1109 1739
436 125 40 17 Den
493 123 26 18 25
536 124 87 18 Oktober.
873 123 41 20 437

114 186 129 22 läroanstalt
262 187 49 22 med
332 188 33 20 ett
383 186 54 22 fåtal
451 187 60 26 lägre
526 187 85 22 klasser
626 186 133 28 småningom
775 187 101 26 utvidgar
890 187 33 27 sig
938 187 7 20 i

115 216 50 21 mån
181 215 24 22 af
219 215 109 22 elevernas
344 215 150 28 uppflyttning.
518 216 136 27 Exempelvis
668 215 37 22 vill
717 216 38 27 jag
771 215 74 22 anföra
860 217 31 20 att
902 216 42 27 pri-

115 245 122 27 vatlyceum
259 244 8 21 i
289 244 134 27 Helsingfors
447 251 26 14 en
496 244 75 27 längre
589 245 33 21 tid
637 245 97 21 saknade
750 244 71 22 elever
836 245 28 26 på
879 245 67 26 några

116 273 23 22 af
160 273 27 21 de
210 273 60 27 lägre
292 273 113 22 klasserna
425 273 39 21 och
485 273 63 22 äfven
567 273 28 27 på
610 274 70 26 någon
697 272 22 22 af
733 273 27 22 de
775 273 73 26 högre,
865 273 27 22 de
908 274 38 21 der

117 302 56 21 dock
189 302 42 21 alla
246 304 61 19 snart
321 301 69 22 blefvo
411 302 82 27 ganska
508 302 36 21 väl
559 301 171 28 freqventerade.
760 301 121 28 Rådfrågar
895 308 50 15 man

117 331 41 22 den
181 331 124 21 statistiska
327 330 103 28 öfversigt
452 330 23 22 af
495 331 258 22 elementarläroverkens
772 331 7 20 i
797 331 90 22 Finland
902 331 42 21 till-

118 359 72 27 stånd,
211 359 155 28 skolstyrelsen
386 359 93 27 utgifvit,
503 359 68 22 finner
585 366 50 15 man
651 361 58 20 ännu
723 359 83 22 mindre
821 360 71 27 någon
908 366 37 15 an-

116 389 88 26 ledning
227 390 32 19 att
278 387 97 29 afstyrka
390 388 127 27 petitionen,
534 390 22 26 ty
576 389 3 20 i
594 389 85 26 Kuopio
695 387 70 22 finska
779 388 83 27 lyceum
877 388 68 21 finnes

118 419 26 19 93
161 417 72 21 elever
247 417 50 21 med
313 417 89 21 svenskt
417 419 58 19 emot
495 419 41 19 114
551 418 50 21 med
615 417 67 21 finskt
697 417 136 21 modersmål.
863 417 40 21 Att
918 417 28 21 då

117 446 45 21 tala
186 452 34 15 om
243 445 110 22 bristande
376 445 181 27 bildningsbehof,
577 448 24 19 är
623 446 66 21 minst
711 446 63 26 sagdt
791 445 153 28 besynnerligt.

117 475 106 21 Häremot
235 474 43 22 kan
292 474 101 28 möjligen
408 474 71 27 någon
494 474 93 22 invända
603 476 33 20 att
651 474 27 22 de
694 476 26 20 93
735 474 118 27 föredragit
863 476 33 20 att
906 480 38 15 un-

118 503 97 22 dervisas
237 503 8 21 i
267 503 37 21 det
325 503 70 21 finska
413 503 134 27 statslyceet,
569 506 28 19 än
611 504 7 21 i
634 503 37 22 det
687 503 92 22 svenska
793 503 152 27 privatlyceet;

117 538 50 16 men
183 532 38 21 det
235 534 24 19 är
274 532 57 21 klart
346 533 33 20 att
395 538 26 16 en
436 532 49 22 med
501 532 178 22 statsunderstöd
694 531 88 22 försedd
797 532 82 21 anstalt
893 532 53 21 lem-

117 568 39 14 nar
171 561 73 21 bättre
259 561 84 27 garanti
358 560 33 22 för
410 561 194 27 undervisningens
619 560 105 27 behöriga
739 560 163 22 handhafvande
918 562 28 19 än

118 596 27 16 en
166 590 71 26 privat
259 589 74 22 sådan.
363 590 72 26 Något
457 590 48 21 skäl
528 592 33 20 att
584 590 71 22 afvika
669 589 48 22 från
731 590 120 21 utskottets
866 589 80 22 vackra

118 619 117 27 grundsats
251 620 32 20 att
300 618 188 27 ,statsunderstöd
504 618 68 28 gifvas
589 619 22 21 ät
625 618 164 28 privatlyceer*,
803 618 73 22 hvilka
890 618 56 21 visat

119 648 33 26 sig
175 646 96 29 uppfylla
293 649 32 19 ett
345 647 94 27 verkligt
452 647 71 27 behof,
542 647 115 22 förefinnes
677 647 86 22 således
778 647 26 27 ej,
821 649 27 19 än
863 646 83 22 mindre

118 676 105 28 förtjenar
245 676 37 22 det
305 676 56 27 goda
383 676 110 27 opartiska
515 676 46 27 råd,
577 676 110 22 utskottet
708 676 76 21 härvid
802 676 59 22 velat
875 675 72 22 lemna

118 705 134 27 regeringen,
269 705 67 27 enligt
350 705 43 21 min
408 705 72 26 tanke,
489 705 68 27 något
573 705 106 21 afseende.
697 704 105 28 Slutligen
817 705 35 21 må
862 706 84 20 anmär-

118 734 39 22 kas
181 735 33 21 att
232 734 28 21 då
279 734 88 21 ståndet
385 734 57 21 visat
462 734 33 26 sig
516 734 28 27 gå
563 734 41 22 den
619 734 70 21 finska
703 733 163 27 befolkningens
882 732 64 22 önsk-

118 763 76 27 ningar
214 762 109 27 tillmötes,
339 762 63 22 torde
421 763 93 21 rättvisa
530 762 40 22 och
585 762 98 28 billighet
697 762 72 22 fordra
783 764 33 20 att
831 761 62 22 äfven
908 761 38 21 nå-

118 793 38 25 got
171 792 80 21 beakta
267 792 26 21 de
309 791 92 22 svenska
416 791 100 22 talandes
532 792 113 22 intressen.
676 791 40 21 Vid
732 790 130 28 föregående
876 790 70 22 landt-

118 820 43 27 dag
175 820 64 22 hafva
254 820 27 22 de
297 820 132 22 sistnämnde
444 820 131 22 åtminstone
590 820 47 22 haft
652 822 33 19 att
699 820 96 27 påräkna
811 820 67 26 några
891 818 55 22 före-

119 848 102 28 språkare
243 849 58 21 inom
321 849 93 27 ståndet,
435 849 40 21 och
492 850 38 21 det
544 856 51 15 vore
610 849 43 27 mig
670 850 32 20 ett
717 848 48 28 nöje
781 850 33 20 att
829 848 32 22 uti
877 848 70 21 denna

120 877 61 28 fråga
195 877 22 21 få
229 878 66 27 något
310 878 93 22 medhåll
418 878 46 21 från
481 878 99 22 ståndets
597 878 53 21 sida.

187 906 57 22 Herr
261 906 143 22 Järnefelt:
425 906 37 22 Uti
478 907 62 21 detta
554 908 96 20 moment
664 906 41 22 har
721 906 106 22 allmänna
842 905 104 22 Besvärs-

118 935 110 21 utskottet
249 935 66 22 bland
338 936 71 25 annat,
427 935 68 28 afböjt
518 936 145 26 petitionerna
679 941 34 15 om
729 935 36 21 det
781 934 120 27 4-klassiga
916 934 30 27 ly-

120 965 59 20 ceets
199 964 8 21 i
227 964 97 21 Joensuu
343 964 130 27 utvidgande
489 964 33 21 till
539 965 32 20 ett
585 963 136 27 fullständigt
737 963 123 26 7-klassigt.
890 962 57 22 Här-

118 993 36 21 vid
169 993 40 21 har
224 993 113 25 utskottet,
355 993 61 26 ,med
433 993 37 21 allt
486 993 138 21 erkännande
640 992 23 22 af
677 992 26 22 de
715 992 133 27 svårigheter
859 997 46 16 som
915 990 33 22 för

119 1021 158 22 innevånarene
295 1022 7 21 i
322 1021 86 22 landets
428 1021 113 28 ostligaste
557 1022 60 21 delar
631 1021 73 22 kunna
719 1027 40 21 ega
773 1027 47 15 rum
836 1020 7 21 i
859 1020 52 27 följd
927 1019 23 22 af

119 1051 41 21 den
177 1051 132 21 närvarande
326 1050 158 21 dislokationen
500 1050 22 21 af
536 1051 111 21 läroverk"
660 1062 27 3 —
704 1049 59 22 stödt
779 1049 39 22 sitt
833 1049 115 27 afböjande

118 1079 101 28 yttrande
234 1079 29 27 på
278 1079 98 22 tillvaron
392 1078 22 22 af
428 1079 26 21 de
467 1079 158 27 jemförelsevis
641 1079 55 21 lätta
710 1078 238 22 kommunikationerne

118 1108 8 21 i
142 1108 64 21 dessa
221 1108 90 27 trakter,
330 1107 109 22 äfvensom
458 1107 58 27 derä,
534 1109 33 20 att
581 1108 85 27 Kuopio
683 1107 217 22 elementarläroverk
914 1105 33 22 för

120 1143 26 15 en
162 1138 46 20 stor
224 1136 35 22 del
275 1136 22 22 af
311 1137 58 21 östra
384 1136 101 22 Finlands
503 1136 124 27 befolkning
641 1136 116 22 förmenats
773 1142 53 15 vara
836 1137 52 20 utan
899 1141 49 22 syn-

119 1165 96 28 nerligen
230 1165 122 28 betydande
366 1165 94 22 kostnad
476 1165 138 27 tillgängligt.

188 1194 63 21 Hvad
274 1194 238 22 kommunikationerna
534 1193 108 28 beträffar,
666 1196 24 19 är
713 1193 36 22 det
767 1193 50 22 fullt
834 1194 65 20 sannt
914 1194 34 20 att

120 1224 60 20 östra
195 1223 90 21 Finland
301 1225 24 19 är
339 1223 96 28 gynnadt
445 1222 23 22 af
473 1222 157 28 jemförelsevis
641 1223 106 26 begväma
757 1223 82 21 sädana
850 1233 26 3 —
887 1228 61 15 nem-

119 1251 58 28 ligen
192 1251 50 22 med
257 1252 97 21 Joensuu
365 1264 34 14 —,
411 1251 113 22 hvaremot
539 1251 112 28 uppgiften
667 1253 33 20 att
707 1251 242 22 elementarläroverket

119 1281 7 20 i
148 1281 86 26 Kuopio
257 1287 50 15 vore
330 1280 33 22 för
386 1281 69 21 denna
478 1280 99 22 landsort
592 1282 52 20 utan
659 1280 123 28 betydande
797 1279 94 22 kostnad
906 1279 43 21 till-

120 1309 97 27 gängiigt
232 1309 49 22 icke
299 1309 203 22 öfverensstämmer
520 1309 49 22 med
584 1309 155 27 verkligheten,
755 1310 23 26 ty
795 1308 26 21 de
844 1307 53 22 allra
912 1308 37 21 fle-

120 1339 34 20 sta
170 1340 58 20 orter
244 1339 59 21 öster
319 1344 34 15 om
368 1338 104 27 Joensuu,
488 1338 64 22 Pielis
565 1337 29 22 elf
607 1338 40 21 och
658 1337 119 28 Pielisjärvi
788 1337 39 27 sjö,
843 1336 63 21 hafva
917 1337 33 21 till

119 1367 86 26 Kuopio
225 1369 32 20 ett
276 1365 86 23 afständ
381 1366 23 22 af
422 1367 98 27 omkring
539 1368 27 20 20
581 1367 37 20 mil
634 1367 40 21 och
690 1365 129 27 derutöfver,
833 1366 24 27 ja
873 1371 26 16 en
915 1365 35 22 del

120 1395 57 21 ända
192 1395 33 22 till
241 1397 27 20 30
283 1395 37 22 mil
335 1395 40 22 och
391 1402 65 15 mera.
489 1395 46 22 Och
557 1395 60 22 detta
632 1395 86 22 afständ
733 1395 76 26 mäste,
827 1400 35 15 om
878 1394 37 21 det
930 1394 19 27 ej

120 1424 55 21 skall
197 1424 66 22 blifva
285 1427 56 18 ännu
365 1425 76 26 större,
462 1424 175 27 tillryggaläggas
657 1424 127 27 landvägen,
801 1423 91 22 emedan
907 1423 43 26 sjö-

118 1453 213 22 kommunikationen
354 1453 91 22 emellan
469 1454 61 20 östra
547 1453 94 21 Karelen
661 1453 41 21 och
722 1452 85 27 Kuopio
827 1453 63 25 tager
909 1452 42 21 den

119 1481 111 27 betydliga
245 1483 104 25 omvägen
371 1480 59 22 öfver
444 1481 94 27 Nyslott,
557 1481 40 21 och
611 1480 108 22 försväras
735 1486 77 21 genom
829 1480 85 27 ombyte
930 1479 23 21 af

118 1509 72 27 fartyg
205 1510 28 26 pä
249 1510 132 21 sistnämnde
397 1511 40 20 ort.
468 1510 127 21 Utskottets
615 1510 127 26 motivering
757 1509 33 21 för
805 1509 51 21 dess
873 1508 77 27 afstyr-

118 1538 78 27 kande,
212 1538 87 22 hvilken
315 1538 37 22 bär
368 1538 51 27 spär
434 1538 22 22 af
470 1540 34 20 att
518 1538 64 22 hafva
597 1538 130 26 tillkommit,
742 1537 34 22 för
787 1539 33 20 att
831 1537 55 22 dock
897 1539 53 25 säga
