1109 1739
231 134 42 19 240
520 136 40 17 Den
579 135 24 18 16
621 136 86 17 Oktober.

202 199 43 26 det,
261 198 49 22 ville
326 198 67 27 enligt
407 198 89 22 friherre
512 199 73 27 Boijes
601 199 80 27 förslag
696 198 98 22 förkasta
808 198 50 21 hela
866 198 161 27 propositionen

202 229 52 19 utan
269 227 72 27 någon
357 227 205 28 detaljgranskning,
578 228 42 21 kan
634 228 38 27 jag
687 228 47 21 icke
743 227 108 27 medgifva
861 229 32 19 att
902 227 65 22 frihet
974 227 52 22 fort-

201 256 89 21 farande
311 257 46 20 står
376 258 69 25 öppen
467 258 32 20 att
518 257 7 21 i
545 256 244 27 författningsförslaget
808 255 68 22 införa
897 256 40 22 den
952 263 74 20 perso-

201 285 50 22 nela
266 285 213 28 taxeringsgrunden,
503 288 53 19 utan
573 286 27 21 då
614 286 68 21 borde
698 291 89 16 snarare
801 285 50 22 hela
865 285 161 27 propositionen

201 314 92 21 förfalla.

270 343 56 21 Herr
345 343 140 22 Mechelin:
516 343 62 22 Efter
598 343 133 22 afslutandet
751 342 23 22 af
791 343 41 21 den
852 343 106 21 allmänna
973 342 53 22 inle-

203 372 70 21 dande
290 373 101 20 debatten
406 372 71 21 måste
492 372 44 26 mig
552 373 126 26 vetterligen
689 372 37 21 full
737 371 66 22 frihet
811 371 32 22 till
851 372 65 21 kritik
924 371 22 22 af
952 371 74 28 hvarje

201 401 103 26 paragraf
318 401 34 21 stå
367 402 76 26 öppen.
475 401 74 21 Skulle
566 401 134 28 proposition
716 401 55 21 efter
787 401 41 21 den
837 401 105 21 allmänna
950 400 76 21 debat-

201 432 37 18 ten
261 429 62 21 hafva
345 429 126 22 framställts
496 430 81 26 derom,
598 431 105 20 huruvida
721 429 161 27 Ridderskapet
901 429 40 21 och
956 429 69 21 Adeln

201 458 125 26 godkänner
341 458 40 22 och
397 459 31 21 till
443 460 70 26 grund
528 458 34 22 för
570 458 104 28 förslaget
681 459 35 21 vill
725 459 64 26 lägga
799 458 40 22 den
848 458 88 27 princip,
945 458 81 27 hvarpå

199 487 105 27 förslaget
326 489 24 19 är
371 488 88 26 byggdt,
484 488 28 20 då
535 488 70 21 skulle
627 488 50 21 herr
697 494 41 15 von
758 487 116 21 Bonsdorff
892 486 63 22 hafva
970 488 54 25 rätt;

200 522 49 15 men
264 516 162 27 propositionen
442 516 39 22 och
497 517 126 27 voteringen
639 516 72 28 gällde
726 516 7 21 i
749 516 76 27 sjelfva
835 516 75 21 verket
920 516 56 21 blott
984 516 41 21 den

200 544 97 22 formella
317 545 59 21 sidan
397 545 23 21 af
437 546 73 26 saken,
528 546 52 21 eller
595 546 134 21 hvilketdera
745 544 132 22 förfarandet
892 551 47 15 man
956 544 68 22 skulle

200 574 103 27 iakttaga,
323 574 97 22 förkasta
436 574 52 22 eller
504 574 119 26 diskutera,
641 575 39 21 och
697 574 84 22 derföre
798 580 62 21 synes
876 574 43 26 mig
934 575 33 20 att
981 574 43 20 kri-

201 603 61 21 tiken
278 602 23 22 af
313 602 114 28 förslagets
444 604 43 20 alla
502 604 60 20 delar
578 606 23 18 är
617 604 44 21 helt
678 604 39 21 och
733 603 68 21 hållet
816 603 33 21 fri.

268 632 56 21 Herr
343 632 189 28 Montgomery:
564 632 41 27 Jag
623 633 39 21 ber
680 632 22 21 få
717 632 86 22 biträda
820 632 62 21 deras
898 631 63 27 åsigt,
978 637 46 15 som

200 662 74 20 ansett
283 663 32 19 att
331 662 39 20 den
386 660 68 22 första
469 662 167 26 omröstningen,
653 661 139 27 hvarigenom
808 660 159 27 Ridderskapet
982 660 40 21 och

200 689 70 21 Adeln
292 690 95 21 beslutat
405 692 32 19 att
456 690 48 22 icke
524 690 158 22 återremittera
697 690 91 22 ärendet
803 689 33 22 för
851 692 33 18 att
898 689 21 21 få
934 691 32 19 ett
980 688 43 22 för-

200 718 47 27 slag
267 718 108 27 grundadt
393 719 29 27 på
439 719 98 27 taxering
553 719 52 21 eller
621 726 70 14 annan
707 718 76 28 grund,
800 721 27 19 än
843 718 66 21 hvarå
924 718 60 21 detta
1000 720 24 19 är

199 747 88 27 byggdt,
302 748 48 20 icke
365 748 87 21 hindrar
467 748 151 26 uppställande
633 748 7 21 i
656 748 27 21 de
699 748 71 21 skilda
786 747 151 27 paragraferna
952 746 23 22 af
987 747 37 20 det

199 775 87 28 förslag,
303 776 52 21 hvar
373 777 40 21 och
429 783 25 15 en
470 777 96 21 ledamot
581 783 64 15 anser
660 777 105 27 lämpligt.
793 776 42 27 Jag
850 776 40 22 har
904 776 48 21 fullt
966 775 58 21 klart

199 804 32 22 för
246 805 44 27 mig
306 807 37 24 att,
361 811 33 15 om
410 806 162 27 Ridderskapet
587 806 40 21 och
642 806 68 21 Adeln
726 812 30 14 nu
771 805 36 21 vid
824 808 7 18 1
847 804 17 28 $,
876 805 71 21 såsom
956 804 68 27 några

199 834 120 21 ledamöter
333 834 68 27 yrkat,
419 834 68 22 skulle
503 835 121 21 bestämma
640 835 32 26 sig
687 834 34 22 för
736 840 27 15 en
779 834 107 27 personell
900 833 69 27 grund
977 833 46 21 helt

199 862 40 22 och
258 862 72 27 hållet,
351 863 25 21 så
395 863 70 21 måste
483 864 34 20 väl
535 863 81 27 följden
631 863 64 21 blifva
711 863 58 21 ändå
784 864 33 20 att
833 862 121 22 återremiss
972 868 51 20 eger

199 898 53 19 rum,
273 893 23 26 ty
315 893 88 25 antages
423 892 35 21 vid
477 892 69 21 första
565 892 160 26 omröstningen
742 898 27 14 en
785 892 67 21 sådan
868 891 74 27 grund,
959 891 25 21 så
999 893 24 19 är

199 920 37 21 det
251 920 57 21 klart
323 922 32 20 att
371 927 25 15 en
413 921 128 26 diskussion,
559 922 132 26 omröstning
707 921 41 21 och
764 920 73 22 beslut
852 926 34 16 om
895 920 26 21 de
929 919 93 28 följande

198 949 153 26 paragraferna
373 952 52 19 nära
444 956 43 20 nog
508 952 23 19 är
552 950 92 27 omöjlig,
661 950 91 21 emedan
769 950 40 20 den
824 949 116 21 innefattar
956 955 26 14 en
998 948 24 21 så

198 977 84 22 radikal
292 977 129 28 förändring.
445 979 50 21 Men
506 979 71 20 denna
586 978 137 28 uppfattning
734 978 70 21 måste
817 977 133 27 naturligtvis
958 976 65 22 blifva

199 1007 162 21 bestämmande
377 1007 33 21 för
426 1013 25 15 en
467 1007 53 22 hvar
534 1007 99 22 medlem.

268 1035 55 21 Herr
337 1042 41 15 von
394 1035 154 22 Bonsdorff:
565 1036 40 21 Om
621 1038 86 19 senaste
717 1035 305 27 omröstningspropositioner

199 1064 69 21 skulle
289 1064 110 27 uppfattas
419 1065 72 20 såsom
511 1065 50 21 herr
579 1065 106 21 Mechelin
700 1071 27 15 m.
744 1064 21 21 fl.
783 1066 77 24 ansett,
877 1064 25 21 så
916 1063 55 22 hade
987 1063 35 21 väl

198 1093 7 20 i
229 1093 48 21 dem
296 1093 64 21 bordt
379 1093 50 27 ingå
443 1093 104 22 förbehåll
564 1093 73 22 derom
653 1095 38 25 att,
707 1093 88 22 hvilken
811 1093 80 27 utgång
907 1093 26 21 de
948 1095 28 18 än
991 1098 31 15 er-

197 1121 64 27 hölle,
279 1122 78 21 sådant
371 1122 48 21 icke
435 1123 69 20 skulle
520 1123 76 20 hindra
612 1123 62 21 deras
691 1122 186 27 återupptagande
893 1121 35 21 vid
937 1121 83 21 diskus-

199 1151 76 20 sionen
291 1151 138 26 paragrafvis.
459 1151 50 22 Men
525 1151 70 21 sävidt
608 1151 38 27 jag
660 1151 43 21 kan
718 1151 103 27 påminna
836 1151 42 26 mig
893 1150 70 27 ingick
973 1149 48 22 icke

198 1179 67 27 något
280 1179 77 22 sådant
372 1179 104 22 förbehåll
491 1180 7 21 i
513 1180 193 27 propositionerne.

266 1208 56 21 Herr
337 1209 208 21 Landtmarskalken
560 1208 122 22 förklarade
697 1208 51 22 med
764 1208 115 27 anledning
894 1207 78 22 afherr
980 1213 41 15 von

197 1237 126 21 Bonsdorffs
340 1237 116 22 anförande
472 1239 38 25 att,
528 1240 51 19 enär
594 1238 7 21 i
617 1237 41 22 den
674 1239 75 20 senast
757 1237 125 26 uppställda
889 1236 132 28 ja-proposi-

197 1266 72 21 tionen
285 1266 48 21 icke
348 1267 137 21 omnämndes
501 1267 68 26 några
583 1267 99 26 grunder,
698 1267 29 26 på
743 1266 73 21 hvilka
832 1266 41 21 den
889 1264 132 28 detaljerade

197 1295 158 26 granskningen
372 1295 23 21 af
407 1295 105 27 förslaget
526 1295 70 21 skulle
612 1295 89 27 stödjas,
711 1294 210 22 Landtmarskalken
929 1294 47 21 icke
984 1299 37 15 an-

197 1323 38 26 såg
259 1323 26 21 de
309 1324 219 26 ståndsmedlemmar,
550 1330 45 15 som
616 1324 35 21 vid
668 1323 226 28 detaljgranskningen
909 1322 72 21 kunde
997 1328 24 15 se

197 1352 33 26 sig
245 1351 120 22 föranlåtne
381 1355 32 18 att
428 1352 118 27 framlägga
559 1353 86 26 förslag,
657 1359 46 15 som
714 1352 64 21 äfven
788 1353 6 20 i
806 1351 102 22 afseende
920 1351 12 21 å
942 1351 78 27 grund-

196 1381 111 26 principen
330 1380 75 23 afveko
425 1381 46 22 från
493 1382 37 21 det
545 1388 28 15 nu
588 1381 146 27 föreliggande
750 1381 145 26 lagförslaget,
911 1387 52 14 vara
978 1379 42 22 för-

196 1409 105 21 hindrade
317 1411 32 20 att
365 1410 64 21 dessa
444 1410 46 21 sina
506 1411 81 26 åsigter
601 1411 75 25 uttala,
693 1409 88 22 hvarför
789 1410 50 21 herr
846 1408 174 23 Landtmarskal-

195 1438 49 26 ken,
269 1440 52 19 enär
342 1440 78 20 tvenne
439 1439 58 21 olika
516 1439 80 26 förslag
614 1445 29 14 nu
662 1439 136 26 framställts,
815 1439 32 20 till
864 1437 88 22 ståndet
966 1437 54 21 först

196 1466 157 22 öfverlemnade
370 1474 26 14 en
412 1468 24 20 så
451 1468 91 26 lydande
558 1467 133 27 proposition
708 1474 35 14 om
760 1467 121 27 antagande
896 1466 23 22 af
932 1467 88 20 kontra-

195 1495 143 27 proposition:

267 1524 66 27 »Den,
356 1530 46 16 som
424 1524 36 22 vill
480 1525 32 21 till
531 1525 214 27 kontraproposition
765 1526 58 20 emot
840 1526 8 19 1
866 1530 62 16 mom.
946 1525 9 19 1
973 1522 11 29 $
1000 1523 22 21 af

195 1552 120 22 utskottets
338 1553 137 23 betänkande
498 1556 79 25 antaga
592 1554 50 21 herr
657 1554 87 22 Taubes
761 1553 80 27 förslag
856 1554 32 21 till
902 1553 81 27 lydelse
999 1553 23 22 af
