1109 1739
412 139 41 17 Den
469 136 11 19 5
497 138 91 18 Oktober.
862 136 26 21 79

156 200 57 23 Herr
228 199 135 28 Järnefelt,
375 200 89 22 Gustaf:
481 201 43 27 Jag
539 201 97 26 begärde
647 200 64 22 ordet
717 200 57 22 blott
782 199 33 23 för
823 202 33 21 att
864 206 54 22 upp-

87 228 48 27 lysa
142 229 51 22 herr
207 229 74 22 Taube
297 235 33 15 om
346 230 32 20 att
393 229 66 27 något
468 229 235 28 stämningsmemorial
713 229 48 22 icke
772 229 104 23 behöfver
885 229 32 22 till

88 257 104 23 domaren
206 258 111 26 inlemnas,
333 257 80 22 sådant
428 260 24 19 är
467 258 33 21 till
518 258 41 22 och
574 259 50 21 med
639 258 68 27 något
723 258 82 27 ganska
816 259 101 26 ovanligt,

87 288 53 20 utan
156 289 77 25 parten
248 286 129 22 framställer
392 287 127 27 muntligen,
536 287 57 22 hvad
608 287 44 22 han
667 287 40 22 har
723 289 33 20 att
771 287 95 28 andraga
876 287 40 22 och

88 315 68 28 derpå
170 317 115 26 uppsättes
301 316 134 27 stämningen
451 315 22 22 af
487 315 111 23 domaren.

156 345 99 22 Friherre
270 350 42 16 von
327 345 81 26 Troil,
425 345 21 21 S.
462 345 44 21 W.:
531 345 43 27 Jag
589 345 94 27 begärde
700 344 69 27 ordet,
785 344 33 22 för
833 346 33 20 att
880 344 36 22 be-

87 374 59 20 möta
160 373 51 22 herr
225 373 74 22 Taube
314 373 7 22 i
337 373 101 22 afseende
453 373 13 22 å
481 373 103 28 kalkylen
599 373 92 22 rörande
706 373 122 22 kostnaden
844 373 32 22 för
891 379 26 16 en

88 401 93 28 skriftlig
196 402 112 27 stämning,
323 409 49 15 men
387 402 40 21 har
442 402 45 22 deri
505 402 68 22 delvis
588 402 70 23 blifvit
673 402 147 22 förekommen
836 402 23 22 af
866 402 51 21 herr

87 430 112 22 Järnefelt.
221 431 42 27 Jag
278 431 36 21 vill
330 431 55 21 dock
400 431 90 27 tillägga
507 432 33 20 att
557 431 41 22 den
614 431 23 21 af
649 431 51 21 herr
715 431 74 21 Taube
800 431 49 21 med
859 432 58 20 rätta

88 460 58 20 emot
160 459 45 27 mig
220 460 112 21 anmärkta
346 460 159 27 kartasigillata
520 460 121 22 kostnaden
657 460 83 27 ganska
755 460 34 21 väl
804 462 112 25 uppväges

87 494 77 21 genom
184 488 41 22 den
245 488 187 28 omständigheten
451 490 33 20 att
500 488 97 28 skriftlig
612 488 109 28 stämning
737 488 66 28 enligt
817 489 37 27 lag
868 488 48 22 icke

88 516 104 23 behöfver
207 517 109 22 tillställas
333 524 76 20 genom
425 517 150 27 nämndeman,
592 520 53 20 utan
661 518 79 21 endast
755 517 23 22 af
787 518 36 21 två
834 519 82 21 trovär-

90 545 49 27 diga
154 552 110 21 personer.
287 546 40 22 Om
341 553 50 15 man
406 546 86 22 således
510 546 82 28 slipper
601 546 74 22 betala
685 546 185 22 nämndemannen
880 546 37 22 det

86 574 79 22 honom
181 574 33 22 för
229 575 146 27 stämningens
391 575 144 22 tillställande
546 576 162 21 tillkommande
719 575 79 22 arvode
809 574 23 22 af
841 576 26 20 10
877 575 39 21 ko-

87 603 43 27 pek
145 603 93 23 förutom
254 604 70 28 skjuts
341 604 40 22 och
397 604 196 27 dagtraktamente,
610 605 25 21 så
649 604 64 22 torde
729 604 61 22 detta
802 603 50 22 fullt
861 605 55 20 mot-

89 638 65 16 svara
169 632 121 22 kostnaden
305 632 33 22 för
353 633 42 21 den
409 633 167 27 kartasigillata,
588 633 81 28 hvarpå
681 633 41 22 den
733 632 106 28 skriftliga
849 634 66 20 stäm-

86 660 79 28 ningen
181 662 55 21 skall
251 662 103 26 utfärdas,
371 662 39 22 der
424 662 67 22 målet
508 664 24 20 är
547 662 24 22 af
583 662 137 27 civilrättslig
735 663 70 20 natur.

156 690 99 22 Friherre
270 690 107 27 Wrede,
393 691 95 27 August:
505 691 43 27 Jag
562 691 41 21 har
617 691 68 22 redan
699 691 7 21 i
723 690 40 22 den
778 690 88 27 komité,
878 689 38 23 der

87 717 104 29 förslaget
210 719 33 21 till
261 718 130 23 förändrade
408 720 164 27 bestämningar
588 726 34 16 om
637 719 176 22 häradsrätterne
828 719 87 21 utarbe-

87 748 51 26 tats,
154 748 68 27 hyllat
238 748 41 22 den
294 748 57 28 åsigt
365 750 32 20 att
413 748 38 22 det
465 754 53 16 vore
532 749 29 27 på
576 749 59 21 tiden
652 748 62 23 äfven
729 748 39 22 hos
785 754 35 16 oss
836 749 34 20 att
884 748 31 21 in-

88 775 48 23 föra
150 776 94 28 skriftlig
259 778 106 26 stämning
381 777 72 22 såsom
464 778 143 27 obligatorisk
617 778 7 21 i
636 778 42 21 alla
688 777 49 27 mål,
748 784 49 15 men
805 777 39 27 jag
854 782 63 16 anser

88 804 8 22 i
110 807 103 21 motsatts
232 806 33 28 till
283 806 50 22 herr
348 806 151 28 Montgomery
515 808 33 20 att
564 806 37 22 det
616 806 40 22 bör
671 806 39 22 ske
726 812 77 21 genom
819 812 27 15 en
862 805 56 22 skild

88 833 131 29 förordning.
243 834 68 23 Äfven
325 835 8 21 i
348 834 89 28 Sverige
452 835 40 21 har
508 834 130 29 paragrafen
647 835 80 21 tolkats
739 835 30 26 så,
782 836 33 20 att
825 841 26 15 en
862 833 56 23 skild

88 862 127 28 förordning
229 865 83 21 ansetts
328 863 65 28 nödig
407 864 74 22 förrän
497 866 34 20 ett
544 864 55 22 måls
615 864 138 28 upptagande
769 864 29 27 på
813 862 70 28 grund
898 862 22 22 af

89 892 92 27 muntlig
198 893 113 27 stämning,
332 892 28 22 då
379 892 38 23 det
434 892 48 22 icke
504 893 78 27 angick
601 893 42 22 hus
663 893 52 22 eller
727 892 56 28 jord,
799 892 73 22 kunde
887 891 31 22 af-

88 920 72 28 böjas;
178 921 37 22 det
231 924 24 19 är
270 921 67 22 också
351 922 40 21 bra
405 922 64 27 länge
482 922 69 22 sedan
563 928 26 16 en
601 922 68 22 sådan
679 921 125 27 förordning
813 921 8 21 i
831 920 89 27 Sverige

89 949 83 27 utkom,
185 950 38 27 jag
238 952 46 19 tror
298 950 24 21 år
336 952 61 25 1830,
414 950 40 22 och
471 950 29 22 då
516 951 42 21 den
573 952 53 20 utan
642 950 115 27 olägenhet
767 950 28 21 då
804 949 73 22 kunde
888 949 31 21 in-

89 977 57 22 föras
163 978 45 27 der,
223 978 67 23 borde
306 979 41 22 den
362 985 30 15 nu
406 979 74 21 kunna
495 979 82 22 införas
593 979 40 22 hos
650 985 42 16 oss.
718 979 41 22 För
774 978 44 22 min
829 977 35 22 del
874 979 46 20 tror

87 1006 39 27 jag
148 1008 34 20 att
199 1007 7 22 i
225 1007 42 22 alla
285 1007 42 22 mål
345 1013 47 16 som
410 1007 111 28 fullföljas,
540 1008 148 22 kostnaderne
708 1008 123 27 derigenom
849 1006 71 22 blefve

89 1035 90 22 mindre.
203 1036 10 21 I
228 1036 74 28 hvarje
317 1036 36 22 fall
368 1037 85 21 komme
468 1036 35 22 för
518 1037 121 22 svaranden
655 1043 26 16 en
696 1043 49 16 resa
761 1038 32 20 att
807 1035 112 28 besparas.

89 1064 49 22 Han
153 1065 70 22 mäste
238 1071 30 16 nu
283 1065 79 22 infinna
377 1065 33 27 sig
425 1065 36 22 vid
475 1065 77 28 tinget,
569 1065 33 22 för
617 1067 33 20 att
664 1066 54 21 höra
733 1065 28 28 pä
771 1064 149 23 mälutdelnin-

90 1099 51 21 gen;
165 1093 41 22 och
225 1093 28 22 dä
271 1094 37 21 det
326 1096 24 19 är
368 1094 81 22 tillätet
466 1093 35 23 för
522 1095 102 22 domaren
643 1096 33 21 att
690 1095 46 21 läta
751 1094 68 21 andra
833 1092 87 23 utfärda

90 1122 109 27 stämning
214 1122 41 23 och
270 1123 73 22 säsom
355 1123 37 28 jag
407 1125 52 25 tror,
473 1123 40 22 det
524 1125 24 20 är
559 1124 79 21 allmän
648 1123 71 28 praxis
730 1125 32 20 att
772 1123 147 25 länsmännen,

90 1150 54 23 hvar
149 1146 13 38 i
181 1153 38 20 sitt
235 1151 92 28 distrikt,
346 1151 64 22 hafva
421 1151 62 22 detta
494 1152 101 27 uppdrag
605 1152 24 22 af
637 1151 203 28 häradshöfdingen,
852 1150 68 22 borde

90 1179 122 23 kostnaden
227 1180 33 22 för
275 1181 146 27 stämningens
437 1180 144 23 anskaffande
597 1181 18 28 ej
631 1181 68 22 heller
714 1180 66 23 blifva
795 1182 53 19 stor.
878 1179 42 27 Jag

89 1208 40 22 har
147 1209 121 22 emellertid
284 1209 94 22 hvarken
398 1209 41 22 här
454 1209 55 22 eller
524 1210 7 21 i
546 1210 111 22 utskottet
671 1209 58 23 velat
743 1209 95 22 vidhälla
853 1207 66 27 sagde

89 1237 43 22 min
156 1237 63 28 äsigt,
243 1237 91 23 emedan
356 1238 85 27 menige
463 1245 52 15 man
533 1239 40 21 bra
591 1239 88 21 allmänt
697 1238 36 22 vill
751 1236 109 24 bibehålla
878 1236 42 22 den

89 1266 105 28 muntliga
209 1267 142 27 stämningen,
367 1267 41 22 och
423 1267 73 22 skälet
513 1267 71 22 dertill
600 1267 68 22 finner
680 1267 38 28 jag
734 1267 51 26 deri,
802 1267 34 20 att
846 1266 74 26 egent-

89 1295 57 27 ligen
161 1295 48 22 icke
224 1296 73 27 hvarje
312 1296 74 21 tionde
401 1295 49 26 mäl,
467 1302 49 15 som
532 1296 91 22 sälunda
638 1298 109 25 stämmes,
757 1296 98 21 kommer
864 1293 56 22 inför

88 1325 65 20 rätta.
177 1325 105 21 Parterna
296 1324 89 23 förlikas
401 1325 141 22 sinsemellan
558 1325 40 22 och
614 1325 122 22 domstolen
747 1324 33 22 fär
790 1323 70 27 aldrig
870 1324 50 20 veta

89 1352 23 22 af
125 1352 72 27 mälet,
213 1359 50 16 men
277 1353 76 22 funnes
370 1353 37 22 det
423 1353 95 28 skriftlig
534 1354 114 27 stämning,
665 1353 25 22 sä
705 1353 69 22 skulle
789 1352 67 22 mälet
866 1357 54 22 upp-

88 1387 72 45 kii
180 1382 41 22 och
238 1382 53 23 hvar
306 1382 42 23 och
363 1389 27 16 en
405 1381 22 23 fä
441 1382 48 22 lösa
507 1383 39 22 sitt
560 1383 115 27 protokoll.
706 1382 29 23 Sä
749 1382 40 22 har
801 1381 39 28 jag
855 1379 66 23 fattat

89 1416 74 17 saken.

158 1439 61 22 Efter
238 1439 90 23 Härmed
347 1439 95 22 afslutad
461 1439 128 23 diskussion
607 1439 112 29 upplästes
739 1439 32 22 till
785 1437 135 24 besvarande

89 1474 27 16 en
130 1468 137 27 proposition
281 1468 23 22 af
317 1468 93 28 följande
425 1467 109 23 innehäll:

159 1514 10 9 »
173 1496 130 23 Godkänner
323 1496 161 28 Ridderskapet
501 1497 41 23 och
557 1496 70 23 Adeln
647 1496 119 24 utskottets
782 1493 139 25 betänkande

88 1525 93 22 rörande
197 1526 13 20 2
226 1524 11 28 $
253 1527 25 20 11
294 1526 49 26 kap.
360 1526 25 21 R.
401 1525 36 27 B.;

158 1554 75 22 vinner
252 1554 41 28 nej,
315 1554 172 22 äterremitteras
508 1554 129 28 paragrafen
658 1554 33 22 till
710 1554 114 25 utskottet,
841 1551 34 22 för
890 1553 32 20 att
