1109 1739
409 125 40 18 Den
467 122 25 20 18
509 124 88 19 Oktober.
857 122 41 21 287

101 190 69 20 sätter
184 187 79 22 honom
279 187 66 27 enligt
361 187 43 22 min
419 187 57 27 åsigt
490 187 8 21 i
514 187 48 22 sina
578 187 103 21 åhörares
697 187 72 22 tanke.
799 187 48 22 Han
858 187 68 22 borde

101 217 48 22 icke
172 217 47 22 visa
243 216 32 27 sig
298 222 51 16 vara
371 216 72 22 fästad
461 216 24 21 så
500 216 87 28 mycket
601 215 36 22 vid
653 216 37 21 det
705 216 120 22 materiella
839 217 7 21 i
860 215 66 27 lifvet,

101 252 47 17 som
170 245 49 23 icke
239 251 62 17 mera
323 244 36 23 vid
375 245 38 22 det
427 251 47 16 som
488 245 42 22 hör
544 245 34 21 till
592 245 54 21 hans
662 244 91 28 uppgift,
769 245 107 28 nemligen
891 245 37 22 det

102 275 97 28 andliga;
222 281 49 16 men
295 273 28 22 då
347 273 71 22 dertill
440 274 98 22 kommer
553 275 34 20 att
601 273 65 22 bland
682 273 65 22 dessa
762 273 90 22 åhörare
867 273 61 22 alltid

102 303 69 23 finnas
195 303 88 27 sådana,
307 309 47 16 som
376 309 67 21 gerna
457 303 52 27 vilja
524 303 70 27 slippa
608 303 50 21 med
673 302 26 22 så
713 302 50 23 litet
777 309 47 15 som
838 303 89 27 möjligt,

102 333 42 22 och
166 334 95 26 presten,
285 337 35 16 om
341 331 43 22 han
407 331 49 22 icke
478 334 25 19 är
525 331 90 22 alldeles
632 331 44 27 flat,
693 333 39 26 gör
747 338 27 15 en
789 331 139 27 anmärkning

102 361 105 28 deröfver,
230 361 25 22 så
277 361 80 22 väcker
380 361 38 22 det
440 360 64 28 split;
520 362 39 26 gör
573 360 44 22 han
632 361 97 21 deremot
744 360 48 22 icke
807 361 70 27 någon
891 367 36 15 an-

102 391 120 26 märkning,
242 390 25 22 så
285 389 86 22 förakta
389 389 27 22 de
431 389 87 27 honom,
535 389 90 22 emedan
641 389 27 22 de
683 395 53 16 anse
751 389 78 22 honom
844 389 32 22 för
892 395 36 16 en-

103 419 67 27 faldig
186 419 41 21 och
242 425 59 21 svag.
332 418 87 27 Otaliga
434 417 38 22 fall
487 418 74 22 kunde
576 417 137 28 framställas,
730 419 38 21 der
783 425 82 15 samma
874 424 54 21 upp-

102 448 114 22 bördssätt
237 448 44 21 kan
303 447 50 22 leda
374 447 34 21 till
431 447 51 27 split
498 447 41 22 och
554 447 101 27 missnöje
671 447 91 22 emellan
777 446 151 28 församlingen

104 477 40 21 och
159 478 96 26 pastorn.
286 475 91 23 Derföre
392 476 67 27 vågar
471 476 44 27 jag,
531 477 54 21 utan
599 476 101 22 afseende
716 476 51 22 derå
783 482 34 16 om
831 476 37 22 två
876 475 52 23 eller

104 506 52 22 flere
173 506 64 21 stånd
253 506 58 21 sätta
327 505 32 27 sig
375 507 58 19 emot
449 504 38 22 det
502 504 24 22 af
538 505 45 27 mig
598 504 97 28 åsyftade
715 505 135 27 stadgandet,
865 504 63 23 vörd-

104 536 56 20 samt
170 534 71 22 uttala
253 534 44 22 min
311 534 56 27 åsigt
380 540 35 15 om
428 534 75 26 saken,
518 534 41 22 och
570 534 97 22 anhåller
677 536 33 20 att
721 534 26 22 de
757 534 169 27 Ridderskapets

104 564 40 22 och
152 563 81 22 Adelns
238 562 144 28 medlemmar,
387 562 74 22 hvilka
467 562 49 22 dela
521 563 71 21 denna
597 563 62 27 åsigt,
666 563 51 22 ville
725 562 74 22 derom
808 563 33 27 sig
848 562 79 22 förena.

173 592 58 22 Herr
244 591 193 29 Björkenheim:
467 592 43 27 Jag
522 591 58 23 hade
590 592 47 22 icke
648 593 59 23 trott,
718 593 34 20 att
761 592 38 27 jag
808 592 40 21 här
858 591 70 22 skulle

105 620 92 23 behöfva
211 621 62 21 träda
288 620 8 22 i
310 620 83 22 försvar
407 620 34 22 för
457 620 42 22 den
514 621 59 27 åsigt
585 621 38 27 jag
635 621 81 21 uttalat
727 627 34 15 om
769 621 38 22 det
814 620 114 28 olämpliga

104 650 8 22 i
127 650 37 22 det
185 649 126 23 nuvarande
333 649 181 28 uppbördssättet
536 650 34 22 för
589 650 189 27 prestaflöningen,
798 650 40 22 och
860 649 68 27 aldrig

104 678 56 23 hade
173 679 38 27 jag
226 680 61 25 trott,
303 680 34 20 att
358 679 32 21 ett
409 678 80 22 sådant
504 678 85 22 försvar
603 678 70 22 skulle
689 678 102 22 behöfvas
807 680 57 20 emot
878 678 50 22 herr

104 708 81 26 Taube,
208 707 87 22 hvilken
316 707 78 22 liksom
409 707 38 27 jag
462 707 121 28 tillbringat
599 708 38 21 sitt
651 707 26 22 lif
689 708 28 27 på
732 708 74 21 landet
821 707 40 22 och
875 707 53 21 kän-

105 743 39 15 ner
158 736 129 22 hithörande
302 735 148 23 förhållanden
465 736 45 22 lika
525 736 35 22 väl
576 736 39 22 och
631 736 72 22 bättre
719 738 27 20 än
759 736 43 28 jag,
819 742 47 16 som
875 736 52 21 kän-

105 772 39 15 ner
159 766 43 21 alla
217 766 26 21 de
259 765 91 27 obehag,
360 765 43 21 alla
411 765 26 21 de
446 765 142 27 rättegångar
596 765 40 22 och
644 771 115 21 processer
771 772 46 15 som
824 764 104 28 uppkom-

106 794 40 22 mit
160 794 92 22 emellan
266 794 112 27 löntagare
393 794 42 21 och
449 794 120 27 löngifvare
584 794 32 22 till
631 794 53 28 följd
700 794 23 22 af
737 794 60 22 detta
809 794 119 27 uppbörds-

106 824 51 21 sätt.
186 823 57 22 Herr
265 823 73 21 Taube
360 823 41 21 har
422 822 48 22 icke
492 822 60 23 velat
573 823 57 22 fästa
652 823 102 22 afseende
772 823 37 23 vid
823 822 57 22 hvad
892 822 38 28 jag

106 853 68 27 yttrat
189 858 35 15 om
239 853 34 20 att
286 852 67 21 redan
368 850 191 29 öfverläggningen
578 852 57 22 inom
652 852 157 28 församlingen,
825 852 105 21 huruvida

106 882 63 26 prest
183 880 56 22 skall
253 880 64 22 hafva
331 880 105 27 rättighet
451 882 32 20 att
499 880 54 22 bära
568 888 43 20 upp
626 881 33 21 sin
675 881 92 27 aflöning
783 880 54 28 sjelf,
854 882 32 20 att
896 886 33 16 re-

109 910 42 21 dan
173 910 71 21 denna
261 908 161 28 öfverläggning
436 909 43 21 kan
495 908 114 23 framkalla
623 910 110 27 missämja
748 910 90 22 emellan
852 910 79 20 honom

109 938 41 22 och
171 938 160 27 församlingen.
361 938 44 21 Det
424 940 25 19 är
464 938 127 27 obehagligt
605 938 33 22 för
653 938 151 28 församlingen
819 940 33 20 att
866 940 65 25 vägra

107 967 60 22 bifall
189 967 34 21 till
245 973 27 16 en
293 966 24 22 af
335 968 89 26 presten
445 966 124 22 framställd
584 967 101 22 anhållan
699 967 8 22 i
723 968 60 21 detta
799 967 61 28 syfte.
891 966 40 22 Om

108 998 81 25 vägran
205 995 55 22 dock
275 995 57 27 sker,
347 995 43 22 kan
405 995 62 22 deraf
480 996 83 27 uppstå
577 996 114 28 missämja,
708 997 41 21 och
764 1003 34 14 om
813 995 117 22 församlin-

108 1031 48 21 gen,
172 1024 33 22 för
221 1026 32 20 att
267 1024 49 22 icke
331 1023 92 23 behöfva
438 1024 57 22 neka
511 1025 39 21 sitt
564 1025 59 22 bifall
639 1025 32 22 till
687 1025 42 22 den
743 1024 135 23 framställda
893 1031 37 15 an-

107 1053 78 27 hållan,
201 1053 50 22 med
265 1053 54 22 liten
333 1053 111 27 pluralitet
463 1053 127 27 godkänner
607 1054 130 27 densamma,
753 1055 25 20 så
792 1054 84 27 tvingas
891 1053 39 21 mi-

107 1083 109 21 noriteten
231 1083 33 20 att
278 1081 93 28 fullgöra
385 1082 34 21 sin
435 1081 230 29 aflöningsskyldighet
678 1083 29 27 på
723 1085 32 20 ett
769 1084 51 25 sätt,
837 1089 46 15 som
898 1081 32 22 för

108 1111 130 26 densamma,
261 1111 67 27 enligt
342 1111 45 21 min
401 1111 146 28 uppfattning,
570 1112 7 21 i
593 1111 26 22 de
641 1111 64 22 flesta
726 1111 37 22 fall
785 1112 95 21 kommer
898 1112 33 21 att

107 1139 90 22 framstå
219 1139 72 22 såsom
314 1139 81 27 odiöst;
415 1146 49 15 men
483 1140 41 27 jag
545 1141 82 27 hoppas
644 1141 37 22 det
697 1141 18 28 ej
733 1143 23 20 är
776 1140 23 22 af
812 1140 70 22 nöden
898 1141 32 20 att

108 1169 53 22 orda
176 1175 34 15 om
227 1168 70 22 denna
312 1169 45 21 sak.
388 1168 40 22 Om
443 1169 21 22 vi
482 1169 71 22 skulle
569 1170 28 26 gå
604 1169 89 22 tillbaka
708 1169 32 22 till
750 1171 53 20 1867
815 1169 35 22 års
860 1169 70 21 landt-

108 1198 48 27 dag,
171 1203 52 17 vore
237 1197 22 22 vi
273 1197 8 21 i
296 1197 83 22 tillfälle
394 1199 33 20 att
441 1197 55 22 höra
511 1198 128 22 uttalanden
653 1199 57 21 inom
721 1197 163 24 Presteståndet
896 1203 34 16 om

108 1227 60 22 detta
190 1225 155 28 aflöningssätt,
367 1232 47 16 som
429 1226 68 22 borde
514 1227 110 28 öfvertyga
639 1227 62 23 äfven
717 1227 41 22 den
772 1233 47 16 som
833 1226 48 22 icke
896 1232 34 15 om

107 1256 64 21 dessa
185 1255 149 22 förhållanden
348 1255 41 21 har
403 1257 100 20 närmare
518 1256 128 22 kännedom.

175 1284 157 21 Diskussionen
353 1283 132 22 förklarades
510 1291 29 15 nu
562 1284 100 28 afslutad,
684 1284 109 23 hvarefter
807 1283 33 23 till
854 1283 76 22 besva-

106 1313 67 22 rande
188 1313 113 27 upplästes
318 1319 26 15 en
358 1313 135 27 proposition
510 1313 23 22 af
545 1313 94 28 följande
654 1314 103 21 innehäll:

176 1342 67 32 Den,
259 1347 47 16 som
321 1341 126 28 godkänner
455 1343 12 20 2
475 1348 65 16 mom.
550 1342 23 22 af
581 1344 26 20 14
619 1342 10 29 $
640 1342 7 22 i
657 1343 119 22 utskottets
786 1341 144 27 betänkande,

106 1377 75 16 svarar
193 1377 33 21 ja;

173 1399 76 22 vinner
262 1399 42 27 nej,
320 1398 107 22 uteslutes
441 1401 122 20 momentet
577 1406 26 15 ur
616 1399 149 28 paragrafen".

174 1428 31 21 Pä
227 1428 96 27 begäran
346 1427 119 22 anställdes
480 1429 101 26 votering
597 1435 35 16 om
648 1429 70 22 denna
732 1428 140 29 proposition,
890 1427 40 22 och

106 1456 28 22 dä
156 1457 71 21 denna
248 1455 63 23 utföll
328 1456 50 21 med
394 1458 12 19 6
419 1456 24 27 ja
459 1457 42 21 och
518 1459 26 20 18
559 1457 42 27 nej,
617 1457 56 22 hade
689 1458 85 22 säledes
789 1457 89 22 ständet
892 1456 37 22 be-

105 1485 69 22 slutat
189 1487 34 20 att
245 1486 6 20 2
265 1490 63 16 mom.
345 1484 67 22 borde
427 1491 26 15 ur
469 1486 28 20 14
508 1480 10 37 &
539 1486 114 22 uteslutas.

174 1514 42 21 Vid
224 1513 11 28 $
244 1515 25 20 15
279 1513 111 22 anmärkte
397 1513 51 22 herr
458 1513 195 29 Björkenheim,
661 1515 34 27 R.,
704 1516 32 20 att
744 1520 26 16 en
781 1513 148 23 omredaktion

105 1542 23 22 af
141 1542 71 22 denna
232 1541 102 28 paragraf
347 1542 50 22 med
411 1542 119 28 anledning
545 1542 24 22 af
588 1543 99 23 ständets
703 1544 41 21 sist
758 1543 84 22 fattade
857 1542 73 22 beslut
