1109 1739
233 141 42 21 142
530 142 42 19 Den
589 141 23 20 11
631 143 86 18 Oktober.

202 207 37 22 det
260 206 49 22 icke
323 212 51 16 vara
388 206 99 29 lämpligt
501 208 34 20 att
550 207 50 22 med
615 208 66 27 öppet
697 207 42 27 öga
753 205 34 23 för
801 204 158 29 inkonseqvens
974 204 53 28 göra

202 235 33 28 sig
251 235 83 28 skyldig
349 235 78 22 dertill.

270 264 56 22 Herr
347 271 42 15 von
411 264 120 22 Alfthan:
562 265 51 22 Som
628 264 130 23 ordförande
774 263 32 22 uti
822 263 41 22 den
877 262 87 27 komité,
981 269 46 15 som

202 292 23 23 af
241 293 105 28 styrelsen
366 293 98 22 nedsatts
483 293 33 22 för
532 295 33 20 att
580 294 101 21 utarbeta
695 293 83 27 förslag
793 293 32 21 till
841 293 40 21 den
896 299 29 14 nu
940 291 87 27 förelig-

203 322 69 27 gande
287 322 78 27 nådiga
379 322 168 28 propositionen,
564 323 96 21 anhåller
673 323 36 27 jag
725 324 59 19 ännu
799 323 33 20 att
844 321 58 22 fästa
911 320 115 28 uppmärk-

203 351 111 22 samheten
335 351 72 27 derpå,
431 353 33 20 att
486 351 38 22 det
546 351 81 28 tillägg,
651 357 46 16 som
718 350 170 23 kommissionen
910 349 68 26 ansåg
993 349 33 26 sig

201 380 55 21 böra
278 381 52 26 göra
351 380 33 21 till
407 380 38 21 sitt
467 379 87 28 förslag,
577 380 113 27 nemligen,
711 381 34 20 att
761 379 42 22 den
818 385 41 22 nya
873 377 154 28 författningen

203 408 70 22 skulle
296 415 40 21 ega
357 409 92 22 bestånd
471 409 69 22 under
559 411 33 20 ett
610 409 55 22 visst
683 409 58 22 antal
761 408 25 22 år
801 408 40 21 och
857 407 81 22 hvilket
952 406 74 27 tillägg

203 437 86 27 gjordes
303 437 56 21 blott
373 437 34 22 för
421 439 33 20 att
469 439 52 26 göra
536 438 105 27 förslaget
655 444 59 15 mera
730 436 138 28 acceptabelt
882 435 32 23 för
930 436 36 21 det
973 435 54 27 hög-

203 466 89 26 vördiga
314 466 93 26 ståndet,
430 466 46 22 från
495 467 84 21 hvilket
597 468 37 20 det
652 468 81 20 största
752 465 134 22 motståndet
900 465 69 21 måste
984 463 43 22 för-

203 496 83 25 väntas,
302 494 23 22 af
337 495 126 27 regeringen
478 495 70 22 blifvit
563 496 91 26 struket,
671 496 40 21 och
726 496 34 20 att
776 495 70 21 denna
860 493 136 27 utstrykning
1007 492 23 22 af

203 523 108 22 utskottet
331 523 70 22 blifvit
422 524 106 28 godkänd.
559 525 34 21 Då
616 524 118 22 emellertid
752 524 50 21 hela
817 523 114 27 förslagets
947 522 81 26 utgång

202 552 150 26 väsendtligen
369 553 43 21 kan
430 560 51 14 vara
496 553 63 22 häraf
573 554 113 26 beroende,
703 553 25 22 så
742 552 70 22 finnes
828 552 25 22 så
868 551 84 29 mycket
968 556 59 16 mera

203 581 115 27 anledning
333 583 32 20 att
381 582 86 22 afvakta
481 582 57 22 hvad
553 582 164 22 Presteståndet
733 582 47 21 deri
795 581 103 26 besluter,
914 586 46 16 som
975 579 52 22 Rid-

204 610 117 28 derskapet
343 610 40 22 och
406 611 68 21 Adeln
497 611 64 27 eljest
578 612 84 21 komme
681 613 32 19 att
727 610 48 23 föra
791 617 26 15 en
832 610 102 26 temligen
949 608 79 27 onödig

205 639 135 27 diskussion
336 634 10 37 ;
353 640 38 27 jag
406 640 69 22 måste
491 640 84 22 derföre
590 640 95 22 vidhålla
699 640 50 21 mitt
763 638 88 28 förslag.

273 668 56 22 Herr
350 674 41 16 von
413 668 125 22 Hellens:
569 669 42 27 Jag
633 669 38 22 ber
694 669 78 22 endast
787 670 33 20 att
835 668 7 21 i
857 668 41 21 allo
913 667 23 21 få
949 666 78 22 under-

204 696 72 28 stödja
290 696 51 22 herr
354 697 118 22 Mechelins
487 698 102 27 yrkande.

272 725 51 22 Med
345 726 113 27 anledning
474 726 22 22 af
510 726 27 22 de
552 728 69 20 under
637 727 69 22 denna
720 726 126 22 diskussion
860 725 76 28 gjorda
950 724 76 28 yrkan-

205 753 41 23 den
268 755 28 27 på
318 754 93 28 uppskof
431 756 48 21 med
501 755 87 28 frågans
611 756 136 26 bebandling,
772 755 41 21 och
836 754 68 22 sedan
923 753 49 22 herr
986 759 41 15 von

204 782 111 22 Alfthan
335 784 78 22 uttalat
435 784 32 22 sin
486 785 83 21 önskan
587 786 33 20 att
635 783 308 28 omröstningspropositionen
958 782 69 22 skulle

205 812 120 27 uppställas
341 812 30 27 så,
388 814 33 20 att
436 819 34 15 om
484 814 38 21 det
536 814 96 27 begärda
647 813 131 28 uppskofvet
793 812 48 22 icke
856 812 69 22 skulle
935 810 91 26 bifallas,

205 840 129 22 åtminstone
353 842 112 27 möjlighet
484 844 56 20 ännu
556 842 70 22 skulle
642 842 82 22 återstå
740 844 33 19 att
788 841 22 22 få
824 840 76 28 frågan
914 839 112 27 bordlagd,

204 868 31 22 lät
250 869 51 22 herr
315 870 206 22 Landtmarskalken
537 871 33 22 till
585 872 134 21 besvarande
734 870 105 28 uppläsas
855 876 27 16 en
897 869 25 21 så
936 868 91 28 lydande

205 898 144 28 proposition:

276 927 65 27 »Den,
357 934 47 15 som
418 934 30 16 nu
463 928 52 22 eller
530 928 55 22 efter
600 929 123 27 ytterligare
739 927 158 27 bordläggning
912 926 36 22 vill
963 926 64 26 ingå
1015 922 15 38 i

203 954 159 29 handläggning
377 956 23 22 af
413 959 156 20 sammansatta
583 957 56 28 Lag-
655 957 40 22 och
709 956 227 23 Ekonomiutskottets
951 955 75 21 betän-

205 984 71 22 kande
292 985 109 27 angående
416 986 178 27 Presterskapets
610 986 99 27 aflöning,
725 992 76 16 svarar
815 985 31 28 ja;

273 1013 75 22 vinner
365 1014 41 27 nej,
423 1014 73 22 anstår
511 1015 50 21 med
575 1015 157 27 behandlingen
748 1014 23 22 af
785 1013 91 23 berörda
890 1011 137 24 betänkande

206 1041 33 22 till
262 1042 49 21 dess
334 1042 160 29 Ridderskapet
516 1044 41 21 och
575 1044 69 22 Adeln
662 1043 87 22 undfått
765 1043 35 22 del
815 1042 23 22 af
850 1041 176 23 Presteståndets

203 1069 73 23 beslut
291 1071 7 21 i
313 1070 94 28 frågan".

273 1099 34 22 Då
326 1100 69 21 denna
413 1101 133 27 proposition
564 1101 129 22 besvarades
713 1101 49 22 med
779 1099 155 28 öfvervägande
948 1099 24 28 ja
986 1098 41 22 och

205 1126 85 24 således
312 1128 66 27 något
399 1129 96 28 uppskof
510 1131 49 21 med
574 1129 76 28 frågan
665 1131 47 21 icke
727 1129 72 22 skulle
813 1129 159 27 ifrågakomma,
989 1134 37 15 an-

205 1156 44 22 höll
271 1157 51 22 herr
339 1164 40 15 von
399 1158 87 22 Alfthan
504 1165 34 15 om
554 1159 101 22 ärendets
670 1159 159 27 bordläggning
844 1157 33 22 till
892 1159 64 20 nästa
971 1163 55 15 sam-

204 1185 119 22 manträde.

273 1214 56 22 Herr
343 1215 146 23 Järnefelt:
505 1217 43 27 Jag
563 1217 69 22 skulle
647 1217 33 22 för
695 1216 66 28 öfrigt
775 1216 76 23 förena
865 1215 43 27 mig
918 1214 49 22 med
977 1214 50 22 herr

206 1249 42 15 von
263 1243 92 27 Alfthan,
371 1250 48 16 men
435 1245 95 22 anhåller
546 1248 33 19 att
594 1247 89 20 ärendet
697 1246 67 21 måtte
779 1245 131 26 bordläggas
925 1243 33 22 till
973 1243 54 22 sista

205 1273 169 22 sammanträdet
388 1273 7 21 i
411 1275 62 20 nästa
488 1274 73 22 vecka.

273 1301 98 22 Friherre
387 1309 41 15 von
442 1303 82 26 Born,
540 1303 86 22 Viktor:
657 1303 43 22 Det
714 1303 110 22 förefaller
838 1302 43 27 mig
896 1307 46 16 som
958 1307 33 15 om
1000 1299 27 23 de

205 1328 66 33 ärade
286 1329 80 28 herrar,
381 1331 72 22 hvilka
468 1332 78 27 begärt
560 1332 160 27 bordläggning,
736 1331 71 22 skulle
822 1331 50 27 vilja
882 1336 104 21 poussera
994 1329 33 27 sig

205 1356 32 23 till
259 1356 73 29 något,
356 1365 45 16 som
422 1360 159 28 Ridderskapet
599 1361 40 22 och
656 1361 68 22 Adeln
741 1361 50 21 icke
806 1360 58 22 velat
878 1357 79 24 bifalla.
988 1358 39 21 Om

205 1385 156 29 bordläggning
383 1388 56 22 skall
461 1389 45 27 ske,
529 1390 68 21 borde
615 1390 41 21 den
671 1390 48 21 icke
729 1390 40 21 ske
785 1389 75 27 längre
875 1389 28 20 än
917 1387 33 22 till
965 1389 62 20 nästa

206 1416 165 21 sammanträde.

271 1444 58 32 Herr
351 1445 163 28 Furuhjelm,
537 1447 56 22 Elis:
623 1447 104 22 Anhällan
750 1453 35 16 om
809 1448 33 20 ett
857 1443 91 24 ärendes
963 1445 63 22 bord-

205 1472 101 27 läggning
321 1472 68 24 mäste
405 1475 135 27 naturligtvis
555 1482 63 16 anses
634 1476 73 28 hvarje
722 1475 93 22 medlem
830 1474 152 24 tilläten;
942 1468 35 41 men
991 1473 37 21 det

204 1500 109 23 förefaller
335 1502 42 27 mig
399 1509 47 16 som
468 1510 40 20 om,
524 1504 93 22 ledsamt
631 1511 49 23 nog,
697 1505 26 22 de
738 1504 67 22 ärade
820 1503 144 26 medlemmar,
981 1508 46 16 som

205 1530 62 27 yrkat
285 1530 29 27 pä
333 1530 160 30 bordläggning,
509 1533 123 28 derigenom
647 1534 48 23 ville
710 1532 76 24 utöfva
802 1539 26 16 en
843 1531 141 29 pätryckning
999 1532 27 27 pä
