1109 1739
408 116 40 18 Den
465 114 12 19 5
493 115 90 19 Oktober.
861 115 26 20 71

89 179 117 27 trakterna,
222 178 138 27 hvarigenom
384 185 27 15 en
430 178 79 28 dyrbar
529 179 33 21 tid
578 178 70 22 skulle
663 178 29 27 gå
706 178 105 27 förlorad;
827 179 42 23 och
885 185 34 16 om

90 208 77 21 endast
182 210 33 20 tre
232 207 181 27 sammanträden,
433 207 73 22 såsom
520 209 167 20 reservanterne
702 207 119 27 föreslagit,
837 209 29 27 på
880 208 39 22 hö-

88 238 49 20 sten
153 237 70 22 skulle
239 242 41 21 ega
294 243 53 20 rum,
364 235 76 22 funnes
457 236 37 21 det
509 238 102 25 nogsamt
625 236 33 21 tid
674 236 77 27 dertill,
769 237 62 21 äfven
846 244 35 15 om
892 237 27 22 de

88 265 70 22 skulle
181 265 61 28 börja
265 265 42 21 den
328 267 24 19 15
374 265 129 27 September
522 265 41 22 och
583 265 125 22 sedermera
725 271 82 16 samma
823 265 96 23 datum
905 261 19 36 i

89 295 98 21 Oktober
203 294 40 21 och
258 293 127 27 November,
401 293 100 22 hvarföre
514 293 39 28 jag
568 294 66 27 vågar
647 294 82 27 påyrka
740 296 33 19 att
781 294 61 21 detta
850 295 68 20 måtte

89 323 78 22 ändras
190 323 7 21 i
219 322 96 27 enlighet
329 323 50 21 med
394 322 57 22 hvad
464 322 39 27 jag
518 322 47 22 haft
579 324 53 20 äran
647 322 80 23 föreslå
743 323 40 22 och
798 323 120 22 betänkan-

90 352 38 22 det
142 353 7 20 i
165 352 80 21 sådant
260 351 102 22 afseende
378 351 171 22 återremitteras
565 351 33 22 till
613 351 162 28 Lagutskottet.

156 380 99 22 Friherre
270 380 129 27 Hisinger
417 380 152 22 understödde
583 380 51 21 herr
649 379 116 23 Järnefelts
782 380 89 27 förslag.

155 409 57 22 Herr
230 409 146 22 Mechelin:
407 409 42 22 För
467 409 45 21 min
531 409 36 22 del
581 409 40 21 ber
633 409 39 27 jag
687 409 22 21 få
723 409 86 22 biträda
825 409 26 22 de
866 415 50 21 nyss

87 438 100 22 bemälde
201 439 170 25 reservanterne,
387 444 53 20 som,
449 437 57 21 hvad
515 437 61 22 tiden
588 437 34 22 för
629 437 150 27 höstetingens
788 438 130 27 vidtagande

88 467 73 27 angår,
178 466 192 22 öfverensstämma
385 466 49 22 med
449 466 156 22 betänkandet.
631 466 42 22 För
687 466 134 22 närvarande
829 466 89 28 vidtaga

84 496 26 27 ju
125 496 137 26 höstetingen
274 495 80 27 jemväl
374 494 47 22 från
439 495 77 27 början
536 494 23 22 af
576 494 134 28 September,
727 495 40 21 och
783 502 77 20 genom
876 495 41 22 den

86 524 131 27 förändring,
241 530 46 15 som
309 530 29 15 nu
361 526 24 20 är
399 524 131 27 föreslagen,
547 524 70 22 skulle
633 523 33 23 för
681 524 43 21 alla
739 524 115 27 domsagor
868 524 49 22 med

86 554 58 21 blott
162 554 33 20 ett
213 552 95 28 tingslag
327 553 48 22 icke
393 559 83 15 samma
492 552 164 28 nödvändighet
673 552 34 22 för
722 553 26 21 de
761 553 155 21 rättssökande

86 582 123 26 förefinnas,
226 583 33 20 att
273 582 99 27 begagna
387 581 69 23 första
471 582 77 26 tinget,
565 587 48 16 som
628 581 33 22 för
676 582 139 26 närvarande,
833 581 28 22 då
875 582 41 21 tin-

87 612 37 26 get
145 611 69 21 hålles
234 610 77 22 endast
325 611 7 21 i
348 611 75 27 början
439 610 23 22 af
476 610 135 28 September.
643 610 83 22 Genom
742 610 41 22 den
799 611 70 21 större
884 610 32 21 tid

88 640 52 26 åter,
157 646 47 15 som
219 641 24 19 är
258 639 103 27 anslagen
376 639 33 22 för
424 639 58 22 båda
497 639 82 27 tingen,
597 638 62 23 äfven
674 638 34 23 för
722 639 141 28 höstetinget,
873 639 43 21 kan

88 668 119 22 ärendenas
223 668 131 27 behandling
369 668 48 22 icke
433 669 68 21 annat
516 670 28 19 än
559 668 70 21 vinna.

156 697 57 22 Herr
228 697 143 25 Järnefelt,
381 696 88 22 Gustaf:
487 697 52 21 Just
554 697 29 27 på
594 696 70 28 grund
673 696 23 22 af
702 696 41 22 den
752 696 122 23 erfarenhet
880 696 37 28 jag

87 725 47 23 haft
143 726 66 26 deraf,
226 727 33 20 att
273 726 7 21 i
297 725 26 23 de
339 726 100 27 tingslag,
457 725 40 22 der
512 725 75 27 tingen
602 725 71 27 börjat
688 725 92 27 tidigare
794 726 28 26 på
829 725 86 27 hösten,

88 754 62 22 alltid
164 755 62 21 hörts
241 754 103 28 missnöje
360 754 104 27 deröfver,
482 754 42 22 och
539 756 33 20 att
587 760 50 16 man
651 754 78 22 önskat
744 755 32 21 att
791 754 69 27 tinget
868 754 48 22 icke

87 784 35 21 må
136 783 52 22 flere
203 784 24 21 år
243 783 54 22 efter
312 784 121 21 hvarandra
448 784 97 21 utsättas
561 783 29 27 på
605 789 81 15 samma
701 783 38 26 tid,
755 782 39 22 har
807 783 38 27 jag
860 782 56 22 före-

88 812 66 27 slagit
169 812 70 22 denna
253 812 131 28 förändring.
400 824 28 3 —
443 812 122 22 Dessutom
580 812 63 21 torde
658 812 62 21 detta
733 811 82 27 förslag
829 818 53 15 vara
892 812 24 20 så

87 841 87 27 mycket
196 847 59 16 mera
277 841 136 27 motiveradt,
437 847 48 16 som
510 841 150 27 domsagorna,
683 846 35 16 om
741 840 26 22 de
782 841 87 21 komma
883 841 33 21 att

87 869 149 23 sammanfalla
250 870 50 22 med
315 870 128 28 tingslagen,
459 870 88 22 komme
563 871 33 20 att
605 869 66 22 blifva
681 868 106 28 betydligt
793 868 122 22 vidsträck-

87 900 48 20 tare
151 899 41 21 och
207 905 59 15 mera
281 898 33 22 tid
329 899 70 21 skulle
414 899 28 27 gå
457 898 96 22 förlorad
568 898 34 22 för
616 904 89 16 resorna
719 898 34 21 till
767 898 76 26 tinget.
872 898 44 21 Det

87 930 25 19 är
131 928 49 21 icke
199 928 63 26 sagdt
280 929 33 20 att
325 934 50 15 man
391 928 62 21 alltid
467 928 45 21 kan
527 927 120 27 uppskjuta
662 928 33 20 ett
709 926 207 28 rättegångsärende

87 956 33 21 till
142 957 64 20 nästa
229 957 164 24 sammanträde,
417 958 22 25 ty
459 956 38 21 det
512 955 69 22 finnes
597 955 92 22 ärender
704 954 23 22 af
740 955 25 21 så
779 955 137 21 brådskande

87 984 158 26 beskaffenhet,
269 986 33 20 att
325 985 27 22 de
375 985 48 22 icke
445 985 75 22 kunna
543 984 138 28 uppskjutas,
700 983 85 23 hvarför
798 983 38 28 jag
851 983 65 27 vågar

86 1013 94 23 vidbålla
194 1014 49 21 mitt
257 1013 88 28 förslag.

155 1043 57 21 Herr
230 1048 42 16 von
287 1041 160 23 Bonsdorff:
477 1041 58 22 Lika
549 1041 50 22 med
614 1041 51 22 herr
679 1041 106 22 Mechelin
801 1046 64 16 anser
877 1040 39 27 jag

87 1071 37 22 det
143 1071 22 22 af
182 1071 50 22 herr
251 1071 107 22 Järnefelt
377 1071 104 27 uppgifna
497 1071 74 21 skälet
587 1072 58 20 emot
660 1070 42 22 den
717 1069 22 22 af
752 1070 164 21 reservanterna

86 1102 94 25 antagna
198 1099 60 22 tiden
272 1100 34 21 för
322 1100 26 21 de
365 1100 107 21 allmänna
487 1099 202 22 sammanträdenas
705 1099 75 27 början
793 1098 30 27 på
838 1098 78 21 hösten

86 1129 48 22 icke
156 1135 53 16 vara
231 1129 24 21 så
276 1128 169 28 betydelsefullt,
467 1130 34 20 att
520 1135 50 15 man
591 1127 84 23 derföre
694 1127 69 22 skulle
777 1126 93 23 behöfva
884 1125 32 23 af-

86 1158 50 50 >
150 1157 48 22 frän
215 1159 9 20 1
241 1163 63 16 mom.
320 1157 7 22 i
342 1157 170 28 reservationen,
528 1157 83 22 hvilket
623 1156 57 28 förty
695 1156 22 23 af
731 1156 43 27 mig
788 1156 7 21 i
809 1155 42 22 allo
863 1155 52 27 god-

104 1193 73 15 ännes.

154 1215 57 22 Herr
232 1215 143 22 Mechelin:
411 1214 56 22 Herr
489 1214 110 22 Järnefelt
621 1213 89 23 anförde
733 1215 33 20 att
788 1213 37 22 det
847 1211 68 22 finnes

85 1244 140 22 brådskande
240 1244 101 27 ärenden,
357 1249 47 16 som
419 1250 50 15 man
483 1243 51 23 icke
549 1244 44 21 kan
607 1243 120 27 uppskjuta
741 1242 32 22 till
785 1241 67 22 andra
860 1247 55 15 sam-

86 1272 129 23 manträdet.
244 1273 49 22 Den
308 1279 47 15 som
370 1273 39 21 har
425 1279 26 15 en
467 1272 71 22 sädan
552 1271 139 23 brädskande
706 1269 158 29 angelägenhet
871 1269 45 22 mä-

86 1303 34 20 ste
139 1303 54 20 utan
212 1301 73 22 tvifvel
307 1308 52 15 vara
380 1307 60 16 mera
462 1301 87 28 betjent
571 1302 33 21 att
626 1300 22 22 fä
665 1300 97 27 andraga
779 1299 41 22 den
839 1298 8 21 i
862 1297 54 28 Sep-

86 1331 90 27 tember,
200 1332 27 20 än
249 1330 8 22 i
277 1330 103 22 Oktober.
411 1330 68 22 Detta
498 1336 67 22 synes
586 1329 43 27 mig
644 1329 85 22 säledes
745 1328 47 22 icke
807 1327 67 22 verka
888 1327 28 27 pä

87 1359 73 22 saken.

155 1387 57 23 Herr
233 1387 199 28 Montgomery:
462 1387 44 27 Jag
528 1387 41 22 ber
591 1388 33 20 att
646 1385 67 22 också
734 1385 34 22 för
786 1385 43 22 min
846 1383 35 23 del
895 1383 22 23 få

87 1418 58 21 emot
169 1417 38 21 det
228 1415 87 28 förslag,
339 1422 46 15 som
407 1415 70 22 blifvit
499 1415 134 26 framstäldt,
649 1416 33 20 att
696 1414 138 27 höstetingen
849 1413 68 32 måtte

86 1445 72 28 börjas
183 1445 43 22 den
246 1447 25 19 15
291 1445 129 27 September
441 1444 77 22 anföra
534 1446 38 25 att,
589 1443 71 22 sävidt
673 1443 38 28 jag
725 1443 42 22 kan
783 1442 69 22 erinra
866 1447 50 21 mig,

87 1474 47 21 frän
150 1474 27 21 de
191 1473 84 22 trakter
291 1480 47 15 som
351 1474 38 27 jag
403 1473 82 21 känner
501 1475 108 24 närmare,
625 1471 108 28 klagomäl
748 1471 47 21 icke
810 1471 106 25 försports

88 1504 59 20 emot
166 1504 37 20 att
218 1502 73 26 tingen
306 1502 92 27 begynts
414 1502 7 21 i
436 1501 78 27 början
532 1501 22 22 af
568 1500 136 28 September;
721 1500 27 21 de
763 1499 119 22 ledamöter
896 1497 24 22 af

88 1531 115 27 utskottet,
227 1536 46 16 som
295 1530 32 22 för
350 1530 65 28 öfrigt
433 1530 92 27 bidrogo
546 1530 33 22 till
594 1529 166 28 Lagutskottets
775 1526 142 28 betänkande,

1090 734 8 23 n
