1109 1739
421 125 40 17 Den
479 122 24 19 13
521 124 87 18 Oktober.
861 124 39 20 199

104 188 77 21 nästan
195 187 33 22 till
247 193 81 15 samma
347 187 52 26 grad
415 193 47 15 som
476 187 145 21 konstnärens
638 193 61 21 egen.
725 187 42 28 Jag
783 187 36 22 vill
835 188 96 22 erkänna

104 217 32 20 att
146 223 49 14 man
203 215 107 23 måhända
320 215 39 21 här
369 217 38 25 gör
417 216 111 27 undantag
538 215 47 22 från
596 216 116 27 principen,
725 217 39 20 och
776 217 108 22 mähända
891 217 39 21 har

103 244 51 22 herr
175 251 40 16 von
234 244 84 21 Becker
336 246 43 19 rätt
395 245 32 20 att
443 251 27 14 en
485 244 144 27 likställighet
644 245 66 21 borde
727 251 40 21 ega
781 252 47 15 rum
844 247 7 20 i
867 247 64 20 dessa

103 273 43 22 fall.
169 274 44 21 Det
227 273 165 26 hufvudsakliga
407 273 71 21 skälet
492 273 88 22 hvarför
595 273 46 28 $:en
655 273 42 21 fått
711 274 69 21 denna
790 274 88 27 lydelse,
890 274 40 21 och

103 302 86 22 hvarför
200 302 109 21 utskottet
323 301 81 22 biträdt
419 302 131 26 densamma,
567 309 38 14 var
620 309 29 14 nu
665 302 37 21 det
717 304 32 19 att
764 303 6 20 i
786 303 81 26 länder,
884 309 46 15 som

103 331 66 21 hafva
185 331 111 21 enahanda
311 329 147 23 förhållanden
469 337 47 15 som
527 331 20 21 vi
559 331 40 21 och
610 331 38 21 der
657 331 118 21 konstverk
785 331 63 22 hafva
858 331 72 22 bättre

104 359 117 27 afsättning
237 361 27 19 än
279 359 39 21 hos
334 365 43 20 oss,
395 365 50 15 man
460 361 55 20 trott
530 361 33 20 att
578 359 125 27 tillräckligt
719 359 70 28 skydd
809 360 70 22 skulle
895 366 33 15 er-

103 388 78 28 bjudas
197 394 78 21 genom
291 394 26 15 en
333 388 67 21 sådan
415 388 137 27 bestämning
567 394 47 15 som
629 388 39 21 här
683 388 70 21 blifvit
767 388 76 22 införd.

173 417 56 21 Herr
243 423 42 15 von
303 417 114 21 Becker:
438 417 33 21 Då
493 423 31 15 nu
546 417 47 27 &:en
615 417 7 21 i
645 417 33 21 sin
696 417 74 21 helhet
791 417 69 21 blifvit
874 417 56 22 före-

104 446 42 20 mål
168 445 33 21 för
225 445 128 26 diskussion,
369 445 25 21 så
417 445 97 21 anhåller
533 446 38 27 jag
593 445 21 21 få
633 444 119 22 framställa
767 446 28 21 de
810 446 67 27 öfriga
892 452 38 15 an-

103 474 138 27 märkningar
253 474 38 27 jag
306 474 38 21 har
359 476 32 19 att
406 476 53 24 göra
474 476 58 19 emot
547 474 250 22 utskottsbetänkandet.
828 475 10 21 I
854 481 76 15 senare

104 509 62 15 mom.
184 502 23 22 af
222 504 9 20 1
249 503 84 27 stycket
349 502 21 22 af
383 502 163 28 ifrågavarande
563 503 11 27 $
592 503 67 21 borde
677 503 66 27 enligt
760 504 43 21 min
821 504 57 27 äsigt
896 510 34 15 or-

105 532 51 21 den:
174 531 101 27 ,såframt
291 530 177 28 efterbildningen
483 532 66 21 hörer
565 532 32 20 till
615 538 82 15 samma
712 532 100 21 konstart
827 538 45 16 som
888 532 42 21 ori-

104 560 93 28 ginalet*
216 560 126 22 utelemnas.
365 560 115 28 Uttrycket
491 566 84 16 samma
584 561 101 21 konstart
700 562 30 25 är,
742 561 72 21 säsom
823 561 107 21 utskotts-

104 589 147 22 betänkandet
266 589 118 27 anmärker,
395 590 59 20 svärt
465 591 32 19 att
508 589 57 21 fatta
575 589 40 21 och
625 589 152 21 vilseledande.
798 590 50 20 Man
858 590 72 21 kunde

106 618 67 27 draga
193 618 41 21 den
253 618 70 21 falska
337 618 96 27 slutsats,
453 620 32 20 att
501 618 38 22 det
553 624 52 16 vore
620 618 80 21 tillätet
715 620 32 19 att
761 620 52 19 utan
827 618 103 22 konstnä-

103 653 50 15 rens
176 646 127 27 begifvande
326 647 90 27 kopiera
438 648 15 20 t.
477 653 33 15 ex.
531 653 27 15 en
577 647 138 27 oljemälning
730 653 77 21 genom
822 647 108 27 teckning,

104 676 54 21 eller
173 676 7 20 i
195 676 101 26 agvarell,
313 676 68 27 emalj,
403 676 89 26 guache,
510 682 20 15 o.
545 682 16 15 s.
577 682 27 20 v.,
621 676 65 27 nägot
701 682 46 15 som
761 676 48 21 icke
825 678 24 18 är
863 675 67 27 fallet,

105 704 40 22 och
166 704 84 22 hvilket
269 704 62 22 äfven
349 704 78 28 tydligt
442 704 95 27 framgår
552 711 26 15 ur
593 704 57 28 $:ens
667 710 76 16 senare
758 706 101 20 moment.
889 704 41 27 Jag

105 739 64 16 anser
191 734 33 20 att
241 733 8 21 i
267 733 70 21 denna
351 732 11 28 $
381 733 95 27 tydligen
498 733 69 22 borde
582 732 130 28 framhällas,
729 734 32 20 att
776 734 41 20 den
833 734 43 20 rätt
891 733 39 21 här

106 762 58 22 afses
180 764 24 19 är
219 762 132 26 rättigheten
366 764 33 19 att
412 763 51 26 taga
478 762 99 22 enskilda
592 762 76 27 kopior
684 761 22 22 af
721 764 31 19 ett
766 761 124 27 konstverk,
903 762 27 21 dä

105 792 97 20 deremot
216 790 7 22 i
239 791 42 21 den
295 790 93 28 följande
404 790 11 28 &
432 791 37 21 det
487 791 70 21 borde
572 790 113 22 afhandlas
702 797 35 15 om
751 790 132 27 rättigheten
898 792 33 19 att

104 820 46 21 läta
164 818 145 28 mängfaldiga
324 821 32 20 ett
371 820 80 20 arbete.
482 820 45 26 Jag
545 819 91 22 föreslär
651 819 84 22 derföre
751 821 33 20 att
799 818 55 23 efter
869 819 62 21 ordet

107 848 133 28 »eftergöra"
257 848 73 26 borde,
346 848 6 21 i
366 848 69 21 likhet
449 848 50 22 med
515 848 57 22 hvad
585 848 80 22 norska
679 848 64 27 lagen
759 847 22 22 af
795 848 41 22 den
851 849 25 19 12
887 848 42 27 Maj

105 878 61 21 detta
185 877 23 21 år
227 883 34 15 om
285 877 151 26 ,kunstnerisk
451 877 174 21 Eiendoms-ret*
642 877 123 26 innehåller,
782 877 57 21 inom
854 882 77 21 paren-

104 906 50 22 thes
176 905 52 28 följa
248 905 66 22 orden
335 905 60 28 (taga
415 906 99 21 enskilda
531 906 76 26 kopior
623 905 37 28 af).
690 906 10 21 I
718 907 23 20 15
758 905 29 28 $:s
804 912 76 15 senare
896 905 35 21 del

104 935 40 21 har
165 934 245 21 utskottsbetänkandet
432 936 72 19 ansett
528 936 33 19 att
583 935 66 20 orden
672 934 31 27 ,ej
723 934 68 21 heller
807 934 124 26 derigenom

106 965 32 20 att
160 963 7 21 i
191 963 124 21 densamma
335 963 98 27 vidtagas
457 963 150 27 oväsendtliga
628 962 148 28 förändringar
796 962 40 22 och
856 962 75 27 tillägg

106 992 52 21 eller
168 991 164 28 uteslutningar,
349 992 24 21 sä
383 991 62 28 länge
457 992 41 21 den
510 991 57 22 dock
577 991 32 22 till
619 991 94 22 innehäll
724 991 39 22 och
773 991 158 27 framställning

105 1020 119 22 bibehåller
247 1021 136 27 egenskapen
402 1020 21 21 af
441 1020 165 27 efterbildning*
628 1020 53 21 böra
696 1020 58 27 utgå.
785 1020 34 21 Då
834 1019 96 22 emeller-

106 1050 31 21 tid
154 1051 32 20 ett
201 1049 78 22 sådant
294 1049 119 28 stadgande
428 1049 61 28 ingår
504 1049 8 21 i
528 1049 41 22 den
585 1049 79 21 norska
678 1049 63 27 lagen
756 1048 22 22 af
793 1049 40 21 den
849 1050 24 19 15
888 1048 41 27 Maj

107 1080 53 19 1877
178 1084 34 15 om
228 1078 69 27 skydd
312 1078 32 21 för
360 1078 97 21 artistisk
477 1078 136 27 eganderätt,
630 1077 40 22 och
685 1077 75 28 kopior
775 1077 50 22 med
841 1077 89 21 uteslut-

104 1107 77 26 ningar
199 1107 40 21 och
258 1107 74 27 tillägg
351 1107 40 22 hos
411 1113 36 15 oss
465 1106 146 27 förekommit,
627 1108 56 19 samt
699 1107 26 20 de
741 1106 47 21 skäl
803 1106 7 21 i
824 1106 106 21 utskotts-

105 1135 148 22 betänkandet
269 1135 112 28 åberopas,
401 1137 32 20 att
453 1137 32 20 ett
506 1135 53 22 slikt
572 1135 119 27 stadgande
707 1141 50 16 vore
773 1135 94 26 onödigt,
883 1134 48 22 icke

106 1171 65 21 synes
194 1164 108 27 grundadt
325 1165 39 21 och
386 1165 120 21 utskottets
525 1163 123 28 jemförelse
666 1164 49 21 med
731 1163 115 28 eftertryck
861 1163 70 21 icke
920 1159 15 37 i

106 1193 41 22 allo
163 1193 71 27 riktig,
251 1193 24 21 så
290 1199 63 16 anser
364 1193 43 28 jag,
424 1193 7 21 i
445 1193 71 22 likhet
531 1193 49 22 med
595 1193 26 21 hr
635 1193 154 26 Montgomery,
806 1191 38 22 det
859 1190 21 22 af
896 1193 35 19 ut-

106 1222 83 21 skottet
211 1221 104 22 utdömda
334 1222 131 27 stadgandet
481 1222 55 21 böra
557 1222 92 27 qvarstå.
679 1221 44 22 Det
743 1221 74 26 tillägg
835 1220 97 21 deremot

107 1257 46 15 som
176 1251 108 21 utskottet
306 1251 55 27 gjort
381 1267 4 10 ,
386 1252 41 25 att
445 1250 115 22 efterbilda
578 1251 52 21 verk
648 1249 21 22 af
683 1249 120 22 tecknande
819 1248 53 21 eller
886 1248 45 21 må-

106 1279 65 22 lande
186 1279 65 22 konst
264 1285 75 21 genom
350 1279 92 27 plastisk
452 1279 73 26 konst,
537 1279 52 22 eller
604 1280 58 20 tvärt
677 1285 40 20 om,
734 1281 23 19 är
772 1278 98 21 deremot
884 1277 48 22 icke

107 1308 129 27 förbjudet",
252 1308 71 22 kunde
338 1310 80 19 rättast
433 1308 49 27 ingå
497 1308 8 21 i
522 1307 10 28 $
551 1310 25 19 18
592 1307 23 22 af
628 1306 250 25 utskottsbetänkandet,
894 1305 38 22 der

108 1337 36 22 det
160 1337 105 21 förklaras
280 1337 28 27 på
322 1337 56 22 hvad
391 1339 45 19 sätt
451 1337 64 26 olaga
531 1336 150 27 efterbildning
696 1336 48 21 icke
760 1341 51 22 eger
825 1340 53 15 rum.

177 1365 56 22 Herr
245 1371 42 16 von
301 1366 122 21 Hellens:
439 1365 41 28 Jag
496 1367 26 20 är
536 1365 130 27 fullkomligt
681 1371 52 15 ense
742 1364 49 21 med
801 1364 51 21 herr
862 1363 70 21 Mont-

109 1400 87 21 gomery
219 1394 40 21 och
282 1394 95 21 anhåller
400 1394 71 22 derför
489 1395 36 20 att
541 1394 8 21 i
567 1394 69 21 likhet
658 1393 49 22 med
721 1393 49 22 herr
785 1393 148 26 Montgomery

108 1423 22 21 få
144 1423 111 21 vördsamt
270 1423 113 22 hemställa
398 1423 37 22 det
455 1422 5 28 $
477 1425 25 19 15
521 1429 62 15 mom.
601 1424 10 19 1
629 1423 88 26 antages
734 1422 77 21 sådant
826 1421 37 21 det
873 1420 61 27 ingår

109 1452 7 21 i
132 1451 120 22 utskottets
268 1452 142 26 betänkande,
427 1451 40 22 och
484 1451 40 22 det
538 1457 76 16 senare
634 1451 78 21 sådant
728 1450 36 21 det
779 1449 67 22 finnes
862 1448 7 21 i
884 1449 50 22 herr

109 1480 124 21 Ehrströms
250 1480 133 22 reservation
398 1480 122 21 stiliseradt
535 1479 68 22 under
617 1479 11 27 $
646 1481 31 19 16.

179 1508 56 22 Herr
258 1508 157 27 Schauman,
439 1508 23 21 B.
485 1508 38 22 O.:
547 1507 30 22 Sä
595 1508 97 21 tacksam
707 1507 38 27 jag
760 1508 27 20 än
803 1508 23 19 är
841 1507 45 19 mot
901 1507 34 19 ut-

111 1537 83 21 skottet
209 1537 7 21 i
232 1537 50 22 dess
297 1537 74 22 helhet
386 1538 33 20 att
435 1537 36 21 det
487 1536 49 22 icke
551 1536 50 22 lätit
614 1536 135 22 minoriteten
759 1535 89 22 inverka
857 1533 28 27 pä
896 1534 38 27 sig,
