1109 1739
423 126 41 18 Den
480 123 26 21 25
523 125 88 18 Oktober.
856 126 40 20 407

98 189 77 23 stalter
198 189 23 22 åt
243 189 41 22 den
305 188 70 23 finska
397 189 88 22 talande
506 187 154 29 befolkningen
674 189 8 21 i
697 189 80 23 landet.
807 189 40 22 Att
864 190 62 28 börja

100 219 56 27 med,
172 219 39 22 ber
223 218 38 27 jag
276 218 33 21 tör
323 217 44 22 min
383 218 35 21 del
434 219 33 20 att
482 217 22 21 få
518 217 87 22 förorda
619 217 60 22 bifall
695 218 33 21 till
743 225 63 15 mom.
823 221 29 25 g).

166 247 99 22 Friherre
286 253 41 15 von
347 247 79 26 Born,
449 246 88 22 Viktor:
560 246 11 21 I
593 248 92 21 motsats
708 249 45 20 mot
775 248 42 21 den
838 250 87 20 senaste

99 276 65 23 ärade
179 276 83 22 talaren
277 275 41 22 och
332 275 8 22 i
355 275 226 22 öfverensstämmelse
593 275 52 22 med
661 282 26 15 en
703 276 62 27 äsigt,
781 282 47 15 som
840 277 38 27 jag
892 276 34 23 för

98 305 43 22 min
160 305 61 27 ringa
236 304 35 22 del
285 304 52 22 flere
352 305 81 26 gänger
447 303 48 22 haft
510 306 52 19 äran
578 303 74 23 anföra
667 305 28 27 pä
711 305 60 22 detta
785 311 54 20 rum,
856 306 69 21 skulle

96 334 38 27 jag
156 333 87 27 föreslä,
266 335 33 20 att
321 333 61 22 detta
403 339 64 16 mom.
491 333 23 26 g)
538 333 109 21 äfvensom
671 334 100 27 samtliga
790 334 27 21 de
832 333 93 28 följande

97 369 86 16 momm.
194 363 47 21 icke
249 362 67 21 mätte
323 361 112 22 föranleda
443 362 33 21 till
483 362 71 27 nägon
564 361 76 28 ätgärd
648 362 47 21 frän
703 363 170 27 Ridderskapets
884 363 41 22 och

98 391 81 22 Adelns
195 391 53 22 sida.
278 391 42 27 Jag
335 391 43 21 kan
393 391 48 22 icke
457 393 67 19 annat
538 397 59 20 anse,
614 393 27 19 än
657 393 33 20 att
705 391 64 22 dessa
784 391 78 28 frägor,
879 398 46 15 som

99 420 45 22 afse
160 421 97 27 detaljer,
274 420 53 21 eller
341 421 81 20 rättare
438 420 65 26 sagdt
518 419 238 28 lokal-bestämningar,
767 421 87 21 tillhöra
864 427 61 21 rege-

98 449 76 27 ringen
189 449 41 21 och
245 448 162 28 skolstyrelsen,
423 448 48 22 icke
486 448 125 22 ständerna.
634 449 44 21 Det
693 451 24 19 är
731 448 54 28 icke,
803 450 66 27 enligt
881 450 43 21 min

98 478 144 27 uppfattning,
265 478 98 26 lämpligt
385 477 33 22 för
441 477 123 26 ständerna,
584 479 33 19 att
638 478 51 26 ingå
707 484 30 15 nu
751 478 8 21 i
773 478 99 28 pröfning
890 484 34 16 om

98 507 42 21 alla
155 506 26 22 de
198 508 63 24 orter,
278 506 38 22 der
330 506 99 22 läroverk
443 512 51 16 vore
510 505 23 23 af
542 506 77 22 nöden.
641 506 74 22 Skulle
725 507 126 27 regeringen
861 507 64 22 hafva

98 535 92 28 förelagt
212 536 117 21 ständerna
350 535 135 27 proposition
507 535 50 21 med
579 535 102 21 anhållan
696 537 33 19 att
744 536 116 22 ständerna
874 536 50 22 ville

98 564 70 22 uttala
190 564 33 28 sig
245 570 34 16 om
301 564 137 27 lämpligaste
460 564 139 27 placeringen
619 564 22 21 af
655 564 106 22 särskilda
775 565 105 26 läroverk,
898 565 27 21 då

98 600 52 16 vore
165 594 37 21 det
217 593 44 22 helt
275 593 111 27 naturligt,
403 594 33 20 att
450 593 119 21 ständerna
583 593 58 27 uppå
657 600 26 15 en
699 593 67 21 sådan
781 593 61 27 fråga
855 594 69 21 skulle

98 622 79 28 afgifva
199 628 49 16 svar
269 622 54 22 efter
345 622 64 22 bästa
431 621 149 29 öfvertygelse.
611 622 35 21 Nu
667 621 116 28 föreligger
805 622 120 22 emellertid

99 652 48 21 icke
170 651 70 27 någon
263 651 67 21 sådan
352 650 142 28 proposition,
518 652 54 20 utan
594 652 33 20 ett
646 652 71 20 större
736 651 59 21 antal
809 651 116 27 petitioner

99 686 35 16 om
153 680 105 22 läroverk.
288 680 45 22 Det
351 682 24 19 är
397 680 86 27 mycket
504 680 91 27 möjligt,
611 681 33 19 att
658 680 100 22 läroverk
773 680 70 22 skulle
858 680 66 21 erfor-

99 709 50 21 dras
171 709 78 27 jemväl
271 708 30 28 på
323 708 108 28 åtskilliga
451 710 65 25 orter,
533 714 47 16 som
598 708 48 22 icke
661 708 70 22 blifvit
745 709 50 21 med
809 709 116 27 petitioner

98 738 137 26 ihågkomna.
265 738 32 21 En
321 738 68 21 sådan
411 737 113 27 möjlighet
542 736 121 28 förefinnes,
680 738 41 21 och
737 738 40 21 den
793 737 131 27 omständig-

97 767 73 26 heten,
194 768 33 20 att
245 766 90 28 petition
354 767 74 21 derom
443 766 48 22 icke
506 766 151 26 framkommit,
673 766 43 22 kan
731 766 64 22 hafva
809 767 73 21 berott
896 766 29 27 pä

99 802 26 15 en
140 795 131 27 tillfällighet
286 796 39 21 och
341 795 67 22 borde
423 795 49 21 icke
486 795 67 22 lända
569 795 70 21 denna
654 797 34 19 ort
702 795 33 21 till
745 795 97 27 nackdel,
854 795 7 21 i
868 795 54 27 jem-

98 824 79 22 förelse
198 825 49 21 med
269 825 67 21 andra
359 826 58 20 orter
435 824 7 21 i
460 824 81 22 landet.
572 824 80 26 Skulle,
669 826 64 25 säger
748 824 43 28 jag,
808 824 117 22 ständerna

99 860 40 20 ega
157 853 89 27 tillgång
267 853 33 21 till
323 853 28 21 all
367 853 41 21 den
427 853 123 27 utredning,
567 859 46 15 som
628 852 84 27 behöfs,
727 852 33 22 för
775 854 33 20 att
822 853 50 21 med
886 852 38 22 full

98 882 91 22 rättvisa
203 882 75 27 pröfva
293 882 64 22 dessa
371 881 66 23 behof
449 882 30 27 pä
494 882 44 21 alla
554 883 58 20 orter
626 881 7 22 i
646 882 81 26 landet,
743 881 27 22 dä
785 888 51 16 vore
851 882 73 26 ingen-

98 911 46 27 ting
167 912 58 21 emot
246 912 33 21 att
300 911 74 22 derom
393 910 56 22 fatta
463 910 79 22 beslut.
573 910 35 22 Nu
623 910 64 22 hafva
701 910 58 22 vissa
773 912 60 20 orter
848 916 76 22 genom

98 940 107 21 mähända
226 940 107 27 tillfälliga
354 940 117 27 petitioner
493 939 76 26 blifvit,
589 939 25 21 sä
634 941 33 19 att
682 942 59 24 säga,
757 940 88 27 skjutna
859 939 7 21 i
881 938 42 22 för-

98 968 104 27 grunden,
225 968 68 22 andra
314 969 99 21 Jemnade
427 968 8 21 i
450 968 148 27 bakgrunden.
628 968 44 22 Det
689 968 118 27 uttalande,
823 974 47 15 som
885 967 39 22 all-

98 999 78 20 männa
190 997 201 22 Besvärsutskottet
406 997 114 27 föreslagit
533 997 117 22 ständerna
665 998 34 20 att
713 996 84 28 afgifva,
809 997 70 21 skulle
890 997 34 20 sä-

98 1026 66 22 lunda
186 1027 85 21 komma
294 1028 33 20 att
346 1026 29 21 bli
392 1028 33 19 ett
440 1026 58 27 slags
514 1025 201 22 rekommendation
729 1025 32 22 för
777 1032 26 15 en
818 1026 34 21 del
868 1025 56 22 läro-

98 1055 58 26 verk,
173 1055 28 22 dä
215 1055 74 27 andra,
305 1055 106 22 mähända
425 1055 46 21 lika
485 1055 82 26 vigtiga
583 1055 52 21 eller
649 1055 110 27 vigtigare,
775 1055 69 21 skulle
859 1053 66 23 blifva

98 1086 52 19 utan
170 1091 27 14 en
212 1084 73 21 sädan.
315 1084 42 27 Jag
375 1084 43 21 kan
434 1083 48 22 icke
498 1084 29 26 gä
541 1083 55 22 ifrän
612 1084 42 21 den
669 1084 62 27 äsigt,
747 1085 32 20 att
795 1083 71 28 dylika
881 1083 42 21 frä-

98 1119 40 21 gor
152 1113 87 21 tillhöra
253 1119 27 15 en
295 1113 109 27 regerings
415 1113 138 21 verksamhet
570 1113 40 21 och
624 1112 48 22 icke
689 1119 26 15 en
733 1112 191 27 representations,

98 1142 41 21 och
159 1142 38 27 jag
219 1143 51 25 tror,
291 1142 29 27 pä
342 1143 45 20 sätt
402 1148 27 15 en
445 1141 52 22 ärad
513 1141 70 22 talare
597 1141 36 22 vid
649 1143 32 20 ett
695 1141 130 27 föregäende
840 1140 84 22 tillfälle

94 1171 81 27 jemväl
196 1169 123 28 framhållit,
343 1172 33 20 att
399 1170 149 22 diskussioner
570 1170 41 21 och
632 1170 79 26 beslut,
728 1170 81 21 sådana
829 1176 46 15 som
891 1170 33 25 de,

97 1199 73 22 hvilka
191 1205 29 16 nu
234 1199 82 22 förestä
335 1205 42 20 oss,
392 1199 83 27 knappt
490 1199 8 21 i
513 1199 68 27 nägot
595 1201 66 19 annat
675 1199 62 21 lands
753 1198 172 28 representation

97 1229 86 21 komma
198 1227 73 28 ifråga.
295 1229 43 21 Det
351 1230 25 19 är
391 1228 25 21 sä
431 1228 87 27 mycket
533 1228 82 21 mindre
631 1228 47 21 skäl
693 1227 34 22 för
740 1233 35 16 oss
792 1229 33 20 att
835 1233 29 15 nu
874 1228 52 25 taga

98 1257 65 22 dessa
178 1257 71 22 lokala
263 1256 72 28 frägor
350 1257 69 21 under
433 1256 107 28 pröfning,
557 1263 46 15 som
619 1256 37 22 det
671 1259 24 19 är
706 1256 88 21 allmänt
803 1255 69 22 kändt
885 1255 41 22 och

98 1286 98 27 erkändt,
213 1288 32 19 att
261 1285 122 28 skolfrågan
398 1287 24 20 är
438 1292 27 15 en
482 1285 69 27 fråga,
568 1285 38 22 der
620 1285 140 28 passionerna
775 1285 32 22 för
823 1284 38 22 det
875 1286 49 19 när-

97 1315 94 22 varande
214 1317 37 19 äro
274 1315 83 25 ganska
378 1315 119 27 upprörda;
515 1315 25 21 sä
554 1314 87 28 mycket
655 1314 82 22 mindre
753 1320 66 21 egnar
834 1313 43 21 den
892 1313 34 26 sig

98 1343 85 22 säledes
205 1343 33 22 för
259 1343 130 27 behandling
407 1343 58 22 inom
486 1343 209 27 representationen.
712 1355 27 2 —
753 1343 42 26 Jag
817 1348 109 21 upprepar

97 1373 49 21 mitt
168 1372 87 27 förslag,
278 1374 33 20 att
332 1373 60 20 detta
414 1377 71 20 mom.
511 1372 91 21 likasom
625 1371 63 23 äfven
711 1372 26 21 de
757 1371 100 28 följande,
876 1370 49 22 icke

96 1401 69 22 mätte
187 1401 34 21 till
242 1401 71 27 nägon
335 1407 70 15 annan
425 1401 78 26 ätgärd
525 1400 117 27 föranleda,
661 1403 28 19 än
711 1400 32 21 till
758 1402 33 19 ett
805 1399 120 26 uttalande,

97 1430 73 21 såsom
184 1430 75 27 tillägg
274 1430 33 21 till
323 1429 26 22 de
359 1429 130 28 föregående
500 1435 93 20 momm.,
604 1429 7 21 i
621 1429 90 27 ungefär
723 1428 92 29 följande
827 1428 98 27 ordalag:

98 1465 76 19 sMmom.
203 1459 8 26 g)
228 1460 33 20 att
276 1458 223 26 elementarläroverk,
517 1457 60 22 såväl
591 1458 94 22 svenska
703 1464 46 15 som
764 1457 77 25 finska,
857 1457 69 21 måtte

96 1487 7 21 i
114 1487 50 22 män
175 1465 27 43 af
206 1486 66 23 behof
285 1487 40 22 och
340 1486 117 28 tillgångar
466 1487 101 25 inrättas,
579 1486 25 21 sä
617 1485 44 23 fort
674 1486 117 27 lämpligen
807 1485 39 22 ske
860 1485 65 21 kan".

165 1516 57 22 Herr
244 1516 155 26 Schauman,
420 1515 24 21 B.
462 1516 35 21 O.:
518 1514 34 21 Dä
565 1514 38 28 jag
618 1515 84 27 hoppas
718 1516 33 20 att
764 1513 162 27 Ridderskapet

98 1544 40 24 och
153 1544 70 23 Adeln
237 1544 49 24 icke
301 1544 68 25 fäster
383 1544 68 27 nägot
466 1543 120 30 synnerligt
601 1544 102 22 afseende
718 1543 28 30 pä
760 1543 57 23 hvad
833 1542 42 21 den
891 1548 34 18 se-
