1109 1739
420 127 41 19 Den
477 125 12 20 5
505 128 89 18 Oktober.
866 126 26 21 95

165 191 41 22 Till
221 191 53 27 följd
289 190 23 22 af
327 190 68 22 denna
410 191 146 27 propositions
571 191 135 22 besvarande
721 191 50 22 med
785 191 89 22 allmänt
888 191 34 27 nej

95 219 56 22 hade
167 221 88 21 ståndet
270 219 90 22 beslutit
373 220 125 27 meningens
515 221 144 21 uteslutande.

164 249 11 21 I
191 248 102 23 afseende
312 249 13 20 å
341 249 35 20 det
395 249 96 21 härefter
510 249 129 27 föredragna
655 251 12 20 3
683 255 63 16 mom.
763 248 22 23 af
803 249 119 22 utskottets

96 276 81 29 förslag
191 278 32 21 till
246 279 6 20 4
268 277 11 28 $
295 279 26 19 26
336 277 49 27 kap.
400 277 25 22 B.
440 278 25 21 B.
481 279 99 26 yttrades
595 278 24 21 af

164 306 99 21 Friherre
282 312 40 15 von
338 306 79 26 Born,
434 306 87 21 Viktor:
544 307 35 21 Då
593 313 35 20 nu,
645 313 35 15 om
692 307 39 26 jag
745 307 48 20 icke
808 306 115 27 misstager

96 335 48 26 mig,
160 335 160 26 Ridderskapet
335 335 40 21 och
390 335 69 21 Adeln
475 335 97 27 beslutit,
589 337 32 20 att
637 336 36 21 det
687 335 65 22 beror
767 335 28 27 på
808 335 115 26 tingslags-

96 363 87 28 boerne,
203 365 33 20 att
253 364 121 21 bestämma
391 363 108 22 huruvida
518 365 123 26 tingshuset
660 365 40 20 och
716 363 206 28 häradshöfdingens

96 392 80 22 bostad
196 393 61 21 skola
277 393 81 27 byggas
374 393 131 21 tillsamman
521 393 52 22 eller
589 393 102 22 särskildt
706 393 33 21 för
753 393 38 26 sig,
808 393 62 21 torde
886 393 37 20 det

96 427 50 15 vara
166 421 139 27 nödvändigt,
326 423 33 19 att
373 421 7 21 i
395 422 71 21 denna
486 422 36 20 del
541 425 79 24 antaga
639 422 120 21 utskottets
779 421 143 26 betänkande,

97 456 46 15 som
164 450 82 21 afviker
261 449 46 22 frän
323 450 161 22 reservationen
500 450 78 27 deruti,
595 452 33 20 att
642 450 148 22 betänkandet
805 450 119 22 innehäller

97 479 67 21 orden
185 479 53 26 ,och
250 478 208 28 häradshöfdingens
473 480 116 26 boställe*,
606 480 27 20 dä
648 479 7 21 i
671 479 159 21 reservationen
847 479 77 21 endast

97 510 64 24 säges
179 508 169 26 ,tingsstaden*.
371 508 42 26 Jag
429 507 99 23 förordar
542 508 87 22 således
645 508 119 21 utskottets
779 508 143 22 betänkande.

166 536 56 22 Herr
241 536 136 22 Mechelin:
401 537 42 27 Jag
459 537 38 21 ber
514 539 32 19 att
561 537 21 21 få
597 537 32 21 för
644 537 43 21 min
703 537 35 21 del
753 536 87 22 förorda
854 542 69 16 reser-

97 565 102 21 vationen
215 566 71 20 såsom
303 565 41 21 den
359 568 24 18 är
398 565 96 22 affattad.
527 566 40 21 Om
583 566 119 21 utskottets
718 565 138 27 formulering
871 565 52 27 god-

97 594 90 26 kännes,
205 594 24 21 så
243 593 109 23 förefaller
367 594 36 22 det
419 601 46 15 som
481 595 70 21 skulle
562 594 136 28 tingsstaden
708 594 21 22 få
739 594 108 27 förläggas
858 593 66 22 skildt

97 623 29 26 på
142 624 32 20 ett
189 623 63 21 ställe
268 623 39 21 och
323 623 208 27 häradshöfdingens
547 624 80 21 bostad
642 624 27 26 på
685 625 32 19 ett
727 625 76 24 annat;
819 629 48 15 men
878 628 45 16 me-

97 652 79 26 ningen
199 652 50 21 med
271 652 36 21 det
327 652 154 27 amendement,
504 659 46 15 som
571 654 76 25 antogs
667 652 35 21 vid
720 652 68 22 första
803 652 119 26 meningen,

97 680 39 21 har
152 680 39 27 jag
209 680 110 27 uppfattat
334 681 96 26 sålunda,
447 683 32 19 att
495 688 35 14 om
546 682 40 21 ock
602 681 152 28 byggnaderna
768 681 48 21 icke
831 678 93 24 behöfva

97 716 53 14 vara
169 709 181 27 sammanbyggda
364 710 7 20 i
387 712 32 19 ett
439 710 48 26 hus,
509 710 27 22 de
555 710 67 21 likväl
640 710 57 21 båda
716 710 60 21 skola
790 708 86 23 befinna
891 709 33 26 sig

97 738 29 27 på
140 738 144 26 tingsstaden.
307 738 41 27 Jag
363 738 97 22 förordar
475 739 29 27 på
521 740 60 20 detta
596 739 47 21 skäl
659 740 174 20 reservanternes
844 738 80 26 förslag

97 767 33 21 till
145 767 120 21 redaktion.

166 795 56 22 Herr
240 796 187 28 Montgomery:
451 796 42 27 Jag
508 796 40 22 ber
563 796 21 22 få
599 796 84 22 biträda
698 796 53 28 herr
766 795 103 29 Mechelin
885 794 40 22 och

97 823 99 23 förordar
212 824 41 22 den
268 824 137 28 formulering
420 827 165 19 reservanterne
600 825 118 27 föreslagit.
744 824 67 22 Äfven
827 824 48 22 med
888 824 37 20 det

98 853 156 27 amendement,
277 860 46 14 som
338 860 29 15 nu
390 854 75 27 gjorts,
485 854 105 22 behöfvas
610 854 48 22 icke
677 854 65 21 orden
763 854 52 26 ,och
835 852 90 22 härads-

98 881 127 28 höfdingens
241 882 98 21 bostad".

167 910 31 22 På
213 911 69 27 grund
298 910 23 22 af
335 911 26 21 de
377 911 91 21 sålunda
483 911 80 27 afgifna
577 911 131 28 yttrandena
723 911 67 21 erhöll
801 911 42 21 den
854 917 28 15 nu
892 909 34 22 för

99 939 88 21 ståndet
202 940 101 26 upplästa
319 940 309 27 omröstningspropositionen
643 940 94 27 följande
752 940 91 27 lydelse:

170 968 67 27 »Den,
253 974 46 15 som
315 970 89 25 antager
419 971 12 19 3
448 975 64 15 mom.
531 969 6 21 i
556 969 119 22 utskottets
694 969 80 26 förslag
793 968 32 21 till
841 970 13 19 4
871 967 11 28 $
898 969 26 19 26

99 996 49 28 kap.
165 997 24 20 B.
206 997 31 26 B.,
254 1003 73 15 svarar
340 997 33 27 ja;

168 1025 75 22 vinner
257 1026 41 27 nej,
316 1026 124 27 godkännes
457 1028 176 20 reservanternes
648 1026 81 27 förslag
744 1026 31 21 till
787 1032 83 15 samma
880 1031 45 15 mo-

98 1055 80 21 ment".

167 1083 164 26 Propositionen
345 1083 132 22 besvarades
492 1084 50 22 med
558 1085 41 26 nej,
614 1084 138 27 hvarigenom
767 1084 42 21 den
825 1083 23 21 af
856 1089 70 15 reser-

98 1113 105 20 vanterne
218 1111 89 22 friherre
323 1113 78 21 Wrede
417 1119 27 15 m.
456 1113 20 21 fl.
487 1113 124 27 föreslagna
626 1113 96 28 lydelsen
737 1113 33 21 till
794 1115 3 19 3
813 1118 64 16 mom.
888 1117 38 16 var

99 1141 23 21 af
136 1141 87 21 ståndet
239 1141 106 26 godkänd.

168 1169 34 22 Då
217 1169 94 22 härefter
326 1172 13 19 4
355 1176 62 15 mom.
433 1171 33 20 uti
481 1172 13 19 4
512 1170 10 28 8
539 1172 26 20 26
581 1171 48 26 kap.
645 1170 24 22 B.
683 1171 25 21 B.
724 1170 118 26 föredrogs,
854 1167 72 23 anhöll

169 1198 98 22 Friherre
283 1199 105 26 Wrede,
408 1199 92 27 August,
521 1201 33 20 att
569 1199 62 22 äfven
645 1199 8 22 i
669 1199 69 22 denna
753 1199 34 21 del
803 1198 21 21 få
839 1197 87 22 förorda

99 1227 33 20 till
148 1227 156 26 godkännande
319 1229 152 20 motsvarande
487 1230 96 20 moment
593 1229 6 20 i
611 1229 41 21 den
663 1228 22 21 af
693 1229 78 20 honom
779 1228 69 27 jemte
860 1225 66 22 andra

100 1255 80 28 afgifna
195 1257 166 20 reservationen.

168 1285 57 21 Herr
241 1291 41 15 von
299 1285 106 22 Hellens
423 1285 88 28 yttrade
530 1286 49 21 med
595 1286 114 26 anledning
724 1285 71 22 häraf:
817 1283 51 22 Icke
884 1283 42 21 kan

96 1313 39 27 jag
154 1315 45 20 rätt
217 1313 55 22 fatta
291 1315 34 20 att
339 1314 162 22 reservationen
517 1314 129 27 fullkomligt
661 1314 203 22 öfverensstämmer
878 1313 49 20 med

98 1342 173 27 Ridderskapets
287 1343 40 21 och
342 1343 81 21 Adelns
437 1343 132 27 föregående
579 1343 78 26 beslut,
669 1343 27 21 då
712 1343 37 22 der
764 1343 46 21 står
825 1341 57 22 blott
893 1347 34 15 om

99 1371 140 27 upphyrande
255 1371 22 21 af
291 1371 106 27 tingshus.
420 1372 49 27 Nog
485 1372 72 21 skulle
570 1372 37 27 jag
623 1372 50 27 vilja
689 1372 84 21 ansluta
789 1371 44 26 mig
848 1369 34 22 till
892 1371 34 20 ut-

99 1399 94 22 skottets
209 1400 142 22 betänkande.

168 1429 99 22 Friherre
285 1435 42 15 von
344 1429 82 26 Born,
443 1429 89 21 Viktor:
556 1429 41 27 Jag
613 1429 96 22 ansluter
723 1429 42 26 mig
781 1427 99 27 återigen
894 1427 33 20 till

99 1457 167 21 reservationen.
297 1458 10 20 I
325 1458 67 20 andra
409 1463 64 15 mom.
494 1457 24 21 af
534 1458 70 21 denna
620 1458 11 27 8
645 1458 62 21 heter
723 1458 36 20 det
774 1456 152 27 uttryckligen,

100 1487 32 19 att
151 1485 262 28 häradshöfdingebostad
429 1486 56 21 skall
501 1486 92 28 byggas;
615 1487 36 21 det
665 1486 96 22 kommer
777 1484 86 23 således
880 1484 47 21 icke

98 1513 70 28 ifråga
184 1516 33 20 att
231 1514 98 28 upphyra
343 1515 79 21 bostad
438 1515 23 21 åt
475 1514 204 28 häradshöfdingen.
701 1515 72 26 Enligt
783 1514 71 21 första
863 1518 63 16 mom.

98 1542 44 22 kan
156 1549 51 15 man
223 1543 96 21 deremot
334 1544 64 21 tänka
415 1544 38 26 sig,
471 1545 34 20 att
520 1543 123 27 tingshuset
659 1543 68 22 skulle
743 1543 116 27 upphyras.
