1109 1739
225 134 40 19 110
521 136 39 17 Den
577 134 12 19 9
606 136 87 18 Oktober.

195 198 67 22 borde
278 198 33 22 till
325 199 102 26 beloppet
437 198 103 27 .afpassas
557 198 54 23 efter
627 198 217 28 tidsförhållandena;
861 200 57 21 samt
934 200 37 25 att,
989 205 34 16 om

196 227 60 22 detta
275 227 47 22 icke
341 227 22 22 af
377 229 71 20 staten
463 228 116 26 iakttages,
597 228 26 21 de
638 229 127 21 kommuner
781 231 57 19 ännu
853 228 92 27 troligen
960 229 62 20 torde

195 263 52 14 vara
262 256 32 21 till
311 257 80 21 antalet
406 256 27 27 få,
451 257 38 21 der
503 256 159 22 folkskoleidén
677 258 66 21 redan
760 264 35 19 nu,
813 257 55 22 efter
885 259 25 20 10
922 257 24 22 år
956 257 67 21 sedan

196 285 41 22 den
257 284 55 23 först
329 286 74 21 väckts
422 285 33 22 till
472 285 25 22 Hf
511 286 6 21 i
533 286 48 21 vårt
596 286 57 26 land,
670 286 24 21 så
709 286 123 22 utvecklats
849 288 33 20 att
897 287 27 20 de
940 287 83 20 ensamt

196 315 79 26 ansåge
295 314 33 27 sig
347 314 129 27 förpligtade
497 315 53 21 eller
569 315 91 21 manade
683 317 33 19 att
739 315 112 27 öfvertaga
874 315 149 22 bestridandet

197 342 22 22 af
233 343 42 21 alla
293 343 27 21 de
335 343 70 22 ökade
418 343 96 28 utgifter,
530 349 47 16 som
592 344 161 21 bibehållandet
769 344 54 21 eller
838 343 149 23 anskaffandet
1002 343 22 21 af

197 372 86 27 dugliga
299 372 39 21 och
353 372 35 21 väl
403 372 98 22 aflönade
516 373 71 21 lärare
603 373 139 27 ovilkorligen
757 372 97 27 kräfver;
872 373 108 22 äfvensom
990 373 33 20 att

196 401 49 21 med
267 401 99 27 stigande
381 401 97 27 bildning
494 402 37 21 det
546 401 108 22 allmänna
669 402 125 21 välståndet
808 402 40 21 och
860 402 86 21 dermed
957 401 66 22 också

197 431 82 19 statens
302 430 118 22 inkomster
443 432 37 19 äro
499 430 7 21 i
523 430 45 21 lika
591 431 104 26 stigande,
713 431 24 21 så
757 432 34 20 att
806 430 50 27 föga
872 431 108 26 svårighet
996 431 26 19 då

196 464 59 16 mera
275 460 26 19 än
319 465 29 15 nu
362 459 67 21 borde
445 458 84 22 befaras
545 458 33 22 för
593 459 124 27 utgifvande
733 459 23 21 af
769 459 163 27 ifrågavarande
949 458 74 27 anslag

197 488 22 20 åt
239 487 78 27 jemväl
341 488 25 21 de
388 488 124 26 folkskolor,
537 494 46 15 som
609 488 127 22 hädanefter
758 488 88 22 komma
869 490 32 20 att
923 488 98 21 inrättas.

196 516 117 21 Dessutom
334 516 96 22 anhåller
446 517 36 27 jag
501 518 32 20 att
548 523 26 15 ur
590 516 99 22 officiella
703 517 70 21 källor
788 517 22 21 få
825 517 99 22 meddela
940 518 32 20 att
987 516 35 22 vid

196 545 109 27 utgången
321 544 22 22 af
357 545 23 22 år
397 548 54 19 1876
467 548 57 19 ännu
540 547 41 20 252
597 546 190 22 landskommuner
802 546 7 21 i
825 546 89 22 Finland
930 546 46 21 icke
990 546 32 20 in-

196 575 69 20 rättat
279 574 118 22 folkskolor
413 576 58 20 emot
486 575 77 21 endast
580 576 47 25 178,
645 576 37 20 der
701 576 82 20 sådana
800 581 51 15 voro
864 574 157 28 organiserade,

197 603 84 21 således
299 605 55 19 ännu
369 610 45 15 mer
430 605 25 19 än
472 603 82 22 hälften
570 603 23 22 af
606 604 85 22 landets
708 604 42 21 alla
764 604 132 27 kommuner,
909 610 45 16 som
966 606 56 19 ännu

196 632 48 21 icke
260 632 39 21 hos
315 632 33 27 sig
363 632 112 22 realiserat
489 632 163 27 folkskoleidén,
669 633 86 21 hvilken
766 632 56 28 förty
833 632 103 23 behöfver
947 633 22 21 af
978 634 43 20 sta-

197 662 37 20 ten
249 663 57 19 ännu
321 661 48 21 med
385 662 88 26 mycken
489 661 58 21 kraft
563 662 158 27 understödjas,
737 662 67 21 innan
815 662 41 22 den
867 662 39 22 når
920 662 102 26 tillbörlig

197 690 83 26 stadga,
300 689 33 22 för
351 691 32 20 att
401 690 72 22 kunna
488 690 115 27 uppehålla
619 690 33 28 sig
667 690 50 28 sjelf
731 691 73 21 såsom
821 697 26 15 en
862 691 160 21 kommunalan-

197 718 135 27 gelägenhet.
362 719 73 21 Under
453 719 95 21 läseåret
565 721 139 20 1874—1875
724 720 58 21 hade
803 720 121 21 tillkommit
940 722 25 20 35
982 726 40 21 nya

197 747 78 27 skolor,
298 754 48 15 men
369 748 68 22 under
461 750 140 20 1875—1876
618 748 77 22 endast
711 750 32 20 33.
775 748 44 22 Det
833 748 39 28 går
888 749 84 21 således
988 748 34 22 väl

196 776 84 26 framåt,
303 783 48 15 men
374 778 80 26 ytterst
472 779 68 25 svagt.
570 777 42 27 Jag
627 777 70 22 skulle
713 777 86 21 derföre
815 784 51 15 anse
883 780 32 19 att
931 778 26 21 de
972 777 50 21 ifrå-

198 807 87 25 gasatta
308 806 109 26 anslagen,
443 806 127 26 utgörande,
595 806 66 27 enligt
682 806 56 22 hvad
759 806 40 28 jag
820 806 61 28 tyckt
893 806 43 28 mig
950 806 72 22 kunna

196 834 22 21 af
232 834 119 22 utskottets
366 834 136 22 betänkande
518 835 100 25 inhemta,
635 835 47 21 icke
693 836 94 25 450,000
798 835 60 21 mark
870 835 85 28 årligen,
970 836 50 20 utan

196 862 33 22 för
251 863 24 21 år
292 865 54 19 1878
363 865 90 23 330,000
469 864 67 26 mark,
555 864 34 21 för
615 866 54 19 1879
686 865 99 25 360,000,
800 864 33 21 för
852 866 55 20 1880
923 866 97 24 390,000,

195 891 33 22 för
245 894 52 19 1881
323 894 91 24 420,000
438 892 39 22 och
501 892 55 22 först
579 894 54 20 1882
656 894 92 25 450,000
772 893 62 21 mark
857 895 57 19 emot
930 894 91 25 270,000

196 921 24 21 år
237 922 60 25 1876,
315 922 36 20 äro
367 921 22 21 af
402 921 101 22 behofvet
517 921 114 27 högeligen
646 921 121 27 påkallade.
791 922 150 27 Förökningen
952 922 70 21 skulle

197 949 90 21 sålunda
302 948 65 23 blifva
383 952 77 24 30,000
475 950 61 21 mark
552 950 119 21 successivt
687 956 33 15 om
737 950 48 21 året
805 950 68 21 under
887 957 29 14 nu
930 950 91 22 förestå-

197 978 54 21 ende
270 978 212 27 bevillningsperiod;
497 979 40 21 och
552 979 38 21 det
603 979 69 22 skulle
687 979 54 22 efter
757 979 44 21 min
821 979 137 27 uppfattning
973 979 49 22 med

195 1006 82 28 hänsyn
297 1007 32 21 till
348 1007 121 22 ändamålet
488 1007 48 22 icke
554 1014 51 15 vara
621 1007 23 22 af
657 1007 66 22 sådan
739 1007 107 22 finansiell
862 1008 111 27 betydelse
990 1009 32 20 att

196 1036 116 21 ständerna
335 1035 70 22 dertill
428 1036 69 21 skulle
516 1037 53 21 böra
587 1038 65 25 vägra
667 1037 38 21 sitt
720 1036 67 26 bifall,
805 1036 27 22 då
846 1037 116 27 möjligtvis
975 1037 47 27 just

195 1064 47 21 häri
261 1064 49 27 låge
331 1071 88 20 sporren
438 1065 33 21 till
491 1071 27 16 en
532 1065 88 22 raskare
635 1065 112 28 framgång
763 1065 24 21 af
800 1065 222 22 folkskoleväsendets

195 1093 124 27 utveckling
334 1093 6 21 i
355 1094 48 21 vårt
417 1093 56 22 land.
497 1094 42 27 Jag
556 1093 33 22 får
605 1094 83 21 derföre
704 1094 32 21 till
752 1094 38 21 det
805 1094 115 27 höglofliga
936 1095 86 21 ståndet

196 1121 123 28 ödmjukast
333 1122 114 21 hemställa
461 1124 32 19 att
508 1123 31 20 till
554 1122 149 22 förbättrande
716 1123 23 21 af
749 1122 217 23 folkskolelärarenes
982 1123 40 22 och

195 1150 158 22 lärarinnornas
368 1151 156 22 löneförmäner
540 1152 67 21 måtte
619 1152 90 27 beviljas
724 1152 126 27 ytterligare
866 1153 42 20 200
923 1152 61 21 mark
1000 1152 22 21 ät

196 1185 25 15 en
237 1179 59 27 hvar,
313 1180 24 21 sä
353 1182 32 19 att
401 1180 156 27 statsbidraget
569 1180 34 22 för
619 1181 25 21 de
659 1180 56 22 förre
732 1181 19 21 d.
768 1187 19 15 v.
805 1187 16 15 s.
838 1181 98 21 lärarene
952 1180 69 22 blefve

195 1210 48 24 800,
264 1210 56 19 samt
334 1208 33 22 för
383 1209 26 21 de
424 1215 75 16 senare
516 1209 52 22 eller
586 1209 146 22 lärarinnorna
751 1211 42 20 600
814 1209 67 27 mark,
897 1210 49 21 med
960 1209 60 22 bibe-

194 1237 100 22 hållande
315 1237 23 22 af
354 1237 27 22 de
401 1237 106 22 förmåner
525 1238 7 21 i
552 1237 65 28 öfrigt
635 1244 46 15 som
705 1240 126 20 omnämnas
851 1239 7 20 i
878 1237 23 29 $$
922 1240 39 20 134
980 1238 40 21 och

197 1267 38 20 135
256 1266 7 21 i
282 1265 257 28 folkskoleförordningen
559 1266 23 22 af
596 1267 23 21 år
637 1269 58 19 1866.

264 1295 57 22 Herr
337 1295 181 28 Godenhjelm:
535 1295 41 27 Jag
593 1302 62 15 anser
670 1296 7 21 i
690 1296 69 21 likhet
775 1296 48 21 med
840 1296 41 21 den
890 1295 131 27 föregäende

195 1323 66 21 ärade
277 1324 83 21 talaren
379 1326 32 19 att
431 1325 39 20 den
488 1325 7 20 i
513 1324 121 27 Kejserliga
648 1325 164 27 propositionen
826 1324 122 27 föreslagna
962 1324 59 21 löne-

195 1352 140 27 tillökningen
354 1352 33 22 för
406 1352 190 23 folkskolelärarne
611 1353 68 22 borde
694 1353 97 28 beviljas,
808 1355 22 26 ty
846 1359 45 16 som
907 1353 69 21 kändt
990 1355 30 25 är,

195 1383 23 18 är
233 1380 216 23 folkskolelärarenes
470 1382 102 27 ställning
591 1382 116 27 ingalunda
722 1383 43 20 den
779 1382 71 26 bästa,
867 1382 40 21 och
924 1388 32 15 om
973 1388 49 15 man

194 1409 36 22 vill
249 1409 105 22 förbättra
375 1410 47 27 den,
439 1412 45 19 tror
496 1411 44 27 jag,
557 1412 33 20 att
605 1411 37 21 det
657 1411 55 22 enda
726 1411 83 22 medlet
824 1413 30 24 är,
871 1412 32 20 att
918 1411 28 27 pä
962 1411 60 20 detta

195 1440 44 19 sätt
255 1439 42 20 öka
313 1439 62 21 deras
391 1439 66 22 löner.
480 1439 125 27 Principielt
619 1439 42 22 kan
678 1440 36 21 det
729 1439 129 27 visserligen
872 1446 52 15 vara
939 1439 81 27 riktigt,

193 1469 33 19 att
248 1467 155 22 kommunerne
422 1468 67 21 borde
507 1469 63 20 sköta
589 1468 44 21 helt
652 1469 40 21 och
710 1468 70 22 hället
796 1475 33 14 om
845 1467 121 23 folkskolan
982 1467 39 22 och

191 1495 80 27 jemväl
287 1496 42 21 öka
344 1496 109 22 lärarenes
469 1496 66 27 löner,
552 1503 48 15 men
613 1497 38 27 jag
666 1499 45 19 tror
726 1497 63 25 dock,
807 1498 33 20 att
847 1496 33 22 för
888 1496 132 22 närvarande

193 1524 155 22 kommunerna
363 1524 61 28 gifvit
439 1525 44 26 allt,
499 1525 57 22 hvad
572 1526 27 21 de
614 1527 54 20 trott
683 1526 33 27 sig
731 1526 55 21 böra
802 1525 62 27 gifva.
891 1526 10 20 I
917 1532 27 15 en
959 1524 62 23 fram-

193 1552 32 22 tid
244 1554 42 20 kan
304 1553 145 23 förhällandet
467 1554 126 28 visserligen
612 1554 65 22 blifva
697 1556 32 20 ett
747 1556 73 26 annat,
838 1554 66 23 sedan
920 1554 102 22 intresset
