1109 1739
223 121 41 20 330
513 123 39 17 Den
569 121 28 19 20
613 123 87 18 Oktober.

191 185 64 27 lägga
262 185 31 22 tio
301 187 60 20 verst
371 186 27 21 då
408 185 36 22 två
453 192 105 21 personer
570 186 50 22 åkte
629 187 55 21 efter
695 193 26 15 en
732 186 57 26 häst,
800 185 95 22 beredde
904 191 26 16 en
938 185 82 27 ganska

194 214 110 27 obetydlig
319 215 46 20 lisa.
387 215 48 22 Den
449 215 80 27 nådiga
543 215 163 27 propositionen
721 215 90 22 föreslår
827 217 26 19 90
863 214 99 26 minuter,
972 220 48 15 men

193 243 38 22 det
249 243 116 28 höglofliga
385 244 86 22 ståndet
487 244 106 22 stannade
608 244 7 21 i
631 245 37 21 det
683 245 72 21 beslut
769 245 33 20 att
816 243 108 22 fastställa
940 245 26 20 70
982 243 38 21 mi-

192 273 69 26 nuter,
278 273 27 21 då
319 273 37 21 två
370 279 103 21 personer
487 273 100 27 begagna
597 273 34 27 sig
641 273 22 22 af
673 280 26 15 en
709 273 56 22 häst.
792 273 38 21 Att
840 273 106 21 minutera
957 272 64 21 dessa

191 301 31 22 tio
238 301 92 22 minuter
345 307 46 16 som
407 301 133 28 öfverskjuta
554 303 27 20 de
597 304 34 25 60,
647 303 69 21 under
730 302 87 21 hvilken
832 301 31 22 tid
879 307 49 16 man
943 307 77 15 annars

192 336 51 16 vore
267 331 122 26 berättigad
409 333 33 19 att
461 331 166 28 tillryggalägga
647 338 26 15 en
692 331 44 27 mil,
756 331 71 22 blefve
843 331 95 21 särdeles
954 330 65 26 svårt,

192 359 41 22 och
246 360 38 27 jag
299 361 36 20 vet
349 359 48 22 icke
413 366 43 21 ens,
473 360 56 21 huru
544 367 49 14 man
608 360 50 22 med
673 360 94 22 klockan
782 360 7 21 i
799 360 58 21 hand
868 359 68 22 skulle
947 359 73 27 lyckas

191 388 84 22 fördela
290 389 64 21 dessa
368 389 30 21 tio
413 389 93 22 minuter
521 389 28 28 på
565 396 26 15 en
606 389 43 27 mil,
666 389 40 22 och
723 391 57 20 ännu
795 388 88 22 svårare
898 388 70 22 skulle
984 388 37 21 det

191 417 30 21 bli
241 417 34 21 för
293 417 41 21 den
354 423 45 16 som
418 418 48 22 icke
484 418 40 21 har
538 418 85 26 klocka,
639 425 46 15 som
701 417 60 23 fallet
777 419 24 19 är
815 418 50 21 med
880 417 27 21 de
922 417 62 21 fleste
1000 416 21 22 af

191 446 52 21 våra
255 446 148 27 skjutskarlar.
426 447 31 21 På
473 447 63 22 dessa
552 447 47 21 skäl
615 447 132 21 äterhemtar
760 446 39 28 jag
813 446 44 21 min
872 446 100 22 anhållan
988 447 32 19 att

191 475 38 21 det
244 474 115 28 höglofliga
373 476 88 21 ståndet
475 476 68 22 måtte
559 478 80 25 antaga
653 476 164 28 inbjudningen;
833 476 42 21 den
890 477 24 19 är
924 475 25 27 ju
959 474 61 28 gjord

192 502 23 23 af
225 504 168 26 Bondeståndet,
410 504 39 22 der
464 504 81 22 enhvar
561 507 24 19 är
600 504 225 28 skjutsningsskyldig,
838 504 40 22 och
887 504 37 28 jag
934 504 39 22 ber
984 504 36 21 det

192 532 116 28 höglofliga
330 533 87 22 ståndet
438 534 48 21 icke
509 535 34 21 tro
562 536 33 19 att
611 534 164 22 Bondeståndet
794 533 58 27 gjort
867 532 153 28 inbjudningen

191 562 81 22 enhvar
287 562 7 21 i
309 562 39 22 sitt
361 562 98 28 intresse,
475 564 53 20 utan
543 563 7 21 i
561 563 49 22 hela
620 563 85 22 landets
717 562 235 28 skjutsningsskyldige
961 562 58 26 jord-

190 591 146 27 lägenheters.

260 620 56 22 Herr
333 620 195 27 Björkenheim:
552 621 41 27 Jag
612 622 24 20 är
651 621 98 21 tacksam
765 620 33 22 för
812 622 34 20 att
860 626 50 16 man
924 619 96 29 päminnt

190 648 44 28 mig
257 655 34 15 om
309 649 26 22 de
354 649 47 22 skäl
420 656 46 15 som
484 650 175 22 Bondeständets
679 650 139 28 deputations
838 649 128 22 ordförande
980 648 39 22 här

192 677 80 28 anfört;
287 678 38 27 jag
339 678 41 22 blir
395 678 28 22 dä
437 679 7 21 i
460 678 84 23 tillfälle
559 680 34 20 att
607 679 145 27 äterupptaga
768 679 64 21 dessa
843 678 47 22 skäl
901 678 32 21 till
943 678 75 22 besva-

191 706 73 22 rande.
295 707 50 21 Man
363 709 63 25 säger
445 709 34 20 att
498 708 38 22 der
551 708 37 21 tvä
603 714 105 21 personer
723 708 43 21 äka
782 707 55 22 efter
852 714 27 15 en
894 707 50 21 häst
958 706 33 22 för
1008 708 9 19 1

191 736 62 20 mark
271 738 27 19 60
313 736 64 27 penni
392 736 71 26 milen,
483 737 69 21 skulle
568 737 80 21 enhvar
663 737 42 21 äka
719 737 35 21 för
769 738 32 20 ett
816 736 45 27 pris
878 736 24 22 sä
918 735 102 22 oerhördt

191 764 71 27 billigt
285 767 32 19 att
339 765 64 27 ingen
425 766 56 21 enda
502 766 191 26 kommunikation,
712 766 117 28 jernvägar
848 765 53 22 eller
916 764 104 28 ångbåtar

190 793 73 22 kunde
283 794 132 21 konkurrera
433 794 50 22 med
501 802 27 14 en
548 795 25 21 sä
587 795 60 27 billig
662 794 61 28 afgift
739 800 47 16 som
802 796 27 19 80
844 794 65 28 penni
924 800 38 20 per
976 793 42 21 mil.

190 822 35 21 Nu
241 824 24 19 är
281 822 37 22 det
333 823 117 22 emellertid
465 823 60 22 fallet
539 825 34 20 att
588 824 42 21 alla
640 824 67 22 andra
717 822 303 23 kommunikationsanstalter

192 851 50 21 med
261 850 69 23 fördel
350 852 133 22 konkurrera
501 853 50 21 med
571 852 69 22 denna
654 853 56 26 lega,
727 854 35 20 att
776 852 74 27 hvarje
863 852 89 27 jernväg
968 851 52 21 eller

191 880 81 27 ängbät
292 880 108 22 debiterar
419 883 32 19 ett
470 882 59 26 lägre
544 882 45 26 pris
605 888 38 21 per
657 882 42 26 mil,
717 881 29 21 dä
761 888 49 14 man
825 881 105 21 betänker
946 882 32 19 att
994 880 26 21 de

190 915 105 21 personer
310 916 45 15 som
371 910 41 21 äka
427 912 78 20 tvenne
521 910 55 22 efter
591 917 27 15 en
633 910 50 22 häst
698 911 48 21 icke
757 909 93 22 behöfva
860 909 46 22 fara
915 909 29 27 pä
953 908 67 22 första

191 938 60 21 klass
270 938 29 27 pä
315 938 124 27 jernvägen,
456 941 52 19 utan
523 939 73 21 kunna
612 940 73 27 ätnöja
699 940 34 26 sig
748 938 50 22 med
813 938 70 27 tredje
898 938 65 24 klass,
980 938 40 21 och

191 966 69 27 priset
272 966 33 22 för
320 967 69 22 denna
404 967 59 22 klass
479 970 24 19 är
518 967 49 22 vida
581 968 66 27 lägre;
664 967 62 23 äfven
743 967 37 22 det
795 967 72 22 skälet
881 967 39 21 har
935 967 85 21 säledes

191 995 48 22 icke
254 995 78 22 tecken
347 996 32 21 till
394 996 128 22 hällbarhet.

260 1024 56 22 Herr
332 1024 136 28 Snellman,
484 1026 19 21 J.
520 1025 32 22 V.:
569 1025 42 28 Jag
626 1025 97 22 anhäller
739 1026 34 21 att
787 1025 50 21 med
852 1024 50 21 herr
916 1024 74 21 Taube
1000 1023 22 22 fä

190 1052 75 22 förena
285 1053 43 27 mig
343 1054 32 21 uti
390 1056 33 19 att
437 1054 109 27 tillstyrka
563 1055 131 26 antagandet
709 1053 24 23 af
746 1053 175 22 Bondeständets
937 1053 83 27 inbjud-

190 1081 51 27 ning
256 1082 29 27 pä
300 1082 27 21 de
343 1083 46 21 skäl
405 1083 72 22 hvilka
491 1083 51 22 herr
557 1083 73 22 Taube
646 1083 25 22 sä
685 1083 35 22 väl
736 1082 124 22 framställt.
882 1083 42 26 Jag
934 1082 39 21 ber
984 1081 36 22 öd-

190 1110 95 27 mjukast
299 1111 22 22 fä
336 1111 89 27 tillägga
441 1113 38 25 att,
495 1112 27 21 dä
538 1112 67 22 saken
616 1113 54 21 dock
680 1111 151 28 förnämligast
841 1112 37 21 rör
887 1111 134 21 Bondestän-

191 1139 43 26 det,
259 1139 40 22 och
323 1139 37 22 det
383 1143 24 18 är
425 1141 165 22 Bondeständet
610 1147 47 16 som
671 1141 40 22 bär
727 1143 89 24 tungan,
833 1140 25 21 sä
872 1139 67 22 borde
955 1139 66 22 redan

191 1167 72 22 denna
278 1169 160 27 omständighet
452 1169 8 22 i
475 1170 43 21 min
533 1170 66 21 tanke
615 1171 52 26 göra
682 1170 42 21 alla
741 1169 69 27 öfriga
825 1169 65 21 ständ
905 1168 73 27 villiga
989 1169 33 20 att

191 1197 25 21 sä
233 1197 46 21 vidt
288 1197 83 28 möjligt
381 1200 30 25 är,
424 1198 25 21 sä
459 1198 120 22 bestämma
589 1199 70 27 legan,
671 1205 46 15 som
727 1198 166 21 Bondeständet
901 1197 83 26 önskat,
996 1197 27 21 dä

191 1226 70 21 denna
277 1227 82 21 önskan
373 1227 7 20 i
396 1227 33 27 sig
443 1227 50 28 sjelf
506 1228 48 21 icke
569 1227 90 22 innebär
674 1228 68 27 nägot
757 1227 95 26 oriktigt.
884 1226 85 21 Sädana
984 1232 38 15 an-

190 1254 143 28 märkningar,
349 1261 46 16 som
408 1256 38 27 jag
461 1256 49 22 hört
524 1258 63 25 göras
603 1258 44 20 mot
662 1256 112 27 förslaget,
786 1255 70 22 skulle
864 1255 38 28 jag
912 1255 47 21 icke
970 1261 52 14 anse

190 1289 52 15 vara
257 1283 22 22 af
296 1284 138 27 betydenhet.
464 1285 38 21 Ett
517 1285 82 27 förslag
614 1285 78 22 sädant
707 1291 49 16 som
772 1285 60 21 detta
847 1284 42 21 kan
906 1283 68 27 aldrig
988 1283 33 21 fäs

189 1311 8 22 i
213 1312 46 21 sina
275 1313 69 21 skilda
358 1313 162 28 bestämningar
535 1314 152 27 säbeskaffadt,
699 1315 34 20 att
743 1313 49 22 icke
803 1312 139 27 olägenheter
953 1312 69 21 skulle

191 1343 58 19 ännu
268 1341 97 22 vidhäfta
385 1343 124 21 detsamma.
541 1343 86 21 Sädana
642 1342 157 27 invändningar
814 1348 47 15 som
876 1343 32 20 att
922 1341 37 22 tvä
973 1347 49 21 per-

191 1375 64 16 soner
274 1370 49 22 icke
342 1371 69 22 skulle
429 1371 72 22 kunna
517 1372 42 21 äka
573 1372 142 21 tilisammans
732 1371 41 22 och
788 1370 65 22 hafva
868 1371 31 21 sin
916 1369 106 28 packning

190 1399 29 26 pä
234 1399 94 21 särskild
343 1399 66 24 släde,
427 1401 51 20 eller
493 1402 33 20 att
541 1401 48 21 icke
604 1401 36 21 tvä
655 1401 128 27 skolgossar
797 1399 73 22 kunde
882 1399 41 21 äka
933 1399 89 21 tillsam-

191 1433 68 21 mans,
275 1428 89 22 emedan
381 1429 36 21 det
432 1429 69 22 blefve
518 1429 82 28 dyrare,
617 1430 68 21 skulle
699 1430 40 27 jag
753 1428 33 22 för
801 1429 43 20 min
861 1428 35 21 del
912 1433 52 16 anse
974 1427 48 22 icke

191 1462 52 15 vara
262 1456 23 22 af
302 1457 70 27 nägon
392 1457 51 27 vigt,
464 1460 22 25 ty
502 1459 42 24 den
560 1465 46 15 som
621 1459 36 21 vill
673 1459 65 20 hafva
753 1457 60 27 nöjet
827 1459 33 19 att
876 1457 42 20 äka
933 1456 89 21 tillsam-

191 1491 60 15 mans
271 1486 50 20 med
339 1492 27 15 en
386 1492 69 16 annan
474 1486 52 22 eller
543 1487 28 21 dä
585 1487 75 27 tycker
675 1487 32 27 sig
725 1486 42 21 äka
783 1486 79 26 bättre,
878 1486 42 20 han
936 1485 34 21 mä
985 1485 37 21 be-

191 1514 45 21 tala
255 1514 79 22 derför.
363 1514 80 22 Likasä
462 1515 43 21 kan
526 1516 37 22 det
577 1516 35 21 väl
628 1516 44 21 ofta
687 1522 53 15 vara
754 1516 64 26 tungt
833 1514 33 22 för
881 1514 141 26 skolungdom

191 1542 92 22 likasom
303 1542 32 22 för
355 1544 66 21 andra
436 1544 118 22 medellösa
570 1546 33 20 att
617 1544 72 22 betala
705 1545 44 21 den
764 1544 67 27 högre
847 1543 69 27 legan,
932 1549 48 15 men
996 1549 26 15 en
