1109 1739
423 141 40 18 Den
480 139 28 19 20
524 141 88 18 Oktober.
862 139 40 20 307

105 203 130 28 positionen,
257 203 112 27 angående
388 203 126 28 förändring
534 203 23 22 af
571 203 27 22 de
613 203 49 22 med
677 203 117 27 Kuusamo,
810 202 124 24 Kemiträsk

107 233 40 21 och
162 232 126 27 Kuolajärvi
303 232 134 22 sockneboer
453 232 108 22 afslutade
576 232 191 22 knektekontrakt.

176 261 65 27 Uppå
262 261 50 21 herr
334 261 222 22 Landtmarskalkens
575 261 116 27 förfrågan,
707 260 107 22 huruvida
829 261 70 26 någon
915 259 22 22 af

108 290 98 21 ståndets
227 289 139 22 medlemmar
384 291 96 21 önskade
500 292 59 26 yttra
577 291 34 26 sig
626 290 59 22 öfver
699 289 75 28 frågan
789 289 8 22 i
812 289 123 26 allmänhet,

109 319 67 22 utbad
192 319 33 26 sig

179 348 56 21 Herr
255 353 41 16 von
315 347 110 22 Alfthan
444 348 64 21 ordet
528 348 40 21 och
587 347 96 28 yttrade:
713 347 43 22 För
770 347 68 22 andra
854 347 83 27 gången

110 376 56 22 skall
189 377 88 20 ståndet
292 383 28 14 nu
335 377 69 21 uttala
420 377 33 27 sig
468 377 113 27 angående
595 376 124 27 förändring
735 375 23 22 af
771 377 28 20 de
813 376 50 21 med
878 376 59 21 Kuu-

112 411 65 21 samo,
196 405 124 22 Kemiträsk
335 405 40 22 och
391 406 125 26 Kuolajärvi
532 406 135 21 sockneboer
682 405 106 22 afslutade
803 405 135 22 knektekon-

112 434 64 21 trakt.
207 434 34 21 Då
255 433 75 28 frågan
344 434 84 22 förevar
442 434 36 22 vid
495 436 56 20 1872
567 435 35 21 års
612 434 110 27 landtdag,
733 434 80 27 ansågo
821 433 118 23 ständerna

113 462 115 27 tillräcklig
250 463 115 27 utredning
384 463 48 21 icke
452 462 116 22 förefinnas
588 463 33 22 för
637 464 32 20 att
684 462 55 22 fatta
753 463 74 21 beslut
841 463 7 21 i
864 462 74 26 saken,

113 493 53 20 utan
189 491 96 22 önskade
308 493 33 20 att
361 498 25 15 en
404 492 316 27 undersökningskommission
735 492 68 22 måtte
817 492 121 25 nedsättas,

113 520 33 22 för
162 522 33 20 att
209 522 53 25 göra
277 520 33 28 sig
325 523 98 19 närmare
438 522 143 20 underrättad
597 527 34 15 om
646 520 164 27 befolkningens
825 520 69 22 behof
900 520 40 21 och

113 549 127 27 rättmätiga
256 550 131 26 önskningar
401 552 56 19 samt
473 550 26 22 de
517 550 149 27 egendomliga
680 549 155 27 förhållanden,
852 555 47 15 som
912 548 29 27 på

115 578 64 22 dessa
197 578 99 27 nordliga
311 581 58 19 orter
385 585 40 21 ega
440 585 53 20 rum,
511 578 110 22 hvarefter
636 578 90 22 ärendet
741 578 66 22 borde
823 578 118 21 ständerna

114 607 36 21 vid
168 607 128 21 kommande
311 607 104 27 landtdag
430 608 54 27 ånyo
499 607 132 27 föreläggas.
662 608 42 26 Jag
719 609 38 25 tog
771 608 44 26 mig
829 607 36 21 vid
881 606 61 22 detta

115 635 84 22 tillfälle
214 636 91 22 friheten
321 638 64 25 yttra,
401 638 33 20 att
449 643 26 15 en
491 636 68 22 sådan
575 636 139 22 kommission
721 636 48 21 icke
778 636 70 21 skulle
856 636 86 20 komma

116 666 33 20 att
166 664 86 28 mycket
269 666 83 20 uträtta
368 665 40 21 och
429 667 33 19 att
479 666 31 26 på
524 666 68 26 något
606 664 189 28 tillmötesgående
810 665 13 21 å
838 664 104 22 vederbö-

116 694 66 21 rande
205 694 145 21 sockneboers
373 694 48 21 sida
443 694 48 22 icke
511 700 52 16 vore
583 696 32 20 att
634 694 73 21 räkna.
738 694 37 21 Uti
790 693 106 22 hvardera
912 692 30 22 af-

117 722 90 22 seendet
226 722 64 22 hafva
304 722 145 22 händelserna
463 722 62 28 gifvit
539 723 44 27 mig
598 724 44 20 rätt
657 723 41 21 och
713 729 49 15 man
776 722 44 22 kan
836 724 58 24 säga,
911 723 33 19 att

117 752 117 21 ständerna
253 752 24 20 år
297 753 60 25 1877,
375 753 110 25 gentemot
501 752 70 21 denna
585 752 62 26 fråga
661 751 86 22 befinna
762 751 33 27 sig
810 750 91 28 ungefär
915 750 29 27 på

118 786 81 16 samma
215 780 134 27 ståndpurkt
365 786 46 16 som
427 780 24 22 år
467 782 63 24 1872,
546 780 37 23 vid
598 780 85 22 hvilken
693 780 110 27 landtdag,
813 786 77 20 genom
901 779 43 21 dis-

117 809 144 21 kussionerna
276 809 57 21 inom
349 809 97 27 stånden,
462 809 75 27 frågan
554 809 69 22 erhöll
639 816 26 14 en
680 810 44 20 rätt
739 808 121 28 mångsidig
873 808 71 27 belys-

118 838 57 26 ning.
200 838 161 21 Sammansatta
376 838 55 27 Lag-
448 838 40 22 och
497 838 228 22 Ekonomiutskottets
734 837 138 22 betänkande
881 843 64 21 grun-

120 867 38 21 dar
173 866 34 27 sig
222 867 66 21 också
303 867 32 21 till
351 873 25 15 en
392 867 107 27 väsentlig
516 867 35 22 del
566 867 59 27 uppå
641 867 41 21 den
696 866 37 22 vid
748 866 58 22 förra
813 866 132 26 landtdagen

119 902 71 15 vunna
205 895 122 27 utredning,
343 896 54 21 ifrån
412 896 87 21 hvilken
514 896 67 21 bland
597 897 66 20 annat
677 896 105 26 klarligen
797 895 100 27 framgår,
914 896 32 19 att

120 924 126 27 regeringen
267 924 7 21 i
297 924 86 22 samråd
404 925 49 21 med
476 925 119 21 ständerna
617 927 24 19 är
663 924 122 27 berättigad
806 925 33 20 att
859 924 7 20 i
882 923 65 22 dessa

120 953 184 21 knektekontrakt
320 954 51 26 göra
387 954 96 26 ändring,
498 953 89 22 hvarför
601 959 34 16 om
651 953 70 21 denna
736 954 47 20 sida
798 952 23 22 af
834 952 69 21 saken
918 957 29 16 nu

121 981 48 22 icke
191 982 62 21 torde
275 981 92 23 behöfva
386 981 127 28 utförligare
529 983 70 20 ordas.
630 981 40 22 Om
685 988 49 15 man
749 981 72 22 vidare
837 980 83 22 lemnar
935 980 13 21 å

122 1010 46 22 sido
189 1011 27 20 de
237 1010 146 27 skyldigheter
401 1011 113 27 angående
530 1010 174 27 landsförsvaret,
720 1010 72 22 hvilka
807 1009 69 22 blifvit
891 1008 57 23 före-

122 1039 76 27 slagna
213 1040 33 20 att
260 1039 118 22 tillsvidare
393 1039 82 22 lemnas
491 1039 150 27 oförändrade,
657 1039 25 22 så
692 1039 141 22 sönderfaller
841 1039 42 20 den
891 1038 57 21 åter-

122 1068 91 21 stående
232 1068 63 21 delen
311 1067 23 22 af
347 1068 75 27 frågan
437 1069 7 20 i
459 1070 80 20 tvenne
554 1068 153 22 hufvuddelar:
724 1069 41 20 den
781 1074 41 15 ena
838 1067 111 26 angående

123 1097 41 21 den
187 1097 153 26 provisionella
363 1097 136 27 afrösningen
522 1097 22 22 af
557 1097 144 27 kronojorden
717 1097 53 21 eller
784 1095 94 23 rörande
892 1095 58 22 hvad

123 1132 47 15 som
189 1125 67 22 borde
276 1126 38 21 ske
333 1133 29 14 nu
377 1128 84 25 genast,
477 1126 43 22 och
540 1126 42 21 den
597 1126 68 21 andra
680 1125 141 27 afdelningen,
838 1125 112 26 angående

123 1155 48 26 laga
187 1153 112 23 storskifte
315 1155 41 21 och
364 1155 169 27 skattläggning,
542 1155 73 21 hvilka
622 1154 154 27 förrättningar
784 1155 84 20 ansetts
877 1153 74 21 kunna

124 1183 40 22 och
186 1183 55 21 böra
263 1183 55 22 först
339 1183 7 22 i
368 1183 114 22 framtiden
501 1184 136 21 verkställas.
667 1183 170 22 Vidkommande
853 1188 29 15 nu
896 1181 55 22 först

125 1213 40 20 den
187 1212 154 27 provisionella
363 1212 136 27 afrösningen
516 1212 22 22 af
551 1212 93 22 berörda
658 1212 148 27 kronojordar,
823 1211 25 22 så
862 1211 40 20 har
917 1212 34 20 ut-

125 1241 84 21 skottet
223 1241 114 21 bibehållit
352 1241 26 22 de
393 1241 7 21 i
416 1242 41 21 den
471 1241 82 27 nådiga
567 1241 162 27 propositionen
744 1240 122 27 föreslagna
882 1239 69 22 areal-

124 1269 195 28 bestämningarne,
335 1270 112 27 angående
463 1270 41 21 den
519 1270 56 27 jord,
587 1276 45 15 som
643 1270 36 21 vid
689 1270 70 21 denna
767 1269 110 26 afrösning
884 1268 68 22 borde

125 1298 94 21 tilldelas
242 1299 59 21 såväl
322 1299 26 21 de
367 1299 71 26 gamla
456 1299 135 26 hemmanen,
613 1305 46 15 som
678 1299 26 21 de
726 1305 41 20 nya
790 1297 162 28 lägenheterna.

125 1327 73 26 Något
213 1327 74 27 längre
302 1327 53 22 fram
371 1327 55 22 talar
441 1328 111 21 utskottet
567 1327 56 22 dock
639 1333 34 16 om
688 1327 196 26 nödvändigheten,
902 1326 51 21 eller

127 1356 131 21 åtminstone
274 1356 165 22 sannolikheten
455 1356 69 27 deraf,
539 1358 33 19 att
586 1363 49 14 man
650 1356 36 21 vid
700 1355 108 22 blifvande
823 1355 50 27 laga
884 1355 69 21 skatt-

126 1385 103 26 läggning
245 1384 22 22 af
280 1384 111 23 storskifte
407 1385 70 22 skulle
493 1385 85 27 nödgas
595 1385 130 21 tillerkänna
734 1383 220 23 hemmanen
868 1379 13 37 i
892 1383 62 23 dessa

127 1414 92 21 socknar
241 1420 60 15 mera
321 1413 50 28 jord
393 1416 26 19 än
443 1414 102 27 gällande
568 1413 272 27 landtmäterireglemente
862 1412 7 21 i
885 1412 70 22 denna

128 1442 34 21 del
184 1442 126 22 innehåller.
341 1442 44 27 Mig
405 1449 64 21 synes
488 1443 75 21 säsom
577 1443 48 21 häri
641 1442 69 21 skulle
724 1442 58 27 ligga
798 1448 26 15 en
840 1441 44 22 viss
899 1443 56 20 mot-

128 1471 85 26 sägelse
232 1471 40 21 och
293 1477 46 15 som
358 1477 35 15 om
412 1471 111 21 utskottet
537 1471 48 21 icke
601 1471 69 21 skulle
685 1471 33 21 till
733 1471 52 21 fullo
800 1470 66 22 hafva
880 1471 77 19 värnat

127 1498 164 28 befolkningens
306 1501 45 20 rätt
366 1500 40 21 och
420 1499 115 23 förmåner.
553 1512 24 3 —
595 1499 163 27 Otvifvelaktigt
771 1499 72 21 måste
859 1498 37 22 det
906 1504 53 16 vara

129 1528 128 22 ständernas
273 1528 82 22 önskan
371 1528 41 22 och
427 1528 23 22 af
465 1528 50 22 dem
532 1528 72 22 såsom
619 1528 68 22 första
701 1528 69 22 vilkor
785 1526 129 28 uppställas,
926 1528 34 20 att

129 1556 74 22 derest
219 1556 27 22 de
261 1557 58 27 gifva
335 1557 39 22 sitt
388 1556 60 23 bifall
464 1557 33 21 till
513 1557 222 22 knektekontraktens
752 1556 97 27 ändring,
865 1561 51 16 man
923 1555 37 23 vid
