1109 1739
229 127 41 20 156
514 128 39 17 Den
571 126 25 19 13
613 127 86 18 Oktober.

199 193 82 26 ningar.
311 192 56 21 Herr
389 191 55 22 Rein
466 191 40 21 har
527 193 109 25 upprepat
658 191 166 26 Lagutskottets
848 190 120 27 påstående
992 196 34 16 om

199 221 122 27 kränkning
337 220 22 22 af
377 220 115 22 utländske
512 219 124 23 författares
652 221 50 20 rätt.
733 220 42 27 Jag
790 220 39 21 ber
844 221 33 20 att
891 219 22 22 få
927 219 100 28 påminna

201 257 34 15 om
251 251 33 20 att
298 250 53 21 hvar
367 249 40 22 och
423 256 26 15 en
464 255 47 16 som
526 249 48 22 icke
590 255 36 16 ser
641 255 42 21 upp
700 249 43 21 kan
759 249 28 26 gå
801 249 64 21 miste
884 254 33 16 om
932 248 33 21 sin
975 250 51 24 rätt,

200 279 60 22 såväl
275 285 26 16 en
323 279 109 26 inländing
455 285 46 15 som
520 278 118 27 utländing.
669 278 43 21 Det
733 277 69 22 finnes
825 277 80 28 lagliga
926 277 100 22 former
1015 273 15 38 i

201 308 120 27 samhället,
342 314 46 15 som
407 307 70 22 måste
496 307 117 27 iakttagas.
645 307 40 22 Om
700 313 49 15 man
765 307 133 21 åsidosätter
912 307 54 26 dem,
982 306 43 21 kan

199 344 50 15 man
269 337 27 27 gå
311 337 62 22 miste
389 342 34 16 om
438 337 60 26 långt
513 336 105 27 vigtigare
633 336 134 27 rättigheter,
784 335 129 27 rättigheter
928 341 45 16 som
988 337 37 19 äro

199 366 134 27 beständiga.
349 378 28 3 —
393 366 42 21 Det
455 365 103 22 behöfves
578 365 48 22 icke
646 365 89 28 mycken
751 365 79 26 omsigt
846 364 23 22 af
882 371 27 15 en
924 364 101 21 utländsk

200 395 119 26 författare,
339 395 32 21 för
394 396 32 19 att
444 393 22 22 få
480 395 52 20 reda
550 394 36 27 pä,
602 396 39 19 när
657 400 25 15 en
698 394 36 27 lag
749 399 35 16 om
799 393 85 22 litterär
900 393 126 27 eganderätt

200 424 107 22 utfärdats
329 424 8 20 i
356 423 89 21 Finland
465 423 40 21 och
524 423 57 21 hvad
598 423 69 21 denna
682 423 45 27 lags
746 424 9 19 1
773 422 11 28 $
800 422 124 22 innehåller.
942 433 24 3 —
983 423 43 20 Det

201 456 23 19 är
238 453 68 21 redan
321 459 28 15 nu
363 452 60 22 fallet
437 452 40 22 hos
493 458 43 20 oss,
553 453 33 20 att
601 452 175 21 bokmarknaden
793 453 24 19 är
832 451 68 27 dålig;
916 450 51 22 våra
982 450 42 22 för-

200 483 85 21 nämste
307 482 180 26 vetenskapsmän
509 480 21 22 få
550 480 45 22 ofta
615 487 49 15 resa
679 482 30 26 ut,
725 480 33 22 för
773 482 33 19 att
822 480 25 22 så
862 482 33 19 att
910 482 52 24 säga
976 486 49 20 pro-

201 512 97 20 viantera
317 510 7 22 i
343 510 85 27 bokväg
443 510 6 21 i
465 510 131 22 främmande
611 510 81 26 länder,
709 509 90 22 emedan
814 509 40 21 här
868 509 48 21 icke
932 508 45 22 står
992 510 33 20 att

200 540 33 22 fås
249 546 64 21 nyare
328 540 116 21 bokalster.
475 539 66 21 Detta
556 539 70 21 skulle
641 539 116 27 ingalunda
772 537 66 23 blifva
852 538 77 26 bättre,
945 544 34 15 om
995 537 30 22 öf-

203 569 134 27 versättning
353 568 22 22 af
388 568 115 22 utländske
518 567 124 23 författares
658 568 66 22 alster
737 566 70 23 blefve
817 566 118 22 försvårad.
948 577 23 4 —
984 566 42 28 Jag

200 597 124 27 medgifver,
348 599 33 19 att
403 598 40 20 den
469 596 95 22 faktiska
590 596 80 28 följden
696 597 22 21 af
741 596 283 27 inregistreringsprincipen

200 626 71 23 blefve
287 626 47 27 den,
351 628 32 20 att
399 626 108 27 åtskilliga
522 626 117 21 utländska
655 626 89 22 arbeten
760 625 49 21 icke
823 625 85 21 komme
924 626 32 20 att
968 624 56 22 inre-

201 656 103 27 gistreras
327 655 40 22 och
390 655 84 21 således
497 656 33 20 att
551 656 96 20 utsättas
663 654 33 22 för
711 661 27 15 en
754 654 27 21 fri
797 654 164 26 öfversättning;
977 660 48 15 men

201 687 32 20 ett
257 684 78 22 sådant
355 684 91 22 faktiskt
464 684 134 22 förhållande
614 684 69 21 skulle
697 684 47 27 just
759 683 81 27 bevisa,
857 684 33 20 att
905 683 63 21 desse
982 682 43 22 för-

200 714 80 22 fattare
303 714 47 21 icke
373 719 51 15 anse
447 713 32 27 sig
501 713 44 21 lida
565 713 72 27 något,
659 713 27 21 då
701 713 27 21 de
743 712 50 22 icke
807 712 112 22 bevakade
934 712 33 21 sin
982 713 43 20 rätt

200 743 29 27 på
244 744 46 20 sätt
306 744 10 19 1
333 742 11 28 $
358 742 7 21 i
381 742 70 21 denna
465 742 36 27 lag
516 742 115 21 innehölle.
651 742 44 21 Det
709 742 40 21 har
764 741 84 27 klagats
860 740 60 23 öfver
930 742 32 20 att
971 740 54 28 pub-

200 772 58 21 liken
273 771 7 21 i
295 771 73 21 landet
383 771 57 21 läser
455 770 56 27 föga,
528 773 59 19 utom
603 770 86 28 dagliga
704 770 115 27 tidningar.
850 769 42 28 Jag
906 771 46 20 tror
966 770 59 26 inga-

200 801 73 25 lunda,
289 802 32 20 att
336 806 49 16 man
401 800 69 21 skulle
485 800 63 21 vinna
563 800 66 26 något
644 800 49 21 med
708 801 33 20 att
757 800 79 26 stadga
850 799 66 27 lagar,
932 805 45 15 som
988 801 37 19 äro

201 830 82 27 egnade
303 830 33 20 att
355 830 116 26 utestänga
489 828 106 27 åtskilligt
609 828 48 22 utaf
671 829 36 21 det
721 828 52 26 lilla,
790 834 46 15 som
852 828 20 21 vi
888 834 29 15 nu
932 834 24 15 se
970 828 8 20 i
994 827 32 22 öf-

200 858 135 27 versättning
354 858 23 21 af
394 858 40 21 den
454 858 115 21 utländska
587 858 142 21 litteraturen.
747 868 27 4 —
790 857 41 27 Jag
846 863 109 21 upprepar
970 856 55 22 såle-

201 888 38 22 des
255 887 49 21 mitt
318 886 86 28 förslag.

269 916 56 22 Herr
340 916 192 26 Montgomery:
548 915 10 21 I
574 915 109 27 egenskap
699 915 22 21 af
737 914 97 22 ledamot
849 914 7 21 i
871 914 155 28 Lagutskottet

201 945 41 22 och
264 945 93 27 följande
381 951 26 15 en
427 944 46 25 sed,
489 950 46 15 som
550 944 58 21 inom
624 944 91 21 stånden
731 944 40 21 allt
785 950 45 14 mer
846 943 40 21 och
902 950 44 15 mer
961 943 65 21 utbil-

201 975 38 20 dat
254 974 39 27 sig,
310 979 63 16 anser
391 973 37 28 jag
445 973 43 27 mig
504 973 85 27 skyldig
604 974 33 20 att
651 973 87 21 bemöta
755 978 26 15 en
797 972 34 21 del
848 971 23 22 af
886 971 26 22 de
928 971 98 22 anmärk-

201 1003 82 26 ningar,
300 1008 46 15 som
361 1009 28 14 nu
404 1002 69 21 under
495 1002 70 21 denna
586 1002 107 21 allmänna
713 1001 125 22 diskussion
861 1000 69 22 blifvit
952 1001 74 27 gjorda

200 1034 46 19 mot
261 1032 38 21 det
313 1031 146 26 föreliggande
474 1030 147 28 lagförslaget.
652 1031 40 20 Till
709 1037 26 15 en
750 1030 76 27 början
841 1029 39 22 ber
892 1030 38 27 jag
945 1029 21 21 få
980 1029 47 22 helt

201 1060 40 22 och
256 1060 67 21 hållet
338 1060 85 21 biträda
438 1059 42 22 den
495 1059 76 28 tanke,
583 1065 46 16 som
645 1060 41 21 den
701 1059 70 22 förste
786 1059 83 21 talaren
883 1059 8 20 i
906 1060 72 19 ämnet
992 1060 34 19 ut-

201 1089 92 28 tryckte,
309 1089 107 26 nemligen
431 1095 35 15 om
481 1089 37 20 det
538 1088 149 27 egendomliga
703 1090 32 19 att
751 1094 28 15 en
794 1087 36 27 lag
845 1087 71 22 stiftas
933 1093 34 15 om
982 1088 44 21 rät-

201 1118 70 27 tighet
293 1118 33 21 till
348 1117 66 22 alster
437 1117 23 22 af
479 1117 86 22 litterär
584 1117 143 27 verksamhet,
744 1117 79 21 medan
839 1116 37 21 det
891 1118 57 19 ännu
963 1116 64 21 beror

201 1147 29 27 på
246 1153 26 15 en
288 1153 70 15 annan
374 1148 26 19 än
415 1145 126 23 författaren
561 1147 33 20 att
609 1146 7 21 i
631 1146 54 21 sista
699 1145 60 22 hand
774 1145 121 22 bestämma
909 1145 55 21 hvad
980 1151 46 15 som

201 1175 55 22 skall
275 1175 22 22 få
317 1181 24 16 se
360 1175 69 27 dagen
445 1175 22 21 af
480 1181 26 16 en
521 1175 124 22 författares
660 1175 84 21 tankar.
775 1174 77 21 Denna
867 1173 160 28 omständighet

200 1205 40 21 har
262 1205 48 21 icke
329 1204 68 21 heller
416 1204 58 21 inom
492 1204 155 27 Lagutskottet
662 1203 70 22 blifvit
748 1202 120 27 förbisedd;
885 1203 41 22 den
940 1203 40 21 har
995 1203 32 21 till

200 1233 41 22 och
256 1233 49 22 med
320 1233 121 21 framkallat
456 1233 56 21 inom
528 1233 155 27 Lagutskottet
694 1239 25 15 en
731 1232 125 21 diskussion
868 1237 34 16 om
913 1232 36 21 det
959 1231 67 28 lämp-

200 1262 44 26 liga
260 1263 52 21 eller
327 1262 116 27 olämpliga
457 1262 32 21 uti
512 1263 32 20 att
563 1262 71 21 vända
653 1262 34 27 sig
701 1261 34 22 till
750 1261 86 21 landets
853 1260 125 27 Storfurste,
994 1260 33 22 för

200 1293 33 19 att
257 1290 22 22 få
301 1291 60 21 detta
379 1291 138 26 förhållande,
533 1291 82 21 hvilket
631 1291 60 21 alltid
705 1291 59 20 inom
779 1290 75 21 landet
868 1289 70 22 måste
952 1289 74 22 bekla-

200 1325 45 22 gas,
262 1319 121 27 afskaffadt,
399 1326 49 15 men
463 1320 155 27 Lagutskottet
632 1319 40 22 har
685 1319 66 21 likväl
767 1317 96 28 frångått
878 1318 70 21 denna
961 1319 65 20 tanke

199 1348 50 21 utaf
269 1348 54 26 skäl,
347 1355 45 14 som
413 1349 38 26 jag
473 1348 33 22 för
525 1349 43 20 min
587 1349 34 21 del
639 1348 47 21 icke
701 1347 132 27 fullkomligt
848 1347 42 21 kan
906 1347 120 27 godkänna,

199 1384 49 15 men
272 1383 47 15 som
340 1377 69 21 blifvit
428 1377 161 22 bestämmande
608 1377 33 22 för
655 1377 169 27 Lagutskottets
839 1376 116 27 pluralitet.
986 1376 41 27 Jag

199 1406 43 21 kan
265 1406 66 21 likväl
353 1406 48 21 icke
423 1405 58 22 finna
503 1407 32 20 att
557 1406 50 21 herr
630 1405 122 22 Schauman
771 1405 46 21 haft
831 1406 50 25 rätt,
898 1405 28 21 då
941 1405 43 21 han
998 1405 29 27 på

200 1435 70 26 grund
286 1434 23 21 af
323 1434 41 22 den
379 1435 7 20 i
401 1435 74 21 landet
490 1435 136 22 existerande
640 1434 127 28 preventiva
777 1439 106 16 censuren
894 1439 63 16 anser
968 1434 58 21 stån-

201 1464 36 20 det
260 1463 53 21 böra
335 1463 94 27 afstyrka
452 1470 26 15 en
497 1464 35 27 lag
555 1471 34 14 om
607 1464 85 21 litterär
707 1462 136 28 eganderätt.
874 1462 153 27 Stadgandena

199 1492 112 27 angående
334 1492 41 21 den
393 1492 124 27 preventiva
536 1498 105 16 censuren
661 1494 36 20 äro
720 1491 144 28 politielagar,
880 1491 27 22 de
929 1491 50 27 vilja
994 1492 32 21 åt-

199 1521 108 21 minstone
329 1521 90 21 bassera
441 1521 33 27 sig
495 1522 29 26 på
546 1522 38 21 det
606 1520 121 28 offentligas
746 1520 102 28 trygghet
865 1520 47 26 och,
928 1526 34 15 om
978 1526 48 16 man

200 1550 66 23 också
288 1550 48 22 icke
358 1550 125 27 godkänner
506 1551 55 27 dem,
585 1550 24 22 så
630 1550 43 22 kan
689 1549 56 23 dock
761 1548 129 28 fullkomligt
906 1549 120 23 oberoende
