1109 1739
412 123 39 17 Den
468 120 25 19 23
512 121 88 20 Oktober.
857 121 40 21 389

103 185 34 20 att
152 185 54 26 säga
221 186 34 19 att
269 184 21 22 vi
305 186 38 20 äro
358 185 53 22 redo
425 185 33 22 till
473 184 74 23 hvilka
562 184 146 28 uppoffringar
723 191 46 16 som
779 185 65 27 helst,
856 185 28 22 då
894 185 38 22 det

102 213 69 27 gäller
187 213 37 22 det
238 213 96 22 växande
350 213 91 28 slägtets
457 213 130 28 uppfostran
603 214 40 21 och
659 214 108 27 skolorna,
787 221 49 15 men
852 215 28 21 då
895 214 37 21 det

102 242 69 27 gäller
186 243 32 20 att
233 242 93 27 ensidigt
341 242 116 27 tillgodose
473 249 26 15 en
516 249 52 20 gren
584 242 23 22 af
619 243 270 27 undervisningsväsendet
903 243 29 26 på

102 271 181 26 realbildningens
306 271 127 27 bekostnad,
458 271 28 22 då
502 278 64 15 anser
578 272 38 27 jag
631 273 33 20 att
679 278 50 15 man
743 272 68 27 begår
825 271 34 22 fel.
889 271 41 27 Jag

102 299 71 22 skulle
195 299 48 22 icke
265 299 57 22 fästa
337 299 25 22 så
381 301 46 20 stor
444 300 45 27 vigt
504 301 37 20 vid
557 301 42 21 den
613 300 114 22 finansiela
742 300 61 22 sidan
819 300 23 22 af
855 300 74 27 saken,

102 328 69 22 ehuru
187 329 42 21 den
244 331 24 19 är
283 329 112 21 allvarsam
410 335 49 21 nog,
475 331 23 26 ty
514 329 134 22 inrättandet
663 329 22 22 af
699 329 26 22 så
734 329 79 27 många
822 335 42 22 nya
873 329 57 21 läro-

102 357 58 27 verk,
178 363 46 16 som
247 357 39 22 här
307 357 91 22 föreslås
414 357 23 22 af
458 358 109 21 allmänna
585 358 206 21 Besvärsutskottet
806 358 40 21 och
862 363 46 16 som
923 357 7 22 i

101 386 123 27 principielt
239 386 123 22 hänseende
378 387 39 21 här
432 393 90 15 numera
536 387 30 27 på
581 389 32 20 ett
628 387 159 26 prononceradt
802 388 45 20 sätt
861 386 69 22 blifvit

100 415 96 21 uttaladt
212 414 23 22 af
248 415 27 21 de
290 417 77 19 tvenne
383 415 65 21 ärade
463 416 105 26 talarene,
584 415 129 22 förutsätter
727 415 147 27 uppoffringar
884 421 46 15 som

100 443 145 22 inberäknadt
266 444 115 27 pensioner
405 444 39 22 och
469 444 70 28 dylikt
558 444 92 27 troligen
669 444 49 22 icke
738 444 69 22 skulle
822 446 109 20 motsvara

101 472 83 22 mindre
204 474 27 20 än
250 474 27 20 20
297 473 27 26 9/,
343 472 22 22 af
383 473 38 22 vår
435 473 83 27 budget
533 473 34 22 för
583 474 26 21 de
623 473 62 21 lärda
700 473 107 22 skolorna.
838 473 41 27 Jag
893 473 37 21 be-

100 501 70 21 tviflar
192 502 72 21 såsom
284 501 38 28 jag
343 502 67 21 redan
433 504 49 24 sagt
506 504 32 19 att
557 502 48 22 vårt
619 502 51 21 land
685 501 33 22 för
733 502 133 22 närvarande
881 501 50 22 med

101 530 42 21 den
158 530 133 27 ståndpunkt
307 536 45 16 som
370 530 171 28 realbildningen
557 531 46 27 har,
619 532 25 20 är
662 530 107 28 förmöget
789 532 33 20 att
835 530 58 22 hålla
906 532 26 19 ut

100 559 50 21 med
166 559 65 21 dessa
246 559 150 27 uppoffringar.
427 560 50 21 Men
493 562 59 19 ännu
567 566 46 15 mer
629 562 27 19 än
670 559 182 28 penningefrågan
868 565 63 15 anser

98 588 38 26 jag
152 589 33 20 att
200 588 41 21 den
256 588 149 22 intellektuela
421 588 60 22 sidan
497 588 41 22 bör
554 591 62 25 tagas
632 588 7 22 i
655 588 149 22 betraktande.
830 588 51 21 Man
891 587 39 21 har

101 618 50 25 sagt
166 618 33 20 att
214 617 61 21 detta
289 616 86 28 förslag,
392 618 33 20 att
439 617 65 27 ingen
521 618 62 21 skola
599 617 69 22 skulle
683 617 120 27 förändras,
815 623 49 15 men
874 616 56 21 blott

100 652 42 20 nya
163 646 99 26 inrättas,
285 652 51 16 vore
359 646 41 21 den
422 646 56 22 enda
498 646 138 28 synpunkten
651 646 32 21 uti
698 645 141 23 förevarande
853 645 77 21 betän-

100 674 72 22 kande
188 674 40 22 och
243 675 140 26 reservation,
399 681 46 15 som
461 674 75 22 talade
552 681 34 15 om
601 674 116 28 försoning.
743 675 42 27 Jag
796 674 81 22 tillåter
887 674 43 26 mig

100 703 7 20 i
131 703 38 21 det
191 702 111 22 afseendet
323 710 52 15 vara
397 702 22 23 af
441 710 71 15 annan
534 704 92 27 mening.
656 703 51 22 Med
725 703 110 27 försoning
849 702 80 22 förstås

101 732 66 21 också
186 732 112 21 rättandet
316 732 23 21 af
357 734 32 20 ett
407 732 110 27 begånget
534 732 36 27 fel,
590 732 41 22 och
647 732 36 22 det
699 732 61 22 torde
775 732 48 22 icke
839 730 91 23 behöfva

100 762 98 20 närmare
213 760 88 22 utredas
315 762 33 20 att
359 761 67 27 några
439 760 22 22 af
469 760 26 22 de
506 761 108 27 åtgärder,
631 767 47 15 som
685 761 58 21 inom
752 762 26 20 de
794 762 89 20 senaste
893 760 34 27 sju

101 788 52 22 åren
168 790 28 26 på
212 789 219 28 skollagstiftningens
453 790 88 22 område
556 790 108 27 vidtagits,
684 789 65 22 hafva
763 790 56 22 varit
833 789 96 26 misstag.

100 818 42 26 Jag
158 824 63 16 anser
237 818 84 22 således
338 820 33 20 att
386 819 37 21 det
437 819 48 21 icke
506 821 25 19 är
549 819 47 21 skäl
611 820 34 20 att
663 818 66 22 binda
744 818 117 28 styrelsens
876 817 53 21 hän-

100 846 38 22 der
153 847 50 21 med
219 853 25 15 en
265 848 66 20 sådan
354 847 115 27 föreskrift,
494 848 30 21 då
538 848 38 21 det
591 849 93 20 tvärtom
700 850 24 18 är
739 847 101 27 önskligt,
857 847 33 21 att
905 846 25 21 så

100 877 60 19 snart
176 882 46 15 som
237 876 82 27 möjligt
333 876 113 27 begångna
463 876 93 28 misstag
575 878 77 20 rättas.
681 876 46 21 Har
746 882 50 15 man
813 877 15 20 t.
849 882 31 14 ex.
896 874 33 22 till

99 903 54 29 följd
173 904 22 22 af
213 904 128 28 bristfälliga
364 905 51 21 eller
430 905 103 22 inexakta
555 904 109 28 uppgifter
678 905 91 21 inrättat
785 906 32 20 ett
831 904 98 22 läroverk

100 933 73 21 såsom
189 934 94 26 svenskt,
301 934 27 21 då
343 940 63 15 anser
422 934 38 27 jag
479 934 39 21 det
536 941 52 14 vara
602 936 83 19 rättare
701 936 33 19 att
748 934 81 21 inrätta
844 933 38 21 det
896 932 32 21 till

99 961 72 26 finskt,
187 968 34 15 om
238 963 36 20 det
289 962 66 22 också
369 964 110 25 motsäges
496 962 26 22 af
534 963 71 26 någon
618 963 81 20 mindre
710 964 91 25 procent
811 961 22 22 af
842 961 86 22 skolans

100 990 117 22 elevantals
233 991 135 22 modersmål.
400 991 67 27 Dock,
484 992 72 21 denna
572 991 120 27 digression
702 991 35 21 må
747 991 82 22 lemnas
841 989 87 22 derhän.

99 1019 49 26 Det,
165 1025 46 15 som
225 1020 37 27 jag
278 1026 63 15 anser
354 1027 51 14 vara
421 1021 37 20 det
472 1020 205 27 hufvudsakligaste
693 1020 40 21 och
748 1019 85 22 hvartill
848 1019 38 27 jag
901 1025 28 14 nu

100 1048 35 21 vill
151 1048 92 27 komma,
261 1051 24 19 är
299 1051 33 19 att
347 1049 41 21 den
403 1049 152 22 intellektuela
570 1049 69 22 vådan
655 1048 22 22 af
691 1049 37 21 det
742 1049 61 21 lärda
818 1047 110 22 undervis-

100 1077 179 27 ningsväsendets
302 1077 139 28 fortbildning
463 1081 24 18 är
507 1078 84 27 ganska
605 1080 52 19 stor.
689 1078 81 21 Genom
787 1078 32 20 att
834 1077 7 20 i
856 1076 73 27 hvarje

100 1107 70 20 större
185 1106 50 21 stad
249 1106 64 22 hafva
329 1109 77 20 tvenne
421 1107 108 27 läroverk,
545 1113 51 16 vare
610 1107 33 27 sig
659 1108 32 20 att
707 1107 26 21 de
751 1106 61 27 börja
827 1105 50 22 med
891 1111 37 21 pa-

99 1134 147 22 rallelklasser
261 1135 52 22 eller
328 1137 32 20 att
376 1137 26 20 de
419 1138 36 19 äro
471 1135 142 28 fullständiga
628 1135 105 26 läroverk,
751 1135 40 21 och
809 1140 77 21 genom
897 1135 32 20 att

100 1163 70 22 tillika
185 1163 94 22 förklara
295 1166 38 25 att,
350 1171 33 15 om
400 1165 75 21 skolan
492 1171 79 21 genom
589 1164 151 27 nedåtgående
760 1163 106 22 elevantal
881 1163 47 21 icke

101 1194 121 19 motsvarar
237 1193 214 27 bildningsbehofvet,
467 1194 41 21 bör
524 1195 125 20 densamma
659 1193 106 27 indragas,
787 1189 87 36 kommer
886 1198 43 15 man

101 1221 78 22 endast
195 1223 33 19 att
241 1221 92 22 försätta
347 1223 74 26 hvarje
437 1223 62 21 skola
516 1225 53 19 utan
588 1223 111 26 undantag
714 1222 6 21 i
736 1222 41 21 den
793 1221 63 22 svåra
871 1220 57 21 ställ-

100 1250 78 27 ningen
197 1252 33 19 att
248 1251 78 27 kämpa
343 1251 34 21 för
397 1252 33 21 sin
448 1251 92 27 tillvaro,
557 1252 7 21 i
580 1252 37 21 det
631 1251 74 27 hvarje
720 1249 97 23 läroverk
832 1249 40 21 har
888 1249 41 21 den

99 1279 96 26 utsigten
211 1279 33 21 för
259 1280 33 27 sig
307 1281 34 20 att
363 1281 25 20 så
410 1282 61 19 snart
494 1280 131 22 elevantalet
642 1280 109 27 begynner
765 1279 47 21 visa
825 1277 104 27 nedåtgå-

100 1307 60 26 ende,
179 1308 27 21 då
221 1310 24 19 är
261 1308 50 22 dess
332 1309 91 22 bestånd
446 1309 69 22 redan
537 1310 67 27 något
618 1309 83 22 hotadt.
733 1308 88 21 Således
837 1306 70 21 måste
922 1307 7 20 i

99 1336 73 27 hvarje
187 1336 110 23 läroverks
313 1337 93 22 intresse
421 1338 101 27 vidtagas
543 1340 39 25 att,
599 1338 24 21 så
641 1337 48 22 vidt
703 1337 88 27 möjligt,
813 1335 69 22 skaffa
897 1335 32 27 sig

100 1365 76 26 elever,
191 1365 38 27 jag
243 1365 55 22 hade
313 1366 25 21 sä
353 1369 39 19 när
407 1368 48 25 sagt
470 1373 42 21 per
526 1367 33 21 fas
580 1368 32 20 ett
629 1366 66 21 nefas.
725 1365 64 22 Hvad
807 1365 88 21 komma
908 1364 21 21 vi

99 1393 123 27 derigenom
239 1396 32 19 att
285 1395 67 26 göra?
381 1395 34 26 Jo,
432 1396 127 26 derigenom
576 1396 86 21 komma
679 1395 21 22 vi
720 1396 32 20 att
767 1395 52 26 göra
835 1393 41 21 den
891 1393 37 21 be-

98 1422 95 27 klagliga
208 1424 104 26 spänning
328 1424 41 21 och
384 1424 115 27 irritation,
517 1431 46 15 som
579 1424 56 21 inom
651 1423 154 22 skolväsendet
815 1422 70 25 råder,
897 1421 32 21 till

98 1454 133 24 permanent.
261 1452 26 21 Vi
302 1452 66 22 hafva
383 1459 29 15 nu
428 1459 25 15 en
470 1453 53 25 kris,
540 1459 47 15 som
602 1455 24 19 är
642 1453 61 25 akut;
718 1452 20 21 vi
753 1452 89 28 komma
855 1450 27 21 då
898 1451 32 20 att

97 1479 65 22 hafva
177 1486 26 15 en
218 1480 45 22 kris
279 1486 46 16 som
341 1483 23 19 är
379 1481 95 21 kronisk.
507 1481 35 21 Då
556 1481 21 21 vi
594 1488 30 14 nu
638 1481 67 22 redan
720 1480 73 21 kunna
807 1481 55 24 säga
878 1480 52 20 utan

98 1507 46 22 fara
159 1508 34 22 för
211 1510 33 20 att
258 1509 65 22 blifva
338 1509 119 27 motsagde,
474 1511 35 21 att
524 1510 32 20 uti
573 1510 60 22 detta
647 1510 51 21 land
713 1508 48 22 vida
776 1508 53 22 flere
844 1507 28 27 gå
889 1507 41 21 den

97 1536 61 23 lärda
179 1539 70 25 vägen
273 1540 27 20 än
323 1538 89 29 lyckligt
427 1538 41 22 och
484 1538 97 31 önskligt
599 1541 30 25 är,
646 1539 27 22 då
689 1538 27 24 de
730 1539 36 20 äro
783 1537 87 27 otaliga,
887 1542 45 19 som
