1109 1739
409 128 40 17 Den
467 125 26 19 13
510 127 88 18 Oktober.
844 123 38 20 145

84 189 131 28 kungörelse
230 190 7 22 i
252 189 82 28 kyrkan
349 196 34 15 om
399 190 114 22 tillämnad
527 189 100 28 flyttning
641 189 93 22 behöfde
750 195 41 21 ega
806 196 46 15 rum
862 188 49 22 blott

86 225 25 14 en
129 220 87 27 söndag,
237 219 41 22 och
297 219 54 26 icke,
367 219 72 22 såsom
454 219 80 27 nådiga
549 218 104 27 förslaget
668 218 126 27 innehåller,
810 219 36 22 två
862 219 48 20 sön-

86 248 67 27 dagar
172 248 13 21 å
204 248 45 21 rad.

154 276 56 22 Ifrån
233 276 184 27 Borgareståndet
431 277 50 22 med
497 276 160 22 underrättelse
673 282 34 15 om
723 276 50 21 dess
789 276 73 21 beslut
877 275 36 22 vid

86 305 157 28 behandlingen
262 305 22 21 af
297 305 139 22 förenämnda
451 305 88 27 ärende,
555 305 91 22 hvarvid
661 305 88 21 ståndet
765 305 95 26 godkänt
875 304 36 21 be-

86 335 119 22 tänkandet
227 334 50 21 med
295 333 92 28 följande
403 335 117 26 ändringar
536 335 8 20 i
559 335 165 21 nedannämnda
739 334 66 21 delar.
835 333 77 22 Rubri-

86 363 43 22 ken
144 363 33 22 för
191 363 78 22 artikel
284 363 10 21 I
309 363 70 22 skulle
394 363 59 28 lyda:
473 380 9 10 ,
485 363 115 27 Allmänna
614 363 182 26 bestämningar".
819 362 23 28 $8
852 364 11 19 5
873 361 40 22 och

88 394 12 19 6
119 393 66 21 borde
206 392 47 22 helt
268 392 40 21 och
323 392 68 22 hållet
406 393 58 26 utgå.
500 392 12 27 &
530 394 25 20 10
571 392 90 27 gillades
677 391 34 22 för
727 391 64 28 öfrigt
806 393 60 20 utom
880 392 33 19 att

87 427 26 15 ur
135 428 62 14 mom.
218 423 13 19 2
247 421 110 21 slutorden
375 421 68 26 ,dock
459 421 67 21 minst
541 421 68 22 under
624 420 43 22 fem
683 421 36 21 år"
737 423 56 19 samt
807 427 26 14 ur
848 425 63 15 mom.

88 452 13 19 4
116 450 192 27 mellanmeningen
325 456 59 20 ,som
400 450 18 27 ej
434 450 36 21 mä
485 452 108 25 upptagas
608 450 45 21 förr
669 452 26 18 än
704 449 68 22 under
782 449 65 22 femte
858 449 53 26 äret,

88 479 67 21 sedan
171 478 146 28 fördelningen
333 478 77 22 trädde
424 478 7 22 i
446 479 179 27 verkställighet"
643 478 114 22 uteslötos.
781 478 10 28 $
801 480 32 20 11.
849 478 63 21 Mom.

89 509 12 19 3
121 508 7 21 i
146 508 71 21 denna
231 506 100 29 paragraf
345 508 69 21 skulle
429 508 60 26 utgå.
521 508 11 28 &
549 510 32 19 15.
612 508 76 21 Denna
702 507 103 27 paragraf
818 507 95 27 godkän-

90 536 37 22 des
150 536 7 22 i
180 536 65 28 öfrigt
265 537 8 21 i
293 536 94 28 enlighet
405 537 49 21 med
471 537 42 21 den
528 537 80 27 nädiga
622 536 168 28 propositionen,
806 538 60 19 utom
882 536 32 20 att

89 565 65 22 femte
169 566 97 27 punkten
281 565 67 22 borde
359 566 82 21 erhälla
450 565 96 28 följande
557 565 130 22 förändrade
697 565 92 27 lydelse:
800 566 46 26 ,att
854 564 60 22 med-

90 594 49 22 dela
152 594 161 22 vederbörande
328 594 149 28 myndigheter
492 595 44 21 alla
552 595 26 21 de
594 594 159 28 upplysningar,
769 600 47 16 som
831 600 34 15 om
873 593 41 21 fat-

90 623 112 27 tigvärden
224 624 73 20 kunna
318 624 86 26 äskas*;
423 623 23 27 $$
463 625 34 25 35,
515 626 33 24 36,
565 625 34 25 37,
615 625 34 25 38,
666 625 33 25 39,
716 625 27 19 40
759 623 40 21 och
815 624 25 19 41
858 622 56 22 äter-

90 652 151 22 remitterades
257 652 32 22 till
304 652 222 27 Ekonomiutskottet,
542 652 33 22 för
591 654 32 20 att
638 652 7 21 i
661 654 32 20 ett
708 652 154 26 sammanhang
870 658 44 14 om-

91 681 86 22 arbetas
200 681 7 21 i
231 682 36 21 det
289 680 55 29 syfte
359 683 33 19 att
406 681 79 27 tiggeri
500 681 71 22 blefve
586 682 89 26 belagdt
690 682 49 20 med
755 680 66 26 straff,
838 680 77 22 endast

92 710 28 21 dä
140 710 37 22 det
196 712 53 20 utan
263 710 108 27 nödtväng
385 710 108 22 bedrifves
510 710 73 22 såsom
597 710 147 28 lefnadsyrke;
759 710 119 27 hvarjemte
893 709 23 21 åt

91 739 215 22 Ekonomiutskottet
327 739 110 21 lemnades
451 739 7 21 i
474 740 101 26 uppdrag
591 741 32 19 att
639 740 110 20 dessutom
764 739 7 21 i
786 738 93 28 följande
895 737 23 22 af

92 768 65 22 dessa
171 767 124 29 paragrafer
309 768 88 27 vidtaga
412 768 167 22 nedannämnda
593 768 124 27 ändringar:
734 768 11 27 $
761 770 33 19 36.
824 767 64 21 Mom.
903 768 13 20 2

92 797 67 21 borde
181 797 80 21 ändras
283 796 81 22 derhän
387 798 33 20 att
435 797 38 21 det
487 797 49 22 icke
552 797 70 22 skulle
638 797 113 21 ankomma
766 797 14 21 å
796 813 9 10 ,
808 797 109 21 närmaste

92 826 79 22 krono-
193 826 54 22 eller
269 826 163 27 stadsbetjent*,
447 827 54 20 utan
525 826 13 21 &
560 828 109 20 närmaste
689 825 181 28 polismyndighet
885 826 32 20 att

93 855 122 27 ombesörja
237 854 182 22 öfverlemnandet
441 854 22 22 af
485 855 101 22 anhållen
609 855 83 27 tiggare
714 854 32 22 till
761 853 156 29 guvernören
902 849 17 38 i

93 884 65 21 länet.
187 884 65 21 Mom.
269 885 12 20 3
297 884 69 21 skulle
382 884 148 26 omredigeras
545 884 8 21 i
569 884 36 21 det
621 883 55 28 syfte
691 885 33 20 att
739 884 37 21 det
791 883 47 21 icke
847 882 70 22 skulle

94 912 71 27 åligga
180 912 176 28 tillsyningsman,
373 914 59 25 utan,
447 913 30 27 pä
493 913 82 21 dennes
591 913 104 26 anmälan,
711 911 205 29 fattigvärdsstyrel-

94 947 39 15 sen
148 942 39 25 att,
204 941 29 21 dä
247 941 138 26 minderärigt
399 942 54 21 barn
463 941 51 21 från
521 941 131 22 fremmande
663 943 35 20 ort
705 941 102 21 anträffas
815 940 103 27 tiggande

94 969 58 22 inom
166 969 237 28 fattigvärdssamhälle,
420 970 124 27 ombesörja
559 971 87 21 barnets
663 969 108 22 afförande
790 969 32 22 till
833 969 37 22 det
878 968 40 21 fat-

95 999 200 27 tigvärdssamhälle
311 999 76 21 barnet
402 999 79 21 tillhör.
514 999 64 22 Mom.
595 1001 19 19 4.
645 999 78 22 Såvida
738 999 59 26 barn,
814 1004 47 15 som
872 997 47 21 från

96 1034 70 15 annan
185 1029 34 20 ort
241 1028 136 26 hemsändes,
393 1028 48 21 icke
455 1027 144 23 öfverlemnas
614 1028 33 21 till
662 1028 188 27 uppsyningsman,
868 1028 52 20 utan

96 1057 32 21 till
142 1057 161 22 vederbörande
319 1057 256 27 kommunalmyndighet,
591 1057 78 26 ansägs
686 1059 32 19 att
733 1057 66 21 orden
816 1056 66 27 ,eller
897 1058 23 19 är

96 1086 77 21 barnet
195 1085 32 22 till
249 1085 53 28 följd
320 1085 22 22 af
355 1085 78 28 tiggeri
447 1085 119 22 hemsändt
581 1086 32 21 till
629 1086 77 21 sädant
721 1085 116 22 samhälle*
854 1085 66 21 borde

96 1115 54 26 utgä
164 1114 47 21 frän
227 1115 37 21 det
279 1114 159 27 sammanhang,
454 1115 64 21 hvari
534 1115 26 22 de
575 1114 132 22 förekomma
720 1115 8 21 i
743 1115 41 21 den
799 1113 23 22 af
835 1114 85 21 utskot-

97 1145 33 20 tet
150 1143 114 22 förordade
279 1143 96 28 lydelsen
391 1143 32 22 för
438 1145 127 25 momentet,
581 1150 49 15 men
644 1144 7 21 i
667 1144 74 21 stället
755 1144 74 26 längre
845 1142 53 22 fram
913 1142 8 21 i

97 1172 113 27 meningen
224 1171 79 22 införas
319 1172 136 27 bestämning
471 1172 77 22 derom
563 1174 32 20 att
609 1172 220 28 fattigvärdsstyrelse
842 1171 80 28 jemväl

97 1201 49 21 med
162 1201 81 22 sådana
258 1201 53 21 barn
327 1207 50 21 eger
392 1203 51 25 taga
459 1201 44 21 den
518 1201 120 27 befattning
648 1200 207 27 momentet
768 1196 13 37 i
791 1200 64 27 öfrigt
863 1200 59 21 inne-

97 1230 75 21 håller.
201 1230 64 21 Mom.
287 1232 18 19 5.
335 1230 48 21 Den
402 1230 39 21 här
458 1229 177 23 förekommande
651 1230 154 27 hänvisningen
820 1229 33 21 till
869 1228 11 27 $
896 1229 26 20 39

98 1258 56 23 hade
170 1259 67 26 enligt
251 1258 178 28 paragrafföljden
443 1259 8 20 i
466 1259 123 21 utskottets
604 1258 81 28 förslag
699 1259 64 21 bordt
778 1259 38 20 ske
829 1257 51 27 till
871 1253 10 37 $
890 1258 32 20 37.

98 1287 11 28 $
125 1289 27 20 37
167 1294 63 15 mom.
247 1289 20 20 2.
290 1287 167 27 Bestämningen
472 1289 35 20 att
523 1289 106 26 guvernör
643 1294 52 15 vore
709 1287 123 27 berättigad
840 1287 33 20 att
880 1285 43 22 för-

99 1316 67 22 ordna
181 1316 93 22 domstol
289 1317 33 20 att
336 1316 93 21 anställa
443 1316 77 21 förhör
535 1317 32 21 uti
582 1317 48 26 mål,
646 1317 7 20 i
668 1316 72 22 hvilka
756 1316 134 21 domsrätten
901 1316 23 19 är

99 1347 134 24 guvernören
248 1344 138 27 förbehållen,
403 1345 74 26 borde,
494 1345 75 22 såsom
579 1345 144 22 innebärande
732 1351 26 16 en
766 1344 104 22 afvikelse
877 1343 47 22 från

98 1373 79 22 hittills
193 1374 98 27 gällande
310 1373 228 27 rättegängsordning,
556 1374 57 27 utgå.
644 1373 11 28 8
671 1376 33 19 39.
735 1374 75 21 Demna
824 1371 102 29 paragraf

99 1402 68 23 borde
190 1403 121 21 omarbetas
333 1402 8 21 i
358 1402 37 22 det
410 1401 55 28 syfte
483 1404 35 20 att
532 1403 121 21 kostnaden
667 1403 34 21 för
715 1403 95 26 tiggares
825 1402 100 21 hemsän-

100 1431 70 22 dande
186 1431 52 22 eller
252 1431 142 22 befordrande
410 1431 32 21 till
457 1432 121 26 guvernörs
593 1431 130 27 behandling
739 1432 76 21 endast
830 1431 8 20 i
846 1429 78 22 sådant

98 1459 38 22 fall
151 1460 35 21 må
201 1460 76 26 gäldas
293 1459 22 22 af
329 1459 37 22 det
381 1459 112 26 samhälle,
510 1459 89 21 hvarest
614 1460 98 27 tiggaren
727 1460 38 20 har
775 1459 148 24 hemortsrätt,

100 1490 33 20 att
150 1489 83 27 tiggare
246 1488 85 28 jemlikt
345 1488 11 27 $
373 1490 12 19 2
400 1488 7 21 i
422 1487 246 28 författningsförslaget
683 1490 24 19 är
721 1488 33 21 till
769 1486 119 28 fattigvård
904 1485 22 22 af

100 1516 62 23 detta
179 1517 104 21 samhälle
303 1516 127 28 berättigad,
446 1522 51 16 men
513 1522 78 16 annars
607 1517 107 21 bestridas
730 1516 23 22 af
765 1517 90 21 kronan.
886 1514 41 22 För

100 1545 46 22 Art.
169 1546 40 22 VII
231 1547 76 25 antogs
325 1545 68 27 enligt
412 1545 42 22 den
474 1544 81 28 nådiga
570 1546 160 27 propositionen
744 1546 112 21 rubriken:
876 1543 52 27 ,Om

840 1586 20 17 10
