1109 1739
209 106 41 20 134
497 107 41 18 Den
554 105 13 20 9
583 107 88 18 Oktober,

180 178 49 15 man
244 171 79 22 räknar
338 171 46 22 från
398 171 179 22 Willmanstrand
592 171 33 21 till
639 171 94 28 Nyslott,
751 171 25 20 är
791 169 37 22 det
844 170 32 20 ett
890 168 85 23 afstånd
986 167 22 23 af

182 202 40 20 164
243 201 59 20 verst
321 200 40 22 och
376 199 47 22 från
437 199 179 22 Willmanstrand
631 200 32 21 till
679 198 119 23 Sordavala
815 199 39 21 182
870 199 65 24 verst,
952 197 54 22 såle-

181 230 38 21 des
236 230 27 20 18
281 231 70 19 versts
367 229 90 22 skilnad.
488 228 87 22 Samma
589 229 134 22 förhållande
737 227 43 22 blir
796 227 37 22 det
848 227 50 22 med
912 226 94 27 Wiborg.

181 258 38 22 Att
238 257 105 22 Kexholm
361 258 68 27 ligger
446 260 98 19 närmare
561 257 118 22 Sordavala
693 260 27 19 än
735 256 90 29 Nyslott
840 255 46 29 (jag
900 255 36 22 vill
950 255 58 22 hålla

181 287 43 27 mig
239 286 77 22 endast
331 287 32 21 till
377 287 108 26 städerna,
506 287 91 21 emedan
610 287 39 27 jag
663 287 48 21 icke
726 286 41 21 har
783 285 67 22 andra
864 284 142 28 vägalängds-

181 315 143 28 beräkningar
339 316 40 21 här
393 316 32 21 till
440 315 80 27 hands)
536 316 38 21 det
589 318 36 20 vet
641 315 86 22 enhvar.
751 315 99 22 Joensuu
864 313 40 22 har
914 313 32 22 till
957 313 50 21 Sor-

183 345 76 21 davala
275 346 40 20 129
337 345 39 21 och
391 345 32 21 till
439 344 87 28 Nyslott
542 346 41 20 164
598 346 66 25 verst,
681 344 40 22 och
737 343 71 28 ligger
823 342 85 22 således
922 342 86 27 mycket

182 376 98 19 närmare
296 373 116 22 Sordavala
427 375 26 20 än
469 373 92 28 Nyslott.
592 373 86 28 Kuopio
693 373 40 22 har
749 374 42 19 265
807 373 60 20 verst
882 371 32 21 till
929 370 79 22 Sorda-

182 402 49 22 vala
249 402 41 22 och
307 404 39 20 179
362 402 33 21 till
409 402 97 28 Nyslott;
529 402 39 22 der
583 404 24 19 är
622 409 29 15 nu
667 409 26 15 en
709 401 137 27 ansenligare
861 400 91 26 skilnad,
968 399 40 22 och

182 431 55 22 ifrån
256 431 84 27 Kuopio
359 431 86 21 trakten
464 431 70 21 måste
549 437 51 15 man
615 431 34 21 väl
663 430 110 28 medgifva
787 431 32 20 att
835 429 99 22 eleverna
948 428 61 21 skola

182 460 87 22 komma
290 460 79 21 lättare
387 460 32 21 till
437 460 92 27 Nyslott.
561 459 33 22 S:t
611 460 79 22 Michel
705 460 71 26 ligger
791 458 67 22 också
873 456 135 28 naturligtvis

182 491 99 19 närmare
296 488 87 28 Nyslott
398 491 26 19 än
441 488 124 27 Sordavala,
581 495 49 15 men
644 488 32 22 S:t
691 488 80 22 Michel
786 487 69 27 ligger
870 486 25 22 sä
909 488 53 19 nära
971 486 37 28 Jy-

183 517 88 28 väskylä
293 518 33 20 att
347 517 106 27 troligtvis
476 518 42 21 den
536 518 99 21 traktens
662 516 182 23 seminariielever
869 515 85 22 komma
976 516 33 20 att

183 547 66 27 draga
269 546 33 27 sig
319 546 44 22 lika
378 546 85 28 mycket
477 546 33 22 till
526 546 117 28 Jyväskylä
659 553 46 15 som
720 546 34 21 till
771 546 38 21 det
822 551 42 21 nya
880 544 128 22 seminariet.

183 586 19 5 —
214 576 52 21 Den
281 575 114 27 vigtigaste
411 574 187 28 omständigheten
613 575 33 22 för
661 576 43 26 mig
718 575 37 22 vid
771 574 127 27 afgörandet
908 572 23 22 af
940 572 70 22 denna

183 604 60 28 fräga
259 606 24 20 är
297 604 84 22 likvisst
397 604 41 22 den
453 604 23 22 af
488 604 75 22 herrar
579 604 54 22 Rein
648 604 41 22 och
699 603 109 23 Mechelin
818 602 134 26 framhällna,
968 602 41 21 den

184 633 25 21 sä
230 633 85 21 kallade
335 633 101 27 politiska
455 634 53 21 eller
526 635 82 20 rättare
628 634 64 26 sagdt
707 633 43 21 den
765 632 107 22 allmänna
886 631 123 27 kultursyn-

183 662 103 27 punkten,
302 663 22 27 ty
337 662 37 27 jag
389 662 121 22 föreställer
524 662 43 27 mig
583 663 33 21 att
631 664 32 20 ett
671 661 159 26 seminariums,
840 667 27 15 en
875 661 69 21 större
954 660 56 22 läro-

183 691 130 27 inrättnings
332 690 138 28 förläggande
488 691 8 21 i
515 691 61 21 detta
590 690 55 22 halft
661 690 175 28 grekiskt-ryska
850 688 90 22 Finland
955 688 55 22 skall

184 719 73 22 utöfva
276 721 32 20 ett
322 720 86 27 mycket
423 721 56 20 stort
493 719 118 28 inflytande
625 720 28 27 pä
668 719 128 27 föreningen
812 718 23 22 af
848 718 65 22 dessa
927 718 83 21 trakter

184 748 49 22 med
253 749 38 21 det
306 748 67 27 öfriga
389 748 94 27 Finland,
501 749 40 21 och
557 750 34 20 att
607 750 32 21 ett
654 749 77 21 sädant
747 747 139 23 seminarium
902 746 108 28 verkligen

185 777 55 21 skall
262 778 86 21 komma
368 779 33 19 att
419 779 78 25 utgöra
512 779 32 20 ett
559 780 53 20 värn
626 777 39 25 för,
675 778 41 21 den
732 776 163 22 svensk-finska
909 776 102 21 kulturen

185 807 58 21 emot
258 806 41 22 den
315 806 233 28 grekisk-rysk-finska.
572 807 42 27 Jag
629 806 40 22 har
683 806 50 22 hört
748 806 94 26 mängen
853 805 66 27 draga
926 804 86 28 mycket

184 835 7 21 i
206 834 135 27 tvifvelsmäl,
360 835 105 21 huruvida
480 836 66 26 nägot
561 835 118 28 synnerligt
692 834 119 28 inflytande
825 834 73 21 kunde
912 840 52 15 vara
979 834 33 20 att

184 864 97 26 päräkna
303 863 47 22 frän
371 870 26 15 en
417 864 66 22 sädan
502 864 119 27 inrättning
641 870 46 16 som
703 866 32 19 ett
751 863 146 26 seminarium,
913 868 49 16 men
974 862 37 27 jag

185 893 38 21 ber
238 894 33 20 att
286 892 21 22 fä
323 893 105 27 päminna,
444 893 81 21 hvilket
537 893 38 27 jag
591 894 57 26 gjort
663 893 28 27 pä
702 894 67 20 annat
781 892 64 21 ställe
855 891 64 27 förut,
932 897 34 16 om
974 890 38 22 det

184 921 117 28 inflytande
321 927 46 15 som
385 922 100 27 Wiborgs
500 922 93 22 hofrätts
608 921 140 28 förläggande
764 922 30 26 pä
809 920 33 22 sin
856 920 57 28 plats
928 919 84 23 utöfvat

185 950 29 27 pä
228 950 50 21 hela
293 950 70 27 gamla
378 950 101 21 Finlands
493 951 82 26 kultur;
592 950 40 21 och
649 957 26 15 en
686 952 71 19 större
768 949 166 27 läroinrättning
944 948 68 22 borde

185 979 34 20 väl
239 979 8 20 i
267 981 56 19 ännu
343 980 70 20 större
432 979 55 26 män,
508 981 28 20 än
555 985 26 15 en
597 979 67 27 högre
679 978 103 26 domstol,
800 978 74 27 sprida
888 977 48 22 sina
950 977 62 22 verk-

185 1007 76 27 ningar
283 1008 97 27 omkring
403 1008 39 26 sig.
458 1020 29 3 —
502 1007 96 22 Oaktadt
617 1008 39 21 allt
675 1008 60 21 detta
751 1007 72 22 mäste
837 1007 36 21 väl
886 1005 125 28 medgifvas,

185 1036 82 21 hvilket
289 1043 30 14 nu
343 1036 61 21 äfven
427 1037 109 21 anmärkts
556 1036 47 22 frän
623 1037 51 22 flere
694 1037 50 26 häll,
762 1037 35 20 att
813 1035 116 22 Sordavala
944 1034 68 27 aldrig

186 1065 68 21 skulle
274 1065 64 22 hafva
355 1065 70 21 blifvit
443 1066 91 26 pätänkt
554 1066 72 21 säsom
645 1065 58 28 plats
718 1065 33 22 för
767 1066 34 20 ett
817 1064 143 25 seminarium,
978 1069 35 16 om

185 1093 48 22 icke
249 1093 37 22 det
301 1094 60 21 ädelt
376 1094 88 21 sinnade
480 1095 127 27 herrskapet
617 1095 141 21 Hallonblads
771 1093 104 22 donation
886 1093 56 22 hade
952 1093 60 21 kom-

185 1122 40 21 mit
243 1121 54 23 fram
317 1123 40 21 och
377 1122 43 22 fäst
435 1123 219 27 uppmärksamheten
669 1123 24 22 ät
708 1123 37 22 det
760 1122 78 21 hället.
868 1122 42 27 Jag
926 1121 87 28 medger

187 1152 32 20 att
234 1151 25 21 sä
273 1153 24 20 är
312 1151 65 27 fallet,
393 1151 41 22 och
449 1158 34 15 om
498 1159 49 14 man
564 1152 55 21 talar
635 1159 34 14 om
679 1151 210 27 bortauktionering,
904 1151 71 21 säsom
986 1156 27 16 en

185 1182 112 19 reservant
316 1180 7 21 i
343 1180 202 23 Besvärsutskottet
564 1181 110 28 uttryckte
693 1181 39 26 sig,
749 1179 24 23 af
788 1180 38 22 det
841 1187 41 20 nya
897 1179 116 22 folkskole-

186 1209 202 26 lärareseminariet,
413 1209 25 22 sä
460 1212 24 19 är
507 1210 37 21 det
561 1210 24 27 ju
605 1210 48 21 icke
673 1209 90 22 alldeles
781 1209 26 21 sä
823 1210 63 20 orätt.
917 1209 43 21 Det
974 1208 40 21 bör

188 1237 55 22 dock
258 1238 74 21 kunna
346 1238 111 27 invändas,
474 1240 32 20 att
522 1238 61 22 äfven
599 1238 58 22 förut
671 1239 84 21 kunnat
766 1238 57 21 talas
835 1244 35 15 om
880 1237 72 28 dylika
960 1237 53 21 auk-

186 1266 75 26 tioner,
287 1267 28 21 dä
338 1273 49 15 man
406 1267 44 22 fäst
469 1267 102 22 afseende
591 1267 36 22 vid
646 1267 27 22 de
691 1267 84 27 bidrag,
792 1273 48 15 som
855 1265 46 22 frän
917 1266 41 21 den
974 1271 40 16 ena

187 1295 52 21 eller
259 1296 68 21 andra
347 1298 61 19 orten
428 1295 102 23 utlofvats
547 1295 33 23 för
595 1298 32 20 ett
643 1296 104 26 ändamäl,
765 1295 43 22 och
821 1295 39 28 jag
875 1295 69 21 mäste
960 1301 53 20 upp-

186 1323 77 27 riktigt
283 1327 53 24 säga
357 1326 32 20 att
408 1325 70 21 denna
493 1325 170 22 Hallonbladska
678 1325 104 22 donation
798 1324 40 21 alls
854 1324 48 21 icke
917 1324 40 21 bör
971 1323 43 22 för-

187 1353 62 20 aktas
271 1352 23 22 af
311 1353 100 22 Finlands
429 1354 97 26 ständer;
547 1354 38 21 det
600 1356 24 19 är
640 1361 26 15 en
681 1354 105 21 donation
802 1353 23 21 af
839 1353 67 21 omkr.
922 1353 92 24 400,000

188 1381 72 22 marks
275 1381 76 27 värde;
367 1381 99 22 hvarföre
481 1383 48 21 icke
543 1382 58 22 fästa
616 1382 101 22 afseende
732 1383 37 21 vid
786 1388 27 15 en
829 1381 25 22 sä
869 1383 46 20 stor
925 1387 89 20 summa,

187 1410 28 21 dä
230 1410 103 22 Finlands
349 1411 89 21 ständer
452 1411 45 22 ofta
511 1417 42 22 nog
568 1411 41 22 fätt
623 1413 53 26 göra
691 1412 33 27 sig
737 1411 129 28 bekymmer
881 1417 34 15 om
930 1409 85 28 mycket

186 1439 82 21 mindre
293 1440 106 21 summor?
425 1439 42 28 Jag
488 1440 40 21 har
549 1441 49 21 icke
621 1441 50 21 hört
692 1441 71 26 rägon
785 1442 58 19 ännu
862 1439 54 28 yrka
934 1438 30 27 pä
983 1440 33 20 att

187 1473 82 16 samma
289 1468 172 22 Hallonbladska
476 1469 103 22 donation
595 1469 70 21 skulle
680 1469 153 21 tillbakavisas
850 1467 22 22 af
885 1467 70 22 finska
971 1469 44 19 sta-

188 1498 47 24 ten;
251 1497 65 27 ingen
331 1497 40 21 har
385 1497 58 22 velat
458 1498 52 26 göra
526 1498 42 26 det,
585 1504 49 16 men
649 1498 26 22 de
691 1504 46 16 som
752 1497 51 21 icke
814 1496 52 28 vilja
876 1496 97 27 förlägga
984 1497 32 20 ett

188 1524 139 30 fullständigt
342 1526 137 22 seminarium
494 1526 7 22 i
516 1526 124 30 Sordavala,
655 1526 64 24 hafva
734 1526 60 29 gjort
804 1526 34 28 sig
848 1525 29 22 all
888 1524 128 29 upptänklig
