1109 1739
392 133 39 16 Den
449 131 7 18 1
476 131 88 18 Oktober.
842 129 26 20 25

145 195 144 26 »Godkänner
311 194 158 27 Ridderskapet
493 195 39 21 och
549 194 68 22 Adeln
637 196 26 19 36
679 193 11 28 $
705 194 6 21 i
727 193 119 22 utskottets
862 193 36 20 be-

75 224 108 21 tänkande
199 223 49 22 med
262 223 90 22 rättelse
367 223 32 21 uti
415 223 54 22 sista
484 225 119 20 momentet
618 222 22 22 af
654 223 11 26 $
681 225 26 19 39
724 223 33 20 till
772 222 11 27 $
799 224 39 24 37;

142 253 75 21 vinner
240 252 39 27 nej,
304 252 168 21 återremitteras
492 251 127 28 paragrafen
642 251 32 21 till
696 251 109 21 utskottet
819 251 33 21 för
868 251 31 20 att

76 281 145 27 omredigeras
237 281 8 20 i
256 281 36 21 det
307 280 23 22 af
343 281 49 21 herr
407 281 160 21 Nordenskiöld
582 280 123 27 föreslagna
720 279 76 28 syfte".

145 311 41 20 Om
209 310 70 21 denna
301 310 133 27 proposition
457 309 118 22 anställdes
599 310 28 26 på
649 309 95 26 begäran
760 307 139 27 omröstning,

76 339 85 21 hvilken
181 338 63 22 utföll
259 339 48 20 med
324 340 25 19 12
367 339 24 26 ja
410 338 40 22 och
468 340 23 19 11
510 339 41 27 nej,
568 339 33 21 till
616 338 52 28 följd
683 337 77 22 hvaraf
773 336 127 29 paragrafen

77 374 37 15 var
130 367 22 22 af
166 367 88 22 ståndet
269 367 129 22 oförändrad
413 369 101 25 antagen.

145 453 61 22 Efter
222 453 37 22 det
274 454 11 27 $
301 455 26 20 37
343 454 107 27 godkänts
467 453 136 27 oförändrad,
620 453 98 22 uttalade
727 453 33 27 sig
768 451 132 23 beträffande

78 482 11 29 $
106 485 26 19 38
147 489 62 15 mom.
228 484 9 19 1
255 483 7 21 i
277 483 147 21 betänkandet

146 512 50 21 herr
211 518 41 15 von
267 512 119 21 Alfthan:
409 512 42 26 Jag
466 512 38 21 vill
519 512 77 22 endast
611 511 57 22 fästa
683 510 217 28 uppmärksamheten

78 541 28 26 på
128 547 27 15 en
178 540 99 22 oklarhet
299 540 6 21 i
327 540 141 22 redaktionen
485 540 23 22 af
522 541 69 21 denna
606 540 102 27 paragraf
718 539 92 28 jemförd
825 538 49 22 med
890 538 10 28 8

79 571 33 19 42.
142 570 44 21 Det
204 569 63 22 heter
285 569 49 21 här:
357 570 107 26 ,börande
481 570 85 21 arbetet
580 569 103 22 förrättas
698 569 7 21 i
721 569 78 21 allmän
814 568 87 26 tvångs-

80 598 161 26 arbetsanstalt,
265 604 46 16 som
333 598 32 22 för
381 600 61 20 orten
458 601 24 19 är
499 598 81 27 afsedd,
597 598 53 22 eller
666 598 40 21 ock
721 598 7 20 i
744 598 73 25 sådan,
833 597 69 21 under

80 627 95 27 offentlig
190 627 135 27 myndighets
341 627 72 27 tillsyn
429 627 67 22 ställd
512 626 240 28 tvångsarbetsanstalt,
769 632 46 15 som
830 626 7 21 i
853 625 10 27 $
878 626 24 20 40

80 656 142 26 omförmäles,
240 656 37 21 der
293 656 49 21 dess
359 656 88 27 stadgar
462 657 39 21 det
515 656 128 27 medgifva*.
667 655 126 22 Emellertid
808 661 36 15 ser
853 660 49 15 man

80 685 7 21 i
109 684 10 28 &
143 686 26 20 42
185 686 34 20 att
234 684 37 22 det
286 687 24 19 är
324 684 61 28 fråga
400 691 34 15 om
449 687 79 19 tvenne
542 685 58 27 slags
617 684 114 22 anstalter:
749 690 26 16 en
791 683 61 22 enkel
869 689 33 15 ar-

80 713 130 21 betsanstalt
228 713 33 22 för
277 715 32 20 att
324 713 69 22 skaffa
408 714 23 21 ät
446 714 27 21 de
488 714 77 27 fattiga
579 714 118 22 understöd
713 712 40 22 och
770 712 38 22 der
823 711 79 29 syssel-

81 744 57 20 sätta
162 742 47 22 dem
232 742 49 22 med
303 742 98 28 lämpligt
423 743 82 26 arbete,
529 743 40 21 och
583 741 265 29 tvängsarbetsanstalter,
865 740 37 22 der

81 773 75 25 tyngre
172 771 40 21 och
227 771 87 22 svärare
329 772 88 21 arbeten
432 771 104 22 förrättas
552 772 72 21 säsom
640 770 65 22 straff.
737 770 40 22 Om
793 770 63 22 dessa
868 776 34 14 se-

81 806 51 15 nare
148 800 45 21 stär
208 800 47 22 icke
271 801 68 26 sagdt,
356 802 33 20 att
404 801 26 21 de
445 800 65 22 skola
524 800 75 22 ställas
615 800 68 22 under
698 799 95 27 offentlig
806 798 96 28 myndig-

81 829 48 21 hets
152 829 78 27 tillsyn,
254 830 51 20 utan
325 830 37 21 der
381 831 23 19 är
419 830 64 26 sagdt
499 831 33 20 att
548 836 34 15 om
596 829 122 21 inrättande
733 828 23 22 af
769 828 81 21 sådana
865 833 37 15 an-

82 858 76 21 stalter
173 858 98 21 anmälan
287 858 54 21 skall
357 859 63 26 göras
435 858 40 22 hos
492 859 139 27 guvernören,
648 864 47 15 som
711 864 50 20 eger
775 856 128 22 öfverlemna

82 886 90 22 ärendet
195 886 31 22 till
250 888 100 20 senatens
373 886 106 28 pröfning,
506 887 39 22 och
569 887 28 21 dä
612 887 37 21 det
664 886 46 22 står
725 886 7 22 i
748 888 26 19 38
791 886 10 26 8
817 887 33 20 att
866 885 37 21 der

82 915 127 21 omnämnde
231 915 76 27 fattige
330 916 61 21 skola
406 916 98 22 dömmas
520 916 32 21 till
567 914 239 28 tvängsarbetsanstalt,
823 914 24 22 sä
860 914 43 20 kan

80 950 50 15 man
152 944 53 21 räka
228 944 7 21 i
254 944 142 27 villrädighet,
415 944 74 22 hvilka
508 944 110 26 anstalter,
635 951 46 14 som
696 945 40 20 här
751 950 79 15 menas.
861 942 43 21 Det

81 972 61 22 heter
165 973 60 26 visst,
251 972 45 27 ,för
319 975 62 20 orten
396 973 91 22 afsedda
504 973 125 26 anstalter",
645 979 48 15 men
709 973 26 21 de
751 973 66 20 andra
832 971 73 22 kunna

82 1001 67 22 ocksä
164 1008 51 15 vara
230 1001 33 22 för
278 1003 61 20 orten
355 1001 94 22 afsedda.
473 1003 69 21 Detta
557 1008 50 15 vore
623 1001 96 28 afhjelpt,
736 1007 33 16 om
777 1007 49 15 man
835 999 69 22 skulle

81 1030 45 21 låta
148 1030 63 21 ordet
233 1031 102 26 ,tvängs*
357 1031 86 21 framför
465 1031 182 26 ,arbetsanstalt*
668 1031 53 26 utgå
735 1031 72 20 såsom
821 1029 7 22 i
844 1029 10 27 $
870 1030 34 24 42,

82 1058 109 23 äfvensom
206 1065 77 21 genom
299 1060 77 21 ordens
394 1059 82 27 ,under
492 1060 97 27 offentlig
599 1059 136 28 myndighets
744 1059 72 27 tillsyn
825 1057 77 22 ställd"

82 1088 156 21 utelemnande.

150 1117 56 21 Herr
221 1117 123 27 Pipping,
360 1117 101 22 Fredrik:
493 1117 62 22 Hvad
570 1117 103 22 beträffar
687 1117 50 21 herr
752 1123 41 15 von
807 1115 98 22 Alfthans

82 1144 68 23 första
165 1146 139 27 anmärkning
320 1146 80 26 derom,
417 1148 32 19 att
460 1147 113 27 uttrycket
582 1145 256 28 ,tvängsarbetsanstalt*
849 1145 57 26 nytt-

80 1174 34 27 jas
134 1174 134 22 beträffande
288 1175 59 22 såväl
366 1176 89 25 statens,
477 1181 48 16 som
543 1175 140 22 kommunens
703 1173 160 26 arbetsanstalt,
882 1173 26 20 så

82 1203 109 21 försvarar
214 1203 37 22 det
273 1203 32 22 sin
327 1204 64 27 plats,
416 1205 21 26 ty
453 1204 185 27 tvångsanstalter
656 1206 37 19 äro
709 1204 26 21 de
750 1203 76 26 begge.
856 1201 51 21 Icke

82 1231 61 28 ingår
165 1231 71 27 någon
258 1231 95 28 frivilligt
375 1232 7 22 i
398 1233 70 21 desse.
501 1233 43 21 Det
559 1233 56 21 hade
629 1232 55 23 visst
698 1231 133 23 beträffande
847 1230 60 21 kom-

83 1267 89 15 munens
188 1260 143 28 inrättningar
345 1261 82 22 kunnat
442 1261 54 22 heta
513 1261 186 27 ,arbetsanstalt*,
709 1267 48 15 men
765 1261 72 26 någon
846 1258 62 28 otyd-

82 1289 69 27 lighet
166 1289 62 22 torde
244 1289 47 22 icke
306 1289 122 22 föranledas
443 1290 69 27 deraf,
529 1292 32 19 att
577 1290 37 22 det
629 1290 28 27 på
671 1290 57 21 båda
743 1289 93 22 ställena
850 1289 58 26 nytt-

81 1318 34 27 jas
138 1318 62 21 ordet
224 1319 269 26 ,,tvångsarbetsanstalt".
524 1319 63 22 Hvad
611 1319 40 22 den
674 1325 75 15 senare
773 1316 135 23 anmärknin-

83 1353 41 20 gen
140 1347 71 26 angår,
229 1349 32 19 att
276 1347 7 21 i
298 1347 11 28 $
324 1349 28 20 42
367 1347 48 22 icke
431 1347 71 22 finnes
511 1348 113 21 omnämnd
634 1347 69 28 någon
713 1347 86 26 anstalt,
809 1352 47 15 som
864 1345 46 22 står

83 1376 68 21 under
174 1375 97 28 offentlig
293 1376 78 27 tillsyn,
395 1376 24 21 så
441 1382 67 21 synes
528 1377 41 21 den
589 1376 35 22 vid
640 1376 68 22 första
722 1375 109 28 påseende
846 1373 64 22 hafva

84 1404 47 21 skäl
154 1403 33 22 för
210 1405 39 26 sig,
273 1411 48 15 men
343 1405 28 21 dä
393 1411 49 15 man
457 1407 39 20 vet
511 1407 39 24 att,
567 1405 91 28 enligt
650 1399 13 38 $
674 1407 25 20 45
717 1405 53 21 sista
784 1404 124 25 momentet,

84 1434 133 25 guvernören
240 1433 60 22 alltid
322 1433 40 22 har
382 1433 107 28 rättighet
512 1435 33 20 att
562 1434 59 21 hålla
635 1440 110 21 noggrann
760 1433 72 26 tillsyn
848 1431 62 22 äfven

84 1461 59 22 öfver
157 1461 246 28 fattigvårdsstyrelsens
419 1463 132 26 tillgörande
567 1462 40 22 och
623 1463 84 21 således
724 1461 59 22 öfver
799 1461 63 22 deras
876 1466 34 15 ar-

84 1490 161 26 betsanstalter,
265 1491 24 21 så
311 1491 42 21 kan
375 1490 61 22 äfven
460 1491 74 22 denna
548 1491 139 27 anmärkning
701 1490 23 22 få
738 1490 89 22 förfalla.
859 1489 51 21 För-

84 1518 64 27 öfrigt
163 1520 24 20 är
201 1518 142 22 redaktionen
359 1519 48 22 icke
422 1519 64 27 gjord
503 1520 22 22 af
538 1520 115 26 utskottet,
670 1521 51 20 utan
731 1518 123 23 bibehållen
863 1517 47 22 från

85 1546 41 22 den
142 1547 78 27 nådiga
235 1548 168 26 propositionen.
