1109 1739
416 139 39 17 Den
473 137 25 20 25
516 138 87 18 Oktober.
862 137 40 20 433

104 201 76 26 tillägg
202 200 71 27 någon
293 200 191 27 språkförändring
498 201 7 21 i
522 200 31 22 S:t
568 201 91 21 Michels
674 201 84 27 lyceum
773 201 48 22 icke
836 201 43 22 kan
893 201 38 27 på-

104 230 63 27 yrkas
188 229 7 22 i
218 229 93 26 ståndet,
335 229 70 22 skulle
425 230 38 27 jag
481 229 33 22 för
533 229 43 22 min
593 230 33 21 del
642 230 56 21 blott
713 230 53 27 yrka
781 230 28 27 på
824 231 33 20 att
872 231 61 20 detta

104 260 101 25 moment,
230 257 70 22 denna
322 258 69 27 punkt
408 257 17 27 1)
444 259 7 20 i
471 258 154 27 betänkandet,
641 257 56 28 finge
719 265 25 15 en
761 258 89 27 ungefär
866 259 66 21 sådan

104 287 85 28 lydelse
204 293 46 15 som
265 287 50 20 herr
331 287 141 27 Godenhjelm
487 287 118 27 föreslagit,
621 288 32 20 att
669 289 32 20 ett
715 287 138 27 fullständigt
867 287 66 22 finskt

104 316 84 27 lyceum
211 315 68 22 måtte
301 315 90 22 inrättas
407 316 7 21 i
430 315 34 22 S:t
485 316 91 21 Michels
601 316 51 21 eller
675 316 99 27 Wiborgs
793 316 43 26 län,
852 316 81 23 hvilket

106 345 67 21 också
195 344 68 22 delvis
287 343 201 23 öfverensstämmer
510 345 50 21 med
581 345 51 22 herr
650 345 117 21 Mechelins
782 345 86 27 förslag.
899 344 35 22 Då

105 374 113 21 ankomme
235 373 37 22 det
292 373 28 27 på
335 373 126 28 regeringen
477 375 39 24 att,
532 374 72 21 såsom
620 374 41 21 den
676 373 68 22 finner
759 373 50 22 bäst
825 373 107 22 öfverens-

105 402 134 21 stämmande
257 402 50 21 med
328 402 91 22 rättvisa
435 402 39 22 och
491 403 98 26 billighet
604 403 120 21 bestämma
739 402 33 27 sig
787 401 33 23 för
836 403 41 21 den
893 408 40 16 ena

106 431 51 21 eller
173 431 68 21 andra
256 432 68 20 orten.

173 460 57 20 Herr
252 459 73 21 Rein:
351 459 49 21 Man
422 459 40 22 har
483 459 103 22 klandrat
607 459 109 22 utskottet
735 459 82 22 derföre
838 460 32 20 att
885 460 46 20 det-

106 494 82 16 samma
206 488 112 27 föreslagit
337 489 32 21 ett
387 488 138 28 fullständigt
539 488 67 22 finskt
620 488 111 22 läroverks
747 488 138 27 förläggande
901 488 32 21 till

105 516 184 27 Willmanstrand,
301 516 91 22 oaktadt
401 517 65 27 ingen
479 517 93 27 petition
588 518 72 20 derom
675 517 132 21 framställts.
830 517 50 22 Men
892 516 41 22 den

106 546 165 27 omständighet,
288 547 32 20 att
342 546 64 26 ingen
428 546 118 28 uttrycklig
565 546 92 27 petition
672 546 7 21 i
695 546 77 21 sådant
787 545 56 28 syfte
858 546 74 21 inlem-

105 576 56 25 nats,
178 575 39 21 har
233 574 54 22 dock
302 574 48 22 icke
365 575 7 21 i
388 575 40 21 och
443 574 34 22 för
492 575 34 27 sig
540 575 83 21 kunnat
641 576 78 26 utgöra
734 575 67 27 något
816 574 116 28 afgörande

108 604 48 21 skäl
172 603 33 22 för
215 603 110 22 utskottet
339 605 33 19 att
386 604 48 21 icke
449 603 33 23 för
497 604 34 21 sin
547 604 35 21 del
597 604 80 21 föreslå
690 605 32 20 ett
732 604 105 26 läroverk,
848 604 37 21 der
896 603 37 21 det

106 632 69 28 ansåg
198 634 32 20 ett
253 632 78 22 sådant
348 632 105 28 lämpligt,
469 633 59 21 helst
543 633 56 21 dock
614 639 26 15 en
655 632 97 28 petition,
768 632 107 27 nemligen
891 632 42 22 den

106 660 22 23 af
149 662 145 21 skollärarnes
316 663 176 25 representanter
508 662 7 20 i
533 662 164 21 Presteståndet
717 661 84 27 afgifna,
817 662 69 26 begär
901 662 32 20 ett

105 690 100 22 läroverk
220 690 8 21 i
242 690 100 27 Wiborgs
358 690 41 21 län.
430 691 43 21 Det
487 696 39 16 var
545 690 85 22 således
647 690 114 26 anledning
776 689 33 22 för
824 690 110 22 utskottet

106 721 33 19 att
160 721 79 19 nämna
261 718 71 28 någon
355 719 49 21 stad
419 719 7 21 i
441 720 101 26 Wiborgs
560 720 36 20 län
615 719 72 21 såsom
702 719 6 21 i
724 718 162 28 ifrågavarande
902 718 30 22 af-

106 748 80 22 seende
207 748 94 26 lämplig.
332 748 32 21 De
384 748 53 26 skäl,
454 748 72 22 hvilka
541 748 7 21 i
563 748 109 21 utskottet
687 747 99 22 anfördes
801 748 33 21 till
849 747 83 22 förmån

105 776 33 22 för
153 776 181 27 Willmanstrand,
351 782 50 16 voro
412 776 189 28 hufvudsakligast
612 778 88 20 tvenne:
713 777 36 21 det
761 783 46 19 ena,
819 778 33 19 att
863 776 69 21 denna

106 807 34 19 ort
154 807 25 19 är
193 805 88 22 försedd
296 805 49 21 med
361 806 56 26 goda
434 806 209 21 kommunikationer
663 806 23 20 ät
701 806 42 20 alla
757 805 49 26 häll,
825 805 60 21 säväl
902 804 31 22 till

105 834 44 27 sjös
173 840 45 15 som
241 834 71 26 lands;
337 834 36 22 det
395 835 72 26 andra,
484 836 34 20 att
533 840 76 21 genom
625 836 33 20 att
673 834 97 27 förlägga
786 836 32 19 ett
833 834 100 21 läroverk

105 862 33 22 till
156 863 177 21 Willmanstrand
355 869 49 15 man
419 863 70 22 skulle
505 864 115 26 tillgodose
636 865 77 19 tvenne
728 863 41 25 län,
787 862 13 21 ä
815 868 41 16 ena
871 862 62 22 sidan

106 891 33 22 S:t
160 892 97 26 Michels,
282 892 5 21 &
303 892 67 21 andra
392 892 62 22 sidan
469 892 100 27 Wiborgs
593 892 41 26 län,
651 892 27 21 dä
695 891 185 22 Willlmanstrand
895 897 38 16 var

104 920 90 28 beläget
209 922 53 20 nära
277 923 92 24 gränsen
385 921 90 21 emellan
491 921 65 21 dessa
571 921 75 27 begge.

174 950 50 20 Men
247 949 90 21 oaktadt
359 950 96 26 sälunda,
477 950 8 21 i
507 950 44 21 min
573 950 70 26 tanke,
665 950 108 21 utskottet
791 949 49 21 icke
856 948 78 21 saknat

106 977 48 22 skäl
171 979 32 20 att
218 977 87 22 förorda
319 978 182 27 Willmanstrand,
518 979 37 20 vill
567 979 38 26 jag
621 978 55 21 dock
692 978 94 21 erkänna
800 977 133 27 riktigheten

106 1007 23 20 af
148 1007 51 21 herr
221 1013 41 15 von
283 1007 107 22 Kremers
412 1007 86 27 yttrade
517 1007 118 27 förmodan,
655 1008 32 20 att
707 1007 38 21 det
766 1006 70 21 skulle
861 1006 73 21 berott

106 1035 23 21 af
142 1042 27 15 en
184 1035 130 27 tillfällighet
330 1035 37 22 det
381 1036 109 21 utskottet
499 1036 50 21 kom
562 1038 32 19 att
605 1038 76 19 stanna
691 1036 7 21 i
710 1035 37 22 det
756 1035 79 26 beslut,
844 1035 89 21 hvarom

105 1071 30 14 nu
157 1066 25 19 är
199 1063 66 28 fräga.
297 1064 82 21 Sädant
399 1067 23 19 är
442 1065 110 26 verkligen
571 1065 148 24 förhällandet,
736 1064 39 21 och
790 1063 34 22 för
839 1063 43 21 min
898 1063 34 21 del

105 1093 36 22 vill
161 1093 38 27 jag
220 1093 48 21 icke
290 1093 111 22 bestämdt
422 1093 96 22 vidhålla
537 1094 61 21 detta
616 1094 91 27 projekt.
737 1093 42 26 Jag
799 1092 70 22 skulle
885 1092 47 21 icke

105 1121 64 22 hafva
189 1122 66 27 nägot
269 1124 58 19 emot
346 1122 41 21 den
402 1121 23 22 af
438 1122 49 21 herr
502 1129 41 15 von
559 1123 96 21 Kramer
670 1121 114 23 förordade
799 1121 84 26 ätgärd,
900 1122 33 19 att

106 1152 32 20 ett
152 1149 137 28 fullständigt
303 1150 66 22 finskt
384 1151 100 22 läroverk
499 1151 108 27 förlägges
618 1151 33 21 till
662 1151 33 22 S:t
705 1150 89 26 Michel;
807 1149 125 27 derigenom

106 1179 69 22 skulle
193 1179 75 22 vinnas
289 1181 32 19 att
337 1179 149 22 erfarenheten
501 1179 57 28 finge
573 1180 52 26 visa,
641 1179 105 22 huruvida
761 1179 26 21 de
803 1178 57 21 bäda
875 1178 56 27 lyce-

106 1214 69 20 ernas,
191 1208 38 21 det
243 1208 104 21 svenskas
363 1209 40 21 och
419 1209 37 21 det
471 1208 88 26 finskas,
571 1208 138 27 förläggande
719 1208 7 21 i
737 1207 33 22 S:t
780 1207 79 22 Michel
870 1206 62 21 verk-

104 1237 58 26 ligen
185 1238 24 19 är
231 1236 22 22 af
270 1237 209 26 bildningsbehofvet
493 1237 117 28 päkalladt,
626 1237 105 22 huruvida
747 1236 26 21 de
788 1236 74 21 kunna
878 1235 54 21 kon-

104 1265 91 22 kurrera
217 1265 49 22 med
288 1265 127 27 hvarandra,
435 1266 52 21 eller
510 1272 34 15 om
567 1266 118 27 någotdera
705 1265 22 22 af
741 1265 48 21 dem
804 1265 40 20 bör
860 1264 72 21 såsom

105 1294 48 21 icke
169 1293 131 28 nödvändigt
315 1295 54 20 vika.
393 1295 51 21 Man
460 1295 70 21 skulle
546 1295 84 22 således
645 1294 22 22 få
682 1293 81 22 tillfälle
780 1293 33 21 till
826 1292 106 22 vinnande

106 1322 23 22 af
142 1322 68 22 sädan
226 1322 127 27 erfarenhet,
370 1329 46 15 som
431 1324 110 21 utskottet
557 1325 71 20 ansett
642 1324 53 21 böra
705 1329 52 15 vara
767 1321 165 22 bestämmande

105 1351 34 22 för
161 1351 84 22 skolors
267 1351 122 22 inrättande
411 1352 41 21 och
475 1352 158 22 bibehållande.
662 1351 63 22 Hvad
747 1351 66 26 angår
835 1350 98 21 Joensuu

106 1379 73 22 skolas
201 1379 137 28 utvidgande,
361 1381 39 20 ber
419 1381 38 27 jag
481 1381 74 21 derom
576 1380 23 22 få
616 1381 70 21 uttala
701 1379 48 28 mig,
766 1379 28 22 då
808 1380 65 20 nästa
888 1384 46 15 mo-

106 1410 60 20 ment
181 1409 96 21 kommer
292 1409 69 21 under
376 1409 130 22 diskussion.

175 1437 56 21 Herr
250 1437 23 21 af
288 1437 147 26 Forselles,
454 1438 67 21 Emil:
541 1439 42 20 För
598 1438 43 21 min
657 1437 34 22 del
706 1437 38 21 ber
757 1436 38 27 jag
809 1435 22 22 få
846 1434 88 22 förorda

106 1465 59 21 bifall
181 1466 32 20 till
228 1472 61 15 mom.
301 1466 17 26 I)
334 1466 7 20 i
356 1466 153 27 hufvudsaklig
520 1466 222 22 öfverensstämmelse
752 1465 50 21 med
812 1463 121 21 utskottets

106 1494 144 26 betänkande,
269 1500 49 15 men
341 1494 27 21 då
389 1494 62 22 äfven
467 1495 39 27 jag
520 1495 69 21 håller
603 1494 46 22 före
665 1496 32 20 att
712 1494 36 21 det
770 1492 100 22 måhända
883 1491 51 32 icke

106 1528 52 16 vore
174 1523 25 21 så
213 1523 98 27 lämpligt
325 1522 48 22 från
387 1523 98 21 ståndets
501 1523 47 22 sida
564 1524 32 20 att
610 1523 49 21 med
673 1522 138 22 bestämdhet
823 1526 111 22 precisera

107 1550 175 23 Willmanstrand
305 1551 72 21 såsom
401 1551 41 21 den
463 1553 41 26 ort,
525 1558 46 16 som
586 1558 51 16 vore
651 1551 124 27 lämpligast
790 1551 33 20 att
838 1548 97 27 förlägga

843 1588 23 17 28
