1109 1739
414 133 40 17 Den
472 131 25 19 16
514 133 87 18 Oktober.
843 129 41 21 207

87 195 41 20 den
142 194 7 21 i
166 195 26 20 16
208 193 11 28 8
235 193 138 23 omförmälde
389 197 45 19 rätt
449 195 131 22 tillkommer
587 195 116 21 konstnärs
712 193 201 27 rättsinnehafvare,

86 223 120 22 fastställes
223 223 32 20 till
271 224 27 19 30
314 223 24 20 år
353 222 55 23 efter
423 224 54 21 hans
495 224 54 26 död;

156 252 75 21 vinner
250 251 41 28 nej,
311 251 132 23 bestämmes
459 252 61 22 tiden
536 252 33 22 för
584 252 68 21 sådan
667 251 105 27 rättighet
787 251 32 21 till
835 253 27 20 50
878 251 35 26 år;

87 280 7 21 i
109 280 106 23 hvardera
230 279 65 23 fallen
310 281 122 22 remitteras
449 281 47 28 8:en
512 281 7 22 i
534 280 102 23 afseende
652 281 13 21 å
679 280 122 27 redigering
816 280 32 21 till
859 280 55 26 Lag-

87 310 131 28 utskottet".

156 337 68 23 Äfven
249 338 68 21 denna
336 338 135 27 proposition
487 338 132 23 besvarades
635 337 49 22 med
700 337 156 26 öfvervägande
872 337 40 27 nej,

87 367 33 21 till
138 367 53 28 följd
207 366 22 22 af
242 367 73 21 hvilka
329 367 70 26 begge
415 368 171 27 omröstningars
602 367 82 27 utgång
699 366 60 22 tiden
774 365 33 22 för
823 366 41 22 den
880 366 6 21 i
902 365 11 27 $

89 398 25 19 16
131 395 138 23 omförmälde
285 397 44 20 rätt
343 395 70 23 blifvit
427 396 101 22 bestämd
543 396 33 21 till
592 398 27 20 50
635 396 30 21 år.

156 424 56 22 Herr
226 431 42 15 von
283 424 103 22 Becker
401 425 71 21 anhöll
488 431 30 15 nu
534 431 35 15 om
585 425 62 21 ordet
661 423 40 22 och
712 423 85 27 yttrade
808 423 103 28 följande:

88 452 94 28 Mången
204 453 73 21 kunde
299 454 40 26 tro,
358 453 7 21 i
381 453 96 27 enlighet
492 454 50 21 med
557 452 257 23 utskottsbetänkandets
830 452 39 21 sid.
887 453 25 19 17

88 482 99 21 uttalade
210 481 57 27 åsigt
289 482 41 21 och
352 482 49 21 med
417 482 50 22 stöd
483 482 24 22 af
521 483 26 21 de
563 482 96 26 motiver,
676 488 46 15 som
739 481 37 21 der
791 481 75 27 lägges
881 480 33 21 till

88 510 70 27 grund
180 510 33 22 för
235 510 166 27 Lagutskottets
426 512 25 20 16
472 511 20 26 S,
514 513 32 20 att
561 512 119 26 gravörers,
697 510 160 27 stentryckares
873 509 41 21 och

89 539 55 21 slike
160 539 99 21 artisters
274 541 45 19 rätt
333 538 68 23 finnes
417 539 100 23 bevakad
532 540 7 21 i
557 542 24 20 15
598 539 16 28 8.
645 540 49 20 Men
710 538 91 22 sålunda
817 540 23 19 är
854 538 60 26 inga-

88 568 67 21 lunda
169 568 150 22 förhällandet.
349 568 34 22 De
397 568 125 27 premisser,
538 568 245 22 utskottsbetänkandet
791 567 82 27 stödjer
881 566 33 26 sig

88 597 34 27 pä,
139 599 37 19 äro
191 596 71 22 falska
277 596 40 22 och
333 596 50 22 dess
400 597 90 22 slutsats
507 598 76 21 likaså.
613 596 249 22 Utskottsbetänkandet
872 595 42 21 för-

88 626 72 21 klarar
175 626 106 26 nemligen
297 627 32 19 att
345 626 105 26 ,etsning,
465 626 148 27 kopparstick,
629 625 104 22 trädsnitt
748 625 41 21 och
803 624 111 27 stentryck

89 654 97 22 erfordra
201 661 26 15 en
242 654 92 22 särskild
349 654 182 28 konstfärdighet,
547 655 85 22 hvilken
644 654 103 27 stämplar
755 654 26 21 de
791 653 123 27 derigenom

88 683 113 21 tillkomna
215 683 82 21 alstren
313 683 71 21 säsom
399 690 60 15 mera
475 684 149 26 sjelfständiga
641 682 124 26 konstverk,
781 682 72 21 hvilka
868 682 8 20 i
887 681 27 21 de

88 712 123 26 händelser,
235 712 28 21 dä
285 712 26 21 de
334 714 37 19 äro
391 712 122 27 originaler,
534 718 64 22 synas
616 712 53 22 böra
685 712 84 27 ätnjuta
785 711 37 21 det
836 710 8 22 i
860 712 25 19 15
902 709 11 27 $

88 740 115 22 bestämda
218 740 93 28 skyddet
325 743 59 19 emot
399 740 153 28 efterbildning
567 741 7 21 i
590 747 81 15 samma
681 740 105 26 konstart,
795 746 49 14 men
853 739 61 21 dere-

88 771 46 19 mot
148 770 8 20 i
172 770 26 21 de
211 769 44 27 fail,
273 770 27 21 dä
315 769 27 22 de
357 771 79 25 utgöra
451 770 177 27 efterbildningar
641 770 48 21 icke
705 775 63 21 synas
783 768 85 28 päkalla
876 767 38 21 nä-

89 799 38 26 got
142 798 104 22 särskildt
261 798 88 27 skydd*.

158 827 65 21 Utom
232 827 37 21 det
277 826 92 28 oriktiga
379 826 8 22 i
398 826 60 23 detta
468 828 120 26 uttalande,
600 829 24 19 är
635 827 37 21 det
683 826 76 22 oklart.
781 826 51 21 Man
842 824 72 22 kunde

88 862 52 15 vara
161 855 83 22 frestad
263 857 34 20 att
314 857 41 25 tro,
374 856 38 22 det
426 856 246 22 utskottsbetänkandet
687 856 71 21 ansett
773 857 34 19 att
821 854 93 26 koppar-

88 884 111 22 stickaren
213 884 8 22 i
236 884 117 22 allmänhet
367 884 49 22 icke
433 884 128 22 efterbildar
575 884 123 26 konstverk,
710 886 51 19 utan
777 884 29 26 pä
821 883 33 21 sin
868 882 47 27 plät

88 912 144 28 komponerar
247 913 41 22 och
303 913 89 21 tecknar
400 913 104 27 originala
512 914 89 26 sädana;
613 913 108 21 utskottet
728 912 39 22 har
775 912 41 22 och
825 923 28 3 —
865 912 49 26 eget

88 948 43 20 nog
146 953 28 4 —
189 944 56 19 trott
259 943 33 20 att
307 942 104 27 oljetryck
427 942 162 21 ästadkommes
604 942 28 27 pä
641 941 112 22 mekanisk
764 943 40 24 väg
815 940 41 21 och
866 940 48 21 icke

88 971 61 21 vetat
172 972 33 20 att
227 971 37 21 det
286 971 63 26 utgör
369 976 28 15 en
419 973 34 19 art
468 971 23 21 af
506 971 116 27 stentryck.
653 971 41 26 Jag
709 971 44 20 tror
769 971 32 20 att
813 969 39 27 jag
866 968 48 21 icke

88 998 103 23 behöfver
210 998 33 22 för
265 999 160 27 Ridderskapet
447 999 40 22 och
508 1000 70 21 Adeln
593 1001 77 19 nämna
686 1000 38 25 att,
740 998 49 21 med
804 997 110 26 undantag

89 1027 23 21 af
133 1027 115 27 etsningar,
267 1027 73 22 hvilka
360 1027 45 22 ofta
422 1027 70 23 blifvit
512 1028 88 22 utförda
615 1027 23 22 af
651 1027 108 22 mälarene
774 1025 82 29 sjelfva,
872 1025 42 22 alla

88 1056 177 27 kopparstickare
281 1055 46 22 från
336 1056 27 21 de
373 1057 70 26 gamle
451 1058 112 21 mästarne
571 1057 59 21 Marc
638 1057 92 21 Antoine
739 1055 40 22 och
786 1054 129 22 Bolschvert

88 1085 113 27 börjande,
217 1085 32 21 till
266 1085 27 22 de
308 1085 102 22 moderne
426 1085 110 27 Girardet,
552 1085 73 27 Unger
641 1085 40 22 och
696 1085 102 26 Flameng
808 1083 106 26 slutande,

88 1113 64 22 hafva
173 1114 8 21 i
204 1113 47 22 sina
270 1114 88 21 arbeten
379 1114 109 27 ätergifvit
507 1114 105 22 berömda
626 1116 106 19 mästares
749 1111 165 28 originaltaflor
906 1107 10 39 ;

88 1149 49 15 men
159 1142 55 21 huru
237 1144 46 19 stor
306 1143 63 21 dessa
392 1143 99 21 artisters
516 1143 75 26 talang
613 1143 40 21 och
677 1142 129 26 skicklighet
829 1143 27 19 än
878 1147 36 15 va-

88 1171 34 26 rit,
146 1171 40 21 har
208 1171 56 21 dock
281 1170 56 27 idön,
357 1172 179 26 compositionen,
551 1171 146 28 belysningen,
714 1169 164 28 uppfattningen
894 1168 22 22 af

87 1201 98 25 naturen,
204 1199 49 22 med
268 1201 32 20 ett
316 1200 39 21 ord
369 1200 40 21 allt
425 1200 37 22 det
476 1200 173 27 väsendtligaste
664 1200 7 21 i
685 1199 142 22 konstverket
842 1197 73 26 utgätt

87 1227 47 22 frän
150 1229 42 20 den
207 1230 102 25 mästare,
325 1235 47 15 som
387 1229 78 27 skapat
481 1229 39 22 det
535 1229 89 26 original
640 1229 27 21 de
683 1227 130 23 efterbildat.
839 1225 75 26 Aldrig

87 1257 43 21 kan
152 1257 85 22 således
260 1257 191 27 kopparstickarns
470 1258 55 21 verk
543 1257 68 22 kallas
628 1257 95 27 original,
739 1257 39 21 och
794 1255 120 22 utskottets

86 1285 102 28 yttrande
209 1285 20 27 ,i
249 1285 42 22 den
305 1285 104 22 händelse
426 1286 26 21 de
468 1288 38 19 äro
524 1286 125 27 originaler*
666 1285 108 22 förefaller
789 1285 44 21 rätt
850 1289 64 21 egen-

87 1314 96 27 domligt.
217 1314 42 27 Jag
281 1314 40 22 har
343 1316 45 19 sett
409 1314 22 21 fä
453 1315 144 26 kopparstick
619 1321 47 15 som
688 1314 56 22 varit
767 1312 101 28 original,
892 1313 23 26 ty

86 1343 126 26 raderingar
235 1343 52 22 eller
310 1343 110 26 etsningar
442 1343 71 22 kallar
534 1344 38 27 jag
595 1343 18 27 ej
629 1343 145 27 kopparstick.
805 1341 57 22 Vare
878 1340 38 21 det

88 1371 56 22 dock
158 1371 62 27 längt
234 1371 55 22 ifrän
303 1371 44 27 mig
362 1373 34 20 att
411 1371 18 27 ej
447 1372 97 21 erkänna
559 1372 38 21 det
611 1371 272 28 kopparstickarekonsten
892 1371 24 18 är

87 1406 26 15 en
129 1401 47 20 stor
191 1400 40 21 och
246 1400 49 21 med
310 1402 58 19 rätta
383 1400 53 27 högt
444 1401 115 26 uppburen
575 1400 71 26 konst,
663 1400 41 21 och
719 1400 38 21 det
772 1399 69 27 skydd
848 1397 68 22 man
902 1393 17 39 i

87 1428 42 21 alla
148 1429 76 21 länder
243 1428 61 27 gifvit
323 1429 125 21 densamma
463 1429 88 22 bevisar
567 1429 36 21 det
618 1430 105 26 nogsamt.
753 1428 10 21 I
779 1428 41 21 den
836 1425 80 23 norska

86 1457 64 26 lagen
164 1456 24 22 af
202 1457 41 21 den
259 1459 26 19 12
301 1457 41 27 Maj
360 1459 54 19 1877
431 1457 60 27 ingär
508 1456 65 22 äfven
589 1459 32 19 ett
636 1456 125 27 stadgande,
776 1462 47 15 som
832 1455 84 21 lemnar

86 1486 102 26 gravörer
203 1485 40 22 och
259 1486 156 26 stentryckare,
431 1485 73 22 hvilka
520 1485 51 21 med
585 1485 143 22 konstnärens
744 1483 99 23 tillständ
859 1482 57 20 äter-

86 1513 57 27 gifva
166 1515 32 20 ett
221 1514 101 26 originalt
341 1514 126 26 konstverk,
483 1513 131 28 skyddsrätt
628 1514 33 22 för
677 1514 63 20 deras
756 1513 75 21 arbete
846 1510 70 21 under

86 1541 63 23 deras
164 1542 68 22 lifstid
247 1542 42 22 och
304 1542 63 22 deras
384 1542 109 27 arfvingar
509 1543 29 21 50
554 1542 24 22 är
594 1542 54 22 efter
659 1542 62 22 deras
733 1541 48 22 död.
806 1538 110 24 Belänker
