1109 1739
219 115 41 20 294
522 117 40 18 Den
579 115 26 19 20
622 117 88 18 Oktober.

259 179 34 22 Då
307 179 46 28 fyra
368 179 75 22 stånds
459 179 188 28 samstämmighet
665 179 108 22 erfordras
796 179 33 21 för
844 180 34 20 att
892 178 60 22 stifta
968 179 51 21 eller

189 208 68 21 ändra
279 208 111 27 grundlag,
413 209 26 21 så
461 210 24 19 är
508 209 37 21 det
564 210 53 20 utan
631 208 73 22 tvifvel
727 207 49 22 fullt
791 207 134 28 berättigadt
940 209 32 20 att
988 209 32 20 ett

190 237 64 21 stånd
269 237 88 21 hindrar
373 243 26 16 en
414 237 85 26 reform,
508 239 41 20 när
565 237 60 22 detta
641 243 41 16 ena
696 237 64 22 stånd
775 243 65 15 anser
851 238 33 20 att
894 237 38 21 det
942 235 76 28 skulle,

190 271 78 21 genom
284 267 33 20 att
332 265 56 28 gifva
403 266 49 21 vika
468 265 32 22 för
516 267 27 20 de
556 267 67 20 andra
634 265 98 27 stånden,
743 265 77 27 frångå
831 272 26 15 en
869 265 149 28 öfvertygelse,

189 293 68 22 finner
274 295 32 20 sin
323 294 55 27 åsigt
393 301 50 15 vara
459 295 122 26 principielt
596 295 65 27 riktig
677 295 40 21 och
733 294 42 22 den
791 295 67 20 andra
869 294 84 27 åsigten
962 294 56 21 orik-

191 323 36 26 tig.
258 323 50 22 Men
332 323 36 22 det
390 323 42 22 kan
447 323 69 22 finnas
532 330 46 15 mer
594 323 53 22 eller
661 323 83 22 mindre
760 323 82 26 vigtiga
856 322 162 27 principfrågor.

191 351 42 22 Det
248 351 42 22 kan
307 352 40 21 ock
362 351 67 22 finnas
445 352 78 27 frågor,
540 359 48 15 som
603 353 48 21 icke
663 354 36 19 äro
710 351 163 28 principfrågor,
885 353 51 20 utan
948 351 71 27 frågor

191 386 34 15 om
248 380 57 22 hvad
329 387 45 15 som
391 383 22 19 är
427 388 46 15 mer
493 381 53 22 eller
561 381 82 22 mindre
659 381 105 27 lämpligt.
795 381 41 20 Till
852 381 37 21 det
905 381 53 20 sista
974 386 44 15 om-

189 409 64 21 rådet
276 409 42 22 kan
341 409 41 22 den
405 417 28 14 nu
455 409 142 23 förevarande
619 409 74 27 frågan
710 409 107 22 hänföras.
848 409 44 22 Det
908 409 43 21 kan
966 410 52 20 utan

190 436 73 22 tvifvel
285 437 68 22 finnas
377 438 40 22 och
439 438 68 22 finnes
524 439 66 21 också
605 438 122 28 privilegier
742 437 23 22 af
784 438 37 22 det
837 438 47 27 slag
894 439 32 20 att
942 438 26 20 de
984 439 33 19 ut-

191 467 52 25 göra
262 466 173 22 konserverande
457 467 130 22 hörnstenar
601 468 8 20 i
624 467 238 27 samhällsbyggnaden,
879 466 40 22 och
934 466 34 22 väl
984 466 34 21 må

190 501 49 15 man
263 495 65 21 tveka
350 497 33 19 att
405 495 117 28 öfvergifva
542 496 83 22 sådana
640 496 33 22 till
689 496 38 22 det
742 496 103 27 politiska
860 496 105 27 systemet
980 495 40 21 hö-

191 523 67 22 rande
280 524 128 27 privilegier.
442 525 46 21 Den
511 532 30 14 nu
563 524 148 28 föreliggande
733 524 76 27 frågan
831 524 40 22 har
886 524 69 22 likhet
969 524 49 22 med

190 552 142 28 privilegium,
355 560 48 15 men
427 555 24 19 är
465 554 48 22 icke
530 555 33 21 ett
577 554 140 27 privilegium.
749 553 43 22 Det
807 555 24 19 är
847 560 26 15 en
888 552 131 23 företrädes-

191 582 50 26 rätt,
265 588 50 15 men
337 582 42 22 den
401 584 24 20 är
447 582 89 22 alldeles
560 590 34 20 ny,
611 583 41 22 och
667 583 43 27 mig
725 582 119 27 veterligen
860 582 40 22 har
915 582 41 21 den
971 582 48 21 icke

191 616 38 15 ens
252 610 88 28 tagits
334 606 15 38 i
361 611 104 27 anspråk;
485 611 38 28 jag
545 612 40 21 har
607 612 44 27 mig
674 611 131 22 åtminstone
827 611 49 21 icke
891 610 81 22 bekant
987 612 33 20 att

190 638 118 22 frälsemän
331 639 69 22 skulle
422 640 109 27 begagnat
552 640 34 27 sig
601 640 24 22 af
638 640 32 22 sin
686 640 80 22 valrätt
781 640 33 21 till
829 640 189 27 Borgareståndet.

191 667 73 27 Enligt
281 670 26 19 12
323 667 10 29 $
347 668 7 21 i
369 668 22 22 L.
409 668 24 22 O.
451 675 51 21 eger
517 669 116 22 frälseman
653 668 156 28 obestridligen
824 668 80 23 valrätt
918 668 33 22 till
966 668 53 22 Bor-

191 696 146 28 gareständet,
361 703 34 15 om
417 697 43 22 han
483 700 25 19 är
529 698 99 27 borgare,
645 698 164 28 skeppsredare,
825 698 76 21 idkare
916 696 23 23 af
952 698 67 27 yrken

190 724 29 28 pä
241 725 71 26 grund
334 725 22 22 af
377 726 106 22 särskilda
506 727 123 27 privilegier
650 727 53 22 eller
725 726 92 22 medlem
836 726 23 22 af
871 726 147 27 magistraten.

191 754 42 27 Jag
248 755 46 20 tror
309 754 48 22 icke
371 757 32 19 att
418 762 49 14 man
483 756 55 21 skall
553 756 73 22 kunna
641 756 49 22 med
711 755 137 27 omsorgsfull
866 755 98 27 tolkning
979 754 41 22 för-

191 788 64 16 svara
271 782 41 22 den
327 785 104 20 motsatta
447 784 62 27 äsigt,
526 791 47 15 som
588 785 168 27 Lagutskottets
771 784 112 27 pluralitet
898 784 61 27 gifvit
976 784 43 21 till-

191 810 77 22 känna.
299 812 49 21 Men
363 812 69 22 under
446 812 130 23 förändrade
595 813 150 22 förhällanden
760 813 43 21 kan
818 819 50 15 man
883 812 81 28 pröfva,
980 812 39 22 hu-

191 840 76 21 ruvida
283 840 38 22 det
336 843 24 19 är
374 841 75 27 nödigt
465 843 32 20 att
512 842 109 22 bibehälla
635 842 165 27 ifrägavarande
813 843 51 20 rätt.
893 841 45 22 När
949 841 70 22 adels-

191 874 49 16 man
257 868 68 22 erhöll
340 870 79 21 valrätt
435 870 66 27 enligt
518 872 26 20 12
561 871 10 27 $
587 871 6 21 i
608 871 24 21 L.
649 871 32 27 O.,
697 871 26 21 sä
738 876 38 16 var
787 870 108 22 det
832 864 14 38 i
858 870 37 22 han
910 870 108 27 egenskap

192 896 23 22 af
229 897 98 22 utöfvare
343 898 22 21 af
378 899 66 27 nägot
459 899 23 21 af
495 900 27 21 de
537 900 73 27 yrken,
627 906 46 16 som
692 901 165 26 representeras
873 899 68 21 under
957 899 27 21 de
999 898 23 22 af

191 926 44 26 mig
245 932 51 21 nyss
309 926 88 22 anförda
408 928 128 26 kategorier,
550 935 49 15 men
610 928 63 22 icke
664 922 13 38 i
683 928 110 27 egenskap
802 927 22 22 af
833 928 186 21 stadskommuns-

191 954 92 21 medlem
299 955 7 21 i
321 955 123 22 allmänhet.
467 957 45 20 När
520 957 111 21 adelsman
644 957 39 21 har
693 957 82 22 valrätt
783 957 41 21 och
833 956 187 22 valbarhet
953 950 10 38 i
975 950 48 38 Pre-

192 983 129 27 steständet,
338 984 25 21 sä
379 986 24 19 är
418 985 37 21 det
470 985 33 22 för
519 985 38 22 det
571 985 37 22 han
618 986 77 27 tillhör
704 985 61 22 detta
777 985 86 22 embete
872 985 40 22 och
920 984 101 22 omfattat

192 1011 61 22 detta
275 1012 72 21 såsom
370 1013 39 22 sitt
427 1013 84 22 lefnads
531 1014 51 22 kall.
613 1014 74 27 Öfrige
704 1014 111 21 adelsmän
833 1014 8 21 i
857 1014 163 21 stadskommun

192 1041 27 20 än
235 1040 33 27 de,
285 1047 47 15 som
347 1041 100 22 omfattat
461 1042 120 28 borgerligt
595 1043 52 28 yrke
663 1043 72 22 säsom
751 1041 136 28 lefnadskall,
898 1042 64 22 hafva
972 1042 48 22 icke

192 1069 81 22 valrätt
289 1069 66 28 enligt
370 1077 28 14 nu
414 1071 99 26 gällande
528 1071 24 22 L.
569 1071 24 22 0.
624 1072 48 21 Den
687 1073 62 20 stora
763 1071 149 28 majoritetens
932 1071 23 22 af
970 1071 50 21 fräl-

192 1099 75 20 semän
283 1100 44 19 rätt
341 1101 24 18 är
380 1099 85 22 således
481 1100 47 21 icke
543 1100 41 22 här
594 1100 81 27 ifråga.
706 1101 49 21 Den
765 1100 130 27 förändring,
907 1106 46 15 som
966 1101 53 20 1873

192 1126 35 21 års
245 1126 251 29 kommunalförfattning
514 1130 39 25 gör
571 1129 94 27 behöflig
686 1129 7 21 i
711 1129 25 22 L.
758 1129 32 26 O.,
813 1129 70 22 måste
902 1128 64 22 hafva
988 1128 32 21 till

191 1154 56 28 syfte
263 1157 34 20 att
319 1157 112 21 utsträcka
453 1157 108 22 valrätten
576 1158 32 21 till
624 1158 99 27 samtliga
743 1157 202 22 stadskommunens
961 1157 59 22 inne-

191 1179 86 41 vänare,
295 1184 100 22 eftersom
411 1186 27 21 de
454 1186 41 21 alla
510 1187 89 26 bidraga
616 1187 31 20 till
663 1187 27 21 de
705 1186 138 22 kommunala
853 1186 117 27 utgifterna
980 1185 41 22 och

191 1218 7 15 i
213 1212 130 23 kommunen
362 1214 35 21 stä
415 1215 72 21 såsom
499 1215 210 27 jemuberättigade;
729 1217 23 26 ty
768 1215 63 22 desse
847 1215 48 26 alla,
912 1221 46 16 som
973 1215 47 22 icke

192 1242 37 20 äro
249 1241 98 27 borgare,
367 1243 157 27 skeppsredare
544 1250 19 15 o.
585 1250 17 15 s.
623 1251 26 19 v.,
663 1245 69 20 sakna
748 1244 28 21 all
791 1244 231 27 representationsrätt

191 1269 32 21 till
243 1269 110 28 landtdag.
386 1271 125 22 Frälsemän
530 1272 57 22 inom
607 1273 165 21 stadskommun
793 1273 69 21 sakna
882 1272 48 21 icke
948 1278 72 21 repre-

191 1299 167 21 sentationsrätt
373 1300 35 21 vid
423 1300 141 27 landtdagen;
581 1301 26 22 de
622 1301 64 22 hafva
702 1301 71 22 denna
788 1303 44 19 rätt
842 1301 77 27 gifven,
930 1301 90 21 hufvud-

190 1332 50 15 man
255 1327 29 27 pä
299 1328 69 27 grund
383 1328 24 21 af
420 1329 187 27 sjelfskrifvenhet,
623 1331 95 20 ätteman
736 1330 125 27 derigenom
877 1331 33 20 att
924 1329 43 22 han
978 1330 42 21 kan

191 1354 23 22 af
226 1355 132 22 hufvudman
373 1357 183 28 befullmäktigas.
587 1359 40 21 Om
643 1359 67 21 ocksä
724 1358 116 22 frälsemän
854 1358 26 21 sä
887 1358 32 21 till
927 1358 49 21 vida
987 1358 35 21 stä

190 1383 29 28 pä
234 1384 58 21 olika
308 1386 69 25 grund
389 1386 49 21 med
450 1387 203 22 stadskommunens
664 1387 69 27 öfriga
744 1387 136 26 innevänare,
892 1389 34 19 att
936 1387 27 22 de
974 1387 47 21 icke

190 1412 74 22 utöfva
279 1413 81 22 valrätt
374 1414 7 21 i
397 1415 50 21 stad
463 1415 31 21 till
510 1416 191 27 Borgareständet,
718 1416 27 21 sä
760 1416 35 21 stä
810 1416 27 21 de
852 1416 28 27 pä
898 1416 44 21 lika
952 1416 70 27 grund

190 1441 51 21 med
259 1441 50 22 dem
329 1442 127 23 derutinnan
477 1446 33 19 att
526 1445 26 20 de
569 1445 56 21 dock
640 1444 63 22 hafva
718 1446 46 20 rätt
779 1446 34 19 att
827 1444 66 22 blifva
908 1451 113 20 represen-

189 1471 74 20 tanter
277 1469 34 23 för
325 1471 80 27 landet,
423 1472 41 21 och
481 1473 37 21 det
533 1475 24 19 är
571 1473 80 26 landet,
668 1479 47 15 som
729 1475 163 25 representeras
904 1473 36 21 vid
949 1473 72 21 landt-

191 1498 76 27 dagen,
286 1499 49 21 icke
356 1499 41 22 den
413 1506 41 16 ena
475 1501 51 22 eller
545 1502 68 21 andra
628 1502 137 21 kommunen.
797 1502 41 20 Om
852 1508 49 14 man
916 1501 34 22 för
964 1501 58 22 vissa

190 1527 91 22 enstaka
304 1527 42 28 fall,
370 1529 49 21 med
442 1529 102 23 afseende
564 1531 13 21 &
596 1530 123 28 borgerliga
737 1530 74 28 yrken,
831 1530 79 28 inrymt
928 1530 8 22 i
954 1530 24 22 L.
995 1530 25 22 O.
