<?xml version="1.0" encoding="UTF-8"?>
<alto xmlns="http://www.loc.gov/standards/alto/ns-v3#" xmlns:xlink="http://www.w3.org/1999/xlink" xmlns:xsi="http://www.w3.org/2001/XMLSchema-instance" xsi:schemaLocation="http://www.loc.gov/standards/alto/ns-v3# http://www.loc.gov/alto/v3/alto-3-0.xsd">
	<Description>
		<MeasurementUnit>pixel</MeasurementUnit>
		<sourceImageInformation>
			<fileName>/tmp/tess_oz7zalxs_input.PNG</fileName>
		</sourceImageInformation>
		<OCRProcessing ID="OCR_0">
			<ocrProcessingStep>
				<processingSoftware>
					<softwareName>tesseract 5.3.4</softwareName>
				</processingSoftware>
			</ocrProcessingStep>
		</OCRProcessing>
	</Description>
	<Layout>
		<Page WIDTH="1109" HEIGHT="1739" PHYSICAL_IMG_NR="0" ID="page_0">
			<PrintSpace HPOS="0" VPOS="0" WIDTH="1109" HEIGHT="1739">
				<ComposedBlock ID="cblock_0" HPOS="423" VPOS="133" WIDTH="473" HEIGHT="20">
					<TextBlock ID="block_0" HPOS="423" VPOS="133" WIDTH="473" HEIGHT="20">
						<TextLine ID="line_0" HPOS="423" VPOS="133" WIDTH="473" HEIGHT="20">
							<String ID="string_0" HPOS="423" VPOS="135" WIDTH="40" HEIGHT="18" WC="0.96" CONTENT="Den"/><SP WIDTH="16" VPOS="135" HPOS="463"/>
							<String ID="string_1" HPOS="479" VPOS="133" WIDTH="28" HEIGHT="20" WC="0.96" CONTENT="25"/><SP WIDTH="16" VPOS="133" HPOS="507"/>
							<String ID="string_2" HPOS="523" VPOS="135" WIDTH="88" HEIGHT="18" WC="0.96" CONTENT="Oktober."/><SP WIDTH="243" VPOS="135" HPOS="611"/>
							<String ID="string_3" HPOS="854" VPOS="133" WIDTH="42" HEIGHT="20" WC="0.96" CONTENT="417"/>
						</TextLine>
					</TextBlock>
				</ComposedBlock>
				<ComposedBlock ID="cblock_1" HPOS="97" VPOS="197" WIDTH="835" HEIGHT="1385">
					<TextBlock ID="block_1" HPOS="97" VPOS="197" WIDTH="832" HEIGHT="750">
						<TextLine ID="line_1" HPOS="98" VPOS="197" WIDTH="828" HEIGHT="28">
							<String ID="string_4" HPOS="98" VPOS="198" WIDTH="41" HEIGHT="23" WC="0.91" CONTENT="och"/><SP WIDTH="15" VPOS="198" HPOS="139"/>
							<String ID="string_5" HPOS="154" VPOS="198" WIDTH="70" HEIGHT="22" WC="0.91" CONTENT="Adeln"/><SP WIDTH="15" VPOS="198" HPOS="224"/>
							<String ID="string_6" HPOS="239" VPOS="204" WIDTH="51" HEIGHT="16" WC="0.96" CONTENT="vore"/><SP WIDTH="15" VPOS="204" HPOS="290"/>
							<String ID="string_7" HPOS="305" VPOS="203" WIDTH="52" HEIGHT="16" WC="0.96" CONTENT="ense"/><SP WIDTH="15" VPOS="203" HPOS="357"/>
							<String ID="string_8" HPOS="372" VPOS="198" WIDTH="80" HEIGHT="21" WC="0.95" CONTENT="derom."/><SP WIDTH="23" VPOS="198" HPOS="452"/>
							<String ID="string_9" HPOS="475" VPOS="197" WIDTH="43" HEIGHT="28" WC="0.96" CONTENT="Jag"/><SP WIDTH="14" VPOS="197" HPOS="518"/>
							<String ID="string_10" HPOS="532" VPOS="197" WIDTH="38" HEIGHT="22" WC="0.96" CONTENT="vill"/><SP WIDTH="15" VPOS="197" HPOS="570"/>
							<String ID="string_11" HPOS="585" VPOS="198" WIDTH="55" HEIGHT="21" WC="0.96" CONTENT="dock"/><SP WIDTH="15" VPOS="198" HPOS="640"/>
							<String ID="string_12" HPOS="655" VPOS="197" WIDTH="34" HEIGHT="22" WC="0.96" CONTENT="för"/><SP WIDTH="14" VPOS="197" HPOS="689"/>
							<String ID="string_13" HPOS="703" VPOS="197" WIDTH="44" HEIGHT="22" WC="0.96" CONTENT="min"/><SP WIDTH="16" VPOS="197" HPOS="747"/>
							<String ID="string_14" HPOS="763" VPOS="197" WIDTH="35" HEIGHT="22" WC="0.96" CONTENT="del"/><SP WIDTH="14" VPOS="197" HPOS="798"/>
							<String ID="string_15" HPOS="812" VPOS="197" WIDTH="114" HEIGHT="22" WC="0.95" CONTENT="framhålla"/>
						</TextLine>
						<TextLine ID="line_2" HPOS="98" VPOS="225" WIDTH="828" HEIGHT="29">
							<String ID="string_16" HPOS="98" VPOS="229" WIDTH="39" HEIGHT="25" WC="0.96" CONTENT="att,"/><SP WIDTH="16" VPOS="229" HPOS="137"/>
							<String ID="string_17" HPOS="153" VPOS="227" WIDTH="29" HEIGHT="22" WC="0.96" CONTENT="då"/><SP WIDTH="12" VPOS="227" HPOS="182"/>
							<String ID="string_18" HPOS="194" VPOS="227" WIDTH="39" HEIGHT="27" WC="0.96" CONTENT="jag"/><SP WIDTH="14" VPOS="227" HPOS="233"/>
							<String ID="string_19" HPOS="247" VPOS="225" WIDTH="99" HEIGHT="29" WC="0.95" CONTENT="öppnade"/><SP WIDTH="16" VPOS="225" HPOS="346"/>
							<String ID="string_20" HPOS="362" VPOS="227" WIDTH="41" HEIGHT="21" WC="0.96" CONTENT="den"/><SP WIDTH="15" VPOS="227" HPOS="403"/>
							<String ID="string_21" HPOS="418" VPOS="226" WIDTH="111" HEIGHT="28" WC="0.95" CONTENT="egentliga"/><SP WIDTH="15" VPOS="226" HPOS="529"/>
							<String ID="string_22" HPOS="544" VPOS="226" WIDTH="151" HEIGHT="22" WC="0.96" CONTENT="diskussionen"/><SP WIDTH="15" VPOS="226" HPOS="695"/>
							<String ID="string_23" HPOS="710" VPOS="227" WIDTH="7" HEIGHT="21" WC="0.96" CONTENT="i"/><SP WIDTH="16" VPOS="227" HPOS="717"/>
							<String ID="string_24" HPOS="733" VPOS="226" WIDTH="74" HEIGHT="26" WC="0.96" CONTENT="saken,"/><SP WIDTH="17" VPOS="226" HPOS="807"/>
							<String ID="string_25" HPOS="824" VPOS="226" WIDTH="36" HEIGHT="28" WC="0.96" CONTENT="jag"/><SP WIDTH="9" VPOS="226" HPOS="860"/>
							<String ID="string_26" HPOS="869" VPOS="226" WIDTH="57" HEIGHT="23" WC="0.96" CONTENT="hade"/>
						</TextLine>
						<TextLine ID="line_3" HPOS="98" VPOS="254" WIDTH="829" HEIGHT="29">
							<String ID="string_27" HPOS="98" VPOS="262" WIDTH="28" HEIGHT="16" WC="0.96" CONTENT="en"/><SP WIDTH="19" VPOS="262" HPOS="126"/>
							<String ID="string_28" HPOS="145" VPOS="256" WIDTH="7" HEIGHT="21" WC="0.96" CONTENT="i"/><SP WIDTH="20" VPOS="256" HPOS="152"/>
							<String ID="string_29" HPOS="172" VPOS="255" WIDTH="71" HEIGHT="28" WC="0.96" CONTENT="någon"/><SP WIDTH="22" VPOS="255" HPOS="243"/>
							<String ID="string_30" HPOS="265" VPOS="255" WIDTH="50" HEIGHT="22" WC="0.93" CONTENT="mån"/><SP WIDTH="22" VPOS="255" HPOS="315"/>
							<String ID="string_31" HPOS="337" VPOS="254" WIDTH="114" HEIGHT="23" WC="0.93" CONTENT="afvikande"/><SP WIDTH="20" VPOS="254" HPOS="451"/>
							<String ID="string_32" HPOS="471" VPOS="255" WIDTH="59" HEIGHT="28" WC="0.92" CONTENT="åsigt"/><SP WIDTH="16" VPOS="255" HPOS="530"/>
							<String ID="string_33" HPOS="546" VPOS="255" WIDTH="49" HEIGHT="22" WC="0.96" CONTENT="från"/><SP WIDTH="18" VPOS="255" HPOS="595"/>
							<String ID="string_34" HPOS="613" VPOS="255" WIDTH="115" HEIGHT="27" WC="0.96" CONTENT="utskottet,"/><SP WIDTH="17" VPOS="255" HPOS="728"/>
							<String ID="string_35" HPOS="745" VPOS="255" WIDTH="68" HEIGHT="22" WC="0.96" CONTENT="ehuru"/><SP WIDTH="12" VPOS="255" HPOS="813"/>
							<String ID="string_36" HPOS="825" VPOS="255" WIDTH="39" HEIGHT="28" WC="0.96" CONTENT="jag"/><SP WIDTH="14" VPOS="255" HPOS="864"/>
							<String ID="string_37" HPOS="878" VPOS="255" WIDTH="49" HEIGHT="22" WC="0.96" CONTENT="fullt"/>
						</TextLine>
						<TextLine ID="line_4" HPOS="98" VPOS="283" WIDTH="828" HEIGHT="29">
							<String ID="string_38" HPOS="98" VPOS="285" WIDTH="139" HEIGHT="27" WC="0.96" CONTENT="respekterar"/><SP WIDTH="21" VPOS="285" HPOS="237"/>
							<String ID="string_39" HPOS="258" VPOS="284" WIDTH="119" HEIGHT="22" WC="0.96" CONTENT="utskottets"/><SP WIDTH="22" VPOS="284" HPOS="377"/>
							<String ID="string_40" HPOS="399" VPOS="284" WIDTH="130" HEIGHT="22" WC="0.96" CONTENT="alternativa"/><SP WIDTH="18" VPOS="284" HPOS="529"/>
							<String ID="string_41" HPOS="547" VPOS="284" WIDTH="88" HEIGHT="27" WC="0.95" CONTENT="förslag."/><SP WIDTH="30" VPOS="284" HPOS="635"/>
							<String ID="string_42" HPOS="665" VPOS="284" WIDTH="42" HEIGHT="27" WC="0.96" CONTENT="Jag"/><SP WIDTH="15" VPOS="284" HPOS="707"/>
							<String ID="string_43" HPOS="722" VPOS="283" WIDTH="99" HEIGHT="23" WC="0.96" CONTENT="framhöll"/><SP WIDTH="16" VPOS="283" HPOS="821"/>
							<String ID="string_44" HPOS="837" VPOS="284" WIDTH="89" HEIGHT="27" WC="0.96" CONTENT="specielt"/>
						</TextLine>
						<TextLine ID="line_5" HPOS="98" VPOS="313" WIDTH="828" HEIGHT="27">
							<String ID="string_45" HPOS="98" VPOS="315" WIDTH="34" HEIGHT="20" WC="0.96" CONTENT="att"/><SP WIDTH="22" VPOS="315" HPOS="132"/>
							<String ID="string_46" HPOS="154" VPOS="314" WIDTH="117" HEIGHT="21" WC="0.96" CONTENT="ständerna"/><SP WIDTH="22" VPOS="314" HPOS="271"/>
							<String ID="string_47" HPOS="293" VPOS="313" WIDTH="70" HEIGHT="22" WC="0.96" CONTENT="skulle"/><SP WIDTH="22" VPOS="313" HPOS="363"/>
							<String ID="string_48" HPOS="385" VPOS="313" WIDTH="87" HEIGHT="22" WC="0.96" CONTENT="anhålla"/><SP WIDTH="23" VPOS="313" HPOS="472"/>
							<String ID="string_49" HPOS="495" VPOS="319" WIDTH="35" HEIGHT="16" WC="0.96" CONTENT="om"/><SP WIDTH="20" VPOS="319" HPOS="530"/>
							<String ID="string_50" HPOS="550" VPOS="315" WIDTH="33" HEIGHT="20" WC="0.96" CONTENT="ett"/><SP WIDTH="20" VPOS="315" HPOS="583"/>
							<String ID="string_51" HPOS="603" VPOS="313" WIDTH="65" HEIGHT="22" WC="0.93" CONTENT="finskt"/><SP WIDTH="18" VPOS="313" HPOS="668"/>
							<String ID="string_52" HPOS="686" VPOS="313" WIDTH="240" HEIGHT="27" WC="0.92" CONTENT="undervisningsverk"/><SP WIDTH="-11" VPOS="313" HPOS="926"/>
							<String ID="string_53" HPOS="915" VPOS="309" WIDTH="14" HEIGHT="36" WC="0.96" CONTENT="i"/>
						</TextLine>
						<TextLine ID="line_6" HPOS="98" VPOS="341" WIDTH="829" HEIGHT="29">
							<String ID="string_54" HPOS="98" VPOS="342" WIDTH="142" HEIGHT="28" WC="0.95" CONTENT="Helsingfors,"/><SP WIDTH="16" VPOS="342" HPOS="240"/>
							<String ID="string_55" HPOS="256" VPOS="342" WIDTH="72" HEIGHT="22" WC="0.96" CONTENT="såsom"/><SP WIDTH="15" VPOS="342" HPOS="328"/>
							<String ID="string_56" HPOS="343" VPOS="341" WIDTH="82" HEIGHT="22" WC="0.93" CONTENT="landets"/><SP WIDTH="14" VPOS="341" HPOS="425"/>
							<String ID="string_57" HPOS="439" VPOS="342" WIDTH="139" HEIGHT="27" WC="0.92" CONTENT="hufvudstad,"/><SP WIDTH="17" VPOS="342" HPOS="578"/>
							<String ID="string_58" HPOS="595" VPOS="342" WIDTH="39" HEIGHT="22" WC="0.97" CONTENT="och"/><SP WIDTH="12" VPOS="342" HPOS="634"/>
							<String ID="string_59" HPOS="646" VPOS="342" WIDTH="38" HEIGHT="27" WC="0.97" CONTENT="jag"/><SP WIDTH="15" VPOS="342" HPOS="684"/>
							<String ID="string_60" HPOS="699" VPOS="342" WIDTH="73" HEIGHT="27" WC="0.96" CONTENT="lägger"/><SP WIDTH="9" VPOS="342" HPOS="772"/>
							<String ID="string_61" HPOS="781" VPOS="342" WIDTH="91" HEIGHT="27" WC="0.96" CONTENT="mycken"/><SP WIDTH="10" VPOS="342" HPOS="872"/>
							<String ID="string_62" HPOS="882" VPOS="341" WIDTH="45" HEIGHT="28" WC="0.96" CONTENT="vigt"/>
						</TextLine>
						<TextLine ID="line_7" HPOS="100" VPOS="370" WIDTH="826" HEIGHT="29">
							<String ID="string_63" HPOS="100" VPOS="371" WIDTH="75" HEIGHT="28" WC="0.92" CONTENT="derpå,"/><SP WIDTH="16" VPOS="371" HPOS="175"/>
							<String ID="string_64" HPOS="191" VPOS="371" WIDTH="41" HEIGHT="22" WC="0.96" CONTENT="och"/><SP WIDTH="12" VPOS="371" HPOS="232"/>
							<String ID="string_65" HPOS="244" VPOS="371" WIDTH="47" HEIGHT="28" WC="0.96" CONTENT="just"/><SP WIDTH="18" VPOS="371" HPOS="291"/>
							<String ID="string_66" HPOS="309" VPOS="371" WIDTH="29" HEIGHT="27" WC="0.95" CONTENT="på"/><SP WIDTH="19" VPOS="371" HPOS="338"/>
							<String ID="string_67" HPOS="357" VPOS="371" WIDTH="71" HEIGHT="21" WC="0.96" CONTENT="denna"/><SP WIDTH="18" VPOS="371" HPOS="428"/>
							<String ID="string_68" HPOS="446" VPOS="371" WIDTH="70" HEIGHT="27" WC="0.96" CONTENT="grund"/><SP WIDTH="16" VPOS="371" HPOS="516"/>
							<String ID="string_69" HPOS="532" VPOS="371" WIDTH="62" HEIGHT="22" WC="0.93" CONTENT="äfven"/><SP WIDTH="15" VPOS="371" HPOS="594"/>
							<String ID="string_70" HPOS="609" VPOS="371" WIDTH="68" HEIGHT="27" WC="0.93" CONTENT="derpå"/><SP WIDTH="15" VPOS="371" HPOS="677"/>
							<String ID="string_71" HPOS="692" VPOS="373" WIDTH="33" HEIGHT="20" WC="0.96" CONTENT="att"/><SP WIDTH="15" VPOS="373" HPOS="725"/>
							<String ID="string_72" HPOS="740" VPOS="371" WIDTH="61" HEIGHT="22" WC="0.93" CONTENT="detta"/><SP WIDTH="14" VPOS="371" HPOS="801"/>
							<String ID="string_73" HPOS="815" VPOS="370" WIDTH="111" HEIGHT="23" WC="0.91" CONTENT="undervis-"/>
						</TextLine>
						<TextLine ID="line_8" HPOS="98" VPOS="399" WIDTH="829" HEIGHT="29">
							<String ID="string_74" HPOS="98" VPOS="401" WIDTH="117" HEIGHT="27" WC="0.91" CONTENT="ningsverk"/><SP WIDTH="18" VPOS="401" HPOS="215"/>
							<String ID="string_75" HPOS="233" VPOS="400" WIDTH="22" HEIGHT="21" WC="0.96" CONTENT="af"/><SP WIDTH="17" VPOS="400" HPOS="255"/>
							<String ID="string_76" HPOS="272" VPOS="401" WIDTH="72" HEIGHT="20" WC="0.96" CONTENT="staten"/><SP WIDTH="18" VPOS="401" HPOS="344"/>
							<String ID="string_77" HPOS="362" VPOS="400" WIDTH="46" HEIGHT="21" WC="0.96" CONTENT="helt"/><SP WIDTH="15" VPOS="400" HPOS="408"/>
							<String ID="string_78" HPOS="423" VPOS="400" WIDTH="40" HEIGHT="21" WC="0.96" CONTENT="och"/><SP WIDTH="15" VPOS="400" HPOS="463"/>
							<String ID="string_79" HPOS="478" VPOS="399" WIDTH="69" HEIGHT="23" WC="0.93" CONTENT="hållet"/><SP WIDTH="15" VPOS="399" HPOS="547"/>
							<String ID="string_80" HPOS="562" VPOS="399" WIDTH="144" HEIGHT="28" WC="0.90" CONTENT="underhålles,"/><SP WIDTH="17" VPOS="399" HPOS="706"/>
							<String ID="string_81" HPOS="723" VPOS="401" WIDTH="22" HEIGHT="26" WC="0.96" CONTENT="ty"/><SP WIDTH="16" VPOS="401" HPOS="745"/>
							<String ID="string_82" HPOS="761" VPOS="400" WIDTH="37" HEIGHT="21" WC="0.96" CONTENT="det"/><SP WIDTH="15" VPOS="400" HPOS="798"/>
							<String ID="string_83" HPOS="813" VPOS="406" WIDTH="64" HEIGHT="16" WC="0.96" CONTENT="anser"/><SP WIDTH="12" VPOS="406" HPOS="877"/>
							<String ID="string_84" HPOS="889" VPOS="399" WIDTH="38" HEIGHT="28" WC="0.96" CONTENT="jag"/>
						</TextLine>
						<TextLine ID="line_9" HPOS="98" VPOS="428" WIDTH="830" HEIGHT="28">
							<String ID="string_85" HPOS="98" VPOS="436" WIDTH="53" HEIGHT="15" WC="0.93" CONTENT="vara"/><SP WIDTH="15" VPOS="436" HPOS="151"/>
							<String ID="string_86" HPOS="166" VPOS="429" WIDTH="232" HEIGHT="22" WC="0.90" CONTENT="öfverensstämmande"/><SP WIDTH="14" VPOS="429" HPOS="398"/>
							<String ID="string_87" HPOS="412" VPOS="429" WIDTH="50" HEIGHT="21" WC="0.95" CONTENT="med"/><SP WIDTH="14" VPOS="429" HPOS="462"/>
							<String ID="string_88" HPOS="476" VPOS="429" WIDTH="115" HEIGHT="21" WC="0.96" CONTENT="nationens"/><SP WIDTH="16" VPOS="429" HPOS="591"/>
							<String ID="string_89" HPOS="607" VPOS="429" WIDTH="120" HEIGHT="27" WC="0.96" CONTENT="värdighet."/><SP WIDTH="22" VPOS="429" HPOS="727"/>
							<String ID="string_90" HPOS="749" VPOS="429" WIDTH="11" HEIGHT="21" WC="0.96" CONTENT="I"/><SP WIDTH="15" VPOS="429" HPOS="760"/>
							<String ID="string_91" HPOS="775" VPOS="429" WIDTH="26" HEIGHT="21" WC="0.96" CONTENT="så"/><SP WIDTH="9" VPOS="429" HPOS="801"/>
							<String ID="string_92" HPOS="810" VPOS="429" WIDTH="68" HEIGHT="21" WC="0.96" CONTENT="måtto"/><SP WIDTH="10" VPOS="429" HPOS="878"/>
							<String ID="string_93" HPOS="888" VPOS="428" WIDTH="40" HEIGHT="22" WC="0.96" CONTENT="har"/>
						</TextLine>
						<TextLine ID="line_10" HPOS="97" VPOS="457" WIDTH="830" HEIGHT="28">
							<String ID="string_94" HPOS="97" VPOS="458" WIDTH="38" HEIGHT="27" WC="0.96" CONTENT="jag"/><SP WIDTH="15" VPOS="458" HPOS="135"/>
							<String ID="string_95" HPOS="150" VPOS="458" WIDTH="131" HEIGHT="21" WC="0.96" CONTENT="åtminstone"/><SP WIDTH="15" VPOS="458" HPOS="281"/>
							<String ID="string_96" HPOS="296" VPOS="457" WIDTH="47" HEIGHT="21" WC="0.96" CONTENT="haft"/><SP WIDTH="15" VPOS="457" HPOS="343"/>
							<String ID="string_97" HPOS="358" VPOS="464" WIDTH="26" HEIGHT="15" WC="0.96" CONTENT="en"/><SP WIDTH="14" VPOS="464" HPOS="384"/>
							<String ID="string_98" HPOS="398" VPOS="457" WIDTH="68" HEIGHT="27" WC="0.93" CONTENT="något"/><SP WIDTH="14" VPOS="457" HPOS="466"/>
							<String ID="string_99" HPOS="480" VPOS="457" WIDTH="115" HEIGHT="23" WC="0.92" CONTENT="afvikande"/><SP WIDTH="15" VPOS="457" HPOS="595"/>
							<String ID="string_100" HPOS="610" VPOS="457" WIDTH="86" HEIGHT="27" WC="0.96" CONTENT="mening"/><SP WIDTH="15" VPOS="457" HPOS="696"/>
							<String ID="string_101" HPOS="711" VPOS="458" WIDTH="33" HEIGHT="21" WC="0.96" CONTENT="att"/><SP WIDTH="14" VPOS="458" HPOS="744"/>
							<String ID="string_102" HPOS="758" VPOS="457" WIDTH="113" HEIGHT="23" WC="0.96" CONTENT="framhålla"/><SP WIDTH="15" VPOS="457" HPOS="871"/>
							<String ID="string_103" HPOS="886" VPOS="457" WIDTH="41" HEIGHT="22" WC="0.95" CONTENT="och"/>
						</TextLine>
						<TextLine ID="line_11" HPOS="99" VPOS="486" WIDTH="829" HEIGHT="28">
							<String ID="string_104" HPOS="99" VPOS="486" WIDTH="48" HEIGHT="22" WC="0.95" CONTENT="haft"/><SP WIDTH="22" VPOS="486" HPOS="147"/>
							<String ID="string_105" HPOS="169" VPOS="486" WIDTH="48" HEIGHT="22" WC="0.96" CONTENT="skäl"/><SP WIDTH="22" VPOS="486" HPOS="217"/>
							<String ID="string_106" HPOS="239" VPOS="488" WIDTH="32" HEIGHT="20" WC="0.96" CONTENT="att"/><SP WIDTH="20" VPOS="488" HPOS="271"/>
							<String ID="string_107" HPOS="291" VPOS="486" WIDTH="108" HEIGHT="28" WC="0.96" CONTENT="uppträda"/><SP WIDTH="19" VPOS="486" HPOS="399"/>
							<String ID="string_108" HPOS="418" VPOS="486" WIDTH="7" HEIGHT="21" WC="0.96" CONTENT="i"/><SP WIDTH="22" VPOS="486" HPOS="425"/>
							<String ID="string_109" HPOS="447" VPOS="486" WIDTH="71" HEIGHT="22" WC="0.96" CONTENT="denna"/><SP WIDTH="16" VPOS="486" HPOS="518"/>
							<String ID="string_110" HPOS="534" VPOS="486" WIDTH="46" HEIGHT="27" WC="0.96" CONTENT="sak,"/><SP WIDTH="17" VPOS="486" HPOS="580"/>
							<String ID="string_111" HPOS="597" VPOS="486" WIDTH="40" HEIGHT="22" WC="0.96" CONTENT="och"/><SP WIDTH="13" VPOS="486" HPOS="637"/>
							<String ID="string_112" HPOS="650" VPOS="486" WIDTH="38" HEIGHT="28" WC="0.96" CONTENT="jag"/><SP WIDTH="14" VPOS="486" HPOS="688"/>
							<String ID="string_113" HPOS="702" VPOS="486" WIDTH="93" HEIGHT="22" WC="0.96" CONTENT="föreslår"/><SP WIDTH="14" VPOS="486" HPOS="795"/>
							<String ID="string_114" HPOS="809" VPOS="486" WIDTH="71" HEIGHT="26" WC="0.96" CONTENT="derför"/><SP WIDTH="15" VPOS="486" HPOS="880"/>
							<String ID="string_115" HPOS="895" VPOS="488" WIDTH="33" HEIGHT="20" WC="0.96" CONTENT="att"/>
						</TextLine>
						<TextLine ID="line_12" HPOS="101" VPOS="514" WIDTH="827" HEIGHT="28">
							<String ID="string_116" HPOS="101" VPOS="516" WIDTH="61" HEIGHT="22" WC="0.96" CONTENT="detta"/><SP WIDTH="15" VPOS="516" HPOS="162"/>
							<String ID="string_117" HPOS="177" VPOS="517" WIDTH="94" HEIGHT="20" WC="0.96" CONTENT="moment"/><SP WIDTH="16" VPOS="517" HPOS="271"/>
							<String ID="string_118" HPOS="287" VPOS="515" WIDTH="69" HEIGHT="22" WC="0.96" CONTENT="skulle"/><SP WIDTH="15" VPOS="515" HPOS="356"/>
							<String ID="string_119" HPOS="371" VPOS="515" WIDTH="50" HEIGHT="27" WC="0.96" CONTENT="lyda"/><SP WIDTH="16" VPOS="515" HPOS="421"/>
							<String ID="string_120" HPOS="437" VPOS="515" WIDTH="33" HEIGHT="21" WC="0.93" CONTENT="sä:"/><SP WIDTH="19" VPOS="515" HPOS="470"/>
							<String ID="string_121" HPOS="489" VPOS="517" WIDTH="46" HEIGHT="25" WC="0.86" CONTENT=",att"/><SP WIDTH="16" VPOS="517" HPOS="535"/>
							<String ID="string_122" HPOS="551" VPOS="517" WIDTH="32" HEIGHT="20" WC="0.96" CONTENT="ett"/><SP WIDTH="15" VPOS="517" HPOS="583"/>
							<String ID="string_123" HPOS="598" VPOS="514" WIDTH="66" HEIGHT="23" WC="0.96" CONTENT="finskt"/><SP WIDTH="15" VPOS="514" HPOS="664"/>
							<String ID="string_124" HPOS="679" VPOS="515" WIDTH="137" HEIGHT="27" WC="0.96" CONTENT="fullständigt"/><SP WIDTH="13" VPOS="515" HPOS="816"/>
							<String ID="string_125" HPOS="829" VPOS="515" WIDTH="99" HEIGHT="26" WC="0.90" CONTENT="läroyerk"/>
						</TextLine>
						<TextLine ID="line_13" HPOS="100" VPOS="543" WIDTH="828" HEIGHT="28">
							<String ID="string_126" HPOS="100" VPOS="545" WIDTH="33" HEIGHT="21" WC="0.96" CONTENT="uti"/><SP WIDTH="14" VPOS="545" HPOS="133"/>
							<String ID="string_127" HPOS="147" VPOS="544" WIDTH="140" HEIGHT="27" WC="0.96" CONTENT="Helsingfors,"/><SP WIDTH="16" VPOS="544" HPOS="287"/>
							<String ID="string_128" HPOS="303" VPOS="544" WIDTH="100" HEIGHT="22" WC="0.93" CONTENT="Finlands"/><SP WIDTH="16" VPOS="544" HPOS="403"/>
							<String ID="string_129" HPOS="419" VPOS="543" WIDTH="139" HEIGHT="28" WC="0.92" CONTENT="hufvudstad,"/><SP WIDTH="11" VPOS="543" HPOS="558"/>
							<String ID="string_130" HPOS="569" VPOS="544" WIDTH="24" HEIGHT="22" WC="0.93" CONTENT="af"/><SP WIDTH="8" VPOS="544" HPOS="593"/>
							<String ID="string_131" HPOS="601" VPOS="544" WIDTH="133" HEIGHT="22" WC="0.92" CONTENT="statsverket"/><SP WIDTH="9" VPOS="544" HPOS="734"/>
							<String ID="string_132" HPOS="743" VPOS="544" WIDTH="125" HEIGHT="27" WC="0.75" CONTENT="bekostas&quot;,"/><SP WIDTH="11" VPOS="544" HPOS="868"/>
							<String ID="string_133" HPOS="879" VPOS="550" WIDTH="49" HEIGHT="16" WC="0.96" CONTENT="men"/>
						</TextLine>
						<TextLine ID="line_14" HPOS="101" VPOS="572" WIDTH="827" HEIGHT="29">
							<String ID="string_134" HPOS="101" VPOS="574" WIDTH="29" HEIGHT="22" WC="0.96" CONTENT="då"/><SP WIDTH="14" VPOS="574" HPOS="130"/>
							<String ID="string_135" HPOS="144" VPOS="574" WIDTH="61" HEIGHT="22" WC="0.92" CONTENT="detta"/><SP WIDTH="18" VPOS="574" HPOS="205"/>
							<String ID="string_136" HPOS="223" VPOS="572" WIDTH="182" HEIGHT="28" WC="0.91" CONTENT="ändringsförslag"/><SP WIDTH="15" VPOS="572" HPOS="405"/>
							<String ID="string_137" HPOS="420" VPOS="573" WIDTH="93" HEIGHT="27" WC="0.96" CONTENT="troligen"/><SP WIDTH="15" VPOS="573" HPOS="513"/>
							<String ID="string_138" HPOS="528" VPOS="573" WIDTH="49" HEIGHT="22" WC="0.96" CONTENT="icke"/><SP WIDTH="15" VPOS="573" HPOS="577"/>
							<String ID="string_139" HPOS="592" VPOS="574" WIDTH="39" HEIGHT="21" WC="0.93" CONTENT="har"/><SP WIDTH="15" VPOS="574" HPOS="631"/>
							<String ID="string_140" HPOS="646" VPOS="574" WIDTH="69" HEIGHT="27" WC="0.92" CONTENT="utsigt"/><SP WIDTH="15" VPOS="574" HPOS="715"/>
							<String ID="string_141" HPOS="730" VPOS="575" WIDTH="33" HEIGHT="20" WC="0.96" CONTENT="att"/><SP WIDTH="14" VPOS="575" HPOS="763"/>
							<String ID="string_142" HPOS="777" VPOS="574" WIDTH="65" HEIGHT="22" WC="0.93" CONTENT="vinna"/><SP WIDTH="13" VPOS="574" HPOS="842"/>
							<String ID="string_143" HPOS="855" VPOS="573" WIDTH="73" HEIGHT="28" WC="0.92" CONTENT="plura-"/>
						</TextLine>
						<TextLine ID="line_15" HPOS="100" VPOS="602" WIDTH="828" HEIGHT="28">
							<String ID="string_144" HPOS="100" VPOS="602" WIDTH="54" HEIGHT="27" WC="0.96" CONTENT="litet,"/><SP WIDTH="25" VPOS="602" HPOS="154"/>
							<String ID="string_145" HPOS="179" VPOS="602" WIDTH="25" HEIGHT="22" WC="0.96" CONTENT="så"/><SP WIDTH="19" VPOS="602" HPOS="204"/>
							<String ID="string_146" HPOS="223" VPOS="602" WIDTH="37" HEIGHT="22" WC="0.96" CONTENT="vill"/><SP WIDTH="15" VPOS="602" HPOS="260"/>
							<String ID="string_147" HPOS="275" VPOS="602" WIDTH="38" HEIGHT="27" WC="0.96" CONTENT="jag"/><SP WIDTH="17" VPOS="602" HPOS="313"/>
							<String ID="string_148" HPOS="330" VPOS="602" WIDTH="55" HEIGHT="22" WC="0.96" CONTENT="visst"/><SP WIDTH="16" VPOS="602" HPOS="385"/>
							<String ID="string_149" HPOS="401" VPOS="602" WIDTH="48" HEIGHT="22" WC="0.96" CONTENT="icke"/><SP WIDTH="18" VPOS="602" HPOS="449"/>
							<String ID="string_150" HPOS="467" VPOS="602" WIDTH="60" HEIGHT="22" WC="0.96" CONTENT="hålla"/><SP WIDTH="18" VPOS="602" HPOS="527"/>
							<String ID="string_151" HPOS="545" VPOS="602" WIDTH="29" HEIGHT="27" WC="0.96" CONTENT="på"/><SP WIDTH="16" VPOS="602" HPOS="574"/>
							<String ID="string_152" HPOS="590" VPOS="602" WIDTH="43" HEIGHT="27" WC="0.96" CONTENT="det,"/><SP WIDTH="15" VPOS="602" HPOS="633"/>
							<String ID="string_153" HPOS="648" VPOS="604" WIDTH="53" HEIGHT="20" WC="0.96" CONTENT="utan"/><SP WIDTH="14" VPOS="604" HPOS="701"/>
							<String ID="string_154" HPOS="715" VPOS="602" WIDTH="56" HEIGHT="22" WC="0.96" CONTENT="blott"/><SP WIDTH="15" VPOS="602" HPOS="771"/>
							<String ID="string_155" HPOS="786" VPOS="602" WIDTH="142" HEIGHT="28" WC="0.96" CONTENT="understödja"/>
						</TextLine>
						<TextLine ID="line_16" HPOS="101" VPOS="630" WIDTH="827" HEIGHT="28">
							<String ID="string_156" HPOS="101" VPOS="632" WIDTH="38" HEIGHT="21" WC="0.96" CONTENT="det"/><SP WIDTH="11" VPOS="632" HPOS="139"/>
							<String ID="string_157" HPOS="150" VPOS="638" WIDTH="77" HEIGHT="15" WC="0.96" CONTENT="senare"/><SP WIDTH="14" VPOS="638" HPOS="227"/>
							<String ID="string_158" HPOS="241" VPOS="631" WIDTH="137" HEIGHT="21" WC="0.96" CONTENT="alternativet"/><SP WIDTH="14" VPOS="631" HPOS="378"/>
							<String ID="string_159" HPOS="392" VPOS="630" WIDTH="7" HEIGHT="22" WC="0.96" CONTENT="i"/><SP WIDTH="15" VPOS="630" HPOS="399"/>
							<String ID="string_160" HPOS="414" VPOS="631" WIDTH="121" HEIGHT="21" WC="0.96" CONTENT="utskottets"/><SP WIDTH="14" VPOS="631" HPOS="535"/>
							<String ID="string_161" HPOS="549" VPOS="630" WIDTH="88" HEIGHT="28" WC="0.96" CONTENT="förslag."/><SP WIDTH="30" VPOS="630" HPOS="637"/>
							<String ID="string_162" HPOS="667" VPOS="631" WIDTH="44" HEIGHT="22" WC="0.96" CONTENT="Det"/><SP WIDTH="13" VPOS="631" HPOS="711"/>
							<String ID="string_163" HPOS="724" VPOS="631" WIDTH="73" HEIGHT="22" WC="0.96" CONTENT="kunde"/><SP WIDTH="15" VPOS="631" HPOS="797"/>
							<String ID="string_164" HPOS="812" VPOS="631" WIDTH="55" HEIGHT="22" WC="0.95" CONTENT="visst"/><SP WIDTH="10" VPOS="631" HPOS="867"/>
							<String ID="string_165" HPOS="877" VPOS="637" WIDTH="51" HEIGHT="15" WC="0.95" CONTENT="vara"/>
						</TextLine>
						<TextLine ID="line_17" HPOS="101" VPOS="659" WIDTH="828" HEIGHT="29">
							<String ID="string_166" HPOS="101" VPOS="660" WIDTH="86" HEIGHT="28" WC="0.96" CONTENT="mycket"/><SP WIDTH="18" VPOS="660" HPOS="187"/>
							<String ID="string_167" HPOS="205" VPOS="662" WIDTH="34" HEIGHT="20" WC="0.97" CONTENT="att"/><SP WIDTH="18" VPOS="662" HPOS="239"/>
							<String ID="string_168" HPOS="257" VPOS="662" WIDTH="54" HEIGHT="25" WC="0.96" CONTENT="säga"/><SP WIDTH="19" VPOS="662" HPOS="311"/>
							<String ID="string_169" HPOS="330" VPOS="660" WIDTH="50" HEIGHT="22" WC="0.96" CONTENT="med"/><SP WIDTH="18" VPOS="660" HPOS="380"/>
							<String ID="string_170" HPOS="398" VPOS="659" WIDTH="101" HEIGHT="23" WC="0.93" CONTENT="afseende"/><SP WIDTH="17" VPOS="659" HPOS="499"/>
							<String ID="string_171" HPOS="516" VPOS="660" WIDTH="14" HEIGHT="21" WC="0.92" CONTENT="å"/><SP WIDTH="14" VPOS="660" HPOS="530"/>
							<String ID="string_172" HPOS="544" VPOS="660" WIDTH="71" HEIGHT="22" WC="0.96" CONTENT="denna"/><SP WIDTH="15" VPOS="660" HPOS="615"/>
							<String ID="string_173" HPOS="630" VPOS="660" WIDTH="124" HEIGHT="22" WC="0.96" CONTENT="diskussion"/><SP WIDTH="15" VPOS="660" HPOS="754"/>
							<String ID="string_174" HPOS="769" VPOS="660" WIDTH="41" HEIGHT="22" WC="0.96" CONTENT="och"/><SP WIDTH="15" VPOS="660" HPOS="810"/>
							<String ID="string_175" HPOS="825" VPOS="660" WIDTH="104" HEIGHT="22" WC="0.96" CONTENT="särskildt"/>
						</TextLine>
						<TextLine ID="line_18" HPOS="100" VPOS="688" WIDTH="827" HEIGHT="28">
							<String ID="string_176" HPOS="100" VPOS="690" WIDTH="50" HEIGHT="21" WC="0.95" CONTENT="med"/><SP WIDTH="19" VPOS="690" HPOS="150"/>
							<String ID="string_177" HPOS="169" VPOS="688" WIDTH="101" HEIGHT="23" WC="0.96" CONTENT="afseende"/><SP WIDTH="19" VPOS="688" HPOS="270"/>
							<String ID="string_178" HPOS="289" VPOS="688" WIDTH="22" HEIGHT="22" WC="0.96" CONTENT="af"/><SP WIDTH="15" VPOS="688" HPOS="311"/>
							<String ID="string_179" HPOS="326" VPOS="689" WIDTH="57" HEIGHT="21" WC="0.95" CONTENT="hvad"/><SP WIDTH="16" VPOS="689" HPOS="383"/>
							<String ID="string_180" HPOS="399" VPOS="688" WIDTH="69" HEIGHT="27" WC="0.96" CONTENT="några"/><SP WIDTH="14" VPOS="688" HPOS="468"/>
							<String ID="string_181" HPOS="482" VPOS="688" WIDTH="48" HEIGHT="22" WC="0.96" CONTENT="helt"/><SP WIDTH="13" VPOS="688" HPOS="530"/>
							<String ID="string_182" HPOS="543" VPOS="695" WIDTH="58" HEIGHT="21" WC="0.96" CONTENT="unga"/><SP WIDTH="14" VPOS="695" HPOS="601"/>
							<String ID="string_183" HPOS="615" VPOS="689" WIDTH="120" HEIGHT="22" WC="0.96" CONTENT="ledamöter"/><SP WIDTH="15" VPOS="689" HPOS="735"/>
							<String ID="string_184" HPOS="750" VPOS="688" WIDTH="22" HEIGHT="22" WC="0.96" CONTENT="af"/><SP WIDTH="14" VPOS="688" HPOS="772"/>
							<String ID="string_185" HPOS="786" VPOS="689" WIDTH="61" HEIGHT="21" WC="0.96" CONTENT="detta"/><SP WIDTH="15" VPOS="689" HPOS="847"/>
							<String ID="string_186" HPOS="862" VPOS="688" WIDTH="65" HEIGHT="22" WC="0.96" CONTENT="stånd"/>
						</TextLine>
						<TextLine ID="line_19" HPOS="101" VPOS="717" WIDTH="826" HEIGHT="28">
							<String ID="string_187" HPOS="101" VPOS="718" WIDTH="106" HEIGHT="27" WC="0.90" CONTENT="andragit,"/><SP WIDTH="15" VPOS="718" HPOS="207"/>
							<String ID="string_188" HPOS="222" VPOS="724" WIDTH="50" HEIGHT="16" WC="0.96" CONTENT="men"/><SP WIDTH="12" VPOS="724" HPOS="272"/>
							<String ID="string_189" HPOS="284" VPOS="718" WIDTH="38" HEIGHT="27" WC="0.96" CONTENT="jag"/><SP WIDTH="15" VPOS="718" HPOS="322"/>
							<String ID="string_190" HPOS="337" VPOS="718" WIDTH="36" HEIGHT="21" WC="0.95" CONTENT="vill"/><SP WIDTH="14" VPOS="718" HPOS="373"/>
							<String ID="string_191" HPOS="387" VPOS="717" WIDTH="48" HEIGHT="22" WC="0.96" CONTENT="icke"/><SP WIDTH="16" VPOS="717" HPOS="435"/>
							<String ID="string_192" HPOS="451" VPOS="718" WIDTH="117" HEIGHT="27" WC="0.96" CONTENT="uppehålla"/><SP WIDTH="15" VPOS="718" HPOS="568"/>
							<String ID="string_193" HPOS="583" VPOS="718" WIDTH="88" HEIGHT="22" WC="0.96" CONTENT="ståndet"/><SP WIDTH="14" VPOS="718" HPOS="671"/>
							<String ID="string_194" HPOS="685" VPOS="718" WIDTH="50" HEIGHT="22" WC="0.96" CONTENT="med"/><SP WIDTH="15" VPOS="718" HPOS="735"/>
							<String ID="string_195" HPOS="750" VPOS="719" WIDTH="33" HEIGHT="21" WC="0.93" CONTENT="att"/><SP WIDTH="14" VPOS="719" HPOS="783"/>
							<String ID="string_196" HPOS="797" VPOS="718" WIDTH="130" HEIGHT="27" WC="0.92" CONTENT="polemisera"/>
						</TextLine>
						<TextLine ID="line_20" HPOS="100" VPOS="746" WIDTH="826" HEIGHT="28">
							<String ID="string_197" HPOS="100" VPOS="748" WIDTH="46" HEIGHT="20" WC="0.96" CONTENT="mot"/><SP WIDTH="23" VPOS="748" HPOS="146"/>
							<String ID="string_198" HPOS="169" VPOS="747" WIDTH="54" HEIGHT="22" WC="0.96" CONTENT="dem."/><SP WIDTH="30" VPOS="747" HPOS="223"/>
							<String ID="string_199" HPOS="253" VPOS="747" WIDTH="42" HEIGHT="27" WC="0.96" CONTENT="Jag"/><SP WIDTH="17" VPOS="747" HPOS="295"/>
							<String ID="string_200" HPOS="312" VPOS="746" WIDTH="37" HEIGHT="22" WC="0.96" CONTENT="vill"/><SP WIDTH="17" VPOS="746" HPOS="349"/>
							<String ID="string_201" HPOS="366" VPOS="746" WIDTH="58" HEIGHT="22" WC="0.96" CONTENT="blott"/><SP WIDTH="17" VPOS="746" HPOS="424"/>
							<String ID="string_202" HPOS="441" VPOS="746" WIDTH="46" HEIGHT="22" WC="0.96" CONTENT="helt"/><SP WIDTH="18" VPOS="746" HPOS="487"/>
							<String ID="string_203" HPOS="505" VPOS="746" WIDTH="74" HEIGHT="22" WC="0.96" CONTENT="enkelt"/><SP WIDTH="18" VPOS="746" HPOS="579"/>
							<String ID="string_204" HPOS="597" VPOS="747" WIDTH="92" HEIGHT="21" WC="0.96" CONTENT="besvara"/><SP WIDTH="17" VPOS="747" HPOS="689"/>
							<String ID="string_205" HPOS="706" VPOS="746" WIDTH="90" HEIGHT="22" WC="0.94" CONTENT="friherre"/><SP WIDTH="14" VPOS="746" HPOS="796"/>
							<String ID="string_206" HPOS="810" VPOS="753" WIDTH="42" HEIGHT="15" WC="0.96" CONTENT="von"/><SP WIDTH="15" VPOS="753" HPOS="852"/>
							<String ID="string_207" HPOS="867" VPOS="746" WIDTH="59" HEIGHT="22" WC="0.96" CONTENT="Born"/>
						</TextLine>
						<TextLine ID="line_21" HPOS="102" VPOS="774" WIDTH="826" HEIGHT="29">
							<String ID="string_208" HPOS="102" VPOS="776" WIDTH="88" HEIGHT="22" WC="0.96" CONTENT="dermed"/><SP WIDTH="15" VPOS="776" HPOS="190"/>
							<String ID="string_209" HPOS="205" VPOS="777" WIDTH="39" HEIGHT="25" WC="0.96" CONTENT="att,"/><SP WIDTH="17" VPOS="777" HPOS="244"/>
							<String ID="string_210" HPOS="261" VPOS="776" WIDTH="27" HEIGHT="21" WC="0.96" CONTENT="då"/><SP WIDTH="12" VPOS="776" HPOS="288"/>
							<String ID="string_211" HPOS="300" VPOS="775" WIDTH="38" HEIGHT="27" WC="0.96" CONTENT="jag"/><SP WIDTH="15" VPOS="775" HPOS="338"/>
							<String ID="string_212" HPOS="353" VPOS="775" WIDTH="85" HEIGHT="28" WC="0.96" CONTENT="yttrade"/><SP WIDTH="16" VPOS="775" HPOS="438"/>
							<String ID="string_213" HPOS="454" VPOS="775" WIDTH="43" HEIGHT="22" WC="0.96" CONTENT="den"/><SP WIDTH="14" VPOS="775" HPOS="497"/>
							<String ID="string_214" HPOS="511" VPOS="774" WIDTH="144" HEIGHT="29" WC="0.96" CONTENT="förhoppning"/><SP WIDTH="14" VPOS="774" HPOS="655"/>
							<String ID="string_215" HPOS="669" VPOS="777" WIDTH="34" HEIGHT="20" WC="0.93" CONTENT="att"/><SP WIDTH="14" VPOS="777" HPOS="703"/>
							<String ID="string_216" HPOS="717" VPOS="776" WIDTH="160" HEIGHT="27" WC="0.92" CONTENT="Ridderskapet"/><SP WIDTH="10" VPOS="776" HPOS="877"/>
							<String ID="string_217" HPOS="887" VPOS="775" WIDTH="41" HEIGHT="22" WC="0.96" CONTENT="och"/>
						</TextLine>
						<TextLine ID="line_22" HPOS="102" VPOS="804" WIDTH="826" HEIGHT="27">
							<String ID="string_218" HPOS="102" VPOS="804" WIDTH="69" HEIGHT="22" WC="0.90" CONTENT="Adeln"/><SP WIDTH="19" VPOS="804" HPOS="171"/>
							<String ID="string_219" HPOS="190" VPOS="804" WIDTH="48" HEIGHT="22" WC="0.96" CONTENT="icke"/><SP WIDTH="17" VPOS="804" HPOS="238"/>
							<String ID="string_220" HPOS="255" VPOS="804" WIDTH="70" HEIGHT="22" WC="0.96" CONTENT="skulle"/><SP WIDTH="18" VPOS="804" HPOS="325"/>
							<String ID="string_221" HPOS="343" VPOS="804" WIDTH="57" HEIGHT="22" WC="0.96" CONTENT="fästa"/><SP WIDTH="17" VPOS="804" HPOS="400"/>
							<String ID="string_222" HPOS="417" VPOS="804" WIDTH="66" HEIGHT="27" WC="0.96" CONTENT="något"/><SP WIDTH="21" VPOS="804" HPOS="483"/>
							<String ID="string_223" HPOS="504" VPOS="804" WIDTH="103" HEIGHT="22" WC="0.96" CONTENT="afseende"/><SP WIDTH="20" VPOS="804" HPOS="607"/>
							<String ID="string_224" HPOS="627" VPOS="805" WIDTH="35" HEIGHT="21" WC="0.96" CONTENT="vid"/><SP WIDTH="19" VPOS="805" HPOS="662"/>
							<String ID="string_225" HPOS="681" VPOS="804" WIDTH="57" HEIGHT="22" WC="0.96" CONTENT="hvad"/><SP WIDTH="14" VPOS="804" HPOS="738"/>
							<String ID="string_226" HPOS="752" VPOS="804" WIDTH="43" HEIGHT="22" WC="0.96" CONTENT="han"/><SP WIDTH="14" VPOS="804" HPOS="795"/>
							<String ID="string_227" HPOS="809" VPOS="804" WIDTH="77" HEIGHT="27" WC="0.95" CONTENT="anfört,"/><SP WIDTH="17" VPOS="804" HPOS="886"/>
							<String ID="string_228" HPOS="903" VPOS="804" WIDTH="25" HEIGHT="22" WC="0.96" CONTENT="så"/>
						</TextLine>
						<TextLine ID="line_23" HPOS="102" VPOS="833" WIDTH="827" HEIGHT="28">
							<String ID="string_229" HPOS="102" VPOS="833" WIDTH="83" HEIGHT="22" WC="0.96" CONTENT="skedde"/><SP WIDTH="23" VPOS="833" HPOS="185"/>
							<String ID="string_230" HPOS="208" VPOS="833" WIDTH="37" HEIGHT="22" WC="0.96" CONTENT="det"/><SP WIDTH="18" VPOS="833" HPOS="245"/>
							<String ID="string_231" HPOS="263" VPOS="833" WIDTH="90" HEIGHT="22" WC="0.96" CONTENT="emedan"/><SP WIDTH="19" VPOS="833" HPOS="353"/>
							<String ID="string_232" HPOS="372" VPOS="839" WIDTH="34" HEIGHT="16" WC="0.96" CONTENT="om"/><SP WIDTH="18" VPOS="839" HPOS="406"/>
							<String ID="string_233" HPOS="424" VPOS="834" WIDTH="33" HEIGHT="20" WC="0.96" CONTENT="ett"/><SP WIDTH="18" VPOS="834" HPOS="457"/>
							<String ID="string_234" HPOS="475" VPOS="833" WIDTH="74" HEIGHT="24" WC="0.96" CONTENT="beslut"/><SP WIDTH="19" VPOS="833" HPOS="549"/>
							<String ID="string_235" HPOS="568" VPOS="833" WIDTH="69" HEIGHT="23" WC="0.93" CONTENT="blifvit"/><SP WIDTH="18" VPOS="833" HPOS="637"/>
							<String ID="string_236" HPOS="655" VPOS="833" WIDTH="79" HEIGHT="22" WC="0.91" CONTENT="fattadt"/><SP WIDTH="14" VPOS="833" HPOS="734"/>
							<String ID="string_237" HPOS="748" VPOS="834" WIDTH="7" HEIGHT="21" WC="0.96" CONTENT="i"/><SP WIDTH="15" VPOS="834" HPOS="755"/>
							<String ID="string_238" HPOS="770" VPOS="834" WIDTH="95" HEIGHT="27" WC="0.96" CONTENT="enlighet"/><SP WIDTH="14" VPOS="834" HPOS="865"/>
							<String ID="string_239" HPOS="879" VPOS="833" WIDTH="50" HEIGHT="21" WC="0.96" CONTENT="med"/>
						</TextLine>
						<TextLine ID="line_24" HPOS="101" VPOS="862" WIDTH="828" HEIGHT="28">
							<String ID="string_240" HPOS="101" VPOS="862" WIDTH="55" HEIGHT="22" WC="0.96" CONTENT="hans"/><SP WIDTH="18" VPOS="862" HPOS="156"/>
							<String ID="string_241" HPOS="174" VPOS="862" WIDTH="162" HEIGHT="27" WC="0.95" CONTENT="framställning,"/><SP WIDTH="21" VPOS="862" HPOS="336"/>
							<String ID="string_242" HPOS="357" VPOS="862" WIDTH="37" HEIGHT="22" WC="0.96" CONTENT="det"/><SP WIDTH="18" VPOS="862" HPOS="394"/>
							<String ID="string_243" HPOS="412" VPOS="862" WIDTH="57" HEIGHT="22" WC="0.95" CONTENT="hade"/><SP WIDTH="19" VPOS="862" HPOS="469"/>
							<String ID="string_244" HPOS="488" VPOS="862" WIDTH="56" HEIGHT="22" WC="0.96" CONTENT="varit"/><SP WIDTH="21" VPOS="862" HPOS="544"/>
							<String ID="string_245" HPOS="565" VPOS="864" WIDTH="32" HEIGHT="20" WC="0.97" CONTENT="att"/><SP WIDTH="14" VPOS="864" HPOS="597"/>
							<String ID="string_246" HPOS="611" VPOS="862" WIDTH="123" HEIGHT="28" WC="0.96" CONTENT="uppenbart"/><SP WIDTH="15" VPOS="862" HPOS="734"/>
							<String ID="string_247" HPOS="749" VPOS="864" WIDTH="58" HEIGHT="20" WC="0.96" CONTENT="sätta"/><SP WIDTH="14" VPOS="864" HPOS="807"/>
							<String ID="string_248" HPOS="821" VPOS="862" WIDTH="34" HEIGHT="28" WC="0.96" CONTENT="sig"/><SP WIDTH="15" VPOS="862" HPOS="855"/>
							<String ID="string_249" HPOS="870" VPOS="863" WIDTH="59" HEIGHT="21" WC="0.96" CONTENT="emot"/>
						</TextLine>
						<TextLine ID="line_25" HPOS="102" VPOS="890" WIDTH="825" HEIGHT="30">
							<String ID="string_250" HPOS="102" VPOS="891" WIDTH="42" HEIGHT="22" WC="0.96" CONTENT="alla"/><SP WIDTH="15" VPOS="891" HPOS="144"/>
							<String ID="string_251" HPOS="159" VPOS="891" WIDTH="64" HEIGHT="22" WC="0.93" CONTENT="dessa"/><SP WIDTH="14" VPOS="891" HPOS="223"/>
							<String ID="string_252" HPOS="237" VPOS="890" WIDTH="115" HEIGHT="28" WC="0.92" CONTENT="petitioner"/><SP WIDTH="15" VPOS="890" HPOS="352"/>
							<String ID="string_253" HPOS="367" VPOS="891" WIDTH="41" HEIGHT="21" WC="0.96" CONTENT="och"/><SP WIDTH="13" VPOS="891" HPOS="408"/>
							<String ID="string_254" HPOS="421" VPOS="892" WIDTH="34" HEIGHT="20" WC="0.96" CONTENT="att"/><SP WIDTH="13" VPOS="892" HPOS="455"/>
							<String ID="string_255" HPOS="468" VPOS="891" WIDTH="70" HEIGHT="22" WC="0.96" CONTENT="väcka"/><SP WIDTH="15" VPOS="891" HPOS="538"/>
							<String ID="string_256" HPOS="553" VPOS="891" WIDTH="43" HEIGHT="22" WC="0.96" CONTENT="ond"/><SP WIDTH="15" VPOS="891" HPOS="596"/>
							<String ID="string_257" HPOS="611" VPOS="892" WIDTH="50" HEIGHT="25" WC="0.96" CONTENT="blod"/><SP WIDTH="15" VPOS="892" HPOS="661"/>
							<String ID="string_258" HPOS="676" VPOS="892" WIDTH="8" HEIGHT="21" WC="0.96" CONTENT="i"/><SP WIDTH="13" VPOS="892" HPOS="684"/>
							<String ID="string_259" HPOS="697" VPOS="892" WIDTH="80" HEIGHT="26" WC="0.96" CONTENT="högsta"/><SP WIDTH="10" VPOS="892" HPOS="777"/>
							<String ID="string_260" HPOS="787" VPOS="891" WIDTH="59" HEIGHT="29" WC="0.95" CONTENT="grad,"/><SP WIDTH="11" VPOS="891" HPOS="846"/>
							<String ID="string_261" HPOS="857" VPOS="891" WIDTH="7" HEIGHT="21" WC="0.93" CONTENT="i"/><SP WIDTH="11" VPOS="891" HPOS="864"/>
							<String ID="string_262" HPOS="875" VPOS="891" WIDTH="52" HEIGHT="22" WC="0.89" CONTENT="stäl-"/>
						</TextLine>
						<TextLine ID="line_26" HPOS="102" VPOS="919" WIDTH="424" HEIGHT="28">
							<String ID="string_263" HPOS="102" VPOS="920" WIDTH="31" HEIGHT="22" WC="0.96" CONTENT="let"/><SP WIDTH="14" VPOS="920" HPOS="133"/>
							<String ID="string_264" HPOS="147" VPOS="919" WIDTH="34" HEIGHT="23" WC="0.96" CONTENT="för"/><SP WIDTH="15" VPOS="919" HPOS="181"/>
							<String ID="string_265" HPOS="196" VPOS="922" WIDTH="34" HEIGHT="20" WC="0.96" CONTENT="att"/><SP WIDTH="15" VPOS="922" HPOS="230"/>
							<String ID="string_266" HPOS="245" VPOS="920" WIDTH="149" HEIGHT="22" WC="0.96" CONTENT="åstadkomma"/><SP WIDTH="13" VPOS="920" HPOS="394"/>
							<String ID="string_267" HPOS="407" VPOS="919" WIDTH="119" HEIGHT="28" WC="0.96" CONTENT="försoning."/>
						</TextLine>
					</TextBlock>
					<TextBlock ID="block_2" HPOS="102" VPOS="948" WIDTH="828" HEIGHT="461">
						<TextLine ID="line_27" HPOS="170" VPOS="948" WIDTH="758" HEIGHT="28">
							<String ID="string_268" HPOS="170" VPOS="949" WIDTH="57" HEIGHT="21" WC="0.96" CONTENT="Herr"/><SP WIDTH="14" VPOS="949" HPOS="227"/>
							<String ID="string_269" HPOS="241" VPOS="949" WIDTH="94" HEIGHT="21" WC="0.95" CONTENT="Taube:"/><SP WIDTH="16" VPOS="949" HPOS="335"/>
							<String ID="string_270" HPOS="351" VPOS="949" WIDTH="50" HEIGHT="21" WC="0.95" CONTENT="Med"/><SP WIDTH="15" VPOS="949" HPOS="401"/>
							<String ID="string_271" HPOS="416" VPOS="948" WIDTH="116" HEIGHT="27" WC="0.96" CONTENT="anledning"/><SP WIDTH="15" VPOS="948" HPOS="532"/>
							<String ID="string_272" HPOS="547" VPOS="948" WIDTH="23" HEIGHT="21" WC="0.96" CONTENT="af"/><SP WIDTH="8" VPOS="948" HPOS="570"/>
							<String ID="string_273" HPOS="578" VPOS="948" WIDTH="56" HEIGHT="22" WC="0.96" CONTENT="hvad"/><SP WIDTH="12" VPOS="948" HPOS="634"/>
							<String ID="string_274" HPOS="646" VPOS="949" WIDTH="38" HEIGHT="27" WC="0.96" CONTENT="jag"/><SP WIDTH="9" VPOS="949" HPOS="684"/>
							<String ID="string_275" HPOS="693" VPOS="948" WIDTH="34" HEIGHT="23" WC="0.96" CONTENT="för"/><SP WIDTH="9" VPOS="948" HPOS="727"/>
							<String ID="string_276" HPOS="736" VPOS="948" WIDTH="67" HEIGHT="28" WC="0.96" CONTENT="några"/><SP WIDTH="11" VPOS="948" HPOS="803"/>
							<String ID="string_277" HPOS="814" VPOS="948" WIDTH="114" HEIGHT="27" WC="0.96" CONTENT="ögonblick"/>
						</TextLine>
						<TextLine ID="line_28" HPOS="102" VPOS="977" WIDTH="828" HEIGHT="28">
							<String ID="string_278" HPOS="102" VPOS="977" WIDTH="67" HEIGHT="22" WC="0.96" CONTENT="sedan"/><SP WIDTH="15" VPOS="977" HPOS="169"/>
							<String ID="string_279" HPOS="184" VPOS="977" WIDTH="92" HEIGHT="28" WC="0.93" CONTENT="yttrade,"/><SP WIDTH="16" VPOS="977" HPOS="276"/>
							<String ID="string_280" HPOS="292" VPOS="977" WIDTH="105" HEIGHT="28" WC="0.91" CONTENT="nemligen"/><SP WIDTH="16" VPOS="977" HPOS="397"/>
							<String ID="string_281" HPOS="413" VPOS="977" WIDTH="43" HEIGHT="22" WC="0.96" CONTENT="min"/><SP WIDTH="13" VPOS="977" HPOS="456"/>
							<String ID="string_282" HPOS="469" VPOS="977" WIDTH="102" HEIGHT="22" WC="0.95" CONTENT="anhållan"/><SP WIDTH="15" VPOS="977" HPOS="571"/>
							<String ID="string_283" HPOS="586" VPOS="979" WIDTH="32" HEIGHT="20" WC="0.96" CONTENT="att"/><SP WIDTH="11" VPOS="979" HPOS="618"/>
							<String ID="string_284" HPOS="629" VPOS="978" WIDTH="86" HEIGHT="21" WC="0.96" CONTENT="ståndet"/><SP WIDTH="10" VPOS="978" HPOS="715"/>
							<String ID="string_285" HPOS="725" VPOS="977" WIDTH="67" HEIGHT="22" WC="0.96" CONTENT="måtte"/><SP WIDTH="11" VPOS="977" HPOS="792"/>
							<String ID="string_286" HPOS="803" VPOS="979" WIDTH="79" HEIGHT="25" WC="0.96" CONTENT="antaga"/><SP WIDTH="10" VPOS="979" HPOS="882"/>
							<String ID="string_287" HPOS="892" VPOS="977" WIDTH="38" HEIGHT="22" WC="0.96" CONTENT="det"/>
						</TextLine>
						<TextLine ID="line_29" HPOS="102" VPOS="1005" WIDTH="826" HEIGHT="28">
							<String ID="string_288" HPOS="102" VPOS="1006" WIDTH="145" HEIGHT="27" WC="0.96" CONTENT="föreliggande"/><SP WIDTH="20" VPOS="1006" HPOS="247"/>
							<String ID="string_289" HPOS="267" VPOS="1008" WIDTH="118" HEIGHT="20" WC="0.96" CONTENT="momentet"/><SP WIDTH="16" VPOS="1008" HPOS="385"/>
							<String ID="string_290" HPOS="401" VPOS="1006" WIDTH="92" HEIGHT="21" WC="0.96" CONTENT="sålunda"/><SP WIDTH="19" VPOS="1006" HPOS="493"/>
							<String ID="string_291" HPOS="512" VPOS="1008" WIDTH="33" HEIGHT="20" WC="0.96" CONTENT="att"/><SP WIDTH="18" VPOS="1008" HPOS="545"/>
							<String ID="string_292" HPOS="563" VPOS="1007" WIDTH="72" HEIGHT="21" WC="0.96" CONTENT="staten"/><SP WIDTH="18" VPOS="1007" HPOS="635"/>
							<String ID="string_293" HPOS="653" VPOS="1007" WIDTH="46" HEIGHT="21" WC="0.96" CONTENT="helt"/><SP WIDTH="18" VPOS="1007" HPOS="699"/>
							<String ID="string_294" HPOS="717" VPOS="1006" WIDTH="40" HEIGHT="22" WC="0.97" CONTENT="och"/><SP WIDTH="18" VPOS="1006" HPOS="757"/>
							<String ID="string_295" HPOS="775" VPOS="1006" WIDTH="68" HEIGHT="22" WC="0.96" CONTENT="hållet"/><SP WIDTH="15" VPOS="1006" HPOS="843"/>
							<String ID="string_296" HPOS="858" VPOS="1005" WIDTH="70" HEIGHT="22" WC="0.95" CONTENT="skulle"/>
						</TextLine>
						<TextLine ID="line_30" HPOS="103" VPOS="1034" WIDTH="827" HEIGHT="29">
							<String ID="string_297" HPOS="103" VPOS="1035" WIDTH="112" HEIGHT="27" WC="0.91" CONTENT="öfvertaga"/><SP WIDTH="18" VPOS="1035" HPOS="215"/>
							<String ID="string_298" HPOS="233" VPOS="1035" WIDTH="37" HEIGHT="22" WC="0.96" CONTENT="det"/><SP WIDTH="17" VPOS="1035" HPOS="270"/>
							<String ID="string_299" HPOS="287" VPOS="1035" WIDTH="70" HEIGHT="22" WC="0.93" CONTENT="finska"/><SP WIDTH="19" VPOS="1035" HPOS="357"/>
							<String ID="string_300" HPOS="376" VPOS="1035" WIDTH="143" HEIGHT="27" WC="0.91" CONTENT="privatlyceet"/><SP WIDTH="15" VPOS="1035" HPOS="519"/>
							<String ID="string_301" HPOS="534" VPOS="1035" WIDTH="7" HEIGHT="21" WC="0.96" CONTENT="i"/><SP WIDTH="14" VPOS="1035" HPOS="541"/>
							<String ID="string_302" HPOS="555" VPOS="1034" WIDTH="142" HEIGHT="29" WC="0.96" CONTENT="Helsingfors,"/><SP WIDTH="16" VPOS="1034" HPOS="697"/>
							<String ID="string_303" HPOS="713" VPOS="1035" WIDTH="39" HEIGHT="22" WC="0.96" CONTENT="ber"/><SP WIDTH="10" VPOS="1035" HPOS="752"/>
							<String ID="string_304" HPOS="762" VPOS="1035" WIDTH="38" HEIGHT="28" WC="0.96" CONTENT="jag"/><SP WIDTH="15" VPOS="1035" HPOS="800"/>
							<String ID="string_305" HPOS="815" VPOS="1035" WIDTH="22" HEIGHT="22" WC="0.96" CONTENT="få"/><SP WIDTH="14" VPOS="1035" HPOS="837"/>
							<String ID="string_306" HPOS="851" VPOS="1037" WIDTH="79" HEIGHT="19" WC="0.95" CONTENT="nämna"/>
						</TextLine>
						<TextLine ID="line_31" HPOS="102" VPOS="1063" WIDTH="826" HEIGHT="28">
							<String ID="string_307" HPOS="102" VPOS="1065" WIDTH="40" HEIGHT="26" WC="0.96" CONTENT="att,"/><SP WIDTH="16" VPOS="1065" HPOS="142"/>
							<String ID="string_308" HPOS="158" VPOS="1065" WIDTH="25" HEIGHT="21" WC="0.96" CONTENT="så"/><SP WIDTH="14" VPOS="1065" HPOS="183"/>
							<String ID="string_309" HPOS="197" VPOS="1064" WIDTH="65" HEIGHT="27" WC="0.94" CONTENT="länge"/><SP WIDTH="15" VPOS="1064" HPOS="262"/>
							<String ID="string_310" HPOS="277" VPOS="1066" WIDTH="73" HEIGHT="20" WC="0.96" CONTENT="staten"/><SP WIDTH="15" VPOS="1066" HPOS="350"/>
							<String ID="string_311" HPOS="365" VPOS="1064" WIDTH="48" HEIGHT="22" WC="0.96" CONTENT="icke"/><SP WIDTH="12" VPOS="1064" HPOS="413"/>
							<String ID="string_312" HPOS="425" VPOS="1063" WIDTH="139" HEIGHT="22" WC="0.96" CONTENT="underhåller"/><SP WIDTH="15" VPOS="1063" HPOS="564"/>
							<String ID="string_313" HPOS="579" VPOS="1064" WIDTH="40" HEIGHT="21" WC="0.96" CONTENT="här"/><SP WIDTH="14" VPOS="1064" HPOS="619"/>
							<String ID="string_314" HPOS="633" VPOS="1065" WIDTH="7" HEIGHT="20" WC="0.92" CONTENT="i"/><SP WIDTH="15" VPOS="1065" HPOS="640"/>
							<String ID="string_315" HPOS="655" VPOS="1063" WIDTH="159" HEIGHT="23" WC="0.91" CONTENT="hufvudstaden"/><SP WIDTH="17" VPOS="1063" HPOS="814"/>
							<String ID="string_316" HPOS="831" VPOS="1065" WIDTH="32" HEIGHT="20" WC="0.93" CONTENT="ett"/><SP WIDTH="9" VPOS="1065" HPOS="863"/>
							<String ID="string_317" HPOS="872" VPOS="1063" WIDTH="56" HEIGHT="22" WC="0.93" CONTENT="läro-"/>
						</TextLine>
						<TextLine ID="line_32" HPOS="102" VPOS="1092" WIDTH="827" HEIGHT="28">
							<String ID="string_318" HPOS="102" VPOS="1093" WIDTH="53" HEIGHT="22" WC="0.96" CONTENT="verk"/><SP WIDTH="14" VPOS="1093" HPOS="155"/>
							<String ID="string_319" HPOS="169" VPOS="1093" WIDTH="49" HEIGHT="22" WC="0.96" CONTENT="med"/><SP WIDTH="15" VPOS="1093" HPOS="218"/>
							<String ID="string_320" HPOS="233" VPOS="1092" WIDTH="70" HEIGHT="23" WC="0.96" CONTENT="finska"/><SP WIDTH="14" VPOS="1092" HPOS="303"/>
							<String ID="string_321" HPOS="317" VPOS="1093" WIDTH="33" HEIGHT="22" WC="0.93" CONTENT="till"/><SP WIDTH="15" VPOS="1093" HPOS="350"/>
							<String ID="string_322" HPOS="365" VPOS="1093" WIDTH="240" HEIGHT="27" WC="0.91" CONTENT="undervisningsspråk,"/><SP WIDTH="16" VPOS="1093" HPOS="605"/>
							<String ID="string_323" HPOS="621" VPOS="1093" WIDTH="25" HEIGHT="22" WC="0.96" CONTENT="så"/><SP WIDTH="13" VPOS="1093" HPOS="646"/>
							<String ID="string_324" HPOS="659" VPOS="1093" WIDTH="64" HEIGHT="27" WC="0.96" CONTENT="länge"/><SP WIDTH="11" VPOS="1093" HPOS="723"/>
							<String ID="string_325" HPOS="734" VPOS="1095" WIDTH="24" HEIGHT="19" WC="0.96" CONTENT="är"/><SP WIDTH="9" VPOS="1095" HPOS="758"/>
							<String ID="string_326" HPOS="767" VPOS="1093" WIDTH="49" HEIGHT="22" WC="0.96" CONTENT="icke"/><SP WIDTH="9" VPOS="1093" HPOS="816"/>
							<String ID="string_327" HPOS="825" VPOS="1092" WIDTH="40" HEIGHT="22" WC="0.93" CONTENT="full"/><SP WIDTH="9" VPOS="1092" HPOS="865"/>
							<String ID="string_328" HPOS="874" VPOS="1094" WIDTH="55" HEIGHT="20" WC="0.92" CONTENT="rätt-"/>
						</TextLine>
						<TextLine ID="line_33" HPOS="103" VPOS="1121" WIDTH="825" HEIGHT="28">
							<String ID="string_329" HPOS="103" VPOS="1122" WIDTH="47" HEIGHT="22" WC="0.96" CONTENT="visa"/><SP WIDTH="22" VPOS="1122" HPOS="150"/>
							<String ID="string_330" HPOS="172" VPOS="1122" WIDTH="61" HEIGHT="27" WC="0.96" CONTENT="gjord"/><SP WIDTH="22" VPOS="1122" HPOS="233"/>
							<String ID="string_331" HPOS="255" VPOS="1122" WIDTH="26" HEIGHT="22" WC="0.95" CONTENT="de"/><SP WIDTH="22" VPOS="1122" HPOS="281"/>
							<String ID="string_332" HPOS="303" VPOS="1121" WIDTH="70" HEIGHT="22" WC="0.95" CONTENT="finska"/><SP WIDTH="22" VPOS="1121" HPOS="373"/>
							<String ID="string_333" HPOS="395" VPOS="1122" WIDTH="86" HEIGHT="21" WC="0.96" CONTENT="talande"/><SP WIDTH="23" VPOS="1122" HPOS="481"/>
							<String ID="string_334" HPOS="504" VPOS="1122" WIDTH="42" HEIGHT="21" WC="0.96" CONTENT="och"/><SP WIDTH="23" VPOS="1122" HPOS="546"/>
							<String ID="string_335" HPOS="569" VPOS="1122" WIDTH="62" HEIGHT="22" WC="0.95" CONTENT="deras"/><SP WIDTH="22" VPOS="1122" HPOS="631"/>
							<String ID="string_336" HPOS="653" VPOS="1122" WIDTH="126" HEIGHT="27" WC="0.96" CONTENT="rättmätiga"/><SP WIDTH="22" VPOS="1122" HPOS="779"/>
							<String ID="string_337" HPOS="801" VPOS="1121" WIDTH="127" HEIGHT="28" WC="0.96" CONTENT="fordringar."/>
						</TextLine>
						<TextLine ID="line_34" HPOS="104" VPOS="1150" WIDTH="826" HEIGHT="29">
							<String ID="string_338" HPOS="104" VPOS="1151" WIDTH="77" HEIGHT="22" WC="0.93" CONTENT="Staten"/><SP WIDTH="16" VPOS="1151" HPOS="181"/>
							<String ID="string_339" HPOS="197" VPOS="1150" WIDTH="67" HEIGHT="28" WC="0.91" CONTENT="gifver"/><SP WIDTH="14" VPOS="1150" HPOS="264"/>
							<String ID="string_340" HPOS="278" VPOS="1151" WIDTH="119" HEIGHT="22" WC="0.96" CONTENT="understöd"/><SP WIDTH="16" VPOS="1151" HPOS="397"/>
							<String ID="string_341" HPOS="413" VPOS="1151" WIDTH="23" HEIGHT="21" WC="0.96" CONTENT="åt"/><SP WIDTH="15" VPOS="1151" HPOS="436"/>
							<String ID="string_342" HPOS="451" VPOS="1152" WIDTH="32" HEIGHT="20" WC="0.96" CONTENT="ett"/><SP WIDTH="14" VPOS="1152" HPOS="483"/>
							<String ID="string_343" HPOS="497" VPOS="1151" WIDTH="73" HEIGHT="27" WC="0.96" CONTENT="privat"/><SP WIDTH="15" VPOS="1151" HPOS="570"/>
							<String ID="string_344" HPOS="585" VPOS="1151" WIDTH="83" HEIGHT="28" WC="0.96" CONTENT="lyceum"/><SP WIDTH="15" VPOS="1151" HPOS="668"/>
							<String ID="string_345" HPOS="683" VPOS="1151" WIDTH="50" HEIGHT="22" WC="0.96" CONTENT="med"/><SP WIDTH="10" VPOS="1151" HPOS="733"/>
							<String ID="string_346" HPOS="743" VPOS="1151" WIDTH="93" HEIGHT="22" WC="0.96" CONTENT="svenska"/><SP WIDTH="10" VPOS="1151" HPOS="836"/>
							<String ID="string_347" HPOS="846" VPOS="1151" WIDTH="32" HEIGHT="20" WC="0.93" CONTENT="till"/><SP WIDTH="12" VPOS="1151" HPOS="878"/>
							<String ID="string_348" HPOS="890" VPOS="1157" WIDTH="40" HEIGHT="15" WC="0.92" CONTENT="un-"/>
						</TextLine>
						<TextLine ID="line_35" HPOS="104" VPOS="1179" WIDTH="826" HEIGHT="28">
							<String ID="string_349" HPOS="104" VPOS="1179" WIDTH="209" HEIGHT="28" WC="0.92" CONTENT="dervisningsspråk;"/><SP WIDTH="17" VPOS="1179" HPOS="313"/>
							<String ID="string_350" HPOS="330" VPOS="1179" WIDTH="69" HEIGHT="22" WC="0.95" CONTENT="skulle"/><SP WIDTH="14" VPOS="1179" HPOS="399"/>
							<String ID="string_351" HPOS="413" VPOS="1186" WIDTH="30" HEIGHT="15" WC="0.96" CONTENT="nu"/><SP WIDTH="14" VPOS="1186" HPOS="443"/>
							<String ID="string_352" HPOS="457" VPOS="1181" WIDTH="74" HEIGHT="20" WC="0.96" CONTENT="staten"/><SP WIDTH="15" VPOS="1181" HPOS="531"/>
							<String ID="string_353" HPOS="546" VPOS="1179" WIDTH="7" HEIGHT="22" WC="0.96" CONTENT="i"/><SP WIDTH="16" VPOS="1179" HPOS="553"/>
							<String ID="string_354" HPOS="569" VPOS="1179" WIDTH="95" HEIGHT="28" WC="0.96" CONTENT="enlighet"/><SP WIDTH="14" VPOS="1179" HPOS="664"/>
							<String ID="string_355" HPOS="678" VPOS="1180" WIDTH="49" HEIGHT="21" WC="0.96" CONTENT="med"/><SP WIDTH="16" VPOS="1180" HPOS="727"/>
							<String ID="string_356" HPOS="743" VPOS="1186" WIDTH="40" HEIGHT="15" WC="0.96" CONTENT="ena"/><SP WIDTH="10" VPOS="1186" HPOS="783"/>
							<String ID="string_357" HPOS="793" VPOS="1179" WIDTH="137" HEIGHT="22" WC="0.96" CONTENT="alternativet"/>
						</TextLine>
						<TextLine ID="line_36" HPOS="103" VPOS="1207" WIDTH="827" HEIGHT="28">
							<String ID="string_358" HPOS="103" VPOS="1208" WIDTH="8" HEIGHT="22" WC="0.96" CONTENT="i"/><SP WIDTH="15" VPOS="1208" HPOS="111"/>
							<String ID="string_359" HPOS="126" VPOS="1209" WIDTH="61" HEIGHT="21" WC="0.96" CONTENT="detta"/><SP WIDTH="12" VPOS="1209" HPOS="187"/>
							<String ID="string_360" HPOS="199" VPOS="1210" WIDTH="96" HEIGHT="21" WC="0.96" CONTENT="moment"/><SP WIDTH="14" VPOS="1210" HPOS="295"/>
							<String ID="string_361" HPOS="309" VPOS="1208" WIDTH="23" HEIGHT="22" WC="0.96" CONTENT="af"/><SP WIDTH="11" VPOS="1208" HPOS="332"/>
							<String ID="string_362" HPOS="343" VPOS="1208" WIDTH="148" HEIGHT="22" WC="0.96" CONTENT="betänkandet"/><SP WIDTH="15" VPOS="1208" HPOS="491"/>
							<String ID="string_363" HPOS="506" VPOS="1208" WIDTH="57" HEIGHT="27" WC="0.96" CONTENT="gifva"/><SP WIDTH="14" VPOS="1208" HPOS="563"/>
							<String ID="string_364" HPOS="577" VPOS="1209" WIDTH="120" HEIGHT="22" WC="0.96" CONTENT="understöd"/><SP WIDTH="10" VPOS="1209" HPOS="697"/>
							<String ID="string_365" HPOS="707" VPOS="1208" WIDTH="62" HEIGHT="23" WC="0.96" CONTENT="äfven"/><SP WIDTH="10" VPOS="1208" HPOS="769"/>
							<String ID="string_366" HPOS="779" VPOS="1209" WIDTH="23" HEIGHT="21" WC="0.96" CONTENT="åt"/><SP WIDTH="11" VPOS="1209" HPOS="802"/>
							<String ID="string_367" HPOS="813" VPOS="1207" WIDTH="37" HEIGHT="23" WC="0.96" CONTENT="det"/><SP WIDTH="9" VPOS="1207" HPOS="850"/>
							<String ID="string_368" HPOS="859" VPOS="1207" WIDTH="71" HEIGHT="23" WC="0.95" CONTENT="finska"/>
						</TextLine>
						<TextLine ID="line_37" HPOS="103" VPOS="1237" WIDTH="827" HEIGHT="28">
							<String ID="string_369" HPOS="103" VPOS="1237" WIDTH="147" HEIGHT="28" WC="0.90" CONTENT="privatlyceet,"/><SP WIDTH="24" VPOS="1237" HPOS="250"/>
							<String ID="string_370" HPOS="274" VPOS="1237" WIDTH="25" HEIGHT="22" WC="0.96" CONTENT="så"/><SP WIDTH="22" VPOS="1237" HPOS="299"/>
							<String ID="string_371" HPOS="321" VPOS="1237" WIDTH="70" HEIGHT="22" WC="0.96" CONTENT="skulle"/><SP WIDTH="22" VPOS="1237" HPOS="391"/>
							<String ID="string_372" HPOS="413" VPOS="1237" WIDTH="27" HEIGHT="22" WC="0.96" CONTENT="de"/><SP WIDTH="17" VPOS="1237" HPOS="440"/>
							<String ID="string_373" HPOS="457" VPOS="1237" WIDTH="86" HEIGHT="27" WC="0.93" CONTENT="privata"/><SP WIDTH="16" VPOS="1237" HPOS="543"/>
							<String ID="string_374" HPOS="559" VPOS="1237" WIDTH="181" HEIGHT="22" WC="0.91" CONTENT="läroanstalterne"/><SP WIDTH="17" VPOS="1237" HPOS="740"/>
							<String ID="string_375" HPOS="757" VPOS="1238" WIDTH="70" HEIGHT="27" WC="0.96" CONTENT="bägge"/><SP WIDTH="18" VPOS="1238" HPOS="827"/>
							<String ID="string_376" HPOS="845" VPOS="1237" WIDTH="85" HEIGHT="27" WC="0.95" CONTENT="åtnjuta"/>
						</TextLine>
						<TextLine ID="line_38" HPOS="104" VPOS="1265" WIDTH="826" HEIGHT="28">
							<String ID="string_377" HPOS="104" VPOS="1266" WIDTH="120" HEIGHT="22" WC="0.96" CONTENT="understöd"/><SP WIDTH="15" VPOS="1266" HPOS="224"/>
							<String ID="string_378" HPOS="239" VPOS="1266" WIDTH="22" HEIGHT="21" WC="0.96" CONTENT="af"/><SP WIDTH="14" VPOS="1266" HPOS="261"/>
							<String ID="string_379" HPOS="275" VPOS="1269" WIDTH="77" HEIGHT="24" WC="0.96" CONTENT="staten,"/><SP WIDTH="16" VPOS="1269" HPOS="352"/>
							<String ID="string_380" HPOS="368" VPOS="1273" WIDTH="49" HEIGHT="14" WC="0.96" CONTENT="men"/><SP WIDTH="16" VPOS="1273" HPOS="417"/>
							<String ID="string_381" HPOS="433" VPOS="1267" WIDTH="113" HEIGHT="21" WC="0.93" CONTENT="dessutom"/><SP WIDTH="15" VPOS="1267" HPOS="546"/>
							<String ID="string_382" HPOS="561" VPOS="1267" WIDTH="63" HEIGHT="22" WC="0.93" CONTENT="stode"/><SP WIDTH="15" VPOS="1267" HPOS="624"/>
							<String ID="string_383" HPOS="639" VPOS="1267" WIDTH="40" HEIGHT="21" WC="0.96" CONTENT="här"/><SP WIDTH="12" VPOS="1267" HPOS="679"/>
							<String ID="string_384" HPOS="691" VPOS="1268" WIDTH="33" HEIGHT="20" WC="0.96" CONTENT="ett"/><SP WIDTH="9" VPOS="1268" HPOS="724"/>
							<String ID="string_385" HPOS="733" VPOS="1265" WIDTH="22" HEIGHT="23" WC="0.96" CONTENT="af"/><SP WIDTH="8" VPOS="1265" HPOS="755"/>
							<String ID="string_386" HPOS="763" VPOS="1268" WIDTH="73" HEIGHT="20" WC="0.96" CONTENT="staten"/><SP WIDTH="10" VPOS="1268" HPOS="836"/>
							<String ID="string_387" HPOS="846" VPOS="1267" WIDTH="84" HEIGHT="20" WC="0.96" CONTENT="ensamt"/>
						</TextLine>
						<TextLine ID="line_39" HPOS="104" VPOS="1294" WIDTH="825" HEIGHT="29">
							<String ID="string_388" HPOS="104" VPOS="1295" WIDTH="118" HEIGHT="22" WC="0.91" CONTENT="bekostadt"/><SP WIDTH="14" VPOS="1295" HPOS="222"/>
							<String ID="string_389" HPOS="236" VPOS="1295" WIDTH="50" HEIGHT="22" WC="0.96" CONTENT="med"/><SP WIDTH="15" VPOS="1295" HPOS="286"/>
							<String ID="string_390" HPOS="301" VPOS="1295" WIDTH="89" HEIGHT="22" WC="0.93" CONTENT="svenskt"/><SP WIDTH="13" VPOS="1295" HPOS="390"/>
							<String ID="string_391" HPOS="403" VPOS="1295" WIDTH="243" HEIGHT="28" WC="0.91" CONTENT="undervisningsspråk;"/><SP WIDTH="16" VPOS="1295" HPOS="646"/>
							<String ID="string_392" HPOS="662" VPOS="1295" WIDTH="86" HEIGHT="22" WC="0.96" CONTENT="således"/><SP WIDTH="14" VPOS="1295" HPOS="748"/>
							<String ID="string_393" HPOS="762" VPOS="1301" WIDTH="52" HEIGHT="16" WC="0.96" CONTENT="vore"/><SP WIDTH="14" VPOS="1301" HPOS="814"/>
							<String ID="string_394" HPOS="828" VPOS="1294" WIDTH="49" HEIGHT="22" WC="0.93" CONTENT="icke"/><SP WIDTH="15" VPOS="1294" HPOS="877"/>
							<String ID="string_395" HPOS="892" VPOS="1300" WIDTH="37" HEIGHT="21" WC="0.92" CONTENT="ge-"/>
						</TextLine>
						<TextLine ID="line_40" HPOS="104" VPOS="1323" WIDTH="826" HEIGHT="28">
							<String ID="string_396" HPOS="104" VPOS="1330" WIDTH="50" HEIGHT="15" WC="0.95" CONTENT="nom"/><SP WIDTH="19" VPOS="1330" HPOS="154"/>
							<String ID="string_397" HPOS="173" VPOS="1324" WIDTH="61" HEIGHT="21" WC="0.95" CONTENT="detta"/><SP WIDTH="17" VPOS="1324" HPOS="234"/>
							<String ID="string_398" HPOS="251" VPOS="1324" WIDTH="114" HEIGHT="21" WC="0.95" CONTENT="alternativ"/><SP WIDTH="17" VPOS="1324" HPOS="365"/>
							<String ID="string_399" HPOS="382" VPOS="1324" WIDTH="91" HEIGHT="21" WC="0.96" CONTENT="rättvisa"/><SP WIDTH="18" VPOS="1324" HPOS="473"/>
							<String ID="string_400" HPOS="491" VPOS="1324" WIDTH="69" HEIGHT="27" WC="0.96" CONTENT="gjord."/><SP WIDTH="31" VPOS="1324" HPOS="560"/>
							<String ID="string_401" HPOS="591" VPOS="1325" WIDTH="41" HEIGHT="26" WC="0.96" CONTENT="Jag"/><SP WIDTH="17" VPOS="1325" HPOS="632"/>
							<String ID="string_402" HPOS="649" VPOS="1330" WIDTH="107" HEIGHT="21" WC="0.96" CONTENT="upprepar"/><SP WIDTH="15" VPOS="1330" HPOS="756"/>
							<String ID="string_403" HPOS="771" VPOS="1324" WIDTH="43" HEIGHT="21" WC="0.97" CONTENT="min"/><SP WIDTH="15" VPOS="1324" HPOS="814"/>
							<String ID="string_404" HPOS="829" VPOS="1323" WIDTH="101" HEIGHT="22" WC="0.96" CONTENT="anhållan"/>
						</TextLine>
						<TextLine ID="line_41" HPOS="104" VPOS="1352" WIDTH="826" HEIGHT="28">
							<String ID="string_405" HPOS="104" VPOS="1354" WIDTH="34" HEIGHT="20" WC="0.96" CONTENT="att"/><SP WIDTH="14" VPOS="1354" HPOS="138"/>
							<String ID="string_406" HPOS="152" VPOS="1354" WIDTH="72" HEIGHT="26" WC="0.96" CONTENT="steget"/><SP WIDTH="14" VPOS="1354" HPOS="224"/>
							<String ID="string_407" HPOS="238" VPOS="1353" WIDTH="68" HEIGHT="22" WC="0.96" CONTENT="måtte"/><SP WIDTH="15" VPOS="1353" HPOS="306"/>
							<String ID="string_408" HPOS="321" VPOS="1355" WIDTH="60" HEIGHT="24" WC="0.96" CONTENT="tagas"/><SP WIDTH="16" VPOS="1355" HPOS="381"/>
							<String ID="string_409" HPOS="397" VPOS="1352" WIDTH="49" HEIGHT="21" WC="0.96" CONTENT="fullt"/><SP WIDTH="14" VPOS="1352" HPOS="446"/>
							<String ID="string_410" HPOS="460" VPOS="1354" WIDTH="25" HEIGHT="20" WC="0.96" CONTENT="ut"/><SP WIDTH="15" VPOS="1354" HPOS="485"/>
							<String ID="string_411" HPOS="500" VPOS="1352" WIDTH="34" HEIGHT="22" WC="0.96" CONTENT="för"/><SP WIDTH="15" VPOS="1352" HPOS="534"/>
							<String ID="string_412" HPOS="549" VPOS="1354" WIDTH="33" HEIGHT="20" WC="0.96" CONTENT="att"/><SP WIDTH="9" VPOS="1354" HPOS="582"/>
							<String ID="string_413" HPOS="591" VPOS="1353" WIDTH="132" HEIGHT="22" WC="0.96" CONTENT="förekomma"/><SP WIDTH="9" VPOS="1353" HPOS="723"/>
							<String ID="string_414" HPOS="732" VPOS="1353" WIDTH="85" HEIGHT="27" WC="0.96" CONTENT="frågans"/><SP WIDTH="12" VPOS="1353" HPOS="817"/>
							<String ID="string_415" HPOS="829" VPOS="1352" WIDTH="101" HEIGHT="27" WC="0.96" CONTENT="ständiga"/>
						</TextLine>
						<TextLine ID="line_42" HPOS="104" VPOS="1381" WIDTH="545" HEIGHT="28">
							<String ID="string_416" HPOS="104" VPOS="1382" WIDTH="139" HEIGHT="27" WC="0.96" CONTENT="upprepande"/><SP WIDTH="16" VPOS="1382" HPOS="243"/>
							<String ID="string_417" HPOS="259" VPOS="1381" WIDTH="40" HEIGHT="22" WC="0.96" CONTENT="och"/><SP WIDTH="16" VPOS="1381" HPOS="299"/>
							<String ID="string_418" HPOS="315" VPOS="1381" WIDTH="175" HEIGHT="22" WC="0.96" CONTENT="återkommande"/><SP WIDTH="16" VPOS="1381" HPOS="490"/>
							<String ID="string_419" HPOS="506" VPOS="1381" WIDTH="8" HEIGHT="22" WC="0.96" CONTENT="i"/><SP WIDTH="14" VPOS="1381" HPOS="514"/>
							<String ID="string_420" HPOS="528" VPOS="1381" WIDTH="121" HEIGHT="22" WC="0.96" CONTENT="framtiden."/>
						</TextLine>
					</TextBlock>
					<TextBlock ID="block_3" HPOS="103" VPOS="1409" WIDTH="829" HEIGHT="173">
						<TextLine ID="line_43" HPOS="172" VPOS="1409" WIDTH="758" HEIGHT="28">
							<String ID="string_421" HPOS="172" VPOS="1410" WIDTH="57" HEIGHT="22" WC="0.93" CONTENT="Herr"/><SP WIDTH="18" VPOS="1410" HPOS="229"/>
							<String ID="string_422" HPOS="247" VPOS="1409" WIDTH="198" HEIGHT="28" WC="0.91" CONTENT="Pippingsköld:"/><SP WIDTH="23" VPOS="1409" HPOS="445"/>
							<String ID="string_423" HPOS="468" VPOS="1410" WIDTH="43" HEIGHT="27" WC="0.96" CONTENT="Jag"/><SP WIDTH="17" VPOS="1410" HPOS="511"/>
							<String ID="string_424" HPOS="528" VPOS="1410" WIDTH="40" HEIGHT="22" WC="0.96" CONTENT="ber"/><SP WIDTH="17" VPOS="1410" HPOS="568"/>
							<String ID="string_425" HPOS="585" VPOS="1411" WIDTH="57" HEIGHT="21" WC="0.95" CONTENT="blott"/><SP WIDTH="17" VPOS="1411" HPOS="642"/>
							<String ID="string_426" HPOS="659" VPOS="1412" WIDTH="33" HEIGHT="20" WC="0.96" CONTENT="att"/><SP WIDTH="15" VPOS="1412" HPOS="692"/>
							<String ID="string_427" HPOS="707" VPOS="1410" WIDTH="22" HEIGHT="22" WC="0.96" CONTENT="få"/><SP WIDTH="14" VPOS="1410" HPOS="729"/>
							<String ID="string_428" HPOS="743" VPOS="1411" WIDTH="49" HEIGHT="21" WC="0.96" CONTENT="med"/><SP WIDTH="15" VPOS="1411" HPOS="792"/>
							<String ID="string_429" HPOS="807" VPOS="1410" WIDTH="69" HEIGHT="27" WC="0.96" CONTENT="några"/><SP WIDTH="15" VPOS="1410" HPOS="876"/>
							<String ID="string_430" HPOS="891" VPOS="1410" WIDTH="39" HEIGHT="21" WC="0.96" CONTENT="ord"/>
						</TextLine>
						<TextLine ID="line_44" HPOS="104" VPOS="1438" WIDTH="828" HEIGHT="29">
							<String ID="string_431" HPOS="104" VPOS="1439" WIDTH="142" HEIGHT="28" WC="0.96" CONTENT="understödja"/><SP WIDTH="14" VPOS="1439" HPOS="246"/>
							<String ID="string_432" HPOS="260" VPOS="1439" WIDTH="165" HEIGHT="27" WC="0.96" CONTENT="formuleringen"/><SP WIDTH="16" VPOS="1439" HPOS="425"/>
							<String ID="string_433" HPOS="441" VPOS="1438" WIDTH="23" HEIGHT="22" WC="0.96" CONTENT="af"/><SP WIDTH="13" VPOS="1438" HPOS="464"/>
							<String ID="string_434" HPOS="477" VPOS="1439" WIDTH="120" HEIGHT="22" WC="0.96" CONTENT="utskottets"/><SP WIDTH="16" VPOS="1439" HPOS="597"/>
							<String ID="string_435" HPOS="613" VPOS="1439" WIDTH="135" HEIGHT="22" WC="0.96" CONTENT="betänkande"/><SP WIDTH="11" VPOS="1439" HPOS="748"/>
							<String ID="string_436" HPOS="759" VPOS="1439" WIDTH="40" HEIGHT="22" WC="0.96" CONTENT="och"/><SP WIDTH="8" VPOS="1439" HPOS="799"/>
							<String ID="string_437" HPOS="807" VPOS="1439" WIDTH="125" HEIGHT="22" WC="0.96" CONTENT="föreställer"/>
						</TextLine>
						<TextLine ID="line_45" HPOS="103" VPOS="1467" WIDTH="826" HEIGHT="28">
							<String ID="string_438" HPOS="103" VPOS="1468" WIDTH="50" HEIGHT="26" WC="0.96" CONTENT="mig,"/><SP WIDTH="16" VPOS="1468" HPOS="153"/>
							<String ID="string_439" HPOS="169" VPOS="1468" WIDTH="90" HEIGHT="21" WC="0.96" CONTENT="likasom"/><SP WIDTH="15" VPOS="1468" HPOS="259"/>
							<String ID="string_440" HPOS="274" VPOS="1467" WIDTH="51" HEIGHT="22" WC="0.96" CONTENT="herr"/><SP WIDTH="14" VPOS="1467" HPOS="325"/>
							<String ID="string_441" HPOS="339" VPOS="1468" WIDTH="148" HEIGHT="26" WC="0.96" CONTENT="Montgomery"/><SP WIDTH="15" VPOS="1468" HPOS="487"/>
							<String ID="string_442" HPOS="502" VPOS="1467" WIDTH="69" HEIGHT="21" WC="0.96" CONTENT="redan"/><SP WIDTH="14" VPOS="1467" HPOS="571"/>
							<String ID="string_443" HPOS="585" VPOS="1468" WIDTH="38" HEIGHT="21" WC="0.96" CONTENT="det"/><SP WIDTH="14" VPOS="1468" HPOS="623"/>
							<String ID="string_444" HPOS="637" VPOS="1468" WIDTH="63" HEIGHT="27" WC="0.96" CONTENT="gjort,"/><SP WIDTH="17" VPOS="1468" HPOS="700"/>
							<String ID="string_445" HPOS="717" VPOS="1469" WIDTH="32" HEIGHT="20" WC="0.96" CONTENT="att"/><SP WIDTH="14" VPOS="1469" HPOS="749"/>
							<String ID="string_446" HPOS="763" VPOS="1468" WIDTH="48" HEIGHT="21" WC="0.96" CONTENT="icke"/><SP WIDTH="16" VPOS="1468" HPOS="811"/>
							<String ID="string_447" HPOS="827" VPOS="1467" WIDTH="39" HEIGHT="21" WC="0.93" CONTENT="det"/><SP WIDTH="11" VPOS="1467" HPOS="866"/>
							<String ID="string_448" HPOS="877" VPOS="1467" WIDTH="52" HEIGHT="27" WC="0.92" CONTENT="hög-"/>
						</TextLine>
						<TextLine ID="line_46" HPOS="103" VPOS="1495" WIDTH="827" HEIGHT="29">
							<String ID="string_449" HPOS="103" VPOS="1496" WIDTH="74" HEIGHT="28" WC="0.88" CONTENT="lofliga"/><SP WIDTH="18" VPOS="1496" HPOS="177"/>
							<String ID="string_450" HPOS="195" VPOS="1496" WIDTH="88" HEIGHT="22" WC="0.96" CONTENT="ståndet"/><SP WIDTH="14" VPOS="1496" HPOS="283"/>
							<String ID="string_451" HPOS="297" VPOS="1502" WIDTH="77" HEIGHT="22" WC="0.96" CONTENT="genom"/><SP WIDTH="15" VPOS="1502" HPOS="374"/>
							<String ID="string_452" HPOS="389" VPOS="1497" WIDTH="32" HEIGHT="20" WC="0.96" CONTENT="ett"/><SP WIDTH="15" VPOS="1497" HPOS="421"/>
							<String ID="string_453" HPOS="436" VPOS="1496" WIDTH="114" HEIGHT="21" WC="0.96" CONTENT="uttalande"/><SP WIDTH="13" VPOS="1496" HPOS="550"/>
							<String ID="string_454" HPOS="563" VPOS="1495" WIDTH="48" HEIGHT="23" WC="0.96" CONTENT="från"/><SP WIDTH="15" VPOS="1495" HPOS="611"/>
							<String ID="string_455" HPOS="626" VPOS="1497" WIDTH="49" HEIGHT="21" WC="0.97" CONTENT="dess"/><SP WIDTH="16" VPOS="1497" HPOS="675"/>
							<String ID="string_456" HPOS="691" VPOS="1496" WIDTH="48" HEIGHT="22" WC="0.97" CONTENT="sida"/><SP WIDTH="14" VPOS="1496" HPOS="739"/>
							<String ID="string_457" HPOS="753" VPOS="1496" WIDTH="70" HEIGHT="22" WC="0.96" CONTENT="skulle"/><SP WIDTH="15" VPOS="1496" HPOS="823"/>
							<String ID="string_458" HPOS="838" VPOS="1495" WIDTH="92" HEIGHT="21" WC="0.96" CONTENT="likasom"/>
						</TextLine>
						<TextLine ID="line_47" HPOS="103" VPOS="1524" WIDTH="828" HEIGHT="28">
							<String ID="string_459" HPOS="103" VPOS="1525" WIDTH="102" HEIGHT="27" WC="0.90" CONTENT="påtvinga"/><SP WIDTH="15" VPOS="1525" HPOS="205"/>
							<String ID="string_460" HPOS="220" VPOS="1525" WIDTH="86" HEIGHT="21" WC="0.93" CONTENT="skolans"/><SP WIDTH="16" VPOS="1525" HPOS="306"/>
							<String ID="string_461" HPOS="322" VPOS="1524" WIDTH="91" HEIGHT="27" WC="0.90" CONTENT="stiftare,"/><SP WIDTH="16" VPOS="1524" HPOS="413"/>
							<String ID="string_462" HPOS="429" VPOS="1524" WIDTH="7" HEIGHT="21" WC="0.96" CONTENT="i"/><SP WIDTH="14" VPOS="1524" HPOS="436"/>
							<String ID="string_463" HPOS="450" VPOS="1524" WIDTH="88" HEIGHT="22" WC="0.96" CONTENT="hvilken"/><SP WIDTH="14" VPOS="1524" HPOS="538"/>
							<String ID="string_464" HPOS="552" VPOS="1524" WIDTH="55" HEIGHT="22" WC="0.96" CONTENT="form"/><SP WIDTH="11" VPOS="1524" HPOS="607"/>
							<String ID="string_465" HPOS="618" VPOS="1526" WIDTH="69" HEIGHT="20" WC="0.96" CONTENT="denna"/><SP WIDTH="10" VPOS="1526" HPOS="687"/>
							<String ID="string_466" HPOS="697" VPOS="1524" WIDTH="67" HEIGHT="22" WC="0.93" CONTENT="borde"/><SP WIDTH="10" VPOS="1524" HPOS="764"/>
							<String ID="string_467" HPOS="774" VPOS="1524" WIDTH="157" HEIGHT="27" WC="0.90" CONTENT="understödjas"/>
						</TextLine>
						<TextLine ID="line_48" HPOS="103" VPOS="1552" WIDTH="827" HEIGHT="30">
							<String ID="string_468" HPOS="103" VPOS="1552" WIDTH="48" HEIGHT="23" WC="0.96" CONTENT="från"/><SP WIDTH="15" VPOS="1552" HPOS="151"/>
							<String ID="string_469" HPOS="166" VPOS="1556" WIDTH="83" HEIGHT="20" WC="0.96" CONTENT="statens"/><SP WIDTH="16" VPOS="1556" HPOS="249"/>
							<String ID="string_470" HPOS="265" VPOS="1554" WIDTH="54" HEIGHT="27" WC="0.93" CONTENT="sida,"/><SP WIDTH="16" VPOS="1554" HPOS="319"/>
							<String ID="string_471" HPOS="335" VPOS="1554" WIDTH="20" HEIGHT="21" WC="0.91" CONTENT="d."/><SP WIDTH="12" VPOS="1554" HPOS="355"/>
							<String ID="string_472" HPOS="367" VPOS="1555" WIDTH="20" HEIGHT="21" WC="0.90" CONTENT="ä."/><SP WIDTH="15" VPOS="1555" HPOS="387"/>
							<String ID="string_473" HPOS="402" VPOS="1553" WIDTH="104" HEIGHT="28" WC="0.96" CONTENT="antingen"/><SP WIDTH="14" VPOS="1553" HPOS="506"/>
							<String ID="string_474" HPOS="520" VPOS="1553" WIDTH="57" HEIGHT="22" WC="0.93" CONTENT="blott"/><SP WIDTH="14" VPOS="1553" HPOS="577"/>
							<String ID="string_475" HPOS="591" VPOS="1554" WIDTH="152" HEIGHT="28" WC="0.91" CONTENT="understödjas"/><SP WIDTH="15" VPOS="1554" HPOS="743"/>
							<String ID="string_476" HPOS="758" VPOS="1553" WIDTH="53" HEIGHT="23" WC="0.96" CONTENT="eller"/><SP WIDTH="14" VPOS="1553" HPOS="811"/>
							<String ID="string_477" HPOS="825" VPOS="1552" WIDTH="48" HEIGHT="22" WC="0.96" CONTENT="helt"/><SP WIDTH="15" VPOS="1552" HPOS="873"/>
							<String ID="string_478" HPOS="888" VPOS="1553" WIDTH="42" HEIGHT="22" WC="0.96" CONTENT="och"/>
						</TextLine>
					</TextBlock>
				</ComposedBlock>
				<ComposedBlock ID="cblock_2" HPOS="838" VPOS="1596" WIDTH="22" HEIGHT="16">
					<TextBlock ID="block_4" HPOS="838" VPOS="1596" WIDTH="22" HEIGHT="16">
						<TextLine ID="line_49" HPOS="838" VPOS="1596" WIDTH="22" HEIGHT="16">
							<String ID="string_479" HPOS="838" VPOS="1596" WIDTH="22" HEIGHT="16" WC="0.61" CONTENT="27"/>
						</TextLine>
					</TextBlock>
				</ComposedBlock>
			</PrintSpace>
		</Page>
	</Layout>
</alto>
