1109 1739
197 124 42 21 230
461 127 40 18 Den
521 126 24 19 16
561 127 88 18 Oktober.

167 189 38 22 tén
231 189 99 22 uttalats.
361 189 159 22 Sammansatta
544 190 57 28 Lag-
624 190 41 22 och
687 189 216 23 Ekonomiutskottet
926 190 70 27 yttrar

169 217 66 23 också
253 219 33 20 att
305 225 27 15 en
351 219 124 22 omedelbar
489 219 119 28 öfvergång
621 219 49 22 från
685 219 104 22 sakernas
805 218 132 22 närvarande
952 218 42 21 till-

169 247 64 22 stånd
255 249 60 26 synts
337 254 52 15 vara
411 248 96 21 hvarken
526 249 71 26 rådlig
616 249 53 21 eller
688 255 37 15 ens
740 247 81 28 möjlig.
846 248 45 26 Då,
906 247 29 28 på
950 249 45 19 sätt

165 276 38 27 jag
217 275 47 22 haft
279 278 51 19 äran
345 276 118 27 framhålla,
479 277 25 22 så
520 277 59 22 olika
593 277 83 27 åsigter
689 277 46 22 dels
750 277 36 22 vid
803 278 53 20 1867
873 277 35 21 års
923 275 71 22 landt-

168 305 49 27 dag,
233 305 47 21 dels
295 305 8 21 i
318 305 27 22 de
359 305 193 28 petitionsförslag,
569 312 47 16 som
631 305 70 23 blifvit
715 305 122 22 inlemnade
846 305 36 22 vid
894 306 54 21 1872
959 305 35 21 års

166 333 111 28 landtdag,
296 334 90 22 uttalats
405 335 112 27 angående
533 336 68 21 sättet
616 335 33 22 för
663 335 176 27 presterskapets
855 334 98 27 aflöning,
970 333 25 22 så

167 367 38 17 var
221 362 37 22 det
272 363 104 27 naturligt
391 365 33 20 att
433 363 83 22 hvilket
531 363 117 28 lagförslag
662 370 46 15 som
718 363 64 27 helst,
794 369 47 16 som
851 363 69 21 skulle
930 361 65 23 blifva

169 391 23 22 af
207 391 60 22 Hans
286 391 103 28 Majestät
405 392 123 27 framlagdt,
552 393 48 21 icke
623 393 72 22 kunde
711 391 159 23 tillfredsställa
885 392 42 21 alla
942 391 52 22 eller

167 420 127 27 godkännas
310 421 22 21 af
345 421 48 21 dem
407 427 46 15 som
467 423 86 25 strängt
571 422 58 21 hålla
647 421 29 27 på
692 423 33 19 att
741 421 27 21 de
782 421 114 27 principer,
912 427 46 15 som
974 419 22 22 af

168 449 48 21 dem
235 448 76 28 hyllas,
334 456 49 15 men
401 450 73 21 hvilka
487 450 19 27 ej
525 450 58 27 lagts
599 450 32 21 till
647 450 69 27 grund
731 449 34 22 för
779 450 142 26 regleringen,
936 449 58 21 hade

167 478 50 21 bort
237 477 63 28 följas
321 478 8 21 i
348 478 146 28 lagförslaget.
525 479 43 21 För
585 479 44 21 min
645 479 35 21 del
695 479 43 21 kan
751 478 38 28 jag
804 478 48 22 icke
867 478 85 22 biträda
967 478 27 22 de

167 506 80 22 talares
269 506 62 28 åsigt,
351 508 73 21 hvilka
438 508 51 27 vilja
504 507 98 22 förkasta
616 508 50 21 hela
680 507 105 27 förslaget
800 506 84 22 derföre
904 508 32 20 att
952 507 41 21 den

166 535 89 27 princip,
276 541 47 17 som
338 536 49 22 utaf
408 536 49 22 dem
477 536 117 27 omfattats,
617 536 48 22 icke
681 536 68 22 blifvit
764 536 51 27 lagd
830 536 33 21 till
878 536 68 26 grund
960 536 34 21 för

166 564 164 27 ifrågavarande
344 565 87 27 förslag.
454 566 33 21 De
503 566 144 26 olägenheter,
659 571 47 16 som
721 565 88 22 vidlåda
818 565 175 27 presterskapets

166 593 99 27 aflöning,
281 596 38 19 äro
333 594 25 22 så
371 594 72 22 kända
454 594 40 22 och
510 595 101 26 erkända,
627 596 34 20 att
677 594 37 22 det
729 596 25 19 är
773 594 65 27 högst
853 594 93 26 önskligt
961 595 33 19 att

166 622 55 22 söka
236 622 130 22 åtminstone
381 623 8 21 i
403 623 72 27 någon
490 624 35 21 del
540 623 135 27 undanrödja
690 623 117 26 desamma,
819 622 41 22 och
870 623 43 21 min
924 622 69 22 öfver-

166 651 83 27 tygelse
265 653 24 19 är
302 653 33 20 att
347 658 76 21 genom
435 652 60 22 detta
510 652 117 28 lagförslag
643 652 132 22 åtminstone
790 651 52 22 flere
856 651 137 27 olägenheter

167 680 40 21 och
218 680 202 22 missförhållanden
431 681 71 22 skulle
512 682 73 20 kunna
600 681 153 28 undanrödjas.
774 680 42 27 Jag
826 680 43 22 kan
884 680 48 22 icke
947 680 45 22 hel-

166 708 32 22 ler
213 708 86 22 biträda
314 710 27 21 de
351 710 80 21 talares
443 710 62 27 åsigt,
522 716 48 16 som
584 710 29 27 på
624 710 41 21 den
677 710 76 27 grund,
765 711 34 19 att
808 709 103 27 förslaget
920 709 73 21 kunde

165 737 87 22 komma
275 739 32 20 att
328 738 7 22 i
357 739 163 26 presteståndet
538 738 57 28 falla,
616 740 72 20 ansett
713 740 34 20 att
771 738 159 27 Ridderskapet
952 738 41 21 och

167 766 69 22 Adeln
250 766 49 22 icke
321 767 68 22 borde
411 768 50 26 ingå
476 768 7 21 i
497 767 102 28 pröfring
618 767 65 22 deraf.
713 768 104 21 Tvertom
832 773 63 15 anser
908 767 37 27 jag
960 768 33 20 att

166 801 35 15 om
220 795 113 27 lösningen
353 796 23 22 af
395 796 72 28 någon
484 796 61 27 fråga
564 797 65 21 beror
643 796 23 22 af
679 798 33 20 ett
726 796 56 22 visst
797 796 70 25 stånd,
883 796 67 21 borde
966 795 27 22 de

166 823 69 28 öfriga
253 824 92 22 stånden
360 831 52 15 vara
426 824 152 23 oförhindrade
598 827 33 19 att
650 825 70 21 uttala
735 825 35 21 sin
786 824 62 28 åsigt,
864 824 29 27 på
908 824 37 22 det
960 826 34 20 att

166 852 38 22 det
219 853 71 27 stånd,
307 860 46 15 som
367 853 75 28 frågan
464 856 98 20 närmast
583 855 42 25 rör,
641 854 72 22 kunde
729 853 71 23 erfara
818 853 84 21 landets
916 859 76 21 genom

166 882 50 21 dess
237 881 69 28 öfriga
323 884 174 26 representanter
512 883 111 27 uttryckta
637 883 90 21 önskan.
758 882 42 27 Jag
814 882 33 21 får
862 882 83 22 derföre
960 882 33 21 för

165 910 44 22 min
225 910 34 22 del
277 911 113 27 tillstyrka,
406 913 33 20 att
460 912 161 27 Ridderskapet
641 912 41 21 och
697 911 72 22 Adeln
783 911 50 21 ville
851 912 51 26 taga
917 910 37 22 det
963 917 29 15 nu

165 939 163 27 ifrågavarande
343 940 140 27 lagförslaget
497 940 40 22 och
553 941 120 21 utskottets
686 940 139 21 betänkande
843 940 33 20 till
887 939 105 27 pröfning.

166 967 41 22 Om
221 968 35 21 vid
272 969 159 26 granskningen
453 969 24 21 af
497 969 27 22 de
540 969 107 22 särskilda
664 968 155 28 paragraferna
832 967 160 28 Ridderskapet

166 997 40 21 och
217 996 70 22 Adeln
298 997 69 22 skulle
382 997 58 22 finna
454 998 76 27 nödigt
546 999 33 20 att
593 998 86 21 besluta
690 998 33 21 till
734 997 83 22 sådana
827 997 121 27 ändringar,
960 998 32 20 att

164 1025 8 21 i
194 1025 53 28 följd
271 1025 62 22 deraf
353 1027 90 21 ärendet
461 1027 68 22 borde
544 1027 33 21 till
591 1027 109 21 utskottet
714 1026 93 21 tillbaka
822 1025 122 22 remitteras
959 1025 33 22 för

164 1053 116 28 förslagets
296 1055 153 22 omarbetande
463 1055 8 22 i
486 1055 66 22 dessa
567 1055 64 27 delar,
647 1055 43 22 kan
705 1055 38 22 det
755 1055 26 27 ju
796 1055 27 21 då
834 1055 38 21 ske
884 1054 54 22 efter
948 1054 44 22 slu-

164 1083 39 21 tad
218 1083 138 28 granskning.

233 1111 58 22 Herr
310 1112 23 22 af
349 1113 153 26 Forselles,
519 1113 65 21 Emil:
600 1113 86 22 Tvenne
702 1113 67 21 ärade
784 1112 68 21 talare
867 1111 63 22 hafva
945 1111 47 22 hål-

165 1140 26 21 lit
205 1139 53 28 före,
275 1142 34 20 att
321 1141 52 22 fulla
384 1141 47 22 skäl
441 1141 95 28 förelåge
552 1142 32 21 till
597 1143 32 20 ett
644 1141 124 28 antagande
784 1140 62 22 deraf
859 1142 33 19 att
907 1147 26 15 en
943 1146 48 21 reg-

164 1169 71 28 lering
254 1169 23 22 af
294 1170 175 27 presterskapets
489 1170 93 27 aflöning
596 1171 48 21 icke
659 1170 43 21 kan
717 1170 37 21 stå
770 1171 32 20 att
817 1169 63 22 vinna
894 1169 98 27 grundad

165 1198 29 27 på
214 1199 41 21 den
275 1199 90 26 princip,
384 1199 87 22 hvilken
488 1199 49 22 icke
557 1199 77 22 endast
654 1199 23 21 af
693 1199 117 26 utskottet,
826 1200 52 19 utan
893 1197 62 22 äfven
971 1197 23 22 af

165 1227 43 21 alla
223 1227 26 22 de
265 1228 65 21 ärade
344 1227 75 28 talare,
440 1234 46 15 som
504 1228 39 21 här
561 1228 109 27 uppträdt,
687 1227 140 27 enstämmigt
842 1228 83 20 ansetts
940 1233 52 15 vara

166 1255 42 22 den
223 1256 56 21 enda
293 1256 86 27 riktiga,
394 1257 106 27 nemligen
517 1257 41 22 den
569 1259 32 19 att
613 1256 164 27 ifrågavarande
788 1255 92 28 aflöning
890 1256 39 21 bör
940 1255 52 27 utgå

166 1284 55 21 efter
242 1285 109 26 personell
373 1286 74 26 grund,
471 1286 47 21 icke
542 1285 55 22 efter
613 1285 87 22 mantal.
731 1285 43 26 Jag
793 1285 43 20 kan
851 1284 33 21 för
898 1284 43 21 min
956 1284 35 21 del

166 1313 98 27 omöjligt
287 1314 49 21 dela
357 1321 27 15 en
403 1315 26 21 så
446 1315 91 27 hopplös
558 1314 125 27 åskådning,
699 1316 55 19 utan
777 1315 24 20 är
817 1313 124 27 öfvertygad
956 1319 36 15 om

165 1343 34 20 att
219 1347 26 16 en
261 1342 25 21 så
301 1343 46 21 klar
363 1343 40 22 och
418 1344 55 21 sund
491 1343 89 28 princip,
597 1349 46 16 som
658 1343 41 21 den
713 1342 102 26 nämnda,
830 1341 45 22 förr
890 1342 52 21 eller
957 1347 33 16 se-

165 1377 52 14 nare
232 1371 159 27 otvifvelaktigt
405 1372 55 21 skall
475 1372 64 21 vinna
557 1374 88 25 terräng
660 1371 60 22 äfven
736 1371 31 27 på
782 1371 27 21 de
823 1370 50 27 håll,
890 1371 37 21 der
942 1377 49 14 man

164 1405 31 15 nu
209 1401 83 20 motser
307 1401 32 20 ett
354 1400 24 21 så
393 1399 44 23 fast
451 1401 116 21 motstånd.
593 1401 38 20 Att
646 1407 35 20 nu,
697 1400 76 22 såsom
788 1405 49 16 man
853 1401 54 25 sagt,
923 1399 67 21 hellre

164 1429 52 26 taga
230 1428 74 27 något,
321 1429 27 21 då
362 1435 49 15 man
426 1429 47 22 icke
487 1429 43 22 kan
545 1429 22 22 få
582 1429 44 26 allt,
643 1429 69 22 skulle
728 1428 69 27 enligt
811 1428 43 21 min
864 1428 65 21 tanke
939 1434 52 15 vara

165 1458 34 19 att
221 1457 32 21 till
276 1463 27 15 en
321 1457 94 27 aflägsen
435 1457 87 22 framtid
537 1458 118 27 uppskjuta
670 1458 41 21 den
727 1457 57 21 enda
798 1457 80 26 riktiga
892 1457 40 20 och
947 1455 43 22 för-

165 1484 84 28 nuftiga
267 1485 113 28 lösningen
398 1486 23 22 af
438 1487 70 21 denna
522 1486 66 28 fråga,
605 1486 40 22 och
657 1486 38 28 jag
710 1488 25 19 är
750 1485 84 22 derföre
850 1484 32 22 för
896 1485 43 21 min
956 1484 34 22 del

164 1514 101 21 besluten
285 1516 33 20 att
335 1515 69 21 denna
424 1515 57 27 gång
498 1515 69 22 hellre
582 1517 51 25 taga
647 1515 55 22 intet
717 1517 29 19 än
761 1516 33 19 att
808 1514 56 21 inslå
878 1514 28 26 på
922 1514 69 21 denna

165 1544 48 25 väg.
233 1543 43 27 Jag
287 1543 130 23 återhemtar
432 1544 49 22 mitt
495 1545 136 22 vördsamma
645 1544 96 29 yrkande
757 1544 33 22 att
801 1543 41 23 den
852 1542 78 28 nådiga
940 1548 50 23 pro-

164 1571 124 29 positionen
303 1572 34 23 må
351 1573 67 23 varda
433 1572 117 24 förkastad.
