1109 1739
409 130 40 17 Den
467 127 26 19 18
510 129 87 18 Oktober.
850 126 40 20 249

90 191 54 22 efter
167 193 67 21 orden
259 191 163 27 ,boningsrum"
440 191 73 22 kunde
535 190 67 23 blifva
625 191 71 26 tillagt
718 191 63 21 ordet
798 208 8 9 ,
810 191 109 22 bränsle".

90 221 43 21 Det
151 221 44 21 kan
214 220 126 27 visserligen
356 227 63 15 anses
436 221 73 20 såsom
524 220 71 21 skulle
611 220 32 21 uti
657 219 147 22 inkomsterne
819 220 47 22 från
880 220 39 21 bo-

90 250 41 26 len,
147 250 74 21 hvilka
242 249 53 22 böra
315 249 135 27 uppskattas,
466 249 52 26 ingå
541 249 62 21 äfven
620 248 93 27 bränsle,
729 255 49 14 men
793 248 34 22 för
842 249 77 28 tydlig-

90 278 77 22 hetens
191 278 56 22 skull
269 283 64 16 anser
353 278 37 27 jag
413 280 33 19 att
465 278 71 21 denna
554 277 34 22 för
603 279 33 20 ett
651 279 56 20 stort
722 277 86 22 hushåll
824 278 96 21 särdeles

90 307 82 28 vigtiga
188 307 40 22 och
244 307 92 26 dyrbara
351 307 78 21 artikel
444 307 68 21 borde
528 308 95 19 nämnas.

160 337 35 20 Då
207 336 63 26 ingen
287 341 69 16 annan
371 335 23 22 af
407 336 99 21 ståndets
522 335 139 22 medlemmar
671 335 73 21 vidare
755 335 97 22 önskade
862 336 58 26 yttra

92 365 32 27 sig
143 365 41 21 och
202 365 49 21 herr
271 364 84 22 Taubes
375 364 82 27 förslag
476 364 85 21 således
577 364 48 21 icke
640 363 70 22 blifvit
725 363 135 26 understödt,
876 363 46 22 blef

91 393 11 28 $
123 395 12 20 4
155 393 24 22 af
195 393 86 21 ståndet
295 393 29 27 på
345 393 50 22 herr
410 393 221 22 Landtmarskalkens
646 392 158 28 framställning
819 393 101 27 godkänd

92 422 136 22 oförändrad.

163 451 56 21 Utan
236 450 122 22 diskussion
374 450 127 28 godkändes
513 446 10 37 &
545 452 18 20 5.

161 480 35 20 Då
211 478 93 22 derefter
319 479 12 27 &
347 482 12 18 6
375 480 32 20 till
423 479 125 21 diskussion
565 478 118 28 föredrogs,
699 479 86 27 yttrade

161 508 99 21 Friherre
275 508 89 27 Boije:
380 508 51 22 Med
447 508 116 27 anledning
582 508 23 21 af
619 508 26 22 de
661 508 81 26 åsigter
754 508 38 28 jag
807 508 36 22 vid
858 514 62 16 sena-

93 538 34 20 ste
146 537 93 27 plenum,
261 536 28 22 då
307 537 41 21 den
368 537 107 21 allmänna
491 537 152 21 diskussionen
658 537 7 21 i
680 536 147 28 föreliggande
842 536 78 28 lagför-

94 566 46 26 slag
154 566 91 26 förevar,
261 566 56 20 hade
333 568 51 19 äran
400 566 75 26 uttala,
491 566 40 22 ber
543 566 39 27 jag
596 566 33 21 för
644 566 43 20 min
703 566 34 21 del
757 565 22 22 få
793 566 81 22 föreslå
889 566 33 20 att

94 594 10 28 8
121 596 11 20 6
148 594 49 22 utaf
210 594 147 22 betänkandet
372 595 40 21 blir
427 595 33 21 till
479 596 157 20 sammansatta
653 594 56 27 Lag-
725 595 40 21 och
780 594 141 22 Ekonomiut-

94 624 84 20 skottet
199 624 180 26 återremitterad,
401 624 34 21 för
457 625 34 20 att
508 624 145 26 omredigeras
671 623 7 21 i
697 624 36 21 det
753 623 62 28 syfte,
832 625 33 19 att
880 623 41 21 den

93 652 164 27 presterskapet
271 658 29 15 nu
315 652 160 22 tillkommande
492 653 84 21 tertial-
592 652 52 22 eller
659 652 178 27 tiondespanmäl,
849 651 72 23 äfven-

94 687 46 15 som
156 681 42 21 den
214 681 32 21 till
261 681 111 27 kaplaner,
388 681 142 27 predikanter
545 681 40 22 och
601 681 197 27 sockneadjunkter
814 680 108 28 utgäende

95 710 231 27 spanmälsaflöningen
341 710 69 22 blefve
426 710 7 21 i
448 710 76 28 hvarje
538 710 125 27 församling
674 710 67 28 jemte
752 710 69 27 öfriga
830 710 33 21 till
873 716 49 20 pre-

95 739 135 27 sterskapets
247 738 92 28 aflöning
353 739 97 21 hörande
463 739 114 27 persedlar
591 739 8 21 i
613 740 119 26 penningar
742 739 112 26 värderad,
866 739 56 21 samt

95 767 175 28 presterskapets
286 768 60 21 löner
361 768 96 22 härefter
472 768 133 22 bestämmas
621 768 40 21 och
671 768 53 27 utgå
738 768 7 21 i
761 767 113 23 enahanda
884 767 38 21 be-

95 796 57 27 lopp,
177 796 40 22 och
237 796 68 22 borde
323 796 124 22 sedermera
465 797 73 21 denna
555 797 93 27 aflöning
668 797 53 27 utgå
736 797 39 21 och
790 797 110 27 uppbäras
915 796 7 21 i

96 825 68 21 likhet
179 826 49 21 med
244 824 68 28 öfriga
326 826 137 21 kommunala
478 826 114 27 utskylder
607 825 54 22 efter
676 826 117 21 skattören.

165 854 99 22 Friherre
283 854 102 26 Wrede,
404 855 96 27 August:
525 854 128 22 Oberoende
671 854 62 22 deraf
750 856 33 20 att
795 855 38 27 jag
848 853 74 23 fortfa-

95 883 67 21 rande
185 882 70 22 skulle
278 883 69 21 önska
366 885 33 19 att
413 883 184 27 prestaflöningen
612 883 70 22 blefve
697 883 67 28 lyftad
778 883 47 22 från
838 883 84 27 jorden,

96 912 40 21 och
152 912 33 20 att
196 912 38 26 jag
249 912 63 21 alltså
326 912 97 22 kommer
438 914 33 20 att
485 914 63 20 rösta
562 912 33 22 för
611 912 37 22 det
660 912 81 27 förslag
756 912 90 22 friherre
861 911 62 27 Boije

96 946 29 15 nu
146 940 122 26 framställt,
291 940 40 21 har
349 941 38 27 jag
406 941 35 22 vid
460 941 115 26 läsningen
591 940 22 22 af
627 940 22 28 $$
665 943 12 19 6
694 941 40 22 och
751 942 12 20 7
777 941 48 21 icke
840 941 84 20 kunnat

96 969 86 21 komma
197 969 32 21 till
244 969 67 27 något
325 972 66 19 annat
406 970 99 27 resultat,
523 971 28 20 än
566 971 33 20 att
615 969 62 22 äfven
692 970 35 21 vid
743 969 36 22 det
789 969 133 22 förhållande

97 999 33 20 att
149 999 33 20 ett
199 997 131 22 fremmande
349 998 97 27 kristligt
465 998 154 22 trossamhälle
635 999 52 22 eller
702 997 168 29 kyrkosamfund
884 997 39 22 fin-

96 1032 38 16 nes
158 1026 30 27 på
210 1033 27 15 en
255 1028 34 20 ort
307 1027 90 26 bildadt,
414 1027 41 22 den
471 1027 57 22 ifrån
540 1027 78 28 jorden
633 1027 108 28 utgående
757 1027 121 26 aflöningen
893 1026 32 21 till

96 1055 164 28 presterskapet
281 1056 67 26 enligt
366 1056 96 27 lydelsen
482 1056 6 21 i
510 1056 65 22 dessa
592 1056 125 27 paragrafer
731 1056 97 22 kommer
843 1057 33 20 att
890 1056 34 20 ut-

97 1085 64 26 göras
177 1084 32 21 till
229 1085 164 26 presterskapet
412 1085 7 21 i
439 1085 40 21 den
497 1085 140 27 evangeliska
651 1085 158 27 församlingen,
825 1086 53 20 utan
894 1083 30 22 af-

97 1113 80 22 seende
201 1113 71 27 derpå,
296 1119 35 16 om
350 1114 78 27 jorden
451 1120 52 21 eges
527 1113 23 23 af
567 1120 27 15 en
613 1114 92 21 medlem
720 1114 128 21 tillhörande
864 1113 62 22 detta

97 1141 100 22 samfund
219 1142 53 21 eller
295 1142 25 27 ej.
351 1143 33 20 En
407 1143 52 21 ärad
477 1143 78 26 talare,
572 1149 47 16 som
632 1142 47 22 haft
696 1143 121 26 befattning
832 1141 50 22 med
898 1141 26 22 de

96 1170 157 22 förberedande
276 1170 129 27 åtgärderna
419 1171 8 22 i
443 1171 75 27 saken,
542 1172 40 21 har
603 1172 36 21 väl
658 1172 88 27 upplyst
765 1173 32 20 att
815 1177 27 16 en
857 1170 68 22 sådan

97 1199 98 27 tolkning
216 1199 47 22 utaf
283 1199 64 22 dessa
365 1200 124 27 paragrafer
506 1201 49 21 icke
571 1201 130 21 åtminstone
717 1203 23 19 är
755 1199 113 27 ovilkorlig
884 1199 40 21 och

97 1227 123 27 framhållit,
241 1228 116 22 huruledes
379 1229 37 21 det
435 1235 52 16 vore
503 1229 114 27 olämpligt
631 1231 33 20 att
679 1229 7 21 i
701 1229 61 22 detta
776 1228 148 26 författnings-

97 1256 86 28 förslag,
205 1263 46 15 som
271 1257 89 22 handlar
376 1264 34 15 om
427 1258 37 21 det
479 1258 141 27 evangeliska
635 1258 173 27 presterskapets
824 1256 100 27 aflöning,

97 1285 69 22 införa
188 1285 71 28 någon
281 1285 136 28 bestämning
439 1287 33 21 till
493 1286 85 22 förmån
597 1287 33 21 för
643 1287 137 21 medlemmar
795 1285 130 23 tillhörande

98 1321 26 14 en
140 1313 241 29 dissenterförsamling,
397 1315 41 22 och
453 1315 73 22 tillika
536 1315 112 28 föreslagit
658 1317 32 20 att
700 1315 7 22 i
719 1315 36 22 det
765 1315 32 22 till
808 1315 118 22 ständerna

99 1342 158 23 öfverlemnade
281 1343 250 28 dissenterlagförslaget
552 1344 73 22 kunde
647 1345 84 26 intagas
754 1346 31 20 ett
805 1343 121 27 stadgande

98 1372 74 21 derom
188 1373 33 20 att
235 1372 73 27 hvarje
323 1373 92 21 medlem
435 1372 22 22 af
474 1373 240 27 dissenterförsamling,
731 1373 66 22 sedan
812 1373 44 21 han
870 1371 56 22 visat

98 1400 33 27 sig
154 1400 87 22 tillhöra
261 1402 31 20 ett
308 1401 66 21 skildt
392 1401 178 28 kyrkosamfund,
587 1402 69 21 blefve
670 1402 83 21 befriad
767 1401 48 22 från
831 1400 94 28 skyldig-

97 1429 65 21 heten
179 1431 32 19 att
225 1429 90 27 bidraga
330 1430 33 21 till
379 1430 41 21 den
436 1431 141 26 evangeliska
587 1432 98 25 prestens
697 1430 98 27 aflöning,
807 1436 49 15 men
866 1430 60 20 utom

98 1457 38 21 det
155 1459 32 19 att
207 1459 32 19 ett
259 1458 78 22 sådant
359 1459 120 27 stadgande
495 1459 50 21 icke
561 1459 142 21 förekommer
717 1459 8 21 i
740 1457 186 27 dissenterlagför-

98 1486 70 26 slaget
183 1486 41 21 och
239 1488 33 20 att
287 1488 32 20 ett
334 1486 112 22 införande
461 1487 23 22 af
498 1489 35 20 ett
548 1488 78 21 sådant
641 1488 120 27 stadgande
777 1488 38 21 der
829 1492 52 17 vore
895 1487 32 20 ett

98 1514 101 27 dråpslag
221 1514 33 22 för
273 1515 50 21 hela
343 1515 60 22 detta
421 1515 88 28 förslag,
532 1516 25 22 så
574 1516 75 28 tycker
664 1517 37 27 jag
717 1517 33 20 att
765 1516 36 22 det
815 1516 41 21 här
870 1514 57 22 hade

98 1543 32 21 sin
145 1545 59 19 rätta
223 1544 56 26 plats
299 1544 40 22 och
355 1546 34 20 att
403 1544 40 22 här
458 1545 69 22 borde
543 1545 78 27 tydligt
636 1546 87 26 uttalas,
740 1547 32 19 att
787 1545 42 22 den
844 1543 83 23 tertial-
