1109 1739
215 139 40 20 334
515 142 39 17 Den
571 140 26 19 20
614 141 87 19 Oktober.

185 203 36 21 vill
240 203 29 27 på
287 210 25 15 en
333 204 56 27 gång
403 205 50 28 höja
467 205 64 27 legan
547 205 33 22 till
595 205 70 28 någon
681 206 70 21 större
766 205 59 27 grad,
842 203 44 23 förr
901 206 27 20 än
944 205 70 21 entre-

184 233 182 27 prenadskjutsen
382 234 123 27 derigenom
520 234 84 27 införts,
621 235 64 21 dessa
700 234 47 22 skäl
762 234 39 21 har
816 240 49 15 man
875 233 83 22 hemtat
968 233 46 22 dels

184 261 47 21 från
247 261 148 23 erfarenheten
409 263 7 21 i
431 265 49 25 eget
494 263 57 26 land,
568 264 46 21 dels
630 263 47 22 från
692 263 149 22 erfarenheten
856 263 7 20 i
874 262 97 27 Sverige;
988 263 26 21 de

184 289 63 22 hafva
261 290 69 22 blifvit
345 291 24 22 så
383 291 98 28 utförligt
496 292 121 27 framlagda
631 293 7 20 i
654 293 93 26 ståndet,
764 293 33 20 att
804 292 39 27 jag
853 291 48 22 icke
911 291 36 22 vill
957 291 57 22 åter-

185 321 95 25 upptaga
301 319 56 22 dem.
386 321 51 21 Man
457 321 40 22 har
511 323 68 26 yttrat
594 321 39 22 här
649 323 33 20 att
696 321 8 22 i
719 322 70 21 denna
803 321 62 27 fråga
879 320 135 22 Bondestån-

185 347 48 22 dets
248 348 73 22 beslut
335 349 67 22 borde
417 356 51 16 vara
483 353 53 18 nära
550 350 30 27 på
596 351 37 21 det
647 351 70 21 allena
733 349 106 28 gällande.
862 350 42 27 Jag
913 349 42 22 kan
967 349 47 21 icke

185 377 49 21 dela
249 377 71 22 denna
335 378 56 27 åsigt
406 379 40 21 och
461 379 126 28 isynnerhet
601 379 54 27 icke,
672 379 27 22 då
711 379 38 28 jag
765 379 55 21 talar
835 378 33 21 till
882 378 132 22 Ridderska-

185 407 37 25 pet
237 406 41 21 och
294 406 75 28 Adeln,
384 407 82 23 hvilket
482 408 64 21 stånd
561 410 50 19 näst
627 407 54 22 efter
695 407 165 23 Bondeståndet
875 409 24 20 är
910 407 36 22 det
956 407 57 21 inom

184 434 47 22 vårt
249 434 51 22 land
319 441 46 16 som
385 436 78 28 drager
483 437 40 21 den
539 438 83 21 största
638 437 63 21 delen
717 436 22 22 af
752 436 261 28 hållskjutsningstungan

185 463 40 21 och
249 470 46 15 som
317 464 62 22 äfven
399 465 39 21 bör
457 466 28 21 ha
504 465 144 23 erfarenhet
641 459 13 39 i
665 466 60 22 detta
744 465 131 21 hänseende.
905 465 50 21 Man
975 464 39 21 har

184 492 74 22 vidare
274 492 100 23 hänvisat
389 494 32 21 till
436 494 172 28 Ridderskapets
625 495 40 21 och
680 495 81 21 Adelns
771 494 8 21 i
789 494 131 27 förmiddags
930 493 83 22 fattade

184 521 72 21 beslut
276 523 33 20 att
325 522 29 27 på
369 522 125 28 inbjudning
510 523 22 22 af
546 526 33 19 ett
595 524 62 21 stånd
671 524 76 27 frångå
762 524 32 21 ett
808 522 59 22 förut
881 522 80 22 fattadt
976 522 36 21 be-

185 550 49 26 slut,
256 550 40 22 och
312 551 7 21 i
334 552 115 27 anledning
464 552 62 22 deraf
538 553 64 27 yrkat
616 552 35 28 på,
667 554 33 20 att
715 552 67 22 också
796 558 29 15 nu
841 552 87 21 ståndet
944 551 69 22 skulle

183 578 80 22 handla
285 580 29 26 på
333 586 80 16 samma
433 583 50 20 sätt.
514 582 67 21 Utom
599 581 105 27 åtskilligt
721 587 47 16 som
787 581 38 21 der
840 587 51 15 vore
906 582 33 20 att
954 582 58 25 säga,

183 608 35 21 vill
232 608 38 27 jag
285 608 112 23 framhålla
412 612 33 19 att
460 611 37 21 det
512 612 24 20 är
551 612 47 20 stor
613 610 85 22 skilnad
714 616 35 16 om
764 611 33 21 ett
811 610 65 21 stånd
890 610 7 21 i
908 616 26 15 en
945 609 67 21 sådan

183 636 66 28 fråga,
267 638 38 21 der
320 638 43 22 alla
378 639 75 21 stånds
469 640 161 26 samstämmiga
645 640 73 21 beslut
733 638 108 23 erfordras
856 638 33 22 för
904 640 33 20 att
948 638 65 22 blifva

183 665 42 27 lag,
241 666 76 22 tvekar
333 669 32 19 att
380 668 35 21 stå
429 670 85 20 ensamt
529 670 59 20 emot
602 668 42 22 alla
659 669 67 21 andra
741 668 70 26 stånd,
824 670 27 19 än
862 674 34 15 om
906 669 33 20 ett
949 667 64 22 stånd

184 695 31 20 uti
231 701 26 15 en
273 695 61 27 fråga
350 702 46 16 som
411 696 42 22 kan
469 697 85 27 afgöras
570 704 76 20 genom
662 699 33 19 tre
711 697 74 22 stånds
802 696 162 27 samstämmiga
975 696 37 22 be-

183 723 44 21 slut
242 724 37 21 vill
294 724 130 23 öfverlemna
439 726 23 21 åt
477 726 27 22 de
519 726 68 22 andra
602 726 93 22 stånden
710 728 39 24 att,
766 726 74 21 derest
855 726 26 21 de
896 728 38 19 äro
944 724 68 23 öfver-

183 752 79 28 tygade
281 755 32 19 att
333 754 36 21 det
385 760 40 16 ena
441 755 104 27 ståndets,
563 762 47 15 som
624 755 55 22 först
694 754 80 23 uttalat
789 754 33 28 sig
836 754 8 21 i
858 754 81 27 frågan,
956 754 57 26 åsigt

183 783 24 19 är
229 782 84 27 oriktig,
338 783 27 21 då
383 783 130 23 öfverlemna
528 784 24 22 åt
567 784 65 22 dessa
647 786 33 20 tre
695 784 66 22 stånd
776 784 32 21 att
825 783 50 22 med
894 784 40 21 den
952 784 60 26 magt

184 810 48 21 dem
253 811 135 27 tillkommer,
408 812 91 22 oaktadt
518 814 37 21 det
573 813 68 27 fjerde
657 813 88 22 ståndet
759 814 45 20 satt
819 812 33 28 sig
866 812 100 26 deremot,
982 811 30 22 af-

182 840 52 26 göra
249 839 80 28 frågan.

251 868 56 22 Herr
324 870 112 27 Palmén,
454 870 76 22 Ernst:
554 870 43 28 Jag
611 870 40 22 har
664 871 78 27 begärt
758 870 68 26 ordet,
842 869 34 23 för
890 871 32 20 att
937 869 75 22 förena

181 897 44 27 mig
239 898 50 21 med
305 898 27 22 de
347 898 129 28 föregående
490 900 75 26 talare,
582 906 46 15 som
643 900 63 27 yrkat
720 899 29 27 på
764 898 58 22 bifall
833 899 33 21 till
876 898 135 22 Bondestån-

183 926 47 21 dets
253 926 133 28 inbjudning,
403 928 40 21 och
467 928 102 22 särskildt
591 928 74 22 förena
682 929 43 26 mig
746 934 35 15 om
799 928 57 21 hvad
873 928 50 21 herr
938 928 73 20 Taube

182 956 73 25 yttrat,
277 957 33 19 att
328 956 56 21 huru
403 957 109 27 grundligt
527 959 27 20 än
571 957 69 22 denna
655 957 39 21 sak
709 957 40 21 har
764 957 66 26 tagits
846 957 7 20 i
868 956 143 22 betraktande

184 983 40 22 och
239 983 7 21 i
263 984 162 28 öfvervägande,
445 986 74 27 tyckes
540 986 37 21 det
594 992 51 15 vara
664 986 79 27 många
759 985 190 27 omständigheter,
965 991 47 15 som

182 1012 48 21 icke
250 1013 69 21 blifvit
337 1014 125 27 tillräckligt
481 1015 90 27 belysta,
591 1015 40 22 och
645 1014 106 22 särskildt
767 1014 41 21 den
824 1014 187 27 omständigheten

183 1047 46 15 som
244 1048 29 14 nu
289 1042 68 21 blifvit
372 1043 94 21 betonad
481 1045 33 20 att
530 1044 150 27 skjutsningen
695 1050 29 15 nu
740 1045 24 19 är
774 1043 68 27 något
851 1043 46 22 helt
907 1047 66 17 annat
984 1045 26 19 än

181 1069 50 22 förr.
255 1070 34 21 Nu
305 1071 39 21 har
359 1078 76 20 genom
451 1073 37 20 det
503 1073 78 26 beslut,
597 1079 46 15 som
659 1072 161 27 Ridderskapet
833 1072 40 21 och
889 1072 69 21 Adeln
973 1078 37 21 ny-

181 1098 57 27 ligen
253 1099 89 27 fattade,
359 1100 28 21 då
401 1103 154 20 sammansatta
566 1101 55 27 Lag-
637 1101 40 22 och
693 1101 226 22 Ekonomiutskottets
935 1101 75 21 betän-

181 1127 72 22 kande
275 1128 47 21 blef
341 1129 117 27 godkändt,
475 1137 25 14 en
522 1130 80 27 mängd
624 1136 41 21 nya
681 1130 40 21 och
741 1131 89 26 stränga
847 1129 164 22 bestämmelser

181 1155 72 22 blifvit
267 1159 103 25 antagna;
386 1157 69 22 farten
471 1159 39 21 har
525 1159 69 21 blifvit
609 1160 70 21 större
694 1161 27 19 än
736 1158 51 27 förr,
802 1159 71 21 lasten
887 1159 39 21 har
940 1157 70 22 blifvit

182 1186 70 21 större
271 1188 28 19 än
316 1186 51 27 förr,
386 1187 82 22 antalet
485 1187 82 28 gånger
582 1193 46 16 som
644 1194 27 15 en
685 1187 52 22 häst
752 1187 56 21 skall
823 1187 53 27 utgå
891 1193 34 16 om
941 1187 69 26 dagen

182 1215 76 26 större,
283 1216 32 20 ett
337 1215 77 22 besvär
434 1223 76 20 genom
529 1217 71 21 denna
619 1217 54 21 sista
690 1216 139 27 bestämning
844 1216 74 27 ålagdt
932 1216 78 27 jorden

183 1249 45 14 som
248 1250 49 15 man
313 1244 28 27 på
358 1245 118 28 1700-talet
490 1245 29 27 på
534 1246 27 21 de
576 1247 56 20 mest
647 1247 106 25 enträgna
767 1245 156 27 uppmaningar
937 1245 72 27 lycka-

182 1271 39 22 des
243 1271 22 22 få
288 1273 106 27 aflyftadt.
424 1274 43 21 Äro
488 1275 65 20 dessa
575 1274 162 27 bestämningar
755 1274 63 21 svåra
836 1274 7 21 i
862 1274 40 21 och
920 1273 33 22 för
970 1274 40 26 sig,

181 1300 96 22 kommer
297 1302 71 21 dertill
388 1304 33 19 att
439 1303 27 21 de
484 1309 77 21 genom
577 1303 46 21 sina
638 1303 117 21 minutiösa
771 1303 91 27 detaljer
876 1303 86 21 komma
978 1304 32 19 att

181 1329 30 20 bli
229 1329 7 21 i
254 1330 59 21 vissa
331 1330 36 22 fall
388 1337 26 15 en
434 1331 41 22 död
491 1331 92 22 bokstaf.
613 1331 44 22 Det
671 1333 25 20 är
710 1331 37 22 väl
761 1331 106 27 behöfligt
881 1331 35 22 vid
932 1331 78 22 sådant

181 1357 135 24 förhållande
331 1361 33 20 att
380 1359 41 22 den
435 1360 92 27 lindring
542 1360 67 27 gifves
627 1360 26 21 de
669 1360 239 28 skjutsningsskyldige,
924 1366 47 16 som
981 1367 29 14 nu

181 1388 24 19 är
224 1387 6 20 i
251 1387 62 27 fråga
332 1389 33 20 att
384 1388 62 27 gifva,
467 1395 26 16 en
512 1389 165 28 skjutspenning
696 1395 48 16 som
763 1389 66 27 något
843 1389 25 22 så
883 1391 39 19 när
936 1395 75 15 svarar

181 1417 58 20 emot
259 1417 220 27 skjutsningstungan.
510 1418 46 21 Här
577 1418 39 21 har
631 1418 68 22 blifvit
715 1417 72 27 sagdt,
803 1424 30 15 nu
849 1419 74 20 senast
938 1417 23 22 af
974 1417 36 22 fri-

179 1443 64 22 herre
258 1445 86 27 Wrede,
360 1445 81 28 Rabbe,
456 1447 39 21 och
507 1447 62 22 äfven
585 1447 23 21 af
620 1447 50 22 herr
684 1446 160 28 Björkenheim,
860 1448 33 20 att
907 1447 43 21 han
966 1449 44 19 tror

180 1474 33 19 att
229 1473 38 21 det
282 1476 25 18 är
322 1474 37 22 det
374 1475 55 21 enda
444 1477 73 25 sättet,
533 1475 29 27 på
577 1475 81 21 hvilket
668 1475 218 27 skjutsningstungan
896 1475 70 22 blefve
979 1475 30 21 af-

179 1501 68 27 lyftad
269 1501 48 22 från
338 1502 82 28 jorden.
450 1504 43 22 Det
515 1510 51 16 vore
586 1504 40 26 väl,
647 1510 34 15 om
701 1504 116 21 herrarnes
832 1505 34 20 tro
881 1504 81 27 hjelpte
977 1504 32 21 till

180 1530 72 26 något,
276 1537 49 15 men
344 1532 44 27 vår,
409 1532 77 22 andras
506 1535 45 19 rätt
569 1535 24 19 är
608 1532 37 22 det
660 1534 33 20 att
707 1532 63 27 fråga
784 1532 56 22 huru
856 1532 71 22 denna
941 1533 68 21 börda

180 1558 55 22 skall
251 1558 84 28 aflyftas
350 1560 29 27 på
395 1561 41 22 den
451 1564 40 25 väg
507 1568 47 16 som
569 1562 40 21 här
622 1561 132 28 föreslagits,
771 1561 40 23 och
827 1561 26 22 så
868 1562 63 27 eniga
941 1562 20 22 vi
972 1564 36 20 äro
