1109 1739
407 138 40 17 Den
463 135 25 20 27
506 137 87 18 Oktober.
844 136 41 20 449

90 202 8 21 i
120 201 149 28 Lappmarken
291 201 13 21 å
327 202 72 26 vägar,
415 200 72 23 hvilka
503 201 69 22 under
586 200 84 23 vintern
685 200 48 23 icke
747 201 82 27 plogas,
846 201 69 22 skulle

92 231 57 26 gälla
164 230 143 22 nästnämnda
321 229 116 28 hastighet.

160 259 64 22 Mom.
241 261 12 19 2
269 258 97 27 gillades.

161 288 12 28 8
195 290 26 19 23
245 287 196 22 återremitterades
461 287 32 21 till
512 287 109 22 utskottet
636 287 49 22 med
701 287 106 22 anmodan
823 288 31 21 att
868 287 47 22 från

92 317 47 28 $:en
154 318 121 21 utmönstra
291 316 45 22 deri
351 316 105 27 ingående
471 316 149 23 bötesansvar.

162 345 12 28 $
189 347 28 20 24
232 345 67 22 borde
314 345 89 22 alldeles
418 345 61 27 utgå.

162 374 24 57 8
202 376 26 20 25
245 374 40 22 och
300 375 27 21 26
342 374 132 27 godkändes.

190 405 33 20 27.

163 432 66 22 Mom.
246 433 9 20 1
273 432 76 27 antogs

162 461 65 21 Mom.
250 462 13 20 2
283 438 72 44 skulle
371 460 22 22 af
406 460 109 22 utskottet
531 459 161 23 omformuleras
708 460 25 22 så
749 462 32 20 att
797 460 119 28 ersättning

94 490 33 22 för
148 490 103 27 väntning
273 489 84 22 erlades
379 489 33 21 till
432 489 119 27 skjutskarl
571 488 32 23 för
622 490 75 27 hvarje
715 489 46 22 half
774 490 73 22 timme
863 489 53 23 efter

94 518 120 28 beräkning
230 518 22 22 af
265 524 27 16 en
307 518 61 22 mark
382 518 8 22 i
405 518 94 22 timmen.

165 547 12 28 $
192 549 27 20 28
235 547 130 27 godkändes.

164 576 12 28 8
194 578 27 20 29
237 578 76 25 antogs
329 576 97 26 sålunda,
442 577 33 20 att
490 576 7 21 i
514 576 73 22 stället
601 576 34 22 för
649 576 110 28 uttrycket
775 594 5 9 ,
781 576 135 28 bristfällig”

96 606 68 21 sattes
189 606 66 21 orden
276 605 60 27 ,icke
351 604 48 22 fullt
413 605 117 27 brukbar”,
546 607 33 20 att
592 605 208 27 tidsbestämningen
817 606 48 26 ,två
881 605 37 21 da-

96 635 50 27 gar"
171 634 106 22 ändrades
293 634 33 22 till
345 636 26 19 14
387 634 72 27 dagar,
476 634 42 22 och
533 636 33 20 att
580 634 7 21 i
603 634 67 22 slutet
685 634 22 22 af
721 634 46 28 $:en
783 634 55 22 efter
852 634 66 22 orden

98 664 105 26 »resande
223 662 116 23 öfverföra"
359 662 86 22 tillades
467 663 82 27 ,ehuru
569 663 67 22 väder
655 664 40 21 och
713 664 50 22 vind
778 663 78 23 sådant
870 663 48 23 icke

95 692 109 22 hindrat".

166 720 23 29 88
205 722 84 20 30—32
304 720 92 22 biföllos.

165 749 102 23 Härefter
284 749 124 28 godkändes
425 749 26 22 de
466 748 23 23 af
503 750 109 22 utskottet
627 750 13 21 &
655 750 54 22 sidd.
726 751 25 20 41
769 750 40 22 och
823 749 96 29 42ifyra

98 778 71 23 skilda
183 779 94 26 punkter
291 778 143 22 formulerade
448 778 83 28 förslag
546 778 33 22 till
593 778 78 22 beslut.

167 808 105 26 Slutligen
294 807 133 27 granskades
451 807 40 22 och
515 807 124 27 godkändes
659 807 150 22 öfverskriften
828 807 39 22 och
888 808 31 20 in-

98 842 91 22 gressen
211 836 33 22 till
265 836 162 27 ifrägavarande
444 836 132 27 förordning,
595 836 50 22 med
659 836 90 22 rättelse
763 836 7 22 i
787 837 40 21 den
843 842 76 16 senare

98 865 24 22 af
135 864 114 29 tryckfelet
265 867 26 25 ,3
307 865 100 22 Januari”
425 865 32 21 till
474 867 41 22 ,30
530 866 111 26 Januari";
657 865 118 27 hvarjemte
791 865 91 27 ståndet,
891 865 29 27 pä

98 894 159 27 framställning
272 893 23 22 af
307 894 219 27 Landtdagsmännen
540 894 27 22 H.
583 894 101 22 Jaatinen
699 894 41 22 och
754 894 117 26 Meurman,
882 894 37 22 be-

99 923 49 26 slöt,
172 923 49 22 med
243 922 156 28 öfvervägande
421 923 118 27 pluralitet,
563 924 32 20 att
611 925 78 25 antaga
704 923 37 21 det
755 930 29 14 nu
799 922 121 28 granskade

98 952 141 27 lagförslaget
254 952 77 21 endast
345 952 32 21 till
392 952 24 21 är
432 954 61 25 1890,
504 953 56 20 samt
575 953 33 20 att
624 952 141 21 iständernes
774 952 147 27 underdäniga

100 987 49 15 svar
170 981 13 21 å
205 981 41 21 den
264 980 79 27 nådiga
361 980 163 27 propositionen
539 981 69 21 skulle
624 981 69 21 tillika
707 981 73 27 inflyta
795 982 38 25 att,
849 981 7 20 i
870 980 51 21 hän-

100 1009 60 22 delse
181 1009 70 28 nägon
268 1016 28 21 ny
315 1009 123 28 förordning
457 1009 8 21 i
485 1011 73 20 ämnet
575 1009 46 22 före
637 1010 66 27 sagde
718 1009 43 22 tids
776 1009 83 27 utgäng
873 1009 48 22 icke

99 1038 73 22 kunde
187 1038 22 21 af
223 1039 84 26 Regent
322 1038 40 21 och
378 1037 93 22 Ständer
487 1038 167 27 ästadkommas,
671 1038 27 21 de
714 1039 31 21 uti
759 1039 112 26 ingressen
887 1038 34 21 sä-

100 1073 47 16 som
162 1066 109 28 upphäfne
285 1066 122 23 förklarade
422 1066 152 29 författningar
589 1067 27 22 dä
631 1067 47 22 äter
693 1067 68 22 skulle
777 1067 63 22 träda
854 1067 7 21 i
876 1066 45 28 gäl-

100 1096 64 21 lande
179 1095 66 28 kraft;
262 1095 40 22 och
317 1095 169 22 öfverlemnades
503 1096 23 21 ät
540 1097 155 20 sammansatta
709 1096 54 27 Lag-
780 1095 40 22 och
836 1096 86 21 Ekono-

100 1125 138 21 miutskottet
257 1126 32 19 att
307 1124 7 21 i
334 1125 153 27 sammanhang
508 1125 49 22 med
573 1125 26 21 de
615 1125 173 27 omarbetningar
803 1124 23 22 af
839 1124 83 22 författ-

100 1153 173 28 ningsförslaget,
297 1159 46 16 som
365 1153 138 22 föranleddes
524 1153 22 22 af
567 1154 98 21 ständets
682 1153 8 22 i
704 1153 136 22 förestäende
855 1153 67 21 mätto

100 1182 84 22 fattade
199 1182 106 21 särskilda
319 1182 78 27 beslut,
413 1182 29 27 pä
456 1182 100 27 lämpligt
571 1183 62 21 ställe
648 1183 8 21 i
671 1184 72 20 svaret
756 1183 29 27 pä
796 1183 41 22 den
845 1181 78 28 nädiga

101 1211 164 28 propositionen
279 1211 74 27 intaga
367 1195 118 48 innehället
500 1211 23 21 af
536 1211 60 22 detta
611 1211 78 22 beslut.

171 1239 78 22 Likasä
271 1239 110 28 föredrogs
404 1240 41 21 och
466 1240 62 21 lades
551 1240 33 21 till
602 1240 169 27 Ridderskapets
788 1239 39 22 och
842 1238 80 22 Adelns

101 1269 128 26 handlingar
251 1274 26 15 en
299 1268 32 21 till
349 1268 98 22 ständets
467 1269 140 21 medlemmar
621 1269 89 22 utdelad
724 1268 72 28 kalkyl
811 1267 59 23 öfver
884 1267 38 21 all-

101 1299 80 20 männa
199 1297 145 22 statsfondens
360 1297 107 22 ordinarie
481 1297 121 22 inkomster
616 1297 33 22 för
663 1297 149 22 bestridandet
827 1295 23 23 af
863 1297 61 21 extra

102 1325 90 29 utgifter
206 1327 60 21 utom
281 1327 44 21 stat
339 1325 68 22 under
422 1326 75 28 loppet
512 1325 24 23 af
548 1327 25 21 är
589 1327 60 22 1877.

172 1412 41 21 Till
235 1412 73 27 slutlig
324 1411 131 28 behandling
470 1412 113 28 föredrogs
599 1412 53 22 härä
667 1413 112 21 Allmänna
794 1412 129 22 Besvärsut-

103 1441 95 22 skottets
221 1441 297 28 sammanjemkningsförslag
539 1441 7 22 i
569 1441 114 28 anledning
703 1441 23 22 af
741 1441 108 22 särskilda
866 1441 58 22 inom

102 1469 88 22 Preste-
213 1469 40 22 och
275 1469 167 22 Bondeständen
463 1471 79 21 väckta
563 1470 116 26 petitioner
697 1469 134 23 beträffande
856 1469 70 23 finska

103 1498 101 28 spräkets
218 1498 80 27 lagliga
312 1498 135 27 rättigheter.

172 1526 98 22 Friherre
284 1532 42 16 von
340 1526 70 22 Born
426 1526 70 22 utbad
512 1526 32 26 sig
559 1526 63 22 ordet
635 1527 40 22 och
689 1527 95 27 yttrade:
799 1526 51 22 Med
860 1526 64 22 friskt

104 1554 71 23 minne
198 1554 23 22 af
238 1554 57 24 hvad
313 1555 57 21 inom
389 1555 60 22 detta
464 1554 117 29 höglofliga
595 1555 64 22 stånd
674 1555 36 22 vid
725 1556 25 22 de
766 1557 88 21 senaste
870 1562 57 15 sam-

826 1597 22 19 29
