1109 1739
247 129 42 19 236
531 131 40 17 Den
590 130 24 19 16
631 131 86 18 Oktober.

217 193 38 21 det
270 192 62 23 äfven
347 200 52 15 vara
412 193 58 22 klart
485 195 33 20 att
533 193 34 22 för
582 195 33 20 att
629 194 72 22 kunna
717 193 105 23 definitivt
838 193 124 28 genomföra
972 200 26 15 en
1006 194 34 21 så-

217 222 42 21 dan
274 222 85 27 reform,
374 223 110 28 vidlyftiga
499 223 124 22 statistiska
639 224 88 21 arbeten
743 223 70 22 måste
828 223 80 27 föregå,
925 222 40 21 och
977 223 64 22 dessa

217 257 52 15 anse
287 251 20 21 vi
323 258 28 15 nu
366 251 48 22 icke
429 251 122 22 förefinnas.
582 252 56 21 Herr
653 259 41 15 von
709 251 116 23 Bonsdorff
838 251 40 22 har
892 251 82 28 påmint
988 251 52 22 Rid-

217 279 118 28 derskapet
354 281 41 21 och
414 281 66 21 Adeln
497 287 34 15 om
547 283 33 19 att
595 281 20 22 vi
630 281 33 22 för
678 281 50 22 kort
743 281 32 21 tid
791 281 66 21 sedan
874 283 77 24 antogo
968 285 26 16 en
1010 280 30 21 öf-

217 309 148 27 vergångslag,
386 309 66 22 ehuru
472 310 20 21 vi
512 310 43 21 alla
574 310 95 21 erkände
689 312 32 19 att
740 310 70 21 denna
825 309 36 28 lag
876 310 46 21 icke
938 315 50 15 vore
1004 309 36 22 det

216 337 49 27 mål,
281 337 21 22 vi
317 337 109 23 sträfvade
441 339 39 26 till,
489 339 40 21 och
538 339 109 27 påyrkade
655 341 32 19 att
695 339 20 22 vi
723 339 40 21 här
774 339 70 21 skulle
852 340 53 25 göra
913 338 124 27 detsamma,

217 366 41 21 och
278 367 28 26 på
325 367 70 22 denna
413 368 68 26 grund
501 369 80 25 antaga
601 368 36 21 det
655 368 7 21 i
677 368 78 26 nådiga
770 367 162 28 propositionen
948 367 40 22 och
1002 367 37 22 be-

217 395 119 22 tänkandet
350 395 114 23 förordade
479 396 146 27 lagförslaget.
656 397 27 22 Ja
698 397 45 26 väl;
760 397 21 21 vi
796 397 72 20 kunna
883 398 79 25 antaga
972 402 26 15 en
1009 396 30 22 öf-

216 425 148 26 vergängslag,
380 431 49 15 men
443 425 48 21 icke
508 432 26 14 en
550 431 47 15 som
611 425 33 21 för
659 432 35 14 oss
710 426 75 26 längre
800 425 47 21 från
864 425 37 21 det
916 425 48 27 mål,
981 425 31 21 dit
1019 425 20 21 vi

217 452 80 22 sträfva
313 454 40 21 och
368 454 47 21 icke
431 456 87 19 närmar
533 460 36 15 oss
585 454 32 21 till
634 454 126 22 detsamma.
784 454 42 21 För
842 456 32 19 att
889 454 58 21 hålla
957 454 43 26 mig
1008 454 31 21 till

217 482 37 20 det
269 482 96 27 exempel
380 482 51 22 herr
445 489 40 15 von
501 482 118 22 Bonsdorff
631 482 104 28 framhöll,
751 482 76 27 frågan
836 489 34 15 om
879 483 159 27 skjutshållnin-

216 516 53 21 gens
284 511 113 27 reglering,
413 512 64 21 hafva
491 512 21 21 vi
527 512 128 26 visserligen
669 512 76 22 härvid
761 512 83 26 antagit
860 518 26 15 en
902 511 137 27 öfvergångs-

216 539 42 27 lag,
280 546 34 15 om
334 540 86 22 hvilken
439 540 20 22 vi
479 542 38 20 äro
534 540 138 28 öfvertygade
689 542 32 20 att
737 540 41 22 den
795 540 55 22 skall
865 543 75 19 närma
955 546 35 16 oss
1008 540 31 22 till

217 568 38 21 det
272 569 43 21 mål
335 569 19 21 vi
374 569 142 27 eftersträfva,
537 576 48 14 men
601 570 20 21 vi
637 570 56 21 hade
708 570 48 21 icke
771 570 83 20 kunnat
869 570 113 26 godkänna
998 569 41 22 den

216 596 165 29 öfvergångslag
403 604 45 16 som
469 598 185 27 Borgareståndet
673 598 88 28 antagit,
779 598 89 22 emedan
884 605 26 15 en
926 598 66 22 sådan
1008 598 30 22 öf-

215 626 142 28 vergångslag
377 626 33 22 för
429 628 64 26 långa
509 627 57 21 tider
581 628 39 26 gör
633 628 140 26 uppnåendet
788 627 23 21 af
823 628 37 20 det
874 627 48 26 mål,
939 627 20 22 vi
975 626 63 22 efter-

216 654 96 27 sträfvat,
324 656 32 20 till
372 662 25 15 en
413 656 131 28 omöjlighet.
576 656 73 22 Ocksä
663 656 40 22 här
718 658 24 20 är
755 656 37 27 jag
808 656 131 28 öfvertygad,
956 656 40 21 och
1002 656 37 27 jag

215 685 46 20 tror
276 684 89 22 friherre
380 685 60 27 Boije
457 686 60 20 delar
532 685 43 21 min
591 685 63 27 åsigt,
671 687 32 19 att
717 691 78 21 genom
811 685 131 27 antagandet
950 684 22 22 af
978 685 61 21 detta

215 708 117 44 lagförslag
353 713 108 23 försvåras
481 714 140 33 uppnåendet
639 714 23 21 af
674 714 176 27 presterskapets
867 714 103 27 aflönings
986 714 52 21 stäl-

215 742 63 20 lande
294 742 28 27 på
340 743 101 26 taxering.
471 743 35 21 Nu
522 743 57 21 inses
596 743 79 27 tydligt
690 743 23 21 af
725 743 50 25 alla,
793 743 59 21 såväl
867 743 110 27 löntagare
992 749 46 15 som

215 770 124 28 löngifvare,
355 772 101 21 behofvet
471 772 22 21 af
508 778 26 15 en
549 771 78 22 reform
643 772 40 21 och
699 778 26 15 en
741 760 127 38 fullständig
875 771 78 22 reform
963 772 5 20 i
979 772 60 21 detta

215 798 108 23 afseende.
353 800 27 21 Vi
399 800 50 28 vilja
468 801 47 21 icke
536 806 77 22 genom
629 807 26 15 en
670 801 36 27 lag
721 801 68 21 sådan
805 806 45 15 som
867 800 69 22 denna
954 800 84 22 komma

215 828 88 26 derhän,
324 830 33 20 att
375 830 76 21 endast
466 829 133 27 löngifvaren
615 830 70 21 skulle
700 829 59 22 finna
773 829 188 27 nödvändigheten
976 829 22 21 af
1012 836 26 14 en

215 856 68 22 sådan
296 857 88 27 reform;
401 858 27 21 då
443 858 36 22 stå
493 858 21 22 vi
528 858 68 22 hellre
613 864 52 21 qvar
679 858 36 22 vid
731 858 38 21 det
783 858 71 27 gamla
870 858 38 21 och
927 858 45 21 låta
982 858 56 21 båda

214 887 103 25 parterna
337 887 72 21 känna
430 886 101 22 behofvet
554 886 22 22 af
597 893 25 15 en
645 886 78 23 reform
739 887 33 21 till
788 887 49 21 dess
854 887 26 21 de
895 887 56 21 båda
966 888 73 26 parter

215 914 75 27 frågan
307 916 60 20 rörer
381 916 50 27 vilja
445 916 57 21 finna
518 916 32 26 sig
565 916 36 21 vid
617 916 26 21 de
659 915 152 28 uppoffringar,
828 916 37 21 det
880 914 129 28 frångående
1018 915 22 21 af

215 944 36 20 det
267 944 76 26 gamla,
361 950 46 15 som
422 944 33 22 för
470 944 118 22 reformens
604 944 167 27 genomförande
788 944 113 21 erfordras.

283 973 99 21 Friherre
397 973 84 27 Boije:
497 973 33 21 En
545 973 129 26 föregående
691 973 54 22 ärad
760 973 74 24 talare,
851 973 50 21 herr
916 979 41 15 von
970 973 68 21 Bons-

215 1000 60 26 dorff,
295 1001 40 22 har
349 1001 104 22 förklarat
467 1001 146 28 föreliggende
629 1002 117 27 lagförslag
761 1008 51 15 vara
828 1008 26 15 en
870 1001 167 28 öfvergångslag.

214 1029 75 22 Skulle
305 1031 60 20 detta
380 1031 49 21 med
445 1031 48 21 skäl
506 1031 73 21 kunna
595 1032 96 31 antagas,
707 1031 25 21 så
749 1031 69 21 skulle
831 1031 38 26 jag
884 1037 51 15 vara
946 1031 40 20 den
996 1030 42 21 för-

214 1060 35 19 sta
265 1060 33 19 att
313 1059 84 21 biträda
412 1059 109 33 förslaget,
538 1066 48 15 men
601 1060 7 21 i
623 1060 69 21 likhet
707 1059 50 22 med
765 1059 56 22 hvad
829 1059 51 22 herr
887 1059 151 27 Björkenheim

213 1088 74 26 yttrat,
305 1089 44 20 tror
369 1088 38 27 jag
429 1089 20 20 vi
469 1095 77 20 genom
566 1089 133 26 antagandet
718 1087 24 22 af
756 1089 69 20 denna
840 1088 35 27 lag
887 1077 99 43 aflägsna
1002 1094 35 15 OSS

213 1115 48 22 frän
282 1116 37 21 det
336 1117 43 20 mäl
399 1117 20 21 vi
437 1117 142 22 eftersträfva.
611 1117 76 22 Säsom
706 1119 33 20 ett
754 1117 60 21 bevis
827 1117 29 27 pä
872 1118 32 20 att
920 1117 68 21 denna
1003 1117 35 26 lag

214 1144 49 22 icke
279 1145 42 21 kan
336 1152 52 15 vara
403 1151 26 16 en
445 1145 169 28 öfvergängslag,
632 1146 51 21 eller
699 1147 33 20 att
747 1152 50 15 man
812 1152 77 21 genom
898 1145 69 22 denna
975 1146 63 21 söker

213 1173 82 22 sträfva
310 1174 31 21 till
357 1174 192 27 prestaflöningens
565 1175 126 26 reglerande
707 1174 56 22 efter
778 1175 134 26 persontalet
927 1175 6 20 i
948 1174 89 21 försam-

213 1202 78 27 lingen,
309 1205 24 19 är
348 1205 12 19 8
377 1203 10 27 8
402 1203 7 21 i
424 1203 146 28 lagförslaget.
594 1204 37 21 Uti
647 1204 68 21 denna
731 1203 102 27 paragraf
847 1203 34 21 vill
898 1209 48 15 man
955 1203 82 21 tionde-

213 1233 59 19 sätta
288 1237 97 21 gvarnar,
401 1232 70 27 sägar,
486 1233 135 21 industriella
636 1233 145 26 inrättningar
795 1239 27 14 m.
837 1239 27 14 m.
888 1232 74 21 Skulle
977 1232 61 21 detta

213 1266 51 15 vara
280 1267 27 14 en
323 1260 163 28 öfvergängslag
501 1261 40 21 och
557 1268 49 14 man
622 1261 69 22 skulle
707 1261 7 21 i
731 1267 26 15 en
773 1260 86 22 framtid
874 1260 110 27 förelägga
992 1261 45 20 lan-

213 1289 49 20 dets
282 1289 88 21 ständer
390 1296 26 15 en
435 1291 40 26 lag,
497 1290 98 27 grundad
613 1290 28 27 pä
657 1290 41 21 den
713 1289 91 28 princip,
820 1289 85 21 hvartill
921 1289 21 22 vi
957 1289 81 22 sträfva

213 1317 40 21 och
269 1317 93 27 hvartill,
379 1319 72 21 säsom
467 1319 108 21 utskottet
591 1319 116 26 uppgifver,
725 1319 68 20 ocksä
809 1319 107 20 utskottet
932 1319 6 20 i
954 1318 38 21 sitt
1000 1318 37 21 be-

213 1346 110 22 tänkande
339 1347 98 26 sträfvar,
454 1347 69 22 blefve
538 1347 80 28 följden
635 1347 47 27 den,
699 1349 33 19 att
747 1353 49 15 man
812 1347 49 21 icke
876 1347 77 21 endast
968 1347 69 21 skulle

213 1375 71 21 måsta
306 1375 68 22 befria
389 1376 41 21 den
446 1377 138 26 skattlaggda
597 1376 76 27 jorden
688 1376 48 21 från
752 1375 27 22 de
795 1375 90 27 afgifter,
902 1382 46 15 som
964 1376 26 26 gå
1005 1376 33 21 till

212 1404 175 27 presterskapet;
411 1411 48 15 man
479 1405 69 21 skulle
569 1405 21 21 få
607 1405 51 21 flere
678 1411 41 21 nya
739 1404 246 27 beskattningsföremäl,
1006 1404 31 21 in-

213 1432 112 21 dustriella
347 1433 147 28 inrättningar,
518 1434 62 26 bruk,
605 1440 96 20 gvarnar,
724 1433 127 27 lägenheter
874 1440 27 14 m.
924 1440 27 14 m.
972 1433 66 21 ocksä

212 1460 103 22 befriade.
345 1462 42 26 Jag
402 1464 61 25 tager
477 1463 44 26 mig
536 1451 92 32 friheten
645 1464 32 19 att
692 1463 39 20 hos
749 1462 160 26 Ridderskapet
920 1462 40 20 och
968 1462 69 21 Adeln

211 1488 101 28 förfräga,
329 1496 33 15 om
376 1491 69 27 någon
461 1492 45 20 tror
521 1493 33 19 att
569 1491 170 25 Presteständet,
757 1490 28 21 dä
801 1490 37 22 det
852 1490 68 27 gäller
935 1492 32 19 att
982 1490 56 22 afstä

211 1518 47 20 frän
276 1518 37 22 det
327 1519 76 27 gamla,
420 1520 66 21 hellre
502 1520 68 21 afstär
585 1520 76 21 endast
677 1503 159 48 tertialtiondet
854 1519 52 21 eller
922 1519 65 21 ocksä
996 1519 40 22 den

212 1553 41 21 nya
269 1547 93 27 skatten,
379 1555 46 15 som
441 1556 28 14 nu
485 1549 70 22 skulle
571 1549 87 27 äläggas
675 1548 110 23 särskilda
800 1548 67 22 andra
877 1548 159 28 beskattnings-
