1109 1739
233 133 42 20 270
530 137 41 17 Den
589 135 24 20 18
629 137 88 18 Oktober.

274 199 11 21 I
299 199 108 22 anseende
423 199 72 22 dertill
511 201 33 20 att
559 200 59 22 tiden
633 200 107 28 betydligt
755 200 133 23 framskridit
904 200 74 23 afslöts
987 200 45 28 ple-

205 233 51 15 num
271 227 54 22 härå
341 227 91 24 klockan
447 228 47 23 half
508 231 32 20 tre
557 229 54 22 efter
626 230 120 27 middagen.

363 371 89 26 Samma
468 372 42 29 dag
527 373 96 24 klockan
641 373 14 23 6
671 373 62 23 efter
749 373 126 28 middagen.

273 429 56 22 Herr
347 430 209 23 Landtmarskalken
575 431 158 22 öfverlemnade
749 431 32 21 till
796 430 90 22 fortsatt
901 430 130 27 behandling

205 460 155 20 sammansatta
375 459 55 27 Lag-
445 460 41 22 och
501 460 226 22 Ekonomiutskottets
743 460 138 22 betänkande
896 460 7 20 i
916 458 115 28 anledning

204 486 23 22 af
239 487 80 27 nådiga
334 488 168 28 propositionen,
519 489 112 27 angående
646 489 108 27 reglering
765 488 22 22 af
795 488 175 28 presterskapets
979 487 51 22 aflö-

205 516 51 26 ning
271 516 7 21 i
294 516 84 22 landets
395 518 234 27 evangelisk-luterska
643 518 157 27 församlingar,
817 517 23 22 af
855 517 81 22 hvilket
954 517 76 21 betän-

203 544 71 22 kande
289 545 8 21 i
312 545 91 28 ordning
417 553 29 15 nu
459 546 66 28 följde
540 546 11 28 $
568 549 18 19 8.

272 574 57 22 Herr
346 575 133 22 Mechelin
498 576 69 22 utbad
582 576 33 27 sig
631 576 62 22 ordet
709 576 41 22 och
765 576 95 27 yttrade:
891 575 50 21 Med
956 574 74 22 anled-

203 602 52 28 ning
263 602 23 22 af
292 603 26 22 de
327 604 170 28 anmärkningar,
506 611 47 15 som
561 605 67 21 redan
640 605 36 22 vid
683 604 58 22 förra
751 604 60 22 delen
821 604 23 22 af
851 604 102 22 debatten
962 604 67 27 gjorts

203 633 59 20 emot
277 632 41 22 den
328 632 7 22 i
345 632 12 28 $
367 634 12 20 8
391 633 98 27 åsyftade
503 634 86 22 skatten
599 634 12 21 å
618 634 137 22 industriella
761 634 143 26 inrättningar
912 634 28 26 pä
948 633 80 26 landet,

203 660 40 22 har
258 661 81 22 anförts
351 662 31 21 till
393 662 50 22 stöd
453 662 32 22 för
495 662 129 28 paragrafen
635 664 32 20 att
677 664 7 20 i
695 662 77 28 sjelfva
781 662 77 22 verket
869 662 61 22 äfven
940 661 34 22 för
981 664 49 19 när-

202 690 95 22 varande
306 690 86 27 afgifter
399 690 46 22 från
455 691 72 27 dylika
534 692 144 27 inrättningar
686 692 53 27 utgå
744 692 33 20 till
781 692 170 26 presterskapet.
963 691 67 21 Detta

203 718 96 22 faktiska
313 718 140 28 förhållande,
465 720 82 22 hvilket
558 720 130 22 åtminstone
704 721 7 21 i
722 727 27 15 en
758 722 46 20 stor
812 720 35 22 del
855 720 123 22 landsorter
986 720 43 21 exi-

204 749 76 25 sterar,
297 748 36 21 vill
345 748 38 28 jag
398 748 117 28 ingalunda
529 750 103 26 bestrida,
649 756 49 15 men
711 750 38 27 jag
763 749 58 21 inser
831 749 47 21 icke
890 750 33 20 att
934 748 22 22 af
966 749 64 21 dessa

202 776 154 27 provisionella
371 778 41 21 och
427 778 115 27 ingalunda
558 778 55 22 efter
628 778 107 28 likformig
750 778 36 27 lag
801 778 103 26 vidtagna
914 777 115 28 åtgärder
1018 772 13 38 i

203 804 62 23 detta
281 805 55 28 syfte
350 806 164 28 nödvändigtvis
530 807 70 22 skulle
615 807 57 27 följa,
684 809 33 20 att
727 813 30 15 nu
767 807 67 21 borde
845 806 79 22 införas
936 806 94 22 särskild

203 834 74 22 tionde
285 834 29 28 på
329 834 65 22 dessa
407 836 59 21 verk.
496 836 45 27 Mig
556 842 63 22 synes
635 842 46 16 som
695 836 71 22 skulle
777 842 49 15 man
837 842 77 20 genom
925 837 104 25 antagan-

204 862 38 22 det
257 862 23 22 af
293 862 12 29 $
321 865 12 20 8
349 863 21 22 få
385 866 33 20 tre
434 864 58 28 slags
509 864 85 28 afgifter
609 865 32 21 till
657 864 172 28 presterskapet:
842 865 41 21 den
894 864 76 28 gamla,
983 870 46 16 som

203 892 68 26 enligt
281 894 12 19 6
305 892 39 22 och
361 894 12 20 7
389 892 23 28 $$
423 892 122 24 förvandlas
556 894 32 21 till
600 900 27 16 en
636 894 28 21 fix
675 894 136 27 grundskatt,
824 893 65 22 dessa
900 895 52 20 utan
963 893 67 27 några

202 920 50 22 fullt
266 920 114 23 bestämda
394 922 95 27 grunder
504 922 122 28 föreslagna
641 922 86 28 afgifter
737 922 28 28 på
773 922 136 22 industriella
916 922 52 22 verk
977 922 53 21 eller

202 955 105 20 personer
322 956 46 15 som
384 951 68 22 sakna
466 950 110 28 fastighet,
593 953 56 20 samt
665 952 103 26 slutligen
783 952 41 21 den
839 951 7 21 i
857 950 10 28 $
881 953 26 19 12
915 950 114 22 förordade

202 977 168 29 beskattningen
389 979 56 22 efter
454 980 111 27 personel-
581 980 53 21 eller
649 979 187 28 taxeringsgrund.
867 979 41 28 Jag
923 979 43 22 kan
981 979 48 22 icke

203 1012 24 16 se
241 1006 98 23 fördelen
355 1007 66 23 deraf.
451 1009 44 26 Mig
511 1015 62 21 synes
590 1015 47 16 som
653 1009 68 22 skulle
737 1015 50 15 man
802 1009 73 21 kunna
886 1007 144 23 sammanföra

202 1035 190 28 bestämningarna
406 1037 8 21 i
429 1037 11 28 $
456 1039 13 20 8
484 1038 49 21 med
548 1038 191 27 bestämningarna
754 1037 7 22 i
777 1037 10 28 $
803 1039 26 20 12
845 1037 41 22 och
900 1037 90 22 istället
997 1037 33 22 för

201 1063 58 23 båda
282 1065 63 22 dessa
366 1065 96 28 påbjuda
483 1067 100 26 personel
603 1067 104 26 taxering.
745 1067 44 20 Det
807 1068 24 19 är
850 1066 127 27 visserligen
998 1066 30 27 så,

202 1094 34 20 att
257 1093 38 22 vill
309 1100 49 15 man
373 1094 64 23 hafva
451 1097 50 19 rent
515 1095 100 27 personel
630 1095 66 26 skatt,
713 1101 47 16 som
775 1095 38 26 går
828 1096 26 20 ut
868 1095 49 22 med
931 1095 45 22 lika
991 1095 38 22 be-

201 1121 51 27 lopp
276 1121 47 22 från
345 1122 74 28 hvarje
439 1129 85 22 person,
544 1124 34 21 rik
593 1124 53 22 eller
660 1124 71 27 fattig,
749 1124 70 21 skulle
834 1130 49 15 man
899 1124 7 21 i
920 1123 34 22 för
968 1124 62 27 ringa

202 1150 54 27 grad
272 1151 101 22 beskatta
386 1152 137 22 industriella
538 1153 59 26 verk,
613 1159 49 16 men
677 1153 34 22 för
725 1153 45 21 min
785 1153 34 21 del
831 1153 42 21 kan
879 1153 38 27 jag
925 1152 49 22 icke
982 1153 48 21 inse

201 1179 38 22 det
257 1179 74 28 billiga
346 1181 32 20 uti
393 1182 33 20 att
440 1187 50 16 man
504 1181 107 28 påbjuder
625 1182 44 21 lika
684 1182 61 21 skatt
760 1181 29 27 på
804 1181 42 22 alla
861 1187 110 21 personer,
988 1181 40 22 och

201 1207 72 23 måste
287 1207 88 24 förorda
390 1216 26 15 en
431 1210 104 27 taxering,
551 1210 58 22 helst
623 1211 49 21 med
687 1210 138 27 tillämpning
836 1209 23 22 af
865 1210 113 27 skattöret,
988 1210 41 21 och

201 1236 29 22 då
245 1243 64 21 synes
325 1237 43 28 mig
383 1240 33 20 att
431 1239 28 21 de
475 1245 47 16 som
536 1239 96 22 bedrifva
646 1239 137 22 industriella
793 1239 52 22 verk
852 1239 28 27 på
888 1239 75 21 landet
970 1245 57 21 myc-

199 1265 40 21 ket
253 1266 35 21 väl
303 1266 73 22 kunna
391 1273 77 21 genom
484 1267 60 22 skatt
559 1267 22 22 få
596 1268 47 21 sina
657 1267 175 28 prestutskylder
842 1267 120 22 bestämda.
986 1267 44 22 Det

200 1295 25 20 är
238 1293 8 22 i
262 1295 61 21 detta
338 1295 56 28 syfte
406 1297 39 26 jag
459 1297 70 21 skulle
544 1297 69 21 önska
627 1296 22 22 få
664 1296 11 28 $
692 1299 12 19 8
719 1295 119 23 förändrad
853 1297 33 21 att
901 1296 41 21 den
959 1296 69 22 skulle

201 1322 139 23 subsumeras
356 1324 69 23 under
445 1325 11 28 8
475 1327 33 24 12,
529 1325 41 22 och
589 1327 33 20 att
639 1331 49 16 man
707 1326 40 21 der
762 1325 69 22 skulle
847 1325 87 22 besluta
948 1325 34 27 sig
996 1325 33 22 för

200 1351 109 22 skattöret
325 1352 72 23 såsom
413 1354 68 27 grund
496 1353 33 22 för
544 1354 29 21 all
587 1354 72 27 möjlig
674 1354 131 21 hithörande
820 1354 104 26 taxering.

269 1381 98 22 Friherre
382 1382 85 28 Boije:
483 1382 78 22 Såsom
573 1383 39 27 jag
626 1383 67 22 redan
708 1383 38 22 vid
762 1383 41 21 den
818 1382 157 22 förberedande
984 1382 44 22 dis-

199 1407 118 24 kussionen
337 1410 56 22 hade
413 1413 52 20 äran
480 1411 76 27 uttala,
572 1411 69 28 hyllar
657 1412 67 21 också
737 1411 38 27 jag
791 1411 42 22 den
848 1411 84 27 åsigten
948 1412 32 20 att
995 1411 33 22 uti

199 1442 28 16 en
242 1437 69 22 sådan
326 1439 41 27 lag,
383 1445 47 16 som
446 1446 29 15 nu
489 1439 147 28 förevarande,
653 1440 88 23 hvilken
757 1446 26 15 en
799 1440 35 21 del
843 1440 68 21 talare
919 1439 65 22 hafva
992 1446 36 15 an-

199 1465 48 27 tydt
262 1473 52 15 vara
329 1473 27 15 en
371 1467 172 29 öfvergångslag,
560 1469 37 21 det
611 1475 51 15 vore
678 1469 97 21 särdeles
792 1469 113 27 olämpligt
912 1470 34 20 att
953 1468 76 28 påföra

199 1494 94 22 särskild
313 1496 61 21 skatt
391 1497 28 27 på
438 1503 91 21 qvarnar
545 1498 40 21 och
600 1497 137 22 industriella
752 1497 150 27 inrättningar.
932 1497 42 27 Jag
989 1498 39 21 ber

199 1522 86 50 nä
308 1526 33 20 att
363 1525 32 21 till
419 1525 43 23 alla
484 1526 60 22 delar
566 1526 22 22 fä
610 1526 143 27 understödja
774 1526 50 22 herr
847 1526 118 22 Mechelins
985 1526 43 22 för-

199 1557 54 22 slag.
