1109 1739
219 125 42 20 266
520 129 40 17 Den
579 127 24 20 18
620 129 87 18 Oktober.

191 191 101 26 personel
314 191 69 27 grund
406 191 109 28 utgående
531 192 131 27 taxeringen.
693 192 47 22 Och
757 192 28 21 då
795 192 38 27 jag
848 192 59 22 inser
922 192 96 27 omöjlig-

191 219 66 22 heten
273 219 23 22 af
309 222 32 19 att
356 222 53 20 utan
424 221 77 22 remiss
518 221 32 21 till
566 221 109 22 utskottet
685 222 87 21 komma
779 221 33 21 till
821 221 85 27 lösning
913 221 28 28 på
949 221 70 22 denna

190 250 49 25 väg,
249 249 24 20 så
281 255 64 16 anser
362 249 38 28 jag
414 250 44 27 mig
473 250 54 21 böra
542 251 49 21 med
606 251 44 20 min
665 252 48 20 röst
721 250 117 22 medverka
846 250 33 21 till
888 250 130 27 återremiss,

191 276 173 23 öfverlemnande
381 279 22 20 åt
418 279 109 21 utskottet
542 281 33 19 att
590 279 87 22 försöka
691 279 58 22 hvad
756 279 36 21 vid
800 279 87 27 frågans
895 279 123 22 nuvarande

191 306 104 27 ställning
310 308 63 25 göras
389 307 48 22 kan.
460 308 95 21 Dermed
570 307 86 28 frångår
669 309 38 26 jag
722 308 127 27 visserligen
856 308 48 21 icke
913 308 40 21 den
963 307 56 27 åsigt

191 336 34 20 att
247 335 50 27 föga
315 335 49 22 med
382 342 26 15 en
429 337 68 21 sådan
516 337 77 27 åtgärd
609 337 42 21 kan
666 337 81 22 vinnas.
779 337 42 26 Jag
834 337 97 21 kommer
946 336 72 22 derför

191 365 34 20 att
239 365 62 20 rösta
315 364 33 22 för
363 365 124 22 återremiss
503 365 63 22 äfven
581 365 24 22 af
618 366 41 21 den
675 373 29 14 nu
720 365 146 28 föreliggande
882 365 52 28 $:en.

261 393 57 22 Herr
332 394 141 21 Mechelin:
504 395 57 21 Herr
575 401 42 15 von
632 394 115 22 Bonsdorff
761 395 40 21 har
815 394 51 27 sjelf
879 395 7 20 i
901 395 39 21 sitt
955 400 62 15 sena-

193 423 33 20 ste
242 422 138 27 andragande
396 422 104 22 förklarat
516 425 32 19 att
564 423 41 21 han
621 424 63 20 tänkt
699 424 32 26 sig
748 430 26 14 en
785 423 108 27 reglering
902 423 66 26 enligt
976 423 42 21 den

191 450 75 22 metod
280 452 33 20 att
327 451 83 21 kronan
426 452 70 21 skulle
514 452 91 26 indraga
615 452 163 22 tertialtionden
789 452 41 21 och
842 452 98 21 använda
948 452 69 22 denna

191 480 34 20 att
247 479 108 22 utbetalas
380 480 23 21 åt
421 481 58 21 olika
497 480 157 28 församlingar,
674 481 25 21 så
717 482 34 20 att
769 487 27 15 en
812 481 119 27 utjemning
946 481 70 21 skulle

191 508 83 21 vinnas.
304 508 67 22 Detta
389 515 50 16 vore
457 511 24 25 ju
499 510 126 27 påtagligen
641 512 32 20 ett
687 510 123 22 förfarande
825 510 7 21 i
848 510 55 21 strid
918 511 45 20 mot
978 510 10 27 $
1004 512 13 19 2

191 537 7 21 i
220 536 111 28 förslaget,
356 538 90 22 emedan
466 538 27 22 då
512 539 70 21 skulle
601 545 26 15 en
643 539 35 21 del
693 538 178 28 församlingsbor
885 538 86 22 komma
986 541 32 19 att

190 566 75 21 betala
280 566 85 27 afgifter
381 567 32 21 till
430 574 69 15 annan
515 567 134 27 församlings
665 570 67 25 prest.
763 568 42 26 Jag
821 569 46 20 tror
882 567 33 22 för
929 568 43 20 min
983 568 35 20 del

191 596 34 20 att
243 594 12 28 $
274 597 19 25 2,
310 598 39 19 när
369 602 49 15 man
435 597 56 21 talar
507 603 34 15 om
557 596 75 28 sjelfva
647 597 136 27 regleringen
797 596 22 22 af
832 596 184 27 församlingarna,

190 624 49 21 icke
259 624 66 22 borde
344 624 65 22 fattas
425 626 25 20 så
465 632 47 15 som
528 626 51 21 herr
593 632 41 16 von
649 625 118 22 Bonsdorff
780 627 75 19 senast
870 625 103 21 framhöll.
1004 627 12 20 2

191 652 11 28 $
217 652 120 23 innehåller
352 654 84 26 garanti
452 654 32 22 för
500 654 80 22 enhvar
595 656 32 20 att
642 654 48 22 icke
705 654 93 22 behöfva
813 654 91 27 bidraga
918 654 32 21 till
958 656 60 25 prest

190 681 7 21 i
213 688 71 15 annan
299 682 124 28 församling
439 685 27 19 än
481 683 42 21 han
538 683 80 27 tillhör,
635 690 49 15 men
700 690 34 15 om
750 683 43 21 han
809 683 73 21 tillhör
896 683 72 27 någon
975 682 43 22 för-

191 710 99 28 samling,
311 711 39 21 och
371 712 71 21 denna
456 712 41 22 blir
513 712 64 22 delad
592 712 41 22 och
648 712 42 22 han
705 712 49 22 icke
769 718 46 15 mer
830 712 85 22 betalar
930 712 32 21 till
977 712 41 22 den

190 738 59 22 förra
263 742 94 24 presten,
373 742 52 20 utan
440 741 33 21 till
489 741 41 21 den
546 748 47 14 som
607 741 41 22 blir
662 743 61 25 prest
738 741 7 21 i
755 741 70 21 denna
834 747 42 21 nya
886 740 130 28 församling,

191 768 25 21 så
231 768 47 22 står
294 769 37 21 det
345 769 48 22 icke
408 770 7 20 i
431 770 53 21 strid
500 770 49 21 med
565 770 11 27 &
592 772 19 19 2.
635 770 42 22 Det
692 776 52 16 vore
757 770 25 27 ju
793 776 27 15 en
830 770 46 21 inre
886 770 131 26 motsägelse

190 796 8 22 i
217 796 71 28 lagen,
310 804 33 15 om
363 798 42 22 den
424 798 47 22 dels
487 799 70 22 skulle
572 799 77 21 hindra
665 799 46 21 dels
727 799 78 27 medge
819 798 108 28 reglering
942 798 23 22 af
978 805 38 21 pa-

191 826 129 22 storaterna.

259 855 57 21 Herr
335 861 41 16 von
395 855 153 23 Bonsdorff:
579 856 56 22 Herr
654 856 108 22 Mechelin
781 861 64 23 synes
865 855 153 28 missuppfatta

189 882 58 22 hvad
262 884 7 20 i
285 884 41 22 den
341 886 87 20 senaste
445 885 150 21 diskussionen
610 885 56 21 varit
681 886 7 20 i
698 885 68 27 fråga.
789 885 42 26 Jag
842 885 40 21 har
890 885 57 21 velat
954 884 63 22 fram-

190 912 65 26 hålla,
281 914 32 20 att
339 919 34 15 om
397 914 99 26 personel
516 914 179 27 taxeringsgrund
714 914 34 22 för
767 913 194 28 prestaflöningens
981 915 35 20 ut-

190 941 97 26 görande
302 942 69 21 skulle
387 942 67 27 enligt
468 942 50 22 herr
533 942 116 22 Mechelins
666 943 40 21 och
721 943 46 20 lika
782 942 122 21 tänkandes
920 942 56 27 äsigt
983 949 33 14 re-

191 969 42 21 dan
254 975 29 16 nu
302 970 87 27 införas,
411 971 25 21 så
453 971 67 22 borde
541 971 61 22 detta
619 971 80 28 jemväl
717 971 87 27 åtföljas
821 970 23 22 af
858 977 26 16 en
899 971 119 27 utjemning

190 997 49 22 utaf
254 999 182 27 prestaflöningen
456 1000 91 21 emellan
565 999 179 28 församlingarna
762 999 109 22 inbördes.
902 1000 49 21 Men
967 1006 50 21 pro-

190 1027 124 26 positionen
330 1028 41 21 och
385 1029 252 26 utskottsbetänkandet,
654 1029 71 22 hvilka
742 1030 112 25 gentemot
868 1028 50 22 herr
932 1028 84 22 Meche-

190 1055 31 21 lin
236 1055 23 22 af
278 1056 42 27 mig
341 1056 114 28 försvaras,
477 1059 37 20 äro
534 1057 48 22 icke
602 1058 86 27 byggda
701 1058 28 27 på
746 1057 70 22 denna
831 1057 185 28 taxeringsgrund,

190 1084 42 21 och
248 1085 19 26 ej
284 1085 67 22 heller
366 1085 57 22 afses
439 1086 7 21 i
462 1086 48 22 dem
525 1087 71 26 någon
611 1087 71 21 direkt
689 1086 130 27 förmedling
827 1086 23 21 af
855 1086 89 21 lönerna
952 1086 65 21 emel-

190 1113 36 21 lan
247 1113 58 22 olika
322 1114 161 28 församlingars
502 1117 92 25 prester,
610 1117 53 20 utan
678 1115 76 27 hvarje
769 1115 137 27 församlings
921 1117 95 24 prester-

191 1141 54 28 skap
265 1142 119 23 bibehålles
403 1143 36 22 vid
455 1144 36 22 det
507 1144 160 27 sammanlagda
682 1144 193 27 aflöningsbelopp,
892 1150 46 15 som
953 1143 64 22 hitin-

190 1170 44 22 tills
251 1171 78 27 utgått,
343 1172 68 27 jemte
427 1173 37 21 det
476 1173 65 21 likväl
551 1173 124 27 förändring
686 1173 41 21 och
739 1171 149 23 modifikation
899 1172 23 21 af
929 1173 89 21 lönerna

191 1199 92 22 emellan
298 1202 113 25 presterna
425 1201 8 21 i
448 1208 82 15 samma
544 1201 125 28 församling
684 1201 125 28 medgifves.
840 1201 43 22 Det
899 1203 23 19 är
932 1201 85 22 således

191 1228 79 22 endast
289 1228 33 23 för
343 1229 41 22 den
404 1230 110 26 händelse,
531 1232 33 20 att
579 1231 50 21 herr
644 1230 119 22 Mechelins
780 1230 40 21 och
837 1230 27 21 de
879 1230 137 26 ledamöters,

190 1263 47 15 som
260 1257 82 22 biträdt
361 1258 85 27 honom,
466 1259 80 27 förslag
567 1261 97 25 antages,
685 1265 47 16 som
752 1259 39 27 jag
806 1259 57 27 gjort
878 1259 140 26 anmärkning

191 1285 80 27 derom,
289 1288 32 20 att
336 1287 112 28 samtidigt
463 1288 62 21 äfven
540 1288 67 21 borde
615 1287 109 28 lagstiftas
734 1287 114 27 angående
856 1293 26 16 en
890 1287 128 27 förmedling

191 1313 23 22 af
227 1314 146 28 aflöningarne
389 1317 90 21 emellan
495 1317 58 21 olika
568 1316 156 28 församlingar,
741 1317 82 21 hvilket
840 1316 56 21 dock
910 1316 85 21 komme
1010 1317 7 20 i

190 1343 55 21 strid
261 1344 50 21 med
327 1345 42 21 den
384 1344 23 22 af
419 1345 159 28 Ridderskapet
594 1346 40 21 och
649 1346 70 21 Adeln
735 1345 67 22 redan
817 1346 95 26 antagna
928 1344 10 28 $
954 1347 12 18 2
978 1345 40 21 och

189 1371 135 28 följaktligen
340 1379 89 16 numera
445 1374 47 21 icke
507 1375 42 20 kan
566 1375 44 21 ske.
634 1374 79 22 Vinner
730 1380 30 15 nu
775 1374 51 21 herr
836 1373 117 22 Mechelins
962 1373 56 28 åsigt

189 1400 119 28 pluralitet,
324 1401 77 22 blifver
411 1403 64 21 alltså
483 1403 41 21 den
534 1403 67 27 derpå
609 1403 111 26 grundade
729 1403 191 26 lagförändringen
929 1402 5 21 i
944 1402 74 27 sjelfva

190 1429 77 21 verket
281 1429 45 22 half
340 1431 52 21 eller
408 1431 144 28 ofullständig,
571 1432 26 21 då
611 1432 88 21 dermed
715 1432 20 27 ej
752 1432 43 21 kan
809 1431 87 22 förenas
905 1430 113 27 ifrågasatt

189 1457 170 29 löneutjemning
379 1460 91 21 emellan
485 1459 183 28 församlingarne.
699 1461 43 21 Vid
758 1460 79 21 sådant
852 1459 134 22 förhållande
994 1462 24 18 är

190 1485 37 22 det
242 1486 73 22 bättre
331 1489 32 19 att
378 1488 118 22 tillsvidare
512 1489 83 27 åtnöjas
612 1489 49 21 med
676 1488 155 28 grunddragen
841 1488 7 21 i
856 1488 162 27 propositionen

189 1514 40 22 och
246 1516 251 23 utskottsbetänkandet.
