1109 1739
230 136 41 20 164
512 138 40 17 Den
570 136 24 19 13
612 137 87 18 Oktober.

269 201 10 20 I
303 200 94 27 enlighet
417 201 91 21 härmed
529 200 104 28 företogs,
650 201 49 21 med
714 200 140 27 förbigående
870 200 24 22 af
906 201 117 26 ingressen,

200 235 46 16 som
269 229 32 22 till
324 230 40 21 sist
386 229 69 22 skulle
478 229 126 28 behandlas,
626 230 32 21 till
681 229 124 22 diskussion
827 229 11 28 $
862 231 10 19 1
897 236 61 15 mom.
976 231 10 19 1
1003 229 23 22 af

199 259 153 21 betänkandet.

267 287 98 22 Friherre
386 293 42 16 von
449 287 80 27 Born,
552 287 84 27 Viktor,
659 287 69 22 utbad
747 287 32 27 sig
794 287 63 22 ordet
872 287 41 22 och
928 287 94 28 yttrade:

199 316 83 22 Genom
309 316 42 22 den
377 315 152 28 försiggängna
559 317 161 26 omröstningen
742 317 41 20 har
805 316 37 21 det
865 315 23 22 af
907 317 43 26 mig
972 321 50 22 nyss

198 345 76 28 gjorda
288 345 103 27 förslaget
405 345 60 22 fallit.
496 345 10 21 I
521 351 83 16 samma
618 345 138 28 hufvudsyfte
773 345 69 21 skulle
848 345 38 27 jag
896 345 66 22 önska
970 346 53 26 göra

197 376 34 19 ett
252 374 77 27 tillägg
350 374 32 21 till
398 374 70 21 denna
482 374 103 27 paragraf
599 374 88 27 derhän,
703 376 33 19 att
751 373 119 27 författare,
887 373 33 22 för
935 375 33 20 att
982 380 41 20 ega

199 403 41 22 den
255 403 79 22 honom
348 403 41 21 här
403 403 160 21 tillförsäkrade
573 403 140 22 uteslutande
721 404 51 25 rätt,
782 403 45 25 bör,
836 402 46 22 ifall
890 403 89 21 skriften
988 405 34 19 ut-

198 431 75 27 gifves,
291 432 78 22 sädant
387 432 143 27 uttryckligen
547 431 122 22 förbehälla
683 438 78 26 genom
777 420 203 46 tillkännagifvande
994 432 28 26 pä

199 460 101 22 skriftens
317 460 103 22 titelblad.
451 460 68 22 Afven
536 460 61 22 detta
612 460 73 22 kunde
699 461 23 27 ju
739 460 104 27 stämplas
855 460 71 22 såsom
936 466 86 21 omsorg

197 491 33 19 att
245 489 111 22 författare
371 489 49 21 icke
434 490 68 20 mätte
516 489 85 21 komma
617 489 32 21 till
665 490 33 21 sin
713 490 56 25 rätt;
785 495 48 15 men
846 489 38 27 jag
899 490 39 20 ber
953 488 67 27 attfä,

194 518 68 27 jemte
279 518 36 22 det
328 518 37 27 jag
380 518 109 22 försäkrar
504 520 32 19 att
552 518 61 22 detta
628 518 48 22 icke
692 520 24 20 är
731 502 43 48 min
789 517 71 28 afsigt,
876 518 100 27 päminna
987 524 34 15 om

197 549 33 19 att
245 547 7 21 i
268 547 105 21 särskilda
389 547 66 21 andra
469 546 126 28 paragrafer
611 546 22 22 af
647 547 61 21 detta
723 546 117 28 lagförslag
856 553 25 15 en
898 546 56 28 dylik
965 546 55 22 före-

196 576 63 22 skrift
273 575 40 22 fått
327 576 56 27 ingå.
413 576 10 21 I
439 576 40 21 den
495 576 80 27 nådiga
589 576 175 27 propositionens
780 575 11 28 $
807 578 11 19 6
834 576 62 22 heter
912 576 46 21 det:
970 576 51 24 ,har

195 604 128 22 författaren
345 604 36 22 vid
403 604 133 28 utgifvandet
557 604 22 22 af
595 604 63 22 skrift
673 611 78 21 genom
766 604 126 28 uttryckligt
907 604 113 22 tillkänna-

195 634 100 26 gifvande
311 634 29 26 pä
355 633 101 22 skriftens
472 634 101 21 titelblad
587 633 124 22 förbehällit
726 634 34 26 sig
775 633 139 22 uteslutande
928 635 44 19 rätt
988 635 33 20 att

197 662 62 22 deraf
272 662 81 27 utgifva
369 662 176 27 öfversättning*,
563 668 18 16 o.
597 668 16 16 s.
629 670 27 17 v.;
676 663 3 21 i
694 663 51 21 herr
755 662 159 28 Montgomerys
923 668 97 16 reserva-

194 691 46 21 tion
259 691 134 21 beträffande
408 698 82 14 samma
505 691 10 27 $
532 693 11 19 6
559 692 66 21 heter
637 692 38 21 det
689 692 29 26 pä
733 691 114 22 enahanda
862 693 54 25 sätt;
932 691 7 21 i
954 691 22 28 $$
994 693 25 19 12

196 720 41 22 och
258 722 25 19 13
303 720 22 21 af
338 720 117 22 utskottets
471 720 138 22 betänkande
623 720 67 22 finnes
705 720 51 22 med
771 720 101 22 afseende
888 720 14 21 å
916 720 104 27 rättighet

196 751 33 20 att
251 748 90 28 uppföra
360 749 123 27 skådespel,
502 755 47 15 som
568 749 7 21 i
591 749 61 27 tryck
667 749 120 26 utkommit,
804 749 66 21 också
886 750 32 20 ett
932 750 88 26 analogt

195 778 126 27 stadgande,
341 778 70 21 neml.:
434 778 51 26 ,har
504 778 115 27 skådespel
638 778 7 21 i
666 778 61 27 tryck
746 778 120 26 utkommit,
883 778 39 21 och
938 780 24 19 är
976 777 42 22 för-

195 806 93 22 fattaren
307 807 118 26 behörigen
446 806 142 28 namngifven,
609 808 56 20 samt
679 806 106 22 förbehåll
801 806 71 27 gjordt
888 813 33 15 om
936 807 82 21 uteslu-

194 836 66 21 tande
281 837 45 20 rätt
347 836 33 20 till
403 836 48 20 dess
471 835 108 27 offentliga
595 835 139 27 uppförande,
751 842 19 15 o.
787 842 16 14 s.
819 842 27 20 v.,
862 838 56 19 samt
934 836 85 21 arbetet

193 864 73 28 tryckt
283 864 50 22 med
347 864 105 22 förbehåll
466 866 46 20 mot
527 864 50 22 dess
593 864 155 28 uppförande”.
778 864 67 22 Detta
860 864 68 27 gäller
942 871 28 15 nu
986 864 31 22 öf-

194 893 159 27 versättningar
369 893 38 21 och
423 893 133 27 uppförande
572 892 22 22 af
607 893 85 27 tryckta
707 893 117 27 skådespel
839 893 39 21 och
894 893 75 22 hänför
984 894 34 26 sig

195 922 85 22 således
303 922 47 22 icke
373 922 32 20 till
424 922 41 21 den
480 921 127 22 författaren
623 922 66 27 enligt
705 922 10 27 $
733 924 10 19 1
762 921 158 23 tillförsäkrade
935 922 82 22 uteslu-

193 951 66 21 tande
281 952 53 25 rätt;
357 957 48 14 men
427 950 62 21 äfven
508 951 7 20 i
530 952 110 20 närmaste
656 950 155 27 sammanhang
826 950 89 21 härmed
930 951 88 26 stadgar

194 980 13 26 $
231 981 12 19 9
266 985 63 15 mom.
350 985 18 20 e,
385 980 32 20 att
432 979 11 27 $
460 981 9 19 1
487 985 27 15 m.
530 979 20 21 fl.
567 979 48 22 icke
631 981 36 20 äro
683 979 137 27 tillämpliga:
838 985 48 20 ,om
900 979 8 21 i
924 979 92 27 dagblad

193 1008 53 21 eller
260 1007 95 22 tidskrift
370 1007 98 22 enskilda
483 1009 116 26 uppsatser
615 1008 40 21 och
670 1008 156 21 meddelanden
835 1014 26 15 ur
869 1014 69 15 annan
946 1008 70 27 perio-

194 1037 49 21 disk
265 1036 63 22 skrift
350 1036 119 27 aftryckas;
493 1036 94 22 härifrän
611 1037 55 21 dock
685 1037 140 26 undantagna
844 1037 94 21 noveller
960 1038 56 20 samt

192 1067 116 26 uppsatser
331 1065 22 21 af
373 1065 75 22 vittert
469 1065 94 22 innehäll
586 1065 41 22 och
640 1065 163 27 vetenskapliga
819 1064 155 29 afhandlingar,
991 1065 25 22 sä

192 1094 65 21 framt
271 1094 105 21 förbehåll
391 1095 45 20 mot
451 1094 62 21 deras
530 1094 139 27 aftryckande
684 1094 71 21 blifvit
770 1094 92 27 gjordt*.
892 1095 43 20 Det
950 1101 64 21 synes

191 1123 67 26 häraf,
275 1124 33 20 att
322 1123 155 26 Lagutskottet
492 1123 55 21 dock
562 1123 7 20 i
585 1124 32 20 ett
632 1122 37 22 fall
684 1124 74 20 ansett
768 1123 32 26 sig
807 1123 73 21 kunna
887 1123 128 22 föreskrifva

192 1153 32 20 ett
246 1151 89 28 positivt
357 1151 107 22 förbehåll
483 1151 47 21 från
545 1151 139 22 författarens
701 1152 54 26 sida,
771 1151 32 22 för
819 1153 33 20 att
866 1151 42 22 han
924 1152 54 21 skall
994 1151 21 22 få

190 1181 153 26 tillgodonjuta
357 1180 33 21 sin
404 1180 139 21 uteslutande
558 1182 51 25 rätt,
626 1181 66 21 sådan
709 1181 42 21 den
767 1183 24 18 är
805 1180 79 21 honom
898 1181 8 20 i
915 1176 9 36 $
949 1182 9 19 1
971 1181 43 20 till-

190 1209 118 22 försäkrad.
338 1209 42 27 Jag
402 1209 69 21 mäste
493 1209 86 21 säledes
601 1215 51 16 anse
669 1209 36 21 det
719 1209 50 22 icke
784 1215 52 16 vara
851 1209 161 27 inkonsegvent,

191 1240 32 20 att
238 1238 110 28 uppställa
363 1238 36 21 det
414 1244 81 15 samma
510 1238 73 21 såsom
598 1238 78 21 allmän
686 1238 77 27 regel
754 1233 10 37 i
776 1239 9 19 1
798 1237 16 28 $.
839 1238 47 21 Den
895 1237 117 27 författare,

191 1273 47 16 som
260 1270 24 19 är
305 1267 49 21 män
376 1273 34 15 om
429 1268 33 20 att
477 1267 78 21 bevara
570 1267 33 21 sin
619 1267 140 21 uteslutande
774 1268 44 19 rätt
833 1268 33 20 att
880 1266 81 27 utgifva
977 1267 37 21 det

191 1296 81 26 arbete,
294 1295 43 22 han
357 1295 88 26 skrifvit,
461 1295 40 24 bör
516 1295 34 21 väl
566 1295 65 22 ocksä
645 1296 72 21 kunna
733 1301 77 21 genom
825 1295 67 27 nägra
907 1296 63 21 rader
984 1295 29 27 pä

190 1324 123 23 titelbladet
333 1323 56 28 gifva
408 1324 77 21 sädant
500 1324 111 21 tillkänna.
642 1324 73 22 Skulle
732 1324 47 21 äter
794 1323 132 25 författaren,
942 1324 71 21 säsom

188 1353 37 28 jag
239 1353 57 21 hade
311 1355 52 19 äran
378 1354 83 25 nämna,
476 1353 48 21 icke
539 1353 81 26 begära
634 1353 71 22 bättre
722 1354 28 19 än
761 1354 32 20 att
803 1352 66 22 blifva
879 1352 132 28 eftertryckt,

190 1383 25 20 sä
231 1383 38 26 gör
283 1381 43 22 han
341 1381 47 22 icke
404 1381 61 22 detta
479 1381 111 25 förbehäll,
606 1381 40 22 och
662 1381 28 22 dä
704 1383 39 20 vet
757 1381 53 22 hvar
825 1381 41 22 och
881 1388 26 15 en
921 1387 46 16 som
980 1381 33 21 fär

191 1411 61 21 detta
274 1410 75 22 arbete
370 1410 7 21 i
400 1409 33 22 sin
455 1409 57 22 hand
531 1422 28 3 —
574 1410 82 21 kanske
669 1411 80 26 mänga
764 1410 113 22 decennier
892 1409 78 22 efterät
984 1421 28 4 —

190 1441 33 20 att
238 1439 43 21 han
296 1439 47 21 icke
357 1439 94 20 kränker
465 1439 81 26 nägons
562 1441 45 19 rätt
621 1445 78 20 genom
714 1440 35 20 att
763 1438 57 27 gifva
835 1440 25 20 ut
870 1439 36 21 det
914 1439 60 27 änyo.
984 1451 28 3 —

189 1469 72 21 Jemte
284 1467 37 22 det
340 1467 37 27 jag
400 1467 84 21 säledes
500 1467 92 21 föreslär
611 1469 32 19 ett
662 1467 77 27 tillägg
753 1467 8 21 i
777 1467 61 21 detta
853 1467 55 27 syfte
924 1467 40 21 och
979 1469 33 19 att

189 1497 38 21 det
246 1496 68 21 mätte
331 1495 122 27 uppdragas
475 1495 22 21 ät
515 1496 155 27 Lagutskottet
689 1498 34 19 att
738 1498 98 19 närmare
850 1496 98 26 redigera
964 1496 46 22 det-

188 1531 87 20 samma,
295 1524 36 23 vill
347 1524 38 28 jag
399 1526 84 25 nämna,
499 1526 33 20 att
544 1525 39 27 jag
598 1525 62 21 tänkt
674 1524 44 28 mig
734 1530 27 16 en
775 1524 89 27 ungefär
880 1524 24 22 sä
918 1524 92 28 lydande

188 1554 86 26 mening
297 1552 53 23 efter
372 1553 55 21 sista
449 1553 61 22 ordet
524 1553 8 21 i
546 1553 139 27 paragrafens
701 1553 70 22 första
785 1554 93 21 moment
894 1552 114 29 ,förfoga*:
