1109 1739
210 117 42 20 312
498 117 42 18 Den
556 115 27 20 20
599 117 89 18 Oktober.

180 182 123 28 byggarene
322 181 8 22 i
351 181 64 22 dessa
433 181 102 22 Finlands
554 181 99 27 nordliga
672 179 76 29 nejder
766 179 62 23 äfven
850 179 106 28 framgent
970 179 38 22 be-

181 211 69 22 viljas.

208 217 8 22 !
250 239 35 22 Då
299 239 66 27 ingen
379 245 70 16 annan
465 238 22 22 af
500 238 101 22 ständets
616 238 141 22 medlemmar
766 237 74 22 vidare
848 237 95 22 önskade
950 238 58 27 yttra

181 269 34 27 sig
237 268 59 22 öfver
317 267 76 28 frågan
415 268 7 21 i
443 267 124 27 allmänhet,
587 267 134 22 förklarades
738 267 41 21 den
792 266 157 22 förberedande
965 266 41 21 dis-

181 297 119 22 kussionen
323 296 99 27 afslutad,
446 297 40 21 och
509 296 114 27 föredrogs
642 303 30 14 nu
689 296 34 21 till
739 295 205 28 detaljgranskning,
960 295 49 21 med

181 326 140 27 förbigående
340 325 22 22 af
377 326 113 27 ingressen
508 325 33 22 till
561 325 121 22 utskottets
697 324 82 27 förslag
793 324 127 27 tillsvidare,
942 325 4 20 1
964 329 44 16 mo-

184 357 96 20 mentets
302 355 8 21 i
331 354 120 22 utskottets
473 354 139 22 betänkande
634 353 120 27 inledning:
779 353 40 27 ,de
834 353 50 22 med
899 353 109 21 Kuusamo

187 383 135 22 sockneboer
337 389 19 16 0.
373 389 16 16 s.
405 390 20 15 v.
441 383 56 22 ända
512 383 33 21 till
562 383 59 26 ,dels
638 382 131 28 upphäfda*,
781 382 40 22 och
830 382 62 21 vardt
904 382 60 22 denna
977 381 32 22 in-

185 412 88 27 ledning
289 412 33 21 till
346 414 2 19 1
366 418 61 16 mom.
444 411 23 22 af
481 412 88 21 ständet
584 413 53 20 utan
653 411 124 22 diskussion
793 411 107 27 godkänd.

252 441 42 21 Vid
308 440 153 28 föredragning
475 440 23 22 af
512 440 42 22 den
569 440 34 22 till
619 441 60 21 detta
693 442 96 20 moment
803 440 113 21 hörande
909 435 15 37 1
934 439 76 27 punkt,

183 469 92 28 lydande
297 471 46 25 ,att
356 470 138 26 provisionell
510 469 122 27 afrösning*
649 475 18 16 o.
686 475 17 16 s.
718 476 21 15 v.
755 469 56 21 ända
825 468 34 22 till
876 468 135 27 ,Kemiträsk

185 498 102 26 socken*,
303 498 73 22 anhöll

251 527 99 22 Friherre
365 533 41 16 von
421 527 80 26 Troil,
518 527 22 21 S.
554 527 41 27 W.,
611 528 33 20 att
658 526 23 22 fä
695 526 142 28 understödja
851 526 51 22 herr
916 532 41 16 von
965 525 44 22 Alf-

185 556 64 22 thans
265 555 82 28 förslag
361 556 92 22 rörande
468 556 161 22 tunnlandtalet
643 556 7 21 i
665 555 162 29 ifrägavarande
843 556 97 26 socknar,
951 561 59 15 nem-

184 585 58 27 ligen
264 586 33 20 att
317 585 119 22 detsamma
455 585 70 21 skulle
546 586 79 26 utgöra
642 586 75 26 12,000
733 584 106 22 tunnland
854 584 32 22 för
900 584 110 22 Kuusamo

184 614 41 22 och
241 614 124 28 Kuolajärvi
381 614 40 22 och
437 615 62 25 8,000
516 614 106 22 tunnland
636 613 33 23 för
685 614 124 22 Kemiträsk
824 619 39 22 pro
872 613 139 28 provisionelt

185 643 88 21 mantal.

253 672 57 21 Herr
325 671 142 27 Snellman,
486 671 20 22 J.
526 671 33 22 V.:
588 671 43 27 Jag
646 672 97 22 anhäller
758 671 124 28 ödmjukast
896 672 32 21 att
942 670 22 23 fä
978 670 32 23 bi-

184 700 65 22 träda
263 700 50 22 herr
327 706 43 16 von
384 700 99 22 Alfthans
497 700 80 22 väckta
591 699 86 29 förslag.

228 740 3 3 +
253 729 57 22 Herr
331 729 122 27 Pipping,
477 729 99 22 Fredrik:
607 729 34 21 Då
663 730 50 21 herr
732 735 43 16 von
795 728 86 22 Alfthan
901 728 58 28 afgaf
973 728 39 22 sitt

185 758 109 22 allmänna
312 758 101 28 yttrande
429 758 111 27 angäende
557 758 60 22 detta
631 758 146 27 betänkande,
793 758 98 22 framhöll
906 758 50 21 herr
969 764 41 16 von

184 786 89 22 Alfthan
292 788 33 20 att
340 787 68 21 saken
423 787 70 21 skulle
508 786 86 22 befinna
609 787 34 27 sig
657 787 91 27 ungefär
762 787 7 21 i
785 793 81 15 samma
882 786 66 27 skick,
965 792 46 16 som

185 816 41 21 den
241 815 83 27 föreläg
339 816 116 21 ständerna
470 816 35 22 vid
522 817 55 20 1872
593 816 36 21 ärs
643 816 112 27 landtdag.
779 816 30 21 Pä
822 816 69 26 grund
902 815 62 22 häraf
970 815 40 22 och

184 844 29 27 pä
229 844 70 27 grund
314 844 23 22 af
349 844 57 22 hvad
420 845 51 21 herr
485 851 42 15 von
542 844 88 22 Alfthan
645 845 7 21 i
667 844 66 28 öfrigt
749 844 75 28 anfört,
840 845 50 21 kom
905 845 50 21 herr
969 850 41 16 von

184 872 89 22 Alfthan
293 873 33 21 till
347 873 42 22 den
409 873 118 22 slutsatsen
546 875 33 20 att
597 874 36 21 vid
649 874 42 21 den
705 874 154 27 provisionella
874 873 136 27 afrösningen

185 903 71 20 större
271 902 136 21 tunnlandtal
422 902 61 22 mark
498 902 68 22 borde
581 902 94 22 tilldelas
690 903 75 27 hvarje
780 902 80 22 manta!
877 902 5 22 i
892 902 118 26 Kuusamo,

183 930 128 28 Kuolajärvi
330 930 41 22 och
386 931 129 26 Kemiträsk,
532 933 27 19 än
574 931 56 22 hvad
645 932 78 26 nädiga
738 932 162 26 propositionen
915 931 95 21 innehäl-

184 959 39 26 ler,
240 959 41 22 och
296 959 75 21 härvid
386 959 39 22 har
440 959 50 22 herr
504 966 42 15 von
561 959 87 22 Alfthan
663 960 70 21 blifvit
748 960 134 21 understödd
898 959 22 22 af
933 962 77 19 tvenne

185 988 66 21 ärade
267 987 221 23 ständsmedlemmar.
513 988 72 22 Saken
599 991 24 19 är
638 989 47 22 icke
702 989 24 21 sä
742 989 89 21 alldeles
843 989 7 21 i
861 995 81 15 samma
949 988 62 21 skick

185 1022 46 16 som
255 1017 41 21 den
318 1016 83 27 föreläg
418 1017 36 22 vid
471 1019 54 20 1872
542 1017 35 22 ärs
592 1017 105 28 landtdag
711 1017 34 22 för
761 1018 37 21 det
812 1017 92 27 utskott,
921 1023 46 16 som
983 1017 28 21 dä

184 1045 137 22 behandlade
341 1045 96 27 ärendet,
458 1046 107 27 nemligen
581 1048 156 20 sammansatta
753 1046 70 22 Stats-
839 1047 41 21 och
894 1046 116 22 Ekonomi-

185 1074 115 21 utskottet.
330 1074 67 22 Detta
419 1075 85 21 utskott
526 1075 95 27 föreslog
637 1077 76 25 12,000
729 1075 111 27 tunnland,
858 1075 71 22 säsom
944 1075 67 22 redan

184 1103 90 21 nämndt
292 1109 44 20 var,
351 1109 50 15 men
417 1103 37 22 det
469 1110 38 15 var
521 1103 70 22 under
606 1105 42 21 den
662 1104 163 27 förutsättning,
842 1106 33 20 att
889 1104 50 22 hela
951 1104 59 27 jord-

185 1131 87 22 arealen
287 1131 32 22 uti
335 1131 27 22 de
378 1132 97 27 socknar,
491 1132 74 22 hvilka
580 1133 41 21 här
636 1135 37 20 äro
688 1133 7 21 i
710 1133 69 27 fräga,
795 1133 47 22 icke
858 1133 69 22 skulle
938 1133 73 27 uppgä

184 1160 34 21 till
234 1159 42 22 den
292 1159 65 27 siffra,
373 1167 47 15 som
435 1167 50 15 man
499 1161 118 27 igenfinner
632 1162 7 21 i
655 1162 41 21 den
712 1162 79 27 nädiga
805 1162 162 27 propositionen
977 1161 33 22 till

185 1189 70 21 denna
277 1189 112 27 landtdag,
413 1189 53 22 eller
482 1190 99 27 omkring
599 1192 114 25 4,700,000
733 1191 113 26 tunnland,
862 1193 53 19 utan
931 1191 27 21 dä
973 1197 38 14 var

184 1224 49 15 man
256 1217 7 22 i
287 1218 41 21 den
350 1219 55 26 tron,
429 1220 32 20 att
480 1219 138 27 jordarealen
640 1219 8 21 i
662 1219 61 28 fråga
738 1220 95 27 uppgick
848 1220 33 21 till
897 1221 113 25 9,699,428

184 1246 111 22 tunnland.
325 1247 74 21 Under
422 1247 69 22 sädan
510 1247 155 28 förutsättning
683 1255 38 15 var
736 1249 39 21 det
791 1249 66 21 ocksä
871 1249 34 21 väl
921 1248 89 21 motive-

183 1275 50 21 radt
253 1277 34 19 att
307 1276 48 21 med
370 1275 99 28 frikostig
485 1276 57 22 hand
557 1277 74 21 utdela
646 1277 159 22 tunnlandtalet
820 1278 28 26 pä
863 1277 73 28 hvarje
952 1283 58 15 man-

184 1303 38 22 tal.
253 1304 50 21 Men
319 1304 6 21 i
341 1304 62 21 detta
420 1305 79 22 ärende
512 1305 111 30 upplystes
633 1306 36 21 vid
682 1307 53 20 1872
748 1306 35 21 års
795 1306 104 27 landtdag
910 1307 32 20 att
950 1306 60 27 jord-

185 1332 87 21 arealen
288 1333 28 20 dä
330 1339 38 15 var
384 1333 89 28 oriktigt
488 1334 121 27 uppgifven,
619 1335 40 21 och
675 1335 69 21 denna
761 1335 117 27 oriktighet
889 1337 24 19 är
923 1341 88 15 numera

184 1361 80 26 rättad,
281 1361 26 21 sä
322 1363 33 20 att
369 1361 22 22 vi
405 1361 63 23 hafva
485 1364 32 20 att
532 1363 116 27 disponera
663 1365 32 20 ett
710 1363 50 22 vida
775 1364 82 21 mindre
873 1363 58 22 antal
948 1365 62 19 tunn-

183 1389 51 22 land
254 1391 28 20 än
300 1395 46 16 som
366 1392 54 20 1872
437 1391 89 22 troddes
542 1391 111 28 föreligga,
669 1392 28 21 dä
713 1394 155 19 sammansatta
884 1392 70 21 Stats-
970 1392 41 21 och

183 1418 218 23 Ekonomiutskottet
419 1419 60 28 afgaf
495 1421 149 21 betänkandet
661 1421 33 21 till
710 1421 67 27 sagde
793 1421 35 22 ärs
845 1421 109 27 landtdag,
970 1421 41 21 och

183 1446 24 21 af
225 1447 42 21 den
286 1447 79 27 nädiga
383 1449 163 26 propositionen
565 1449 68 22 finner
653 1456 48 15 man
717 1450 68 21 ocksä
800 1457 35 18 nu,
852 1451 32 20 att
900 1450 40 21 den
956 1449 54 27 jord,

183 1480 48 27 som
253 1475 69 22 finnes
345 1476 127 28 disponibel,
496 1478 62 21 torde
580 1478 64 21 bestå
663 1478 48 22 utaf
727 1478 82 22 inemot
827 1478 82 22 hälften
925 1478 86 22 skattiri

180 1504 51 26 jord
244 1504 38 32 och
293 1504 170 33 impedimenter.
485 1506 43 22 Det
540 1506 46 24 stär
598 1506 85 22 säledes
692 1507 32 21 till
732 1507 57 22 buds
798 1507 66 27 nägot
871 1514 60 14 mera
942 1507 68 21 skatt-

183 1532 38 23 bar
231 1533 51 29 jord
298 1535 27 20 än
341 1534 164 29 impedimenter
520 1537 33 21 att
569 1536 81 28 utdela,
667 1536 40 22 och
717 1542 35 16 om
760 1536 174 30 propositionens
943 1536 67 23 siffer-
