1109 1739
419 137 38 17 Den
475 135 11 17 9
503 136 88 18 Oktober.
863 135 38 19 125

106 199 39 21 har
166 205 52 16 man
239 198 49 22 icke
308 197 70 22 anfört
395 197 96 22 faktiska
506 198 60 21 bevis
582 199 28 26 på
625 199 32 20 att
671 197 139 28 framgången
826 198 22 22 af
862 199 69 21 denna

106 227 81 28 vigtiga
202 225 156 30 angelägenhet
367 226 64 21 beror
441 226 28 27 på
479 226 102 21 förökadt
591 226 125 27 lönebidrag
725 226 47 21 från
783 228 83 21 statens
877 227 53 22 sida.

174 257 57 21 Herr
253 255 158 26 Schauman,
433 255 25 21 B.
480 254 36 22 O.:
540 255 42 26 Jag
596 255 37 21 vill
653 255 78 21 endast
746 255 90 27 tillägga
851 257 37 24 att,
904 255 27 21 då

104 285 38 27 jag
156 283 152 28 understödjer
324 283 118 22 utskottets
458 283 144 27 betänkande,
619 284 24 21 så
658 285 46 20 tror
717 284 37 27 jag
769 284 43 26 mig
827 285 52 25 göra
894 284 37 21 det

106 313 8 22 i
128 313 134 22 folkskolans
279 313 49 26 eget
342 311 99 22 intresse.

175 341 157 22 Diskussionen
349 339 134 22 förklarades
503 347 35 20 nu,
555 343 52 19 enär
627 341 62 20 ordet
704 340 47 21 icke
766 340 73 22 vidare
855 341 75 26 begär-

106 371 38 21 des
161 369 23 22 af
197 370 71 27 någon
283 369 90 21 medlem
384 369 23 21 af
420 369 95 26 ståndet,
528 369 99 26 afslutad,
639 369 41 22 och
691 369 32 21 till
733 369 133 22 besvarande
877 375 53 21 upp-

106 399 68 21 lästes
191 405 26 15 en
232 397 133 28 proposition
381 397 22 22 af
416 397 94 28 följande
525 398 93 27 lydelse:

177 428 66 25 »Den,
259 432 46 16 som
320 426 124 26 godkänner
465 428 157 19 sammansatta
645 426 70 22 Stats-
734 427 39 20 och
792 426 139 21 Ekonomiut-

108 456 95 21 skottets
225 455 142 26 betänkande,
390 454 134 22 beträffande
547 454 75 28 frågan
645 460 34 16 om
701 454 180 28 löneförbättring
900 454 32 21 för

106 484 87 22 landets
208 483 174 22 folkskolelärare
398 484 40 20 och
453 483 126 26 lärarinnor,
596 490 73 15 svarar
681 484 33 26 ja;

176 512 75 22 vinner
265 512 41 27 nej,
322 512 41 21 blir
378 512 99 21 ståndets
492 512 75 22 beslut
583 514 32 19 att
630 512 32 21 till
677 512 148 21 förbättrande
841 512 23 21 af
877 511 53 22 folk-

108 541 171 22 skolelärarenes
302 540 40 22 och
363 540 159 22 lärarinnornas
542 541 8 21 i
564 541 216 21 landskommunerne
803 540 128 22 löneförmå-

108 576 38 16 ner
167 570 80 27 bevilja
268 570 154 20 kommunerna
443 569 33 21 för
494 569 75 27 hvarje
587 570 69 21 lärare
672 570 41 20 och
727 569 108 21 lärarinna
850 568 81 28 ytterli-

108 604 51 22 gare
178 598 42 22 200
242 598 67 26 mark,
325 598 25 21 så
368 599 33 20 att
415 598 101 26 bidraget
532 598 23 21 af
568 598 106 21 allmänna
689 598 69 21 medel
774 597 69 22 blefve
858 597 32 22 för
906 598 26 20 de

108 627 59 21 förra
183 628 41 20 800
240 627 40 21 och
295 626 32 22 för
342 627 27 21 de
384 632 77 16 senare
477 628 42 20 600
534 627 62 21 mark
611 633 34 15 om
661 627 47 21 året
723 627 48 21 med
781 626 151 22 bibehållande

108 655 32 22 för
162 656 49 21 dem
234 655 22 21 af
277 655 27 21 de
323 655 106 21 förmåner
448 655 7 21 i
471 654 65 28 öfrigt
551 662 47 14 som
612 658 89 18 nämnas
716 655 7 21 i
739 654 22 28 $$
778 656 40 20 134
835 655 40 21 och
892 656 39 19 135

109 684 23 21 af
152 684 257 26 folkskoleförordningen
432 684 41 21 den
497 685 25 20 11
546 684 43 27 Maj
614 686 65 24 1866;
703 683 40 22 och
761 684 170 21 återremitteras

109 712 91 23 ärendet
215 712 33 22 till
263 712 107 22 utskottet
385 712 32 22 för
433 712 158 27 omredigering
605 713 6 20 i
627 712 70 22 denna
712 712 41 22 del.

177 741 163 27 Propositionen
356 741 129 21 besvarades
500 742 50 20 med
565 741 56 21 både
634 741 23 27 ja
672 740 41 22 och
726 741 41 27 nej,
779 740 86 22 hvarför
874 740 58 27 uppå

110 770 74 21 derom
199 770 61 27 gjord
275 770 100 21 anhållan
390 770 119 21 anställdes
526 770 71 21 sluten
613 770 137 26 omröstning,
765 769 40 21 och
821 769 28 21 då
864 769 69 21 denna

108 798 64 22 utföll
193 799 49 21 med
263 800 26 19 32
306 798 23 28 ja
344 798 40 22 och
401 800 25 20 17
441 798 42 28 nej,
500 804 38 16 var
553 798 120 22 utskottets
688 798 137 22 betänkande
840 797 7 21 i
864 797 69 21 denna

111 827 34 21 del
161 827 117 27 godkändt.

178 856 56 22 Herr
249 855 132 22 Järnefelt
395 856 92 21 nedlade
508 857 59 20 emot
581 856 60 21 detta
659 855 72 22 beslut
746 855 33 21 sin
793 854 139 22 reservation.

178 941 11 21 I
204 942 107 21 anseende
326 941 33 21 till
375 942 40 20 den
430 940 145 23 framskridna
591 941 58 22 tiden
665 941 67 26 ansåg
747 941 49 21 herr
806 940 127 21 Landtmar-

110 969 91 22 skalken
218 969 123 28 lämpligast
359 976 52 15 vara
431 971 32 20 att
481 969 42 22 här
538 970 84 27 afbryta
636 969 157 22 betänkandets
808 969 74 21 vidare
896 969 37 20 be-

110 998 109 27 handling,
239 1000 56 20 samt
314 999 135 26 uppmanade
471 998 102 22 ståndets
588 999 138 21 medlemmar
741 999 32 20 att
788 997 93 22 klockan
897 1003 37 15 sex

110 1027 29 26 på
154 1027 170 27 eftermiddagen
339 1027 47 21 åter
401 1027 86 21 samlas.

180 1112 89 22 Plenum
284 1112 75 23 afslöts
374 1113 54 21 härå
442 1112 95 22 klockan
551 1112 46 22 half
610 1114 33 21 tre
659 1112 54 23 efter
727 1112 119 27 middagen.

255 1220 90 25 Samma
360 1221 42 28 dag
419 1221 99 24 klockan
534 1227 42 17 sex
592 1220 61 24 efter
668 1220 125 29 middagen.

179 1278 56 21 Herr
253 1277 208 23 Landtmarskalken
479 1278 145 27 tillkännagaf
640 1279 33 20 att
688 1278 97 21 ståndets
801 1275 85 23 valmän
902 1277 33 20 ut-

111 1308 45 21 sett
171 1307 32 21 till
217 1307 96 22 ledamot
325 1307 7 21 i
347 1307 219 27 Jernvägsutskottet
580 1307 50 21 herr
639 1306 155 27 Wasastjerna,
805 1304 81 26 Alfred,
903 1305 33 20 till

112 1335 115 27 suppleant
241 1336 8 20 i
264 1341 81 16 samma
359 1336 86 21 utskott
459 1335 52 22 herr
523 1336 130 26 Lagerborg,
664 1335 103 27 Hjalmar,
778 1333 33 22 till
822 1333 115 26 suppleant

111 1364 7 21 i
133 1364 156 27 Lagutskottet
302 1363 89 22 friherre
407 1364 27 21 de
449 1364 22 21 la
486 1363 111 28 Chapelle,
614 1363 69 27 Claes,
700 1363 39 22 och
755 1363 33 21 till
804 1361 133 27 suppleant
927 1357 13 38 i

110 1392 216 22 Ekonomiutskottet
341 1392 89 22 friherre
447 1392 154 22 Cedercreutz.

180 1455 42 20 Till
239 1455 121 21 kännedom
378 1455 140 21 meddelades
535 1461 27 15 en
577 1454 112 22 skrifvelse
704 1453 47 22 frän
766 1451 172 24 Statsutskottet

112 1482 23 22 af
147 1482 95 22 innehåll
257 1484 39 25 att,
313 1483 67 21 sedan
394 1483 95 27 lagenlig
499 1482 114 28 pluralitet
621 1482 86 22 vunnits
718 1482 7 20 i
735 1482 74 26 frågan
821 1486 35 16 om
867 1478 70 22 Stats-

111 1511 119 21 utskottets
246 1511 136 22 betänkande
397 1512 7 20 i
421 1511 116 26 anledning
552 1510 23 22 af
588 1511 41 21 den
639 1510 79 26 nädiga
728 1509 165 28 propositionen
904 1513 34 15 om

111 1538 129 22 förändrade
262 1540 94 26 grunder
377 1540 33 21 för
431 1538 333 28 räntepersedleomsättningen,
789 1536 57 23 hade
868 1535 70 22 Stats-
