1109 1739
235 126 41 20 268
526 129 40 17 Den
585 128 24 19 18
626 125 87 22 Öktober.

205 197 46 16 som
270 191 41 22 den
326 191 33 22 till
374 191 108 28 kaplaner,
497 192 142 27 predikanter
654 192 40 22 och
711 191 198 28 sockneadjunkter
924 192 109 27 utgående

203 220 232 27 spanmålsaflöningen
456 221 71 22 blefve
550 221 23 22 af
593 221 74 28 hvarje
685 221 126 27 församling
827 221 69 28 jemte
917 221 68 28 öfriga
1000 221 32 22 till

203 249 176 28 presterskapets
395 249 93 28 aflöning
502 249 98 22 hörande
615 250 112 27 persedlar
741 250 7 21 i
765 250 98 27 spanmål
874 251 117 21 värderade
1000 252 32 19 att

203 278 108 21 beräknas
330 279 7 20 i
356 279 119 26 penningar
495 279 55 21 efter
568 279 197 27 markegångspris,
785 280 57 20 samt
856 279 175 27 presterskapets

205 306 94 28 aflöning
313 307 96 22 härefter
423 307 101 22 bestämd
540 309 33 20 att
587 308 54 27 utgå
656 308 33 21 till
698 308 113 21 enahanda
818 308 86 27 belopp,
914 308 41 21 och
963 307 68 22 borde

203 335 71 22 denna
297 335 92 28 aflöning
411 336 53 27 utgå
484 336 40 22 och
544 337 109 27 uppbäras
674 337 7 21 i
696 337 69 21 likhet
780 337 49 21 med
844 336 138 22 kommunala
996 338 34 20 ut-

203 365 88 27 skylder
306 364 54 23 efter
375 365 127 22 skattöret*.

273 393 47 22 Och
335 400 47 15 som
396 394 71 21 denna
481 394 136 27 proposition
632 394 35 21 vid
683 394 94 22 anställd
792 395 99 26 votering
905 394 62 22 utföll
981 394 49 21 med

204 423 26 20 24
244 422 24 27 ja
283 423 41 20 och
341 424 26 20 22
383 423 40 27 nej,
439 423 48 27 gafs
503 423 7 21 i
526 423 97 27 enlighet
637 423 89 21 härmed
737 424 24 20 ät
771 425 64 19 nästa
846 423 134 27 proposition
990 423 40 21 föl-

199 451 68 27 jande
282 451 92 27 lydelse:

273 480 67 26 »Den,
357 486 46 16 som
418 480 126 28 godkänner
559 483 12 19 6
587 480 12 28 8
615 480 23 22 af
651 481 120 21 utskottets
789 481 138 21 betänkande
945 480 84 22 oförän-

203 508 60 27 drad,
279 514 74 16 svarar
366 509 33 27 ja;

271 538 75 22 vinner
365 538 41 28 nej,
426 538 146 27 omredigeras
588 538 129 28 paragrafen
732 538 7 22 i
756 538 37 22 det
808 538 23 22 af
844 538 90 22 friherre
949 538 79 22 Wrede

201 566 116 22 förordade
340 566 55 28 syfte
418 567 41 21 och
481 568 170 21 äterremitteras
671 567 129 27 paragrafen
818 567 33 21 till
872 567 106 22 utskottet
996 566 33 23 för

201 596 162 21 verkställande
379 595 22 22 af
414 596 93 22 berörda
522 596 179 27 omredigering*.

270 624 77 22 Denna
365 625 134 27 proposition
514 625 131 22 besvarades
660 625 36 22 vid
712 625 96 22 anställd
823 625 98 27 votering
936 624 49 22 med
1002 627 25 19 19

199 653 24 27 ja
245 653 41 21 och
309 655 26 20 25
356 654 41 27 nej,
417 654 33 21 till
470 654 52 27 följd
537 654 76 21 hvaraf
625 654 129 27 paragrafen
769 654 109 27 godkänts
894 654 49 22 med
958 660 69 16 omre-

201 682 90 21 daktion
306 682 7 21 i
329 682 37 22 det
381 682 23 22 af
416 682 90 22 friherre
522 683 79 22 Wrede
616 682 123 28 föreslagna
754 682 63 28 syfte.

269 711 57 21 Herr
349 712 89 21 Taube
457 712 71 21 anhöll
545 714 32 19 att
593 713 58 20 emot
667 712 41 22 den
723 713 50 20 näst
788 711 131 27 föregäende
935 711 92 22 voterin-

201 745 53 21 gens
270 740 81 27 utgäng
367 740 107 28 nedlägga
488 740 33 22 sin
536 741 140 21 reservation.

269 768 42 22 Vid
326 768 11 28 $
351 770 12 20 7
379 770 86 26 yttrade

269 797 57 22 Herr
343 798 145 22 Mechelin:
518 798 45 22 Det
577 798 63 22 heter
654 798 7 22 i
677 799 13 25 8
706 800 12 20 7
735 799 34 20 att
784 798 27 22 de
826 804 42 21 nya
884 797 67 28 ärliga
966 797 61 27 afgif-

199 827 40 25 ter,
263 832 48 16 som
326 826 62 22 skola
407 828 69 20 sättas
495 827 8 21 i
522 827 73 22 stället
614 827 33 21 för
665 827 43 21 alla
723 826 70 28 öfriga
809 827 47 27 slag
871 826 23 22 af
906 827 73 21 tionde
994 826 33 22 till

199 855 171 27 presterskapet,
391 856 61 21 skola
471 856 132 22 bestämmas
623 856 22 21 af
658 856 224 27 regleringskomit6n.
911 856 42 26 Jag
968 856 59 21 hem-

199 884 76 21 ställer
290 884 33 21 till
338 884 54 27 dem,
409 891 46 15 som
471 887 36 19 äro
523 885 50 21 med
589 886 72 20 ämnet
676 891 60 15 mera
751 884 117 27 förtrogne,
876 884 106 22 huruvida
990 884 37 22 det

198 912 43 22 kan
263 919 53 15 vara
337 913 99 27 lämpligt
458 915 32 20 att
510 914 24 21 ät
553 920 27 16 en
598 912 208 29 regleringskomitö,
822 914 65 20 hvars
902 913 86 27 uppgift
1003 915 24 19 är

199 941 22 21 af
239 941 158 22 förberedande
415 942 157 27 beskaffenhet,
596 942 131 22 öfverlemna
750 942 203 26 beskattningsrätt.
983 942 44 21 Det

199 971 24 20 är
237 970 127 27 visserligen
379 971 108 27 stadgadt,
504 971 28 27 pä
547 971 87 22 hvilken
650 971 69 27 grund
733 970 97 21 komitén
846 970 54 21 skall
908 970 118 22 verkställa

197 998 175 28 beskattningen,
395 1006 49 15 men
467 1000 37 21 det
526 1002 24 19 är
571 1000 55 21 dock
645 1001 32 20 ett
692 999 41 22 fält
747 999 34 22 för
796 999 114 27 godtycke,
927 999 41 22 och
982 999 44 27 mig

198 1033 64 21 synes
279 1029 33 20 att
327 1028 37 22 det
379 1028 110 23 definitiva
504 1028 127 28 afgörandet
645 1029 48 21 icke
709 1028 68 22 borde
792 1027 23 22 fä
829 1028 115 21 ankomma
958 1028 67 27 äreg-

197 1056 184 27 leringskomiten.

266 1085 57 22 Herr
341 1092 41 15 von
401 1085 155 22 Bonsdorff:
586 1086 10 21 I
615 1085 11 28 $
647 1088 25 19 18
689 1085 91 22 omtalas
797 1085 26 22 de
840 1085 122 27 omgångar,
979 1091 46 16 som

198 1115 37 20 äro
251 1113 102 23 förenade
369 1115 49 22 med
428 1114 228 28 regleringskomitens
667 1114 146 27 verksamhet,
825 1114 41 22 och
875 1120 77 21 genom
961 1114 65 22 dessa

197 1142 118 28 omgångar
331 1149 62 22 synes
409 1143 61 22 såväl
485 1143 144 28 löngifvarens
645 1150 46 15 som
706 1143 141 27 löntagarens
862 1145 45 19 rätt
922 1149 50 15 vara
988 1143 37 21 be-

196 1171 91 27 hörigen
307 1172 151 27 tillgodosedd.
479 1184 28 4 —
522 1172 73 22 Sedan
610 1173 131 21 bestämmes
757 1172 7 21 i
780 1171 11 28 $
807 1173 25 20 21
851 1173 33 20 att
900 1171 36 22 det
952 1171 23 22 af
986 1171 38 22 ko-

196 1199 65 22 miten
285 1201 130 27 upprättade
437 1201 81 27 förslag
537 1201 101 22 insändes
658 1201 32 22 till
706 1202 142 26 guvernören,
865 1206 46 16 som
928 1199 97 23 deröfver

196 1228 109 23 infordrar
327 1230 115 27 yttranden
465 1229 22 22 af
507 1230 162 22 vederbörande
689 1229 152 27 församlingar
857 1229 41 22 och
912 1229 112 26 löntagare

196 1259 63 25 samt,
281 1259 73 21 derest
372 1260 99 26 pastorat
489 1261 23 19 är
527 1259 74 27 ledigt,
618 1259 61 22 äfven
695 1258 23 22 af
732 1258 213 27 kontraktsprosten,
960 1257 63 22 hvar-

196 1285 55 22 efter
266 1289 134 24 guvernören
415 1287 111 22 meddelar
542 1287 142 28 domkapitlet
699 1288 27 21 de
742 1287 7 21 i
761 1287 67 22 saken
836 1287 113 21 tillkomna
956 1286 68 22 hand-

195 1315 76 26 lingar,
296 1318 55 19 samt
373 1317 108 26 slutligen,
505 1317 48 21 med
571 1316 115 27 bifogande
706 1315 23 22 af
748 1315 154 28 domkapitlets
918 1315 41 22 och
974 1317 50 25 eget

195 1343 114 23 utlätande
328 1345 7 20 i
351 1345 95 26 ärendet,
463 1345 141 22 öfverlemnar
619 1345 120 22 detsamma
755 1345 32 20 till
803 1344 106 22 Senatens
925 1343 98 28 pröfning

195 1372 41 21 och
251 1372 123 27 afgörande.
395 1385 28 4 -—
438 1373 10 22 I
464 1374 54 21 sista
533 1374 57 21 hand
606 1373 84 28 afgöres
705 1373 78 27 frågan
799 1373 85 22 således
899 1372 23 22 af
936 1373 86 26 Kejser-

194 1401 45 27 liga
254 1401 102 23 Senaten.
386 1403 41 26 Jag
446 1403 66 26 vågar
532 1402 83 22 derföre
635 1402 123 27 hemställa,
776 1408 34 15 om
828 1402 49 21 icke
894 1401 128 28 paragrafen

193 1429 74 23 kunde
283 1430 129 23 oförändrad
427 1433 97 25 antagas.

263 1459 98 22 Friherre
380 1460 103 26 Wrede,
504 1461 95 25 August:
630 1460 43 21 Det
687 1459 161 27 förtydligande
864 1459 159 27 Ridderskapet

194 1487 40 21 och
257 1487 70 22 Adeln
345 1488 32 21 uti
397 1488 50 22 dess
466 1495 50 21 nyss
535 1488 83 22 fattade
633 1488 73 22 beslut
721 1488 70 26 ansåg
805 1488 82 26 nödigt,
904 1488 34 20 att
952 1487 70 21 skulle

193 1515 82 23 införas
294 1516 7 21 i
318 1518 11 20 6
346 1516 17 28 &,
380 1518 62 21 torde
457 1518 159 26 Ridderskapet
631 1518 41 21 och
687 1517 70 21 Adeln
773 1516 58 22 finna
846 1516 136 27 erforderligt
992 1516 30 22 äf-
