1109 1739
409 144 40 17 Den
466 142 12 18 3
494 143 88 18 Oktober.
837 142 26 19 33

72 212 45 15 som
140 205 22 22 af
181 205 90 23 friherre
293 205 84 27 Wrede,
393 205 50 22 herr
459 206 103 21 Forsman
578 206 40 21 och
634 206 43 26 mig
692 206 7 21 i
713 207 133 20 reservation
861 205 33 22 till

72 235 163 27 Lagutskottets
258 235 135 21 betänkande
412 235 7 20 i
438 237 74 19 ämnet
529 234 68 22 blifvit
613 235 78 26 afgifna
707 236 55 20 samt
777 237 117 25 yttermera

72 264 127 21 utvecklade
214 263 36 22 vid
265 263 85 27 frågans
366 263 68 22 första
449 263 154 28 föredragning
618 264 7 21 i
641 263 93 27 ståndet,
751 263 96 28 afstyrka
857 270 37 15 an-

73 293 102 27 tagandet
191 292 22 22 af
227 291 326 28 sammanjemkningsförslaget.

140 322 57 21 Herr
218 321 143 21 Mechelin:
393 321 40 26 Jag
456 321 58 21 tillät
536 321 43 26 mig
601 320 113 22 framhålla
733 321 163 21 sannolikheten

74 350 60 21 deraf
148 352 33 19 att
194 350 49 21 hela
259 350 40 21 den
313 349 128 27 ifrågasatta
456 349 107 22 reformen
574 350 72 21 kunde
657 349 91 27 förfalla,
761 350 73 21 derest
842 350 54 27 Lag-

74 379 118 21 utskottets
215 385 29 14 nu
267 378 128 27 föredragna
417 378 127 27 inbjudning
562 378 70 22 blefve
647 378 23 21 af
683 379 159 26 Ridderskapet
858 379 39 20 och

74 408 68 21 Adeln
157 407 80 27 afböjd.
267 407 56 21 Herr
337 413 41 16 von
394 407 88 22 Hellens
498 407 40 21 har
553 407 48 22 icke
618 407 120 27 öfvertygat
748 408 44 26 mig
800 414 33 15 om
842 409 54 19 mot-

75 438 79 24 satsen,
180 438 22 25 ty
218 436 37 21 det
269 435 67 21 finnes
351 442 46 15 mer
413 436 137 21 sannolikhet
565 435 34 22 för
614 438 32 19 att
661 438 34 19 tre
711 436 70 26 stånd,
798 442 46 15 som
860 438 37 18 äro

75 465 105 27 enhälliga
195 465 7 21 i
217 465 39 21 sitt
270 464 77 27 beslut,
364 464 62 22 skola
441 464 103 22 vidblifva
560 464 44 27 sitt,
621 466 27 19 än
664 466 33 20 att
712 465 26 21 de
753 464 49 28 foga
817 465 32 27 sig
867 464 30 22 ef-

75 496 33 20 ter
130 496 32 20 ett
183 493 68 27 fjerde
272 493 74 21 stånds
361 493 78 21 beslut.
471 494 51 21 Men
538 500 34 14 om
587 493 76 27 frågan
679 494 70 21 skulle
764 494 86 20 komma
865 495 33 19 att

75 523 45 21 helt
135 522 40 22 och
190 522 67 22 hållet
272 522 89 26 förfalla,
379 522 24 21 så
418 528 52 16 vore
486 522 163 27 tillämpningen
666 522 23 21 af
704 524 25 19 12
745 522 10 28 $
770 522 7 21 i
793 523 23 21 L.
830 522 23 21 O.
863 522 35 21 vid

76 552 145 21 nästskeende
239 551 34 21 val
289 551 31 21 till
335 551 104 27 landtdag
454 550 91 22 förenad
560 552 49 20 med
624 552 44 20 rätt
683 553 60 19 stora
758 551 139 27 svärigheter,

75 580 124 27 isynnerhet
219 580 72 21 derest
308 580 41 21 den
361 580 80 27 jemväl
457 586 30 15 nu
502 580 122 27 föreslagna
639 586 42 21 nya
695 580 151 26 förordningen
862 586 36 14 an-

76 609 81 27 gäende
180 609 128 27 näringarna
328 608 7 22 i
357 608 74 22 landet
445 609 79 21 varder
539 609 41 26 lag.
611 609 116 21 Dessutom
743 609 70 21 skulle
829 608 68 26 äfven,

76 638 28 26 pä
126 639 45 20 sätt
190 638 38 27 jag
250 638 66 21 redan
337 637 58 21 förut
412 637 47 21 haft
480 640 52 19 äran
547 637 119 27 framhälla,
683 638 42 20 den
739 639 98 25 motsats,
854 643 45 15 som

76 666 113 22 förefinnes
206 666 90 22 emellan
312 666 26 21 de
353 666 94 21 nämnda
463 666 272 27 grundlagsparagraferna
751 666 40 22 och
803 667 96 21 kommu-

77 694 188 28 nalförfattningen
288 695 32 21 för
343 695 108 27 städerna,
477 695 91 21 sälunda
584 696 87 26 gvarstä
686 695 7 21 i
707 696 49 20 vida
771 697 70 20 större
857 701 42 15 om-

77 724 97 27 fattning,
191 726 27 19 än
233 730 35 15 om
285 726 24 18 12
325 723 11 28 $
351 724 8 20 i
374 724 23 21 L.
414 724 24 21 O.
456 724 71 21 blefve
542 724 116 21 förändrad
673 724 28 27 pä
709 724 78 21 sådant
795 726 50 24 sätt,
854 730 47 15 som

78 754 26 20 de
119 755 33 19 tre
169 752 91 22 ständen
275 752 118 27 föreslagit.
416 752 73 22 Dessa
504 753 48 21 skäl
563 759 64 21 synas
636 753 44 27 mig
689 753 43 21 tala
741 753 81 26 ganska
831 753 70 21 starkt

77 782 32 21 för
124 782 165 27 inbjudningens
305 781 157 27 godkännande
476 782 80 26 jemväl
571 782 47 20 frän
634 782 63 21 deras
713 782 52 26 sida,
774 782 72 20 hvilka
854 781 47 21 icke

78 811 77 49 anrkat
177 812 33 20 att
231 810 106 22 reformen
359 810 70 22 blefve
453 810 25 22 sä
501 810 125 27 verkställd,
643 816 46 16 som
708 817 29 15 nu
757 816 62 22 synes
838 810 64 22 blifva

84 839 59 22 fallet.

145 868 57 21 Herr
218 868 160 26 Schauman,
394 868 96 26 August:
522 868 10 21 I
546 868 69 21 likhet
629 868 49 21 med
693 868 50 21 herr
757 874 41 15 von
814 867 88 22 Hellens

79 897 40 21 och
140 897 51 21 herr
212 897 148 27 Montgomery
383 896 41 22 och
447 896 30 27 på
496 896 27 22 de
542 896 53 27 skäl,
613 896 26 22 de
655 896 76 26 anfört,
748 897 42 21 kan
805 896 48 22 icke
866 896 37 27 jag

78 926 108 27 tillstyrka
209 927 33 20 ett
264 926 120 26 antagande
407 924 23 22 af
451 926 169 26 Lagutskottets
644 925 259 27 sammanjemkningsför-

79 955 51 26 slag.
543 978 10 4 N

148 983 99 21 Friherre
266 989 41 15 von
325 983 86 26 Troil,
428 982 21 22 S.
466 983 43 21 W.:
539 982 68 22 Afven
622 983 35 26 jag
673 983 37 21 ber
726 984 32 19 att
773 982 22 21 få
810 982 94 27 åberopa

80 1012 41 21 den
144 1012 62 27 äsigt,
231 1017 46 16 som
296 1013 38 25 jag
353 1011 35 21 vid
407 1011 88 27 frägans
510 1011 129 27 föregäende
655 1011 128 27 behandling
797 1011 40 21 hos
853 1011 51 21 Rid-

81 1041 116 26 derskapet
213 1041 39 21 och
269 1041 68 20 Adeln
351 1040 57 21 hade
424 1042 54 19 äran
494 1041 76 26 uttala,
587 1041 40 20 och
643 1041 90 20 sälunda
747 1040 108 27 tillstyrka
868 1046 37 15 an-

81 1069 104 28 tagandet
203 1069 23 21 af
239 1069 119 22 utskottets
375 1069 141 22 betänkande
530 1069 40 21 och
586 1069 37 21 det
638 1069 146 27 föreliggande
800 1075 105 15 samman-

79 1098 233 28 jemkningsförslaget.
343 1097 29 22 Sä
394 1098 64 27 länge
483 1098 275 27 ständsrepresentationen
774 1098 40 21 hos
831 1103 34 16 oss
882 1099 24 19 är

82 1127 105 27 gällande,
211 1129 24 19 är
251 1127 36 21 det
302 1127 105 26 nemligen
423 1127 72 26 enligt
510 1127 42 21 min
568 1127 65 21 tanke
649 1126 22 21 af
685 1126 107 28 synnerlig
807 1126 51 27 vigt,
875 1127 32 20 att

82 1157 52 21 hvar
148 1156 41 21 och
204 1162 27 15 en
246 1157 161 26 representerar
422 1155 39 22 det
477 1155 71 27 ständ,
565 1155 41 21 han
622 1155 77 25 tillhör,
716 1155 39 22 och
771 1157 33 19 att
814 1155 48 21 icke
870 1155 36 21 nä-

82 1191 38 21 gra
134 1185 36 21 mä
183 1184 65 22 hafva
262 1184 133 27 rättigheten
410 1185 33 20 att
459 1185 86 20 ömsom
560 1184 87 21 tillhöra
662 1184 37 21 det
715 1191 39 14 ena
769 1184 41 21 och
825 1185 82 20 ömsom

83 1214 37 21 det
143 1213 67 22 andra
225 1213 94 26 ständet,
340 1213 52 21 eller
407 1213 88 21 anmäla
511 1213 32 26 sig
559 1213 71 21 säsom
645 1214 174 25 representanter
834 1212 7 21 i
856 1211 51 22 flere

84 1242 69 23 stånd,
184 1242 39 21 Att
245 1241 126 27 Ständerna,
395 1247 79 21 genom
498 1243 33 20 att
550 1241 63 27 ärligt
629 1241 40 22 och
684 1241 119 27 uppriktigt
817 1241 92 20 besvara

84 1271 59 22 Hans
159 1271 114 28 Majestäts
289 1271 33 20 till
337 1271 49 20 dem
401 1270 82 21 aflätna
499 1271 78 26 nådiga
591 1270 138 27 proposition,
743 1269 69 22 skulle
820 1269 89 21 tillvälla

84 1300 33 27 sig
138 1300 71 27 nägon
231 1299 144 26 motionsrätt,
398 1299 43 21 kan
455 1299 40 27 jag
511 1299 33 22 för
558 1299 44 21 min
618 1299 34 21 del
667 1299 47 21 icke
729 1298 55 21 fatta
799 1297 52 22 elier
866 1297 42 22 för-

85 1329 39 21 stä.
155 1329 31 20 Pä
201 1328 65 21 dessa
281 1328 40 21 och
337 1327 26 22 de
379 1327 54 26 skäl,
450 1334 49 15 som
515 1328 49 21 herr
579 1327 106 22 Mechelin
699 1327 72 22 härför
782 1326 75 27 anfört,
867 1327 42 20 till-

85 1357 84 28 styrker
181 1357 37 27 jag
234 1357 133 26 antagandet
381 1356 23 21 af
417 1357 123 21 utskottets
557 1355 301 28 sammanjemkningsförslag.

154 1386 35 21 Dä
202 1385 48 22 icke
265 1386 70 27 nägon
351 1391 70 16 annan
437 1385 25 20 af
475 1385 100 22 ständets
591 1385 136 21 medlemmar
741 1385 74 21 vidare
825 1383 43 22 bad
876 1390 34 15 om

86 1414 68 26 ordet,
171 1413 133 23 förklarades
320 1414 153 21 diskussionen
489 1413 95 22 afslutad
600 1413 40 22 och
655 1413 7 21 i
677 1413 101 22 afseende
794 1413 13 21 &
826 1413 84 21 besluts

85 1443 98 22 fattande
197 1443 112 27 upplästes
325 1449 26 15 en
367 1443 25 20 sä
406 1441 98 28 lydande
519 1442 144 27 proposition:

158 1488 8 10 »
170 1471 43 27 Vill
235 1471 159 27 Ridderskapet
414 1470 41 22 och
475 1471 71 21 Adeln
561 1472 79 25 antaga
655 1470 164 27 Lagutskottets
835 1469 77 27 ifräga-

87 1500 94 22 varande
196 1499 126 28 inbjudning
337 1501 38 25 att,
391 1499 50 21 med
457 1498 132 27 frängäende
605 1498 22 22 af
641 1499 39 21 sitt
694 1498 72 22 beslut
781 1498 7 21 i
803 1498 61 26 fräga
879 1503 34 15 om

87 1529 126 26 utvidgning
237 1528 22 21 af
275 1528 80 22 valrätt
375 1528 40 21 och
430 1528 115 21 valbarhet
560 1528 33 20 till
607 1527 164 26 landtdagsman
786 1527 7 20 i
808 1527 105 25 Borgare-

88 1557 93 26 ständet,
199 1557 114 27 godkänna
329 1556 118 22 utskottets
465 1556 138 22 betänkande
619 1556 7 20 i
642 1557 82 24 ämnet;

839 1596 11 17 3
