1109 1739
413 139 39 18 Den
471 137 7 18 1
497 139 89 18 Oktober.
840 137 24 20 17

70 201 66 22 borde
152 203 132 26 guvernören
300 201 49 22 icke
364 201 64 22 hafva
443 201 61 22 svårt
519 203 32 20 att
565 201 107 22 behandla
689 202 72 21 saken.
786 201 31 22 En
827 201 67 22 sådan

70 237 78 20 person
164 230 111 28 uppgifver
290 230 135 27 naturligtvis
441 231 39 20 sitt
494 231 103 26 hemvist;
615 231 66 20 andra
696 231 73 20 kunna
778 231 66 21 också
851 230 43 22 till-

70 259 79 27 frågas,
166 260 24 21 så
206 261 32 20 att
253 259 66 22 saken
333 259 35 21 väl
383 259 49 22 icke
447 259 120 22 inkommer
582 259 32 22 till
631 261 133 25 guvernören
781 259 25 21 så
817 259 75 26 naken,

71 294 46 15 som
135 288 90 22 friherre
247 294 41 15 von
311 288 57 22 Troil
389 288 63 21 tänkt
467 288 40 27 sig.
538 287 131 28 Paragrafen
685 289 24 20 är
724 288 49 21 icke
793 287 100 26 isolerad,

71 318 51 21 utan
142 318 46 21 står
211 317 7 20 i
240 317 153 26 sammanhang
416 317 50 21 med
481 317 52 22 flere
548 317 67 22 andra
630 316 125 28 paragrafer
769 316 8 21 i
792 316 104 28 förslaget

72 346 40 21 och
127 346 62 21 torde
205 345 84 22 således
303 345 98 22 försvara
416 345 33 22 sin
463 345 64 28 plats.

139 375 157 21 Diskussionen
319 374 75 22 afslöts
417 374 74 27 härpå,
516 375 40 21 och
579 376 51 21 enär
653 375 37 21 det
712 374 22 21 af
750 373 89 23 friherre
854 380 41 16 von

72 403 56 21 Troil
144 403 78 22 väckta
237 403 104 27 förslaget
355 403 48 22 icke
413 403 76 22 vunnit
497 404 118 21 understöd
623 403 23 22 af
652 404 70 26 någon
731 409 70 15 annan
810 403 85 22 stånds-

71 432 98 26 medlem,
189 431 46 22 blef
246 432 11 28 $
273 433 26 21 25
315 432 28 27 på
357 432 50 22 herr
415 432 220 22 Landtmarskalkens
643 432 158 26 framställning
809 432 22 21 af
838 432 58 21 stån-

73 460 37 22 det
124 460 107 28 godkänd.

141 518 23 28 $$
181 520 84 20 26—28
281 518 132 28 godkändes.

140 604 51 23 Med
206 604 114 28 anledning
335 605 23 22 af
371 604 10 28 8
398 607 25 20 29
440 606 87 27 yttrade

141 634 89 22 friherre
246 634 88 27 Boije:
364 634 43 22 För
429 635 42 21 min
496 635 35 22 del
553 634 43 22 kan
609 635 38 27 jag
663 634 47 22 icke
726 634 114 27 godkänna
856 633 40 22 den

73 662 142 28 bestämning,
231 669 45 15 som
293 662 10 28 $
319 664 26 20 29
361 663 125 27 innehåller,
502 664 107 27 nemligen
625 666 38 24 att,
679 664 6 20 i
701 663 104 21 händelse
816 662 80 22 sådana

74 691 123 27 inkomster,
214 698 46 15 som
276 692 37 21 der
329 694 36 19 äro
381 693 147 26 uppräknade,
546 693 59 26 ,icke
621 695 37 19 äro
674 692 128 27 tillräckliga
813 691 33 22 för
856 691 41 21 fat-

73 720 124 27 tigvårdens
216 720 144 27 bestridande,
378 721 54 21 skall
449 722 37 21 det
501 721 111 22 bristande
627 722 102 26 beloppet
742 721 117 27 tillskjutas
876 720 22 21 af

74 749 125 22 samhällets
215 749 144 27 medlemmar,
375 750 54 22 efter
445 750 26 21 de
488 751 100 27 grunder,
597 756 46 16 som
651 750 33 22 för
692 749 205 27 kommunalutskyl-

74 778 48 21 ders
138 778 130 27 erläggande
283 780 36 20 äro
335 779 126 27 stadgade".
494 780 39 20 Att
548 780 65 21 dessa
628 779 94 27 grunder
731 778 33 22 för
775 778 123 22 erhållande

74 806 22 22 af
110 807 38 21 det
163 807 110 21 bristande
287 807 103 27 beloppet
404 808 71 22 skulle
491 808 63 27 gälla,
570 808 39 21 har
621 808 25 27 ju
662 814 25 15 en
701 807 197 26 afreservanterne,

73 835 49 22 herr
137 836 165 26 Nordenskiöld,
319 836 56 22 visat
390 836 49 22 leda
455 836 73 22 dertill
545 838 32 20 att
593 843 26 15 en
633 836 36 22 hel
679 836 42 28 hop
730 842 103 21 personer
841 836 57 21 inom

74 864 113 22 samhället
208 864 48 22 icke
278 864 69 22 skulle
370 865 85 22 komma
474 867 34 20 att
522 866 90 26 bidraga
626 866 32 21 till
677 865 144 27 fattigvården
857 864 41 26 Jag

73 893 39 21 ber
126 892 22 22 få
163 893 32 21 till
211 894 41 21 alla
267 894 59 21 delar
341 894 114 22 instämma
470 894 7 21 i
489 894 42 22 den
542 895 131 21 reservation
681 894 50 22 herr
739 892 160 23 Nordenskiöld

74 921 88 27 afgifvit,
186 922 39 22 och
249 922 69 22 skulle
340 923 53 27 yrka
414 923 29 27 på
461 923 44 21 den
523 923 120 27 redaktion,
663 923 43 21 han
724 922 33 22 för
771 921 128 29 paragrafen

72 950 117 27 föreslagit,
213 951 105 26 nemligen
341 953 42 20 att:
406 952 51 25 ,der
473 952 153 27 afkastningen
641 952 23 21 af
677 950 222 28 fattigvårdssamhäl-

73 978 31 22 les
127 979 33 22 för
179 979 144 28 fattigvården
341 979 91 22 afsedda
450 980 130 27 fastigheter
599 981 40 21 och
653 981 113 26 kapitaler,
783 978 116 29 inflytande

73 1008 141 27 bötesmedel,
235 1009 113 26 kollekter,
364 1009 100 27 frivilliga
480 1009 81 27 gåfvor,
578 1009 322 26 sterbhusinventarie-procen-

73 1038 34 19 ter
129 1037 41 21 och
193 1037 67 22 andra
283 1037 81 22 sådana
383 1038 122 22 inkomster
520 1039 47 21 icke
583 1041 36 19 äro
636 1038 127 27 tillräckliga
778 1037 33 22 för
826 1036 74 27 fattig-

73 1065 92 22 vårdens
181 1065 144 28 bestridande,
343 1067 54 21 skall
413 1067 38 21 det
466 1067 113 22 bristande
594 1067 102 27 beloppet
706 1067 125 26 tillskjutas,
844 1065 56 22 såväl

74 1094 54 22 efter
151 1095 26 21 de
196 1095 99 27 grunder,
313 1101 46 16 som
374 1095 33 22 för
422 1096 141 21 kommunala
577 1096 123 27 utskylders
716 1095 130 27 erläggande
862 1096 37 19 äro

74 1123 111 27 stadgade,
209 1130 46 15 som
278 1123 62 22 äfven
363 1130 77 21 genom
463 1131 28 15 en
508 1125 22 21 af
543 1124 243 27 fattigvårdssamhället
800 1122 100 23 bestämd

74 1152 100 27 personel
196 1152 67 27 afgift,
286 1152 86 22 hvilken
395 1153 100 27 erlägges
516 1153 22 22 af
554 1154 125 21 samhällets
695 1153 105 27 samtlige,
817 1152 83 21 arbets-

74 1180 46 22 föra
135 1181 139 22 medlemmar
289 1188 46 15 som
351 1181 47 28 fyllt
413 1181 82 22 femton
512 1183 44 21 år".

142 1209 57 22 Herr
213 1216 40 15 von
270 1210 122 22 Alfthan:
423 1211 43 21 Det
481 1211 69 22 finnes
567 1211 112 26 angående
694 1210 11 28 $
721 1212 26 19 29
763 1217 26 14 en
805 1215 96 16 reserva-

74 1238 46 21 tion
136 1237 22 22 af
172 1238 49 21 herr
236 1239 107 27 Törnudd,
361 1239 45 22 deri
421 1239 42 22 han
480 1239 99 22 förordar
595 1242 38 24 att,
651 1239 20 26 ,i
678 1239 103 21 händelse
789 1237 113 28 pensions-

74 1267 118 27 inrättning
210 1267 33 22 för
258 1268 99 21 arbetare
372 1267 69 22 finnes
457 1268 57 22 eller
528 1269 91 27 uppstär
633 1268 57 21 inom
705 1268 136 24 kommunen,
851 1271 51 16 vare

74 1295 129 22 kommunen
225 1297 123 26 berättigad
363 1298 39 25 att,
419 1303 35 16 om
474 1297 44 22 den
533 1297 26 22 sä
573 1297 67 22 finner
656 1297 85 26 skäligt,
757 1295 96 28 päbjuda
868 1301 33 14 ar-

74 1324 104 22 betarene
193 1325 57 22 inom
269 1325 50 22 dess
335 1325 87 22 omräde
438 1327 33 20 att
487 1326 52 27 ingä
554 1326 7 21 i
577 1327 123 20 densamma
715 1325 32 21 till
755 1325 54 21 visst
816 1323 86 27 belopp,

76 1353 40 21 och
130 1359 51 16 vare
197 1354 47 26 den,
261 1360 46 15 som
321 1354 48 22 icke
385 1355 74 21 ställer
476 1355 35 27 sig
527 1355 76 21 sådant
618 1355 73 26 påbud
706 1354 33 21 till
749 1352 153 26 efterrättelse,

75 1381 116 23 framdeles
206 1383 109 22 utesluten
330 1382 47 22 frän
394 1383 138 26 delaktighet
546 1384 7 21 i
569 1383 73 27 hvarje
656 1381 185 28 fattigunderstöd
856 1380 47 22 frän

75 1411 149 22 kommunen".
255 1411 43 22 Det
319 1412 62 21 torde
405 1411 65 22 blifva
490 1412 69 27 något
574 1413 58 20 svårt
647 1413 33 20 att
695 1411 54 22 efter
765 1411 72 26 någon
851 1409 53 27 följd

76 1439 22 22 af
118 1440 24 21 är
165 1440 122 22 undersöka
302 1440 107 22 huruvida
424 1441 71 26 nägon
512 1441 109 26 verkligen
637 1440 60 21 ställt
713 1440 32 27 sig
759 1439 97 28 päbudet
872 1437 32 22 till

76 1468 114 28 efterföljd,
211 1475 49 15 men
279 1469 28 21 dä
321 1469 50 21 iden
386 1469 7 21 i
409 1469 32 27 sig
457 1469 53 27 sjelf
525 1472 23 18 är
563 1469 48 27 god,
627 1469 70 21 skulle
709 1469 38 26 jag
762 1467 33 22 för
810 1467 43 21 min
870 1466 34 32 del

75 1496 94 28 förorda,
185 1499 38 25 att,
239 1497 45 22 ifall
300 1497 99 22 arbetare
414 1498 49 21 icke
479 1498 72 20 skulle
566 1497 65 22 blifva
645 1496 96 22 befriade
751 1496 48 21 frän
809 1494 96 32 skyldig-

75 1526 66 22 heten
164 1528 33 20 att
219 1526 86 27 erlägga
327 1526 128 26 fattigvärds
479 1525 98 27 afgiften,
601 1526 56 22 dock
672 1525 27 21 de
714 1525 105 25 arbetare,
836 1529 69 15 som
893 1521 15 36 i

76 1555 209 28 pensionsanstalter
299 1555 57 21 inom
373 1555 52 21 eller
439 1556 63 20 utom
518 1555 129 21 kommunen
661 1553 117 27 bevisligen
794 1553 69 21 insatt
874 1552 32 20 ett

829 1594 11 17 2
