<?xml version="1.0" encoding="UTF-8"?>
<alto xmlns="http://www.loc.gov/standards/alto/ns-v3#" xmlns:xlink="http://www.w3.org/1999/xlink" xmlns:xsi="http://www.w3.org/2001/XMLSchema-instance" xsi:schemaLocation="http://www.loc.gov/standards/alto/ns-v3# http://www.loc.gov/alto/v3/alto-3-0.xsd">
	<Description>
		<MeasurementUnit>pixel</MeasurementUnit>
		<sourceImageInformation>
			<fileName>/tmp/tess_c6gshqtt_input.PNG</fileName>
		</sourceImageInformation>
		<OCRProcessing ID="OCR_0">
			<ocrProcessingStep>
				<processingSoftware>
					<softwareName>tesseract 5.3.4</softwareName>
				</processingSoftware>
			</ocrProcessingStep>
		</OCRProcessing>
	</Description>
	<Layout>
		<Page WIDTH="1109" HEIGHT="1739" PHYSICAL_IMG_NR="0" ID="page_0">
			<PrintSpace HPOS="0" VPOS="0" WIDTH="1109" HEIGHT="1739">
				<GraphicalElement ID="cblock_0" HPOS="0" VPOS="825" WIDTH="9" HEIGHT="540"></GraphicalElement >
				<ComposedBlock ID="cblock_1" HPOS="220" VPOS="111" WIDTH="487" HEIGHT="20">
					<TextBlock ID="block_0" HPOS="220" VPOS="111" WIDTH="487" HEIGHT="20">
						<TextLine ID="line_0" HPOS="220" VPOS="111" WIDTH="487" HEIGHT="20">
							<String ID="string_0" HPOS="220" VPOS="111" WIDTH="41" HEIGHT="20" WC="0.96" CONTENT="168"/><SP WIDTH="260" VPOS="111" HPOS="261"/>
							<String ID="string_1" HPOS="521" VPOS="113" WIDTH="41" HEIGHT="17" WC="0.95" CONTENT="Den"/><SP WIDTH="19" VPOS="113" HPOS="562"/>
							<String ID="string_2" HPOS="581" VPOS="111" WIDTH="23" HEIGHT="19" WC="0.95" CONTENT="13"/><SP WIDTH="16" VPOS="111" HPOS="604"/>
							<String ID="string_3" HPOS="620" VPOS="113" WIDTH="87" HEIGHT="18" WC="0.96" CONTENT="Oktober."/>
						</TextLine>
					</TextBlock>
				</ComposedBlock>
				<ComposedBlock ID="cblock_2" HPOS="187" VPOS="174" WIDTH="833" HEIGHT="1384">
					<TextBlock ID="block_1" HPOS="189" VPOS="174" WIDTH="828" HEIGHT="606">
						<TextLine ID="line_1" HPOS="191" VPOS="174" WIDTH="823" HEIGHT="29">
							<String ID="string_4" HPOS="191" VPOS="181" WIDTH="68" HEIGHT="21" WC="0.91" CONTENT="gress,"/><SP WIDTH="16" VPOS="181" HPOS="259"/>
							<String ID="string_5" HPOS="275" VPOS="175" WIDTH="72" HEIGHT="22" WC="0.96" CONTENT="såsom"/><SP WIDTH="12" VPOS="175" HPOS="347"/>
							<String ID="string_6" HPOS="359" VPOS="175" WIDTH="38" HEIGHT="28" WC="0.96" CONTENT="jag"/><SP WIDTH="14" VPOS="175" HPOS="397"/>
							<String ID="string_7" HPOS="411" VPOS="175" WIDTH="37" HEIGHT="22" WC="0.96" CONTENT="vill"/><SP WIDTH="15" VPOS="175" HPOS="448"/>
							<String ID="string_8" HPOS="463" VPOS="175" WIDTH="83" HEIGHT="22" WC="0.96" CONTENT="minnas"/><SP WIDTH="16" VPOS="175" HPOS="546"/>
							<String ID="string_9" HPOS="562" VPOS="176" WIDTH="7" HEIGHT="21" WC="0.96" CONTENT="i"/><SP WIDTH="15" VPOS="176" HPOS="569"/>
							<String ID="string_10" HPOS="584" VPOS="175" WIDTH="89" HEIGHT="28" WC="0.96" CONTENT="Belgien"/><SP WIDTH="18" VPOS="175" HPOS="673"/>
							<String ID="string_11" HPOS="691" VPOS="176" WIDTH="60" HEIGHT="26" WC="0.96" CONTENT="1859,"/><SP WIDTH="17" VPOS="176" HPOS="751"/>
							<String ID="string_12" HPOS="768" VPOS="174" WIDTH="98" HEIGHT="22" WC="0.96" CONTENT="uttalade"/><SP WIDTH="16" VPOS="174" HPOS="866"/>
							<String ID="string_13" HPOS="882" VPOS="175" WIDTH="32" HEIGHT="27" WC="0.96" CONTENT="sig"/><SP WIDTH="8" VPOS="175" HPOS="914"/>
							<String ID="string_14" HPOS="922" VPOS="174" WIDTH="92" HEIGHT="28" WC="0.96" CONTENT="franska,"/>
						</TextLine>
						<TextLine ID="line_2" HPOS="191" VPOS="203" WIDTH="823" HEIGHT="28">
							<String ID="string_15" HPOS="191" VPOS="203" WIDTH="64" HEIGHT="28" WC="0.96" CONTENT="tyska"/><SP WIDTH="15" VPOS="203" HPOS="255"/>
							<String ID="string_16" HPOS="270" VPOS="204" WIDTH="39" HEIGHT="21" WC="0.96" CONTENT="och"/><SP WIDTH="16" VPOS="204" HPOS="309"/>
							<String ID="string_17" HPOS="325" VPOS="204" WIDTH="98" HEIGHT="27" WC="0.92" CONTENT="belgiska"/><SP WIDTH="14" VPOS="204" HPOS="423"/>
							<String ID="string_18" HPOS="437" VPOS="204" WIDTH="134" HEIGHT="22" WC="0.91" CONTENT="litteratörer"/><SP WIDTH="16" VPOS="204" HPOS="571"/>
							<String ID="string_19" HPOS="587" VPOS="205" WIDTH="41" HEIGHT="21" WC="0.96" CONTENT="och"/><SP WIDTH="15" VPOS="205" HPOS="628"/>
							<String ID="string_20" HPOS="643" VPOS="205" WIDTH="129" HEIGHT="21" WC="0.96" CONTENT="konstnärer"/><SP WIDTH="15" VPOS="205" HPOS="772"/>
							<String ID="string_21" HPOS="787" VPOS="204" WIDTH="7" HEIGHT="21" WC="0.96" CONTENT="i"/><SP WIDTH="15" VPOS="204" HPOS="794"/>
							<String ID="string_22" HPOS="809" VPOS="203" WIDTH="118" HEIGHT="22" WC="0.96" CONTENT="allmänhet"/><SP WIDTH="14" VPOS="203" HPOS="927"/>
							<String ID="string_23" HPOS="941" VPOS="203" WIDTH="32" HEIGHT="22" WC="0.96" CONTENT="för"/><SP WIDTH="15" VPOS="203" HPOS="973"/>
							<String ID="string_24" HPOS="988" VPOS="211" WIDTH="26" HEIGHT="14" WC="0.96" CONTENT="en"/>
						</TextLine>
						<TextLine ID="line_3" HPOS="190" VPOS="232" WIDTH="825" HEIGHT="28">
							<String ID="string_25" HPOS="190" VPOS="232" WIDTH="33" HEIGHT="21" WC="0.96" CONTENT="tid"/><SP WIDTH="22" VPOS="232" HPOS="223"/>
							<String ID="string_26" HPOS="245" VPOS="232" WIDTH="23" HEIGHT="21" WC="0.96" CONTENT="af"/><SP WIDTH="18" VPOS="232" HPOS="268"/>
							<String ID="string_27" HPOS="286" VPOS="235" WIDTH="27" HEIGHT="19" WC="0.96" CONTENT="30"/><SP WIDTH="16" VPOS="235" HPOS="313"/>
							<String ID="string_28" HPOS="329" VPOS="233" WIDTH="24" HEIGHT="21" WC="0.96" CONTENT="år"/><SP WIDTH="15" VPOS="233" HPOS="353"/>
							<String ID="string_29" HPOS="368" VPOS="233" WIDTH="71" HEIGHT="22" WC="0.96" CONTENT="såsom"/><SP WIDTH="15" VPOS="233" HPOS="439"/>
							<String ID="string_30" HPOS="454" VPOS="233" WIDTH="50" HEIGHT="22" WC="0.96" CONTENT="fullt"/><SP WIDTH="14" VPOS="233" HPOS="504"/>
							<String ID="string_31" HPOS="518" VPOS="233" WIDTH="118" HEIGHT="27" WC="0.96" CONTENT="tillräcklig"/><SP WIDTH="14" VPOS="233" HPOS="636"/>
							<String ID="string_32" HPOS="650" VPOS="232" WIDTH="33" HEIGHT="22" WC="0.96" CONTENT="för"/><SP WIDTH="15" VPOS="232" HPOS="683"/>
							<String ID="string_33" HPOS="698" VPOS="233" WIDTH="139" HEIGHT="22" WC="0.95" CONTENT="författarens"/><SP WIDTH="15" VPOS="233" HPOS="837"/>
							<String ID="string_34" HPOS="852" VPOS="233" WIDTH="99" HEIGHT="21" WC="0.96" CONTENT="intresse."/><SP WIDTH="30" VPOS="233" HPOS="951"/>
							<String ID="string_35" HPOS="981" VPOS="233" WIDTH="34" HEIGHT="22" WC="0.95" CONTENT="De"/>
						</TextLine>
						<TextLine ID="line_4" HPOS="191" VPOS="261" WIDTH="823" HEIGHT="28">
							<String ID="string_36" HPOS="191" VPOS="262" WIDTH="123" HEIGHT="21" WC="0.96" CONTENT="nuvarande"/><SP WIDTH="16" VPOS="262" HPOS="314"/>
							<String ID="string_37" HPOS="330" VPOS="262" WIDTH="127" HEIGHT="27" WC="0.93" CONTENT="europeiska"/><SP WIDTH="15" VPOS="262" HPOS="457"/>
							<String ID="string_38" HPOS="472" VPOS="262" WIDTH="186" HEIGHT="27" WC="0.91" CONTENT="Jagstiftningarne"/><SP WIDTH="16" VPOS="262" HPOS="658"/>
							<String ID="string_39" HPOS="674" VPOS="264" WIDTH="37" HEIGHT="19" WC="0.96" CONTENT="äro"/><SP WIDTH="17" VPOS="264" HPOS="711"/>
							<String ID="string_40" HPOS="728" VPOS="261" WIDTH="77" HEIGHT="22" WC="0.96" CONTENT="delade"/><SP WIDTH="16" VPOS="261" HPOS="805"/>
							<String ID="string_41" HPOS="821" VPOS="261" WIDTH="91" HEIGHT="22" WC="0.96" CONTENT="emellan"/><SP WIDTH="16" VPOS="261" HPOS="912"/>
							<String ID="string_42" HPOS="928" VPOS="267" WIDTH="26" HEIGHT="16" WC="0.92" CONTENT="en"/><SP WIDTH="9" VPOS="267" HPOS="954"/>
							<String ID="string_43" HPOS="963" VPOS="261" WIDTH="51" HEIGHT="22" WC="0.92" CONTENT="tids-"/>
						</TextLine>
						<TextLine ID="line_5" HPOS="190" VPOS="289" WIDTH="825" HEIGHT="28">
							<String ID="string_44" HPOS="190" VPOS="290" WIDTH="135" HEIGHT="27" WC="0.96" CONTENT="bestämning"/><SP WIDTH="16" VPOS="290" HPOS="325"/>
							<String ID="string_45" HPOS="341" VPOS="290" WIDTH="22" HEIGHT="22" WC="0.96" CONTENT="af"/><SP WIDTH="14" VPOS="290" HPOS="363"/>
							<String ID="string_46" HPOS="377" VPOS="293" WIDTH="27" HEIGHT="19" WC="0.95" CONTENT="30"/><SP WIDTH="16" VPOS="293" HPOS="404"/>
							<String ID="string_47" HPOS="420" VPOS="291" WIDTH="24" HEIGHT="21" WC="0.96" CONTENT="år"/><SP WIDTH="15" VPOS="291" HPOS="444"/>
							<String ID="string_48" HPOS="459" VPOS="291" WIDTH="41" HEIGHT="22" WC="0.96" CONTENT="och"/><SP WIDTH="16" VPOS="291" HPOS="500"/>
							<String ID="string_49" HPOS="516" VPOS="297" WIDTH="26" HEIGHT="15" WC="0.95" CONTENT="en"/><SP WIDTH="16" VPOS="297" HPOS="542"/>
							<String ID="string_50" HPOS="558" VPOS="291" WIDTH="32" HEIGHT="21" WC="0.96" CONTENT="tid"/><SP WIDTH="15" VPOS="291" HPOS="590"/>
							<String ID="string_51" HPOS="605" VPOS="291" WIDTH="23" HEIGHT="22" WC="0.96" CONTENT="af"/><SP WIDTH="14" VPOS="291" HPOS="628"/>
							<String ID="string_52" HPOS="642" VPOS="293" WIDTH="26" HEIGHT="20" WC="0.96" CONTENT="50"/><SP WIDTH="17" VPOS="293" HPOS="668"/>
							<String ID="string_53" HPOS="685" VPOS="291" WIDTH="29" HEIGHT="22" WC="0.96" CONTENT="år."/><SP WIDTH="31" VPOS="291" HPOS="714"/>
							<String ID="string_54" HPOS="745" VPOS="291" WIDTH="47" HEIGHT="21" WC="0.96" CONTENT="Den"/><SP WIDTH="15" VPOS="291" HPOS="792"/>
							<String ID="string_55" HPOS="807" VPOS="290" WIDTH="89" HEIGHT="22" WC="0.94" CONTENT="franska"/><SP WIDTH="8" VPOS="290" HPOS="896"/>
							<String ID="string_56" HPOS="904" VPOS="290" WIDTH="63" HEIGHT="27" WC="0.94" CONTENT="lagen"/><SP WIDTH="8" VPOS="290" HPOS="967"/>
							<String ID="string_57" HPOS="975" VPOS="289" WIDTH="40" HEIGHT="22" WC="0.96" CONTENT="har"/>
						</TextLine>
						<TextLine ID="line_6" HPOS="191" VPOS="318" WIDTH="824" HEIGHT="29">
							<String ID="string_58" HPOS="191" VPOS="319" WIDTH="61" HEIGHT="21" WC="0.96" CONTENT="alltid"/><SP WIDTH="19" VPOS="319" HPOS="252"/>
							<String ID="string_59" HPOS="271" VPOS="319" WIDTH="113" HEIGHT="22" WC="0.96" CONTENT="bibehållit"/><SP WIDTH="15" VPOS="319" HPOS="384"/>
							<String ID="string_60" HPOS="399" VPOS="321" WIDTH="33" HEIGHT="20" WC="0.96" CONTENT="ett"/><SP WIDTH="13" VPOS="321" HPOS="432"/>
							<String ID="string_61" HPOS="445" VPOS="320" WIDTH="62" HEIGHT="27" WC="0.96" CONTENT="långt"/><SP WIDTH="15" VPOS="320" HPOS="507"/>
							<String ID="string_62" HPOS="522" VPOS="319" WIDTH="75" HEIGHT="28" WC="0.95" CONTENT="skydd."/><SP WIDTH="31" VPOS="319" HPOS="597"/>
							<String ID="string_63" HPOS="628" VPOS="320" WIDTH="10" HEIGHT="21" WC="0.90" CONTENT="I"/><SP WIDTH="15" VPOS="320" HPOS="638"/>
							<String ID="string_64" HPOS="653" VPOS="319" WIDTH="117" HEIGHT="22" WC="0.96" CONTENT="Frankrike"/><SP WIDTH="16" VPOS="319" HPOS="770"/>
							<String ID="string_65" HPOS="786" VPOS="319" WIDTH="69" HEIGHT="27" WC="0.96" CONTENT="gäller"/><SP WIDTH="16" VPOS="319" HPOS="855"/>
							<String ID="string_66" HPOS="871" VPOS="319" WIDTH="60" HEIGHT="22" WC="0.96" CONTENT="detta"/><SP WIDTH="15" VPOS="319" HPOS="931"/>
							<String ID="string_67" HPOS="946" VPOS="318" WIDTH="69" HEIGHT="28" WC="0.96" CONTENT="skydd"/>
						</TextLine>
						<TextLine ID="line_7" HPOS="190" VPOS="347" WIDTH="824" HEIGHT="29">
							<String ID="string_68" HPOS="190" VPOS="348" WIDTH="7" HEIGHT="21" WC="0.96" CONTENT="i"/><SP WIDTH="16" VPOS="348" HPOS="197"/>
							<String ID="string_69" HPOS="213" VPOS="349" WIDTH="27" HEIGHT="20" WC="0.96" CONTENT="50"/><SP WIDTH="16" VPOS="349" HPOS="240"/>
							<String ID="string_70" HPOS="256" VPOS="348" WIDTH="24" HEIGHT="21" WC="0.96" CONTENT="år"/><SP WIDTH="14" VPOS="348" HPOS="280"/>
							<String ID="string_71" HPOS="294" VPOS="349" WIDTH="40" HEIGHT="21" WC="0.96" CONTENT="och"/><SP WIDTH="15" VPOS="349" HPOS="334"/>
							<String ID="string_72" HPOS="349" VPOS="349" WIDTH="68" HEIGHT="26" WC="0.95" CONTENT="gäller"/><SP WIDTH="12" VPOS="349" HPOS="417"/>
							<String ID="string_73" HPOS="429" VPOS="349" WIDTH="50" HEIGHT="21" WC="0.96" CONTENT="icke"/><SP WIDTH="15" VPOS="349" HPOS="479"/>
							<String ID="string_74" HPOS="494" VPOS="348" WIDTH="57" HEIGHT="22" WC="0.96" CONTENT="blott"/><SP WIDTH="16" VPOS="348" HPOS="551"/>
							<String ID="string_75" HPOS="567" VPOS="348" WIDTH="122" HEIGHT="28" WC="0.96" CONTENT="eftertryck,"/><SP WIDTH="16" VPOS="348" HPOS="689"/>
							<String ID="string_76" HPOS="705" VPOS="350" WIDTH="53" HEIGHT="20" WC="0.96" CONTENT="utan"/><SP WIDTH="16" VPOS="350" HPOS="758"/>
							<String ID="string_77" HPOS="774" VPOS="348" WIDTH="68" HEIGHT="21" WC="0.93" CONTENT="också"/><SP WIDTH="10" VPOS="348" HPOS="842"/>
							<String ID="string_78" HPOS="852" VPOS="347" WIDTH="162" HEIGHT="28" WC="0.92" CONTENT="öfversättning."/>
						</TextLine>
						<TextLine ID="line_8" HPOS="190" VPOS="377" WIDTH="825" HEIGHT="27">
							<String ID="string_79" HPOS="190" VPOS="377" WIDTH="11" HEIGHT="20" WC="0.96" CONTENT="I"/><SP WIDTH="14" VPOS="377" HPOS="201"/>
							<String ID="string_80" HPOS="215" VPOS="377" WIDTH="109" HEIGHT="22" WC="0.96" CONTENT="Danmark"/><SP WIDTH="13" VPOS="377" HPOS="324"/>
							<String ID="string_81" HPOS="337" VPOS="377" WIDTH="56" HEIGHT="22" WC="0.96" CONTENT="hade"/><SP WIDTH="16" VPOS="377" HPOS="393"/>
							<String ID="string_82" HPOS="409" VPOS="384" WIDTH="48" HEIGHT="15" WC="0.95" CONTENT="man"/><SP WIDTH="17" VPOS="384" HPOS="457"/>
							<String ID="string_83" HPOS="474" VPOS="384" WIDTH="26" HEIGHT="15" WC="0.95" CONTENT="en"/><SP WIDTH="15" VPOS="384" HPOS="500"/>
							<String ID="string_84" HPOS="515" VPOS="378" WIDTH="32" HEIGHT="21" WC="0.96" CONTENT="tid"/><SP WIDTH="8" VPOS="378" HPOS="547"/>
							<String ID="string_85" HPOS="555" VPOS="377" WIDTH="23" HEIGHT="22" WC="0.95" CONTENT="af"/><SP WIDTH="8" VPOS="377" HPOS="578"/>
							<String ID="string_86" HPOS="586" VPOS="379" WIDTH="27" HEIGHT="20" WC="0.95" CONTENT="30"/><SP WIDTH="9" VPOS="379" HPOS="613"/>
							<String ID="string_87" HPOS="622" VPOS="377" WIDTH="29" HEIGHT="27" WC="0.96" CONTENT="år,"/><SP WIDTH="9" VPOS="377" HPOS="651"/>
							<String ID="string_88" HPOS="660" VPOS="384" WIDTH="49" HEIGHT="15" WC="0.96" CONTENT="men"/><SP WIDTH="8" VPOS="384" HPOS="709"/>
							<String ID="string_89" HPOS="717" VPOS="377" WIDTH="34" HEIGHT="22" WC="0.96" CONTENT="för"/><SP WIDTH="9" VPOS="377" HPOS="751"/>
							<String ID="string_90" HPOS="760" VPOS="379" WIDTH="26" HEIGHT="19" WC="0.96" CONTENT="10"/><SP WIDTH="9" VPOS="379" HPOS="786"/>
							<String ID="string_91" HPOS="795" VPOS="377" WIDTH="24" HEIGHT="22" WC="0.96" CONTENT="år"/><SP WIDTH="10" VPOS="377" HPOS="819"/>
							<String ID="string_92" HPOS="829" VPOS="377" WIDTH="68" HEIGHT="22" WC="0.93" CONTENT="sedan"/><SP WIDTH="7" VPOS="377" HPOS="897"/>
							<String ID="string_93" HPOS="904" VPOS="377" WIDTH="111" HEIGHT="22" WC="0.91" CONTENT="förändra-"/>
						</TextLine>
						<TextLine ID="line_9" HPOS="191" VPOS="405" WIDTH="824" HEIGHT="27">
							<String ID="string_94" HPOS="191" VPOS="405" WIDTH="38" HEIGHT="22" WC="0.95" CONTENT="des"/><SP WIDTH="15" VPOS="405" HPOS="229"/>
							<String ID="string_95" HPOS="244" VPOS="406" WIDTH="37" HEIGHT="21" WC="0.96" CONTENT="det"/><SP WIDTH="14" VPOS="406" HPOS="281"/>
							<String ID="string_96" HPOS="295" VPOS="406" WIDTH="32" HEIGHT="21" WC="0.96" CONTENT="till"/><SP WIDTH="16" VPOS="406" HPOS="327"/>
							<String ID="string_97" HPOS="343" VPOS="408" WIDTH="26" HEIGHT="19" WC="0.96" CONTENT="50"/><SP WIDTH="16" VPOS="408" HPOS="369"/>
							<String ID="string_98" HPOS="385" VPOS="406" WIDTH="35" HEIGHT="26" WC="0.96" CONTENT="år;"/><SP WIDTH="17" VPOS="406" HPOS="420"/>
							<String ID="string_99" HPOS="437" VPOS="406" WIDTH="108" HEIGHT="21" WC="0.96" CONTENT="sannolikt"/><SP WIDTH="15" VPOS="406" HPOS="545"/>
							<String ID="string_100" HPOS="560" VPOS="406" WIDTH="33" HEIGHT="22" WC="0.96" CONTENT="för"/><SP WIDTH="16" VPOS="406" HPOS="593"/>
							<String ID="string_101" HPOS="609" VPOS="408" WIDTH="32" HEIGHT="20" WC="0.96" CONTENT="att"/><SP WIDTH="16" VPOS="408" HPOS="641"/>
							<String ID="string_102" HPOS="657" VPOS="406" WIDTH="65" HEIGHT="22" WC="0.92" CONTENT="vinna"/><SP WIDTH="11" VPOS="406" HPOS="722"/>
							<String ID="string_103" HPOS="733" VPOS="405" WIDTH="231" HEIGHT="27" WC="0.91" CONTENT="öfverensstämmelse,"/><SP WIDTH="12" VPOS="405" HPOS="964"/>
							<String ID="string_104" HPOS="976" VPOS="405" WIDTH="39" HEIGHT="22" WC="0.96" CONTENT="har"/>
						</TextLine>
						<TextLine ID="line_10" HPOS="191" VPOS="434" WIDTH="825" HEIGHT="28">
							<String ID="string_105" HPOS="191" VPOS="434" WIDTH="42" HEIGHT="22" WC="0.96" CONTENT="den"/><SP WIDTH="15" VPOS="434" HPOS="233"/>
							<String ID="string_106" HPOS="248" VPOS="435" WIDTH="92" HEIGHT="21" WC="0.96" CONTENT="svenska"/><SP WIDTH="14" VPOS="435" HPOS="340"/>
							<String ID="string_107" HPOS="354" VPOS="434" WIDTH="162" HEIGHT="28" WC="0.96" CONTENT="lagstiftningen"/><SP WIDTH="16" VPOS="434" HPOS="516"/>
							<String ID="string_108" HPOS="532" VPOS="437" WIDTH="27" HEIGHT="19" WC="0.96" CONTENT="50"/><SP WIDTH="17" VPOS="437" HPOS="559"/>
							<String ID="string_109" HPOS="576" VPOS="435" WIDTH="30" HEIGHT="21" WC="0.92" CONTENT="år."/><SP WIDTH="30" VPOS="435" HPOS="606"/>
							<String ID="string_110" HPOS="636" VPOS="435" WIDTH="103" HEIGHT="22" WC="0.90" CONTENT="Deremot"/><SP WIDTH="16" VPOS="435" HPOS="739"/>
							<String ID="string_111" HPOS="755" VPOS="436" WIDTH="66" HEIGHT="25" WC="0.96" CONTENT="antog"/><SP WIDTH="9" VPOS="436" HPOS="821"/>
							<String ID="string_112" HPOS="830" VPOS="434" WIDTH="42" HEIGHT="22" WC="0.96" CONTENT="den"/><SP WIDTH="11" VPOS="434" HPOS="872"/>
							<String ID="string_113" HPOS="883" VPOS="434" WIDTH="62" HEIGHT="28" WC="0.81" CONTENT="tyska"/><SP WIDTH="7" VPOS="434" HPOS="945"/>
							<String ID="string_114" HPOS="952" VPOS="434" WIDTH="64" HEIGHT="27" WC="0.81" CONTENT="lagen"/>
						</TextLine>
						<TextLine ID="line_11" HPOS="191" VPOS="462" WIDTH="824" HEIGHT="29">
							<String ID="string_115" HPOS="191" VPOS="462" WIDTH="22" HEIGHT="22" WC="0.96" CONTENT="af"/><SP WIDTH="21" VPOS="462" HPOS="213"/>
							<String ID="string_116" HPOS="234" VPOS="463" WIDTH="24" HEIGHT="21" WC="0.95" CONTENT="år"/><SP WIDTH="24" VPOS="463" HPOS="258"/>
							<String ID="string_117" HPOS="282" VPOS="464" WIDTH="52" HEIGHT="27" WC="0.95" CONTENT="1871"/><SP WIDTH="17" VPOS="464" HPOS="334"/>
							<String ID="string_118" HPOS="351" VPOS="464" WIDTH="165" HEIGHT="27" WC="0.96" CONTENT="bestämningen"/><SP WIDTH="15" VPOS="464" HPOS="516"/>
							<String ID="string_119" HPOS="531" VPOS="464" WIDTH="23" HEIGHT="21" WC="0.96" CONTENT="af"/><SP WIDTH="13" VPOS="464" HPOS="554"/>
							<String ID="string_120" HPOS="567" VPOS="466" WIDTH="28" HEIGHT="19" WC="0.96" CONTENT="30"/><SP WIDTH="16" VPOS="466" HPOS="595"/>
							<String ID="string_121" HPOS="611" VPOS="464" WIDTH="30" HEIGHT="22" WC="0.94" CONTENT="år."/><SP WIDTH="31" VPOS="464" HPOS="641"/>
							<String ID="string_122" HPOS="672" VPOS="466" WIDTH="27" HEIGHT="20" WC="0.96" CONTENT="30"/><SP WIDTH="16" VPOS="466" HPOS="699"/>
							<String ID="string_123" HPOS="715" VPOS="464" WIDTH="35" HEIGHT="21" WC="0.96" CONTENT="års"/><SP WIDTH="16" VPOS="464" HPOS="750"/>
							<String ID="string_124" HPOS="766" VPOS="464" WIDTH="167" HEIGHT="26" WC="0.96" CONTENT="bestämningen"/><SP WIDTH="15" VPOS="464" HPOS="933"/>
							<String ID="string_125" HPOS="948" VPOS="463" WIDTH="67" HEIGHT="27" WC="0.96" CONTENT="gäller"/>
						</TextLine>
						<TextLine ID="line_12" HPOS="191" VPOS="492" WIDTH="825" HEIGHT="23">
							<String ID="string_126" HPOS="191" VPOS="492" WIDTH="66" HEIGHT="21" WC="0.96" CONTENT="också"/><SP WIDTH="15" VPOS="492" HPOS="257"/>
							<String ID="string_127" HPOS="272" VPOS="492" WIDTH="32" HEIGHT="21" WC="0.96" CONTENT="uti"/><SP WIDTH="15" VPOS="492" HPOS="304"/>
							<String ID="string_128" HPOS="319" VPOS="492" WIDTH="111" HEIGHT="22" WC="0.96" CONTENT="Österrike"/><SP WIDTH="15" VPOS="492" HPOS="430"/>
							<String ID="string_129" HPOS="445" VPOS="493" WIDTH="41" HEIGHT="21" WC="0.96" CONTENT="och"/><SP WIDTH="15" VPOS="493" HPOS="486"/>
							<String ID="string_130" HPOS="501" VPOS="493" WIDTH="8" HEIGHT="21" WC="0.96" CONTENT="i"/><SP WIDTH="15" VPOS="493" HPOS="509"/>
							<String ID="string_131" HPOS="524" VPOS="493" WIDTH="83" HEIGHT="21" WC="0.91" CONTENT="Italien."/><SP WIDTH="31" VPOS="493" HPOS="607"/>
							<String ID="string_132" HPOS="638" VPOS="493" WIDTH="43" HEIGHT="22" WC="0.95" CONTENT="Det"/><SP WIDTH="14" VPOS="493" HPOS="681"/>
							<String ID="string_133" HPOS="695" VPOS="492" WIDTH="69" HEIGHT="22" WC="0.96" CONTENT="finnes"/><SP WIDTH="17" VPOS="492" HPOS="764"/>
							<String ID="string_134" HPOS="781" VPOS="492" WIDTH="85" HEIGHT="22" WC="0.96" CONTENT="således"/><SP WIDTH="17" VPOS="492" HPOS="866"/>
							<String ID="string_135" HPOS="883" VPOS="492" WIDTH="133" HEIGHT="22" WC="0.96" CONTENT="förebilder"/><SP WIDTH="-11" VPOS="492" HPOS="1016"/>
							<String ID="string_136" HPOS="1005" VPOS="488" WIDTH="15" HEIGHT="37" WC="0.97" CONTENT="i"/>
						</TextLine>
						<TextLine ID="line_13" HPOS="189" VPOS="520" WIDTH="826" HEIGHT="28">
							<String ID="string_137" HPOS="189" VPOS="520" WIDTH="106" HEIGHT="22" WC="0.96" CONTENT="hvardera"/><SP WIDTH="21" VPOS="520" HPOS="295"/>
							<String ID="string_138" HPOS="316" VPOS="521" WIDTH="128" HEIGHT="27" WC="0.96" CONTENT="riktningen,"/><SP WIDTH="21" VPOS="521" HPOS="444"/>
							<String ID="string_139" HPOS="465" VPOS="522" WIDTH="41" HEIGHT="21" WC="0.96" CONTENT="och"/><SP WIDTH="18" VPOS="522" HPOS="506"/>
							<String ID="string_140" HPOS="524" VPOS="528" WIDTH="64" HEIGHT="15" WC="0.96" CONTENT="anser"/><SP WIDTH="15" VPOS="528" HPOS="588"/>
							<String ID="string_141" HPOS="603" VPOS="528" WIDTH="50" HEIGHT="15" WC="0.96" CONTENT="man"/><SP WIDTH="15" VPOS="528" HPOS="653"/>
							<String ID="string_142" HPOS="668" VPOS="522" WIDTH="117" HEIGHT="26" WC="0.96" CONTENT="verkligen,"/><SP WIDTH="16" VPOS="522" HPOS="785"/>
							<String ID="string_143" HPOS="801" VPOS="523" WIDTH="34" HEIGHT="19" WC="0.96" CONTENT="att"/><SP WIDTH="15" VPOS="523" HPOS="835"/>
							<String ID="string_144" HPOS="850" VPOS="527" WIDTH="28" HEIGHT="16" WC="0.96" CONTENT="en"/><SP WIDTH="14" VPOS="527" HPOS="878"/>
							<String ID="string_145" HPOS="892" VPOS="521" WIDTH="123" HEIGHT="21" WC="0.96" CONTENT="författares"/>
						</TextLine>
						<TextLine ID="line_14" HPOS="190" VPOS="549" WIDTH="826" HEIGHT="29">
							<String ID="string_146" HPOS="190" VPOS="549" WIDTH="93" HEIGHT="23" WC="0.96" CONTENT="intresse"/><SP WIDTH="19" VPOS="549" HPOS="283"/>
							<String ID="string_147" HPOS="302" VPOS="550" WIDTH="72" HEIGHT="22" WC="0.96" CONTENT="bättre"/><SP WIDTH="18" VPOS="550" HPOS="374"/>
							<String ID="string_148" HPOS="392" VPOS="550" WIDTH="95" HEIGHT="28" WC="0.96" CONTENT="skyddas"/><SP WIDTH="15" VPOS="550" HPOS="487"/>
							<String ID="string_149" HPOS="502" VPOS="557" WIDTH="78" HEIGHT="21" WC="0.95" CONTENT="genom"/><SP WIDTH="16" VPOS="557" HPOS="580"/>
							<String ID="string_150" HPOS="596" VPOS="557" WIDTH="26" HEIGHT="15" WC="0.95" CONTENT="en"/><SP WIDTH="15" VPOS="557" HPOS="622"/>
							<String ID="string_151" HPOS="637" VPOS="550" WIDTH="32" HEIGHT="22" WC="0.96" CONTENT="tid"/><SP WIDTH="16" VPOS="550" HPOS="669"/>
							<String ID="string_152" HPOS="685" VPOS="550" WIDTH="22" HEIGHT="22" WC="0.96" CONTENT="af"/><SP WIDTH="14" VPOS="550" HPOS="707"/>
							<String ID="string_153" HPOS="721" VPOS="552" WIDTH="27" HEIGHT="20" WC="0.96" CONTENT="50"/><SP WIDTH="16" VPOS="552" HPOS="748"/>
							<String ID="string_154" HPOS="764" VPOS="550" WIDTH="30" HEIGHT="27" WC="0.95" CONTENT="år,"/><SP WIDTH="17" VPOS="550" HPOS="794"/>
							<String ID="string_155" HPOS="811" VPOS="550" WIDTH="25" HEIGHT="22" WC="0.96" CONTENT="så"/><SP WIDTH="15" VPOS="550" HPOS="836"/>
							<String ID="string_156" HPOS="851" VPOS="556" WIDTH="51" HEIGHT="16" WC="0.96" CONTENT="vore"/><SP WIDTH="13" VPOS="556" HPOS="902"/>
							<String ID="string_157" HPOS="915" VPOS="549" WIDTH="37" HEIGHT="27" WC="0.96" CONTENT="jag"/><SP WIDTH="15" VPOS="549" HPOS="952"/>
							<String ID="string_158" HPOS="967" VPOS="550" WIDTH="49" HEIGHT="21" WC="0.96" CONTENT="icke"/>
						</TextLine>
						<TextLine ID="line_15" HPOS="190" VPOS="578" WIDTH="826" HEIGHT="28">
							<String ID="string_159" HPOS="190" VPOS="578" WIDTH="112" HEIGHT="28" WC="0.96" CONTENT="obenägen"/><SP WIDTH="22" VPOS="578" HPOS="302"/>
							<String ID="string_160" HPOS="324" VPOS="580" WIDTH="33" HEIGHT="20" WC="0.96" CONTENT="att"/><SP WIDTH="14" VPOS="580" HPOS="357"/>
							<String ID="string_161" HPOS="371" VPOS="579" WIDTH="86" HEIGHT="22" WC="0.96" CONTENT="biträda"/><SP WIDTH="23" VPOS="579" HPOS="457"/>
							<String ID="string_162" HPOS="480" VPOS="586" WIDTH="26" HEIGHT="15" WC="0.96" CONTENT="en"/><SP WIDTH="22" VPOS="586" HPOS="506"/>
							<String ID="string_163" HPOS="528" VPOS="580" WIDTH="69" HEIGHT="21" WC="0.96" CONTENT="sådan"/><SP WIDTH="15" VPOS="580" HPOS="597"/>
							<String ID="string_164" HPOS="612" VPOS="579" WIDTH="142" HEIGHT="27" WC="0.95" CONTENT="bestämning."/><SP WIDTH="31" VPOS="579" HPOS="754"/>
							<String ID="string_165" HPOS="785" VPOS="579" WIDTH="56" HEIGHT="27" WC="0.96" CONTENT="Men,"/><SP WIDTH="14" VPOS="579" HPOS="841"/>
							<String ID="string_166" HPOS="855" VPOS="579" WIDTH="38" HEIGHT="27" WC="0.96" CONTENT="jag"/><SP WIDTH="15" VPOS="579" HPOS="893"/>
							<String ID="string_167" HPOS="908" VPOS="585" WIDTH="108" HEIGHT="21" WC="0.96" CONTENT="upprepar"/>
						</TextLine>
						<TextLine ID="line_16" HPOS="191" VPOS="607" WIDTH="824" HEIGHT="29">
							<String ID="string_168" HPOS="191" VPOS="607" WIDTH="43" HEIGHT="27" WC="0.96" CONTENT="det,"/><SP WIDTH="23" VPOS="607" HPOS="234"/>
							<String ID="string_169" HPOS="257" VPOS="608" WIDTH="79" HEIGHT="22" WC="0.96" CONTENT="sådant"/><SP WIDTH="21" VPOS="608" HPOS="336"/>
							<String ID="string_170" HPOS="357" VPOS="608" WIDTH="40" HEIGHT="22" WC="0.93" CONTENT="har"/><SP WIDTH="21" VPOS="608" HPOS="397"/>
							<String ID="string_171" HPOS="418" VPOS="608" WIDTH="112" HEIGHT="22" WC="0.92" CONTENT="förnekats"/><SP WIDTH="22" VPOS="608" HPOS="530"/>
							<String ID="string_172" HPOS="552" VPOS="608" WIDTH="29" HEIGHT="28" WC="0.96" CONTENT="på"/><SP WIDTH="21" VPOS="608" HPOS="581"/>
							<String ID="string_173" HPOS="602" VPOS="608" WIDTH="117" HEIGHT="22" WC="0.96" CONTENT="historiska"/><SP WIDTH="23" VPOS="608" HPOS="719"/>
							<String ID="string_174" HPOS="742" VPOS="608" WIDTH="41" HEIGHT="22" WC="0.96" CONTENT="och"/><SP WIDTH="20" VPOS="608" HPOS="783"/>
							<String ID="string_175" HPOS="803" VPOS="608" WIDTH="143" HEIGHT="22" WC="0.96" CONTENT="ekonomiska"/><SP WIDTH="14" VPOS="608" HPOS="946"/>
							<String ID="string_176" HPOS="960" VPOS="608" WIDTH="55" HEIGHT="26" WC="0.95" CONTENT="skäl,"/>
						</TextLine>
						<TextLine ID="line_17" HPOS="190" VPOS="636" WIDTH="826" HEIGHT="29">
							<String ID="string_177" HPOS="190" VPOS="636" WIDTH="139" HEIGHT="28" WC="0.93" CONTENT="hvarigenom"/><SP WIDTH="14" VPOS="636" HPOS="329"/>
							<String ID="string_178" HPOS="343" VPOS="637" WIDTH="128" HEIGHT="28" WC="0.92" CONTENT="ådagalagts"/><SP WIDTH="16" VPOS="637" HPOS="471"/>
							<String ID="string_179" HPOS="487" VPOS="639" WIDTH="32" HEIGHT="20" WC="0.93" CONTENT="att"/><SP WIDTH="14" VPOS="639" HPOS="519"/>
							<String ID="string_180" HPOS="533" VPOS="636" WIDTH="48" HEIGHT="22" WC="0.90" CONTENT="förf."/><SP WIDTH="16" VPOS="636" HPOS="581"/>
							<String ID="string_181" HPOS="597" VPOS="637" WIDTH="48" HEIGHT="22" WC="0.96" CONTENT="icke"/><SP WIDTH="14" VPOS="637" HPOS="645"/>
							<String ID="string_182" HPOS="659" VPOS="638" WIDTH="75" HEIGHT="21" WC="0.96" CONTENT="vinner"/><SP WIDTH="15" VPOS="638" HPOS="734"/>
							<String ID="string_183" HPOS="749" VPOS="637" WIDTH="56" HEIGHT="21" WC="0.96" CONTENT="hvad"/><SP WIDTH="15" VPOS="637" HPOS="805"/>
							<String ID="string_184" HPOS="820" VPOS="637" WIDTH="144" HEIGHT="21" WC="0.96" CONTENT="allmänheten"/><SP WIDTH="11" VPOS="637" HPOS="964"/>
							<String ID="string_185" HPOS="975" VPOS="636" WIDTH="41" HEIGHT="22" WC="0.96" CONTENT="och"/>
						</TextLine>
						<TextLine ID="line_18" HPOS="189" VPOS="665" WIDTH="827" HEIGHT="29">
							<String ID="string_186" HPOS="189" VPOS="665" WIDTH="102" HEIGHT="22" WC="0.96" CONTENT="kulturen"/><SP WIDTH="23" VPOS="665" HPOS="291"/>
							<String ID="string_187" HPOS="314" VPOS="665" WIDTH="90" HEIGHT="23" WC="0.93" CONTENT="förlorar"/><SP WIDTH="21" VPOS="665" HPOS="404"/>
							<String ID="string_188" HPOS="425" VPOS="667" WIDTH="28" HEIGHT="27" WC="0.96" CONTENT="på"/><SP WIDTH="20" VPOS="667" HPOS="453"/>
							<String ID="string_189" HPOS="473" VPOS="672" WIDTH="26" HEIGHT="16" WC="0.96" CONTENT="en"/><SP WIDTH="15" VPOS="672" HPOS="499"/>
							<String ID="string_190" HPOS="514" VPOS="665" WIDTH="142" HEIGHT="28" WC="0.94" CONTENT="förlängning,"/><SP WIDTH="17" VPOS="665" HPOS="656"/>
							<String ID="string_191" HPOS="673" VPOS="666" WIDTH="24" HEIGHT="22" WC="0.96" CONTENT="så"/><SP WIDTH="16" VPOS="666" HPOS="697"/>
							<String ID="string_192" HPOS="713" VPOS="668" WIDTH="33" HEIGHT="20" WC="0.96" CONTENT="att"/><SP WIDTH="15" VPOS="668" HPOS="746"/>
							<String ID="string_193" HPOS="761" VPOS="666" WIDTH="121" HEIGHT="22" WC="0.96" CONTENT="tillsvidare"/><SP WIDTH="15" VPOS="666" HPOS="882"/>
							<String ID="string_194" HPOS="897" VPOS="666" WIDTH="69" HEIGHT="21" WC="0.96" CONTENT="skulle"/><SP WIDTH="13" VPOS="666" HPOS="966"/>
							<String ID="string_195" HPOS="979" VPOS="666" WIDTH="37" HEIGHT="27" WC="0.96" CONTENT="jag"/>
						</TextLine>
						<TextLine ID="line_19" HPOS="190" VPOS="694" WIDTH="826" HEIGHT="28">
							<String ID="string_196" HPOS="190" VPOS="694" WIDTH="51" HEIGHT="27" WC="0.96" CONTENT="vilja"/><SP WIDTH="22" VPOS="694" HPOS="241"/>
							<String ID="string_197" HPOS="263" VPOS="694" WIDTH="94" HEIGHT="22" WC="0.96" CONTENT="vidhålla"/><SP WIDTH="21" VPOS="694" HPOS="357"/>
							<String ID="string_198" HPOS="378" VPOS="695" WIDTH="69" HEIGHT="22" WC="0.96" CONTENT="denna"/><SP WIDTH="22" VPOS="695" HPOS="447"/>
							<String ID="string_199" HPOS="469" VPOS="695" WIDTH="143" HEIGHT="27" WC="0.96" CONTENT="bestämning,"/><SP WIDTH="15" VPOS="695" HPOS="612"/>
							<String ID="string_200" HPOS="627" VPOS="695" WIDTH="56" HEIGHT="27" WC="0.96" CONTENT="icke,"/><SP WIDTH="20" VPOS="695" HPOS="683"/>
							<String ID="string_201" HPOS="703" VPOS="696" WIDTH="73" HEIGHT="20" WC="0.96" CONTENT="såsom"/><SP WIDTH="14" VPOS="696" HPOS="776"/>
							<String ID="string_202" HPOS="790" VPOS="695" WIDTH="51" HEIGHT="21" WC="0.96" CONTENT="herr"/><SP WIDTH="15" VPOS="695" HPOS="841"/>
							<String ID="string_203" HPOS="856" VPOS="694" WIDTH="108" HEIGHT="22" WC="0.93" CONTENT="Snellman"/><SP WIDTH="16" VPOS="694" HPOS="964"/>
							<String ID="string_204" HPOS="980" VPOS="701" WIDTH="36" HEIGHT="15" WC="0.92" CONTENT="an-"/>
						</TextLine>
						<TextLine ID="line_20" HPOS="190" VPOS="723" WIDTH="827" HEIGHT="27">
							<String ID="string_205" HPOS="190" VPOS="723" WIDTH="55" HEIGHT="27" WC="0.92" CONTENT="tydt,"/><SP WIDTH="19" VPOS="723" HPOS="245"/>
							<String ID="string_206" HPOS="264" VPOS="723" WIDTH="33" HEIGHT="22" WC="0.96" CONTENT="för"/><SP WIDTH="19" VPOS="723" HPOS="297"/>
							<String ID="string_207" HPOS="316" VPOS="725" WIDTH="33" HEIGHT="20" WC="0.96" CONTENT="att"/><SP WIDTH="14" VPOS="725" HPOS="349"/>
							<String ID="string_208" HPOS="363" VPOS="724" WIDTH="119" HEIGHT="22" WC="0.96" CONTENT="inskränka"/><SP WIDTH="13" VPOS="724" HPOS="482"/>
							<String ID="string_209" HPOS="495" VPOS="724" WIDTH="124" HEIGHT="21" WC="0.96" CONTENT="författares"/><SP WIDTH="16" VPOS="724" HPOS="619"/>
							<String ID="string_210" HPOS="635" VPOS="726" WIDTH="50" HEIGHT="24" WC="0.96" CONTENT="rätt,"/><SP WIDTH="16" VPOS="726" HPOS="685"/>
							<String ID="string_211" HPOS="701" VPOS="730" WIDTH="48" HEIGHT="15" WC="0.96" CONTENT="men"/><SP WIDTH="18" VPOS="730" HPOS="749"/>
							<String ID="string_212" HPOS="767" VPOS="724" WIDTH="91" HEIGHT="21" WC="0.96" CONTENT="emedan"/><SP WIDTH="16" VPOS="724" HPOS="858"/>
							<String ID="string_213" HPOS="874" VPOS="723" WIDTH="41" HEIGHT="22" WC="0.96" CONTENT="den"/><SP WIDTH="15" VPOS="723" HPOS="915"/>
							<String ID="string_214" HPOS="930" VPOS="724" WIDTH="87" HEIGHT="21" WC="0.96" CONTENT="kortare"/>
						</TextLine>
						<TextLine ID="line_21" HPOS="190" VPOS="752" WIDTH="754" HEIGHT="28">
							<String ID="string_215" HPOS="190" VPOS="752" WIDTH="104" HEIGHT="27" WC="0.92" CONTENT="perioden"/><SP WIDTH="15" VPOS="752" HPOS="294"/>
							<String ID="string_216" HPOS="309" VPOS="752" WIDTH="96" HEIGHT="28" WC="0.92" CONTENT="pröfvats"/><SP WIDTH="15" VPOS="752" HPOS="405"/>
							<String ID="string_217" HPOS="420" VPOS="753" WIDTH="116" HEIGHT="27" WC="0.95" CONTENT="tillräcklig"/><SP WIDTH="15" VPOS="753" HPOS="536"/>
							<String ID="string_218" HPOS="551" VPOS="752" WIDTH="34" HEIGHT="22" WC="0.96" CONTENT="för"/><SP WIDTH="13" VPOS="752" HPOS="585"/>
							<String ID="string_219" HPOS="598" VPOS="752" WIDTH="139" HEIGHT="23" WC="0.96" CONTENT="författarens"/><SP WIDTH="17" VPOS="752" HPOS="737"/>
							<String ID="string_220" HPOS="754" VPOS="752" WIDTH="190" HEIGHT="22" WC="0.96" CONTENT="efterkommande."/>
						</TextLine>
					</TextBlock>
					<TextBlock ID="block_2" HPOS="188" VPOS="780" WIDTH="832" HEIGHT="605">
						<TextLine ID="line_22" HPOS="258" VPOS="780" WIDTH="758" HEIGHT="29">
							<String ID="string_221" HPOS="258" VPOS="781" WIDTH="57" HEIGHT="21" WC="0.93" CONTENT="Herr"/><SP WIDTH="22" VPOS="781" HPOS="315"/>
							<String ID="string_222" HPOS="337" VPOS="782" WIDTH="190" HEIGHT="27" WC="0.90" CONTENT="Godenhjelm:"/><SP WIDTH="31" VPOS="782" HPOS="527"/>
							<String ID="string_223" HPOS="558" VPOS="782" WIDTH="42" HEIGHT="26" WC="0.95" CONTENT="Jag"/><SP WIDTH="23" VPOS="782" HPOS="600"/>
							<String ID="string_224" HPOS="623" VPOS="782" WIDTH="69" HEIGHT="21" WC="0.96" CONTENT="skulle"/><SP WIDTH="19" VPOS="782" HPOS="692"/>
							<String ID="string_225" HPOS="711" VPOS="782" WIDTH="70" HEIGHT="27" WC="0.96" CONTENT="tycka,"/><SP WIDTH="17" VPOS="782" HPOS="781"/>
							<String ID="string_226" HPOS="798" VPOS="783" WIDTH="33" HEIGHT="20" WC="0.96" CONTENT="att"/><SP WIDTH="14" VPOS="783" HPOS="831"/>
							<String ID="string_227" HPOS="845" VPOS="781" WIDTH="72" HEIGHT="27" WC="0.96" CONTENT="någon"/><SP WIDTH="15" VPOS="781" HPOS="917"/>
							<String ID="string_228" HPOS="932" VPOS="780" WIDTH="84" HEIGHT="23" WC="0.96" CONTENT="skilnad"/>
						</TextLine>
						<TextLine ID="line_23" HPOS="191" VPOS="809" WIDTH="826" HEIGHT="29">
							<String ID="string_229" HPOS="191" VPOS="809" WIDTH="67" HEIGHT="22" WC="0.96" CONTENT="borde"/><SP WIDTH="15" VPOS="809" HPOS="258"/>
							<String ID="string_230" HPOS="273" VPOS="811" WIDTH="64" HEIGHT="26" WC="0.96" CONTENT="göras"/><SP WIDTH="16" VPOS="811" HPOS="337"/>
							<String ID="string_231" HPOS="353" VPOS="810" WIDTH="91" HEIGHT="22" WC="0.96" CONTENT="emellan"/><SP WIDTH="16" VPOS="810" HPOS="444"/>
							<String ID="string_232" HPOS="460" VPOS="810" WIDTH="42" HEIGHT="22" WC="0.96" CONTENT="den"/><SP WIDTH="14" VPOS="810" HPOS="502"/>
							<String ID="string_233" HPOS="516" VPOS="812" WIDTH="52" HEIGHT="25" WC="0.96" CONTENT="rätt,"/><SP WIDTH="17" VPOS="812" HPOS="568"/>
							<String ID="string_234" HPOS="585" VPOS="816" WIDTH="46" HEIGHT="16" WC="0.95" CONTENT="som"/><SP WIDTH="14" VPOS="816" HPOS="631"/>
							<String ID="string_235" HPOS="645" VPOS="810" WIDTH="129" HEIGHT="22" WC="0.96" CONTENT="författaren"/><SP WIDTH="16" VPOS="810" HPOS="774"/>
							<String ID="string_236" HPOS="790" VPOS="810" WIDTH="51" HEIGHT="28" WC="0.96" CONTENT="sjelf"/><SP WIDTH="14" VPOS="810" HPOS="841"/>
							<String ID="string_237" HPOS="855" VPOS="810" WIDTH="41" HEIGHT="22" WC="0.96" CONTENT="och"/><SP WIDTH="14" VPOS="810" HPOS="896"/>
							<String ID="string_238" HPOS="910" VPOS="810" WIDTH="54" HEIGHT="22" WC="0.93" CONTENT="hans"/><SP WIDTH="12" VPOS="810" HPOS="964"/>
							<String ID="string_239" HPOS="976" VPOS="809" WIDTH="41" HEIGHT="23" WC="0.92" CONTENT="arf-"/>
						</TextLine>
						<TextLine ID="line_24" HPOS="190" VPOS="838" WIDTH="826" HEIGHT="28">
							<String ID="string_240" HPOS="190" VPOS="838" WIDTH="75" HEIGHT="28" WC="0.96" CONTENT="vingar"/><SP WIDTH="20" VPOS="838" HPOS="265"/>
							<String ID="string_241" HPOS="285" VPOS="839" WIDTH="64" HEIGHT="22" WC="0.96" CONTENT="hafva"/><SP WIDTH="21" VPOS="839" HPOS="349"/>
							<String ID="string_242" HPOS="370" VPOS="840" WIDTH="34" HEIGHT="21" WC="0.96" CONTENT="till"/><SP WIDTH="22" VPOS="840" HPOS="404"/>
							<String ID="string_243" HPOS="426" VPOS="841" WIDTH="32" HEIGHT="20" WC="0.96" CONTENT="ett"/><SP WIDTH="19" VPOS="841" HPOS="458"/>
							<String ID="string_244" HPOS="477" VPOS="839" WIDTH="81" HEIGHT="27" WC="0.96" CONTENT="arbete,"/><SP WIDTH="17" VPOS="839" HPOS="558"/>
							<String ID="string_245" HPOS="575" VPOS="840" WIDTH="41" HEIGHT="21" WC="0.96" CONTENT="och"/><SP WIDTH="15" VPOS="840" HPOS="616"/>
							<String ID="string_246" HPOS="631" VPOS="840" WIDTH="48" HEIGHT="26" WC="0.96" CONTENT="den,"/><SP WIDTH="17" VPOS="840" HPOS="679"/>
							<String ID="string_247" HPOS="696" VPOS="846" WIDTH="47" HEIGHT="15" WC="0.96" CONTENT="som"/><SP WIDTH="15" VPOS="846" HPOS="743"/>
							<String ID="string_248" HPOS="758" VPOS="839" WIDTH="73" HEIGHT="21" WC="0.96" CONTENT="tillhör"/><SP WIDTH="16" VPOS="839" HPOS="831"/>
							<String ID="string_249" HPOS="847" VPOS="845" WIDTH="27" HEIGHT="16" WC="0.96" CONTENT="en"/><SP WIDTH="15" VPOS="845" HPOS="874"/>
							<String ID="string_250" HPOS="889" VPOS="838" WIDTH="127" HEIGHT="28" WC="0.95" CONTENT="förläggare,"/>
						</TextLine>
						<TextLine ID="line_25" HPOS="191" VPOS="867" WIDTH="826" HEIGHT="28">
							<String ID="string_251" HPOS="191" VPOS="874" WIDTH="46" HEIGHT="15" WC="0.96" CONTENT="som"/><SP WIDTH="18" VPOS="874" HPOS="237"/>
							<String ID="string_252" HPOS="255" VPOS="868" WIDTH="55" HEIGHT="27" WC="0.96" CONTENT="köpt"/><SP WIDTH="15" VPOS="868" HPOS="310"/>
							<String ID="string_253" HPOS="325" VPOS="868" WIDTH="86" HEIGHT="22" WC="0.96" CONTENT="arbetet"/><SP WIDTH="15" VPOS="868" HPOS="411"/>
							<String ID="string_254" HPOS="426" VPOS="868" WIDTH="23" HEIGHT="22" WC="0.96" CONTENT="af"/><SP WIDTH="7" VPOS="868" HPOS="449"/>
							<String ID="string_255" HPOS="456" VPOS="868" WIDTH="133" HEIGHT="22" WC="0.96" CONTENT="författaren."/><SP WIDTH="30" VPOS="868" HPOS="589"/>
							<String ID="string_256" HPOS="619" VPOS="868" WIDTH="43" HEIGHT="22" WC="0.95" CONTENT="Det"/><SP WIDTH="15" VPOS="868" HPOS="662"/>
							<String ID="string_257" HPOS="677" VPOS="870" WIDTH="25" HEIGHT="20" WC="0.95" CONTENT="är"/><SP WIDTH="14" VPOS="870" HPOS="702"/>
							<String ID="string_258" HPOS="716" VPOS="869" WIDTH="46" HEIGHT="21" WC="0.96" CONTENT="rätt"/><SP WIDTH="15" VPOS="869" HPOS="762"/>
							<String ID="string_259" HPOS="777" VPOS="868" WIDTH="41" HEIGHT="22" WC="0.95" CONTENT="och"/><SP WIDTH="15" VPOS="868" HPOS="818"/>
							<String ID="string_260" HPOS="833" VPOS="868" WIDTH="77" HEIGHT="27" WC="0.94" CONTENT="billigt,"/><SP WIDTH="17" VPOS="868" HPOS="910"/>
							<String ID="string_261" HPOS="927" VPOS="869" WIDTH="33" HEIGHT="21" WC="0.93" CONTENT="att"/><SP WIDTH="14" VPOS="869" HPOS="960"/>
							<String ID="string_262" HPOS="974" VPOS="867" WIDTH="43" HEIGHT="22" WC="0.92" CONTENT="för-"/>
						</TextLine>
						<TextLine ID="line_26" HPOS="189" VPOS="896" WIDTH="828" HEIGHT="28">
							<String ID="string_263" HPOS="189" VPOS="896" WIDTH="95" HEIGHT="22" WC="0.91" CONTENT="fattaren"/><SP WIDTH="16" VPOS="896" HPOS="284"/>
							<String ID="string_264" HPOS="300" VPOS="897" WIDTH="52" HEIGHT="21" WC="0.96" CONTENT="eller"/><SP WIDTH="14" VPOS="897" HPOS="352"/>
							<String ID="string_265" HPOS="366" VPOS="897" WIDTH="55" HEIGHT="21" WC="0.96" CONTENT="hans"/><SP WIDTH="15" VPOS="897" HPOS="421"/>
							<String ID="string_266" HPOS="436" VPOS="898" WIDTH="110" HEIGHT="21" WC="0.93" CONTENT="närmaste"/><SP WIDTH="15" VPOS="898" HPOS="546"/>
							<String ID="string_267" HPOS="561" VPOS="896" WIDTH="108" HEIGHT="28" WC="0.91" CONTENT="arfvingar"/><SP WIDTH="14" VPOS="896" HPOS="669"/>
							<String ID="string_268" HPOS="683" VPOS="897" WIDTH="86" HEIGHT="27" WC="0.96" CONTENT="åtnjuta"/><SP WIDTH="16" VPOS="897" HPOS="769"/>
							<String ID="string_269" HPOS="785" VPOS="897" WIDTH="71" HEIGHT="21" WC="0.96" CONTENT="denna"/><SP WIDTH="14" VPOS="897" HPOS="856"/>
							<String ID="string_270" HPOS="870" VPOS="897" WIDTH="105" HEIGHT="27" WC="0.96" CONTENT="rättighet"/><SP WIDTH="10" VPOS="897" HPOS="975"/>
							<String ID="string_271" HPOS="985" VPOS="896" WIDTH="32" HEIGHT="22" WC="0.95" CONTENT="till"/>
						</TextLine>
						<TextLine ID="line_27" HPOS="190" VPOS="924" WIDTH="827" HEIGHT="28">
							<String ID="string_272" HPOS="190" VPOS="924" WIDTH="138" HEIGHT="23" WC="0.95" CONTENT="författarens"/><SP WIDTH="21" VPOS="924" HPOS="328"/>
							<String ID="string_273" HPOS="349" VPOS="926" WIDTH="42" HEIGHT="22" WC="0.96" CONTENT="död"/><SP WIDTH="22" VPOS="926" HPOS="391"/>
							<String ID="string_274" HPOS="413" VPOS="927" WIDTH="57" HEIGHT="20" WC="0.96" CONTENT="samt"/><SP WIDTH="17" VPOS="927" HPOS="470"/>
							<String ID="string_275" HPOS="487" VPOS="926" WIDTH="68" HEIGHT="21" WC="0.96" CONTENT="sedan"/><SP WIDTH="14" VPOS="926" HPOS="555"/>
							<String ID="string_276" HPOS="569" VPOS="928" WIDTH="26" HEIGHT="20" WC="0.95" CONTENT="30"/><SP WIDTH="16" VPOS="928" HPOS="595"/>
							<String ID="string_277" HPOS="611" VPOS="926" WIDTH="54" HEIGHT="22" WC="0.96" CONTENT="eller"/><SP WIDTH="15" VPOS="926" HPOS="665"/>
							<String ID="string_278" HPOS="680" VPOS="928" WIDTH="27" HEIGHT="19" WC="0.96" CONTENT="50"/><SP WIDTH="16" VPOS="928" HPOS="707"/>
							<String ID="string_279" HPOS="723" VPOS="926" WIDTH="25" HEIGHT="21" WC="0.95" CONTENT="år"/><SP WIDTH="15" VPOS="926" HPOS="748"/>
							<String ID="string_280" HPOS="763" VPOS="925" WIDTH="55" HEIGHT="22" WC="0.96" CONTENT="efter"/><SP WIDTH="14" VPOS="925" HPOS="818"/>
							<String ID="string_281" HPOS="832" VPOS="926" WIDTH="55" HEIGHT="21" WC="0.96" CONTENT="hans"/><SP WIDTH="17" VPOS="926" HPOS="887"/>
							<String ID="string_282" HPOS="904" VPOS="926" WIDTH="48" HEIGHT="26" WC="0.96" CONTENT="död,"/><SP WIDTH="16" VPOS="926" HPOS="952"/>
							<String ID="string_283" HPOS="968" VPOS="932" WIDTH="49" HEIGHT="15" WC="0.96" CONTENT="men"/>
						</TextLine>
						<TextLine ID="line_28" HPOS="191" VPOS="954" WIDTH="827" HEIGHT="27">
							<String ID="string_284" HPOS="191" VPOS="954" WIDTH="28" HEIGHT="21" WC="0.96" CONTENT="då"/><SP WIDTH="16" VPOS="954" HPOS="219"/>
							<String ID="string_285" HPOS="235" VPOS="954" WIDTH="86" HEIGHT="21" WC="0.96" CONTENT="arbetet"/><SP WIDTH="14" VPOS="954" HPOS="321"/>
							<String ID="string_286" HPOS="335" VPOS="954" WIDTH="70" HEIGHT="23" WC="0.93" CONTENT="blifvit"/><SP WIDTH="14" VPOS="954" HPOS="405"/>
							<String ID="string_287" HPOS="419" VPOS="954" WIDTH="91" HEIGHT="22" WC="0.91" CONTENT="försåldt"/><SP WIDTH="16" VPOS="954" HPOS="510"/>
							<String ID="string_288" HPOS="526" VPOS="955" WIDTH="22" HEIGHT="21" WC="0.96" CONTENT="åt"/><SP WIDTH="15" VPOS="955" HPOS="548"/>
							<String ID="string_289" HPOS="563" VPOS="954" WIDTH="72" HEIGHT="27" WC="0.96" CONTENT="någon"/><SP WIDTH="14" VPOS="954" HPOS="635"/>
							<String ID="string_290" HPOS="649" VPOS="954" WIDTH="128" HEIGHT="27" WC="0.95" CONTENT="förläggare,"/><SP WIDTH="18" VPOS="954" HPOS="777"/>
							<String ID="string_291" HPOS="795" VPOS="956" WIDTH="24" HEIGHT="19" WC="0.96" CONTENT="är"/><SP WIDTH="16" VPOS="956" HPOS="819"/>
							<String ID="string_292" HPOS="835" VPOS="954" WIDTH="38" HEIGHT="21" WC="0.96" CONTENT="det"/><SP WIDTH="9" VPOS="954" HPOS="873"/>
							<String ID="string_293" HPOS="882" VPOS="954" WIDTH="94" HEIGHT="27" WC="0.96" CONTENT="onödigt,"/><SP WIDTH="10" VPOS="954" HPOS="976"/>
							<String ID="string_294" HPOS="986" VPOS="955" WIDTH="32" HEIGHT="20" WC="0.96" CONTENT="att"/>
						</TextLine>
						<TextLine ID="line_29" HPOS="189" VPOS="981" WIDTH="829" HEIGHT="30">
							<String ID="string_295" HPOS="189" VPOS="981" WIDTH="34" HEIGHT="23" WC="0.96" CONTENT="för"/><SP WIDTH="22" VPOS="981" HPOS="223"/>
							<String ID="string_296" HPOS="245" VPOS="983" WIDTH="25" HEIGHT="21" WC="0.96" CONTENT="så"/><SP WIDTH="22" VPOS="983" HPOS="270"/>
							<String ID="string_297" HPOS="292" VPOS="983" WIDTH="51" HEIGHT="28" WC="0.96" CONTENT="lång"/><SP WIDTH="18" VPOS="983" HPOS="343"/>
							<String ID="string_298" HPOS="361" VPOS="983" WIDTH="32" HEIGHT="22" WC="0.96" CONTENT="tid"/><SP WIDTH="18" VPOS="983" HPOS="393"/>
							<String ID="string_299" HPOS="411" VPOS="983" WIDTH="129" HEIGHT="22" WC="0.96" CONTENT="säkerställa"/><SP WIDTH="18" VPOS="983" HPOS="540"/>
							<String ID="string_300" HPOS="558" VPOS="983" WIDTH="147" HEIGHT="27" WC="0.95" CONTENT="besittningen"/><SP WIDTH="15" VPOS="983" HPOS="705"/>
							<String ID="string_301" HPOS="720" VPOS="983" WIDTH="34" HEIGHT="22" WC="0.96" CONTENT="till"/><SP WIDTH="17" VPOS="983" HPOS="754"/>
							<String ID="string_302" HPOS="771" VPOS="983" WIDTH="126" HEIGHT="21" WC="0.95" CONTENT="detsamma."/><SP WIDTH="30" VPOS="983" HPOS="897"/>
							<String ID="string_303" HPOS="927" VPOS="983" WIDTH="34" HEIGHT="21" WC="0.95" CONTENT="Då"/><SP WIDTH="14" VPOS="983" HPOS="961"/>
							<String ID="string_304" HPOS="975" VPOS="983" WIDTH="43" HEIGHT="21" WC="0.96" CONTENT="kan"/>
						</TextLine>
						<TextLine ID="line_30" HPOS="190" VPOS="1011" WIDTH="828" HEIGHT="28">
							<String ID="string_305" HPOS="190" VPOS="1011" WIDTH="60" HEIGHT="22" WC="0.96" CONTENT="tiden"/><SP WIDTH="19" VPOS="1011" HPOS="250"/>
							<String ID="string_306" HPOS="269" VPOS="1018" WIDTH="67" HEIGHT="21" WC="0.96" CONTENT="gerna"/><SP WIDTH="18" VPOS="1018" HPOS="336"/>
							<String ID="string_307" HPOS="354" VPOS="1011" WIDTH="108" HEIGHT="23" WC="0.96" CONTENT="förkortas"/><SP WIDTH="22" VPOS="1011" HPOS="462"/>
							<String ID="string_308" HPOS="484" VPOS="1012" WIDTH="40" HEIGHT="22" WC="0.96" CONTENT="och"/><SP WIDTH="20" VPOS="1012" HPOS="524"/>
							<String ID="string_309" HPOS="544" VPOS="1018" WIDTH="50" HEIGHT="15" WC="0.96" CONTENT="man"/><SP WIDTH="15" VPOS="1018" HPOS="594"/>
							<String ID="string_310" HPOS="609" VPOS="1012" WIDTH="43" HEIGHT="21" WC="0.96" CONTENT="kan"/><SP WIDTH="14" VPOS="1012" HPOS="652"/>
							<String ID="string_311" HPOS="666" VPOS="1012" WIDTH="69" HEIGHT="21" WC="0.96" CONTENT="räkna"/><SP WIDTH="16" VPOS="1012" HPOS="735"/>
							<String ID="string_312" HPOS="751" VPOS="1013" WIDTH="33" HEIGHT="20" WC="0.96" CONTENT="ett"/><SP WIDTH="14" VPOS="1013" HPOS="784"/>
							<String ID="string_313" HPOS="798" VPOS="1011" WIDTH="56" HEIGHT="22" WC="0.95" CONTENT="visst"/><SP WIDTH="15" VPOS="1011" HPOS="854"/>
							<String ID="string_314" HPOS="869" VPOS="1011" WIDTH="59" HEIGHT="22" WC="0.96" CONTENT="antal"/><SP WIDTH="16" VPOS="1011" HPOS="928"/>
							<String ID="string_315" HPOS="944" VPOS="1011" WIDTH="29" HEIGHT="27" WC="0.95" CONTENT="år,"/><SP WIDTH="17" VPOS="1011" HPOS="973"/>
							<String ID="string_316" HPOS="990" VPOS="1013" WIDTH="28" HEIGHT="20" WC="0.96" CONTENT="30"/>
						</TextLine>
						<TextLine ID="line_31" HPOS="191" VPOS="1040" WIDTH="827" HEIGHT="27">
							<String ID="string_317" HPOS="191" VPOS="1040" WIDTH="52" HEIGHT="22" WC="0.96" CONTENT="eller"/><SP WIDTH="19" VPOS="1040" HPOS="243"/>
							<String ID="string_318" HPOS="262" VPOS="1042" WIDTH="34" HEIGHT="25" WC="0.95" CONTENT="50,"/><SP WIDTH="23" VPOS="1042" HPOS="296"/>
							<String ID="string_319" HPOS="319" VPOS="1040" WIDTH="47" HEIGHT="23" WC="0.96" CONTENT="från"/><SP WIDTH="23" VPOS="1040" HPOS="366"/>
							<String ID="string_320" HPOS="389" VPOS="1041" WIDTH="42" HEIGHT="21" WC="0.96" CONTENT="den"/><SP WIDTH="22" VPOS="1041" HPOS="431"/>
							<String ID="string_321" HPOS="453" VPOS="1041" WIDTH="39" HEIGHT="26" WC="0.96" CONTENT="tid,"/><SP WIDTH="23" VPOS="1041" HPOS="492"/>
							<String ID="string_322" HPOS="515" VPOS="1041" WIDTH="28" HEIGHT="21" WC="0.96" CONTENT="dä"/><SP WIDTH="22" VPOS="1041" HPOS="543"/>
							<String ID="string_323" HPOS="565" VPOS="1041" WIDTH="85" HEIGHT="22" WC="0.96" CONTENT="arbetet"/><SP WIDTH="21" VPOS="1041" HPOS="650"/>
							<String ID="string_324" HPOS="671" VPOS="1041" WIDTH="82" HEIGHT="22" WC="0.95" CONTENT="utkom."/><SP WIDTH="31" VPOS="1041" HPOS="753"/>
							<String ID="string_325" HPOS="784" VPOS="1041" WIDTH="68" HEIGHT="21" WC="0.96" CONTENT="Detta"/><SP WIDTH="20" VPOS="1041" HPOS="852"/>
							<String ID="string_326" HPOS="872" VPOS="1041" WIDTH="69" HEIGHT="21" WC="0.96" CONTENT="skulle"/><SP WIDTH="15" VPOS="1041" HPOS="941"/>
							<String ID="string_327" HPOS="956" VPOS="1040" WIDTH="62" HEIGHT="22" WC="0.96" CONTENT="äfven"/>
						</TextLine>
						<TextLine ID="line_32" HPOS="191" VPOS="1069" WIDTH="827" HEIGHT="28">
							<String ID="string_328" HPOS="191" VPOS="1070" WIDTH="52" HEIGHT="25" WC="0.96" CONTENT="göra"/><SP WIDTH="16" VPOS="1070" HPOS="243"/>
							<String ID="string_329" HPOS="259" VPOS="1069" WIDTH="67" HEIGHT="22" WC="0.93" CONTENT="saken"/><SP WIDTH="15" VPOS="1069" HPOS="326"/>
							<String ID="string_330" HPOS="341" VPOS="1069" WIDTH="98" HEIGHT="28" WC="0.91" CONTENT="redigare"/><SP WIDTH="14" VPOS="1069" HPOS="439"/>
							<String ID="string_331" HPOS="453" VPOS="1070" WIDTH="50" HEIGHT="21" WC="0.96" CONTENT="med"/><SP WIDTH="15" VPOS="1070" HPOS="503"/>
							<String ID="string_332" HPOS="518" VPOS="1069" WIDTH="103" HEIGHT="22" WC="0.93" CONTENT="afseende"/><SP WIDTH="14" VPOS="1069" HPOS="621"/>
							<String ID="string_333" HPOS="635" VPOS="1070" WIDTH="13" HEIGHT="21" WC="0.92" CONTENT="å"/><SP WIDTH="15" VPOS="1070" HPOS="648"/>
							<String ID="string_334" HPOS="663" VPOS="1070" WIDTH="70" HEIGHT="27" WC="0.96" CONTENT="priset"/><SP WIDTH="13" VPOS="1070" HPOS="733"/>
							<String ID="string_335" HPOS="746" VPOS="1069" WIDTH="37" HEIGHT="22" WC="0.96" CONTENT="vid"/><SP WIDTH="14" VPOS="1069" HPOS="783"/>
							<String ID="string_336" HPOS="797" VPOS="1069" WIDTH="161" HEIGHT="28" WC="0.94" CONTENT="försäljningen."/><SP WIDTH="30" VPOS="1069" HPOS="958"/>
							<String ID="string_337" HPOS="988" VPOS="1069" WIDTH="30" HEIGHT="28" WC="0.96" CONTENT="Ty"/>
						</TextLine>
						<TextLine ID="line_33" HPOS="191" VPOS="1097" WIDTH="827" HEIGHT="28">
							<String ID="string_338" HPOS="191" VPOS="1104" WIDTH="34" HEIGHT="15" WC="0.96" CONTENT="om"/><SP WIDTH="16" VPOS="1104" HPOS="225"/>
							<String ID="string_339" HPOS="241" VPOS="1104" WIDTH="27" HEIGHT="15" WC="0.95" CONTENT="en"/><SP WIDTH="14" VPOS="1104" HPOS="268"/>
							<String ID="string_340" HPOS="282" VPOS="1097" WIDTH="121" HEIGHT="28" WC="0.95" CONTENT="förläggare"/><SP WIDTH="15" VPOS="1097" HPOS="403"/>
							<String ID="string_341" HPOS="418" VPOS="1099" WIDTH="68" HEIGHT="26" WC="0.96" CONTENT="köper"/><SP WIDTH="15" VPOS="1099" HPOS="486"/>
							<String ID="string_342" HPOS="501" VPOS="1100" WIDTH="33" HEIGHT="20" WC="0.97" CONTENT="ett"/><SP WIDTH="15" VPOS="1100" HPOS="534"/>
							<String ID="string_343" HPOS="549" VPOS="1099" WIDTH="76" HEIGHT="21" WC="0.96" CONTENT="arbete"/><SP WIDTH="15" VPOS="1099" HPOS="625"/>
							<String ID="string_344" HPOS="640" VPOS="1098" WIDTH="23" HEIGHT="22" WC="0.96" CONTENT="af"/><SP WIDTH="14" VPOS="1098" HPOS="663"/>
							<String ID="string_345" HPOS="677" VPOS="1105" WIDTH="26" HEIGHT="15" WC="0.96" CONTENT="en"/><SP WIDTH="16" VPOS="1105" HPOS="703"/>
							<String ID="string_346" HPOS="719" VPOS="1098" WIDTH="121" HEIGHT="27" WC="0.96" CONTENT="författare,"/><SP WIDTH="15" VPOS="1098" HPOS="840"/>
							<String ID="string_347" HPOS="855" VPOS="1098" WIDTH="43" HEIGHT="22" WC="0.96" CONTENT="kan"/><SP WIDTH="15" VPOS="1098" HPOS="898"/>
							<String ID="string_348" HPOS="913" VPOS="1098" WIDTH="43" HEIGHT="21" WC="0.96" CONTENT="han"/><SP WIDTH="14" VPOS="1098" HPOS="956"/>
							<String ID="string_349" HPOS="970" VPOS="1098" WIDTH="48" HEIGHT="22" WC="0.96" CONTENT="icke"/>
						</TextLine>
						<TextLine ID="line_34" HPOS="191" VPOS="1126" WIDTH="827" HEIGHT="28">
							<String ID="string_350" HPOS="191" VPOS="1128" WIDTH="56" HEIGHT="25" WC="0.96" CONTENT="veta,"/><SP WIDTH="16" VPOS="1128" HPOS="247"/>
							<String ID="string_351" HPOS="263" VPOS="1132" WIDTH="35" HEIGHT="16" WC="0.96" CONTENT="om"/><SP WIDTH="16" VPOS="1132" HPOS="298"/>
							<String ID="string_352" HPOS="314" VPOS="1127" WIDTH="69" HEIGHT="22" WC="0.93" CONTENT="denne"/><SP WIDTH="15" VPOS="1127" HPOS="383"/>
							<String ID="string_353" HPOS="398" VPOS="1127" WIDTH="67" HEIGHT="22" WC="0.92" CONTENT="lefver"/><SP WIDTH="16" VPOS="1127" HPOS="465"/>
							<String ID="string_354" HPOS="481" VPOS="1129" WIDTH="26" HEIGHT="20" WC="0.96" CONTENT="50"/><SP WIDTH="17" VPOS="1129" HPOS="507"/>
							<String ID="string_355" HPOS="524" VPOS="1127" WIDTH="24" HEIGHT="22" WC="0.96" CONTENT="är"/><SP WIDTH="15" VPOS="1127" HPOS="548"/>
							<String ID="string_356" HPOS="563" VPOS="1127" WIDTH="52" HEIGHT="22" WC="0.96" CONTENT="eller"/><SP WIDTH="16" VPOS="1127" HPOS="615"/>
							<String ID="string_357" HPOS="631" VPOS="1133" WIDTH="34" HEIGHT="16" WC="0.96" CONTENT="om"/><SP WIDTH="14" VPOS="1133" HPOS="665"/>
							<String ID="string_358" HPOS="679" VPOS="1127" WIDTH="43" HEIGHT="22" WC="0.96" CONTENT="han"/><SP WIDTH="17" VPOS="1127" HPOS="722"/>
							<String ID="string_359" HPOS="739" VPOS="1127" WIDTH="40" HEIGHT="21" WC="0.96" CONTENT="dör"/><SP WIDTH="13" VPOS="1127" HPOS="779"/>
							<String ID="string_360" HPOS="792" VPOS="1126" WIDTH="96" HEIGHT="28" WC="0.96" CONTENT="följande"/><SP WIDTH="16" VPOS="1126" HPOS="888"/>
							<String ID="string_361" HPOS="904" VPOS="1127" WIDTH="48" HEIGHT="26" WC="0.96" CONTENT="dag."/><SP WIDTH="32" VPOS="1127" HPOS="952"/>
							<String ID="string_362" HPOS="984" VPOS="1127" WIDTH="34" HEIGHT="21" WC="0.78" CONTENT="Då"/>
						</TextLine>
						<TextLine ID="line_35" HPOS="189" VPOS="1155" WIDTH="830" HEIGHT="28">
							<String ID="string_363" HPOS="189" VPOS="1155" WIDTH="43" HEIGHT="22" WC="0.96" CONTENT="kan"/><SP WIDTH="16" VPOS="1155" HPOS="232"/>
							<String ID="string_364" HPOS="248" VPOS="1155" WIDTH="41" HEIGHT="22" WC="0.96" CONTENT="den"/><SP WIDTH="15" VPOS="1155" HPOS="289"/>
							<String ID="string_365" HPOS="304" VPOS="1156" WIDTH="38" HEIGHT="26" WC="0.96" CONTENT="tid,"/><SP WIDTH="15" VPOS="1156" HPOS="342"/>
							<String ID="string_366" HPOS="357" VPOS="1155" WIDTH="34" HEIGHT="22" WC="0.96" CONTENT="för"/><SP WIDTH="14" VPOS="1155" HPOS="391"/>
							<String ID="string_367" HPOS="405" VPOS="1156" WIDTH="87" HEIGHT="21" WC="0.95" CONTENT="hvilken"/><SP WIDTH="14" VPOS="1156" HPOS="492"/>
							<String ID="string_368" HPOS="506" VPOS="1156" WIDTH="43" HEIGHT="21" WC="0.96" CONTENT="han"/><SP WIDTH="14" VPOS="1156" HPOS="549"/>
							<String ID="string_369" HPOS="563" VPOS="1156" WIDTH="69" HEIGHT="27" WC="0.96" CONTENT="köper"/><SP WIDTH="15" VPOS="1156" HPOS="632"/>
							<String ID="string_370" HPOS="647" VPOS="1155" WIDTH="91" HEIGHT="27" WC="0.96" CONTENT="arbetet,"/><SP WIDTH="16" VPOS="1155" HPOS="738"/>
							<String ID="string_371" HPOS="754" VPOS="1156" WIDTH="84" HEIGHT="21" WC="0.96" CONTENT="kanske"/><SP WIDTH="15" VPOS="1156" HPOS="838"/>
							<String ID="string_372" HPOS="853" VPOS="1155" WIDTH="66" HEIGHT="22" WC="0.96" CONTENT="blifva"/><SP WIDTH="8" VPOS="1155" HPOS="919"/>
							<String ID="string_373" HPOS="927" VPOS="1157" WIDTH="27" HEIGHT="20" WC="0.96" CONTENT="80"/><SP WIDTH="12" VPOS="1157" HPOS="954"/>
							<String ID="string_374" HPOS="966" VPOS="1156" WIDTH="53" HEIGHT="21" WC="0.96" CONTENT="eller"/>
						</TextLine>
						<TextLine ID="line_36" HPOS="189" VPOS="1184" WIDTH="829" HEIGHT="28">
							<String ID="string_375" HPOS="189" VPOS="1184" WIDTH="34" HEIGHT="21" WC="0.96" CONTENT="till"/><SP WIDTH="19" VPOS="1184" HPOS="223"/>
							<String ID="string_376" HPOS="242" VPOS="1184" WIDTH="41" HEIGHT="21" WC="0.96" CONTENT="och"/><SP WIDTH="14" VPOS="1184" HPOS="283"/>
							<String ID="string_377" HPOS="297" VPOS="1184" WIDTH="50" HEIGHT="23" WC="0.96" CONTENT="med"/><SP WIDTH="16" VPOS="1184" HPOS="347"/>
							<String ID="string_378" HPOS="363" VPOS="1186" WIDTH="40" HEIGHT="20" WC="0.96" CONTENT="100"/><SP WIDTH="15" VPOS="1186" HPOS="403"/>
							<String ID="string_379" HPOS="418" VPOS="1185" WIDTH="30" HEIGHT="26" WC="0.96" CONTENT="år,"/><SP WIDTH="16" VPOS="1185" HPOS="448"/>
							<String ID="string_380" HPOS="464" VPOS="1191" WIDTH="49" HEIGHT="15" WC="0.96" CONTENT="men"/><SP WIDTH="15" VPOS="1191" HPOS="513"/>
							<String ID="string_381" HPOS="528" VPOS="1185" WIDTH="67" HEIGHT="21" WC="0.96" CONTENT="också"/><SP WIDTH="15" VPOS="1185" HPOS="595"/>
							<String ID="string_382" HPOS="610" VPOS="1185" WIDTH="106" HEIGHT="27" WC="0.96" CONTENT="betydligt"/><SP WIDTH="15" VPOS="1185" HPOS="716"/>
							<String ID="string_383" HPOS="731" VPOS="1185" WIDTH="96" HEIGHT="21" WC="0.95" CONTENT="kortare."/><SP WIDTH="32" VPOS="1185" HPOS="827"/>
							<String ID="string_384" HPOS="859" VPOS="1184" WIDTH="72" HEIGHT="22" WC="0.88" CONTENT="Saken"/><SP WIDTH="14" VPOS="1184" HPOS="931"/>
							<String ID="string_385" HPOS="945" VPOS="1184" WIDTH="73" HEIGHT="22" WC="0.96" CONTENT="kunde"/>
						</TextLine>
						<TextLine ID="line_37" HPOS="189" VPOS="1213" WIDTH="829" HEIGHT="27">
							<String ID="string_386" HPOS="189" VPOS="1213" WIDTH="133" HEIGHT="22" WC="0.96" CONTENT="bestämmas"/><SP WIDTH="21" VPOS="1213" HPOS="322"/>
							<String ID="string_387" HPOS="343" VPOS="1213" WIDTH="98" HEIGHT="27" WC="0.96" CONTENT="sålunda,"/><SP WIDTH="20" VPOS="1213" HPOS="441"/>
							<String ID="string_388" HPOS="461" VPOS="1215" WIDTH="38" HEIGHT="25" WC="0.96" CONTENT="att,"/><SP WIDTH="18" VPOS="1215" HPOS="499"/>
							<String ID="string_389" HPOS="517" VPOS="1219" WIDTH="35" HEIGHT="16" WC="0.96" CONTENT="om"/><SP WIDTH="14" VPOS="1219" HPOS="552"/>
							<String ID="string_390" HPOS="566" VPOS="1213" WIDTH="128" HEIGHT="22" WC="0.93" CONTENT="författaren"/><SP WIDTH="14" VPOS="1213" HPOS="694"/>
							<String ID="string_391" HPOS="708" VPOS="1213" WIDTH="75" HEIGHT="26" WC="0.92" CONTENT="lefver,"/><SP WIDTH="17" VPOS="1213" HPOS="783"/>
							<String ID="string_392" HPOS="800" VPOS="1213" WIDTH="28" HEIGHT="22" WC="0.96" CONTENT="då"/><SP WIDTH="16" VPOS="1213" HPOS="828"/>
							<String ID="string_393" HPOS="844" VPOS="1213" WIDTH="85" HEIGHT="22" WC="0.96" CONTENT="arbetet"/><SP WIDTH="14" VPOS="1213" HPOS="929"/>
							<String ID="string_394" HPOS="943" VPOS="1213" WIDTH="75" HEIGHT="27" WC="0.96" CONTENT="köpes,"/>
						</TextLine>
						<TextLine ID="line_38" HPOS="189" VPOS="1241" WIDTH="827" HEIGHT="28">
							<String ID="string_395" HPOS="189" VPOS="1241" WIDTH="148" HEIGHT="28" WC="0.92" CONTENT="förläggarens"/><SP WIDTH="22" VPOS="1241" HPOS="337"/>
							<String ID="string_396" HPOS="359" VPOS="1243" WIDTH="46" HEIGHT="20" WC="0.96" CONTENT="rätt"/><SP WIDTH="18" VPOS="1243" HPOS="405"/>
							<String ID="string_397" HPOS="423" VPOS="1243" WIDTH="68" HEIGHT="21" WC="0.96" CONTENT="skulle"/><SP WIDTH="20" VPOS="1243" HPOS="491"/>
							<String ID="string_398" HPOS="511" VPOS="1241" WIDTH="48" HEIGHT="22" WC="0.96" CONTENT="från"/><SP WIDTH="16" VPOS="1241" HPOS="559"/>
							<String ID="string_399" HPOS="575" VPOS="1242" WIDTH="41" HEIGHT="22" WC="0.96" CONTENT="den"/><SP WIDTH="15" VPOS="1242" HPOS="616"/>
							<String ID="string_400" HPOS="631" VPOS="1242" WIDTH="38" HEIGHT="27" WC="0.96" CONTENT="tid,"/><SP WIDTH="12" VPOS="1242" HPOS="669"/>
							<String ID="string_401" HPOS="681" VPOS="1242" WIDTH="28" HEIGHT="22" WC="0.96" CONTENT="då"/><SP WIDTH="14" VPOS="1242" HPOS="709"/>
							<String ID="string_402" HPOS="723" VPOS="1242" WIDTH="87" HEIGHT="22" WC="0.96" CONTENT="arbetet"/><SP WIDTH="15" VPOS="1242" HPOS="810"/>
							<String ID="string_403" HPOS="825" VPOS="1241" WIDTH="57" HEIGHT="23" WC="0.96" CONTENT="först"/><SP WIDTH="14" VPOS="1241" HPOS="882"/>
							<String ID="string_404" HPOS="896" VPOS="1241" WIDTH="120" HEIGHT="28" WC="0.96" CONTENT="utkommit,"/>
						</TextLine>
						<TextLine ID="line_39" HPOS="189" VPOS="1269" WIDTH="830" HEIGHT="30">
							<String ID="string_405" HPOS="189" VPOS="1271" WIDTH="58" HEIGHT="26" WC="0.95" CONTENT="gälla"/><SP WIDTH="22" VPOS="1271" HPOS="247"/>
							<String ID="string_406" HPOS="269" VPOS="1271" WIDTH="45" HEIGHT="22" WC="0.96" CONTENT="lika"/><SP WIDTH="17" VPOS="1271" HPOS="314"/>
							<String ID="string_407" HPOS="331" VPOS="1271" WIDTH="78" HEIGHT="27" WC="0.95" CONTENT="många"/><SP WIDTH="20" VPOS="1271" HPOS="409"/>
							<String ID="string_408" HPOS="429" VPOS="1271" WIDTH="30" HEIGHT="27" WC="0.95" CONTENT="år,"/><SP WIDTH="21" VPOS="1271" HPOS="459"/>
							<String ID="string_409" HPOS="480" VPOS="1277" WIDTH="46" HEIGHT="16" WC="0.96" CONTENT="som"/><SP WIDTH="15" VPOS="1277" HPOS="526"/>
							<String ID="string_410" HPOS="541" VPOS="1277" WIDTH="50" HEIGHT="15" WC="0.94" CONTENT="man"/><SP WIDTH="16" VPOS="1277" HPOS="591"/>
							<String ID="string_411" HPOS="607" VPOS="1271" WIDTH="62" HEIGHT="27" WC="0.95" CONTENT="eljest"/><SP WIDTH="15" VPOS="1271" HPOS="669"/>
							<String ID="string_412" HPOS="684" VPOS="1271" WIDTH="133" HEIGHT="22" WC="0.96" CONTENT="bestämmer"/><SP WIDTH="15" VPOS="1271" HPOS="817"/>
							<String ID="string_413" HPOS="832" VPOS="1270" WIDTH="34" HEIGHT="22" WC="0.96" CONTENT="för"/><SP WIDTH="9" VPOS="1270" HPOS="866"/>
							<String ID="string_414" HPOS="875" VPOS="1269" WIDTH="144" HEIGHT="30" WC="0.96" CONTENT="författarens"/>
						</TextLine>
						<TextLine ID="line_40" HPOS="189" VPOS="1299" WIDTH="831" HEIGHT="28">
							<String ID="string_415" HPOS="189" VPOS="1299" WIDTH="108" HEIGHT="27" WC="0.92" CONTENT="arfvingar"/><SP WIDTH="20" VPOS="1299" HPOS="297"/>
							<String ID="string_416" HPOS="317" VPOS="1299" WIDTH="55" HEIGHT="23" WC="0.96" CONTENT="efter"/><SP WIDTH="15" VPOS="1299" HPOS="372"/>
							<String ID="string_417" HPOS="387" VPOS="1300" WIDTH="81" HEIGHT="21" WC="0.96" CONTENT="dennes"/><SP WIDTH="16" VPOS="1300" HPOS="468"/>
							<String ID="string_418" HPOS="484" VPOS="1300" WIDTH="48" HEIGHT="27" WC="0.92" CONTENT="död,"/><SP WIDTH="16" VPOS="1300" HPOS="532"/>
							<String ID="string_419" HPOS="548" VPOS="1300" WIDTH="20" HEIGHT="21" WC="0.92" CONTENT="d."/><SP WIDTH="16" VPOS="1300" HPOS="568"/>
							<String ID="string_420" HPOS="584" VPOS="1306" WIDTH="19" HEIGHT="15" WC="0.91" CONTENT="v."/><SP WIDTH="17" VPOS="1306" HPOS="603"/>
							<String ID="string_421" HPOS="620" VPOS="1306" WIDTH="17" HEIGHT="15" WC="0.93" CONTENT="s."/><SP WIDTH="17" VPOS="1306" HPOS="637"/>
							<String ID="string_422" HPOS="654" VPOS="1301" WIDTH="27" HEIGHT="20" WC="0.96" CONTENT="30"/><SP WIDTH="16" VPOS="1301" HPOS="681"/>
							<String ID="string_423" HPOS="697" VPOS="1300" WIDTH="54" HEIGHT="21" WC="0.95" CONTENT="eller"/><SP WIDTH="15" VPOS="1300" HPOS="751"/>
							<String ID="string_424" HPOS="766" VPOS="1299" WIDTH="27" HEIGHT="22" WC="0.96" CONTENT="50"/><SP WIDTH="16" VPOS="1299" HPOS="793"/>
							<String ID="string_425" HPOS="809" VPOS="1300" WIDTH="31" HEIGHT="21" WC="0.96" CONTENT="år."/><SP WIDTH="31" VPOS="1300" HPOS="840"/>
							<String ID="string_426" HPOS="871" VPOS="1299" WIDTH="30" HEIGHT="22" WC="0.94" CONTENT="Ar"/><SP WIDTH="15" VPOS="1299" HPOS="901"/>
							<String ID="string_427" HPOS="916" VPOS="1299" WIDTH="47" HEIGHT="22" WC="0.93" CONTENT="åter"/><SP WIDTH="14" VPOS="1299" HPOS="963"/>
							<String ID="string_428" HPOS="977" VPOS="1299" WIDTH="43" HEIGHT="22" WC="0.93" CONTENT="för-"/>
						</TextLine>
						<TextLine ID="line_41" HPOS="188" VPOS="1327" WIDTH="831" HEIGHT="29">
							<String ID="string_429" HPOS="188" VPOS="1327" WIDTH="94" HEIGHT="22" WC="0.92" CONTENT="fattaren"/><SP WIDTH="16" VPOS="1327" HPOS="282"/>
							<String ID="string_430" HPOS="298" VPOS="1328" WIDTH="49" HEIGHT="27" WC="0.96" CONTENT="död,"/><SP WIDTH="17" VPOS="1328" HPOS="347"/>
							<String ID="string_431" HPOS="364" VPOS="1329" WIDTH="69" HEIGHT="21" WC="0.96" CONTENT="skulle"/><SP WIDTH="15" VPOS="1329" HPOS="433"/>
							<String ID="string_432" HPOS="448" VPOS="1328" WIDTH="60" HEIGHT="22" WC="0.96" CONTENT="tiden"/><SP WIDTH="14" VPOS="1328" HPOS="508"/>
							<String ID="string_433" HPOS="522" VPOS="1329" WIDTH="79" HEIGHT="21" WC="0.96" CONTENT="räknas"/><SP WIDTH="16" VPOS="1329" HPOS="601"/>
							<String ID="string_434" HPOS="617" VPOS="1329" WIDTH="67" HEIGHT="27" WC="0.95" CONTENT="enligt"/><SP WIDTH="15" VPOS="1329" HPOS="684"/>
							<String ID="string_435" HPOS="699" VPOS="1329" WIDTH="27" HEIGHT="21" WC="0.96" CONTENT="de"/><SP WIDTH="16" VPOS="1329" HPOS="726"/>
							<String ID="string_436" HPOS="742" VPOS="1328" WIDTH="168" HEIGHT="27" WC="0.96" CONTENT="bestämningar,"/><SP WIDTH="11" VPOS="1328" HPOS="910"/>
							<String ID="string_437" HPOS="921" VPOS="1334" WIDTH="47" HEIGHT="16" WC="0.96" CONTENT="som"/><SP WIDTH="15" VPOS="1334" HPOS="968"/>
							<String ID="string_438" HPOS="983" VPOS="1330" WIDTH="36" HEIGHT="20" WC="0.95" CONTENT="äro"/>
						</TextLine>
						<TextLine ID="line_42" HPOS="189" VPOS="1356" WIDTH="624" HEIGHT="29">
							<String ID="string_439" HPOS="189" VPOS="1357" WIDTH="99" HEIGHT="26" WC="0.96" CONTENT="gällande"/><SP WIDTH="14" VPOS="1357" HPOS="288"/>
							<String ID="string_440" HPOS="302" VPOS="1356" WIDTH="36" HEIGHT="22" WC="0.96" CONTENT="för"/><SP WIDTH="13" VPOS="1356" HPOS="338"/>
							<String ID="string_441" HPOS="351" VPOS="1357" WIDTH="138" HEIGHT="22" WC="0.93" CONTENT="författarens"/><SP WIDTH="16" VPOS="1357" HPOS="489"/>
							<String ID="string_442" HPOS="505" VPOS="1357" WIDTH="106" HEIGHT="28" WC="0.91" CONTENT="arfvingar"/><SP WIDTH="16" VPOS="1357" HPOS="611"/>
							<String ID="string_443" HPOS="627" VPOS="1357" WIDTH="40" HEIGHT="22" WC="0.96" CONTENT="och"/><SP WIDTH="16" VPOS="1357" HPOS="667"/>
							<String ID="string_444" HPOS="683" VPOS="1357" WIDTH="64" HEIGHT="22" WC="0.96" CONTENT="deras"/><SP WIDTH="16" VPOS="1357" HPOS="747"/>
							<String ID="string_445" HPOS="763" VPOS="1358" WIDTH="50" HEIGHT="21" WC="0.96" CONTENT="rätt."/>
						</TextLine>
					</TextBlock>
					<TextBlock ID="block_3" HPOS="187" VPOS="1385" WIDTH="833" HEIGHT="173">
						<TextLine ID="line_43" HPOS="257" VPOS="1385" WIDTH="763" HEIGHT="28">
							<String ID="string_446" HPOS="257" VPOS="1385" WIDTH="58" HEIGHT="22" WC="0.96" CONTENT="Herr"/><SP WIDTH="22" VPOS="1385" HPOS="315"/>
							<String ID="string_447" HPOS="337" VPOS="1385" WIDTH="150" HEIGHT="28" WC="0.93" CONTENT="Snellman,"/><SP WIDTH="24" VPOS="1385" HPOS="487"/>
							<String ID="string_448" HPOS="511" VPOS="1386" WIDTH="19" HEIGHT="21" WC="0.92" CONTENT="J."/><SP WIDTH="20" VPOS="1386" HPOS="530"/>
							<String ID="string_449" HPOS="550" VPOS="1386" WIDTH="33" HEIGHT="21" WC="0.91" CONTENT="V.:"/><SP WIDTH="30" VPOS="1386" HPOS="583"/>
							<String ID="string_450" HPOS="613" VPOS="1386" WIDTH="42" HEIGHT="27" WC="0.93" CONTENT="Jag"/><SP WIDTH="21" VPOS="1386" HPOS="655"/>
							<String ID="string_451" HPOS="676" VPOS="1386" WIDTH="97" HEIGHT="21" WC="0.91" CONTENT="anbåller"/><SP WIDTH="15" VPOS="1386" HPOS="773"/>
							<String ID="string_452" HPOS="788" VPOS="1387" WIDTH="33" HEIGHT="20" WC="0.96" CONTENT="att"/><SP WIDTH="15" VPOS="1387" HPOS="821"/>
							<String ID="string_453" HPOS="836" VPOS="1387" WIDTH="46" HEIGHT="20" WC="0.96" CONTENT="mot"/><SP WIDTH="15" VPOS="1387" HPOS="882"/>
							<String ID="string_454" HPOS="897" VPOS="1385" WIDTH="57" HEIGHT="22" WC="0.96" CONTENT="hvad"/><SP WIDTH="15" VPOS="1385" HPOS="954"/>
							<String ID="string_455" HPOS="969" VPOS="1385" WIDTH="51" HEIGHT="22" WC="0.96" CONTENT="herr"/>
						</TextLine>
						<TextLine ID="line_44" HPOS="187" VPOS="1413" WIDTH="833" HEIGHT="28">
							<String ID="string_456" HPOS="187" VPOS="1414" WIDTH="152" HEIGHT="27" WC="0.96" CONTENT="Montgomery"/><SP WIDTH="16" VPOS="1414" HPOS="339"/>
							<String ID="string_457" HPOS="355" VPOS="1414" WIDTH="89" HEIGHT="22" WC="0.96" CONTENT="anförde"/><SP WIDTH="21" VPOS="1414" HPOS="444"/>
							<String ID="string_458" HPOS="465" VPOS="1414" WIDTH="21" HEIGHT="22" WC="0.96" CONTENT="få"/><SP WIDTH="15" VPOS="1414" HPOS="486"/>
							<String ID="string_459" HPOS="501" VPOS="1415" WIDTH="108" HEIGHT="26" WC="0.96" CONTENT="anmärka,"/><SP WIDTH="17" VPOS="1415" HPOS="609"/>
							<String ID="string_460" HPOS="626" VPOS="1416" WIDTH="33" HEIGHT="20" WC="0.93" CONTENT="att"/><SP WIDTH="14" VPOS="1416" HPOS="659"/>
							<String ID="string_461" HPOS="673" VPOS="1415" WIDTH="160" HEIGHT="21" WC="0.90" CONTENT="inblandandet"/><SP WIDTH="11" VPOS="1415" HPOS="833"/>
							<String ID="string_462" HPOS="844" VPOS="1413" WIDTH="22" HEIGHT="23" WC="0.96" CONTENT="af"/><SP WIDTH="8" VPOS="1413" HPOS="866"/>
							<String ID="string_463" HPOS="874" VPOS="1414" WIDTH="41" HEIGHT="21" WC="0.92" CONTENT="den"/><SP WIDTH="9" VPOS="1414" HPOS="915"/>
							<String ID="string_464" HPOS="924" VPOS="1415" WIDTH="96" HEIGHT="20" WC="0.92" CONTENT="omstän-"/>
						</TextLine>
						<TextLine ID="line_45" HPOS="188" VPOS="1442" WIDTH="831" HEIGHT="29">
							<String ID="string_465" HPOS="188" VPOS="1443" WIDTH="103" HEIGHT="27" WC="0.92" CONTENT="digheten"/><SP WIDTH="21" VPOS="1443" HPOS="291"/>
							<String ID="string_466" HPOS="312" VPOS="1444" WIDTH="32" HEIGHT="20" WC="0.96" CONTENT="att"/><SP WIDTH="20" VPOS="1444" HPOS="344"/>
							<String ID="string_467" HPOS="364" VPOS="1449" WIDTH="27" HEIGHT="16" WC="0.96" CONTENT="en"/><SP WIDTH="14" VPOS="1449" HPOS="391"/>
							<String ID="string_468" HPOS="405" VPOS="1442" WIDTH="113" HEIGHT="23" WC="0.96" CONTENT="författare"/><SP WIDTH="16" VPOS="1442" HPOS="518"/>
							<String ID="string_469" HPOS="534" VPOS="1443" WIDTH="69" HEIGHT="22" WC="0.95" CONTENT="skulle"/><SP WIDTH="15" VPOS="1443" HPOS="603"/>
							<String ID="string_470" HPOS="618" VPOS="1444" WIDTH="55" HEIGHT="27" WC="0.96" CONTENT="sälja"/><SP WIDTH="14" VPOS="1444" HPOS="673"/>
							<String ID="string_471" HPOS="687" VPOS="1444" WIDTH="33" HEIGHT="21" WC="0.96" CONTENT="sin"/><SP WIDTH="17" VPOS="1444" HPOS="720"/>
							<String ID="string_472" HPOS="737" VPOS="1443" WIDTH="107" HEIGHT="27" WC="0.96" CONTENT="rättighet"/><SP WIDTH="15" VPOS="1443" HPOS="844"/>
							<String ID="string_473" HPOS="859" VPOS="1443" WIDTH="23" HEIGHT="21" WC="0.96" CONTENT="åt"/><SP WIDTH="16" VPOS="1443" HPOS="882"/>
							<String ID="string_474" HPOS="898" VPOS="1449" WIDTH="27" HEIGHT="16" WC="0.93" CONTENT="en"/><SP WIDTH="14" VPOS="1449" HPOS="925"/>
							<String ID="string_475" HPOS="939" VPOS="1443" WIDTH="80" HEIGHT="26" WC="0.92" CONTENT="förläg-"/>
						</TextLine>
						<TextLine ID="line_46" HPOS="188" VPOS="1471" WIDTH="832" HEIGHT="28">
							<String ID="string_476" HPOS="188" VPOS="1477" WIDTH="52" HEIGHT="21" WC="0.95" CONTENT="gare"/><SP WIDTH="15" VPOS="1477" HPOS="240"/>
							<String ID="string_477" HPOS="255" VPOS="1471" WIDTH="29" HEIGHT="27" WC="0.96" CONTENT="på"/><SP WIDTH="14" VPOS="1471" HPOS="284"/>
							<String ID="string_478" HPOS="298" VPOS="1471" WIDTH="75" HEIGHT="27" WC="0.96" CONTENT="längre"/><SP WIDTH="16" VPOS="1471" HPOS="373"/>
							<String ID="string_479" HPOS="389" VPOS="1472" WIDTH="52" HEIGHT="21" WC="0.95" CONTENT="eller"/><SP WIDTH="15" VPOS="1472" HPOS="441"/>
							<String ID="string_480" HPOS="456" VPOS="1472" WIDTH="87" HEIGHT="22" WC="0.96" CONTENT="kortare"/><SP WIDTH="15" VPOS="1472" HPOS="543"/>
							<String ID="string_481" HPOS="558" VPOS="1472" WIDTH="39" HEIGHT="26" WC="0.96" CONTENT="tid,"/><SP WIDTH="17" VPOS="1472" HPOS="597"/>
							<String ID="string_482" HPOS="614" VPOS="1473" WIDTH="77" HEIGHT="21" WC="0.96" CONTENT="endast"/><SP WIDTH="15" VPOS="1473" HPOS="691"/>
							<String ID="string_483" HPOS="706" VPOS="1472" WIDTH="104" HEIGHT="22" WC="0.96" CONTENT="förvirrar"/><SP WIDTH="15" VPOS="1472" HPOS="810"/>
							<String ID="string_484" HPOS="825" VPOS="1472" WIDTH="51" HEIGHT="21" WC="0.95" CONTENT="hela"/><SP WIDTH="7" VPOS="1472" HPOS="876"/>
							<String ID="string_485" HPOS="883" VPOS="1471" WIDTH="81" HEIGHT="27" WC="0.93" CONTENT="frågan."/><SP WIDTH="26" VPOS="1471" HPOS="964"/>
							<String ID="string_486" HPOS="990" VPOS="1472" WIDTH="30" HEIGHT="27" WC="0.96" CONTENT="Ty"/>
						</TextLine>
						<TextLine ID="line_47" HPOS="189" VPOS="1500" WIDTH="831" HEIGHT="28">
							<String ID="string_487" HPOS="189" VPOS="1500" WIDTH="37" HEIGHT="22" WC="0.96" CONTENT="det"/><SP WIDTH="15" VPOS="1500" HPOS="226"/>
							<String ID="string_488" HPOS="241" VPOS="1502" WIDTH="24" HEIGHT="19" WC="0.96" CONTENT="är"/><SP WIDTH="15" VPOS="1502" HPOS="265"/>
							<String ID="string_489" HPOS="280" VPOS="1500" WIDTH="48" HEIGHT="22" WC="0.96" CONTENT="icke"/><SP WIDTH="15" VPOS="1500" HPOS="328"/>
							<String ID="string_490" HPOS="343" VPOS="1500" WIDTH="61" HEIGHT="28" WC="0.96" CONTENT="fråga"/><SP WIDTH="16" VPOS="1500" HPOS="404"/>
							<String ID="string_491" HPOS="420" VPOS="1507" WIDTH="34" HEIGHT="15" WC="0.96" CONTENT="om"/><SP WIDTH="17" VPOS="1507" HPOS="454"/>
							<String ID="string_492" HPOS="471" VPOS="1507" WIDTH="26" HEIGHT="15" WC="0.90" CONTENT="en"/><SP WIDTH="16" VPOS="1507" HPOS="497"/>
							<String ID="string_493" HPOS="513" VPOS="1500" WIDTH="132" HEIGHT="28" WC="0.90" CONTENT="förläggares"/><SP WIDTH="15" VPOS="1500" HPOS="645"/>
							<String ID="string_494" HPOS="660" VPOS="1500" WIDTH="138" HEIGHT="28" WC="0.96" CONTENT="rättigheter,"/><SP WIDTH="17" VPOS="1500" HPOS="798"/>
							<String ID="string_495" HPOS="815" VPOS="1500" WIDTH="68" HEIGHT="22" WC="0.96" CONTENT="sedan"/><SP WIDTH="7" VPOS="1500" HPOS="883"/>
							<String ID="string_496" HPOS="890" VPOS="1500" WIDTH="130" HEIGHT="22" WC="0.96" CONTENT="författaren"/>
						</TextLine>
						<TextLine ID="line_48" HPOS="187" VPOS="1528" WIDTH="832" HEIGHT="30">
							<String ID="string_497" HPOS="187" VPOS="1529" WIDTH="24" HEIGHT="22" WC="0.96" CONTENT="åt"/><SP WIDTH="22" VPOS="1529" HPOS="211"/>
							<String ID="string_498" HPOS="233" VPOS="1528" WIDTH="80" HEIGHT="23" WC="0.96" CONTENT="honom"/><SP WIDTH="23" VPOS="1528" HPOS="313"/>
							<String ID="string_499" HPOS="336" VPOS="1529" WIDTH="42" HEIGHT="21" WC="0.95" CONTENT="sålt"/><SP WIDTH="22" VPOS="1529" HPOS="378"/>
							<String ID="string_500" HPOS="400" VPOS="1529" WIDTH="39" HEIGHT="22" WC="0.95" CONTENT="sitt"/><SP WIDTH="20" VPOS="1529" HPOS="439"/>
							<String ID="string_501" HPOS="459" VPOS="1530" WIDTH="80" HEIGHT="27" WC="0.96" CONTENT="arbete,"/><SP WIDTH="17" VPOS="1530" HPOS="539"/>
							<String ID="string_502" HPOS="556" VPOS="1532" WIDTH="53" HEIGHT="20" WC="0.96" CONTENT="utan"/><SP WIDTH="14" VPOS="1532" HPOS="609"/>
							<String ID="string_503" HPOS="623" VPOS="1529" WIDTH="62" HEIGHT="29" WC="0.96" CONTENT="fråga"/><SP WIDTH="15" VPOS="1529" HPOS="685"/>
							<String ID="string_504" HPOS="700" VPOS="1536" WIDTH="35" HEIGHT="16" WC="0.96" CONTENT="om"/><SP WIDTH="16" VPOS="1536" HPOS="735"/>
							<String ID="string_505" HPOS="751" VPOS="1528" WIDTH="141" HEIGHT="24" WC="0.96" CONTENT="författarens"/><SP WIDTH="17" VPOS="1528" HPOS="892"/>
							<String ID="string_506" HPOS="909" VPOS="1528" WIDTH="40" HEIGHT="23" WC="0.96" CONTENT="och"/><SP WIDTH="16" VPOS="1528" HPOS="949"/>
							<String ID="string_507" HPOS="965" VPOS="1528" WIDTH="54" HEIGHT="23" WC="0.95" CONTENT="hans"/>
						</TextLine>
					</TextBlock>
				</ComposedBlock>
			</PrintSpace>
		</Page>
	</Layout>
</alto>
