1109 1739
412 131 39 17 Den
470 128 25 19 16
510 129 87 18 Oktober.
834 127 41 20 219

80 191 140 28 proposition,
244 197 34 16 om
299 191 37 28 jag
359 193 25 20 så
402 192 36 22 må
453 193 58 26 säga,
529 192 25 22 så
568 191 39 22 har
623 191 38 22 det
674 190 121 23 föranlåtits
811 191 52 28 följa
878 191 26 21 de

81 221 176 27 grundprinciper
279 219 33 22 för
331 221 193 26 prestaflöningens
544 221 133 26 reglerande,
694 226 47 15 som
758 219 67 23 finnes
841 221 7 20 i
864 220 41 21 den

81 249 78 28 nådiga
181 249 162 28 propositionen
367 251 99 26 antagna.
496 249 139 22 Beträffande
657 249 105 27 yrkandet
781 249 28 26 på
824 249 81 22 återre-

80 278 52 22 miss
148 279 32 21 till
198 278 109 22 utskottet
322 277 32 22 för
374 279 156 26 upprättandet
544 277 23 22 af
581 278 128 27 ifrågasatta
723 284 41 20 nya
778 277 80 27 förslag
873 277 32 21 till

82 307 107 27 reglering
209 307 23 22 af
249 307 174 27 presterskapets
444 307 99 27 aflöning,
563 306 112 28 behagade
690 306 160 27 Ridderskapet
865 305 41 22 och

82 335 69 23 Adeln
165 336 33 21 för
213 335 65 27 öfrigt
292 336 193 26 uppmärksamma,
501 335 117 22 huruledes
633 335 109 22 utskottet
756 335 7 20 i
779 335 47 21 sina
840 334 66 21 motiv

82 364 33 22 till
136 364 148 22 betänkandet
304 364 81 27 antydt,
405 366 33 21 att
454 365 37 21 det
506 364 33 22 för
554 365 33 21 sin
603 365 35 21 del
655 370 63 15 anser
733 363 78 22 sådant
825 363 81 26 förslag

82 393 32 22 för
136 393 133 22 närvarande
292 393 19 27 ej
334 393 67 22 heller
423 394 74 21 kunna
516 393 119 26 utarbetas,
656 393 90 22 emedan
763 392 143 27 mångfaldiga

82 422 98 22 material
195 422 71 21 dertill
282 422 85 21 saknas.
391 422 42 27 Jag
448 422 33 21 för
496 423 44 21 min
556 422 35 21 del
605 424 46 19 tror
666 421 62 22 äfven
743 423 32 19 att
789 421 37 22 det
836 421 70 21 skulle

82 457 52 15 vara
155 457 46 15 mer
223 452 28 20 än
272 450 57 22 hvad
351 450 108 22 utskottet
481 450 112 22 förmådde
614 450 99 28 fullgöra.
731 462 24 2 —
771 450 34 21 Då
824 449 82 27 frågan,

82 479 107 22 huruvida
203 479 101 27 antingen
320 479 123 22 återremiss
458 480 33 21 till
506 480 109 21 utskottet
627 479 34 22 för
676 479 148 27 omarbetning
834 478 22 22 af
866 478 41 22 den

84 508 78 28 nådiga
172 508 163 28 propositionen
345 508 55 22 efter
409 515 69 15 annan
490 508 76 28 grund,
579 510 27 20 än
617 508 45 22 deri
677 508 65 27 följts,
753 508 40 21 bör
803 514 40 21 ega
852 514 54 20 rum,

84 537 51 22 eller
156 538 163 26 propositionen
337 538 35 20 må
387 538 135 21 omedelbart
536 538 8 21 i
559 538 41 21 allo
619 537 114 26 förkastas,
750 536 51 22 eller
817 536 41 22 ock
872 538 34 20 ut-

84 566 94 22 skottets
197 566 138 22 betänkande
355 566 49 22 med
423 566 152 22 bibehållande
594 566 23 22 af
635 566 45 22 deri
699 565 115 22 utvecklad
829 565 77 27 grund-

84 595 82 27 princip
189 602 29 14 nu
238 595 54 21 skall
307 595 108 27 företagas
431 595 32 21 till
480 595 129 28 deltaljerad
624 594 137 28 granskning,
777 594 62 22 torde
854 594 54 22 böra

83 624 76 21 främst
175 624 91 27 afgöras,
283 630 62 16 anser
358 624 38 28 jag
411 624 43 27 mig
467 624 74 22 kunna
556 624 119 22 tillsvidare
690 623 117 28 uppskjuta
823 624 33 20 att
869 623 37 21 be-

85 654 58 20 möta
158 652 69 28 öfriga
241 652 73 22 inkast
329 659 46 15 som
391 652 22 22 af
427 653 27 21 de
468 653 70 22 värda
552 653 96 21 talarene
663 653 74 27 gjorts.

153 682 98 21 Friherre
266 682 86 27 Boije:
368 682 51 22 Med
433 682 116 27 anledning
565 682 22 22 af
601 682 26 22 de
641 681 158 28 upplysningar,
810 686 46 16 som
868 680 41 22 den

86 712 86 20 senaste
188 710 65 22 ärade
268 710 84 22 talaren
367 711 86 27 lemnat,
469 712 35 20 att
518 711 109 21 utskottet
641 711 48 21 icke
705 711 72 21 ansett
790 710 33 26 sig
837 710 73 20 kunna

85 740 96 26 upptaga
197 745 37 16 ens
251 739 32 21 till
297 740 156 21 bedömmande
469 740 43 21 den
527 740 67 22 andra
608 739 117 28 principen,
741 739 105 27 nemligen
861 744 47 21 per-

86 768 105 22 sontalets
207 768 89 28 princip,
313 768 90 22 emedan
417 768 111 22 utskottet
542 769 48 21 icke
605 770 73 20 ansett
693 768 38 22 det
745 768 119 21 tillkomma
878 768 32 20 ett

85 797 201 27 landtdagsutskott
309 799 32 19 att
361 798 101 21 utarbeta
485 804 28 15 en
530 804 29 22 ny
573 797 141 27 proposition,
731 797 24 21 så
769 797 39 21 ber
820 796 38 28 jag
873 802 36 15 en-

87 826 49 21 dast
150 825 23 22 få
187 826 121 22 återhemta
322 826 49 22 mitt
385 826 58 22 förra
458 826 82 28 förslag
555 828 33 20 att
603 826 42 22 den
659 826 79 27 nådiga
747 825 163 27 propositionen

86 854 41 22 och
142 854 119 22 utskottets
277 855 138 22 betänkande
430 855 69 22 skulle
515 855 115 22 förkastas.
653 855 42 27 Jag
709 854 56 22 hade
781 854 63 28 eljest
853 854 56 21 före-

86 884 38 21 nat
138 884 45 26 mig
197 884 50 21 med
261 884 50 21 herr
325 884 107 22 Mechelin
447 890 35 16 om
498 884 131 26 återremiss,
645 890 50 16 men
710 890 34 15 ser
754 883 47 22 utaf
809 883 50 21 herr
869 888 41 16 von

86 912 125 22 Bonsdorffs
226 912 101 28 yttrande
343 915 32 19 att
391 913 37 21 det
443 913 77 28 skulle
529 913 66 21 lända
611 913 66 21 saken
692 912 32 22 till
740 912 49 27 föga
803 918 63 21 gagn.

154 941 57 21 Herr
226 941 23 22 af
262 941 145 27 Forselles,
423 942 66 21 Emil:
506 942 68 21 Äfven
587 942 38 27 jag
635 942 56 21 hade
706 942 7 20 i
727 941 68 21 likhet
804 941 49 21 med
861 940 50 21 herr

86 969 106 22 Mechelin
207 970 56 21 varit
277 970 52 27 böjd
344 972 33 20 att
391 970 87 22 förorda
493 971 125 21 återremiss
634 970 22 22 af
669 969 146 22 betänkandet
830 969 32 21 till
877 969 34 21 ut-

88 998 89 27 skottet,
199 1005 50 15 men
271 999 28 21 då
313 999 38 27 jag
369 999 50 28 sjelf
431 999 56 22 varit
503 999 126 28 öfvertygad
645 999 79 26 derom,
741 998 39 22 och
795 999 117 27 yttermera

88 1027 7 21 i
111 1027 70 22 denna
196 1027 143 28 öfvertygelse
355 1027 70 23 blifvit
439 1028 73 27 styrkt
528 1028 22 22 af
563 1029 50 21 herr
627 1034 42 16 von
679 1027 118 27 Bonsdorff,
809 1028 33 20 att
852 1026 60 21 tiden

88 1062 88 16 numera
199 1058 23 19 är
244 1055 33 23 för
299 1057 50 21 kort
368 1057 33 22 för
418 1057 112 22 utskottet
545 1059 33 20 att
591 1057 108 22 inkomma
714 1057 49 21 med
778 1057 32 20 ett
824 1055 86 27 förslag,

88 1085 66 27 bygdt
176 1085 29 26 på
226 1085 98 27 grunden
343 1085 23 22 af
385 1086 102 27 personel
506 1086 112 27 betalning
634 1085 23 22 af
669 1085 187 28 prestaflöningen,
872 1084 40 21 har

86 1114 38 27 jag
145 1113 111 28 ingenting
278 1116 66 20 annat
362 1116 33 20 att
414 1116 53 26 göra
485 1117 30 19 än
530 1117 33 20 att
581 1115 32 21 till
629 1115 42 21 alla
686 1115 59 21 delar
759 1113 74 22 förena
847 1113 44 27 mig
905 1113 8 21 i

88 1142 88 22 friherre
191 1142 73 28 Boijes
279 1142 81 29 förslag
375 1145 33 20 att
423 1143 42 22 den
479 1144 82 27 nådiga
575 1143 160 28 propositionen
751 1143 40 22 och
805 1142 107 22 utskotts-

88 1171 147 22 betänkandet
249 1172 69 21 måtte
333 1172 113 22 förkastas.

157 1201 56 21 Herr
228 1200 95 23 Taube:
339 1201 51 22 Med
405 1201 117 27 anledning
537 1201 23 22 af
567 1201 50 22 herr
627 1207 42 16 von
678 1200 124 23 Bonsdorffs
813 1199 100 28 yttrande

90 1230 33 20 att
138 1229 37 22 det
189 1231 156 20 sammansatta
360 1230 108 22 utskottet
482 1230 50 22 icke
543 1230 133 22 annorlunda
687 1232 27 19 än
723 1229 56 22 hvad
792 1235 46 16 som
848 1228 65 26 skett,

90 1258 82 21 kunnat
193 1259 102 21 utarbeta
313 1259 39 21 sitt
370 1259 144 26 betänkande,
532 1259 28 22 då
574 1259 95 22 hvarken
685 1259 26 21 de
726 1259 7 20 i
749 1259 72 20 ämnet
835 1256 80 28 ingifna

90 1287 143 26 petitionerna
256 1287 53 22 eller
331 1287 42 22 den
391 1287 80 28 nådiga
493 1288 163 27 propositionen
673 1287 108 22 innehålla
798 1287 67 26 något
880 1292 34 15 om

91 1315 96 27 grunden
201 1315 34 22 för
251 1315 131 28 aflöningens
400 1317 131 26 utgörande,
546 1317 39 21 ber
600 1317 38 26 jag
652 1316 21 22 få
687 1319 82 23 nämna,
786 1317 33 20 att
833 1314 81 22 derför-

91 1346 52 19 utan
165 1346 33 20 ett
220 1344 117 28 afgörande
359 1345 23 22 af
401 1345 75 28 frågan
495 1345 44 22 blir
558 1345 101 28 omöjligt.
691 1345 40 22 Om
748 1345 47 22 icke
811 1344 103 27 grunden,

90 1373 109 22 hvarefter
221 1373 120 28 aflöningen
364 1373 55 22 skall
440 1374 53 27 utgå
520 1374 33 21 till
575 1374 85 22 landets
686 1373 230 28 evangelisk-luterska

90 1402 146 27 presterskap,
253 1402 40 22 blir
306 1403 107 26 bestämd,
429 1403 24 22 så
468 1403 76 21 kunna
559 1403 26 21 de
600 1401 111 28 komitéer,
727 1409 46 15 som
789 1401 69 22 skulle
873 1401 43 21 till-

92 1432 68 20 sättas
187 1430 32 22 för
244 1433 33 20 att
306 1431 119 22 verkställa
453 1431 194 28 löneregleringen,
677 1431 49 22 icke
755 1431 76 22 arbeta
860 1436 55 15 sam-

91 1459 116 27 stämmigt.
237 1460 10 21 I
263 1461 32 20 ett
309 1460 36 21 län
364 1460 69 21 skulle
451 1460 268 27 löneregleringskomitén
733 1460 107 21 måhända
852 1459 65 25 lägga

91 1488 104 21 mantalet
209 1488 34 21 till
257 1489 69 26 grund
340 1488 33 22 för
389 1488 129 28 aflöningen,
534 1488 7 21 i
557 1490 32 20 ett
604 1491 65 19 annat
684 1488 69 22 skulle
768 1486 96 24 komitén
878 1486 38 22 be-

91 1518 92 20 stämma
205 1518 143 26 persontalet;
364 1517 7 21 i
387 1519 32 20 ett
440 1517 36 21 län
495 1516 72 22 skulle
587 1524 48 15 man
653 1524 52 15 anse
720 1518 33 20 att
767 1523 27 15 en
808 1514 109 28 reglering

92 1544 80 28 åsyftar
194 1544 128 29 förhöjning,
337 1546 7 21 i
361 1547 32 21 ett
415 1548 66 20 annat
504 1547 36 20 att
554 1546 42 22 den
616 1546 77 22 endast
711 1545 80 28 åsyftar
807 1552 26 16 en
846 1544 70 28 jemk-
