1109 1739
418 123 40 18 Den
474 122 11 18 3
501 123 88 17 Oktober.
847 121 24 20 41

147 185 56 22 Herr
223 185 157 26 Schauman,
396 186 25 21 B.
438 186 33 26 O.,
486 185 116 22 förordade
619 185 39 21 den
675 185 116 28 kejserliga
805 185 97 28 proposi-

80 213 83 22 tionens
179 214 121 27 antagande
315 214 7 21 i
338 214 69 21 denna
422 214 107 28 paragraf.

148 243 67 27 Ingen
237 249 69 14 annan
329 242 22 21 af
368 243 99 22 ståndets
485 243 141 22 medlemmar
645 243 97 21 önskade
757 243 74 22 vidare
846 245 58 26 yttra

81 271 39 28 sig,
135 271 86 22 hvarför
236 271 39 22 och
292 273 51 20 enär
357 271 50 22 herr
423 271 134 22 Schaumans
573 271 80 27 förslag
668 271 48 22 icke
726 271 70 22 blifvit
805 272 22 21 af
834 273 70 26 någon

81 307 68 15 annan
166 300 167 22 ståndsmedlem
349 301 135 26 understödt,
500 301 161 26 Ridderskapet
677 300 39 21 och
733 300 67 21 Adeln
816 301 29 26 på
855 302 49 21 herr

81 329 217 22 Landtmarskalkens
314 329 157 26 framställning
485 329 72 22 beslöt
573 331 32 20 att
621 329 114 28 godkänna
750 329 11 28 $
779 331 9 20 1
801 330 49 21 med
861 332 43 20 rät-

82 359 53 21 telse
150 358 23 22 af
187 359 37 21 det
240 358 112 22 anmärkta
367 357 120 28 tryckfelet.

149 444 11 28 8
176 446 12 20 2
207 445 6 21 i
229 444 151 26 betänkandet,
397 445 153 21 motsvarande
565 444 11 28 $
593 446 11 20 4
620 444 7 22 i
643 444 79 27 nådiga
737 444 167 28 propositionen,

82 473 124 27 godkändes
222 475 52 20 utan
289 473 145 27 anmärkning.

151 560 41 21 Vid
207 560 11 28 $
235 562 11 20 3
262 560 96 27 yttrades
375 560 22 21 af

150 588 90 22 friherre
255 595 41 15 von
311 589 79 26 Born,
406 588 87 22 Viktor:
524 589 41 27 Jag
581 589 96 21 anhåller
693 590 32 20 att
736 588 21 22 få
764 589 142 27 understödja

84 624 26 16 en
126 618 32 21 till
174 618 70 21 denna
258 617 101 28 paragraf
373 618 33 27 sig
421 618 134 21 hänförande
571 618 138 26 reservation,
718 617 90 27 afgifven
817 617 23 22 af
847 618 59 22 med-

84 647 115 21 lemmarne
214 647 7 21 i
236 647 161 21 Bondeståndet
413 646 112 28 Svedberg
540 647 41 21 och
595 647 98 26 Hannus,
704 647 7 21 i
722 646 55 28 syfte
786 648 32 20 att
827 647 79 27 skjuts-

85 676 35 26 lag
142 676 67 21 måtte
231 676 73 21 kunna
325 677 89 25 utgöras
437 675 24 22 af
481 676 83 21 mindre
587 676 87 21 område
691 678 26 18 än
732 676 73 26 härad,
821 676 44 21 ifall
881 676 26 21 de

86 704 231 28 skjutsningsskyldige
333 704 24 22 så
368 704 67 22 önska
451 704 42 22 och
508 706 133 26 guvernören
657 704 67 22 finner
740 704 80 27 skäligt
836 704 70 22 dertill

85 733 78 21 bifalla.
193 734 42 26 Jag
251 740 63 15 anser
329 733 38 22 det
381 740 51 15 vara
448 733 49 21 skäl
512 735 33 20 att
560 734 7 20 i
581 733 117 22 allmänhet
713 733 47 21 icke
775 734 65 20 binda
855 733 52 21 hän-

86 762 66 22 derna
173 762 28 27 på
223 762 27 22 de
273 762 240 28 skjutsningsskyldige,
534 762 28 22 då
581 762 78 22 sådant
677 762 47 21 icke
743 762 109 26 behöfves,
866 762 41 22 och

86 792 32 20 att
137 790 38 22 full
194 791 83 27 garanti
297 792 46 21 mot
357 791 108 21 missbruk
481 791 23 21 af
518 798 26 14 en
560 792 67 20 sådan
643 791 104 27 rättighet
761 790 68 22 finnes
845 791 7 21 i
868 791 39 21 den

86 820 191 27 omständigheten,
294 821 33 20 att
341 821 147 26 guvernörens
504 820 99 22 tillstånd
618 820 55 21 skall
688 820 108 21 utverkas.

154 849 97 21 Friherre
266 849 105 26 Wrede,
387 849 96 27 August:
499 849 43 27 Jag
556 849 39 21 ber
610 850 33 20 att
657 848 21 22 få
693 848 140 28 understödja
850 848 59 22 detta

85 877 86 27 förslag.

154 906 56 22 Herr
224 906 117 28 Björken
348 906 79 27 heim,
443 906 94 22 Robert:
568 907 77 21 Denna
659 906 102 27 paragraf
773 906 40 22 har
827 906 82 27 utgjort

88 934 89 22 föremål
191 935 33 22 för
239 935 89 28 mycken
344 935 123 22 diskussion
482 936 8 20 i
506 936 114 25 utskottet,
637 936 40 21 och
687 936 109 20 utskottet
804 935 105 21 stannade

86 963 36 22 vid
138 963 37 22 det
189 963 86 28 förslag,
292 970 46 15 som
353 971 29 14 nu
397 966 24 19 är
435 963 116 28 förelagdt,
567 964 89 21 emedan
671 970 49 15 man
736 964 67 27 ansåg
818 965 32 20 att
861 965 47 19 tun-

88 999 41 20 gan
152 993 69 21 skulle
234 993 95 27 jemnare
344 992 93 22 fördelas
453 993 30 26 på
499 993 79 21 sådant
593 994 49 20 sätt.
673 993 34 21 Då
722 992 188 27 gästgifveriernas

88 1021 58 22 antal
160 1021 6 22 i
182 1021 57 22 olika
255 1021 59 22 delar
329 1021 22 22 af
365 1023 31 20 ett
410 1022 69 21 härad
496 1024 24 19 är
536 1022 87 27 mycket
637 1021 108 27 vexlande,
763 1023 89 25 antager
862 1027 48 15 man

88 1050 72 21 såsom
175 1049 66 28 gifvet
256 1052 31 19 att
303 1051 67 26 några
386 1051 59 21 delar
461 1050 24 21 af
498 1051 93 21 häradet
605 1050 69 21 skulle
691 1051 53 21 söka
759 1051 27 26 på
797 1051 26 20 de
832 1050 78 21 andras

88 1079 120 22 bekostnad
224 1079 68 21 skaffa
307 1079 32 27 sig
355 1085 26 16 en
391 1079 94 27 lindring
495 1079 9 22 i
512 1079 271 28 hållskjutsningstungans
792 1079 119 27 utgörande

88 1114 76 21 genom
187 1109 33 20 att
241 1108 118 21 inskränka
377 1108 139 27 skjutslagen
535 1109 33 21 till
586 1107 72 22 alltför
673 1109 46 20 små
734 1108 108 21 områden.
872 1108 39 21 Ut-

89 1137 83 21 skottet
191 1137 39 21 har
248 1136 71 22 derför
334 1139 87 20 stannat
435 1137 36 21 vid
487 1137 63 22 detta
565 1137 86 26 förslag,
669 1137 40 22 och
724 1137 32 21 får
770 1137 36 27 jag
821 1136 33 22 för
869 1136 42 22 min

89 1166 35 21 del
138 1165 108 28 tillstyrka
260 1165 59 22 bifall
334 1166 33 21 till
383 1166 121 21 detsamma
520 1165 144 23 oförändradt.

155 1194 56 21 Herr
225 1194 146 27 Järnefelt,
389 1194 84 27 Gustaf,
490 1195 54 22 sade
561 1195 33 27 sig
609 1201 51 15 vara
674 1194 145 22 förekommen
826 1189 28 37 af
864 1193 48 22 herr

87 1223 150 28 Björkenheim
253 1223 40 22 och
309 1223 71 22 afstod
396 1223 71 22 derför
482 1223 50 22 frän
548 1224 68 21 ordet.

155 1252 51 21 Med
221 1252 114 27 anledning
350 1252 23 22 af
387 1253 36 21 det
438 1252 49 21 utaf
500 1252 92 22 friherre
607 1258 41 15 von
663 1252 64 26 Born,
743 1251 81 27 Viktor,
842 1251 39 22 och
892 1251 23 21 af

87 1280 89 22 friherre
191 1281 84 26 Wrede,
291 1281 91 27 August,
398 1281 152 22 understödda
565 1281 104 27 förslaget
677 1281 133 27 uppställdes
822 1281 90 21 omröst-

88 1309 224 28 ningspropositionen
327 1309 134 22 beträffande
477 1310 73 21 denna
565 1309 102 28 paragraf
680 1309 101 22 sälunda:

158 1355 8 8 n
171 1338 130 22 Godkänner
323 1339 162 26 Ridderskapet
510 1339 40 22 och
571 1339 69 21 Adelu
656 1340 11 19 3
684 1338 11 28 $
710 1338 22 21 af
744 1339 118 21 utskottets
877 1337 37 22 be-

88 1367 108 21 tänkande
213 1367 136 27 oförändrad;

157 1396 74 21 vinner
246 1396 41 27 nej,
304 1398 90 25 antages
409 1395 133 28 paragrafen
558 1396 49 21 med
623 1396 41 21 den
679 1395 235 27 aflandtdagsmännen

89 1424 111 27 Svedberg
216 1425 40 21 och
271 1425 90 22 Hannus
377 1425 124 26 föreslagna
518 1425 98 27 lydelsen
631 1425 32 20 till
686 1427 3 19 1
707 1425 76 21 mom*.

156 1453 77 22 Denna
248 1454 134 26 proposition
397 1453 135 22 besvarades
548 1454 49 21 med
613 1453 156 27 öfvervägande
782 1453 29 26 ja,
824 1452 33 21 till
864 1451 52 29 följd

88 1481 76 22 hvaraf
177 1482 128 28 paragrafen
321 1488 38 16 var
374 1481 23 23 af
411 1482 88 21 ständet
517 1481 129 22 oförändrad
663 1481 105 27 godkänd.
