1109 1739
234 121 27 22 92
534 127 40 17 Den
591 125 12 18 5
619 126 87 18 Oktober.

205 189 33 20 att
253 187 29 22 dä
297 187 37 22 det
348 188 71 22 heter:
437 189 60 26 ,Den
512 189 115 28 tillökning
641 189 8 22 i
663 189 128 26 kostnaden,
808 195 48 16 som
870 188 63 22 deraf
941 188 92 23 föranle-

207 217 44 26 des,
268 217 62 26 skall,
345 217 104 22 likaledes
467 217 53 22 efter
536 219 87 26 mantal,
640 218 13 21 å
668 218 41 22 alla
725 217 64 23 ofvan
803 218 94 21 nämnda
907 218 126 27 lägenheter

206 245 40 22 och
264 245 142 28 inrättningar
424 246 116 27 fördelas",
557 253 74 16 menar
643 248 38 27 jag
699 249 33 20 att
751 247 60 21 detta
831 247 67 26 ,alla*
916 247 57 21 afser
991 247 42 22 alla

205 274 127 27 lägenheter
350 277 51 19 utan
420 276 117 27 undantag,
558 276 37 21 det
613 276 36 21 vill
668 278 53 25 säga
740 277 53 20 utan
809 275 38 22 det
862 276 108 26 undantag
986 281 46 16 som

205 305 88 20 nämnes
308 303 8 21 i
331 303 56 22 förra
402 304 91 27 stycket.
516 305 44 21 Det
575 307 25 19 är
614 305 75 26 riktigt
704 306 33 21 att
748 305 65 21 dessa
823 305 39 21 ord
874 306 64 25 ,utan
949 305 82 20 undan-

207 333 49 26 tag"
278 332 65 21 bordt
360 332 80 28 inflyta,
461 333 68 22 ehuru
544 333 39 28 jag
601 334 48 21 icke
667 334 42 21 kan
727 333 111 22 bestämdt
854 333 70 22 erinra
939 333 43 26 mig
998 339 35 15 om

208 360 37 22 det
264 361 48 21 icke
330 361 71 27 ingick
417 362 7 21 i
439 362 168 27 manuskriptet;
627 363 107 21 mähända
749 364 25 19 är
789 363 37 20 det
842 363 32 20 ett
889 362 142 21 förbiseende.

205 389 64 22 Hvad
284 389 67 22 sedan
366 390 75 27 sjelfva
462 391 66 21 saken
550 391 139 27 vidkommer,
708 391 41 22 har
769 391 37 21 det
823 391 117 27 afgörande
962 391 70 21 skälet

205 417 33 22 för
253 418 43 27 mig
311 420 32 19 att
358 419 39 21 här
412 419 108 27 tillstyrka
534 420 111 26 mantalet,
661 420 56 22 varit
732 420 38 21 det
785 421 32 20 att
833 419 33 22 för
880 419 106 21 likartade
998 421 34 19 ut-

205 446 64 27 gifter
289 453 26 15 en
333 447 93 22 likartad
444 448 70 27 grund
532 448 39 22 bör
586 449 115 27 tillämpas.
731 448 35 22 Nu
781 450 65 25 utgör
860 448 104 22 mantalet
978 448 53 21 fort-

205 474 88 22 farande
309 477 96 25 grunden
420 476 33 22 för
469 477 138 27 deltagandet
622 478 7 21 i
644 478 124 27 byggandet
783 476 22 22 af
819 478 27 20 de
861 477 92 27 tidigare
964 477 68 27 tings-

204 504 70 22 husen
289 504 40 22 och
345 505 83 22 derföre
444 512 64 21 synes
522 506 43 27 mig
581 506 41 21 den
639 507 98 21 enklaste
752 507 94 26 utvägen
856 512 52 15 vara
918 507 32 20 att
962 506 70 22 denna

205 533 70 27 grund
293 533 118 23 bibehälles
431 535 50 21 med
499 535 151 27 utsträckning
665 536 32 20 till
713 535 42 21 den
770 535 164 27 privilegierade
946 534 84 28 jorden,

204 562 86 21 hvilken
312 562 48 22 icke
383 563 98 27 skäligen
498 564 41 21 bör
556 563 79 23 befrias
655 564 46 22 från
719 564 143 27 tillökningen
880 564 8 20 i
902 564 128 21 kostnaden.

205 590 62 22 Hvad
291 597 46 15 som
359 592 123 22 bestämdes
501 592 7 22 i
527 592 212 28 adelsprivilegierna
762 592 67 28 gäller
850 592 41 22 den
910 592 120 22 dåvarande

203 619 84 27 jorden.
317 620 122 27 Dessutom,
461 621 28 22 då
507 622 135 26 proposition
661 622 7 21 i
683 623 74 20 ämnet
772 624 24 18 är
811 621 77 27 gifven,
904 622 61 21 torde
980 621 51 22 våra

205 648 183 28 adelsprivilegier
407 650 47 21 icke
473 652 77 26 utgöra
565 651 72 26 någon
651 650 84 22 formell
751 650 155 26 betänklighet.
936 650 42 27 Jag
993 650 38 22 ber

204 677 70 21 tillika
293 676 22 22 få
331 678 70 22 erinra
419 679 74 21 derom
512 681 39 25 att,
571 680 28 20 då
614 686 29 14 nu
657 679 52 22 flere
724 679 95 27 tingslag
834 679 70 21 skulle
919 679 91 27 bidraga
1024 678 7 22 i

205 705 102 23 afseende
327 707 12 21 å
359 707 235 28 tingshusbyggnaden,
615 708 70 22 blefve
703 709 38 21 det
760 714 25 15 en
801 708 85 21 lättnad
900 708 8 20 i
923 708 37 21 det
976 708 54 26 ålig-

204 735 70 26 gande
293 741 46 15 som
356 735 58 22 förut
432 736 84 22 tillkom
536 737 118 27 tingslaget
672 738 33 20 att
722 737 71 27 bygga
811 736 130 27 tingshuset,
958 736 25 21 så
998 738 33 20 att

204 763 71 22 denna
297 764 112 28 tillökning
429 765 6 21 i
454 765 122 22 kostnaden
594 765 69 23 blefve
682 766 47 22 icke
751 766 25 21 så
791 765 102 27 betydlig.
924 765 106 27 Slutligen

203 792 43 21 kan
267 792 37 22 det
323 792 47 22 icke
389 794 67 21 nekas
476 794 40 22 och
532 794 41 22 har
589 794 62 22 äfven
670 794 23 22 af
709 795 50 21 herr
774 794 107 22 Mechelin
896 794 86 21 erkänts
998 795 33 20 att

205 820 37 22 det
250 823 24 19 är
283 822 58 20 svårt
349 823 39 25 att,
400 828 34 15 om
443 822 122 22 skatteöret
575 824 62 26 göres
649 824 32 20 till
692 823 203 27 debiteringsgrund
906 822 21 22 få
938 829 25 15 en
971 823 60 27 jemn

205 850 40 21 och
260 850 77 22 rättvis
352 850 121 28 fördelning
483 851 24 22 af
516 852 64 21 dessa
590 852 118 22 kostnader
718 852 28 22 då
757 852 140 21 skatteörena
906 852 57 20 inom
974 851 58 21 olika

204 878 127 22 kommuner
350 881 37 20 äro
405 880 86 27 mycket
510 880 57 22 olika
586 881 40 21 och
645 881 63 21 alltså
725 882 79 25 utgöra
820 887 27 15 en
862 880 85 28 mycket
962 880 68 21 varie-

204 907 67 21 rande
289 907 207 28 fördelningsgrund.
527 910 40 20 Att
585 910 72 26 tvinga
676 910 48 21 dem
743 910 33 20 att
792 909 73 27 jemka
881 908 53 22 efter
950 915 82 15 samma

204 936 95 25 grunder
316 936 7 21 i
342 936 57 22 olika
417 938 125 21 kommuner
561 938 53 21 eller
631 938 118 21 förutsätta
769 939 32 20 att
821 938 27 21 de
863 938 33 21 för
912 938 70 21 denna
996 939 34 19 ut-

203 964 50 27 laga
276 965 69 21 skulle
363 967 52 25 göra
434 966 43 25 det,
501 973 64 14 anser
580 967 39 26 jag
637 973 51 15 vara
705 967 68 26 något
793 966 56 21 sökt.
879 966 42 21 För
936 966 43 21 min
995 966 35 21 del

205 993 70 22 skulle
288 993 37 27 jag
341 993 71 22 derför
426 994 132 22 fortfarande
573 995 50 28 vilja
637 995 94 22 vidhålla
748 995 41 22 den
805 995 58 27 åsigt
877 995 7 21 i
895 996 78 25 ämnet,
984 1001 47 15 som

202 1021 38 28 jag
254 1021 7 21 i
277 1023 160 21 reservationen
453 1024 84 21 uttalat.

273 1050 56 22 Herr
351 1051 140 22 Järnefelt:
517 1053 42 26 Jag
578 1053 95 26 begärde
693 1053 64 21 ordet
774 1051 33 22 för
826 1053 34 20 att
876 1052 88 21 bemöta
980 1052 51 21 herr

204 1079 113 26 Mechelin,
333 1086 50 15 men
398 1087 46 15 som
459 1081 49 26 han,
524 1081 55 22 efter
593 1081 56 22 hvad
662 1081 38 28 jag
713 1081 76 26 finner,
805 1080 70 22 blifvit
885 1081 146 21 tillfredsstäl-

203 1107 64 22 lande
282 1108 83 21 bemött
380 1109 73 27 redan,
470 1110 36 21 vill
519 1110 38 27 jag
572 1110 103 21 anmärka
689 1110 57 21 blott
762 1109 43 27 det,
822 1111 34 20 att
865 1109 50 22 herr
924 1109 107 22 Mechelin

204 1136 36 21 vill
255 1136 98 22 likställa
367 1137 181 28 fastighetsegare
563 1139 49 21 med
629 1139 114 21 obesuttne
760 1138 40 21 och
816 1138 32 21 till
859 1138 47 21 skäl
917 1137 71 22 anfört
998 1139 33 20 att

203 1163 197 29 fastighetsegaren
420 1166 42 22 den
481 1174 39 15 ena
539 1168 69 25 dagen
625 1167 44 22 kan
688 1167 55 27 sälja
762 1167 50 21 bort
827 1167 33 21 sin
874 1167 101 26 lägenhet
990 1166 41 21 och

204 1193 85 22 således
306 1194 45 21 står
365 1195 29 26 på
408 1195 45 22 lika
468 1196 78 21 osäker
561 1195 32 22 fot
608 1202 47 15 som
671 1196 39 21 den
727 1196 123 21 obesuttne.
876 1195 44 22 Det
936 1197 23 19 är
975 1195 56 21 dock

203 1222 97 27 betydlig
319 1223 90 22 skilnad.
440 1224 223 27 Lägenhetspriserna
680 1225 71 21 måste
776 1224 137 27 naturligtvis
931 1225 53 20 röna
998 1223 33 22 in-

203 1250 94 27 flytande
317 1251 22 22 af
353 1252 26 22 de
394 1259 66 15 onera
475 1259 46 16 som
537 1253 70 27 åligga
621 1253 162 27 lägenheterna,
801 1253 24 21 så
841 1255 33 19 att
889 1253 37 21 det
942 1252 89 27 egentli-

203 1285 41 20 gen
266 1280 48 21 icke
337 1283 24 18 är
382 1287 108 21 personen
509 1283 52 20 utan
576 1282 77 27 jorden
672 1288 46 15 som
737 1281 94 22 drabbas
851 1281 23 22 af
890 1281 94 26 skatten,
1004 1281 28 21 då

204 1307 97 22 deremot
318 1308 33 22 för
367 1310 26 21 de
410 1310 116 22 obesuttne
542 1311 37 21 det
593 1310 70 22 blefve
679 1317 25 15 en
719 1310 103 28 personel
837 1310 67 26 skatt,
921 1316 47 15 som
984 1309 48 22 dem

204 1336 118 27 åhvälfdes,
341 1338 41 21 och
401 1339 28 21 då
444 1339 27 22 de
491 1341 37 20 äro
544 1339 79 27 rörliga
642 1339 39 22 och
697 1339 62 28 flytta
775 1339 47 21 från
838 1345 26 15 en
880 1339 104 26 domsaga
999 1338 33 21 till

203 1371 27 15 en
246 1371 77 21 annan,
342 1366 73 23 kunde
431 1368 26 21 de
473 1368 86 21 komma
575 1369 32 20 att
623 1367 86 27 deltaga
723 1368 7 21 i
747 1367 78 27 många
840 1367 192 26 häradshöfdinge-

202 1393 115 22 bostäders
333 1395 118 27 byggande,
472 1396 40 22 och
528 1397 61 21 detta
603 1403 52 14 vore
669 1397 36 20 väl
721 1397 17 27 ej
756 1398 45 19 rätt
817 1396 52 21 eller
884 1395 77 27 billigt.
991 1395 42 22 För

203 1421 65 28 öfrigt
282 1423 40 21 har
334 1423 39 28 jag
387 1425 112 27 ingenting
514 1425 73 22 vidare
603 1427 32 19 att
650 1425 95 27 tillägga.

272 1451 56 22 Herr
346 1452 141 23 Mechelin:
510 1454 43 21 Det
568 1453 109 22 framhölls
694 1453 23 22 af
729 1454 52 21 herr
796 1453 156 26 Montgomery,
968 1451 66 22 huru-

202 1479 60 21 ledes
279 1480 36 21 det
330 1482 53 20 utan
399 1481 73 22 tvifvel
487 1488 51 16 vore
549 1482 87 22 enklare
647 1483 38 25 att,
697 1482 104 22 eftersom
812 1480 221 28 tingshusbyggnads-

202 1508 122 22 kostnaden
340 1509 55 21 skall
418 1510 94 22 fördelas
535 1511 29 27 på
585 1511 115 25 mantalen,
724 1516 52 16 man
796 1510 67 22 också
879 1509 33 27 på
925 1509 109 21 mantalen

201 1536 95 25 fördelar
311 1537 122 23 kostnaden
447 1538 34 23 för
496 1539 113 23 domarens
625 1539 84 23 bostad.
732 1540 46 21 Det
788 1545 51 16 vore
850 1538 125 27 visserligen
985 1537 49 23 full-
