1109 1739
405 143 40 18 Den
461 141 26 18 23
506 143 87 17 Oktober.
852 141 40 20 353

98 205 37 22 det
158 205 64 22 enkla
245 205 83 22 faktum
351 207 32 20 att
402 205 84 22 fordom
502 205 56 22 både
574 205 93 22 svenska
682 205 41 22 och
738 205 69 22 finska
822 206 102 22 skolbarn

97 235 106 21 inhemtat
225 235 29 20 all
274 234 97 27 bildning
388 235 28 27 på
431 235 60 21 latin.
522 234 81 22 Vidare
618 234 92 22 förbiser
725 241 49 15 man
790 235 41 21 den
846 234 78 27 mängd

98 263 23 22 af
139 263 126 26 folkskolor,
289 269 46 15 som
354 263 69 22 blifvit
439 263 116 27 inrättade,
571 263 90 22 hvarvid
676 263 116 27 ingalunda
807 263 60 22 alltid
884 263 41 22 den

98 292 71 22 finska
192 292 104 27 allmogen
315 292 86 22 arbetat
420 291 33 22 för
469 293 68 21 saken
552 292 40 22 och
609 292 42 21 den
666 293 93 21 svenska
773 293 151 21 herremanna-

98 321 89 22 klassen
202 323 45 19 mot
263 321 130 26 densamma,
411 321 40 22 och
467 321 103 27 slutligen
588 321 103 27 glömmer
700 327 50 16 man
758 323 33 20 att
798 323 60 20 utom
865 321 59 27 lägre

100 351 40 20 och
155 350 68 27 högre
239 350 190 21 elementarskolor
445 350 40 21 och
501 350 126 26 realskolor,
643 352 13 19 4
670 350 72 28 lyceer
757 350 48 21 med
813 349 66 22 finskt
886 356 39 15 un-

100 379 200 26 dervisningsspråk
322 379 69 21 blifvit
413 379 115 22 inrättade.
559 379 41 26 Jag
622 379 39 21 har
684 379 70 22 anfört
770 379 61 22 detta
845 379 33 21 för
893 380 33 20 att

100 409 67 25 något
189 407 159 22 karakterisera
372 408 83 26 ,denna
478 408 137 27 synnerligen
637 408 63 21 svåra
723 408 104 21 orättvisa
848 408 7 21 i
878 407 48 22 vårt

100 436 62 22 lands
178 436 46 21 inre
239 436 160 22 förhållanden"
417 437 41 21 och
472 437 44 26 vill,
532 436 33 22 för
580 438 33 20 att
627 436 47 22 visa
689 439 58 19 ännu
763 443 26 15 en
804 436 48 22 sida
860 436 65 26 deraf,

100 466 58 21 blott
172 468 77 18 nämna
265 467 32 19 att
312 465 81 22 antalet
408 465 71 22 finska
494 466 71 21 elever
581 466 32 20 uti
627 465 68 27 högre
709 465 216 22 elementarläroverk

102 494 40 22 och
152 494 72 28 lyceer
234 494 49 22 med
293 494 90 22 svenskt
392 494 233 28 undervisningsspråk
633 495 69 21 under
709 494 96 22 läseåret
813 496 111 20 1874—75

101 523 100 27 utgjorde
221 524 48 25 288,
290 529 48 15 men
358 525 33 19 att
406 524 68 21 under
489 530 83 15 samma
587 524 71 20 läseår
673 524 26 21 de
715 523 70 21 finska
800 523 127 22 läroverken

100 552 176 27 freqventerades
295 552 23 21 af
336 552 71 22 elever
421 553 50 21 med
486 552 91 22 svenskt
591 552 130 22 modersmål
737 552 32 21 till
785 554 32 20 ett
832 552 58 22 antal
905 551 23 23 af

101 583 49 19 231.
181 581 50 21 Med
247 581 64 21 dessa
325 580 60 22 fakta
399 581 33 21 för
448 583 86 25 ögonen
548 581 40 21 har
600 582 38 26 jag
653 581 48 22 icke
715 581 84 21 kunnat
814 581 72 27 undgå
894 582 32 20 att

101 610 91 21 bredvid
215 610 36 21 det
272 610 119 27 berömliga
413 610 91 27 begäret
522 610 54 22 efter
591 610 96 27 bildning
703 610 64 27 spåra
782 609 63 23 äfven
860 610 67 21 andra

102 638 117 28 inflytelser
239 638 58 27 eller,
313 638 34 22 för
361 641 33 19 att
408 642 79 19 nämna
504 640 66 20 saken
587 639 35 21 vid
638 639 49 21 dess
703 641 58 19 rätta
775 645 70 20 namn,
861 638 66 28 parti-

102 668 135 26 agitationer.
267 668 50 21 Men
337 674 29 15 nu
385 674 43 21 nog
447 668 83 22 härom.
560 668 63 22 Hvad
642 668 76 27 sjelfva
737 668 67 21 saken
818 667 108 27 beträffar,

103 699 24 19 är
139 697 39 27 jag
194 703 51 15 ense
259 697 49 21 med
323 697 109 21 utskottet
448 703 34 15 om
499 697 42 22 den
557 696 90 28 uppgift,
664 697 21 21 vi
700 697 6 21 i
717 696 139 23 förevarande
866 696 62 27 fråga

102 726 54 21 böra
171 726 65 21 ställa
251 724 32 22 för
299 726 47 21 vårt
361 726 151 21 skolväsende.
577 732 40 15 ena
633 726 61 21 sidan
709 726 40 21 bör
765 732 26 16 en
806 726 58 25 hvar,
881 732 46 14 som

103 754 126 27 genomgått
244 754 126 27 fullständig
385 755 108 26 skolkurs,
503 761 52 15 vara
570 754 48 22 fullt
633 755 82 27 mägtig
731 755 26 21 de
767 755 69 27 begge
847 754 80 21 inhem-

103 784 41 20 ska
158 783 102 27 språken;
277 783 13 21 å
305 784 67 21 andra
387 784 61 21 sidan
464 784 41 21 bör
520 784 84 21 landets
619 784 205 26 bildningssökande
836 784 92 26 ungdom

103 811 26 22 så
150 812 47 22 vidt
218 812 83 27 möjligt
323 812 92 22 beredas
437 812 86 22 tillfälle
542 814 33 19 att
593 812 28 28 på
636 812 38 22 sitt
689 812 129 22 modersmål
833 812 96 21 inhemta

104 841 159 27 undervisning.
294 841 10 21 I
319 840 147 23 förstnämnde
481 842 125 20 hänseende
621 842 39 26 gör
675 842 109 21 utskottet
799 842 26 20 de
840 841 87 27 förslag,

104 876 47 15 som
166 868 117 28 igenfinnas
299 870 69 21 under
384 872 10 19 1
412 870 41 22 och
468 872 13 19 2
496 876 64 15 mom.
577 870 22 21 af
613 870 49 21 dess
673 870 144 22 betänkande.
840 870 42 21 För
892 870 36 21 det

104 898 134 22 sistnämnda
253 899 132 21 ändamålets
401 899 108 22 vinnande
524 898 117 28 medgifver
656 899 109 21 utskottet
780 898 50 28 sjelf
844 900 32 20 att
892 898 36 22 det

104 928 126 21 rättvisaste
249 934 57 19 vore,
327 934 35 15 om
380 928 29 27 på
428 930 58 20 orter
505 928 50 22 med
574 928 105 21 blandadt
693 928 110 27 tungomål
818 927 110 22 undervis-

104 956 143 27 ningsverken
261 956 56 21 hade
333 956 36 22 två
384 956 230 27 parallelafdelningar,
631 957 40 21 den
687 963 41 15 ena
743 956 78 22 svensk
836 956 41 21 den
892 962 36 15 an-

106 985 38 21 dra
159 984 62 27 finsk,
237 991 48 15 men
301 985 27 21 då
344 985 61 22 detta
420 985 108 28 svårligen
542 985 44 22 läte
603 985 32 27 sig
651 987 58 25 göra,
727 985 44 22 dels
788 985 90 21 emedan
893 985 37 21 det

105 1013 70 22 blefve
189 1013 32 22 för
237 1014 54 27 dyrt,
307 1014 46 21 dels
370 1015 89 21 emedan
473 1014 159 22 lärokrafterna
647 1017 36 18 äro
699 1014 34 22 för
743 1013 122 23 ändamålet
874 1013 56 22 otill-

104 1043 104 26 räckliga,
224 1042 91 22 föreslår
330 1043 109 22 utskottet
455 1045 33 20 att
504 1043 7 21 i
527 1043 94 22 svenska
633 1043 124 22 landsorter
771 1043 95 22 svenska
874 1043 54 21 och
914 1038 17 36 i

105 1071 70 22 finska
192 1072 122 21 landsorter
333 1071 70 22 finska
423 1073 75 21 skolor
514 1073 69 20 skulle
598 1073 99 26 inrättas,
714 1073 40 21 och
769 1072 78 22 endast
861 1072 7 21 i
884 1072 44 21 lan-

106 1101 48 21 dets
175 1102 70 20 större
263 1101 73 21 städer
352 1101 79 21 dubbla
447 1101 75 22 skolor
536 1101 164 27 upprätthållas.
720 1097 10 36 .
731 1101 95 22 Härmed
840 1101 40 21 har
895 1102 33 19 ut-

106 1129 83 22 skottet
204 1129 47 22 åter
265 1129 96 28 frångått
377 1130 41 21 den
433 1130 117 27 grundsats
567 1131 37 20 det
619 1130 59 27 sjelft
693 1131 106 26 uppställt
807 1130 72 21 såsom
888 1129 40 22 den

106 1160 56 20 mest
177 1158 96 21 rättvisa.
297 1159 50 21 Men
361 1158 102 22 behöfver
479 1159 29 21 då
524 1159 69 21 denna
609 1159 115 27 grundsats
735 1159 132 26 nödvändigt
876 1165 53 20 upp-

106 1187 80 27 gifvas?
216 1187 41 27 Jag
271 1187 67 22 finner
353 1188 38 21 det
405 1188 58 26 icke;
480 1194 36 15 om
531 1188 67 21 också
612 1188 85 21 landets
713 1188 114 27 tillgångar
842 1187 28 28 på
878 1194 51 20 pen-

104 1216 77 27 ningar
197 1216 39 21 och
251 1216 152 22 lärarekrafter
417 1216 48 22 icke
481 1217 71 21 skulle
568 1217 69 21 tillåta
652 1217 133 21 inrättandet
801 1216 22 22 af
831 1216 98 21 fullstän-

106 1244 49 28 diga
169 1244 224 28 parallelafdelningar
408 1245 59 22 öfver
483 1245 45 27 allt,
546 1245 38 22 der
600 1246 60 21 detta
674 1252 51 15 vore
741 1245 22 22 af
773 1246 77 24 nöden,
859 1245 71 21 kunde

106 1273 26 22 de
146 1274 25 27 ju
185 1273 107 28 medgifva
307 1274 162 27 tillämpningen
485 1274 24 21 af
523 1274 70 22 denna
607 1275 35 21 idé
657 1275 50 21 med
723 1273 100 23 afseende
835 1269 11 37 &
864 1273 26 22 de
898 1273 31 22 lä-

105 1308 37 21 gre
158 1303 117 21 klasserna.
305 1303 30 21 På
351 1303 64 21 dessa
429 1303 87 21 klasser
530 1303 67 22 borde
613 1303 70 22 elever
698 1303 109 27 bibringas
823 1303 42 21 den
876 1302 53 22 kun-

106 1331 54 27 skap
175 1331 8 21 i
199 1331 36 22 det
251 1331 22 22 af
286 1332 53 21 våra
353 1332 69 27 begge
437 1331 113 22 inhemska
567 1332 70 27 språk,
653 1332 83 22 hvilket
751 1332 47 21 icke
809 1334 24 19 är
843 1331 85 22 skolans

105 1360 237 27 undervisningsspråk,
363 1362 32 20 att
417 1361 42 21 han
476 1360 95 22 derefter
585 1361 28 27 på
629 1361 26 22 de
669 1361 68 27 högre
751 1361 114 21 klasserna
880 1360 7 21 i
904 1367 26 15 en

106 1389 34 21 del
164 1391 77 20 ämnen
262 1389 72 22 kunde
358 1391 109 25 emottaga
487 1389 154 28 undervisning
655 1390 28 27 på
699 1390 60 21 detta
775 1390 67 21 andra
857 1389 70 27 språk.

105 1417 42 28 Jag
162 1418 40 21 har
216 1418 89 21 härmed
321 1418 76 27 antydt
411 1419 33 20 att
456 1418 39 27 jag
511 1418 97 21 biträder
622 1419 25 21 hr
657 1418 164 28 Björkenheims
832 1424 96 15 reserva-

105 1446 46 22 tion
166 1447 7 21 i
189 1446 26 21 de
230 1453 83 15 momm.
331 1453 46 16 som
393 1446 45 22 afse
455 1447 71 21 denna
540 1447 68 27 fråga,
625 1447 40 22 och
680 1453 64 16 anser
757 1447 38 27 jag
811 1447 60 21 detta
879 1453 50 15 vara

106 1475 78 21 endast
205 1481 26 15 en
245 1475 136 27 konseqvens
397 1475 23 21 af
433 1475 83 27 åsigter
531 1481 46 15 som
593 1476 109 21 utskottet
717 1476 84 26 uttalat,
817 1482 50 14 men
882 1475 48 21 icke

106 1504 112 27 tillämpat.
249 1504 70 22 Jemte
341 1504 36 22 det
395 1504 38 27 jag
452 1504 71 21 tillika
543 1504 98 22 ansluter
657 1504 44 27 mig
719 1504 33 21 till
769 1504 76 22 herrar
863 1504 69 21 Horn-

105 1532 65 27 borgs
191 1532 40 22 och
253 1532 164 28 Pippingskölds
440 1532 7 21 i
471 1533 63 21 deras
553 1534 159 21 reservationer
734 1532 98 22 uttalade
848 1532 81 26 åsigter

107 1560 74 22 derom
199 1562 33 20 att
250 1561 180 27 undervisningen
445 1561 7 21 i
467 1560 66 28 ryska
548 1561 41 22 och
604 1562 53 21 latin
672 1561 68 22 borde
755 1561 61 27 börja
831 1560 57 22 först
902 1561 28 27 på

846 1603 22 17 23
