1109 1739
447 139 39 16 Den
504 136 27 19 25
548 138 87 18 Oktober.
873 137 40 19 413

116 203 34 20 att
173 202 122 25 ständerna,
318 203 39 19 när
376 201 37 22 det
429 201 68 27 gäller
512 203 34 19 att
560 200 71 22 uttala
647 201 33 26 sig
693 200 60 22 öfver
768 201 32 21 ett
815 201 59 21 antal
888 200 54 29 peti-

116 230 175 26 tionsmemorial,
314 230 69 21 skulle
401 230 8 21 i
429 231 70 20 större
515 229 54 28 grad
585 229 82 22 afhålla
682 229 34 27 sig
730 229 55 22 ifrån
800 231 34 20 att
849 236 41 21 ega
902 229 42 22 och

115 261 60 26 yttra
197 261 32 20 ett
251 259 98 22 omdöme
366 259 7 21 i
389 259 74 26 saken,
480 260 27 19 än
523 261 40 19 när
577 259 38 21 det
629 258 72 27 gällde
717 260 33 19 att
764 259 58 26 yttra
838 258 32 27 sig
885 258 59 22 öfver

117 295 27 15 en
158 289 138 26 regeringens
305 285 146 30 'proposition,
467 287 39 22 der
516 287 101 28 yttrande
627 287 8 21 i
645 287 107 22 likartade
762 287 74 26 frågor
846 287 96 28 begäres.

185 317 63 22 Hvad
262 317 50 21 herr
328 316 127 27 Schauman,
467 317 92 26 August,
575 316 103 27 förordat,
695 322 63 21 synes
774 316 44 27 mig
832 316 48 21 icke
890 316 54 22 böra

115 346 50 22 leda
183 346 32 21 till
235 345 82 28 åtgärd,
334 347 51 20 enär
400 347 33 20 ett
448 345 80 22 sådant
542 345 141 27 förhållande,
699 345 50 22 herr
765 345 121 21 Schauman
901 345 42 22 för-

115 376 102 24 utsätter,
240 375 96 21 kommer
351 376 38 24 att,
409 374 7 21 i
431 374 105 21 händelse
552 373 22 22 af
588 374 57 21 olika
659 374 73 22 beslut
746 374 8 21 i
769 374 27 21 de
812 374 56 21 olika
884 374 59 21 stån-

116 405 48 25 den,
187 404 32 21 till
236 403 99 28 pröfning
352 403 7 21 i
377 403 69 21 sinom
461 403 32 21 tid
509 403 116 27 företagas,
642 403 28 22 då
685 403 112 26 nemligen,
814 405 45 21 när,
874 403 69 21 under

114 432 155 27 förutsättning
287 431 22 22 af
329 432 41 21 den
391 432 94 27 antydda
501 432 177 27 skiljaktigheten
692 432 79 21 mellan
786 431 103 22 ståndens
904 432 38 21 be-

116 462 50 26 slut,
183 460 320 28 sammanjemkningsförslaget
519 460 46 22 från
581 461 109 21 utskottet
704 460 118 22 inkommit.
852 461 42 27 Jag
908 462 34 19 ut-

115 490 40 22 ber
174 490 43 27 mig
233 490 101 27 slutligen
348 489 22 21 få
385 490 80 27 antyda
481 490 42 21 och
538 492 45 19 tror
597 490 44 26 mig
656 490 48 21 icke
719 489 56 27 begå
790 490 70 27 någon
874 489 67 22 indis-

115 519 91 27 kretion,
223 519 28 21 då
263 519 38 27 jag
315 520 88 20 nämner
419 520 32 20 att
467 518 171 22 Statsutskottet
653 520 72 20 ansett
741 518 33 27 sig
788 518 59 27 böra,
864 518 29 22 då
907 519 35 20 ut-

116 548 83 21 skottet
221 554 28 15 nu
272 548 83 21 skrider
377 547 32 21 till
429 547 122 22 afslutande
572 547 23 21 af
618 548 39 20 sitt
679 547 262 27 statsregleringsförslag,

116 576 109 22 eventuelt
240 579 50 25 taga
305 577 6 21 i
326 576 125 27 beräkning,
467 576 84 22 hvilket
565 576 79 28 belopp
661 578 72 20 staten
747 576 44 21 kan
805 576 92 22 behöfva
906 578 35 19 ut-

114 606 64 27 gifva,
195 606 73 22 derest
283 605 69 22 denna
367 604 123 28 föreslagna
505 605 92 27 petition
612 606 85 21 komme
714 607 33 20 att
761 604 22 22 af
797 605 92 21 ständen
904 605 37 21 be-

115 635 70 21 slutas
206 635 40 21 och
261 634 48 22 utaf
321 634 106 28 styrelsen
443 634 134 27 godkännas.
607 634 63 22 Dock
685 640 63 22 synes
765 634 37 21 det
816 634 126 27 lämpligare

116 665 32 20 att
166 665 57 26 ytira
242 664 43 26 mig
305 663 79 27 derom,
401 663 54 22 efter
471 663 38 21 det
525 663 100 27 samtliga
641 663 138 22 äterstäende
794 664 94 20 moment
903 665 38 19 äro

115 693 168 27 genomgängna.

183 721 56 22 Herr
258 721 75 22 Rein:
364 721 31 21 På
409 727 82 15 samma
507 721 57 27 gång
579 720 62 23 äfven
653 721 39 27 jag
707 721 62 27 djupt
783 720 109 28 beklagar,
908 722 33 20 att

115 751 32 20 ett
162 750 78 22 sädant
249 750 106 28 yttrande,
368 756 47 15 som
424 750 91 21 friherre
526 756 41 15 von
577 750 76 26 Borns,
665 749 70 23 blifvit
745 749 88 27 afgifvet
842 750 28 26 pä
881 750 60 20 detta

114 785 54 21 rum,
191 778 33 22 får
243 779 38 27 jag
299 779 7 21 i
321 779 68 21 likhet
404 779 49 21 med
469 779 110 27 åtskilliga
594 779 67 21 andra
676 779 69 21 talare
760 778 108 28 tillstyrka
882 778 58 22 bifall

115 808 31 20 till
162 814 63 15 mom.
245 807 23 28 g)
283 808 8 20 i
305 808 253 26 utskottsbetänkandet,
574 808 91 21 likasom
681 808 62 22 äfven
757 807 32 21 till
806 808 26 21 de
846 806 94 28 följande

114 843 92 20 momm.,
227 837 73 21 hvilka
322 836 45 22 afse
388 836 125 22 inrättande
528 836 22 22 af
564 843 41 21 nya
619 836 70 22 finska
704 836 105 22 läroverk.
839 836 41 27 Jag
894 837 46 20 tror

114 864 32 22 för
165 866 44 21 min
229 866 34 21 del
278 866 48 21 icke
341 867 33 19 att
389 866 110 21 utskottet
514 866 77 26 begärt
605 865 34 22 för
653 866 92 27 mycket.
775 866 42 26 Jag
832 866 46 20 tror
892 864 48 22 icke

114 896 32 19 att
162 894 41 22 den
218 894 70 22 finska
302 894 151 27 befolkningen
468 894 99 28 rimligen
582 895 43 21 kan
640 895 50 27 nöja
704 895 33 27 sig
751 894 49 22 med
815 894 82 22 mindre
912 896 28 19 än

114 923 26 21 de
158 923 95 27 begärda
267 923 46 28 fyra
327 930 42 21 nya
383 923 141 27 fullständiga
538 924 106 27 lyceerna,
661 924 137 26 hvarigenom
813 923 50 21 hela
878 926 61 18 anta-

113 952 31 21 let
158 952 23 21 af
189 952 130 27 sjuklassiga
327 952 72 27 lyceer
409 952 50 21 med
469 952 67 21 finskt
546 952 230 27 undervisningsspråk
787 952 70 21 skulle
868 951 72 27 uppgå

114 981 32 20 till
167 981 40 27 sju.
238 981 42 21 Det
302 983 23 19 är
343 981 48 22 icke
411 981 33 21 för
459 981 93 27 mycket,
569 981 28 21 dä
611 981 7 21 i
634 981 42 21 alla
691 981 36 21 fall
743 981 82 21 antalet
840 980 98 26 svenska,

113 1009 129 22 ätminstone
265 1009 66 28 enligt
346 1010 37 21 det
399 1010 70 21 beslut
485 1010 160 27 Ridderskapet
661 1010 39 21 och
717 1009 69 22 Adeln
801 1010 36 21 vid
852 1011 86 20 senaste

112 1038 87 27 plenum
215 1038 88 27 fattade,
319 1039 70 21 skulle
404 1039 87 21 komma
508 1040 32 20 att
554 1039 132 21 fortfarande
702 1039 73 27 uppgä
790 1039 32 20 till
837 1038 43 21 nio.
904 1038 35 21 Dä

113 1067 37 22 det
165 1067 114 27 höglofliga
293 1067 88 22 ständet
396 1069 73 20 senast
484 1067 116 27 godkände
615 1068 51 21 herr
680 1067 163 28 Björkenheims
858 1067 80 26 förslag

113 1102 34 15 om
162 1096 75 27 tillägg
253 1096 31 21 till
299 1102 63 15 mom.
379 1096 28 27 c),
423 1097 25 21 sä
463 1096 88 22 iklädde
567 1097 33 26 sig
615 1097 94 24 ständet,
726 1096 67 27 enligt
807 1096 43 21 min
866 1096 71 25 tanke,

113 1131 26 15 en
162 1125 101 21 moralisk
285 1125 132 27 förpligtelse
440 1127 33 20 att
496 1125 48 22 icke
563 1125 54 22 afslä
632 1132 34 20 nu,
684 1125 27 22 dä
725 1125 75 27 frägan
816 1125 73 27 gäller,
906 1126 32 20 att

112 1153 115 27 tillgodose
249 1154 40 21 den
305 1153 71 22 finska
390 1153 165 28 befolkningens
571 1154 135 27 rättigheter.
737 1155 38 20 Ett
789 1156 92 19 motsatt
896 1153 42 22 för-

112 1182 88 22 farande
223 1183 75 26 skulle,
322 1189 63 21 synes
407 1183 43 27 mig
472 1183 23 21 fä
513 1185 32 19 ett
560 1189 43 21 nog
618 1183 71 22 starkt
704 1183 53 22 sken
773 1182 22 22 af
808 1183 128 26 partiskhet.

112 1211 93 22 Ständet
223 1211 46 28 har,
287 1211 71 22 sävidt
371 1212 38 27 jag
424 1212 84 21 kunnat
522 1211 63 27 finna,
602 1212 77 21 försatt
695 1212 33 27 sig
742 1212 7 21 i
766 1211 41 22 den
821 1211 117 22 moraliska

111 1240 189 27 nödvändigheten
315 1242 33 19 att
363 1241 28 26 gä
405 1241 22 20 in
443 1240 63 22 äfven
520 1241 28 27 pä
560 1241 26 21 de
596 1241 121 21 finansiella
727 1240 88 27 utgifter
826 1246 47 15 som
884 1246 53 21 upp-

111 1269 110 22 rättandet
238 1269 23 22 af
273 1276 41 21 nya
328 1269 70 22 finska
413 1269 100 22 läroverk
528 1269 7 22 i
550 1270 66 27 nägot
631 1270 24 21 sä
670 1272 40 19 när
725 1269 76 22 rättvis
811 1269 126 27 proportion

110 1298 91 22 kräfver.
231 1299 38 20 Ett
284 1300 65 19 annat
364 1298 162 27 handlingssätt
541 1299 70 21 skulle
622 1299 55 21 blott
687 1299 71 20 kunna
769 1297 63 22 hafva
842 1297 32 22 till
885 1297 52 28 följd

110 1328 33 20 att
158 1326 113 23 fördubbla
290 1327 41 21 den
346 1327 111 26 agitation,
475 1333 48 16 som
539 1333 51 21 eger
605 1334 53 19 rum,
674 1327 114 22 fördubbla
804 1327 41 21 den
860 1326 76 22 bitter-

110 1355 38 22 het
164 1362 46 15 som
225 1355 113 22 förefinnes
355 1355 91 22 emellan
463 1356 58 21 olika
531 1356 194 27 samhällsklasser,
737 1355 40 22 och
789 1357 32 20 att
830 1355 36 22 vid
874 1357 63 19 nästa

110 1384 103 27 landtdag
235 1384 113 22 framkalla
371 1391 26 15 en
420 1387 58 19 ännu
501 1385 109 26 väldigare
625 1385 90 27 störtsjö
729 1385 22 20 af
764 1384 118 27 petitioner
896 1384 41 21 och

111 1415 56 19 ännu
181 1413 106 27 häftigare
298 1413 85 26 strider,
395 1415 27 19 än
433 1414 50 21 dem
495 1419 46 16 som
551 1414 144 21 innevarande
710 1413 103 27 landtdag
822 1413 113 21 bevittnat.

178 1442 63 21 Hvad
255 1443 50 20 herr
321 1442 127 26 Schauman,
464 1443 93 26 August,
573 1442 118 27 föreslagit,
707 1442 96 26 innebär,
819 1441 72 22 sävidt
899 1442 38 27 jag

110 1471 42 21 kan
174 1471 65 26 finna,
262 1473 32 19 att
316 1471 161 26 Ridderskapet
496 1471 40 20 och
554 1471 69 21 Adeln
639 1478 29 14 nu
683 1471 67 21 redan
765 1470 71 22 skulle
850 1470 87 21 besluta

111 1501 33 19 att
158 1499 7 21 i
181 1499 64 27 ingen
259 1499 104 21 händelse
378 1498 51 27 ingä
443 1500 29 26 pä
483 1498 100 22 framtida
594 1499 210 27 sammanjemkning,
815 1498 7 22 i
832 1498 104 22 händelse

110 1528 68 22 andra
193 1528 64 21 ständ
273 1528 69 22 skulle
357 1529 78 20 stanna
450 1528 7 21 i
473 1527 79 26 beslut,
568 1530 91 20 motsatt
673 1528 86 22 Adelns.
783 1528 41 26 Jag
835 1526 43 22 kan
888 1527 48 21 icke

108 1556 58 22 finna
188 1558 32 20 att
243 1558 32 20 ett
297 1556 67 28 dylikt
379 1556 124 22 förfarande
520 1556 13 21 &
548 1556 171 28 Ridderskapets
735 1556 40 22 och
791 1555 81 23 Adelns
888 1555 48 22 sida
