1109 1739
218 117 42 20 296
503 119 40 16 Den
560 116 26 19 20
602 119 87 18 Oktober.

189 180 69 23 finnes
274 187 43 21 nog
332 181 134 26 situationer,
480 181 33 21 uti
531 181 74 21 hvilka
625 181 40 22 den
685 181 81 21 tanken
785 181 87 26 tränger
887 180 33 28 sig
934 180 34 28 på,
985 181 33 21 att

191 211 31 20 ett
238 211 66 20 annat
319 210 230 27 representationssätt
565 210 72 21 kunde
653 210 72 22 bättre
736 209 77 28 främja
823 209 85 22 landets
919 209 98 26 intresse,

190 241 28 19 än
233 238 38 22 det
285 239 130 22 nuvarande.
445 239 42 22 För
503 239 43 21 min
563 239 34 21 del
613 240 45 20 tror
671 239 38 27 jag
724 240 39 25 att,
780 241 39 19 när
835 238 70 22 denna
919 238 61 27 fråga
989 238 29 27 på

191 267 67 22 allvar
277 268 96 21 kommer
396 267 13 22 å
430 268 63 26 bane,
514 268 36 21 det
565 267 43 22 kan
623 267 46 22 visa
684 268 33 27 sig
732 267 125 27 lämpligast
872 269 32 20 att
919 267 58 22 bilda
992 273 26 15 en

191 297 252 26 deputerade-kammare
460 297 53 21 eller
528 297 67 21 andra
609 297 109 21 kammare
734 302 79 21 genom
828 303 27 15 en
868 295 150 22 sammanslut-

189 325 52 27 ning
261 325 22 22 af
301 325 26 22 de
346 332 30 15 nu
394 325 136 22 existerande
548 325 46 28 fyra
612 325 98 27 stånden,
731 331 88 16 snarare
839 327 28 19 än
886 331 77 21 genom
985 326 33 19 att

190 355 72 26 bygga
281 354 28 27 på
327 353 135 28 geografiska
480 354 54 22 eller
552 354 123 21 statistiska
693 354 132 26 valkretsar;
846 360 49 15 men
914 353 7 22 i
941 353 78 22 sådant

190 383 37 21 fall
243 383 70 21 skulle
321 383 78 22 valrätt
415 382 62 23 äfven
492 382 66 23 blifva
573 383 111 28 principen
694 383 33 22 för
738 383 61 21 detta
808 383 70 26 stånd;
891 383 49 21 dess
952 384 66 19 samt-

189 412 44 26 lige
249 412 138 21 medlemmar
401 412 70 21 skulle
486 412 58 27 välja
559 418 26 15 en
601 412 34 21 del
651 411 23 22 af
688 411 207 27 representationen.
926 411 40 21 Om
984 417 34 15 re-

190 440 83 22 formen
289 442 50 25 toge
355 441 69 21 denna
439 440 102 27 riktning,
557 440 24 22 sä
590 440 69 22 skulle
675 440 153 22 adelsmännen
844 440 48 21 icke
904 440 72 21 kunna
985 440 33 21 bi-

190 470 98 21 behällas
303 469 35 21 vid
355 469 40 21 den
411 469 79 22 valrätt
505 470 7 20 i
527 469 191 27 Borgareständet,
735 475 47 15 som
798 469 6 21 i
822 469 42 21 den
879 468 78 28 nädiga
969 474 49 22 pro-

190 498 123 28 positionen
329 500 24 19 är
367 498 128 27 föreslagen.
526 498 42 27 Jag
583 498 88 27 medger
686 497 99 28 föröfrigt
801 499 32 20 att
849 498 38 21 det
902 498 71 26 motiv,
980 498 39 27 jag

191 527 74 21 tillätit
283 527 43 27 mig
344 526 79 27 anföra,
443 527 48 21 icke
507 526 42 22 kan
564 529 56 25 väga
635 527 6 21 i
657 527 70 21 denna
743 526 103 22 situation
862 526 32 22 för
910 526 66 22 andra
991 529 27 19 än

192 556 48 22 dem
261 562 52 20 som,
329 556 8 21 i
357 556 68 22 likhet
444 556 49 22 med
509 556 50 27 mig,
579 556 49 21 med
644 556 93 22 särskild
755 558 72 20 värme
842 556 66 21 tänka
923 556 28 27 pä
966 556 52 21 nöd-

191 584 145 28 vändigheten
351 584 23 22 af
388 591 26 15 en
429 584 271 28 representationsreform.

260 614 43 21 Det
315 614 39 21 har
372 614 7 21 i
399 614 42 26 dag
459 613 128 22 framställts
607 615 32 20 ett
657 612 222 28 förmedlingsförslag
894 612 23 22 af
929 612 90 23 friherre

190 643 86 26 Wrede,
292 654 28 4 —
336 643 61 21 detta
411 643 40 21 har
466 643 141 21 understödts
623 642 22 22 af
658 643 50 21 herr
724 642 128 26 Schauman,
864 642 90 27 August.
977 642 42 27 Jag

190 672 68 26 vågar
276 672 45 21 mot
340 672 120 21 detsamma
477 672 93 21 invända
589 673 32 20 att
641 673 108 20 termerna
766 671 190 27 ,skeppsredare*,
974 671 45 26 ,id-

191 700 54 22 kare
261 700 23 22 af
301 700 67 28 yrken
387 700 28 27 pä
433 701 69 26 grund
519 700 23 22 af
553 700 106 22 särskilda
674 700 135 28 privilegier*
826 706 19 16 o.
862 706 16 15 s.
894 707 26 19 v.,
935 700 85 21 komme

191 731 39 25 att,
249 730 74 21 derest
343 729 42 21 den
401 735 42 21 nya
457 729 152 27 näringslagen
625 731 96 25 antages,
738 735 52 16 vara
805 729 82 27 ganska
902 729 59 21 svårt
976 728 42 22 till-

190 758 109 27 lämpliga.
330 758 47 21 Den
396 758 157 22 klassifikation
571 758 23 22 af
612 758 123 28 borgerliga
754 758 74 27 yrken,
844 764 47 15 som
908 758 66 26 enligt
989 764 30 15 nu

191 787 101 27 gällande
310 786 123 28 näringslag
451 787 41 21 och
510 787 129 22 dithörande
658 786 153 28 författningar
829 793 51 20 eger
899 793 53 20 rum,
975 786 43 22 för-

191 816 87 22 svinner
292 821 77 22 genom
384 815 105 22 reformen
506 815 24 22 af
542 816 157 27 näringslagen.
729 816 44 26 Jag
783 815 98 23 betviflar
892 815 83 22 derföre
986 816 33 20 att

190 851 49 16 man
254 845 43 21 kan
313 844 73 28 lyckas
401 844 22 22 fä
439 845 42 21 den
490 844 123 28 föreslagna
623 845 141 27 medelvägen
773 844 24 22 sä
808 844 96 27 affattad,
916 846 32 20 att
959 844 59 22 stad-

191 874 81 26 gandet
287 873 68 21 skulle
371 872 96 23 befinnas
483 874 97 26 lämpligt
595 874 40 21 och
653 873 130 27 tillämpligt.

260 902 31 21 Pä
306 902 69 27 grund
390 901 23 22 af
426 902 65 22 dessa
506 902 48 22 skäl
570 902 40 22 och
629 903 90 21 emedan
739 902 38 22 det
792 901 76 23 städse
883 902 69 22 mäste
968 908 51 16 vara

190 931 43 26 god
247 930 174 22 konstitutionell
436 931 79 27 praxis,
532 932 33 20 att
580 932 91 21 ständen
691 930 103 22 inbördes
810 930 132 27 tillmötesgä
956 930 62 23 hvar-

191 959 68 22 andra
274 959 38 22 der
328 959 78 22 sådant
421 959 42 22 kan
479 960 39 21 ske
534 961 52 20 utan
601 959 120 28 uppoffring
737 959 24 22 af
774 959 96 27 verkliga
884 959 135 27 rättsprinci-

190 995 45 20 per,
254 989 53 20 utan
324 987 121 28 uppoffring
466 988 22 21 af
504 988 83 27 verklig
606 988 143 28 öfvertygelse
771 994 34 15 om
820 988 58 21 hvad
894 988 124 21 samhällets

189 1017 36 22 väl
242 1016 93 27 kräfver,
355 1017 80 22 tillåter
451 1017 38 27 jag
508 1017 43 27 mig
574 1017 108 28 tillstyrka
705 1017 128 27 obetingadt
855 1017 121 27 antagande
998 1017 22 21 af

189 1045 196 28 Borgareständets
401 1045 133 28 inbjudning.

260 1075 57 21 Herr
332 1074 151 27 Schauman,
499 1075 96 26 August:
625 1075 42 27 Jag
681 1075 95 27 begärde
793 1074 68 27 ordet,
878 1074 28 21 dä
918 1075 38 27 jag
969 1074 49 22 med

191 1103 115 27 anledning
325 1102 23 22 af
364 1103 51 22 herr
433 1103 164 28 Björkenheims
617 1103 99 28 yttrande
740 1103 99 22 erinrade
859 1103 49 27 mig,
928 1105 32 20 att
981 1103 37 27 jag

190 1132 107 27 uteglömt
313 1133 32 20 att
359 1131 58 22 fästa
432 1132 218 27 uppmärksamheten
665 1132 35 22 vid
711 1138 27 15 en
749 1131 166 28 omständighet,
927 1132 40 21 och
982 1132 38 21 det

191 1163 24 19 är
231 1161 42 21 den
289 1162 32 20 att
333 1161 38 27 jag
386 1167 70 20 anser,
473 1162 32 20 att
519 1161 7 21 i
543 1161 36 21 det
594 1167 41 21 nya
650 1160 305 28 sammanjemkningsförslag,
972 1167 46 15 som

191 1189 68 28 enligt
274 1189 43 21 min
332 1189 86 27 mening
433 1190 155 27 Lagutskottet
605 1190 68 21 borde
691 1195 121 22 uppmanas
828 1191 33 19 att
877 1189 83 27 afgifva,
978 1189 40 22 den

190 1218 169 22 bestämmelsen
373 1224 52 15 vore
440 1218 72 27 nödig,
529 1220 33 19 att
577 1219 26 21 de
618 1218 116 22 frälsemän
751 1218 41 22 och
807 1217 120 22 ledamöter
937 1218 23 21 af
968 1218 49 21 Pre-

191 1247 130 26 steständet,
337 1253 46 15 som
399 1247 28 27 pä
442 1247 70 27 grund
528 1246 23 23 af
563 1247 92 22 nämnde
674 1246 149 28 gvalifikation.
841 1247 71 21 såsom
928 1247 90 27 skepps-

190 1276 84 25 redare,
295 1275 158 22 fabriksidkare
472 1282 27 15 m.
519 1282 27 15 m.
567 1276 80 21 erhölle
666 1276 87 26 valrätt,
775 1275 47 22 icke
842 1275 70 22 skulle
935 1275 84 28 ätnjuta

191 1304 71 22 denna
277 1305 79 21 valrätt
371 1303 33 23 för
419 1305 47 21 sina
481 1305 100 27 möjligen
597 1305 83 27 egande
695 1305 114 21 skattören
824 1303 33 23 för
872 1304 83 27 gärdar,
966 1305 52 21 utan

191 1333 78 22 endast
284 1332 33 22 för
333 1333 48 21 dem
396 1333 91 27 päförda
502 1334 112 21 skattören
629 1333 33 22 för
677 1333 83 27 näring.

259 1361 58 22 Herr
338 1361 117 28 Pipping,
479 1362 100 22 Fredrik:
609 1363 10 20 I
641 1362 118 27 anledning
779 1361 22 22 af
818 1361 90 22 friherre
929 1361 89 22 Wredes

189 1389 49 22 utaf
251 1390 51 22 herr
318 1390 121 22 Schauman
455 1391 148 22 understödda
618 1390 81 27 förslag
714 1393 33 19 att
763 1390 54 27 änyo
833 1390 111 21 remittera
957 1392 61 19 ären-

190 1419 38 22 det
243 1419 33 21 till
292 1419 160 27 Lagutskottet,
469 1420 26 21 sä
510 1420 96 21 anhäller
618 1420 38 27 jag
671 1419 125 28 ödmjukast
806 1419 22 21 fä
838 1419 57 21 fästa
904 1418 116 28 höglofliga

189 1447 172 28 Ridderskapets
377 1448 41 21 och
433 1448 80 22 Adelns
534 1448 191 27 uppmärksamhet
740 1449 30 26 pä
784 1447 87 28 frägans
887 1448 132 21 närvarande

190 1476 111 27 ställning,
322 1476 40 22 och
380 1477 29 26 pä
424 1477 41 21 den
481 1476 98 23 formella
597 1477 131 27 behandling
744 1482 47 16 som
806 1476 7 21 i
829 1476 115 27 anledning
960 1476 61 22 deraf

189 1504 40 22 bör
251 1504 116 28 iakttagas.
397 1505 168 27 Lagutskottets
585 1506 150 22 betänkanden
755 1505 7 21 i
783 1505 90 21 ärendet
892 1506 38 20 äro
952 1505 66 21 redan

186 1533 184 23 slutbehandlade
386 1534 7 22 i
409 1534 62 22 detta
487 1535 63 21 ständ
560 1534 91 22 likasom
667 1535 52 22 ocki
730 1535 26 21 de
771 1534 74 27 öfriga,
862 1534 41 22 och
918 1540 29 15 nu
961 1533 55 23 före-
