1109 1739
412 147 40 17 Den
469 145 26 19 20
512 147 87 18 Oktober.
851 144 40 21 323

96 209 108 26 tidsvinst,
219 216 49 15 men
283 209 7 21 i
306 209 38 22 sak
360 209 69 22 tviflar
442 210 39 27 jag
495 210 29 26 på
539 215 34 16 om
589 215 48 15 man
649 208 124 27 derigenom
786 208 42 22 kan
838 209 86 22 komma

96 238 33 21 till
146 239 32 21 ett
193 238 78 22 sådant
286 238 99 27 resultat,
401 239 103 21 hvarmed
523 240 102 26 parterne
640 238 74 21 kunna
728 237 129 28 beggesides
872 243 52 17 vara

96 267 70 27 nöjde.

165 295 56 22 Herr
236 301 41 17 von
292 295 121 22 Alfthan:
431 296 41 27 Jag
488 296 69 21 måste
573 295 32 22 till
620 295 54 22 först
687 295 33 21 till
729 295 130 22 bemötande
870 301 53 21 upp-

97 326 51 25 taga
162 325 57 22 hvad
238 324 50 22 herr
307 325 92 27 Pipping
413 326 68 27 yttrat
496 325 33 21 till
548 325 47 21 sist.
625 325 50 21 Han
690 323 60 22 anför
765 326 32 19 ett
813 323 111 22 uttalande

97 353 23 22 af
137 353 44 28 mig
198 354 8 21 i
226 360 26 15 en
271 353 134 28 hemställan,
427 360 46 15 som
489 354 7 21 i
511 354 60 21 tiden
590 353 46 22 blef
649 353 62 28 gjord
726 353 33 21 till
774 353 94 22 Senaten
884 352 40 21 och

98 388 46 15 som
164 382 64 22 rörde
247 383 112 22 storskifte
378 383 7 21 i
405 383 65 21 dessa
490 389 82 15 samma
587 383 98 21 socknar.
715 382 44 21 Det
773 382 40 21 har
827 382 33 21 sin
876 381 48 22 full-

96 411 95 27 komliga
209 411 109 27 riktighet,
333 418 49 15 men
401 412 216 27 omständigheterna
633 417 52 16 voro
702 411 27 21 då
744 411 88 26 sådana,
849 412 33 20 att
898 410 26 21 de

96 440 74 21 kunde
192 439 128 28 rättfärdiga
343 441 36 21 det
401 440 79 28 afgifna
502 440 117 28 yttrandet.
649 440 42 27 Jag
709 440 61 21 torde
789 440 56 22 dock
859 439 8 21 i
883 438 41 28 dag

97 469 29 27 på
143 468 149 28 förmiddagen
311 469 143 28 uttryckligen
473 469 65 22 hafva
552 468 123 28 framhällit,
692 470 38 25 att,
747 468 68 22 sedan
829 468 95 27 regerin-

98 503 42 21 gen
155 504 78 20 genom
248 498 59 22 bifall
321 498 8 22 i
343 498 122 22 hufvudsak
480 498 34 21 till
530 498 41 22 den
586 505 29 14 nu
629 497 146 27 föreliggande
785 498 80 26 nådiga
874 502 49 22 pro-

98 526 123 27 positionen
243 527 84 27 engång
347 527 86 22 erhållit
452 527 39 21 full
512 527 185 27 dispositionsrätt
711 526 33 22 till
759 526 165 28 öfverloppsjor-

101 555 74 27 darne,
191 556 25 21 så
231 556 71 21 kunde
317 556 48 22 icke
381 562 66 21 gerna
461 556 70 27 några
541 556 92 27 stridiga
643 556 108 21 intressen
762 556 91 21 emellan
863 561 60 20 rege-

98 584 75 28 ringen
193 584 40 22 och
248 585 143 27 jordegarene
410 591 59 16 mera
488 585 134 22 förekomma
637 584 40 22 och
693 584 85 22 således
794 584 48 22 icke
856 584 68 21 heller

98 614 67 26 några
180 613 74 22 vidare
274 614 48 21 skäl
340 614 32 21 till
386 614 152 22 misstroende.
568 614 56 22 Herr
639 613 90 28 Pipping
744 613 40 21 har
799 613 73 22 vidare
887 618 36 16 an-

99 644 45 20 sett
165 642 76 28 nödigt
261 644 39 25 att,
323 642 43 23 förr
388 645 28 19 än
437 649 50 15 man
502 643 132 22 bestämmer
654 643 37 21 det
706 642 136 22 tunnlandtal
856 641 67 27 mark,

99 677 47 15 som
160 671 37 22 vid
212 671 106 23 blifvande
334 671 110 23 storskifte
459 672 69 22 borde
543 672 94 22 tilldelas
652 672 127 21 hemmanen
795 670 55 22 efter
864 677 61 15 man-

99 700 38 26 tal,
154 706 26 16 en
195 706 110 21 noggrann
319 701 166 27 undersökning,
503 700 126 22 förmedelst
643 700 96 27 mätning
753 700 41 22 och
804 699 120 28 gradering,

98 729 68 22 borde
181 728 84 28 föregå;
280 736 49 15 men
346 730 33 21 för
394 731 33 20 att
446 730 75 21 skrida
536 730 33 21 till
583 730 97 26 mätning
695 729 40 22 och
751 728 114 28 gradering
880 728 44 21 må-

99 759 35 21 ste
148 764 50 16 man
213 758 63 22 hafva
291 758 97 22 tillstånd
403 760 34 20 att
454 758 120 22 verkställa
593 758 118 26 storskifte,
728 758 40 22 och
784 764 34 15 om
832 764 50 14 man
896 763 30 15 nu

98 786 49 22 icke
166 787 43 21 kan
223 786 22 22 få
265 787 97 22 tillstånd
377 787 33 21 till
425 787 113 22 storskifte
553 787 73 22 förrän
640 787 96 27 mätning
751 786 131 26 verkställts,
899 785 25 22 så

99 815 97 22 kommer
210 822 49 15 man
272 816 25 28 ju
312 816 68 27 aldrig
400 816 32 21 till
447 816 69 27 något
530 816 97 22 resultat.
658 816 268 26 Landtmäterireglemen-

100 846 32 20 tet
146 844 144 27 föreskrifver,
307 852 27 15 en
354 846 55 26 gång
423 845 34 21 för
477 845 50 27 alla,
543 845 34 22 för
592 846 26 21 de
634 845 57 21 olika
707 844 87 22 delarne
809 844 22 22 af
845 844 80 26 landet,

99 873 56 21 huru
170 874 87 27 mycket
272 874 113 21 skattbara
399 874 86 22 marker
501 874 56 22 skall
573 874 127 22 hemmanen
711 874 104 26 tilldelas;
831 872 56 23 skall
897 879 29 15 nu

100 902 130 27 storskiftas,
252 903 25 21 så
297 903 83 21 skrider
397 910 50 15 man
465 903 33 21 till
513 903 56 22 först
583 903 33 21 till
631 902 83 28 refning
729 908 18 16 o.
763 908 17 16 s.
796 909 19 15 v.
844 902 44 21 Det
904 903 23 19 är

100 931 83 27 möjligt
205 933 32 20 att
255 932 47 22 icke
321 932 67 27 nägot
406 932 84 27 lagrum
510 932 75 26 finnes,
602 938 46 16 som
666 931 119 22 förhindrar
800 930 127 27 regeringen

100 961 33 20 att
152 959 74 22 skrida
245 960 33 21 till
298 966 27 15 en
344 960 67 22 sädan
426 961 99 26 mätning
540 961 41 21 och
595 961 73 21 kunde
683 960 42 22 den
739 960 66 21 ocksä
819 959 108 27 förskjuta

100 989 146 21 kostnaderna
260 988 33 23 för
308 989 163 28 handtlangare,
487 996 51 15 men
553 990 38 21 det
605 989 72 22 kunde
693 989 27 22 dä
734 989 72 21 hända
819 989 33 21 att
862 988 64 21 dessa

100 1017 211 28 samfällighetsboer
333 1018 69 22 skulle
425 1020 54 25 säga
499 1019 24 21 ät
541 1018 310 27 förrättningslandtmätarne:
870 1017 56 21 huru

100 1046 97 22 kommer
218 1047 22 21 ni
262 1047 42 27 hit;
327 1047 116 22 ständerna
458 1047 66 22 hafva
538 1047 49 22 icke
609 1047 78 22 bifallit
706 1047 33 21 till
759 1045 111 23 storskifte
886 1045 40 22 och

102 1075 40 22 och
159 1075 120 22 emellertid
293 1076 72 27 börjar
380 1076 22 21 ni
415 1076 66 22 redan
497 1077 51 21 med
563 1076 91 22 arbetet.
684 1076 43 21 Det
743 1077 23 20 är
780 1075 33 22 för
828 1077 33 20 att
871 1074 55 22 före-

101 1104 87 22 komma
203 1104 84 27 sädant,
304 1111 46 15 som
364 1105 37 27 jag
415 1105 29 28 pä
458 1105 151 27 förmiddagen
624 1107 38 25 tog
676 1105 44 26 mig
732 1104 92 22 friheten
835 1103 91 26 förorda,

102 1134 33 21 att
156 1139 49 16 man
228 1133 68 22 skulle
319 1134 129 22 öfverlemna
471 1134 67 21 dessa
557 1134 64 21 saker
640 1134 23 21 ät
678 1133 111 28 styrelsen.
819 1133 51 21 Man
884 1133 43 20 kan

102 1164 57 19 ännu
174 1162 67 21 tänka
257 1163 32 27 sig
305 1169 27 15 en
347 1169 69 15 annan
432 1163 104 22 sakernas
552 1163 102 27 ställning
668 1163 8 21 i
691 1162 81 22 norden
782 1164 27 20 än
821 1162 47 26 den,
880 1167 46 16 som

102 1190 93 22 förutses
212 1190 23 22 af
247 1191 289 28 landtmäterireglementet.
561 1192 44 21 Det
619 1191 114 28 föreligger
749 1192 32 21 ett
795 1191 86 26 förslag,
892 1197 34 14 re-

102 1220 42 21 dan
163 1219 34 22 för
214 1220 78 27 många
312 1221 23 21 år
354 1221 66 21 sedan
435 1221 90 21 insändt
539 1220 34 22 till
589 1221 100 26 Senaten,
705 1220 56 21 huru
776 1225 49 16 man
840 1219 7 21 i
862 1219 66 21 dessa

101 1249 89 26 trakter,
217 1249 78 27 hvilka,
319 1249 71 22 säsom
416 1249 38 28 jag
480 1249 70 22 redan
577 1249 88 22 anförde
684 1249 37 22 vid
743 1250 32 20 ett
796 1247 130 28 föregäende

101 1277 84 22 tillfälle
207 1279 38 20 äro
268 1284 91 21 omogna
373 1278 33 21 för
428 1277 131 28 storskiftet,
574 1278 107 21 måhända
697 1280 57 19 ännu
771 1277 33 22 för
819 1278 32 20 ett
866 1276 61 22 sekel

101 1305 78 22 framåt
192 1318 28 3 —
235 1307 72 21 kunde
322 1307 123 27 lämpligast
459 1306 87 23 förfara.
563 1307 60 22 Skall
638 1307 69 21 under
721 1306 49 22 hela
786 1306 42 21 den
838 1305 32 22 tid
880 1311 47 16 som

102 1334 73 28 förgår
189 1335 32 22 till
237 1335 132 22 storskiftets
384 1335 132 28 vidtagande
538 1336 82 27 skogen
634 1335 81 22 lemnas
732 1335 99 25 oskiftad,
848 1334 26 22 så
888 1334 39 27 lig-

102 1370 39 21 ger
156 1364 37 21 det
206 1366 53 19 nära
273 1365 33 21 till
321 1364 68 22 hands
405 1366 33 19 att
453 1365 41 21 den
510 1365 98 21 kommer
623 1366 32 20 att
670 1363 65 23 blifva
751 1363 88 27 sköflad,
855 1363 73 22 såsom

103 1393 37 20 det
147 1393 7 21 i
163 1393 118 22 allmänhet
289 1393 47 27 gått
343 1393 49 22 med
400 1392 267 29 samfällighetsskogarna
674 1393 41 21 hos
723 1399 43 15 oss.
781 1393 42 21 För
833 1393 34 20 att
874 1392 54 21 und-

102 1421 50 22 vika
175 1421 61 22 detta
257 1422 40 21 har
318 1428 30 15 nu
370 1422 37 21 det
426 1421 82 28 förslag
526 1421 71 22 blifvit
611 1421 130 26 framstäldt,
757 1423 33 20 att
804 1427 56 20 man,
876 1422 53 19 utan

103 1451 33 20 att
158 1450 73 21 skrida
253 1451 33 21 till
308 1451 49 26 laga
379 1450 118 27 storskifte,
519 1451 71 21 skulle
613 1450 139 28 provisionelt
767 1450 65 21 skifta
847 1449 82 26 skogen

104 1478 90 22 emellan
209 1478 159 28 lägenheterna.
398 1479 41 27 Jag
454 1480 45 20 tror
516 1479 49 21 icke
581 1481 32 19 att
628 1479 66 27 några
708 1478 160 27 oöfverstigliga
882 1477 46 21 hin-

104 1507 38 21 der
164 1507 70 22 skulle
257 1508 64 21 ställa
343 1508 32 26 sig
397 1509 63 25 emot,
485 1514 36 15 om
537 1508 74 26 hvarje
625 1508 99 22 hemman
740 1506 68 22 skulle
823 1505 105 23 förklaras

102 1535 121 22 bibehållas
238 1536 35 22 vid
288 1536 33 22 sin
336 1536 132 22 närvarande
483 1536 54 22 häfd
552 1536 32 21 uti
600 1536 52 22 åker
667 1536 41 22 och
723 1537 48 25 äng.
795 1536 51 21 Man
856 1534 73 22 kunde

104 1564 38 21 der
162 1564 67 22 skifta
249 1565 82 26 skogen
352 1565 49 21 med
423 1564 88 28 ledning
535 1564 23 22 af
579 1564 27 23 de
630 1565 67 21 redan
720 1564 134 22 existerande
880 1569 51 21 geo-
