1109 1739
229 136 42 20 210
347 144 3 3 :
512 138 40 18 Den
571 137 24 18 16
612 138 86 18 Oktober.

269 200 55 23 Herr
341 206 41 16 von
401 200 108 22 Becker:
539 201 43 27 Jag
602 201 111 22 anmärkte
728 201 67 22 redan
810 201 36 22 vid
863 203 25 19 15
904 201 47 28 &:en
966 203 58 20 emot

201 230 33 21 att
249 229 37 22 det
301 229 69 22 skulle
384 236 51 15 vara
449 230 53 21 hvar
518 230 41 22 och
574 237 27 15 en
616 231 79 21 tillätet
711 232 32 20 att
758 230 29 27 pä
802 229 41 22 den
852 231 75 26 grund,
939 231 32 20 att
981 230 42 21 han

200 258 49 22 icke
270 258 57 22 hade
349 257 66 29 afsigt
433 260 32 20 att
484 258 89 28 försälja
593 259 39 21 sitt
649 259 82 27 arbete,
753 258 114 22 ostraffadt
884 259 89 27 kopiera
991 260 32 20 ett

200 287 123 22 konstverk.
353 287 42 28 Jag
409 288 70 21 mäste
494 287 63 23 äfven
571 294 30 15 nu
616 288 52 27 yrka
682 288 29 27 pä
726 289 33 20 att
775 287 38 22 det
827 288 47 21 icke
883 288 67 21 mätte
957 287 67 22 varda

200 316 81 21 tillätet
301 315 32 23 för
355 316 73 28 hvarje
446 323 79 21 person
544 318 33 21 att
595 317 89 27 kopiera
703 317 53 22 eller
771 316 115 22 efterbilda
901 318 33 20 ett
948 317 75 21 konst-

199 345 53 22 verk
267 345 28 27 pä
310 345 41 22 den
366 345 75 27 grund,
457 347 34 20 att
505 345 43 22 han
563 345 68 22 kallar
646 346 34 27 sig
695 346 53 26 elev,
764 347 23 26 ty
803 345 62 22 ordet
880 345 46 22 elev
937 347 24 20 är
971 351 51 21 gan-

201 374 42 21 ska
258 374 98 21 elastiskt
375 374 40 22 och
431 374 43 21 kan
491 375 124 21 utsträckas
631 375 85 27 mycket
730 375 67 26 långt.
827 375 44 21 Det
885 374 72 22 kunde
972 373 51 22 falla

200 404 16 20 t.
235 409 31 16 ex.
290 409 26 15 en
337 405 83 25 gravör,
437 409 46 16 som
503 405 24 20 är
544 403 84 22 mindre
643 403 174 28 försigkommen,
833 403 22 21 in
870 405 34 20 att
918 403 56 21 kalla
989 403 34 27 sig

201 432 46 22 elev
263 431 40 22 och
318 431 113 22 efterbilda
445 433 33 20 ett
492 432 119 22 konstverk
626 434 55 20 samt
697 432 122 22 sedermera
834 432 8 20 i
857 432 81 26 otaliga
952 438 70 15 exem-

200 460 47 28 plar
263 460 72 26 sprida
350 460 40 22 och
405 460 88 28 försälja
508 460 33 22 sin
557 467 81 21 gravyr,
654 463 23 25 ty
693 460 27 22 dä
736 461 39 21 det
789 462 25 20 är
821 460 80 22 tillätet
910 460 34 22 för
952 460 70 22 elever

201 490 32 20 att
249 488 112 22 efterbilda
375 489 122 27 konstverk,
514 490 25 20 sä
553 490 74 21 kunna
641 490 27 22 de
683 490 90 26 försälja
788 489 48 21 sina
850 490 95 21 arbeten.
972 489 49 21 Till-

200 518 137 26 lämpningen
352 517 23 22 af
389 520 24 19 15
430 518 57 28 $:ens
502 518 137 28 bestämning
654 520 33 20 att
701 519 65 27 ingen
781 520 53 20 utan
848 518 115 22 konstnärs
979 518 42 21 till-

201 547 64 21 ständ
279 547 35 21 mä
329 546 32 22 till
376 546 125 28 försäljning
516 546 109 28 eftergöra
637 549 33 20 ett
683 547 215 27 originalkonstverk,
912 547 41 21 kan
964 553 58 15 nem-

199 576 59 27 ligen
272 576 47 21 icke
333 581 67 21 passa
414 576 22 21 in
450 576 29 27 pä
493 576 132 27 stadgandet
639 576 45 22 här.
714 576 32 22 Pä
761 576 42 21 den
818 576 69 27 grund
902 576 68 21 skulle
983 576 39 27 jag

200 605 53 27 yrka
274 604 29 28 pä
324 606 33 20 att
375 606 14 20 4
407 610 63 16 mom.
492 605 95 27 utginge,
611 605 40 22 och
673 607 33 19 att
728 605 73 21 elever
821 605 49 21 icke
892 604 68 22 skulle
981 610 41 22 ega

200 635 45 19 rätt
262 634 33 20 att
312 632 33 23 för
360 633 47 22 sina
422 634 82 22 studier
520 633 112 22 ostraffadt
647 634 114 22 efterbilda
775 634 125 21 konstverk.
930 633 41 27 Jag
986 640 36 15 ser

201 662 55 22 dock
276 663 33 20 att
328 662 7 21 i
353 662 38 22 det
408 668 70 21 mom.,
494 668 47 16 som
556 662 51 22 herr
621 662 112 22 Ehrström
748 662 120 27 föreslagit,
884 663 37 21 det
935 662 86 28 uttryck

199 690 75 27 finnes,
294 692 31 20 att
341 691 37 21 det
392 691 47 21 icke
454 691 39 22 bör
508 691 57 22 afses
581 692 92 26 vinning,
689 692 26 21 sä
729 693 34 20 att
779 692 70 21 deruti
865 693 23 20 är
903 691 49 21 herr
966 691 55 21 Ehr-

200 721 79 20 ströms
294 726 63 15 mom.
373 726 59 15 mera
445 720 82 27 riktigt,
542 727 50 15 men
604 720 38 28 jag
657 720 105 22 vidhäller
777 720 42 22 min
835 720 57 28 äsigt
906 722 32 20 att
948 720 49 22 hela
1008 721 12 20 4

199 754 63 16 mom.
277 748 67 22 borde
359 748 58 28 utgä.

269 777 56 21 Herr
345 777 210 28 Nordenskiöld,
577 778 46 21 Nils
642 778 61 22 Karl:
733 778 43 27 Jag
795 778 39 22 ber
852 779 33 20 att
899 777 22 22 få
935 777 85 22 biträda

200 806 50 22 herr
271 812 42 16 von
334 806 94 22 Beckers
450 806 95 28 yrkande
566 812 35 16 om
619 807 134 27 uteslutning
772 806 23 22 af
811 807 61 21 detta
886 812 62 16 mom.
978 806 44 22 Det

200 834 126 28 stadgande,
342 837 117 19 momentet
473 835 124 27 innehäller,
613 835 71 23 kunde
699 836 50 22 leda
767 836 31 20 till
813 834 157 27 missförständ,
986 835 35 21 sä-

200 870 47 15 som
261 863 50 22 herr
325 870 42 15 von
381 864 84 22 Becker
479 864 100 27 päpekat,
597 864 39 22 och
652 866 24 20 är
690 864 7 22 i
713 864 44 22 alla
772 863 37 23 fall
824 864 94 27 onödigt,
935 870 33 16 om
976 866 44 20 mä-

201 894 73 20 staren
289 892 80 22 tilläter
385 893 73 21 eleven
474 894 33 20 att
522 892 81 23 afbilda
617 893 54 21 hans
687 894 58 21 verk.

269 921 56 21 Herr
340 920 153 28 Schauman,
508 922 25 21 B.
550 922 33 21 O.:
603 922 10 21 I
628 922 103 22 händelse
747 922 51 21 herr
812 928 42 15 von
869 922 94 21 Beckers
978 921 43 22 för-

201 950 47 27 slag
270 950 48 21 icke
336 950 39 27 gär
389 950 91 27 igenom,
496 950 71 22 skulle
580 950 39 27 jag
633 950 144 27 understödja
791 950 89 21 friherre
895 956 41 15 von
952 950 68 21 Borns

200 978 81 27 förslag
296 979 70 21 deruti
381 980 33 20 att
429 981 117 20 momentet
561 979 68 22 skulle
645 979 50 28 lyda
709 979 74 22 säsom
798 979 50 22 herr
863 979 112 22 Ehrström
989 978 32 22 fö-

198 1007 95 27 reslagit.

269 1035 34 22 Dä
315 1035 51 22 herr
380 1035 253 23 Landtmarskalken
648 1036 7 21 i
671 1037 40 21 och
723 1037 36 21 för
769 1036 145 27 propositions
925 1035 97 28 uppstäl-

200 1064 64 22 lande
282 1063 120 28 tillfrågade
417 1065 50 22 herr
481 1065 129 26 Schauman,
626 1065 24 22 B.
667 1065 32 27 O.,
714 1065 137 22 hvilketdera
866 1065 23 22 af
902 1065 26 22 de
944 1067 77 20 tvenne

201 1093 56 22 olika
279 1093 124 27 yrkandena
423 1093 50 22 herr
496 1093 121 22 Schauman
637 1093 106 23 definitivt
762 1094 49 21 ville
830 1094 91 26 biträda,
937 1094 85 27 yttrade

199 1122 51 21 herr
265 1121 121 22 Schauman
402 1122 37 22 det
453 1122 43 22 han
511 1123 7 21 i
534 1123 77 21 sädant
621 1122 36 22 fall
667 1123 50 22 ville
727 1122 144 28 understödja
880 1122 90 23 friherre
980 1129 42 15 von

199 1151 70 21 Borns
284 1150 85 27 förslag.

268 1179 51 22 Med
340 1179 114 28 anledning
472 1179 63 22 häraf
551 1180 40 22 och
608 1180 27 21 dä
650 1180 86 22 säledes
753 1180 70 27 bägge
840 1181 26 21 de
882 1180 57 22 olika
954 1180 68 21 under

201 1208 150 21 diskussionen
361 1207 135 23 framställda
511 1208 108 28 förslagen
633 1209 68 22 blifvit
716 1209 156 27 understödda,
888 1209 133 27 uppställdes

200 1237 33 21 till
247 1236 134 23 besvarande
396 1236 94 29 följande
505 1239 78 20 tvenne
597 1238 169 27 propositioner:

271 1265 42 28 1:0)
344 1265 66 27 ,Den,
431 1272 46 15 som
495 1266 125 27 godkänner
637 1268 14 19 4
668 1273 64 15 mom.
753 1266 6 21 i
782 1268 25 19 18
825 1265 11 28 $
852 1265 23 22 af
888 1265 133 23 utskottsbe-

200 1294 119 22 tänkandet
329 1294 138 22 oförändradt
475 1295 52 22 eller
534 1295 49 22 med
591 1295 36 22 det
635 1294 23 23 af
665 1295 50 22 herr
725 1295 115 22 Ehrström
850 1294 122 28 föreslagna
979 1295 43 21 till-

199 1322 80 28 lägget,
295 1329 73 15 svarar
380 1323 34 27 ja;

268 1351 75 22 vinner
357 1352 41 27 nej,
414 1352 106 22 uteslutes
536 1358 63 16 mom.
615 1351 46 23 från
676 1352 69 28 8:en*.

267 1380 164 27 Propositionen
447 1381 128 22 besvarades
589 1381 36 22 vid
639 1381 93 22 anställd
749 1381 71 22 sluten
828 1381 133 27 omröstning
973 1381 49 22 med

201 1411 26 20 13
240 1409 24 27 ja
278 1409 41 21 och
334 1411 12 19 9
361 1409 42 27 nej.

269 1437 44 27 2:0)
345 1437 66 27 ,Den,
427 1443 46 16 som
488 1438 124 27 godkänner
627 1440 12 20 4
655 1445 61 16 mom.
734 1439 7 20 i
760 1440 25 20 18
800 1438 7 27 8
822 1438 23 22 af
853 1439 119 22 utskottets
982 1438 39 23 be-

200 1466 109 22 tänkande
325 1465 145 28 oförändradt,
485 1473 75 16 svarar
571 1468 34 26 ja;

263 1494 80 33 vinner
357 1495 42 28 nej,
415 1495 99 27 tillägges
531 1496 65 27 eller
609 1495 22 22 af
644 1502 69 16 annan
729 1494 36 24 för
779 1495 106 28 ändamål,
901 1502 47 16 som
963 1496 18 27 ej
990 1495 31 23 af-

199 1529 35 15 ser
249 1524 106 26 vinning".
