1109 1739
419 132 40 17 Den
476 129 27 19 25
520 131 88 18 Oktober.
852 130 39 19 441

94 201 36 14 ser
145 195 34 20 att
193 194 67 26 något
275 193 78 22 sådant
367 194 65 21 bordt
447 194 7 21 i
469 194 247 21 utskottsbetänkandet
731 194 56 27 ingå,
803 194 25 21 så
842 193 34 22 får
887 193 37 28 jag

94 223 159 21 vördsammast
275 222 40 21 hos
338 223 37 21 det
393 222 118 27 höglofliga
526 222 89 22 ståndet
629 223 80 21 föreslå
724 224 33 20 att
771 222 88 22 ståndet
873 223 51 21 ville

94 251 88 22 besluta
200 253 33 19 att
252 251 2 21 i
269 257 62 15 mom.
347 251 30 27 m)
391 251 68 28 jemte
474 251 152 22 bibehållande
641 251 24 22 af
678 251 119 22 detsamma
812 251 33 22 för
860 251 64 27 öfrigt

95 280 55 21 efter
165 280 66 21 orden
249 296 9 9 ,
261 280 67 21 måtte
344 279 22 22 af
380 280 130 22 ständerna"
527 281 28 26 på
569 282 51 19 näst
635 280 60 27 sista,
704 280 67 21 raden
781 280 36 21 må
825 280 99 27 tilläggas

98 309 60 26 med
175 308 101 22 afseende
291 309 13 20 å
319 309 128 22 ständernas
464 309 70 22 under
548 309 74 22 littera
637 309 23 27 d)
676 309 83 21 fattade
774 309 92 27 beslut",
876 315 48 15 men

96 338 99 21 deremot
213 337 95 28 punkten
327 338 23 27 b)
371 338 82 21 lemnas
476 340 53 19 utan
551 338 109 21 afseende.
689 338 44 27 Jag
752 338 96 21 anhåller
861 337 63 22 vörd-

96 369 104 20 sammast
215 373 34 15 om
264 366 118 22 understöd
398 367 21 21 åt
436 367 61 21 detta
513 367 156 22 amendement.

165 396 56 21 Herr
236 395 142 22 Järnefelt:
402 396 39 21 Att
455 396 110 21 utskottet
579 396 48 21 icke
642 395 97 22 förordat
753 395 36 22 det
805 395 7 21 i
827 395 98 22 Joensuu

97 425 98 26 förlagda
217 425 81 27 lyceets
319 425 132 26 utvidgning,
467 425 42 21 kan
523 425 38 27 jag
576 425 41 21 lätt
632 424 75 26 förstå,
724 424 27 21 då
763 424 38 27 jag
816 423 109 22 förmodar

97 455 33 19 att
144 453 111 21 utskottet
269 453 48 21 icke
332 452 47 22 haft
394 453 101 21 tillhands
514 454 26 20 de
556 453 109 27 uppgifter
676 459 34 15 om
720 452 150 26 förhållandet,
880 458 45 15 som

94 483 38 27 jag
154 481 48 22 haft
224 484 52 19 äran
298 481 125 28 framlägga.
455 482 75 22 Skulle
552 482 107 22 utskottet
674 482 110 26 verkligen
799 481 47 21 haft
861 481 65 21 dessa

96 510 110 28 uppgifter
223 510 32 22 till
270 510 76 26 hands,
362 511 42 21 kan
417 511 38 27 jag
470 510 34 22 för
519 511 44 21 min
579 511 34 21 del
629 511 48 21 icke
691 510 62 26 fatta,
768 510 56 22 huru
839 510 86 21 utskot-

97 541 33 20 tet
145 539 48 22 icke
209 539 68 22 skulle
293 539 64 22 hafva
371 540 50 21 sökt
437 540 131 21 åtminstone
583 540 68 26 några
665 539 97 22 hållbara
772 539 65 22 motiv
845 538 33 22 för
887 538 39 22 sitt

100 568 87 27 förslag.
217 568 63 22 Hvad
298 568 102 22 beträffar
423 568 170 28 anmärkningen
609 575 34 15 om
659 570 32 20 att
705 568 121 22 kostnaden
845 568 41 21 blir
902 568 24 20 så

99 599 52 25 stor,
169 597 28 21 då
211 597 24 21 så
250 598 78 26 många
342 597 99 22 läroverk
457 598 68 21 redan
540 600 37 19 äro
594 597 128 27 föreslagna,
738 597 35 21 vill
787 597 37 27 jag
835 597 91 21 besvara

99 627 41 21 den
163 626 88 22 dermed
274 628 33 20 att
327 626 33 22 för
376 626 37 22 det
427 626 70 22 första
512 626 122 22 kostnaden
650 626 32 22 för
697 628 34 20 tre
746 626 85 21 klasser
846 625 32 21 till
894 626 32 20 ett

98 654 213 22 förhandenvarande
326 655 99 21 läroverk
439 655 35 22 väl
489 655 49 22 icke
553 654 104 23 behöfver
671 661 52 15 vara
733 655 25 21 så
768 654 96 22 särdeles
873 655 52 25 stor,

100 684 48 21 icke
162 684 69 21 borde
246 684 71 21 alltför
331 684 86 27 mycket
433 686 66 26 tynga
515 684 42 22 ned
572 684 110 27 budgeten
697 684 33 21 för
745 684 82 26 skolan,
844 682 40 22 och
895 682 33 22 för

100 713 36 21 det
152 712 67 22 andra
233 712 64 22 beror
309 713 24 27 ju
349 713 87 27 slutliga
451 712 128 28 afgörandet
593 713 30 27 på
637 713 112 27 styrelsen,
766 712 40 22 och
821 712 107 28 styrelsen

99 742 63 21 torde
177 741 48 22 icke
241 741 80 21 inrätta
337 748 26 15 en
379 742 52 21 eller
446 748 71 15 annan
531 742 68 26 skola,
616 742 73 22 derest
704 742 47 21 icke
766 741 70 22 medel
851 740 76 26 finnes;

100 769 85 23 derföre
208 770 69 22 måste
294 777 49 15 man
359 770 137 22 underförstå
512 770 36 22 vid
563 771 43 21 alla
621 771 64 21 dessa
700 770 117 27 petitioner
832 771 32 20 att
879 775 49 15 man

101 799 78 27 begärt
194 799 83 21 skolors
293 799 122 21 inrättande
430 799 57 22 blott
502 800 7 20 i
525 800 49 21 mån
589 799 22 22 af
625 799 142 22 statsverkets
783 798 122 27 tillgångar.

169 828 56 21 Herr
244 834 41 15 von
304 828 134 21 Kraemer:
469 828 35 22 Då
522 828 37 28 jag
577 828 47 22 icke
639 828 42 22 kan
695 828 76 26 frångå
787 828 41 21 den
844 826 86 27 mening

101 857 38 27 jag
154 858 74 26 yttrat,
245 856 110 28 angående
370 857 97 21 Joensuu
483 857 74 21 skolas
573 857 132 27 utvidgning,
723 857 40 21 och
777 856 75 27 frågan
860 856 70 20 måste

101 891 64 16 anses
181 886 77 26 öppen,
275 885 102 22 eftersom
392 886 41 21 den
448 885 68 22 finnes
532 886 87 26 intagen
634 886 12 26 i]
655 886 38 22 det
700 887 100 25 moment,
811 885 89 21 hvarom
910 883 20 22 vi

100 921 30 15 nu
144 914 87 22 komma
247 916 32 20 att
294 916 80 25 votera,
391 914 140 28 anhåller
495 908 34 38 jag
539 914 22 22 få
568 914 74 22 förena
650 915 43 27 mig
701 914 49 22 med
757 914 50 22 herr
817 912 111 27 Järnefelt,

101 944 7 20 i
123 943 57 21 hvad
195 943 42 21 han
253 950 34 14 om
303 944 70 21 denna
387 944 62 21 skola
463 945 79 26 yttrat;
559 944 7 21 i
575 944 36 21 det
620 944 67 26 öfriga
696 943 22 22 af
725 944 60 21 detta
792 941 138 23 betänkande

101 971 86 22 förenar
199 971 37 28 jag
251 972 42 27 mig
308 972 50 21 med
372 972 50 21 herr
436 972 61 21 Rein.

170 1000 57 22 Herr
246 1001 155 26 Schauman,
421 1001 24 21 B.
465 1001 32 21 O.:
529 1001 42 27 Jag
588 1001 37 21 vill
645 1001 78 22 endast
737 1001 49 21 med
801 999 101 22 afseende
918 998 13 21 å

102 1029 76 27 frågan
201 1035 34 16 om
258 1029 37 22 det
318 1030 91 21 svenska
431 1030 72 27 lyceet
525 1030 7 21 i
554 1030 85 27 Kuopio
659 1030 89 27 tillägga
763 1029 32 22 till
810 1028 57 22 hvad
882 1027 50 22 herr

104 1058 54 21 Rein
174 1058 66 22 redan
255 1060 68 25 yttrat
337 1059 8 20 i
360 1058 73 27 saken,
450 1060 33 19 att
498 1059 71 21 denna
583 1059 91 26 petition
689 1058 103 28 förtjenar
807 1057 82 22 mindre
901 1056 30 21 af-

103 1087 80 22 seende
206 1089 27 19 än
253 1087 26 21 de
299 1087 72 27 andra,
387 1087 75 22 såvida
476 1087 43 22 den
534 1089 25 20 är
573 1087 141 22 framlemnad
729 1087 22 22 af
764 1089 79 20 tvenne
858 1091 73 21 repre-

103 1117 118 25 sentanter,
241 1121 46 16 som
307 1116 48 21 icke
373 1118 37 19 äro
432 1116 147 27 Kuopioboer,
600 1116 27 22 då
650 1116 98 22 deremot
768 1115 86 27 Kuopio
870 1114 61 21 stads

103 1144 69 27 begge
188 1146 174 25 representanter
377 1145 48 22 icke
441 1145 47 21 haft
503 1145 118 27 någonting
637 1147 33 20 att
683 1147 53 25 säga
751 1151 34 15 om
801 1145 70 20 denna
886 1143 45 21 sak.

103 1173 68 22 Detta
185 1173 48 21 ville
247 1173 37 28 jag
299 1173 56 22 blott
371 1173 75 22 anföra
460 1173 33 22 för
510 1174 40 21 den
565 1174 46 27 vigt
623 1174 38 27 jag
676 1174 74 27 lägger
764 1173 29 28 på
809 1173 26 21 de
845 1171 87 28 petitio-

104 1208 44 20 ner,
164 1202 73 21 hvilka
251 1201 108 23 föranledt
373 1202 155 22 betänkandet.
558 1203 63 21 Hvad
635 1203 98 21 Joensuu
743 1201 99 22 läroverk
852 1199 80 23 beträf-

104 1230 39 27 far,
164 1231 25 21 så
209 1237 51 15 vore
282 1231 37 22 det
334 1231 94 27 önskligt
443 1233 32 20 att
490 1231 51 22 herr
556 1231 116 22 Järnefelts
688 1231 81 27 förslag
784 1230 70 22 skulle
869 1229 65 22 vinna

105 1260 66 25 något
191 1259 66 28 gehör
276 1260 59 21 såväl
350 1260 7 21 i
373 1260 93 27 ståndet,
483 1266 47 15 som
544 1260 41 21 hos
600 1260 133 27 regeringen,
749 1266 48 15 men
810 1259 38 27 jag
863 1257 70 22 måste

104 1289 8 20 i
133 1289 61 20 detta
213 1287 101 23 afseende
329 1290 58 21 rätta
402 1289 43 27 mig
461 1289 55 22 efter
531 1288 164 23 förhållandena
711 1289 40 21 och
765 1287 118 28 tillstyrker
898 1288 35 19 ut-

105 1317 94 21 skottets
214 1317 143 22 betänkande.

175 1345 98 22 Friherre
290 1346 85 28 Boije:
405 1347 42 26 Jag
462 1346 98 22 anhåller
576 1347 77 21 endast
667 1346 22 22 få
703 1346 74 21 förena
791 1345 45 26 mig
852 1350 34 16 om
902 1345 32 20 ett

107 1375 78 21 sådant
207 1375 80 27 tillägg,
311 1381 46 15 som
379 1375 50 22 herr
449 1376 154 27 Björkenheim
622 1375 112 27 föreslagit
749 1375 6 20 i
771 1375 67 20 slutet
854 1373 22 21 af
889 1379 45 14 mo-

106 1405 88 24 mentet,
211 1403 25 22 så
251 1405 32 20 att
299 1403 54 22 efter
368 1405 62 20 ordet
446 1404 35 26 ,af
495 1405 130 21 ständerna"
643 1404 72 21 skulle
731 1403 79 22 införas
828 1401 63 28 ,med
903 1401 31 21 fä-

106 1432 60 21 stadt
181 1431 122 28 afseende",
319 1433 40 21 och
375 1433 26 21 de
417 1433 69 22 under
501 1433 99 27 punkten
613 1433 24 26 b)
653 1433 82 21 fattade
749 1432 102 21 besluten
866 1430 70 21 skulle

106 1461 83 21 lemnas
204 1462 53 20 utan
272 1461 107 21 afseende.

175 1489 57 21 Herr
247 1489 185 28 Godenhjelm:
449 1490 42 26 Jag
508 1490 96 22 önskade
619 1489 141 27 understödja
773 1488 120 28 petitionen
902 1492 34 16 om

106 1517 131 27 utvidgande
253 1518 22 21 af
288 1518 96 22 Joensuu
399 1519 99 22 läroverk
514 1519 7 21 i
537 1519 42 21 den
593 1518 61 27 form,
671 1524 46 16 som
731 1517 69 22 blifvit
814 1516 122 26 föreslagen

108 1546 23 21 af
147 1546 51 22 herr
213 1546 60 22 Rein.
304 1547 62 22 Hvad
381 1547 47 22 äter
443 1548 86 27 Kuopio
546 1547 92 22 svenska
652 1547 99 22 läroverk
764 1544 112 28 beträffar,
891 1546 46 20 tror
