1109 1739
431 127 39 17 Den
487 124 27 19 20
530 125 87 18 Oktober.
855 125 39 20 331

98 189 68 22 sådan
181 188 48 21 utaf
241 188 142 22 medellöshet
397 188 111 23 beroende
523 188 116 27 olägenhet
653 188 70 21 måste
735 188 105 27 afhjelpas
850 190 28 27 på
889 195 37 15 an-

97 219 38 20 nat
149 217 40 27 vis,
205 217 48 22 icke
269 217 129 27 derigenom,
417 220 34 19 att
465 217 163 27 lagstiftningen
644 217 91 21 inrättas
751 218 30 26 så,
798 219 33 20 att
847 218 79 22 obehö-

98 247 32 26 rig
149 248 67 25 tunga
235 246 52 21 eller
307 246 86 27 utskyld
412 247 76 26 lägges
508 247 28 26 på
552 246 40 21 den
609 253 40 14 ena
665 246 52 21 eller
732 247 67 20 andra
814 247 113 21 samhälls-

98 275 93 22 klassen.
221 275 39 21 Att
279 275 41 21 den
339 274 122 28 föreslagna
480 275 63 27 legan
564 275 70 21 skulle
653 281 52 15 vara
720 274 33 22 för
768 275 49 26 hög,
834 277 45 20 tror
890 276 38 27 jag

98 304 55 22 icke.
182 303 186 28 Penningevärdet
382 304 39 21 har
436 304 25 21 så
475 304 106 27 betydligt
596 303 61 27 fallit,
672 305 33 20 att
721 304 70 21 denna
805 304 49 27 lega
868 305 59 26 inga-

98 333 71 27 lunga,
187 333 66 21 sådan
270 333 41 21 den
327 334 24 19 är
365 333 129 26 föreslagen,
510 333 97 22 kommer
623 334 32 20 att
671 334 82 20 ersätta
768 334 82 26 tungan
865 333 29 27 på
902 339 26 16 en

100 362 33 21 del
149 363 64 26 orter,
230 361 38 22 der
282 362 96 21 rörelsen
394 364 23 19 är
433 363 77 25 större,
527 361 84 22 derföre
627 363 32 20 att
670 362 118 27 allmogens
799 362 75 21 hästar
884 362 45 21 fara

99 391 24 22 så
145 391 43 26 illa,
211 391 28 27 på
261 391 67 21 andra
351 392 57 20 orter
427 391 38 21 der
484 391 98 21 rörelsen
603 392 24 19 är
645 391 82 21 mindre
747 391 76 26 derför,
840 393 33 19 att
888 391 41 21 den

100 420 126 27 skjutsande
241 419 28 27 på
285 419 24 21 så
323 419 61 27 långt
399 419 88 21 afstånd
502 420 70 21 måste
587 419 80 21 infinna
683 419 33 27 sig
731 419 32 21 till
774 419 154 27 gästgifveriet,

100 448 40 22 och
154 448 66 22 likväl
235 447 103 28 förtjenar
352 448 82 27 ganska
449 448 49 22 litet
513 448 68 22 under
597 448 27 22 de
639 448 78 27 många
733 448 66 27 dagar
809 448 42 22 han
861 449 69 27 ligger

99 478 28 26 på
148 477 51 21 håll.
229 477 78 21 Kunna
329 477 162 22 vederbörande
514 477 125 27 skolgossar
658 477 49 21 icke
726 478 28 26 pä
771 477 99 27 billigare
885 478 44 21 sätt

98 506 87 22 komma
199 505 53 22 fram
268 508 27 19 än
310 506 49 21 med
375 506 76 28 skjuts,
468 506 25 22 så
508 506 86 22 bevisar
605 506 66 26 detta,
683 508 33 19 att
727 506 133 28 skjutslegan
870 506 59 27 inga-

99 536 66 21 lunda
182 541 51 15 vore
248 534 33 22 för
295 534 48 28 hög.
374 535 57 22 Vore
447 535 42 21 den
505 535 33 22 för
553 535 49 27 hög,
619 535 70 21 skulle
705 535 66 21 andra
786 536 92 26 utvägar
893 542 36 14 an-

99 564 58 22 litas.
187 564 34 22 De
238 563 65 22 hafva
318 564 65 22 också
398 564 81 21 funnits
495 564 64 26 förut,
577 565 24 20 så
616 565 33 20 att
663 564 126 27 skolgossar
803 564 7 21 i
827 565 26 21 de
868 564 63 22 flesta

100 593 60 22 delar
183 592 23 22 af
225 592 74 22 landet
321 593 68 27 aldrig
411 593 111 27 begagnat
544 593 129 27 skjutshäst,
696 595 53 19 utan
768 593 115 21 skickades
899 592 31 22 till

100 622 127 22 skolstaden
242 622 49 22 med
305 628 53 21 egen
374 622 50 21 häst
439 622 54 21 eller
507 622 51 27 legd
573 622 56 21 häst.
653 622 41 27 Jag
709 622 39 21 har
762 622 7 21 i
785 622 42 21 min
838 622 93 27 ungdom

100 653 46 19 rest
166 652 27 20 22
213 650 36 22 mil
269 650 50 22 med
337 650 104 22 forbonde
459 651 69 27 jemte
543 651 109 27 åtskilliga
666 657 69 21 varor,
752 657 46 15 som
813 651 43 21 han
870 650 61 22 förde

100 680 56 26 med,
179 680 33 21 till
231 680 132 22 skolstaden.
394 680 86 21 Sådana
499 682 93 25 utvägar
611 680 72 21 kunna
703 680 98 27 vidtagas
817 682 63 24 ännu,
898 686 34 15 om

102 708 135 28 skjutslegan
257 708 70 22 skulle
345 708 66 22 blifva
428 708 33 22 för
477 708 46 28 dyr,
538 715 50 15 men
601 709 37 27 jag
653 710 46 20 tror
715 709 36 21 det
766 709 83 27 ganska
864 709 67 21 sällan

102 738 55 21 skall
173 737 90 27 inträffa,
281 738 40 21 och
337 738 60 21 detta
411 737 59 22 visar
484 738 118 27 ingalunda
617 739 32 20 att
665 738 134 27 skjutslegan
810 740 25 19 är
844 737 33 22 för
888 738 44 27 dyr.

101 767 51 21 Man
167 766 44 22 kan
226 766 99 22 använda
338 772 81 16 samma
434 773 160 21 resonnemang
609 767 29 27 på
649 767 67 21 andra
727 766 88 22 anförda
825 766 43 22 fall.
891 766 41 22 För

102 795 133 22 närvarande
249 796 110 26 begagnas
375 795 70 27 aldrig
460 796 84 21 sådana
559 797 98 25 utvägar,
673 802 46 15 som
735 798 32 19 att
781 796 50 26 lega
841 796 50 20 häst
900 795 33 21 för

102 824 74 28 längre
191 830 67 21 resor,
275 824 40 22 och
328 824 37 28 jag
381 826 45 20 tror
442 824 26 22 de
484 824 50 22 icke
548 824 69 22 heller
632 825 85 21 komma
732 826 33 20 att
779 825 109 26 begagnas
898 824 35 21 vid

103 854 41 21 den
166 853 123 27 föreslagna
311 853 140 27 skjutslegan.
482 853 44 27 Jag
548 854 39 21 ber
609 855 57 19 ännu
689 853 22 22 få
728 854 94 27 tillägga,
847 855 33 20 att
896 853 38 27 jag

103 882 70 22 skulle
188 888 52 16 anse
256 882 37 22 det
311 882 67 21 redan
397 888 51 15 vara
468 888 27 15 en
515 882 47 22 half
579 882 84 22 lättnad
685 882 33 22 för
741 883 36 21 det
799 882 71 26 stånd,
888 888 46 15 som

102 911 40 21 har
162 912 33 20 att
209 911 54 21 bära
277 912 88 26 tungan,
382 917 34 15 om
432 911 90 21 ståndet
536 912 51 26 såge
603 912 187 26 tillmötesgående
805 912 40 21 hos
860 911 26 21 de
903 910 31 22 öf-

103 940 47 27 riga
172 939 98 27 stånden,
294 940 40 21 och
356 940 57 21 hade
436 940 40 21 den
500 940 86 27 glädjen
607 942 32 19 att
658 940 131 22 återkomma
803 940 47 21 från
865 940 70 21 landt-

104 969 69 50 dagen
195 969 49 21 med
265 968 143 28 förhoppning
431 975 34 15 om
487 970 34 20 ett
536 969 79 22 sådant
635 969 126 27 stadgande,
781 975 47 16 som
848 968 88 22 ståndet

105 1003 84 16 önskar.

173 1025 57 22 Herr
245 1026 96 21 Taube:
357 1026 56 22 Herr
427 1026 154 28 Björkenheim
598 1026 89 22 anförde
698 1027 37 21 det
746 1027 101 27 exempel,
860 1027 32 20 att
902 1032 34 15 om

105 1055 37 22 två
160 1061 104 21 personer
282 1061 50 16 resa
350 1055 50 22 med
418 1055 92 27 bagage,
535 1056 26 21 så
581 1055 69 22 skulle
670 1056 26 21 de
712 1056 47 21 icke
774 1055 22 22 få
811 1055 42 22 åka
866 1055 29 27 på
910 1061 26 15 en

105 1085 51 20 häst
171 1083 40 22 och
226 1083 63 22 hafva
304 1084 95 27 bagaget
414 1085 29 26 på
457 1085 41 20 den
515 1085 68 21 andra
597 1085 83 21 hästen.
711 1085 42 26 Jag
767 1086 46 20 tror
827 1084 110 27 ingenting

106 1113 88 21 hindrar
214 1113 83 26 sådant,
318 1114 23 26 ty
361 1113 41 22 den
419 1119 40 16 ena
474 1113 72 22 skulle
563 1113 91 27 troligen
670 1114 53 21 köra
739 1113 48 28 sjelf
801 1114 40 21 och
857 1113 80 27 skjuts-

106 1141 74 22 karlen
199 1141 54 22 köra
270 1141 99 27 bagaget.
399 1142 33 21 De
448 1142 69 21 andra
534 1144 112 25 argument
661 1149 45 14 som
721 1142 50 22 herr
785 1141 152 28 Björkenheim

106 1170 104 22 framlade
233 1176 34 15 om
290 1171 149 27 skolungdom,
463 1171 27 21 de
512 1173 38 20 äro
571 1171 24 21 så
613 1171 77 27 många
706 1171 80 27 gånger
801 1171 138 26 framdragna

108 1199 40 22 och
163 1199 136 27 vederlagda,
317 1201 32 20 att
365 1200 70 21 denna
449 1199 52 22 herr
512 1200 163 28 Björkenheims
687 1200 40 21 och
738 1201 25 20 så
772 1201 78 26 många
861 1199 77 22 andras

108 1228 75 22 cheval
199 1227 26 22 de
240 1228 87 21 bataille
342 1228 6 21 i
364 1228 257 28 hållskjutsningsfrågan
636 1229 48 22 icke
699 1229 73 21 vidare
782 1229 68 22 borde
860 1229 79 26 begag-

108 1263 44 16 nas.
183 1257 63 21 Hvad
265 1256 102 23 beträffar
383 1257 104 28 dyrheten
508 1257 24 22 af
549 1257 42 22 den
605 1257 48 22 utaf
667 1257 162 22 Bondeståndet
844 1257 96 27 begärda

109 1286 140 27 skjutslegan,
273 1286 24 21 så
317 1286 75 21 tackar
409 1286 39 27 jag
465 1286 52 21 herr
537 1286 109 22 Snellman
664 1287 33 21 för
712 1287 27 21 de
754 1287 38 21 ord
807 1286 43 21 han
865 1287 74 26 yttrat.

109 1315 41 26 Jag
169 1316 46 20 tror
234 1314 47 22 icke
301 1315 70 26 någon
391 1315 54 21 skall
465 1317 55 25 säga
536 1317 33 20 att
583 1315 68 28 priset
667 1318 23 19 är
705 1315 32 22 för
752 1316 90 27 mycket.
873 1314 68 23 Hvem

109 1343 37 22 vill
160 1343 65 22 hafva
240 1343 65 27 något
320 1344 32 21 till
368 1344 97 21 skänks?
488 1344 79 27 Ingen;
588 1344 40 21 och
643 1344 65 22 likväl
724 1346 24 19 är
764 1344 40 22 den
821 1343 121 28 skjutslega

110 1372 19 22 vi
145 1371 64 22 hafva
224 1372 39 21 bra
277 1373 60 26 långt
353 1372 54 21 ifrån
423 1374 33 20 att
472 1375 85 19 ersätta
572 1373 56 21 hvad
644 1373 97 27 skjutsen
757 1373 81 26 kostar,
854 1373 40 21 och
908 1373 33 20 så-

110 1401 60 22 ledes
193 1401 41 21 blir
256 1403 33 19 ett
303 1403 56 19 stort
375 1401 121 22 öfverskott
517 1402 33 21 till
571 1402 80 21 skänks
672 1402 23 21 åt
710 1402 41 21 den
765 1401 100 23 resande.
895 1401 48 21 Den

111 1429 120 28 skjutslega
245 1436 46 15 som
307 1429 37 22 det
359 1429 116 28 höglofliga
491 1430 90 22 ståndet
596 1431 101 26 bestämt,
713 1431 80 21 lemnar
809 1430 67 22 också
892 1430 51 27 godt

110 1460 107 26 utrymme
231 1458 33 22 för
279 1465 26 15 en
321 1459 75 21 skänk.
426 1459 215 27 Hållskjutsningens
657 1459 189 27 upprätthållande
859 1465 38 14 var
911 1458 33 21 för

112 1487 38 27 dyr
164 1486 34 22 för
213 1488 71 20 staten
300 1487 41 21 och
355 1493 50 15 man
420 1487 73 27 tyckte
510 1488 35 20 att
561 1487 41 21 den
614 1488 102 26 enskilde,
729 1494 45 15 som
784 1487 94 23 behöfde
888 1493 55 20 resa,

112 1516 48 21 icke
175 1515 68 22 heller
257 1516 72 21 kunde
345 1516 73 21 betala
429 1515 24 22 så
463 1515 90 28 mycket
564 1522 47 16 som
621 1517 98 27 skjutsen
729 1517 123 26 verkeligen
862 1515 81 27 kostar;

113 1544 72 22 derför
204 1544 45 22 blef
266 1544 150 28 skjutsningen
435 1544 50 28 lagd
506 1544 30 27 på
548 1544 85 28 jorden,
650 1546 67 21 ehuru
733 1545 47 21 icke
795 1546 70 26 någon
881 1544 7 21 i
904 1544 40 22 den
