1109 1739
391 156 39 18 Den
447 154 26 19 20
490 155 89 19 Oktober.
838 155 38 20 291

79 217 186 28 Borgareståndet
286 218 7 21 i
315 219 201 26 protokollsutdrag
538 218 23 21 af
575 219 41 21 den
633 220 24 19 11
675 219 80 21 dennes
771 219 32 21 till
819 219 90 22 Ridder-

80 247 79 27 skapet
182 247 41 22 och
245 247 69 21 Adeln
337 247 126 22 meddelade
479 247 128 28 inbjudning
622 249 38 25 att,
676 247 50 22 med
741 247 131 28 frångående
888 247 24 22 af

82 276 62 21 deras
160 275 59 22 förra
235 275 79 27 beslut,
337 275 75 22 förena
426 276 34 27 sig
475 282 36 15 om
528 277 37 20 det
579 276 79 26 beslut,
674 276 61 21 hvari
751 276 26 22 de
794 278 32 20 tre
842 277 69 26 öfriga

80 305 93 21 stånden
197 306 88 20 stannat
307 304 134 22 beträffande
463 305 168 26 Lagutskottets
648 305 262 27 sammanjemkningsför-

81 333 47 27 slag
150 333 7 21 i
173 333 115 27 anledning
303 333 23 22 af
339 333 79 27 nådiga
433 333 170 27 propositionen,
621 334 112 26 angående
749 334 126 27 utvidgning
890 333 22 22 af

80 362 81 21 valrätt
184 362 40 22 och
247 362 113 22 valbarhet
378 362 32 21 till
425 362 168 27 landtdagsman
608 362 7 21 i
630 362 190 27 Borgareståndet,
836 362 75 22 nemli-

81 397 42 20 gen
139 393 33 20 att
187 391 116 27 godkänna
317 391 67 27 sagde
401 390 306 28 sammanjemkningsförslag.

150 420 100 21 Friherre
273 420 102 26 Wrede,
399 420 90 26 August,
515 420 67 21 utbad
605 420 34 26 sig
660 420 69 21 första
744 420 59 21 talan
818 420 7 21 i
842 420 70 21 denna

81 447 62 28 fråga
166 448 39 22 och
228 448 95 28 yttrade:
353 448 34 22 Då
409 448 60 22 såväl
485 448 43 22 den
543 448 80 27 nådiga
638 448 163 28 propositionen
816 449 7 21 i
840 449 72 21 ämnet

83 483 46 15 som
145 477 196 27 Borgareståndets
364 477 126 27 inbjudning
506 476 59 22 afser
580 479 33 19 att
628 477 150 21 åstadkomma
793 477 118 27 likformig-

81 506 39 21 het
142 506 91 21 emellan
257 508 26 19 12
299 506 11 27 $
325 506 7 21 i
347 506 23 21 L.
387 506 25 21 O.
429 506 41 21 och
491 506 191 27 bestämningarna
697 506 6 21 i
719 506 80 27 nådiga
813 505 99 28 proposi-

82 534 74 22 tionen
180 541 34 15 om
236 535 129 26 näringarna
380 535 7 21 i
401 535 81 26 landet,
503 541 48 15 men
569 535 60 21 detta
643 535 42 21 mål
703 535 66 27 enligt
784 535 43 21 min
844 536 68 20 öfver-

82 563 84 27 tygelse
182 570 89 15 numera
285 564 94 26 lagligen
394 564 56 21 blott
464 564 44 21 kan
524 564 75 21 vinnas
616 564 124 26 derigenom
756 565 32 20 att
805 563 105 27 ifrågava-

82 592 68 22 rande
164 592 103 27 paragraf
280 592 6 21 i
302 592 23 21 L.
343 592 24 21 O.
385 592 163 22 omformuleras
565 592 66 27 enligt
646 592 119 22 utskottets
775 592 138 22 betänkande

82 620 8 22 i
106 621 26 21 de
150 621 60 21 delar
225 622 60 20 detta
300 621 137 21 betänkande
454 621 22 21 af
490 622 43 20 alla
547 621 47 28 fyra
610 622 64 20 stånd
689 621 76 21 fattats
783 621 39 21 och
838 621 7 21 i
856 621 57 21 åter-

84 650 92 21 stående
192 650 59 21 delar
266 650 54 22 efter
335 656 29 15 nu
379 650 119 22 bestående
515 650 41 26 lag,
572 650 66 27 vågar
644 650 38 27 jag
692 650 158 22 vördsammast
857 649 56 22 före-

84 678 39 25 slå,
144 680 33 20 att
199 679 160 26 Ridderskapet
381 679 40 21 och
444 679 70 21 Adeln
536 679 51 21 ville
602 679 75 27 frångå
692 679 39 21 sitt
745 678 58 22 förra
819 678 72 22 beslut
906 678 8 21 i

84 706 82 28 frågan,
191 708 70 21 såvidt
285 708 60 21 detta
361 707 73 22 beslut
449 707 118 22 innefattar
583 714 26 15 en
623 708 151 26 utsträckning
789 707 33 21 för
837 706 76 22 frälse-

84 738 49 19 män
150 736 40 21 och
205 736 138 22 medlemmar
359 736 22 21 af
395 736 166 22 Presteständet
576 736 23 22 af
612 736 79 22 valrätt
707 736 32 21 till
748 736 166 26 landtdagsman

84 764 7 21 i
106 764 191 28 Borgareståndet,
312 765 40 21 och
368 766 32 20 att
416 765 91 21 ärendet
523 765 69 21 skulle
608 764 64 22 blifva
688 764 184 22 återremitteradt
882 764 32 21 till

84 793 162 27 Lagutskottet,
270 800 46 15 som
339 794 28 21 då
386 794 54 27 egde
456 794 109 21 inkomma
580 794 50 21 med
646 795 32 20 ett
693 793 100 27 förnyadt
808 799 106 15 samman-

82 822 213 27 jemkningsförslag,
318 822 67 27 bygdt
406 822 29 27 på
458 822 97 28 antydda
570 822 98 27 grunder.
699 822 130 27 Paragrafen
845 821 69 22 skulle

86 851 28 21 då
128 850 22 22 få
165 851 42 21 den
222 851 81 27 lydelse
319 851 147 21 betänkandet
480 851 120 27 föreslagit,
616 853 59 19 utom
691 857 62 15 mom.
771 853 18 25 3,
799 857 46 15 som
854 850 60 22 kom-

85 886 34 15 me
135 882 33 19 att
182 880 51 27 lyda
247 880 89 27 ungefär
351 880 102 21 sålunda:
472 880 94 26 ,valrätt
576 880 130 21 tillkommer
714 880 57 21 icke:
788 879 78 27 gvinna
874 878 40 28 gift

87 908 53 22 eller
154 908 65 27 ogift;
236 909 41 21 den
292 908 115 22 frälseman
423 908 40 22 och
478 909 94 21 medlem
588 908 22 22 af
623 908 170 26 Presteståndet,
810 914 46 15 som
868 908 48 21 icke

86 939 24 19 är
125 938 164 26 skeppsredare,
305 937 158 22 fabriksidkare
486 938 54 21 eller
555 938 75 21 idkare
646 937 22 21 af
687 937 66 27 yrken
767 937 29 26 på
811 936 69 27 grund
896 935 22 22 af

86 965 108 22 särskilda
208 966 122 27 privilegier
346 966 41 21 och
403 966 17 27 ej
437 966 69 21 heller
523 966 105 21 ordinarie
646 966 148 26 borgmästare
806 965 52 21 eller
866 964 49 21 råd-

86 1001 49 15 man
150 995 7 20 i
173 995 70 21 stad".
273 995 41 26 Jag
331 996 46 20 tror
392 997 32 18 att
437 995 50 21 med
504 995 61 21 detta
579 994 81 27 förslag
675 995 38 20 det
727 994 82 26 hinder,
825 999 47 16 som
889 994 26 20 12

86 1023 12 27 $
114 1029 64 16 anses
193 1023 111 28 uppställa
319 1025 58 20 emot
392 1023 135 27 antagandet
541 1023 23 22 af
577 1023 158 26 näringslagen,
745 1022 69 22 skulle
825 1021 91 22 förfalla.

154 1052 57 22 Herr
234 1052 157 27 Schauman,
411 1052 97 27 August:
538 1052 11 21 I
571 1052 70 21 likhet
662 1051 49 22 med
731 1051 90 22 friherre
836 1050 80 22 Wrede

85 1081 70 22 måste
166 1081 45 27 jag,
227 1081 90 22 oaktadt
331 1081 200 26 Borgareståndets
550 1087 30 15 nu
595 1081 76 27 gjorda
692 1079 133 28 inbjudning,
841 1078 75 22 fortfa-

85 1109 67 22 rande
174 1111 105 20 motsätta
301 1109 43 28 mig
364 1109 335 28 sammanjemkningsförslagets
716 1108 128 27 antagande.
875 1107 42 27 Jag

86 1138 79 22 förstår
187 1138 126 27 visserligen
336 1140 33 19 att
393 1138 94 21 erkänna
508 1138 27 21 de
551 1138 72 26 motiv,
640 1144 46 15 som
701 1137 155 27 Lagutskottet
870 1136 47 21 haft

86 1167 33 22 för
133 1169 33 19 att
180 1167 49 22 icke
248 1167 79 21 föreslå
349 1167 117 27 kejserliga
481 1167 176 27 propositionens
673 1165 122 28 antagande
811 1167 53 20 utan
879 1165 38 20 nå-

87 1202 41 21 gon
144 1195 96 27 ändring,
255 1202 49 15 men
321 1202 33 15 om
370 1202 49 15 man
434 1195 40 22 har
490 1195 49 21 skäl
556 1197 33 19 att
603 1195 48 22 icke
662 1195 50 27 vilja
722 1193 107 28 medgifva
838 1193 80 22 valrätt

87 1225 33 20 till
134 1224 185 27 Borgareståndet
335 1224 22 21 åt
373 1224 42 21 alla
430 1224 34 21 till
479 1224 165 21 stadskommun
667 1223 96 22 hörande
779 1222 139 22 medlemmar

87 1253 49 21 utaf
149 1253 160 27 Ridderskapet
325 1253 40 21 och
380 1253 69 20 Adeln
464 1253 43 21 och
523 1253 169 25 Presteståndet,
709 1252 25 21 så
748 1252 57 21 hade
821 1251 37 20 det
869 1250 48 21 der-

86 1281 46 22 före
155 1281 40 22 alls
218 1281 48 22 icke
289 1282 56 21 varit
362 1281 33 22 för
409 1281 158 27 Lagutskottet
582 1281 76 27 nödigt
674 1282 32 20 att
721 1279 54 22 ifrån
791 1279 80 22 valrätt
885 1278 33 21 till

86 1310 187 27 Borgareståndet
287 1310 97 22 utesluta
399 1310 26 21 de
441 1310 142 21 medlemmar
605 1309 23 22 af
641 1309 27 22 de
683 1309 36 21 två
735 1308 68 22 första
818 1307 100 27 stånden,

88 1345 46 15 som
148 1339 77 21 hittills
242 1339 87 27 åtnjutit
349 1339 40 21 och
414 1340 57 19 ännu
487 1339 86 26 åtnjuta
589 1339 70 20 denna
673 1337 86 22 valrätt.
790 1337 43 22 Det
848 1335 69 22 finnes

87 1367 107 27 nemligen
211 1374 26 15 en
251 1367 86 28 mycket
352 1367 42 21 lätt
409 1369 66 24 utväg
490 1367 36 21 för
541 1369 32 19 att
587 1367 96 27 utjemna
699 1366 41 21 den
762 1364 156 29 skiljaktighet,

88 1402 46 15 som
155 1396 101 27 uppstått
271 1397 7 20 i
293 1396 74 27 frågan
391 1395 92 22 emellan
506 1395 162 27 Ridderskapet
690 1395 41 21 och
752 1394 68 22 Adeln
836 1393 41 22 och
892 1393 27 32 de

88 1425 69 26 öfriga
173 1425 98 21 stånden.
301 1425 76 21 Denna
399 1426 66 25 utväg
487 1424 42 21 har
547 1424 66 21 också
629 1423 69 22 blifvit
711 1423 127 21 framhållen
851 1422 47 27 just
912 1428 8 15 i

88 1453 187 27 Borgareståndet
298 1453 39 22 och
361 1453 38 21 der
421 1453 76 21 vunnit
521 1453 119 21 understöd
663 1451 22 22 af
705 1451 51 22 flere
779 1451 75 25 talare,
870 1456 50 15 men

89 1482 100 21 ståndets
211 1481 112 27 pluralitet
345 1481 40 21 har
406 1480 71 22 funnit
499 1480 35 22 för
551 1480 52 27 godt
618 1482 31 20 att
666 1480 37 22 det
719 1479 90 22 oaktadt
823 1479 54 27 yrka
890 1478 31 32 på

88 1510 268 22 utskotts-betänkandets
373 1509 145 22 oförändrade
535 1509 122 26 antagande
673 1508 40 22 och
727 1508 98 21 beslutat
841 1508 33 20 att
889 1512 31 15 in-

88 1538 66 27 bjuda
177 1538 161 27 Ridderskapet
361 1538 40 21 och
421 1538 69 21 Adeln
515 1538 33 21 till
569 1539 32 19 ett
622 1536 131 28 frångående
773 1536 23 21 af
810 1536 39 21 sitt
863 1534 59 22 förra

88 1566 78 22 beslut.
199 1567 47 21 Den
262 1566 95 28 antydda
373 1568 100 24 utvägen,
488 1566 88 22 hvilken
593 1566 72 21 såsom
678 1566 37 26 jag
730 1564 99 26 nämnde,
846 1564 7 20 i
868 1563 54 21 Bor-
