1109 1739
433 119 39 18 Den
490 117 26 18 23
534 119 87 18 Oktober.
870 118 39 20 357

115 182 59 21 antal
197 181 120 28 petitioner,
341 187 46 16 som
409 182 36 22 vid
469 181 71 22 denna
562 182 103 27 landtdag
684 181 70 23 blifvit
773 182 120 22 inlemnade
908 182 32 21 uti

114 210 121 28 skolfrägor
257 210 47 21 frän
327 212 76 20 nästan
423 211 42 21 alla
485 211 60 21 delar
563 211 24 21 af
599 211 80 26 landet,
695 211 70 22 mäste
779 211 36 22 väl
830 211 110 28 öfvertyga

115 246 27 15 en
157 239 60 27 hvar,
234 241 33 20 att
282 239 37 21 det
334 239 40 22 här
387 241 24 20 är
426 239 61 27 fräga
503 245 34 16 om
552 240 119 27 nägonting
686 239 47 22 helt
748 241 72 25 annat,
838 241 26 20 än
875 241 27 21 dä
913 247 26 14 en

115 269 144 21 ödemarksbo
275 270 74 20 senast
364 270 37 25 tog
416 269 33 26 sig
464 268 239 22 talanihufudstadens
711 268 227 23 teaterförhällanden.

114 297 47 22 Här
184 299 24 20 är
229 297 37 21 det
288 297 47 22 icke
357 297 68 22 heller
444 296 62 28 fräga
526 303 41 21 om,
584 299 32 20 att
631 297 50 28 vilja
696 298 103 27 pätvinga
813 297 83 22 finskan
912 298 26 21 de

114 326 94 22 svenska
223 326 87 21 talande
325 326 8 21 i
347 326 80 26 ländet,
443 327 53 20 utan
512 327 38 21 det
565 329 24 19 är
603 327 41 21 den
654 327 79 21 talrika
741 326 70 22 finska
819 326 119 22 befolknin-

114 361 41 21 gen
176 361 46 16 som
243 355 76 21 endast
337 355 73 27 begär,
427 356 32 20 att
473 355 28 27 pä
516 355 39 22 sitt
571 357 50 26 eget
636 355 66 28 spräk
717 355 65 22 blifva
798 355 105 27 delaktigt
918 355 22 22 af

113 384 136 27 bildningens
265 383 88 22 frukter.
384 384 43 21 Det
443 386 24 19 är
483 385 33 20 ett
530 384 47 22 helt
592 384 44 21 folk
652 390 47 16 som
715 391 77 20 genom
807 385 49 21 sina
866 391 72 20 repre-

114 414 113 20 sentanter
246 419 65 21 ropar
329 413 28 26 pä
373 413 49 27 ljus,
439 419 59 15 mera
513 413 50 27 ljus.
593 413 56 21 Från
665 413 70 21 denna
749 413 66 26 högre
831 414 107 21 allmänna

114 442 109 27 synpunkt
243 447 63 21 synes
326 441 43 27 mig
387 440 149 28 föreliggande
550 441 62 28 fräga
627 442 53 22 böra
695 442 118 27 betraktas,
829 442 47 22 icke
891 442 47 21 frän

114 471 42 21 den
179 472 87 25 trängre
289 470 52 22 eller
363 470 154 27 spräkfrägans
539 471 77 21 allena.
646 471 51 21 Man
719 471 69 21 mäste
811 471 69 22 lemna
903 472 34 20 ut-

114 500 85 21 skottet
215 499 41 22 den
271 499 95 27 rättvisa,
383 501 34 19 att
432 499 37 21 det
483 500 30 26 pä
528 500 62 21 sidan
606 502 26 19 55
649 499 23 22 af
685 500 39 21 sitt
734 500 136 22 betänkande
880 500 57 22 klar-

112 528 59 27 ligen
193 528 80 22 uttalat
295 528 69 22 denna
386 528 108 21 allmänna
516 528 115 28 synpunkt.
661 529 51 21 Man
734 529 56 21 hade
811 529 27 21 dä
856 530 82 20 kunnat

113 558 84 26 hoppas
218 559 33 19 att
273 557 113 26 utskottet,
407 557 110 27 utgäende
537 557 47 22 frän
603 558 25 21 sä
647 558 80 26 riktiga
742 558 39 21 och
797 558 68 22 breda
879 564 57 22 vyer,

112 586 50 22 icke
178 586 69 22 skulle
262 586 85 21 komma
361 586 32 21 till
409 587 33 20 ett
457 586 80 22 sädant
550 586 61 22 klent
626 586 98 22 resultat.
755 587 50 21 Men
820 587 61 21 detta
894 586 42 22 för-

112 616 74 20 klarar
208 615 33 27 sig
264 614 61 22 deraf
345 616 33 20 att
397 615 109 21 utskottet
522 617 77 25 genast
613 616 28 26 pä
657 616 71 21 denna
743 622 82 15 samma
840 616 47 21 sida
902 618 34 24 55,

113 644 25 22 sä
161 645 33 21 att
215 646 53 24 säga
287 643 147 28 hufvudstupa
452 644 76 22 kastat
542 644 33 27 sig
590 645 54 21 midt
658 644 7 22 i
681 644 148 28 spräkstriden
843 645 40 21 och
898 646 39 26 gör

112 673 34 27 sig
164 675 33 20 ett
213 672 97 28 ofantligt
324 673 78 21 hesvär
416 673 50 21 med
482 674 34 20 att
530 673 83 21 utfinna
627 673 71 22 medel
713 674 28 26 pä
755 674 57 21 hvad
827 675 45 20 sätt
886 680 51 15 man

112 702 52 21 bäst
184 702 40 21 och
243 702 76 21 lättast
338 702 72 21 kunde
431 702 46 21 lära
497 702 28 22 de
545 702 93 22 svenska
659 702 87 22 talande
761 702 76 27 finska,
853 702 40 22 och
910 703 26 21 de

111 730 72 22 finska
205 730 87 22 talande
314 732 32 20 att
363 730 7 22 i
386 730 30 22 tal
431 731 41 21 och
488 730 62 22 skrift
566 731 98 21 använda
680 731 98 27 svenska,
794 731 92 21 likasom
902 738 33 15 om

112 760 43 21 alla
174 760 64 21 dessa
252 759 116 27 petitioner
384 759 47 22 icke
446 760 70 21 skulle
531 760 64 22 hafva
610 760 113 22 innehällit
737 760 118 27 nägonting
870 762 65 20 annat

112 790 28 20 än
162 789 67 21 detta.
259 788 162 27 Otvifvelaktigt
443 790 24 20 är
491 789 37 21 det
550 789 84 27 vigtigt,
655 790 33 20 att
703 789 72 27 hvarje
791 788 73 22 bildad
878 788 57 22 finne

111 817 34 22 väl
160 817 82 22 känner
257 817 84 21 landets
357 817 56 22 båda
428 817 73 27 språk,
518 824 49 15 men
583 818 38 22 det
635 818 83 22 fordras
734 818 34 22 väl
783 817 24 22 af
820 824 27 15 en
861 818 74 21 bildad

110 852 51 16 man
175 846 50 22 vida
240 852 65 20 mera,
321 848 26 19 än
363 848 33 19 att
411 846 145 22 obehindradt
571 847 100 27 uttrycka
686 847 33 27 sig
734 847 28 27 pä
771 848 79 20 tvenne
858 848 77 26 tungo-

110 875 50 21 mäl.
190 876 44 20 Det
256 877 24 19 är
296 875 47 27 just
362 875 64 21 dessa
443 874 69 28 öfriga
529 876 208 27 bildningselement,
757 876 72 22 hvilka
844 876 38 27 jag
898 882 36 16 an-

112 910 35 15 ser
163 905 33 20 att
210 904 174 27 petitionärerne,
401 904 45 21 deri
461 904 91 27 kraftigt
567 904 148 22 understödde
731 904 22 22 af
763 906 171 26 reservanterne,

110 933 81 26 begära
213 932 33 22 för
269 933 41 21 den
331 932 68 22 finska
421 933 89 21 talande
530 933 64 22 delen
609 933 22 22 af
644 934 108 21 nationen.
782 934 43 21 Det
841 936 23 19 är
879 934 53 26 icke,

111 961 68 27 enligt
201 961 43 22 min
259 961 62 27 äsigt,
341 967 76 20 genom
433 963 33 20 att
481 961 89 22 försöka
584 962 102 27 pätvinga
701 961 83 22 finskan
801 963 26 20 de
842 963 92 21 svenska

111 990 86 21 talande
219 990 8 21 i
249 990 79 27 landet,
345 991 51 21 eller
414 992 100 25 tvertom,
531 991 48 22 icke
594 991 67 22 heller
677 997 76 21 genom
767 991 80 27 nådiga
861 991 73 27 påbud

111 1019 40 21 och
170 1019 148 27 förordningar
337 1025 34 16 om
389 1019 36 22 det
444 1026 40 15 ena
501 1020 52 21 eller
569 1021 67 20 andra
651 1020 98 27 spräkets
764 1020 80 27 lagliga
857 1020 77 27 rättig-

109 1048 69 26 heter,
202 1054 46 15 som
270 1054 49 15 man
341 1048 56 21 skall
411 1049 86 20 komma
515 1049 33 21 till
563 1049 71 26 mälet,
650 1051 53 19 utan
718 1049 37 21 det
769 1051 25 19 är
809 1055 77 20 genom
902 1051 32 19 att

109 1077 82 22 bereda
206 1077 37 21 det
257 1076 69 22 finska
341 1077 116 22 elementet
471 1077 86 22 tillfälle
572 1078 33 21 till
621 1084 26 15 en
661 1077 67 28 högre
743 1077 102 28 bildning,
857 1084 76 20 genom

110 1107 33 20 att
162 1106 45 21 läta
227 1105 37 22 det
284 1105 57 28 sjelft
361 1106 75 21 arbeta
456 1106 34 27 sig
508 1106 59 22 fram.
599 1107 43 21 Det
657 1108 24 20 är
697 1107 67 21 denna
779 1108 40 26 väg
836 1113 45 15 som
895 1107 38 27 jag

109 1134 34 22 för
158 1135 43 21 min
217 1135 34 21 del
267 1141 63 16 anser
345 1134 32 22 för
393 1135 41 22 den
450 1135 57 22 enda
521 1137 67 26 rätta;
605 1136 37 21 det
657 1138 24 19 är
696 1135 69 22 denna
780 1137 42 25 väg
837 1141 47 16 som
894 1136 40 21 här

109 1163 70 22 blifvit
193 1163 96 28 utpekad
305 1163 40 22 och
361 1170 46 15 som
423 1164 72 21 derför
512 1164 67 27 enligt
593 1164 43 21 min
652 1165 56 26 äsigt
722 1164 39 22 bör
777 1165 89 26 öppnas.
889 1165 45 21 Det

109 1192 118 27 höglofliga
246 1192 86 22 ständet
351 1193 40 21 har
411 1193 50 21 med
475 1193 115 22 markerad
605 1193 85 28 välvilja
705 1193 100 28 upptagit
820 1193 41 22 den
877 1193 56 22 enda

109 1221 98 27 petition,
223 1227 46 16 som
283 1221 8 22 i
307 1222 63 21 dessa
384 1221 72 27 frägor
470 1221 71 23 blifvit
555 1222 40 21 hos
611 1222 88 21 ständet
713 1222 117 27 inlemnad;
847 1222 37 21 det
894 1222 39 21 har

110 1251 129 26 sedermera,
256 1251 27 21 dä
297 1250 74 27 frågan
386 1250 87 28 tillföljd
489 1251 23 21 af
520 1253 31 20 ett
563 1251 152 27 mellanfall
688 1246 23 37 pä
722 1253 48 26 nytt
777 1251 90 26 förevar,
876 1251 57 21 visat

110 1279 38 22 sitt
163 1279 128 27 deltagande
306 1279 32 22 för
354 1280 130 26 densamma,
503 1280 40 21 och
555 1280 38 27 jag
608 1280 65 27 vägar
688 1280 69 21 uttala
773 1280 42 21 den
830 1279 101 28 förhopp-

109 1308 51 27 ning
180 1310 33 19 att
229 1308 100 21 Finlands
345 1308 136 27 Ridderskap
499 1309 40 21 och
554 1309 56 21 Adel
625 1308 62 23 äfven
702 1315 35 20 nu,
753 1311 40 19 när
807 1307 124 23 hufvudfrä-

109 1343 42 21 gan
171 1337 96 22 kommer
289 1337 32 21 till
343 1337 123 27 afgörande,
483 1337 49 22 icke
548 1337 55 22 skall
618 1338 114 21 underläta
747 1339 32 20 att
793 1338 47 21 visa
854 1337 78 22 tillmö-

108 1366 119 27 tesgäende
248 1365 33 22 för
303 1366 41 21 den
366 1366 77 21 talrika
465 1366 71 22 finska
555 1366 163 28 befolkningens
737 1367 125 26 rättmätiga
877 1367 55 21 bild-

108 1394 135 27 ningsbehof.

178 1423 97 22 Friherre
291 1423 102 27 Wrede,
410 1424 85 21 Rabbe:
515 1424 41 27 Jag
571 1424 71 22 anhöll
659 1430 34 16 om
704 1424 61 22 ordet
780 1424 57 22 blott
851 1423 34 22 för
899 1425 34 20 att

108 1453 91 26 upplysa
214 1453 49 21 herr
278 1452 55 21 Rein
348 1453 32 20 att
393 1452 38 27 jag
446 1453 48 21 icke
510 1453 79 27 pästod
605 1454 32 20 att
653 1453 36 21 det
703 1453 61 21 fanns
775 1453 47 27 fyra
832 1452 100 22 fullstän-

108 1480 50 28 diga
177 1480 70 22 finska
266 1481 76 27 lyceer,
362 1482 53 20 utan
433 1480 47 28 fyra
495 1482 78 27 lyceer,
589 1481 82 22 hvilket
687 1482 40 21 ock
741 1484 24 18 är
779 1481 67 27 fallet,
863 1481 69 22 ehuru

107 1509 72 27 lyceet
198 1510 7 20 i
223 1510 96 21 Joensuu
338 1510 47 21 icke
405 1512 24 19 är
443 1509 142 27 fullständigt.
615 1510 84 23 Tillika,
716 1510 27 21 dä
755 1510 38 27 jag
807 1510 41 21 har
862 1510 68 27 ordet,

107 1538 39 22 ber
163 1538 38 28 jag
221 1540 32 20 att
271 1538 21 22 fä
310 1540 57 20 rätta
381 1540 32 20 ett
428 1538 49 23 litet
492 1539 91 27 misstag
598 1538 7 22 i
620 1539 50 22 herr
687 1538 152 29 Godenhjelms
855 1539 76 22 andra-
