1109 1739
202 127 41 20 340
490 129 40 18 Den
547 127 25 19 23
589 129 88 18 Oktober.

172 191 89 22 ståndet
283 191 75 28 gjorda
380 191 114 28 förfrågan,
514 191 107 22 huruvida
639 192 86 22 ståndet
741 191 48 22 icke
799 191 65 22 funne
880 191 48 22 skäl
943 191 55 22 före-

171 221 88 21 komma
281 223 38 24 att,
343 221 120 22 oberoende
485 220 23 22 af
526 221 131 27 stadgandet
671 221 7 21 i
694 227 63 16 mom.
774 223 13 19 8
802 220 49 22 utaf
864 221 134 26 presterska-

172 251 49 25 pets
236 249 123 28 privilegier
374 249 23 22 af
411 250 24 21 år
451 251 62 25 1723,
531 250 111 27 samtycka
657 250 78 27 dertill,
747 251 34 20 att
791 249 68 22 sådan
870 249 127 28 skyldighet,

173 284 47 15 som
240 277 11 28 $
272 280 27 20 60
319 278 22 21 af
354 278 81 28 förslag
449 279 33 21 till
497 279 90 26 stadgar
603 285 34 15 om
653 279 78 21 allmän
746 279 122 26 värnepligt
882 279 7 20 i
905 278 93 21 Storfur-

171 307 125 21 stendömet
317 307 90 22 Finland
429 307 127 26 innehåller,
578 307 70 22 blefve
670 307 165 28 presterskapet
858 307 68 26 älagd,
943 308 56 19 samt

173 337 33 20 att
221 335 88 22 ständet
324 336 96 21 beslutat
435 338 39 25 att,
485 336 7 21 i
504 336 95 27 enlighet
614 337 49 21 med
677 337 98 21 enskilda
785 336 213 21 Besvärsutskottets

172 365 74 21 derom
269 364 133 22 framställda
424 365 86 27 förslag,
528 365 7 21 i
551 365 24 22 sä
590 365 67 22 måtto
680 365 75 22 bifalla
774 365 32 21 till
825 364 173 27 Värnepligtsut-

171 393 95 22 skottets
288 393 125 22 förberörda
435 394 138 27 hemställan,
591 395 33 20 att
646 394 164 27 presterskapet
825 394 76 26 ätager
916 393 32 26 sig
964 393 33 21 sä-

172 423 56 20 dana
243 421 171 28 förteckningars
430 423 122 27 afgifvande
567 429 46 15 som
628 423 7 21 i
651 423 10 27 8
678 425 26 19 60
720 422 23 22 af
756 422 104 26 förslaget
876 422 32 21 till
923 424 74 19 värne-

171 450 146 28 pligtsstadga
339 450 142 28 omförmälas,
505 451 34 22 för
561 452 24 21 sä
606 451 47 22 vidt
675 451 26 23 de
721 451 82 22 äskade
822 450 136 28 uppgifterna
973 457 25 14 ur

171 480 179 27 kyrkoböckerna
365 479 87 28 framgä;

240 510 33 20 att
280 508 164 22 Presteständet
451 509 35 22 vid
494 509 130 27 behandling
633 508 22 22 af
663 508 251 28 Bevillningsutskottets
923 508 74 22 betän-

170 537 72 21 kande
257 537 7 21 i
280 537 115 27 anledning
410 537 22 22 af
447 538 80 27 nädiga
540 538 167 27 propositionen,
725 538 112 26 angäende
853 537 144 27 stämpelpap-

171 566 140 27 persafgiften
327 566 96 27 godkänt
437 567 154 26 betänkandet,
608 568 59 20 utom
683 567 7 21 i
705 566 95 28 följande
815 566 104 27 punkter:

242 596 40 20 1:0.
301 595 10 21 I
328 596 37 20 det
384 595 69 23 under
468 595 11 28 $
494 598 12 19 5
524 596 12 21 å
551 602 48 20 pag.
617 597 25 20 19
659 596 88 27 intagna
763 596 128 26 stadgande,
907 595 91 21 rörande

170 623 103 22 befrielse
292 624 7 21 i
317 624 59 22 vissa
395 624 38 22 fall
451 624 47 22 från
514 624 231 28 kartasigillata-afgift
759 624 34 22 för
807 624 143 22 förordnande
966 624 31 21 till

171 652 318 28 kontraktsprostebefattning,
513 654 70 21 skulle
607 653 54 22 efter
683 654 63 21 ordet
770 653 123 26 ,fullmakt*
917 652 80 22 införas

171 681 110 27 tillägget:
305 682 26 26 ,ä
354 682 112 22 enahanda
484 681 121 28 befattning
625 682 71 27 eller",
713 682 140 27 hvarigenom
868 682 130 26 stadgandet

170 710 87 21 komme
272 711 33 20 att
319 710 8 21 i
342 710 50 22 dess
407 711 75 21 helhet
496 711 61 27 lyda:
577 711 62 26 ,Men
654 710 113 22 förordnas
784 711 41 21 den
841 717 46 15 som
897 710 58 22 förut
965 717 32 15 er-

171 739 62 21 hållit
247 738 100 22 fullmakt
362 740 13 20 å
390 740 113 21 enahanda
517 739 122 27 befattning
654 740 52 22 eller
721 740 14 21 å
749 741 139 25 prostenamn
900 740 39 21 och
950 742 47 19 vär-

172 767 80 27 dighet,
269 768 32 21 till
317 768 182 28 kontraktsprost,
517 775 51 21 eger
585 768 233 28 kartasigillata-afgift
832 768 34 22 för
881 768 59 22 detta
955 768 42 22 för-

171 796 111 22 ordnande
297 796 47 22 icke
360 798 67 20 rum".

239 826 42 20 2:0.
308 825 7 22 I
330 825 37 22 det
389 826 68 22 under
479 826 145 28 nyssnämnda
646 825 11 28 $
680 827 13 21 å
710 832 49 22 pag.
781 827 26 20 25
823 825 174 22 förekommande

171 856 96 19 moment
283 856 26 19 10
325 854 40 22 och
381 854 50 22 dess
441 854 69 28 fjerde
520 856 75 26 punkt,
607 855 111 27 angående
726 854 270 28 kartasigillata-afgiftens

170 882 79 28 belopp
269 882 34 22 för
317 882 170 23 hammarsmeds
507 884 41 21 och
563 886 151 20 masmästares
730 883 36 22 vid
781 884 56 20 bruk
852 883 144 27 lysningssed-

170 911 33 21 lar
218 911 33 21 till
267 912 126 27 äktenskap,
409 912 68 22 borde
492 912 63 22 ordet
572 930 8 9 ,
584 913 161 21 verkmästare”
761 912 107 27 tilläggas,
880 912 117 27 hvarjemte

170 940 163 26 ifrågavarande
357 940 61 27 afgift
441 942 69 20 skulle
534 940 33 23 för
582 942 43 21 alla
639 943 33 19 tre
688 942 32 20 till
737 941 71 21 denna
823 941 69 26 punkt
908 941 90 21 sålunda

170 968 107 22 hänförda
293 969 123 27 kategorier
430 970 61 26 höjas
512 969 46 22 från
575 970 37 21 det
627 970 22 21 af
662 970 110 22 utskottet
787 969 122 27 föreslagna
924 969 73 27 belop-

169 999 39 25 pet
223 999 12 19 3
251 997 61 22 mark
327 998 33 21 till
376 999 14 20 5
404 999 65 21 mark.

239 1027 42 20 3:o.
297 1026 42 21 Vid
354 1026 42 22 den
411 1027 69 22 under
495 1027 12 27 $
519 1029 12 19 6
542 1027 13 22 å
565 1033 47 21 pag.
625 1029 26 20 33
662 1027 112 27 befintliga
784 1027 113 21 rubriken:
911 1027 84 26 ,vexel*

169 1054 68 22 borde
259 1055 86 26 intagas
368 1057 32 20 ett
422 1056 121 27 stadgande
565 1056 7 21 i
595 1056 78 21 sådant
695 1056 64 28 syfte,
783 1057 38 25 att,
838 1056 6 21 i
860 1056 68 21 likhet
948 1055 49 22 med

169 1083 57 22 hvad
242 1089 35 15 om
291 1083 138 28 förskrifning
444 1085 13 21 &
471 1091 49 20 pag.
537 1087 26 19 30
579 1085 62 27 sagdt
657 1087 30 24 är,
705 1085 81 26 ,vexel,
799 1091 46 15 som
861 1084 135 22 diskonteras

169 1112 7 21 i
190 1112 102 21 Finlands
307 1113 68 26 Bank,
392 1113 39 22 bör
445 1113 105 27 karteras,
567 1113 77 22 endast
665 1113 27 22 dä
708 1114 43 21 den
766 1113 55 22 inför
837 1113 92 22 domstol
946 1113 51 22 eller

169 1141 162 22 vederbörande
347 1141 103 22 exekutor
465 1143 79 26 upptes
559 1143 52 20 eller
627 1142 31 21 dit
673 1143 112 26 ingifves*.

238 1169 111 28 Derjemte
364 1170 49 22 ville
429 1171 88 21 ständet
532 1171 133 22 beträffande
680 1171 122 22 utskottets
813 1170 24 21 af
845 1170 88 22 ständet
943 1170 52 27 god-

169 1198 72 21 kända
261 1197 80 28 förslag
361 1205 34 15 om
414 1199 134 27 uteslutning
566 1199 47 22 frän
631 1199 156 27 författningen
803 1199 22 22 af
840 1199 41 22 den
895 1200 7 20 i
917 1199 79 27 nädiga

168 1227 163 27 propositionen
351 1227 36 22 vid
402 1227 11 28 $
429 1230 13 19 4
464 1229 88 26 intagna
569 1229 158 26 ,Anmärkning
750 1229 32 24 1",
802 1228 92 22 rörande
912 1228 83 21 härtills

169 1255 100 27 gällande
285 1256 41 21 och
341 1255 132 24 fortfarande
487 1257 121 27 medgifven
623 1257 92 28 lindring
732 1257 41 22 och
789 1256 101 22 befrielse
907 1256 33 22 för
958 1257 37 21 all-

167 1291 78 20 mogen
265 1285 29 26 pä
313 1285 73 22 landet
402 1286 41 21 och
459 1293 26 14 en
501 1285 35 22 del
552 1286 50 22 dess
617 1287 122 21 vederlikar
754 1285 7 22 i
777 1285 103 22 afseende
896 1285 12 22 ä
923 1286 73 21 karta-

168 1313 205 28 sigillata-afgiftens
395 1314 128 27 utgörande,
542 1314 33 22 för
590 1315 33 21 sin
641 1315 35 22 del
696 1314 106 22 särskildt
816 1314 64 21 hafva
895 1314 99 26 uttaladt,

168 1343 33 20 att
215 1342 8 21 i
237 1343 128 20 ständernas
381 1343 149 27 underdäniga
544 1349 49 16 svar
607 1343 29 28 pä
650 1343 160 28 högstberörda
824 1343 80 26 nädiga
918 1349 77 20 propo-

167 1370 72 27 sition,
253 1371 68 26 jemte
337 1371 97 22 anmälan
451 1373 80 24 derom,
547 1373 33 20 att
595 1373 41 21 den
650 1372 8 21 i
673 1371 94 22 nämnda
782 1371 140 27 anmärkning
938 1372 56 21 stad-

167 1399 56 26 gade
245 1399 94 27 lindring
360 1400 32 21 uti
415 1400 162 27 ifrågavarande
593 1400 71 27 afgifts
685 1400 138 27 erläggande,
842 1399 24 22 af
879 1400 117 22 ständerna

167 1429 84 20 ansetts
273 1427 34 22 för
328 1427 115 24 framtiden
463 1430 73 21 kunna
554 1430 99 27 upphöra
671 1430 40 21 och
728 1429 107 26 allmogen
850 1428 56 28 förty
921 1429 74 21 böra
984 1423 15 38 i

166 1457 68 25 sagde
249 1456 126 22 hänseende
388 1457 107 21 likställas
511 1458 50 21 med
577 1457 67 27 öfriga
656 1458 196 26 samhällsklasser,
863 1457 83 21 borde
936 1452 13 38 i
956 1464 39 14 un-

167 1484 143 28 derdånighet
315 1485 80 27 jemväl
403 1485 124 23 framhållas
536 1486 37 22 det
579 1486 23 22 af
607 1486 166 22 Bondeståndet
781 1486 73 22 dervid
861 1485 85 22 fästade
955 1486 40 21 och

166 1512 24 22 af
210 1514 177 22 Presteståndets
405 1514 112 28 pluralitet
534 1522 29 14 nu
579 1514 117 23 omfattade
711 1515 78 26 vilkor,
805 1516 33 20 att
854 1514 41 22 den
910 1514 84 28 härige-

166 1548 49 15 nom
230 1541 118 29 inflytande
364 1543 87 23 skatten
467 1543 63 27 skall,
545 1544 73 22 derest
633 1544 151 22 Statsverkets
796 1543 106 22 ordinarie
912 1543 82 22 inkom-
