1109 1739
413 135 40 18 Den
470 133 26 20 20
513 135 88 17 Oktober.
847 135 41 19 317

90 198 73 21 kunna
178 197 32 22 till
225 197 116 27 skogstorp
355 197 142 27 skattläggas,
514 197 109 27 uppställa
639 198 58 20 emot
712 203 25 15 en
749 197 82 22 ordnad
842 199 76 27 skogs-

89 226 145 27 hushållning,
257 226 41 21 och
321 226 28 21 då
368 225 177 23 innehafvarenes
564 226 92 21 intresse
673 225 52 22 eller
739 227 45 20 rätt
799 233 76 20 genom
891 227 27 21 de

89 255 170 25 bestämmelser,
279 255 41 20 den
343 255 79 27 nådiga
441 255 163 27 propositionen
623 255 124 26 innehåller,
762 255 108 27 nemligen
886 257 32 20 att

91 284 49 22 dem
160 283 69 22 skulle
248 283 93 22 tilldelas
359 283 40 22 full
417 283 121 28 ersättning
556 283 33 22 för
605 283 137 28 åbyggnader
757 284 40 21 och
813 284 103 27 odlingar,

90 313 70 22 måste
179 318 63 16 anses
262 312 131 27 tillbörligen
408 312 150 27 tillgodosedt,
574 312 69 21 skulle
655 312 38 27 jag
708 312 33 21 för
756 313 43 20 min
815 313 35 21 del
865 319 52 15 anse

90 343 33 20 att
145 342 42 21 den
209 341 78 26 nådiga
305 341 163 27 propositionen
486 341 7 21 i
514 341 70 22 denna
604 341 34 21 del
654 341 39 21 har
707 341 109 22 företräde
831 341 87 22 framför

90 371 120 21 utskottets
226 370 142 26 betänkande,
385 370 40 21 och
441 370 32 21 får
489 369 72 22 derför
576 369 109 22 vördsamt
700 369 80 22 föreslå
795 370 123 27 antagande

90 399 23 22 af
127 399 42 22 den
184 399 77 26 nådiga
276 399 168 26 propositionen.
468 399 34 20 Då
518 399 39 21 här
572 398 67 27 gäller
655 400 32 19 att
702 398 113 22 förbereda
831 406 26 15 en
868 399 49 22 ord-

90 428 44 21 nad
151 427 129 27 förvaltning
297 427 8 21 i
324 434 26 14 en
370 427 23 21 af
411 428 26 20 de
452 427 119 27 vigtigaste
586 433 76 21 grenar
677 427 23 21 af
713 427 38 22 vår
765 428 152 21 statshushåll-

90 457 57 27 ning,
169 456 25 22 så
213 462 64 15 anser
293 456 38 27 jag
349 457 33 20 att
399 456 176 26 privatintresset
590 456 68 21 måste
673 456 50 21 vika
747 456 52 22 eller
821 457 75 21 ställas
911 456 7 21 i

91 486 67 20 andra
176 486 97 20 rummet.
304 485 41 21 För
364 484 65 28 öfrigt
446 485 42 21 kan
502 485 39 27 jag
556 484 48 22 icke
619 484 68 22 heller
701 485 47 21 inse
763 486 33 21 att
810 485 8 21 i
832 485 84 22 föreva-

90 514 68 22 rande
173 514 36 25 fall
225 513 60 22 detta
300 514 93 21 intresse
408 514 43 20 kan
465 514 31 21 bli
511 513 33 22 för
559 515 53 19 nära
627 514 58 20 trädt
700 514 65 26 enligt
781 514 26 22 de
823 514 95 22 bestäm-

91 543 84 26 melser,
193 549 46 15 som
253 542 7 21 i
276 542 41 22 den
332 542 79 28 nådiga
425 542 164 27 propositionen
606 544 36 19 äro
659 542 81 27 gjorda,
757 548 34 16 om
806 550 49 14 man
870 543 48 21 icke

90 572 102 27 möjligen
208 571 70 21 dertill
294 571 69 21 skulle
378 570 91 22 hänföra
483 571 96 27 behaget
594 572 33 20 att
641 570 46 22 föra
699 573 31 19 ett
741 571 101 22 eremitlif
850 572 7 20 i
868 572 50 21 sko-

91 607 47 21 gen,
154 607 50 15 men
220 600 36 21 det
271 600 104 21 intresset
389 606 64 15 anser
465 600 39 27 jag
519 600 48 21 icke
581 606 52 15 vara
648 599 23 22 af
680 600 40 21 den
731 600 50 27 vigt,
799 602 32 20 att
847 600 71 22 derför

92 636 27 15 en
135 629 82 22 ordnad
232 628 128 28 förvaltning
376 628 23 22 af
411 628 53 22 våra
479 629 80 27 skogar
575 628 54 22 skall
645 628 65 22 blifva
725 629 112 21 åsidosatt.

160 658 56 22 Herr
235 658 124 27 Pipping,
379 658 99 21 Fredrik:
499 658 125 21 Utskottets
640 657 80 27 förslag
735 658 7 20 i
758 658 41 21 den
815 658 40 26 del,
872 664 46 15 som

92 686 70 22 blifvit
184 687 99 27 motsagd
305 686 22 22 af
347 686 90 22 friberre
455 686 87 26 Wrede,
559 688 24 19 är
599 686 128 22 motiveradt
742 687 27 26 på
785 687 41 21 den
842 686 75 27 grund,

93 717 33 21 att
143 714 165 22 innehafvarene
328 714 22 22 af
367 716 46 20 små
430 714 135 27 lägenheter,
586 715 25 21 så
629 715 46 21 små
693 717 33 19 att
742 715 25 21 de
783 715 47 21 icke
846 715 72 21 kunna

92 744 33 21 till
140 744 119 27 kronotorp
275 744 126 26 bibehållas,
418 743 92 22 ofelbart
526 744 68 26 enligt
604 744 221 22 knektekontraktens
837 744 81 27 lydelse

92 772 64 22 hafva
175 773 28 27 på
226 773 64 21 dessa
310 772 87 22 marker
415 772 89 22 nedsatt
524 773 33 25 sig
573 772 48 22 med
637 772 153 27 samfällighets
807 772 111 27 delegare-

90 808 40 15 nes
152 801 133 27 begifvande.
316 802 33 20 En
372 801 25 21 så
415 800 113 22 beskaffad
544 801 95 21 åtkomst
655 801 33 21 till
705 808 26 14 en
745 802 107 26 lägenhet,
868 808 50 15 vare

92 831 32 26 sig
140 830 69 27 aldrig
224 830 25 22 så
262 830 59 26 liten,
338 830 39 21 bör
391 832 76 25 trygga
481 830 269 26 lägenhetsinnehafvaren
760 830 35 22 vid
807 836 25 16 en
844 830 74 27 längre

91 859 125 27 besittning,
240 859 74 21 såvida
335 865 49 15 man
404 859 47 21 icke
469 858 37 22 vill
522 858 47 22 från
585 858 41 22 den
641 858 75 26 torfva,
733 859 26 21 de
773 858 76 28 sjelfve
864 865 54 21 upp-

94 888 77 27 rödjat,
187 888 45 21 låta
242 888 67 21 vräka
324 894 26 15 en
365 887 79 27 mängd
459 886 98 28 familjer,
571 894 45 14 som
632 888 7 20 i
655 888 64 21 dessa
729 888 97 26 nordliga
837 888 83 20 trakter

92 916 140 27 ovilkorligen
248 917 85 21 komma
349 918 32 19 att
397 916 86 27 bringas
500 916 33 21 till
549 916 159 27 tiggarstafven.
739 916 42 22 Det
797 919 24 19 är
831 916 87 22 således

91 945 29 27 på
142 945 66 22 dessa
229 945 186 25 humanitetsskäl,
439 945 71 20 hvilka
528 945 38 27 jag
585 945 56 21 hade
660 946 54 20 trott
734 945 69 21 skulle
820 945 60 21 delas
897 944 23 22 af

91 973 90 22 friherre
199 974 84 26 Wrede,
305 979 46 16 som
371 974 108 21 utskottet
494 973 58 27 gjort
567 973 104 27 förslaget
685 974 7 21 i
707 973 66 27 fråga.
804 974 115 21 Utskottet

92 1003 40 20 har
148 1003 103 26 derjemte
270 1003 82 21 kronan
368 1002 33 21 till
419 1002 104 21 säkerhet
538 1001 83 22 inflikat
637 1009 25 15 en
677 1003 152 21 bestämmelse
846 1003 72 20 derom

93 1033 39 24 att,
152 1031 2 21 i
171 1031 102 22 händelse
297 1031 64 21 dessa
380 1031 202 26 backstugusittare
605 1031 92 27 förgripa
721 1031 32 27 sig
774 1031 29 27 på
825 1031 93 21 kronans

94 1061 51 25 rätt,
162 1060 27 21 de
211 1060 48 21 icke
281 1059 74 22 vidare
375 1059 70 22 skulle
461 1059 153 28 tillgodonjuta
629 1060 40 21 den
684 1061 50 25 rätt,
751 1066 45 15 som
812 1060 109 21 utskottet

94 1095 79 15 annars
195 1088 58 22 velat
275 1088 120 22 förbehålla
417 1088 54 21 dem.
502 1089 43 26 Jag
565 1089 104 26 åberopar
689 1089 84 21 således
793 1089 64 21 dessa
872 1088 48 22 skäl

95 1117 33 22 till
143 1117 81 22 förmån
239 1116 34 22 för
288 1116 56 23 hvad
360 1117 107 21 utskottet
482 1117 119 27 föreslagit.

161 1146 56 21 Herr
234 1152 41 15 von
294 1145 119 22 Alfthan:
433 1146 42 26 Jag
489 1146 41 21 ber
545 1147 33 20 att
592 1145 22 22 få
629 1146 85 21 biträda
728 1145 90 22 friherre
833 1145 85 22 Wrede.

93 1175 41 21 Vid
156 1175 27 21 de
205 1175 163 26 beskattningar
391 1175 40 21 och
454 1174 140 27 afhysningar
614 1174 23 22 af
657 1175 84 21 diverse
756 1175 163 26 kronotorpare,

93 1203 198 27 backstugusittare
315 1203 40 22 och
372 1203 148 28 inhyseshjon,
544 1209 47 16 som
615 1203 72 22 bosatt
707 1204 33 26 sig
760 1204 11 21 å
787 1203 133 26 öfverlopps-

95 1233 114 21 markerna
224 1232 56 21 inom
295 1232 120 27 Uleåborgs
431 1232 42 26 län,
482 1232 41 21 har
534 1232 105 27 styrelsen
653 1232 106 21 härintills
773 1231 85 22 förfarit
871 1231 50 22 med

94 1261 90 28 mycken
206 1261 95 21 mildhet.
332 1261 42 25 Jag
394 1261 96 21 anhåller
509 1262 34 20 att
563 1261 71 21 såsom
653 1261 59 21 bevis
729 1261 66 27 derpå
809 1260 23 21 få
847 1259 75 22 anföra

95 1292 39 24 att,
158 1290 67 21 sedan
247 1296 77 20 genom
342 1289 139 22 forststatens
501 1289 87 28 försorg
603 1290 99 27 samtliga
717 1291 48 26 torp
780 1290 7 21 i
801 1289 120 22 kronosko-

95 1325 67 20 garna
177 1318 68 22 blifvit
261 1318 132 22 undersökta
409 1318 32 21 uti
457 1318 42 21 alla
515 1318 90 27 trakter,
621 1318 50 22 med
690 1319 109 26 undantag
814 1317 23 22 af
850 1317 71 28 Lapp-

94 1347 100 22 markens
213 1347 73 26 härad,
305 1347 125 21 Kemiträsk
451 1347 40 21 och
512 1347 131 27 Kuolajärvi,
661 1347 23 21 så
699 1346 70 22 blefvo
784 1347 23 21 af
820 1346 50 22 hela
884 1353 37 14 an-

95 1377 54 21 talet
171 1376 116 26 kronotorp
311 1375 40 22 och
373 1375 131 27 backstugor
528 1375 123 27 skattlagde
669 1375 32 22 till
722 1376 107 26 egentliga
843 1375 79 21 krono-

94 1407 49 24 torp
162 1404 34 22 för
215 1404 114 21 framtiden
349 1406 48 19 660.
428 1403 131 22 Derutöfver
573 1404 70 22 blefvo
660 1405 41 20 104
715 1405 133 26 backstugor
862 1403 60 22 bibe-

95 1433 72 21 hållna
189 1435 45 19 mot
257 1439 26 15 en
305 1433 110 27 obetydlig
439 1433 250 27 dagsverksskyldighet,
710 1439 46 15 som
774 1433 34 21 för
823 1433 42 21 alla
882 1433 40 20 104

94 1462 200 26 backstugusittare
315 1461 48 21 icke
386 1461 67 27 stiger
475 1461 34 21 till
532 1468 46 14 mer
601 1463 27 19 än
647 1463 40 19 264
708 1462 111 26 dagsverk,
836 1461 86 21 således

95 1490 89 27 ungefär
203 1490 32 21 till
252 1490 35 22 två
303 1490 40 21 och
358 1496 25 15 en
397 1489 46 21 half
457 1490 42 26 dag
514 1496 40 21 per
570 1491 73 25 stuga;
659 1490 114 27 igenlagda
787 1489 71 22 blefvo
875 1489 48 21 der-

96 1520 58 20 emot
177 1519 76 21 endast
275 1520 26 20 33
325 1518 134 26 backstugor
482 1520 60 20 emot
561 1520 48 23 764,
625 1524 46 16 som
691 1518 169 27 qvarlemnades.
890 1517 34 21 Då

96 1547 90 27 somliga
202 1547 22 21 af
238 1547 64 21 dessa
317 1546 200 27 backstugusittare
534 1546 111 22 dessutom
655 1553 77 21 genom
743 1547 38 21 sitt
791 1546 133 28 uppförande
