1109 1739
255 131 27 20 50
550 133 39 16 Den
606 131 12 19 3
635 132 88 18 Oktober.

226 195 67 21 andra
307 195 88 21 alldeles
407 194 107 27 tillfälliga
526 195 108 27 störingar
642 201 41 21 ega
690 201 53 20 rum,
754 200 46 16 som
810 193 89 22 härmed
908 193 70 22 skulle
987 193 63 22 afses.

227 224 71 21 Dessa
312 223 86 22 inträffa
413 224 28 27 på
455 224 69 26 några
539 223 63 22 linier
617 224 65 27 högst
697 223 76 27 sällan,
789 229 49 15 men
853 223 29 27 på
897 222 67 22 andra
974 222 78 21 ställen

227 252 47 21 åter
290 254 32 19 ett
336 259 40 20 par
391 253 80 26 gånger
486 253 7 20 i
508 252 113 22 månaden.
652 252 35 22 Då
701 259 29 14 nu
747 259 26 15 en
787 257 80 22 person
882 250 112 23 utskickas
1005 250 46 22 från

225 281 107 22 hvardera
350 281 115 26 stationen,
486 281 33 22 för
539 283 33 19 att
590 281 7 21 i
618 281 157 27 ordningställa
791 280 72 27 linien,
880 282 24 19 är
920 280 36 21 det
970 279 82 22 menin-

226 316 41 21 gen
283 312 32 19 att
331 310 70 26 dessa,
419 316 46 15 som
481 309 33 22 för
528 310 39 21 sitt
583 310 114 27 åliggande
712 309 63 22 hafva
791 309 42 21 alla
848 309 88 27 möjliga
951 307 101 22 tillbehör

225 339 50 21 med
290 339 39 26 sig,
344 339 85 21 likvisst
443 339 49 21 icke
508 339 81 21 sådana
605 341 33 19 att
654 339 27 21 de
689 339 70 21 skulle
768 344 51 15 vara
827 337 144 27 betungande,
982 337 70 22 skulle

227 367 84 28 åtnjuta
326 373 82 16 samma
422 366 167 23 företrädesrätt
603 367 7 21 i
626 367 102 22 afseende
744 367 13 22 å
774 367 74 21 hästar
864 373 46 15 som
918 365 132 28 postiljoner.

226 396 44 21 Min
293 396 86 27 mening
402 398 25 19 är
448 396 54 21 visst
525 396 48 21 icke
589 397 34 20 att
637 395 34 22 för
686 396 91 21 resande
793 395 92 28 ispända
900 395 76 21 hästar
990 395 62 21 skola

227 427 95 25 spännas
345 431 26 15 ur
393 423 33 22 för
449 431 26 15 en
494 424 69 22 sådan
578 424 179 27 telegrafrevisor,
774 426 52 19 utan
842 425 33 20 att
889 423 43 21 han
947 423 55 21 skall
1019 429 32 15 er-

226 453 58 21 hålla
300 459 26 15 en
340 453 52 21 häst
407 452 61 22 äfven
485 459 34 15 om
534 453 43 21 den
591 454 37 20 två
643 453 82 27 gånger
738 452 56 22 varit
809 454 45 20 ute.
884 452 67 22 Detta
960 458 51 15 vore
1020 454 32 20 ett

226 481 166 27 undantagsfall,
408 488 48 14 men
472 483 32 19 ett
518 481 161 28 undantagsfall
693 482 8 21 i
717 482 37 21 det
769 481 118 21 allmännas
903 481 99 26 intresse;
1011 480 39 22 och

226 510 33 22 för
275 512 33 19 att
324 510 69 21 denna
407 512 45 19 rätt
467 510 47 22 icke
530 510 70 22 skulle
616 511 73 21 kunna
703 510 141 26 missbrukas,
861 509 94 27 föreslog
967 509 38 27 jag
1020 511 32 20 att

227 540 32 20 ett
273 539 66 27 betyg
353 538 23 22 af
390 538 41 22 den
446 541 109 19 närmaste
571 539 120 21 stationens
699 539 213 27 hufvudtjensteman
921 538 68 22 skulle
997 544 55 21 upp-

225 568 58 21 visas
306 568 29 26 på
356 567 153 27 gästgifveriet,
532 567 34 22 för
588 570 33 19 att
640 568 136 27 ådagalägga
795 569 34 19 att
847 573 107 21 personen
969 567 7 21 i
991 566 61 28 fråga

226 596 110 27 verkligen
359 598 24 19 är
405 597 53 21 sänd
477 596 47 21 från
540 597 115 21 stationen.
685 597 42 21 För
741 598 75 20 resten
831 596 70 22 skulle
914 596 38 27 jag
967 596 85 21 anhålla

227 627 33 19 att
283 624 90 22 ärendet
394 624 33 22 för
445 625 156 27 omredigering
620 625 7 21 i
643 625 78 22 sådant
737 624 56 29 syfte
809 625 70 22 skulle
894 624 33 22 till
942 624 109 22 utskottet

226 654 177 21 återremitteras.

294 682 56 22 Herr
365 682 201 27 Björkenheim,
581 682 93 22 Robert:
705 682 62 22 Efter
781 682 50 22 herr
847 682 79 27 Spåres
934 682 117 27 förklaring

225 713 24 19 är
265 710 37 22 det
317 711 58 21 klart
388 710 33 22 för
436 711 48 27 mig,
501 712 33 20 att
548 711 55 21 hans
618 711 80 27 förslag
713 714 24 19 är
753 711 104 27 omöjligt,
867 712 52 20 utan
927 712 33 20 att
968 711 82 21 kränka

226 740 27 21 de
275 740 113 26 principer,
412 739 159 27 Ridderskapet
591 740 40 21 och
647 740 69 21 Adeln
732 740 40 21 har
787 740 80 21 uttalat
882 739 33 22 för
929 740 67 26 några
1011 739 39 21 mi-

225 770 64 20 nuter
305 768 72 22 sedan.
407 768 42 27 Jag
465 768 96 22 anhåller
577 768 84 22 derföre
677 770 34 20 att
724 769 57 21 intet
797 768 102 22 afseende
907 768 67 22 måtte
982 768 67 22 fästas

224 796 37 22 vid
275 796 54 22 hans
345 796 86 28 förslag.

294 825 98 22 Friherre
414 832 42 15 von
473 825 81 27 Born,
570 826 87 22 Viktor:
689 826 73 21 Sedan
778 826 50 21 herr
844 825 67 28 Spåre
927 826 27 26 på
970 825 79 22 sådant

226 855 45 20 sätt
286 854 104 21 förklarat
404 854 113 27 meningen
531 855 49 21 med
596 855 38 21 sitt
649 854 88 28 förslag,
754 854 42 22 kan
810 854 38 28 jag
863 854 48 22 icke
926 854 74 22 vidare
1009 860 39 15 un-

225 882 111 28 derstödja
357 882 84 22 honom.
470 883 42 27 Jag
534 884 77 20 trodde
633 883 43 21 han
695 883 63 27 afsåg
774 884 32 20 ett
821 883 128 27 stadgande,
966 884 38 24 att,
1020 882 29 22 då

223 910 53 22 flere
291 911 92 21 resande
397 912 29 26 på
441 911 124 27 gästgifveri
579 912 88 22 invänta
677 912 58 27 häst,
747 912 222 28 telegraftjensteman
978 912 70 21 skulle

225 939 64 22 hafva
302 940 171 21 företrädesrätt.

293 968 97 21 Friherre
405 974 42 15 von
461 968 85 27 Troil,
563 968 21 22 S.
601 969 40 21 W.:
666 969 42 26 Jag
723 969 128 22 instämmer
865 969 7 20 i
887 968 57 22 hvad
959 968 89 22 friherre

224 1002 42 15 von
281 996 58 21 Born
352 998 74 25 yttrat.

291 1025 34 21 Då
341 1025 91 21 sålunda
447 1025 59 22 såväl
522 1025 90 22 friherre
627 1032 41 15 von
684 1026 66 26 Born,
766 1032 47 15 som
827 1025 92 22 friherre
934 1032 42 15 von
991 1025 57 22 Troil

223 1053 103 27 återtagit
341 1053 38 21 sitt
394 1053 182 28 understödjande
592 1055 22 21 af
626 1055 51 21 herr
692 1055 80 27 Spåres
788 1054 82 27 förslag
881 1055 38 21 och
930 1055 119 21 detsamma

223 1081 85 22 således
323 1082 48 21 icke
385 1082 111 21 biträddes
512 1082 23 21 af
548 1083 71 26 någon
635 1089 69 16 annan
713 1083 177 26 ståndsmedlem,
900 1083 73 22 kunde
982 1083 66 27 sagde

222 1109 81 28 förslag
321 1110 48 22 icke
384 1111 85 22 komma
483 1111 69 22 under
567 1112 138 27 omröstning,
722 1113 54 20 utan
791 1113 76 26 antogs
884 1114 12 19 5
912 1118 63 15 mom.
992 1111 55 22 oför-

222 1138 93 22 ändradt
331 1138 22 21 af
366 1139 92 22 ståndet.

289 1167 80 22 Likaså
383 1168 125 27 godkändes
524 1170 13 20 6
552 1174 63 17 mom.
631 1171 53 20 utan
699 1169 99 27 ändring.

291 1253 71 22 Sedan
380 1253 90 22 sålunda
489 1255 12 20 7
520 1254 11 28 8
546 1255 145 27 genomgåtts,
707 1255 134 27 återupptog
856 1255 50 22 herr
919 1255 125 22 Landtmar-

220 1281 89 22 skalken
324 1289 29 14 nu
369 1282 41 21 den
425 1283 105 21 härintills
546 1283 48 22 icke
609 1284 138 22 behandlade
763 1284 157 27 slutmeningen
935 1284 7 21 i
964 1285 6 20 2
981 1290 63 15 mom.

219 1309 24 22 af
255 1310 14 20 4
284 1310 11 27 &
310 1310 46 21 från
372 1311 62 21 ordet
449 1311 144 27 ,hvaremot*,
609 1313 40 21 och
664 1313 46 21 blef
725 1313 70 20 denna
810 1313 87 26 mening
912 1319 29 15 nu
957 1312 87 22 afstän-

220 1338 37 21 det
272 1339 29 26 på
316 1339 49 21 herr
379 1339 219 23 Landtmarskalkens
613 1341 161 27 framställning
789 1341 108 27 godkänd.

288 1367 34 21 Då
336 1367 60 22 tiden
410 1367 132 23 framskridit
557 1369 33 21 till
605 1369 92 22 klockan
713 1369 48 22 half
774 1371 40 25 tre,
831 1369 65 22 afslöt
906 1369 50 22 herr
963 1369 81 22 Landt-

218 1395 137 22 marskalken
377 1397 169 22 sammanträdet
567 1397 50 22 med
633 1404 25 15 en
674 1398 133 27 uppmaning
823 1398 32 21 till
871 1398 98 21 ståndets
984 1399 60 21 med-

217 1423 90 22 lemmar
322 1426 33 19 att
369 1425 91 21 klockan
475 1425 46 22 half
534 1432 37 15 sex
587 1426 47 22 åter
649 1427 82 21 samlas
747 1426 32 22 för
795 1428 32 19 att
837 1426 103 22 fortsätta
948 1427 49 21 med
1005 1427 38 22 be-

217 1451 131 28 handlingen
363 1453 24 22 af
400 1453 37 22 det
451 1453 146 28 föreliggande
613 1455 255 21 utskottsbetänkandet.
