1109 1739
220 125 41 20 250
520 128 40 17 Den
579 127 24 18 18
620 128 87 18 Oktober.

191 189 40 22 och
247 189 138 28 qvicktionde
406 197 45 16 som
474 190 133 23 fortfarande
622 191 69 22 hvilar
706 191 28 27 på
747 191 84 27 jorden,
849 190 54 22 skall
919 190 52 26 utgå
986 190 32 22 till

189 219 164 28 presterskapet
372 219 7 21 i
399 221 37 21 det
453 219 176 28 kyrkosamfund,
647 220 38 21 der
699 219 154 23 innehafvaren
870 219 22 22 af
902 219 77 28 jorden
995 221 24 19 är

189 247 123 28 inskrifven,
330 248 57 27 eller,
405 255 34 16 om
454 249 44 21 han
513 249 48 22 icke
580 249 73 22 tillhör
668 249 66 27 något
750 249 79 21 sådant
844 247 174 29 kyrkosamfund,

190 276 83 22 tillfalla
295 277 88 22 kronan.
414 278 42 27 Jag
477 277 98 22 anhåller
595 277 71 22 derför
681 280 33 19 att
731 278 7 21 i
755 278 105 21 händelse
875 277 96 28 grunden
986 277 33 21 för

189 306 176 27 presterskapets
385 307 35 21 lön
440 307 98 21 kommer
557 308 32 20 att
607 306 66 22 blifva
689 307 46 27 den,
753 313 47 15 som
815 307 7 20 i
838 307 65 21 dessa
917 312 101 21 paragra-

190 334 32 21 fer
238 337 23 18 är
277 335 104 27 angifven,
397 335 7 22 i
421 336 78 21 sådant
514 335 37 22 fall
567 335 72 28 frågan
661 335 69 22 blefve
747 335 175 22 återremitterad
937 335 32 21 till
984 336 34 19 ut-

191 363 88 26 skottet,
295 363 33 22 för
343 365 33 21 att
391 365 65 21 dessa
471 364 125 28 paragrafer
611 365 68 21 måtte
691 364 146 27 omredigeras
853 364 7 21 i
871 365 37 21 det
918 363 54 28 syfte
981 364 37 27 jag

189 391 122 23 framhållit.

259 421 56 21 Herr
330 428 41 15 von
386 421 148 22 Bonsdorff:
552 422 40 21 Vid
603 423 88 20 senaste
702 421 160 22 sammanträde
873 421 144 22 framställdes

190 449 23 21 af
227 450 51 20 herr
293 450 106 22 Mechelin
415 451 37 21 det
467 450 87 28 förslag,
571 452 32 20 att
619 450 162 28 ifrågavarande
797 450 137 22 betänkande
948 450 70 21 skulle

191 478 169 22 återremitteras
383 480 33 20 till
439 480 55 26 Lag-
518 480 41 21 och
581 480 215 21 Ekonomiutskottet
819 480 7 20 i
846 480 36 20 det
901 478 61 29 syfte,
986 481 33 19 att

190 507 109 22 utskottet
313 508 68 21 måtte
396 510 51 25 taga
462 508 68 22 under
545 508 106 28 pröfning,
668 508 107 22 huruvida
789 508 55 27 icke,
856 508 103 22 särskildt
970 508 48 22 med

190 536 102 22 afseende
309 537 66 27 derpå
390 539 33 19 att
438 537 144 27 dissenterlag
597 538 35 20 vid
648 538 70 21 denna
734 537 106 27 landtdag
855 537 62 21 torde
933 537 85 21 komma

191 566 32 20 att
242 566 97 26 antagas,
356 565 121 28 aflöningen
496 566 32 21 till
544 566 38 22 det
597 566 244 27 evangeliskt-luterska
855 566 163 27 presterskapet

190 594 67 21 borde
278 594 75 22 ställas
372 595 29 27 på
417 602 69 14 annan
501 596 70 26 grund
586 597 28 19 än
627 595 236 27 jordbeskattningens,
880 595 39 21 och
936 596 32 20 att
984 597 33 19 ut-

190 622 85 22 skottet
289 624 68 21 måtte
372 624 49 22 med
436 626 48 25 nytt
499 624 82 27 förslag
595 624 7 21 i
618 626 73 20 ämnet
705 624 115 22 inkomma.
849 624 33 21 En
898 630 69 15 annan
983 623 34 21 del

190 651 22 21 af
231 652 99 22 ståndets
349 653 65 21 ärade
434 653 119 21 ledamöter
569 652 93 28 föreslog
678 653 53 27 åter,
748 655 33 19 att
794 653 79 27 nådiga
888 652 128 28 propositio-

188 686 49 20 nen,
260 681 50 21 med
332 682 182 21 underkännande
537 681 22 22 af
581 682 26 22 de
629 682 100 27 grunder,
754 682 82 27 hvarpå
854 682 40 21 den
914 684 24 19 är
953 682 63 27 bygd,

188 709 71 22 skulle
277 709 23 22 af
319 710 87 22 ståndet
425 711 135 21 omedelbart
579 710 114 22 förkastas.
724 711 72 21 Dessa
816 710 37 22 två
868 710 81 27 förslag
964 710 52 22 stäl-

189 738 38 21 des
251 739 66 21 sedan
337 739 72 21 såsom
428 740 238 27 kontrapropositioner
684 742 45 19 mot
748 746 27 15 en
791 739 121 29 detaljerad
927 739 89 27 gransk-

188 767 53 27 ning
255 768 131 26 paragrafvis
401 768 50 22 utaf
464 768 153 22 betänkandet.
641 768 41 22 Vid
697 768 71 22 första
781 768 161 28 omröstningen
952 768 64 22 emel-

188 796 36 21 lan
247 796 267 28 kontrapropositionerna
536 797 37 22 föll
595 798 50 21 herr
667 797 119 22 Mechelins
809 797 88 27 förslag,
919 797 40 21 och
974 796 45 22 blef

189 824 85 22 således
298 826 40 21 den
361 826 69 22 andra
451 826 240 27 kontrapropositionen
713 826 128 26 bestående,
860 826 106 27 nemligen
985 827 32 20 att

189 853 41 22 den
253 854 79 27 nådiga
354 855 168 27 propositionen,
546 856 50 21 med
618 855 185 22 underkännande
827 854 22 22 af
870 855 26 21 de
916 855 99 27 grunder,

187 882 82 27 hvarpå
285 882 42 22 den
342 885 24 19 är
386 884 63 27 bygd,
465 884 68 22 måtte
548 884 23 21 af
585 884 88 22 ståndet
688 884 115 22 förkastas.
834 883 41 22 Vid
890 884 126 21 omröstnin-

189 917 41 20 gen
253 911 94 22 derefter
370 913 91 21 emellan
479 912 144 28 nyssnämnde
641 912 215 28 kontraproposition
872 913 40 21 och
928 913 88 27 detalje-

187 940 40 21 rad
249 941 133 26 granskning
397 941 24 21 af
434 942 147 21 betänkandet
603 942 98 21 uttalade
723 942 141 27 pluraliteten
884 942 33 26 sig
932 941 33 21 för
980 942 37 21 det

189 974 77 16 senare
281 968 112 29 förslaget,
410 970 39 21 och
461 970 87 21 ståndet
560 970 108 27 öfvergick
684 970 85 22 derföre
781 970 32 21 till
825 970 42 21 slik
878 970 137 27 granskning.

187 997 81 22 Dervid
291 998 62 22 sökte
376 1005 49 15 man
446 999 119 22 emellertid
584 999 67 22 redan
668 999 36 21 vid
719 999 12 28 &
749 1001 10 18 1
777 998 69 22 införa
861 1005 70 15 annan
947 999 69 26 grund

187 1025 34 22 för
239 1027 194 27 prestaflöningens
451 1027 120 28 utgörande
591 1028 40 21 och
648 1027 135 22 framställde
802 1027 87 28 projekt
908 1033 34 16 om
957 1029 33 20 att
1005 1027 11 28 8

191 1056 9 19 1
218 1055 71 22 skulle
309 1056 170 22 återremitteras
500 1057 32 20 till
548 1057 109 21 utskottet
671 1057 7 21 i
693 1057 80 21 sådant
788 1056 62 27 syfte.
880 1057 41 26 Jag
936 1056 36 21 vill
987 1063 29 14 nu

187 1083 67 27 fråga,
271 1084 57 21 hvad
347 1085 81 27 påföljd
449 1085 41 28 den
510 1085 194 27 omständigheten,
721 1087 35 20 att
774 1085 51 21 herr
840 1085 118 22 Mechelins
973 1084 43 22 för-

187 1112 47 27 slag
256 1111 44 28 föll,
321 1113 106 22 medfört?
446 1114 29 21 Är
495 1114 37 22 det
549 1114 98 27 lämpligt
665 1116 33 20 att
713 1114 39 22 det
768 1113 55 23 efter
838 1114 118 22 verkställd
972 1120 44 15 om-

187 1141 99 27 röstning
309 1142 46 21 åter
374 1143 43 20 kan
437 1143 79 27 uppstå
534 1143 8 21 i
561 1143 115 28 föryngrad
695 1143 55 22 form
769 1143 34 21 till
819 1143 41 21 alla
876 1143 73 21 delar?
971 1143 45 20 Min

187 1169 66 22 tanke
270 1170 73 22 derom
359 1171 98 22 uttalade
470 1172 37 27 jag
522 1172 67 21 redan
605 1174 80 24 senast,
702 1171 41 22 och
763 1172 67 27 ansåg
846 1173 31 20 att
893 1172 61 21 detta
968 1171 48 22 icke

186 1198 73 22 kunde
280 1199 39 22 ske
339 1199 132 23 beträffande
492 1201 122 21 ändamålet
633 1201 49 22 med
698 1201 43 21 den
755 1200 23 21 af
791 1201 50 21 herr
856 1200 106 21 Mechelin
977 1199 38 28 på-

186 1227 81 27 yrkade
290 1228 153 23 återremissen
466 1229 52 22 eller
540 1229 205 22 åstadkommandet
767 1229 23 22 af
811 1231 33 20 ett
866 1229 32 21 till
919 1229 97 27 grunden

186 1257 47 26 nytt
251 1256 119 28 lagförslag
389 1258 7 21 i
416 1260 72 19 ämnet
505 1258 49 21 utaf
567 1259 114 26 utskottet,
697 1265 51 14 men
761 1258 38 27 jag
814 1257 111 22 motsades
942 1257 73 22 derut-

185 1284 64 22 innan
273 1285 23 22 af
317 1286 50 22 herr
389 1287 66 22 baron
476 1287 40 21 och
533 1287 217 27 Landtmarskalken,
770 1287 85 22 hvadan
873 1287 43 20 min
931 1288 85 25 protest

185 1313 49 22 icke
253 1314 73 22 kunde
344 1315 87 22 komma
450 1315 68 22 under
537 1316 73 21 vidare
628 1316 105 27 pröfning.
765 1316 62 21 Dock
843 1322 63 15 anser
920 1315 37 28 jag
972 1315 43 27 mig

185 1344 58 19 ännu
258 1343 73 22 kunna
346 1343 116 23 hemställa
475 1345 106 21 huruvida
597 1351 26 16 en
639 1344 126 23 återremiss
781 1344 32 21 till
829 1345 115 25 utskottet,
961 1343 53 22 hvil-

185 1371 42 21 ken
250 1371 62 22 äfven
335 1372 72 27 ingick
426 1373 7 21 i
453 1373 49 22 herr
524 1373 118 22 Mechelins
662 1373 66 22 fallna
751 1373 158 27 amendement,
925 1373 43 21 kan
982 1372 33 22 för

185 1401 93 20 nämnda
293 1401 100 22 ändamål
407 1401 162 28 ifrågakomma.

253 1457 159 23 Diskussionen
428 1459 82 22 afbröts
527 1460 33 22 för
575 1467 26 14 en
617 1461 64 20 stund
697 1465 79 22 genom
792 1459 96 21 inträdet
904 1459 22 21 af
940 1465 26 15 en
977 1459 37 21 be-

183 1485 90 27 hörigen
294 1487 86 21 anmäld
403 1488 127 27 deputation
552 1488 47 22 från
619 1488 172 26 Bondeståndet,
811 1494 47 15 som
872 1488 68 21 under
956 1487 58 22 anfö-

183 1515 68 21 rande
274 1514 23 22 af
314 1516 187 22 kommunalrådet
521 1518 111 21 Meurman
653 1518 72 21 anhöll
743 1518 38 26 att,
798 1517 50 21 med
864 1516 115 27 anledning
994 1516 22 22 af

184 1543 37 21 det
240 1544 73 22 beslut
332 1545 89 23 ståndet
438 1546 65 22 fattat
519 1546 35 22 vid
569 1546 159 28 behandlingen
745 1546 23 22 af
781 1545 75 28 frågan
872 1552 34 15 om
922 1546 91 21 ordnan-
