1109 1739
412 140 40 17 Den
468 137 26 20 23
512 139 88 18 Oktober.
860 137 40 20 379

102 201 69 22 ehuru
187 201 28 22 då
229 201 74 22 latinet
319 201 7 21 i
342 202 25 21 de
383 201 68 22 första
466 202 119 26 klasserna,
601 201 34 22 för
650 203 33 20 att
699 203 69 20 större
779 201 58 22 antal
849 201 84 22 timmar

102 230 74 21 kunde
199 230 74 21 vinnas
295 230 34 21 för
351 231 36 21 det
407 231 68 21 andra
494 231 97 27 språket,
614 231 69 21 skulle
702 231 86 21 komma
805 232 32 19 att
852 231 81 20 erhålla

103 258 56 22 färre
175 259 59 21 antal
250 259 90 22 timmar.
369 259 45 21 Det
430 261 24 20 är
468 259 49 22 icke
532 260 57 21 blott
604 259 23 22 af
641 259 142 28 öfvertygelse
799 265 34 16 om
850 261 30 19 att
897 259 37 21 det

104 288 167 27 önskningsmål,
285 294 46 15 som
346 289 97 26 uttalats,
459 288 126 27 lämpligast
601 289 54 20 skall
670 289 75 21 vinnas
761 288 28 27 på
806 288 60 21 detta
881 289 51 25 sätt,

102 318 53 20 utan
172 317 71 22 derför
259 318 33 20 att
303 317 39 27 jag
357 319 24 19 är
396 317 126 28 öfvertygad
538 324 34 15 om
589 319 32 20 att
636 317 89 22 latinets
736 317 95 21 studium
842 317 6 20 i
860 316 74 27 sjelfva

103 346 77 21 verket
202 346 48 21 icke
269 346 85 27 mycket
373 346 54 21 skall
447 345 87 28 förlora,
556 347 90 20 emedan
662 346 99 22 eleverna
777 345 54 22 efter
846 351 86 22 genom-

104 375 84 26 gången
203 375 59 26 kurs,
280 375 27 21 då
322 375 77 27 ryskan
415 375 70 21 skulle
497 375 72 22 lemna
580 375 84 21 timmar
674 375 33 22 för
717 375 82 26 latinet,
815 375 2 20 i
830 375 26 21 de
867 375 66 26 högre

103 403 114 22 klasserna
232 403 61 22 skola
307 404 72 21 kunna
393 404 96 21 inhemta
506 404 37 21 det
558 404 44 21 lika
616 404 41 21 väl.
688 404 43 27 Jag
746 404 38 21 ber
800 403 85 22 således
902 405 32 20 att

106 432 7 21 i
128 432 43 22 allo
187 432 21 21 få
223 432 86 21 biträda
323 432 49 22 herr
388 432 120 22 Snellmans
525 432 87 27 förslag.

173 460 56 22 Herr
244 461 200 27 Pippingsköld:
461 462 42 26 Jag
520 462 59 21 delar
594 461 131 27 fullkomligt
739 461 50 21 berr
803 467 42 16 von
860 461 73 22 Wille-

105 490 82 21 brands
203 490 96 21 uttalade
315 490 62 27 åsigt,
395 492 32 19 att
443 496 34 16 om
493 491 67 21 saken
577 490 69 22 skulle
662 490 81 21 lemnas
761 491 77 21 endast
854 490 22 21 åt
896 496 37 21 pe-

106 518 134 28 dagogernas
256 518 123 28 afgörande,
395 519 25 21 så
435 520 70 21 skulle
521 520 21 21 vi
556 520 49 20 icke
621 519 72 21 kunna
705 519 148 21 åstadkomma
863 520 71 26 någon

104 547 125 27 förändring
244 548 7 20 i
267 548 36 21 det
319 547 60 28 syfte,
396 554 46 15 som
457 548 51 22 herr
524 548 109 22 Snellman
649 548 39 21 här
704 548 24 21 så
743 548 87 27 lyckligt
845 548 89 21 föresla-

106 576 37 27 git,
160 576 41 21 och
216 576 60 22 hvari
289 576 41 22 han
347 576 61 22 äfven
423 576 70 22 blifvit
508 578 111 20 verksamt
634 577 140 21 understödd.
805 578 37 20 Ett
858 576 77 28 tydligt

107 605 97 27 exempel
221 605 66 27 derpå
302 608 24 18 är
338 606 47 27 just
399 606 51 21 herr
465 606 112 22 Kihlmans
594 606 139 26 reservation,
749 608 22 25 ty
787 607 70 20 större
873 606 62 20 delen

106 634 23 21 af
144 634 130 27 densamma,
291 640 45 16 mer
351 637 26 19 än
393 635 37 21 två
446 635 132 27 tredjedelar
594 634 22 22 af
630 634 70 22 denna
711 634 144 27 omfångsrika
865 640 69 16 reser-

106 663 79 26 vation,
206 665 23 19 är
247 664 48 21 med
311 664 28 20 all
355 664 49 20 dess
421 664 104 21 dialektik
540 664 56 21 intet
611 665 66 20 annat
693 665 27 19 än
737 665 30 19 ett
783 664 151 20 skolmännens

107 692 53 22 eller
182 693 81 21 rättare
287 692 150 22 skolmannens
454 704 26 3 —
494 692 40 28 jag
553 693 37 21 vill
605 693 48 21 icke
669 692 141 22 subordinera
826 692 26 21 de
868 692 68 26 öfriga

106 721 70 21 under
191 721 50 21 herr
255 721 99 21 Kihlman
370 734 28 2 —
413 727 42 16 non
471 728 116 20 possumus
603 722 6 20 i
624 722 157 20 ultramontant
791 728 80 14 maner.
895 721 41 26 Jag

107 750 61 21 delar
190 749 62 22 äfven
275 750 127 27 fullkomligt
424 750 51 22 herr
494 750 161 28 Montgomerys
677 750 56 27 äsigt
753 752 32 20 att
800 750 136 21 latinstudiet

107 778 55 22 intet
178 778 69 22 skulle
263 778 78 22 förlora
357 785 77 21 genom
450 780 33 20 att
498 780 130 27 uppskjutas
644 779 33 21 till
692 786 26 14 en
728 779 67 27 högre
806 779 66 26 klass,
884 781 51 18 utan

108 809 33 19 att
160 807 39 27 jag
222 808 55 21 dock
299 808 66 26 vägar
386 808 128 26 bestämma,
539 814 34 16 om
597 808 36 22 det
653 808 55 21 skall
728 808 87 26 vidtaga
835 808 13 21 ä
863 808 72 25 andra,

107 836 71 27 tredje
195 836 52 21 eller
256 836 67 28 fjerde
334 837 95 26 klassen;
445 837 8 21 i
463 837 63 21 detta
536 836 102 22 afseende
648 838 36 20 mä
694 837 151 27 pedagogerne
856 836 79 27 afgöra,

108 865 57 21 blott
181 866 32 20 att
228 865 77 22 latinet
319 866 96 21 kommer
430 866 49 21 bort
493 866 49 21 frän
558 866 27 22 de
600 872 39 21 par
653 866 72 27 lägsta
739 865 120 22 klasserna.
887 866 50 20 Icke

108 893 107 28 pedagog,
231 894 43 21 kan
287 894 36 28 jag
338 895 47 21 icke
401 894 49 22 med
466 901 26 15 en
508 895 111 27 pedagogs
636 895 93 27 anspräk
739 895 28 27 pä
779 894 159 27 sakkunnighet

108 923 115 27 uppträda,
247 930 49 15 men
316 922 61 23 äfven
394 923 44 27 jag,
458 924 93 21 likasom
569 924 92 27 mången
677 930 69 15 annan
763 923 22 21 af
799 923 61 21 detta
874 923 64 21 stånd

108 952 40 21 har
164 952 125 26 genomgått
304 958 25 15 en
345 952 74 27 publik
435 952 62 21 skola
513 952 39 21 och
569 952 28 27 pä
612 952 69 22 första
695 952 88 21 klassen
799 952 81 27 begynt
890 952 48 21 med

109 980 119 27 gramatica
242 980 73 27 latina,
331 980 98 22 hvarföre
443 981 38 27 jag
496 981 24 22 af
534 981 122 22 erfarenhet
672 983 45 19 tror
730 981 43 26 mig
783 981 73 21 kunna
866 980 73 27 intyga

110 1011 32 19 att
162 1010 32 21 ett
209 1009 78 22 sädant
302 1009 81 22 vitsord
399 1016 46 15 som
461 1010 51 21 herr
528 1010 119 21 Snellmans
663 1011 66 26 väger
744 1016 60 15 mera
819 1011 27 19 än
862 1009 78 26 mänga

109 1037 39 22 fler
169 1037 22 22 af
209 1038 26 21 de
253 1038 62 22 lärda
329 1039 161 27 pedagogernes
508 1039 57 21 inom
582 1039 61 21 detta
657 1039 60 26 land;
741 1039 39 21 och
797 1038 80 22 enhvar
891 1038 49 21 med

110 1073 83 15 samma
209 1066 122 23 erfarenhet
345 1068 62 21 torde
422 1067 64 22 hafva
501 1068 69 21 insett
585 1069 33 20 att
631 1068 38 21 det
683 1067 93 22 latinska
792 1067 148 27 spräkstudiet

110 1095 117 27 ingalunda
248 1097 75 21 vunnit
345 1097 67 26 derpä
435 1098 33 20 att
491 1097 38 21 det
551 1097 109 26 begynnes
685 1096 24 21 sä
730 1096 64 27 tidigt
813 1097 33 20 att
863 1096 78 21 barnet

111 1124 195 28 öfveranstränges,
323 1127 103 20 uttröttas
443 1125 81 27 dervid,
534 1126 23 27 ja
568 1125 90 27 mången
669 1125 82 22 mindre
762 1125 107 27 begäfvad
880 1123 62 22 deraf

111 1153 123 22 förtröttats
253 1153 40 22 och
308 1153 107 23 förslöats.
446 1155 42 26 Jag
504 1155 81 20 räknar
600 1155 37 20 det
651 1155 50 21 herr
716 1154 115 27 Hornborg
847 1153 32 21 till
896 1155 45 20 stor

111 1182 101 27 förtjenst
227 1184 32 19 att
274 1183 41 21 han
330 1183 180 22 reservationsvis
520 1183 57 21 inom
589 1183 202 21 Besvärsutskottet
803 1182 40 22 och
853 1182 7 21 i
870 1182 70 21 dettas

111 1211 140 22 betänkande
271 1212 48 21 med
339 1211 28 22 all
386 1211 140 22 bestämdhet
540 1212 118 21 framhållit
674 1212 41 21 den
732 1212 84 27 äsigten
833 1212 32 20 att
879 1211 62 21 latin-

112 1240 83 21 studiet
209 1240 72 21 kunde
297 1241 40 21 och
353 1241 67 21 borde
436 1241 32 20 till
483 1241 29 21 de
527 1241 67 27 högre
607 1241 114 21 klasserna
731 1240 124 27 uppflyttäs.
878 1239 10 21 I
899 1239 42 21 min

111 1269 134 22 reservation
261 1269 39 21 har
313 1269 37 28 jag
365 1271 54 20 trott
434 1269 43 28 mig
493 1269 74 22 kunna
583 1269 141 28 understödja
738 1275 81 15 samma
835 1267 58 27 äsigt
902 1268 41 21 och

112 1303 65 16 anser
199 1297 44 28 mig
266 1298 83 27 skyldig
369 1299 33 20 att
421 1298 40 21 här
479 1298 74 22 vidare
573 1299 49 21 med
638 1300 32 19 ett
685 1305 40 20 par
740 1298 38 21 ord
794 1297 70 22 uttala
879 1297 43 26 mig
936 1297 6 20 i

112 1333 83 15 samma
214 1327 101 26 riktning.
345 1327 10 21 I
374 1327 88 26 Sverige
481 1327 41 22 har
536 1333 50 16 man
601 1327 66 22 redan
683 1327 57 28 gjort
755 1328 33 20 ett
803 1325 78 28 vigtigt
896 1327 48 25 steg

114 1355 22 21 ät
152 1355 38 21 det
205 1355 74 27 hället,
296 1355 40 22 och
351 1355 65 22 likväl
433 1358 36 19 äro
485 1355 150 28 fordringarna
650 1355 36 22 vid
705 1355 26 22 de
751 1355 93 22 svenska
859 1355 85 21 univer-

114 1384 79 21 siteten
209 1384 49 22 med
274 1384 100 22 afseende
390 1385 13 21 å
417 1385 78 21 latinet
510 1385 67 21 minst
591 1385 43 21 lika
649 1385 57 26 höga
721 1390 46 15 som
784 1384 35 21 vid
833 1383 49 22 vårt
897 1383 47 21 uni-

113 1413 96 21 versitet.
240 1413 156 22 Erfarenheten
411 1413 8 21 i
435 1413 89 27 Sverige
540 1416 25 19 är
580 1415 56 20 ännu
651 1413 48 22 icke
715 1413 56 27 lång,
788 1419 49 15 men
853 1412 28 21 dä
895 1418 50 15 man

114 1442 38 21 der
171 1441 66 27 vägat
257 1443 77 26 steget,
350 1441 63 22 torde
428 1442 20 21 vi
464 1442 50 22 icke
528 1442 69 21 heller
612 1441 92 23 behöfva
718 1441 74 22 frukta
808 1443 32 20 att
855 1441 40 20 här
911 1442 34 19 ut-

114 1472 51 24 taga
181 1471 43 20 det.
249 1470 56 21 Herr
319 1470 152 27 Björkenheim
487 1471 40 21 har
542 1471 99 21 hänvisat
656 1471 29 26 pä
696 1471 33 21 sin
739 1470 139 21 reservation.
904 1470 42 25 Jag

113 1498 57 22 hade
185 1499 58 21 velat
259 1500 52 26 göra
327 1499 42 26 det,
387 1505 34 15 om
436 1498 44 22 han
497 1499 51 28 sjelf
561 1499 48 22 icke
624 1499 137 21 förekommit
777 1498 49 27 mig,
843 1504 48 15 men
902 1498 43 20 min

114 1526 66 28 afsigt
195 1534 38 14 var
248 1529 33 20 att
296 1528 37 21 det
347 1528 118 26 vigtigaste
481 1528 24 22 af
518 1528 54 22 hans
583 1528 134 22 reservation
726 1527 68 21 borde
805 1527 139 25 förekomma,

115 1556 28 21 dä
162 1558 64 20 nästa
245 1556 69 27 punkt
329 1556 7 21 i
351 1556 120 22 utskottets
492 1556 139 23 betänkande
650 1557 97 21 kommer
765 1556 70 21 under
850 1554 95 23 behand-
