1109 1739
373 135 39 18 Den
429 133 26 19 29
472 133 35 18 och
524 133 22 19 31
565 135 88 17 Oktober.
861 134 39 19 463

209 198 46 23 Den
271 197 30 23 29
318 197 100 24 Oktober
433 197 97 24 klockan
547 196 62 25 elfva
624 197 53 23 före
694 197 125 29 middagen.

169 255 41 22 Till
223 255 107 28 justering
349 255 112 27 upplästes
481 255 41 22 och
541 255 125 26 godkändes
685 255 199 28 protokollsutdrag
899 255 31 22 öf-

100 291 37 16 ver
152 285 98 21 ståndets
266 284 35 21 vid
317 286 87 20 senaste
419 284 88 27 plenum
522 284 83 21 fattade
619 285 79 21 beslut.

169 342 40 21 Till
224 342 120 21 kännedom
360 341 112 28 föredrogs
489 342 41 21 och
544 341 62 22 lades
623 341 32 21 till
670 341 156 28 handlingarne
839 343 32 20 ett
881 348 49 21 pro-

96 371 164 27 Fokollsutdrag
275 370 46 22 från
336 371 170 26 Bondeständet,
522 371 148 26 meddelande,
679 372 33 20 att
727 371 87 21 ståndet
829 371 35 21 vid
874 371 56 21 före-

100 399 105 28 dragning
221 399 22 22 af
255 399 226 28 Jernvägsutskottets
503 400 99 21 anmälan
623 399 80 27 derom,
720 401 33 20 att
768 400 108 22 utskottet
891 406 39 15 nu-

100 434 60 16 mera
174 428 42 21 fått
231 430 108 25 emottaga
355 429 41 20 den
411 429 122 26 utredning,
549 434 47 16 som
613 428 22 21 af
644 429 117 21 ständerna
771 431 83 19 ansetts
866 429 64 21 önsk-

100 457 30 27 lig
152 457 41 21 och
215 457 108 27 inbegärts
339 457 7 21 i
361 457 40 21 och
421 457 32 21 för
470 457 189 27 jernvägsfrågans
678 457 91 27 lösning,
786 458 97 21 beslutat
898 457 32 21 till

100 486 217 27 Jernvägsutskottet
335 486 160 21 återremittera
518 486 50 22 dess
587 486 139 21 betänkande
744 486 41 22 N:o
803 489 8 17 1
829 487 49 21 med
894 492 36 15 an-

100 515 78 21 modan
194 515 33 21 till
240 515 109 21 utskottet
364 516 33 20 att
411 515 50 27 ingå
475 515 8 21 i
498 521 29 21 ny
541 514 100 28 pröfning
656 516 56 20 samt
727 515 32 21 till
775 516 116 21 ständerna
900 514 30 22 af-

100 542 58 28 gifva
175 544 137 21 betänkande
332 550 35 15 om
389 543 27 21 de
439 544 192 26 omständigheter,
655 544 92 22 rörande
769 544 73 22 hvilka
856 544 74 21 vidare

101 572 116 28 utredning
232 579 75 21 genom
324 572 26 22 de
366 572 109 22 utskottet
489 572 128 22 meddelade
633 572 127 23 utlåtanden
778 573 122 22 inhemtats.

170 630 120 27 Föredrogs
310 630 40 22 och
370 630 115 22 bordlades
508 630 32 21 till
558 632 65 20 nästa
637 631 87 27 plenum
739 630 191 22 Ekonomiutskot-

100 661 44 20 tets
160 659 137 22 betänkande
312 659 7 21 i
335 659 115 27 anledning
465 658 23 22 af
501 659 80 27 nådiga
595 660 169 26 propositionen,
777 660 111 26 angående
904 666 26 14 en

100 688 79 22 allmän
194 688 183 27 pensionsanstalt
391 688 33 22 för
439 688 146 22 befälhafvare
601 688 41 22 och
658 691 66 19 annat
735 688 76 28 sjöfolk
822 689 28 27 på
860 688 70 22 finska

102 717 162 28 handelsfartyg
278 723 27 15 m.
321 724 27 14 m.

170 775 34 21 Då
219 775 50 27 inga
284 774 91 22 ärender
389 774 78 22 funnos
482 776 111 26 upptagne
612 774 29 28 på
661 774 80 28 dagens
757 774 173 28 föredragnings-

100 804 58 26 lista,
175 804 76 21 afslöts
266 804 86 26 plenum
367 803 54 21 härå
435 803 93 22 klockan
543 803 46 22 half
603 803 42 22 tolf
657 804 46 21 före
718 804 119 27 middagen.

695 838 21 17 In
729 837 62 19 fidem:

597 867 70 22 Victor
681 867 25 21 de
721 868 20 21 la
759 866 100 29 Chapelle.

216 947 44 22 Den
277 947 22 23 31
317 947 98 22 Oktober
431 947 98 24 klockan
546 947 63 24 elfva
624 947 52 23 före
692 948 125 28 middagen.

171 1005 56 21 Herr
242 1005 206 21 Landtmarskalken
463 1005 145 27 tillkännagaf
622 1007 32 20 att
669 1005 77 27 pollett
760 1005 70 22 blifvit
841 1007 89 25 uttagen

101 1033 33 22 för
150 1034 71 26 adliga
237 1036 59 19 ätten
311 1034 40 21 N:o
368 1035 11 20 7
399 1033 133 22 Svinhufvud
553 1034 23 21 af
593 1034 122 27 fullmäktig
733 1035 50 21 herr
801 1041 41 15 von
857 1035 73 22 Wille-

101 1063 74 27 brand,
192 1063 107 21 Reinhold
313 1063 88 26 Robert,
418 1062 194 28 öfverstelöjtnant.

170 1120 72 21 Jemte
258 1120 37 21 det
309 1120 50 21 herr
373 1120 211 22 Landtmarskalken
603 1121 72 21 vidare
693 1121 127 22 meddelade
836 1122 33 20 att
882 1121 48 21 från

101 1149 186 26 Borgareståndet
309 1155 88 16 numera
420 1149 118 22 ankommit
560 1150 200 27 protokollsutdrag
782 1150 59 22 öfver
857 1150 37 21 det
910 1149 22 22 af

102 1179 67 26 sagde
189 1178 63 21 stånd
272 1177 7 22 i
297 1177 74 28 frågan
390 1184 34 15 om
442 1178 80 27 nådiga
540 1179 161 26 propositionen
723 1179 108 26 angående
847 1178 83 22 förord-

102 1207 51 26 ning
169 1212 34 16 om
218 1207 127 26 näringarne
360 1207 83 21 fattade
458 1207 80 26 beslut,
555 1207 99 22 erinrade
664 1207 50 22 herr
723 1207 208 22 Landtmarskalken

103 1241 35 15 om
153 1235 170 28 Ridderskapets
339 1235 40 22 och
394 1235 81 22 Adelns
491 1236 37 21 vid
546 1236 61 21 detta
623 1237 89 20 ärendes
731 1236 129 27 föregående
875 1236 56 21 före-

102 1264 105 27 dragning
222 1263 81 23 fattade
319 1264 72 22 beslut
407 1266 32 19 att
454 1265 120 26 uppskjuta
589 1265 50 21 dess
657 1265 136 27 behandling,
809 1265 55 22 intill
880 1265 50 21 dess

100 1293 185 26 Borgareståndet
300 1293 86 22 slutfört
401 1293 70 22 denna
486 1293 73 27 frågas
575 1293 166 28 handläggning,
758 1294 49 21 med
816 1294 114 26 anledning

100 1321 77 22 hvaraf
195 1321 50 22 herr
264 1321 206 22 Landtmarskalken
490 1322 51 21 ville
564 1322 63 21 hafva
647 1323 87 21 ståndet
753 1323 123 26 tillfrågadt,
898 1322 33 21 till

100 1350 83 21 hvilket
197 1350 87 27 plenum
299 1350 87 22 ståndet
401 1350 96 23 önskade
513 1351 64 40 hafva
592 1351 37 22 det
643 1351 162 27 ifrågavarande
820 1351 112 28 vidlyftiga

100 1379 224 27 protokollsutdraget
338 1379 121 27 bordlagdt.

170 1407 72 22 Sedan
257 1408 74 21 herrar
345 1407 131 22 Mechelin
501 1408 41 22 och
564 1408 204 28 Nordenskiöld,
791 1409 53 21 Karl
859 1408 70 27 Adolf,

100 1436 91 21 anhållit
206 1442 35 15 om
255 1436 156 27 bordläggning
425 1436 34 21 till
473 1436 71 23 första
562 1437 87 27 plenum
663 1437 8 21 i
687 1439 64 20 nästa
768 1438 75 26 veeka,
859 1437 73 22 beslöt

100 1465 94 26 ståndet,
209 1465 30 26 på
253 1465 155 27 framställning
423 1465 22 21 af
459 1465 51 21 herr
525 1465 216 27 Landtmarskalken,
759 1468 34 19 att
809 1466 74 22 bifalla
898 1466 32 20 till

100 1493 38 21 det
153 1493 77 27 gjorda
244 1493 108 27 förslaget,
368 1493 85 22 hvadan
469 1494 92 22 ärendet
575 1500 39 16 var
631 1494 115 27 bordlagdt
760 1494 33 22 till
806 1494 70 22 första
885 1494 46 27 ple-

100 1527 51 16 num
166 1522 7 20 i
189 1523 63 20 nästa
267 1522 74 22 vecka.
