1109 1739
221 133 41 20 350
507 134 41 17 Den
563 132 27 19 23
607 134 88 18 Oktober.

192 197 98 27 åtskiljer
306 197 41 22 den
363 197 93 22 svenska
471 197 88 22 talande
574 196 230 23 herremannaklassen
820 195 40 22 och
875 195 73 26 folket,
964 193 55 23 skall

192 226 28 21 då
239 233 52 14 vara
309 226 107 27 igenfylld.
448 226 39 21 Att
506 226 62 21 detta
582 226 43 21 mål
641 228 24 19 är
680 226 58 21 klart
752 225 33 22 för
800 225 48 21 vårt
863 224 50 26 folk,
931 224 37 21 det
982 224 38 21 be-

192 255 46 21 visa
257 255 26 21 de
299 255 77 22 talrika
390 255 124 27 petitioner,
531 255 73 21 hvilka
619 255 40 21 likt
675 261 26 15 en
716 254 84 27 mäktig
815 255 69 20 ström
898 253 122 26 framqvällt

191 283 8 22 i
218 283 43 22 alla
281 284 75 27 stånd;
376 284 37 21 det
427 284 87 22 bevisar
530 283 62 22 äfven
608 284 41 21 den
663 283 114 28 framgång
793 283 27 21 de
834 282 70 21 finska
919 281 101 22 skolorna

191 312 54 27 haft,
265 313 3 20 i
284 313 37 21 det
337 313 26 21 de
379 313 48 21 icke
441 313 106 26 någonsin
563 312 48 22 lidit
625 312 56 22 brist
695 313 29 26 på
739 312 72 21 elever
827 311 40 22 och
878 310 46 23 ofta
931 316 43 21 nog
982 312 37 19 äro

193 341 132 28 öfverfyllda.
355 341 66 28 Ingen
441 341 105 22 orättvisa
566 341 51 22 sker
635 341 127 27 härigenom
781 340 70 22 heller
870 340 37 21 det
927 339 93 21 svenska

193 370 125 26 elementet;
341 372 23 26 ty
387 371 38 21 det
447 373 24 19 är
489 370 64 26 klart,
575 372 32 19 att
623 370 93 21 svenska
731 369 74 22 skolor
819 369 8 21 i
842 369 42 21 alla
898 368 37 21 fall
950 367 70 22 måste

191 399 122 21 bibehållas
335 399 8 21 i
365 399 27 22 de
415 399 182 27 svenskspråkiga
620 399 87 22 delarne
730 398 23 22 af
766 398 82 27 landet,
864 397 67 22 redan
946 396 23 21 af
983 396 37 22 det

193 428 64 21 enkla
280 428 77 26 skälet,
381 430 32 19 att
435 428 101 22 eleverna
553 428 49 21 icke
621 428 74 21 kunna
709 427 70 21 finska
794 427 40 21 och
850 427 84 21 således
950 425 69 21 måste

192 456 127 22 undervisas
339 457 29 27 på
386 457 99 27 svenska,
505 462 48 16 men
574 456 45 22 lika
637 456 87 28 mycket
743 455 92 26 derföre,
852 457 32 19 att
900 454 62 22 äfven
978 454 41 20 den

193 485 93 21 svenska
309 485 153 27 befolkningen
484 492 52 20 eger
557 485 75 27 giltiga
651 485 95 27 anspråk
764 485 28 27 på
806 484 87 22 bildade
908 483 111 25 målsmän,

193 520 47 15 som
260 514 73 22 kunna
352 514 46 22 föra
419 514 50 22 dess
484 514 66 22 talan.
580 514 44 21 Det
639 516 24 20 är
678 521 29 15 nu
723 514 78 22 endast
814 512 62 28 fråga
892 513 79 25 derom,
988 513 32 19 att

195 543 41 21 den
259 542 76 27 fördel,
359 549 46 15 som
426 543 25 22 så
471 543 63 27 länge
549 543 91 21 kommit
655 543 41 21 den
712 543 93 21 svenska
820 541 151 27 befolkningen
987 540 33 21 till

193 572 63 26 godo,
276 572 107 27 nemligen
402 573 32 20 att
454 572 50 22 dess
520 572 67 27 språk
601 572 56 21 varit
671 572 138 26 bildningens
825 570 111 28 tungomål
951 570 7 20 i
973 570 46 20 lan-

194 600 43 27 det,
257 607 29 15 nu
305 601 68 21 måtte
392 601 87 21 komma
497 600 63 22 äfven
579 601 38 21 det
631 600 159 22 finskatalande
805 601 61 20 stora
880 599 93 21 flertalet
988 598 32 21 till

194 630 40 20 del.
255 642 27 2 —
297 630 50 21 Men
361 629 34 22 för
410 632 33 19 att
457 636 30 15 nu
503 630 134 21 återkomma
651 630 34 21 till
699 630 121 21 utskottets
836 628 143 25 betänkande,
996 627 25 21 så

193 658 69 27 ligger
285 658 50 22 dess
358 660 82 20 största
459 659 56 21 brist
534 658 52 27 deri,
606 660 33 20 att
658 658 37 22 det
714 658 49 22 icke
778 658 47 21 haft
840 658 38 21 det
893 656 127 22 omnämnda

195 687 67 21 målet
276 686 34 22 för
325 688 90 26 ögonen.
444 688 11 21 I
471 690 56 19 ännu
542 687 68 27 högre
625 688 53 26 grad
694 687 69 27 gäller
773 686 61 22 detta
842 686 135 26 naturligtvis
986 691 34 15 om

196 716 27 21 de
241 716 98 22 radikala
360 718 170 24 reservanterne,
545 716 76 22 herrar
635 716 158 27 Björkenheim,
809 714 156 28 Pippingsköld
980 714 41 21 och

196 744 130 28 Chydenius,
341 745 74 21 hvilka
429 746 51 27 vilja
494 744 70 22 införa
579 751 27 15 en
621 744 127 28 fullständig
762 744 120 22 revolution
898 744 28 26 på
934 743 86 22 skolans

196 773 95 22 område.
321 774 51 21 Med
392 774 61 21 detta
472 774 43 21 mål
530 773 33 22 för
579 775 88 25 ögonen,
683 776 47 19 tror
743 774 38 27 jag
795 773 55 26 icke,
867 774 32 20 att
914 772 108 21 utskottet

197 802 69 22 skulle
281 802 64 22 hafva
359 802 97 22 förordat
471 809 26 15 en
513 802 68 22 sådan
597 803 82 27 åtgärd,
696 808 47 16 som
758 800 263 29 tväspräkigheten
952 796 14 38 i
975 796 48 38 sko-

196 831 67 26 lorna,
284 831 87 21 hvilken
386 838 25 14 ur
426 831 133 27 pedagogisk
575 832 110 27 synpunkt
700 834 24 19 är
739 832 79 26 ytterst
833 830 111 26 betänklig
960 829 40 22 och
1015 829 6 21 i

195 860 124 27 principielt
333 860 108 27 afseende,
459 860 130 22 åtminstone
604 860 56 22 hvad
676 860 27 22 de
717 860 72 22 finska
803 860 102 21 skolorna
912 858 109 26 beträffar,

195 894 52 16 vore
268 891 33 19 ett
319 889 213 22 tillbakaskridande.
552 901 29 3 —
600 889 40 21 Om
656 889 41 21 den
712 888 149 28 pedagogiska
876 888 61 21 sidan
952 887 23 21 af
988 893 34 15 sa-

196 917 41 21 ken
259 918 96 21 anhåller
370 918 37 27 jag
426 920 33 20 att
479 918 23 21 få
516 919 58 26 yttra
589 918 43 27 mig
647 918 130 26 sedermera,
793 917 44 21 ifall
854 916 60 22 detta
928 917 96 20 moment

197 946 71 21 skulle
283 946 143 21 underkastas
442 947 94 21 särskild
551 946 218 22 diskussion.
699 941 14 36 —
724 941 39 36 För
777 948 32 19 ett
817 945 205 22 tillbakaskridande

197 975 7 20 i
224 975 121 27 principielt
365 975 103 22 afseende
486 981 64 15 anser
566 975 37 27 jag
619 975 46 22 åter
680 975 191 26 tvåspråkigheten
887 974 28 27 på
929 973 94 28 följande

197 1004 101 25 grunder.
328 1003 35 22 Då
379 1004 36 21 det
429 1003 55 23 först
498 1003 46 22 blef
557 1003 60 28 fråga
633 1010 33 15 om
682 1003 57 22 finsk
754 1003 206 26 skolundervisning,
969 1008 54 21 upp-

198 1032 91 22 ställdes
306 1033 70 20 denna
390 1033 89 27 princip,
497 1033 90 21 emedan
601 1039 49 15 man
666 1033 75 26 ansåg,
757 1033 33 20 att
805 1032 41 21 den
856 1037 51 16 vore
916 1033 32 20 ett
955 1031 67 26 lämp-

197 1061 40 26 ligt
252 1060 230 28 öfvergångsstadium,
498 1061 44 22 förr
559 1063 26 20 än
600 1063 49 20 rent
663 1061 70 22 finska
749 1061 73 21 skolor
836 1061 72 21 kunde
924 1060 99 22 erhållas.

197 1089 46 21 När
258 1090 81 21 sådana
355 1090 99 27 erhöllos,
471 1090 126 27 godkändes
612 1091 7 20 i
635 1090 40 21 och
690 1090 50 28 med
757 1089 119 22 detsamma
891 1089 133 26 berättigan-

199 1118 37 21 det
251 1117 24 22 af
289 1125 26 15 en
329 1120 50 20 rent
393 1118 56 22 finsk
464 1119 102 26 bildning.
591 1119 40 21 Om
645 1119 50 21 man
709 1125 31 15 nu
756 1118 70 21 skulle
842 1118 75 27 återgå
932 1117 32 22 till
978 1117 46 22 två-

198 1147 189 27 språkssystemet,
408 1147 26 22 så
452 1153 51 16 vore
525 1147 60 22 detta
601 1148 125 26 detsamma,
744 1153 47 16 som
807 1148 33 20 att
854 1147 78 26 fordra,
949 1147 33 20 att
997 1146 27 21 all

197 1175 98 28 bildning
310 1177 6 20 i
333 1176 61 21 detta
408 1177 51 20 land
474 1177 40 21 bör
529 1176 130 22 åtminstone
674 1176 32 21 till
722 1182 28 15 en
766 1176 34 21 del
815 1182 52 15 vara
874 1175 115 22 meddelad
996 1175 29 26 på

199 1205 99 26 svenska,
315 1205 20 21 d.
352 1211 19 15 v.
387 1211 17 15 s.
421 1205 38 22 det
473 1211 51 16 vore
539 1207 33 19 att
587 1205 75 27 återgå
677 1205 32 21 till
725 1205 43 21 den
783 1205 71 26 gamla
868 1204 111 22 fördomen
991 1209 34 16 om

199 1233 38 21 det
259 1234 94 21 svenska
374 1233 99 28 språkets
496 1234 71 21 allena
589 1233 151 28 saliggörande
762 1233 87 22 verkan.
882 1232 82 22 Härvid
986 1233 40 21 bör

198 1262 93 26 märkas,
313 1264 33 19 att
366 1263 37 21 det
421 1263 48 21 icke
484 1264 24 20 är
523 1262 61 27 fråga
599 1269 34 15 om
648 1264 33 20 att
696 1263 101 21 eleverna
811 1262 7 21 i
834 1262 27 21 de
876 1261 94 22 svenska
985 1261 40 21 och

198 1289 71 23 finska
289 1291 101 22 skolorna
409 1291 54 22 böra
478 1291 34 22 väl
527 1291 47 22 lära
589 1291 32 27 sig
637 1291 37 22 det
689 1291 68 22 andra
773 1291 95 26 språket,
884 1290 88 26 hvilket,
989 1295 36 16 en-

198 1319 41 26 ligt
258 1319 57 22 hvad
327 1319 38 28 jag
380 1321 51 25 tror,
448 1320 87 27 mycket
549 1320 78 21 lättare
643 1319 40 22 och
698 1320 46 21 lika
757 1319 34 22 väl
806 1319 43 22 kan
865 1319 160 22 åstadkommas

198 1347 29 28 på
243 1350 66 19 annat
324 1350 52 25 sätt,
392 1350 52 20 utan
460 1349 73 21 derom
549 1350 33 20 att
597 1349 37 21 det
649 1349 67 21 andra
733 1348 90 27 språket
838 1348 32 21 till
886 1354 26 15 en
928 1347 35 22 del
972 1347 54 21 skall

198 1378 106 26 uttränga
320 1377 37 21 det
372 1377 108 28 egentliga
493 1377 262 28 undervisningsspråket.
785 1377 43 21 Det
844 1376 128 22 omnämnda
981 1376 45 21 må-

198 1405 32 21 let
244 1407 87 20 närmar
345 1412 50 15 man
409 1406 34 26 sig
459 1406 65 27 enligt
539 1406 44 21 min
598 1406 57 27 åsigt
670 1407 79 21 endast
764 1411 77 21 genom
855 1405 95 22 ökandet
965 1404 23 22 af
1000 1404 26 22 de

198 1433 71 22 finska
289 1435 112 21 skolornas
421 1435 64 26 antal,
501 1435 48 21 icke
565 1441 76 21 genom
657 1435 28 21 de
699 1434 151 27 tvifvelaktiga
865 1433 99 26 resultat,
980 1439 47 16 som

198 1463 75 21 kunna
289 1463 160 21 åstadkommas
465 1469 76 21 genom
557 1463 228 27 tvåspråkssystemet.
815 1463 49 21 Den
880 1462 98 22 enklaste
992 1463 35 20 ut-

199 1493 70 25 vägen
291 1491 76 22 härvid
390 1493 24 19 är
436 1492 35 21 väl
486 1492 48 26 den,
550 1493 39 25 att,
606 1492 37 21 der
659 1492 32 27 sig
706 1492 27 21 så
748 1492 53 26 göra
815 1491 62 26 låter,
894 1490 133 26 småningom

198 1519 114 23 förvandla
331 1520 27 22 de
379 1520 94 22 svenska
490 1520 102 22 skolorna
609 1520 8 22 i
637 1520 26 22 de
683 1520 72 22 finska
772 1520 112 22 trakterna
899 1519 33 21 till
946 1518 80 28 finska;

199 1555 49 15 men
265 1549 61 21 detta
340 1551 115 20 motsätter
471 1549 33 27 sig
519 1550 108 21 utskottet
641 1548 153 29 uttryckligen.
819 1548 135 27 Visserligen
964 1550 64 26 säger
