1109 1739
219 119 41 19 124
534 121 41 17 Den
591 120 12 18 9
619 121 87 18 Oktober.

189 182 28 27 pä
233 182 26 21 de
275 183 93 25 grunder
382 183 50 22 herr
446 183 150 28 Montgomery
611 184 74 21 senast
704 182 77 27 anfört,
797 182 89 22 emedan
899 183 38 27 jag
952 189 64 17 anser

190 213 32 19 att
237 212 72 20 staten
322 211 55 22 blott
392 211 40 22 bör
448 211 71 22 lemna
534 212 77 27 bidrag
627 211 32 22 till
669 211 217 22 folkskolelärarenes
897 211 65 26 löner,
975 213 40 21 och

187 240 37 27 jag
232 240 7 21 i
248 240 61 21 detta
317 247 46 15 som
370 240 7 21 i
385 240 43 21 alla
436 240 72 27 dylika
516 240 44 27 fall,
570 241 38 21 der
616 240 37 21 det
661 240 68 27 gäller
736 241 33 20 att
777 239 101 22 befordra
891 246 26 15 en
924 241 42 26 god
975 241 40 21 och

189 271 46 19 stor
251 269 46 26 sak,
313 269 47 22 icke
375 275 64 16 anser
454 271 33 19 att
500 269 68 27 nägra
578 269 119 22 materiella
707 269 117 21 lockbeten
834 269 53 21 böra
898 269 115 22 användas.

257 297 56 22 Herr
328 298 190 27 Montgomery:
534 298 43 27 Jag
591 297 49 22 ville
655 297 99 27 genmäla
769 297 50 22 herr
834 297 87 22 Palmén
936 298 7 21 i
958 297 56 22 hvad

189 326 41 21 han
251 328 45 19 mot
318 326 43 26 mig
376 327 75 26 anfört,
468 332 49 15 men
534 327 28 20 dä
577 326 42 21 han
635 326 106 27 aflägsnat
756 326 33 27 sig
803 325 47 22 frän
865 328 97 24 rummet,
978 327 36 20 vill

187 355 37 27 jag
239 355 57 21 afstä
311 355 99 21 derifrän.
433 355 42 27 Jag
489 355 40 22 ber
543 355 58 21 blott
615 355 22 21 få
651 357 78 19 nämna
744 356 34 20 att
791 355 41 21 den
849 355 164 27 omständighet,

189 390 47 15 som
255 382 22 23 af
297 383 40 22 den
352 384 65 21 värde
439 384 83 21 talaren
539 383 117 26 anmärkts,
673 385 32 20 att
720 383 134 22 folkskolans
868 383 146 28 befrämjande

189 412 45 21 ofta
256 418 43 20 nog
321 413 58 20 skett
402 412 48 22 utaf
467 412 135 22 minoriteter
621 418 47 15 som
683 412 64 22 hafva
761 411 60 27 ifrigt
836 412 84 22 arbetat
936 412 77 26 derför,

189 441 85 21 stärker
292 440 42 21 min
353 440 142 28 öfvertygelse
514 441 73 21 derom
609 442 32 20 att
657 440 65 22 dessa
737 440 135 22 minoriteter
887 440 54 22 efter
956 441 58 21 hand

188 470 7 20 i
210 470 48 20 värt
273 469 49 21 land
337 470 59 20 vuxit
411 470 32 20 till
459 470 134 26 majoriteter
609 469 40 21 och
669 469 84 27 lyckats
769 469 147 27 genomdrifva
932 470 82 26 ganska

188 498 85 27 mycket
289 498 6 20 i
311 498 61 21 detta
387 498 110 26 afseende;
514 498 38 22 det
567 498 86 22 stärker
667 498 43 21 min
725 497 119 22 förtröstan
860 499 32 20 att
908 498 37 22 det
959 498 55 22 skall

189 527 27 27 gä
231 526 54 22 fram
301 526 28 27 pä
345 526 69 22 denna
429 529 41 25 väg
485 527 41 21 och
541 527 49 21 med
606 527 27 21 de
647 526 108 28 principer
766 532 47 16 som
823 533 29 15 nu
862 526 69 22 blifvit
940 526 72 28 följda.

188 556 42 26 Jag
245 555 39 21 ber
298 554 23 22 fä
335 557 77 20 nämna
427 557 39 25 att,
483 555 28 21 dä
524 555 132 27 meningen
643 550 13 37 i
671 555 42 21 alla
728 555 38 21 fall
776 557 24 19 är
811 557 33 19 att
854 556 159 27 statsanslagen

188 584 32 21 för
235 584 122 21 ändamålet
373 584 60 22 skola
449 584 108 22 anskaffas
573 590 77 21 genom
673 583 121 27 bevillning,
814 584 121 22 kostnaden
958 584 56 22 ändå

188 613 97 21 kommer
300 614 33 20 att
348 612 81 22 drabba
443 613 167 21 kommunernas
626 612 139 22 medlemmar
775 612 6 21 i
793 612 109 28 egenskap
912 612 24 22 af
944 613 68 21 skatt-

188 641 122 21 betalande.
340 641 43 21 Det
401 642 107 27 olyckliga
522 642 8 20 i
545 643 34 20 att
596 642 63 26 vänja
673 641 156 21 kommunerna
844 641 34 21 vid
894 643 32 20 att
941 643 72 21 staten

187 670 40 21 bör
241 670 84 27 ingripa
340 670 7 20 i
363 670 169 27 upphjelpandet
547 670 23 21 af
587 670 62 22 deras
669 670 82 21 lärares
772 669 98 27 aflöning,
887 670 67 28 ligger
967 670 47 28 just

188 698 46 22 deri
249 700 34 19 att
297 705 49 15 man
361 699 86 21 stärker
462 699 37 21 det
513 698 111 22 motständ
640 699 39 21 och
701 698 42 22 den
759 698 114 27 häglöshet
888 705 46 15 som
950 699 26 21 de
992 699 23 21 af

187 727 50 21 herr
259 726 86 22 Palmén
368 728 128 21 omnämnda
518 728 134 21 minoriteter
673 727 42 21 fått
732 728 55 20 röna
801 727 7 21 i
824 727 33 21 sin
876 728 137 21 verksamhet

187 756 32 21 för
238 755 133 22 folkskolans
392 756 46 22 sak.
468 756 44 22 Det
527 758 25 20 är
566 756 29 27 pä
611 756 64 22 dessa
691 756 46 21 skäl
749 756 40 26 jag
803 755 82 22 tilläter
900 756 43 27 mig
958 763 53 20 upp-

187 785 62 21 träda
271 783 138 29 afstyrkande
425 785 6 21 i
447 784 102 22 afseende
573 785 13 21 å
606 785 61 21 detta
682 784 81 27 anslag,
780 784 40 22 och
836 790 46 16 som
895 785 38 27 jag
948 785 64 21 likväl

186 813 84 27 hoppas
294 814 31 20 att
347 813 48 22 icke
417 813 93 22 behöfva
528 813 65 22 hafva
613 814 28 26 pä
655 813 49 21 mitt
719 814 98 20 samvete
839 814 173 21 motarbetandet

186 842 23 21 af
222 848 27 15 en
268 841 45 26 sak,
329 847 46 16 som
391 842 38 27 jag
443 842 7 21 i
465 842 69 22 likhet
552 842 49 22 med
617 842 26 21 de
659 842 64 21 ärade
739 841 76 27 talare,
831 842 72 21 hvilka
917 844 95 25 motsagt

186 870 48 27 mig,
250 876 64 16 anser
329 870 32 21 för
377 870 41 22 den
433 870 90 22 främsta
536 871 7 21 i
559 870 48 22 vårt
621 870 56 22 land.

254 899 57 21 Herr
325 899 140 22 Mechelin:
484 899 57 22 Herr
555 899 88 22 Palmén
659 899 40 21 har
713 898 50 22 med
779 898 33 22 sin
827 898 48 22 rika
890 898 122 23 erfarenhet

185 928 40 21 och
240 927 121 22 kännedom
377 927 23 22 af
414 928 61 21 detta
489 930 62 20 ämne
568 928 40 21 och
621 928 48 21 med
681 934 26 15 en
717 927 137 27 bekantskap
866 926 22 22 af
896 927 115 22 förhällan-

185 956 55 21 dena
254 956 7 21 i
276 956 79 25 landet,
372 962 46 15 som
436 957 67 21 andra
520 956 151 27 beklagligtvis
690 956 45 21 lära
751 955 76 27 sakna,
843 955 105 22 förebrätt
963 957 48 20 dem

185 991 46 15 som
249 985 48 21 icke
316 985 48 21 dela
381 985 54 21 hans
452 985 56 26 äsigt
523 985 7 21 i
546 985 70 21 denna
631 984 66 27 fräga,
714 986 33 20 att
763 984 78 21 endast
856 984 64 21 ställa
935 985 33 27 sig
983 985 28 27 pä

185 1013 108 21 allmänna
312 1013 90 22 teoriers
423 1014 87 21 omräde
525 1014 7 21 i
548 1013 75 22 stället
639 1013 33 22 för
687 1015 34 20 att
735 1013 123 21 skärskäda
872 1012 75 28 frägan
962 1015 49 20 när-

185 1048 64 15 mare.
281 1042 41 27 Jag
344 1041 36 22 vill
400 1042 48 21 icke
464 1042 117 27 uppehälla
596 1042 99 21 ständets
710 1042 32 21 tid
757 1041 51 22 med
823 1043 34 19 att
871 1041 7 21 i
894 1042 64 27 detalj
975 1048 36 15 ve-

185 1070 104 27 derlägga
311 1071 66 20 detta.
407 1071 135 22 Protokollet
565 1070 58 22 öfver
646 1071 69 21 denna
734 1069 125 22 diskussion
874 1071 62 21 torde
951 1071 59 21 inne-

184 1099 59 21 hålla
265 1099 167 27 vederläggning
455 1099 32 22 till
509 1099 72 28 fyllest
603 1099 105 22 häremot.
737 1099 52 21 Men
809 1098 38 27 jag
866 1098 80 22 erinrar
968 1099 43 27 mig

185 1129 32 20 ett
239 1127 100 28 yttrande
362 1127 22 22 af
401 1128 50 21 herr
467 1127 127 27 Schauman,
610 1128 32 26 A.,
659 1133 46 16 som
717 1127 38 27 jag
771 1127 7 21 i
794 1127 153 27 sammanhang
962 1127 49 22 här-

183 1155 50 22 med
255 1156 37 21 vill
314 1155 80 22 anföra.
424 1157 57 21 Herr
503 1157 123 21 Schauman
645 1156 51 21 sade
711 1157 33 20 att
759 1155 44 22 han
817 1155 33 22 för
866 1155 33 22 sin
914 1156 34 21 del
963 1156 48 22 icke

183 1184 116 22 betviflade
321 1186 33 19 att
373 1185 26 27 ju
424 1191 27 15 en
471 1185 79 27 ökning
565 1185 23 22 af
601 1185 158 26 statsbidraget
775 1184 32 21 till
823 1184 101 21 skolorna
939 1185 72 21 kunde

183 1213 7 21 i
212 1213 72 27 nägon
307 1213 49 21 män
378 1213 67 22 verka
466 1215 29 26 pä
517 1214 132 21 inrättandet
672 1213 23 22 af
715 1212 127 23 folkskolor.
871 1213 44 21 Det
933 1213 78 21 läteri

183 1241 75 27 sjelfva
281 1242 74 21 verket
376 1242 67 21 tänka
465 1243 44 26 sig;
532 1249 49 15 men
605 1248 34 15 om
654 1248 49 15 man
718 1248 29 15 nu
764 1243 91 25 antager
870 1243 32 19 att
918 1248 26 15 en
959 1241 52 22 eller

183 1277 71 14 annan
269 1271 62 21 skola
345 1270 85 22 utöfver
446 1271 37 21 det
499 1271 59 22 antal
573 1271 74 21 skolor
661 1277 46 15 som
718 1270 69 26 enligt
797 1270 123 21 nuvarande
930 1270 80 27 regime

183 1299 70 21 skulle
269 1299 85 21 komma
369 1299 32 21 till
421 1299 70 27 ständ,
508 1299 71 22 blefve
595 1305 88 16 snarare
698 1298 97 22 inrättad
810 1298 6 21 i
831 1298 104 22 händelse
950 1299 59 21 löne-

182 1327 100 27 bidraget
297 1327 59 26 ökas,
372 1339 27 4 —
415 1328 56 21 huru
486 1329 86 27 mycket
587 1328 69 21 skulle
672 1329 72 20 staten
761 1327 28 21 dä
803 1327 73 21 betala
890 1327 70 22 denna
970 1334 41 15 ena

183 1356 52 21 eller
251 1356 68 21 andra
333 1356 73 21 skolas
422 1357 92 26 tidigare
529 1357 128 21 kommande
672 1357 33 20 till
719 1355 80 22 ständ?
818 1355 34 26 Jo,
870 1357 76 25 58,400
962 1356 48 27 plus

183 1386 63 25 5,000
269 1385 71 26 mark;
364 1385 61 21 detta
445 1387 24 19 är
489 1385 66 22 ocksä
571 1392 26 15 en
613 1385 88 22 alldeles
717 1383 89 28 speciell
822 1383 41 22 och
878 1384 132 27 upplysande

181 1413 73 27 kalkyl
270 1413 7 20 i
293 1413 70 21 denna
377 1413 67 27 fråga.
468 1413 157 22 Erfarenheten
639 1414 43 21 kan
699 1413 105 26 åberopas
820 1412 29 27 pä
862 1413 148 26 mängahanda

181 1443 52 19 sätt.
265 1441 29 22 Sä
316 1441 63 27 länge
402 1448 50 15 man
474 1442 48 22 icke
544 1442 121 27 förelägger
684 1441 326 27 kommunalstämmoprotokoll

182 1470 40 20 och
238 1470 67 20 andra
325 1469 117 28 ojäfaktiga
457 1471 60 27 intyg
536 1471 73 27 derpä,
625 1472 33 19 att
672 1471 168 21 kommunernas
855 1469 8 21 i
877 1469 74 21 landet
965 1476 45 15 ma-

178 1498 101 26 joriteter
300 1498 49 21 lätit
367 1498 72 28 frägor
455 1505 34 15 om
508 1499 123 21 inrättande
646 1499 22 21 af
682 1498 108 22 folkskola
805 1497 57 27 falla,
878 1497 84 22 derföre
978 1500 32 20 att

182 1526 27 22 de
224 1527 57 21 blott
296 1526 46 22 haft
357 1528 68 27 utsigt
441 1527 32 21 till
490 1529 40 21 600
547 1528 40 22 och
597 1528 48 22 icke
655 1528 32 22 till
699 1529 40 20 800
750 1526 63 22 mark
822 1526 8 22 i
840 1526 134 28 subvention,
985 1528 25 21 sä
