1109 1739
418 119 40 17 Den
474 116 27 19 20
518 118 87 18 Oktober.
860 117 40 20 299

108 181 143 26 tionsreform,
268 182 33 19 att
317 187 48 15 man
385 181 68 22 borde
477 180 65 22 hafva
565 181 84 21 blicken
673 181 72 21 riktad
769 181 67 21 derät.
866 182 67 21 Detta

104 213 24 18 är
144 211 33 20 ett
191 209 97 22 framtids
304 210 131 27 perspektiv.
466 209 42 27 Jag
524 210 37 21 vill
577 209 54 22 dock
643 209 62 22 äfven
715 209 33 22 för
759 210 42 21 min
813 209 34 22 del
858 211 73 21 derom

104 241 54 24 säga
173 238 68 27 några
256 238 44 21 ord.
331 238 74 27 Enligt
419 238 44 21 min
478 238 138 27 uppfattning
627 238 69 21 skulle
707 239 27 21 de
745 240 123 21 nuvarande
877 240 54 21 Bor-

105 273 62 21 gare-
183 267 41 22 och
247 267 168 22 Bondestånden
434 267 39 21 hos
491 273 43 20 oss,
556 267 105 21 hvardera
676 267 117 27 behörigen
809 267 122 27 utvidgade,

104 297 79 26 utgöra
202 296 41 21 den
261 296 64 21 bästa
343 296 110 27 grundval,
470 296 21 21 vi
506 296 73 21 kunde
594 295 63 22 hafva
676 295 33 22 för
725 297 40 20 den
782 303 41 14 ena
838 297 94 20 kamma-

104 331 44 20 ren,
165 331 35 15 om
217 331 49 14 man
285 325 36 21 vill
340 324 64 22 hafva
419 325 36 21 två
470 325 167 26 kamrar;-men,
658 325 73 21 såsom
746 325 70 26 sagdt,
833 325 61 21 detta
908 327 24 19 är

106 356 31 19 ett
153 356 68 24 ämne,
237 359 46 16 som
298 353 47 22 icke
361 360 29 15 nu
405 353 68 27 ligger
488 353 53 22 före.
571 354 10 20 I
597 354 194 26 Borgareståndets
806 354 126 27 inbjudning

104 382 103 26 förekom,
224 382 72 21 såsom
309 383 38 26 jag
361 382 58 22 hade
435 384 52 19 äran
503 385 84 23 nämna,
605 389 26 15 en
647 383 94 26 antydan
753 382 72 22 derom
836 384 32 20 att
878 383 53 20 Bor-

104 411 142 27 gareståndet
261 411 105 27 möjligen,
382 411 44 21 ifall
443 411 50 21 dess
509 411 126 27 inbjudning
650 411 48 21 icke
714 413 97 25 antoges,
828 411 69 21 skulle
908 417 23 15 se

105 440 33 27 sig
154 439 116 22 föranlåtet
285 441 33 20 att
332 440 49 21 icke
396 440 116 26 godkänna
526 439 104 27 förslaget
645 446 35 15 om
695 440 104 27 utvidgad
809 440 123 27 näringsfri-

104 468 45 22 het.
180 469 32 21 En
227 468 68 22 sådan
311 468 95 28 antydan
421 468 43 22 kan
479 468 68 27 enligt
562 468 43 22 min
619 468 138 28 uppfattning
771 468 48 22 icke
833 475 51 15 vara
896 474 36 21 eg-

105 498 43 21 nad
168 499 33 20 att
218 497 67 22 verka
302 497 7 21 i
329 497 37 22 det
386 496 55 29 syfte
457 498 89 21 dermed
561 497 84 22 afsetts.
675 498 42 26 Jag
732 499 46 20 tror
793 499 91 21 tvärtom
900 498 33 20 att

107 527 70 21 denna
199 526 94 28 antydan
316 526 67 22 borde
402 526 40 22 hos
459 526 27 22 de
502 526 66 22 ärade
583 526 139 22 medlemmar
738 526 22 22 af
772 526 161 27 Ridderskapet

107 555 40 22 och
163 554 75 28 Adeln,
255 555 72 21 hvilka
342 555 101 27 möjligen
458 555 55 21 känt
533 555 33 27 sig
579 555 86 27 hugade
679 554 34 22 för
727 554 59 22 bifall
802 555 32 21 till
848 555 84 27 inbjud-

106 584 85 27 ningen,
207 584 66 22 verka
289 584 81 22 derhän
386 586 33 20 att
433 584 50 22 leda
497 584 220 27 uppmärksamheten
733 584 58 27 uppå
807 586 32 20 att
854 585 32 20 ett
901 583 31 21 bi-

106 612 38 22 fall
166 612 33 22 till
221 612 154 28 inbjudningen
389 612 34 22 för
441 613 136 21 närvarande
591 619 51 15 vore
657 612 34 22 för
706 613 69 27 tidigt.
806 612 40 22 Tid
862 612 71 22 dertill

106 648 52 15 vore
181 642 47 21 icke
251 642 49 21 inne
322 641 44 22 förr
389 644 28 19 än
434 642 187 26 Borgareståndet
639 642 80 21 uttalat
738 642 33 26 sig
785 642 8 20 i
807 641 76 27 frågan
898 647 34 15 om

106 670 159 28 näringsfrihet,
281 672 23 26 ty
319 670 70 22 blefve
404 670 141 28 lagförslaget
556 670 73 22 derom
639 670 22 22 af
670 670 185 27 Borgareståndet
865 670 67 22 sedan

108 699 48 22 icke
172 701 94 25 antaget,
291 699 24 21 så
335 705 52 15 vore
409 699 74 27 hvarje
506 699 127 27 uppoffring,
653 705 48 15 som
720 699 159 27 Ridderskapet
894 698 40 22 och

108 728 70 21 Adeln
193 728 62 28 gjort,
272 728 89 22 alldeles
377 728 153 26 ändamålslös,
546 728 41 22 och
602 734 49 15 man
662 728 69 22 skulle
743 728 119 22 emellertid
872 727 62 22 hafva

108 756 54 28 tagit
179 758 31 20 ett
225 757 84 27 ganska
323 758 57 20 stort
395 759 49 25 steg
459 757 91 21 tillbaka
564 757 29 27 på
607 759 68 25 vägen
687 757 32 21 till
731 757 71 21 vidare
813 756 121 27 utveckling

107 786 7 20 i
129 786 49 21 vårt
193 785 55 22 folks
264 786 179 26 representation.
473 786 43 26 Jag
531 786 67 27 vågar
614 785 84 22 derföre
708 786 157 22 vördsammast
875 785 59 21 hem-

108 814 64 22 ställa
195 814 37 22 det
254 814 160 28 Ridderskapet
429 814 41 22 och
485 814 71 22 Adeln
571 814 50 22 ville
636 814 55 22 afslå
708 814 162 28 inbjudningen;
886 820 49 15 men

109 843 27 21 då
151 843 101 27 möjligen
267 843 156 27 Lagutskottet
437 843 75 22 kunde
527 844 65 21 tveka
607 845 32 20 att
654 845 52 25 taga
721 843 92 22 initiativ
828 843 32 21 till
870 842 64 22 fram-

108 872 107 27 läggande
238 871 23 22 af
281 874 32 20 ett
335 873 48 27 nytt
405 872 306 28 sammanjemkningsförslag,
731 872 70 22 skulle
816 872 38 27 jag
873 872 62 21 äfven

108 900 75 22 förena
198 901 42 27 mig
255 901 49 21 med
320 901 26 21 de
362 901 65 21 ärade
444 901 75 27 talare,
536 907 46 15 som
592 901 81 27 påyrka
683 903 33 19 att
726 901 159 27 Ridderskapet
896 900 40 22 och

108 929 70 22 Adeln
193 930 68 21 borde
276 930 33 21 till
323 930 157 26 Lagutskottet
494 930 146 27 uttryckligen
655 929 130 23 öfverlemna
796 931 33 20 att
839 930 97 26 uppgöra

111 958 41 21 och
162 958 33 21 till
205 958 88 21 ståndet
302 958 109 22 inkomma
422 959 49 21 med
481 960 49 25 nytt
541 958 298 28 sammanjemkningsförslag
850 958 7 21 i
868 957 69 22 denna

110 986 66 27 fråga,
201 987 108 26 grundadt
330 987 28 27 på
373 987 101 27 samtliga
490 987 104 22 ståndens
610 987 73 22 beslut
697 987 7 21 i
720 987 27 21 de
762 987 60 22 delar
837 986 99 22 besluten

111 1017 190 20 sammanstämma
321 1016 41 22 och
377 1016 7 21 i
401 1015 65 28 öfrigt
487 1016 30 27 på
536 1016 57 22 hvad
612 1023 29 14 nu
657 1015 185 28 grundlagsenligt
856 1015 80 22 består.

111 1044 74 22 Skulle
202 1045 32 20 ett
248 1045 77 21 sådant
340 1045 300 27 sammanjemkningsförslag
655 1045 124 22 sedermera
793 1044 57 27 falla,
867 1044 6 21 i
884 1044 53 21 Bor-

110 1073 141 27 gareståndet
266 1074 137 27 exempelvis,
420 1074 25 21 så
459 1075 47 20 tror
519 1073 38 28 jag
573 1073 37 22 det
625 1074 84 21 komme
725 1075 33 20 att
772 1073 58 27 ligga
844 1073 8 21 i
867 1074 70 25 öppen

111 1103 42 26 dag
169 1104 33 19 att
216 1109 50 14 man
281 1102 24 22 af
318 1109 25 15 en
361 1103 52 22 eller
428 1109 70 15 annan
515 1103 70 26 orsak,
602 1109 35 15 om
651 1102 87 22 hvilken
751 1102 37 27 jag
803 1102 47 21 icke
860 1108 30 15 nu
902 1101 36 22 vill

111 1130 118 22 framkasta
244 1131 67 27 några
326 1131 161 27 förmodanden,
505 1131 39 22 der
558 1131 48 22 icke
627 1131 78 22 önskar
725 1131 70 22 denna
809 1130 71 27 frågas
898 1130 40 21 lös-

111 1159 57 28 ning.
199 1159 41 28 Jag
255 1166 108 21 upprepar
378 1161 160 21 vördsammast
552 1161 49 21 mitt
616 1160 87 27 förslag.

180 1188 56 22 Herr
258 1189 187 28 Montgomery:
475 1189 44 27 Jag
538 1189 44 22 kan
604 1189 48 22 icke
671 1190 66 20 annat
753 1190 25 20 än
794 1188 93 26 beklaga
902 1187 38 21 det

112 1217 107 27 vällofliga
234 1217 196 28 Borgareständets
446 1218 74 21 beslut
534 1218 7 21 i
557 1218 70 21 denna
641 1217 66 28 fråga,
723 1219 34 20 att
763 1217 106 26 nemligen
880 1215 59 22 stän-

113 1246 37 21 det
164 1245 40 22 har
218 1246 109 27 begagnat
345 1247 33 26 sig
396 1246 23 22 af
433 1247 40 21 den
494 1247 65 27 eljest
576 1247 57 26 goda
648 1248 93 25 utvägen
757 1248 33 19 att
805 1245 88 27 inbjuda
907 1245 33 20 till

112 1275 131 26 frängäende
265 1275 48 22 utaf
335 1277 32 20 ett
388 1275 79 27 beslut,
491 1275 29 22 dä
542 1277 57 20 ännu
615 1281 26 16 en
662 1275 109 28 jemkning
786 1275 57 21 hade
857 1273 83 22 kunnat

112 1303 168 22 åstadkommas.
311 1304 42 27 Jag
367 1303 71 23 måste
453 1304 95 27 beklaga
564 1304 69 22 denna
649 1304 77 27 åtgärd
745 1303 60 22 såväl
820 1302 49 23 med
884 1301 56 23 afse-

113 1333 54 21 ende
183 1333 14 21 å
211 1332 72 22 derför
305 1333 122 27 åberopade
449 1333 75 26 motiv,
544 1339 47 16 som
609 1333 67 22 också
691 1333 49 21 med
755 1332 101 22 afseende
872 1331 12 22 å
900 1331 41 21 den

113 1361 108 27 ställning,
237 1361 85 22 hvaruti
337 1361 76 28 frågan
432 1361 127 28 härigenom
577 1361 96 22 kommit.
703 1360 184 28 Borgareståndet
902 1359 40 22 har

113 1390 105 27 åberopat
232 1390 145 22 förhållandet
393 1391 91 21 emellan
505 1390 226 27 näringslagförslaget
750 1390 40 21 och
807 1389 41 22 den
863 1389 78 26 ifräga-

112 1419 95 22 varande
222 1419 165 27 bestämningen
401 1419 8 21 i
424 1419 24 22 L.
465 1419 32 26 O.,
515 1419 41 22 och
570 1419 57 22 hvad
644 1419 41 22 den
701 1419 66 21 saken
783 1418 67 27 angår
860 1418 25 21 så
896 1417 45 21 må-

113 1449 34 20 ste
160 1448 39 27 jag
214 1447 193 22 öfverensstämma
422 1447 50 22 med
488 1448 28 21 de
531 1447 130 28 föregående
677 1448 94 21 talarene
789 1449 38 24 att,
837 1446 62 21 äfven
908 1452 34 15 om

112 1476 25 21 L.
154 1476 25 21 O.
189 1476 122 26 qvarblefve
322 1476 137 26 oförändrad,
473 1476 128 27 visserligen
612 1476 133 27 svårigheter
755 1476 35 21 vid
801 1475 59 22 valet
869 1474 73 22 kunde

113 1505 86 27 uppstå,
223 1505 73 21 derest
317 1505 153 27 näringslagen
493 1506 91 26 antoges
603 1505 73 21 såsom
692 1504 42 22 den
749 1504 129 26 föreslagits,
894 1508 48 16 men

113 1533 65 22 likväl
198 1534 47 21 icke
266 1533 160 28 oöfverstigliga
445 1534 141 27 svårigheter.
621 1534 42 26 Jag
687 1534 70 21 måste
784 1532 67 22 också
873 1530 70 23 tillika
