1109 1739
225 133 41 23 226
525 139 40 19 Den
584 139 24 20 16
625 141 86 18 Oktober.

194 199 98 24 kommas
317 201 60 27 ,med
399 201 82 24 mindre
504 209 126 22 noggranna
655 204 155 27 anteckningar
829 203 57 22 föras
907 203 68 22 under
995 209 26 17 en

194 229 75 28 längre
287 229 52 29 följd
357 230 24 22 af
397 231 48 27 &r;*
465 238 50 15 men
530 233 79 21 sådant
623 233 97 22 material
735 233 44 21 kan
794 233 48 21 icke
858 233 79 22 samlas
952 233 70 21 under

195 259 26 21 de
232 259 37 21 två
283 260 108 27 månader,
407 266 47 16 som
469 261 24 22 af
505 261 132 28 landtdagen
653 262 88 25 återstå.
772 262 50 21 Med
838 261 101 22 afseende
954 262 14 21 å
982 262 40 21 allt

195 287 60 22 detta
269 288 37 22 vill
319 289 37 27 jag
371 295 102 22 upprepa,
487 292 32 19 att
534 291 55 21 visst
603 291 48 21 icke
671 291 112 22 bristande
798 291 119 21 arbetslust
931 291 68 26 ligger
1014 291 6 21 i

193 318 69 26 vägen
284 317 33 22 för
339 318 56 27 Lag-
414 319 39 21 och
475 319 216 22 Ekonomiutskottet
710 322 32 19 att
763 319 47 22 åter
827 321 96 26 upptaga
938 319 81 28 frågan,

193 347 53 20 utan
262 347 33 20 att
310 347 37 21 det
361 349 24 19 är
400 348 67 21 andra
481 349 73 26 motiv,
571 355 46 15 som
633 348 61 22 äfven
704 349 124 21 framhållas
844 349 7 20 i
866 349 153 21 betänkandet.

261 375 57 22 Herr
339 375 148 23 Järnefelt:
510 377 63 22 Efter
594 378 57 21 hvad
669 377 50 22 herr
739 383 41 16 von
798 377 117 22 Bonsdorff
927 378 91 27 yttrade,

193 403 25 21 så
238 403 94 22 återstår
350 405 44 26 mig
409 405 56 22 blott
480 407 39 25 att,
535 406 7 21 i
559 406 115 27 anledning
689 406 23 22 af
724 407 51 20 herr
790 406 119 21 Mechelins
924 406 95 26 yrkande

192 432 29 26 på
243 432 123 22 återremiss
385 433 33 22 för
435 436 33 19 att
488 434 61 22 stifta
569 442 26 14 en
614 435 36 27 lag
665 441 34 15 om
714 435 175 27 presterskapets
905 434 92 27 aflöning
1012 435 7 21 i

192 460 108 22 hlifvande
317 462 268 29 dissentersförsamlingar
600 464 40 21 och
655 464 26 22 de
691 464 67 21 redan
769 463 111 27 befintliga
890 464 128 21 dissenters-

191 488 184 29 församlingarna,
397 492 102 22 anmärka
518 494 34 20 att
569 492 161 28 propositionen
751 492 91 22 handlar
856 498 33 16 om
904 492 113 27 prestaflö-

191 519 78 26 ningen
287 519 8 21 i
313 520 233 27 evangelisk-luterska
565 521 156 27 församlingar,
738 522 41 21 och
799 523 33 19 att
846 521 109 21 utskottet
969 521 49 22 icke

192 549 73 20 ansett
280 548 33 27 sig
327 548 133 28 berättigadt
476 552 32 20 att
524 550 27 27 gä
567 550 128 28 derutöfver,
712 553 33 19 att
761 550 98 27 lagstifta
874 556 35 16 om
922 552 95 25 prester-

191 576 89 28 skapets
297 576 92 29 aflöning
403 578 8 21 i
425 578 68 22 andra
508 578 155 28 församlingar.

259 606 99 22 Friherre
373 607 88 28 Boije:
477 608 42 21 För
534 608 43 22 min
593 608 35 22 del
643 608 42 22 kan
696 608 39 28 jag
750 608 48 21 icke
809 609 47 20 rätt
866 607 55 22 fatta
931 608 26 21 de
967 608 49 22 her-

189 640 47 15 rars
256 634 63 28 äsigt,
339 642 47 15 som
405 637 90 27 päyrkat
516 639 32 19 att
567 637 161 27 propositionen
749 637 56 21 skall
820 637 118 21 behandlas
953 643 63 21 para-

190 662 79 28 grafvis
293 664 66 22 ocksä
378 664 23 22 af
419 665 54 27 dem,
494 672 47 15 som
561 666 48 22 icke
624 666 72 22 kunna
711 666 115 27 godkänna
842 666 42 20 den
898 666 74 27 grund,
988 666 28 27 pä

189 691 86 23 hvilken
294 692 139 28 lagförslaget
451 695 90 21 baserar
556 695 38 27 sig.
625 695 10 21 I
651 697 11 19 6
677 694 12 28 &
703 694 50 22 utaf
767 694 41 22 den
823 694 80 27 nädiga
918 695 97 27 proposi-

189 720 73 22 tionen
278 722 88 26 stadgas
381 724 145 26 uttryckligen
541 725 33 20 att
589 724 81 21 tertial-
682 724 40 21 och
737 724 211 26 tionde-spanmälen
963 724 52 21 fort-

189 748 88 24 farande
301 751 54 21 skall
377 752 52 26 utgä
450 752 47 22 frän
514 752 77 28 jorden
611 759 46 15 som
672 752 113 22 härintills.
816 752 44 21 Det
876 754 24 20 är
912 753 46 27 just
973 752 41 22 den

187 778 118 28 principen,
321 786 46 16 som
383 780 50 22 flere
445 781 69 27 jemte
524 782 44 26 mig
583 781 64 22 hafva
657 783 101 25 motsagt,
771 781 40 21 och
822 781 28 21 dä
860 781 54 21 det
901 774 11 38 i
925 781 41 21 alla
977 781 36 22 fall

187 805 25 23 är
227 807 42 22 den
284 808 198 28 hufvudsakligaste
498 810 62 22 delen
576 810 23 22 af
611 810 176 28 presterskapets
803 809 99 27 aflöning,
918 810 24 21 sä
952 810 62 22 torde

188 835 37 22 det
243 842 52 16 vara
317 838 83 26 ganska
423 839 58 21 svärt
500 840 39 25 att,
555 841 52 19 utan
627 841 33 19 att
674 838 76 28 frängä
767 839 40 21 den
823 838 71 28 gamla
910 839 102 26 grunden,

187 864 115 28 godkänna
325 873 26 15 en
372 866 55 22 enda
445 867 106 27 paragraf,
573 868 129 22 ätminstone
717 868 7 21 i
740 868 76 27 början
832 867 24 21 af
868 867 144 27 lagförslaget,

185 893 113 23 hvaremot
316 900 35 16 om
369 902 49 15 man
437 896 97 22 kommer
553 896 33 22 till
602 903 26 15 en
643 896 258 28 löneregleringskomit6,
918 896 37 22 det
970 897 43 21 kan

187 922 136 28 godkännas;
339 930 48 15 men
401 924 38 28 jag
453 925 43 21 kan
511 925 48 22 icke
574 925 55 22 fatta
643 926 56 21 huru
715 926 27 20 de
759 925 62 21 skola
836 932 29 14 nu
880 925 132 27 paragrafvis

185 951 73 22 kunna
273 953 94 25 granska
384 953 144 27 lagförslaget,
546 960 47 15 som
607 954 48 21 icke
671 954 96 27 godkänt
783 954 41 21 den
840 954 75 27 grund,
931 954 82 27 hvarpä

186 979 61 22 detta
261 980 117 28 lagförslag
393 983 24 20 är
431 982 73 27 bygdt.
528 983 43 21 Det
581 983 90 26 stadgas
687 985 15 19 t.
719 989 33 15 ex.
768 982 7 21 i
791 982 45 27 28:
850 981 104 28 ,afgifter,
966 989 45 15 som

185 1007 47 22 från
248 1015 27 15 en
289 1009 124 28 församling
428 1011 33 21 till
476 1011 163 28 presterskapet
653 1013 97 25 utgöras,
762 1011 35 21 mä
812 1011 48 21 icke
876 1011 33 21 till
918 1011 94 27 aflöning

186 1036 23 21 af
222 1043 71 16 annan
307 1037 135 30 församlings
458 1041 61 26 prest
532 1041 129 21 användas*.
684 1041 45 21 Det
739 1042 26 19 är
775 1040 85 21 säledes
871 1040 56 21 inom
938 1040 73 27 hvarje

185 1065 126 29 församling
328 1073 47 16 som
393 1068 70 22 denna
483 1069 72 22 tertial
571 1069 55 21 skall
641 1069 110 22 användas
768 1069 32 20 till
816 1068 94 27 aflöning
925 1069 23 21 ät
962 1075 49 21 pre-

185 1095 130 27 sterskapet,
337 1096 40 21 och
395 1097 40 21 den
455 1098 102 27 vederlag
575 1097 24 22 af
615 1097 150 26 kronotionde,
785 1103 46 16 som
848 1097 22 22 af
884 1098 127 21 statsmedel

184 1122 39 27 fäs,
245 1125 64 26 utgör
329 1131 26 15 en
375 1125 25 22 sä
414 1126 61 27 ringa
491 1126 34 22 del
540 1127 7 20 i
560 1126 123 27 jemförelse
698 1127 50 21 med
765 1126 106 25 tertialen,
888 1128 32 19 att
936 1127 74 20 svärli-

184 1157 41 21 gen
245 1152 123 28 derigenom
387 1155 72 26 någon
477 1155 107 27 reglering
603 1155 42 21 kan
663 1155 169 22 åstadkommas.
862 1155 34 21 De
916 1155 46 21 små
980 1155 30 22 af-

183 1180 70 27 gifter,
269 1183 163 27 presterskapet
447 1190 29 15 nu
491 1184 98 27 uppbära
602 1184 75 26 skulle,
689 1185 74 20 säsom
779 1190 26 15 en
821 1183 35 22 del
872 1184 67 21 talare
954 1183 56 22 före-

183 1209 70 27 slagit,
269 1211 86 21 komma
371 1213 32 20 att
417 1212 87 27 utbytas
525 1213 40 21 och
583 1213 114 22 försvinna.
727 1213 44 26 Jag
785 1213 43 20 kan
843 1212 48 21 icke
905 1212 57 21 finna
978 1214 33 20 att

183 1243 49 16 man
247 1245 78 21 genom
341 1240 60 21 detta
415 1241 117 27 lagförslag
546 1241 74 22 vinner
635 1242 66 27 nägot
715 1243 68 20 annat
799 1243 26 20 än
841 1243 33 19 att
887 1241 64 22 dessa
960 1248 49 20 per-

183 1267 73 22 sedlar
270 1267 122 24 förvandlas
407 1269 8 22 i
428 1270 119 27 penningar
562 1271 41 20 och
617 1270 66 22 blifva
698 1270 83 28 dyrare.
811 1270 63 21 Hvad
889 1270 120 27 uppbörds-

182 1297 68 20 sättet
265 1297 109 27 beträffar,
390 1304 46 15 som
452 1299 66 21 ocksä
533 1305 27 15 en
575 1299 53 21 ärad
638 1299 75 26 talare,
725 1299 52 21 herr
787 1298 111 27 Järnefelt,
909 1299 100 21 framhäl-

181 1323 32 27 lit,
229 1325 25 21 sä
269 1325 139 23 föreskrifver
423 1327 37 22 det
477 1327 112 28 förelagda
606 1327 142 28 lagförslaget
763 1329 33 20 att
811 1327 127 27 uppbörden
953 1327 55 22 skall

181 1353 130 22 verkställas
335 1354 23 22 af
373 1355 228 23 kommunalnämnden
623 1357 51 21 eller
692 1362 80 21 genom
791 1355 22 22 af
829 1356 129 21 kommunen
973 1358 35 19 ut-

181 1381 67 22 sedde
264 1382 179 29 förtroendemän,
455 1391 49 15 men
514 1391 49 15 man
578 1385 88 27 medger
679 1385 8 22 i
703 1391 84 16 samma
802 1385 18 27 8,
837 1387 33 19 att
884 1385 7 21 i
901 1385 36 21 fall
947 1387 61 25 prest

181 1410 41 21 och
244 1410 125 29 församling
392 1413 73 22 derom
484 1413 190 27 öfverenskomma,
695 1414 25 21 sä
741 1414 36 21 mä
795 1414 36 21 det
846 1413 40 22 ske
902 1413 54 22 efter
971 1414 37 21 det

181 1439 71 26 gamla
275 1442 77 25 sättet;
376 1441 82 22 sådana
477 1444 37 20 äro
534 1442 91 27 ungefär
639 1443 101 26 samtliga
756 1443 136 26 stadganden
906 1443 7 20 i
928 1441 79 28 lagför-

181 1467 71 27 slaget
275 1468 20 22 d.
318 1476 19 14 v.
357 1475 16 15 s.
394 1472 33 19 att
447 1471 37 21 det
502 1471 42 21 kan
560 1471 38 21 ske
614 1471 24 27 si,
654 1478 48 14 men
718 1471 45 21 kan
778 1471 68 21 ocksä
861 1471 39 21 ske
916 1471 30 21 sä.
976 1471 32 21 Pä

180 1495 65 23 dessa
267 1497 49 21 skäl
338 1498 43 21 kan
401 1499 38 27 jag
458 1499 48 21 icke
526 1502 65 20 annat
607 1502 26 19 än
648 1500 101 25 vidhälla,
766 1499 56 21 hvad
835 1500 39 26 jag
888 1498 58 22 förut
960 1498 47 23 haft

179 1526 53 21 äran
252 1526 81 26 anföra,
354 1527 40 21 och
409 1528 66 27 yrkar
489 1528 29 27 pä
533 1530 33 20 att
580 1528 139 28 lagförslaget
736 1530 52 20 utan
803 1528 74 22 vidare
892 1528 111 22 förkastas.

247 1554 58 22 Herr
319 1555 146 23 Mechelin:
480 1557 42 27 Jag
536 1558 39 21 har
590 1558 76 26 begärt
681 1557 65 22 ordet
761 1557 77 22 endast
853 1556 33 23 för
900 1558 34 20 att
943 1556 63 23 fram-
