1109 1739
426 127 41 17 Den
484 125 26 19 13
526 126 88 18 Oktober.
860 126 40 20 183

100 188 107 23 kastande
223 189 24 22 af
261 189 26 21 de
303 188 86 28 förslag,
405 196 47 15 som
467 189 68 22 finnas
551 189 8 22 i
574 189 42 22 den
631 189 68 21 andra
713 190 162 23 reservationen
889 190 41 23 och

100 217 121 23 utskottets
237 217 137 23 betänkande
389 218 141 22 framställda.

170 247 56 22 Herr
242 246 147 27 Snellman,
405 247 19 22 J.
441 247 32 21 V.:
505 248 44 21 Det
565 253 51 15 vore
632 247 58 21 orätt
705 248 34 20 att
753 247 118 28 uppehålla
886 249 44 21 dis-

101 275 125 28 kussionen,
244 282 33 15 om
293 275 47 22 icke
357 275 41 22 den
413 275 90 28 princip,
520 282 48 15 som
583 277 24 20 är
622 275 7 21 i
644 275 68 27 fråga,
728 282 51 15 vore
796 276 23 21 af
833 277 25 21 så
872 283 58 22 myc-

100 303 44 22 ken
163 305 51 26 vigt,
235 305 39 21 och
288 304 38 27 jag
341 305 68 21 skulle
425 305 68 21 heller
508 305 49 21 icke
572 304 74 21 vidare
661 304 65 21 hafva
739 305 58 26 tagit
811 305 33 22 till
860 306 69 27 ordet,

102 338 34 15 om
158 333 48 22 icke
228 333 51 22 herr
298 333 149 28 Montgomery
467 333 55 22 hade
542 333 8 21 i
565 333 75 27 frågan
655 334 69 26 yttrat
739 333 32 27 sig
787 334 41 21 och
844 341 34 15 om
891 335 39 27 jag

100 361 48 22 icke
169 362 69 21 skulle
253 362 78 26 känna,
347 362 87 21 hvilken
449 363 46 26 vigt
511 363 54 20 hans
581 362 100 27 yttrande
697 361 40 22 har
752 362 33 21 för
799 362 83 28 frågors
898 363 31 22 af-

101 391 96 26 görande
219 391 28 27 pä
269 391 60 21 detta
351 398 54 14 rum.
435 391 56 22 Herr
507 391 149 27 Montgomery
671 391 40 21 har
725 391 7 20 i
747 391 32 21 sin
794 392 135 22 reservation

101 419 61 21 ställt
185 419 33 27 sig
237 419 29 27 pä
285 420 119 21 utskottets
420 420 108 21 allmänna
543 419 140 27 ständpunkt,
699 419 92 27 hvilken,
808 421 71 21 sävidt
890 421 39 27 jag

100 447 86 27 förstär,
203 450 24 19 är
242 448 47 26 den,
307 450 32 19 att
353 448 48 22 värt
416 448 50 22 land
481 448 103 22 behöfver
600 448 181 27 öfversättningar
796 448 54 23 ifrän
864 448 64 23 främ-

100 476 79 22 mande
201 477 114 26 litteratur,
340 478 39 20 och
402 477 33 21 för
457 479 33 19 att
512 477 48 21 fritt
578 476 22 22 fä
615 476 125 27 öfversätta,
756 478 54 21 böra
824 478 22 22 vi
862 478 66 22 ocksä

101 504 92 22 förunna
211 506 120 27 fullkomlig
345 506 66 22 frihet
425 508 33 19 att
472 505 121 23 öfversätta
607 505 47 22 från
669 506 38 21 vär
721 506 117 22 litteratur.
868 507 10 21 I
893 508 35 20 ut-

101 534 95 21 skottets
218 535 128 27 motivering
367 535 124 21 framhälles
511 535 107 26 nemligen
637 534 67 22 detta.
734 535 115 22 Utskottet
864 538 64 25 säger

101 562 101 26 ungefär:
227 564 90 21 emedan
338 564 145 21 förhällandet
502 564 92 22 emellan
614 563 133 21 främmande
761 564 110 21 litteratur
886 564 42 22 och

100 592 49 21 värt
171 592 62 22 lands
256 592 109 22 litteratur
387 593 40 21 bör
448 593 93 21 sälunda
560 592 73 27 fattas,
654 592 25 21 sä
698 592 43 21 kan
756 593 109 21 utskottet
879 593 49 21 icke

100 620 75 27 undgå
197 623 32 19 att
251 621 45 21 låta
315 627 81 16 samma
415 622 122 26 stadgande
557 621 57 27 gälla
628 621 49 21 med
693 620 102 23 afseende
811 622 13 20 å
840 622 41 21 den
896 622 31 21 in-

100 649 92 21 hemska
206 650 135 22 litteraturen
356 650 29 28 på
401 650 26 22 de
442 650 57 22 båda
515 650 70 22 skilda
600 650 113 21 inhemska
728 650 100 27 språken.
851 650 77 22 Denna

101 678 134 27 ståndpunkt
258 685 63 21 synes
341 679 44 27 mig
405 679 61 21 äfven
485 679 52 21 herr
556 679 150 27 Montgomery
723 679 8 21 i
746 679 32 21 sin
793 679 135 22 reservation

100 706 109 22 fasthålla.
240 708 50 21 Men
305 708 42 21 han
363 708 64 22 söker
442 708 72 21 lindra
528 708 190 26 konseqvenserna
733 714 77 20 genom
821 710 32 19 att
860 708 67 21 likväl

100 735 121 22 förbehålla
243 742 26 16 en
288 736 112 22 författare
417 736 135 28 rättigheten
567 737 33 21 till
615 736 156 27 öfversättning
787 736 23 22 af
823 737 39 21 sitt
877 738 51 26 eget

101 764 75 22 arbete
196 771 26 15 en
237 765 87 22 kortare
339 766 38 21 tid.
407 766 137 21 Verkställes
558 766 48 21 icke
622 764 183 28 öfversättningen
820 766 58 21 inom
893 768 34 19 tre

101 794 24 20 år
143 793 29 27 på
190 793 138 23 författarens
347 794 172 22 föranstaltande
538 794 41 22 och
594 794 49 21 med
658 794 54 21 hans
727 794 158 27 berättigande,
902 794 25 21 så

100 822 33 21 får
149 822 62 22 hvem
227 829 46 15 som
287 823 58 21 helst
360 823 118 21 öfversätta
492 823 56 21 hans
564 823 80 21 arbete.
675 823 51 21 Men
740 822 45 22 ifall
799 822 128 22 författaren

100 851 8 21 i
130 851 39 21 sitt
188 858 63 14 namn
270 851 66 27 gifver
351 854 25 19 ut
391 852 192 26 öfversättningen,
600 858 51 20 eger
665 852 43 21 han
723 852 69 27 skydd
808 854 57 19 ännu
880 852 46 21 län-

100 886 38 20 gre
154 880 38 21 tid.
223 880 56 22 Hela
295 880 60 22 detta
369 887 159 21 resonnemang
544 881 69 21 skulle
626 880 38 28 jag
679 886 58 21 anse,
754 880 24 22 så
791 880 136 27 konseqvent

101 908 37 22 det
153 910 27 20 än
196 909 43 21 kan
255 916 70 20 synas,
341 916 52 15 vara
407 910 46 21 helt
469 910 41 21 och
525 910 68 21 hållet
607 910 68 26 bygdt
690 910 29 26 på
733 910 61 20 lösan
809 909 61 21 sand.
896 910 31 27 Ty

100 937 40 21 här
162 938 43 20 kan
227 938 40 21 hos
287 944 36 15 oss
341 938 66 21 blifva
422 938 84 27 ganska
520 938 50 21 litet
585 938 60 27 fråga
661 944 34 15 om
709 937 155 28 öfversättning
879 937 47 22 från

100 965 133 23 främmande
249 967 72 26 språk.
345 967 31 27 Ty
392 967 88 27 Sverige
495 967 72 21 förser
576 973 35 15 oss
621 967 24 21 så
653 967 124 26 tillräckligt
785 967 50 21 med
844 967 82 20 sådana

100 993 181 29 öfversättningar
295 995 55 22 ifrån
365 995 132 22 främmande
513 996 110 21 litteratur
639 995 40 22 och
695 995 32 21 till
743 997 31 19 ett
789 995 77 21 sådant
873 995 52 27 pris,

100 1023 91 22 emedan
213 1024 114 22 derstädes
350 1024 211 27 öfversättningarna
583 1023 92 27 utgifvas
698 1024 8 21 i
724 1025 69 20 större
813 1024 112 27 upplagor,

101 1054 33 19 att
153 1052 63 27 ingen
235 1053 40 20 här
292 1053 42 21 kan
353 1053 52 22 täfla
420 1053 49 22 med
485 1054 72 21 denna
573 1053 92 22 svenska
680 1052 244 27 öfversättningsfabrik.

102 1081 46 21 Och
167 1081 20 21 vi
205 1081 64 22 hafva
283 1088 46 15 mer
344 1085 26 18 än
386 1082 127 27 tillräckligt
528 1082 23 21 af
565 1083 40 20 den
619 1088 73 20 varan,
709 1082 70 21 såsom
795 1087 50 16 man
859 1081 67 22 också

101 1110 6 21 i
123 1109 88 28 Sverige
226 1110 41 21 har
281 1117 45 15 mer
341 1113 27 19 än
384 1111 127 27 tillräckligt
527 1110 66 27 deraf,
610 1111 67 21 ehuru
693 1117 49 14 man
758 1111 37 20 der
804 1111 72 20 ansett
884 1110 42 21 den

102 1139 107 21 allmänna
230 1139 123 28 bildningen
375 1146 52 15 vara
442 1140 110 21 beroende
569 1139 22 22 af
605 1141 32 20 ett
652 1139 78 22 sådant
744 1138 130 28 fullkomligt
888 1138 38 22 fri-

100 1167 165 28 bytaresystem,
285 1169 24 20 så
327 1170 33 19 att
374 1175 48 14 man
438 1169 63 27 yrkat
518 1170 33 20 att
567 1168 87 27 Sverige
670 1168 68 27 aldrig
753 1168 40 21 bör
807 1168 51 26 ingå
872 1167 54 22 kon-

100 1196 112 21 ventioner
228 1197 49 21 med
292 1197 131 22 främmande
439 1197 78 22 länder
532 1203 35 16 om
583 1197 68 28 skydd
665 1197 34 21 för
713 1197 84 21 litterär
813 1196 111 27 egendom.

99 1225 91 27 Följden
207 1225 22 22 af
244 1226 70 21 denna
329 1226 106 21 oerhörda
451 1226 279 27 öfversättningslitteratur
744 1225 8 21 i
768 1225 94 26 Sverige,
878 1231 47 15 som

100 1254 33 21 till
152 1256 46 19 stor
213 1254 35 22 del
263 1256 88 25 utgöres
367 1255 22 21 af
403 1254 182 28 öfversättningar
600 1254 55 22 ifrån
671 1255 66 20 andra
751 1254 87 21 länders
854 1253 72 27 dåliga

99 1283 116 26 litteratur,
231 1283 41 22 och
287 1283 23 21 af
323 1284 72 27 dåliga
411 1283 183 28 öfversättningar
609 1283 23 22 af
641 1277 60 38 denna
710 1283 121 25 litteratur,
845 1281 81 28 följden

100 1311 22 21 af
136 1312 71 21 denna
222 1311 171 28 öfversvämning
407 1313 40 20 har
461 1313 64 26 varit,
542 1315 33 19 att
589 1313 63 26 ingen
663 1312 97 21 inhemsk
770 1312 110 21 litteratur
888 1311 38 22 der

100 1340 43 21 kan
158 1341 69 26 bestå,
245 1341 89 22 emedan
349 1341 38 22 det
402 1342 41 26 dag
457 1341 34 22 för
508 1341 43 27 dag
565 1341 42 22 blir
621 1341 87 21 svårare
723 1340 32 22 för
763 1341 41 20 den
812 1340 114 21 inhemska

100 1369 137 22 litteraturen
260 1371 33 20 att
315 1370 63 21 vinna
395 1370 77 22 läsare.
504 1370 28 21 Vi
550 1370 45 21 lida
609 1369 23 22 af
645 1375 82 16 samma
741 1369 83 27 följder,
842 1368 40 21 och
898 1368 27 22 de

99 1397 87 22 komma
207 1398 75 21 säkert
304 1400 32 20 att
353 1399 86 26 tilltaga
453 1399 7 21 i
476 1399 97 26 skadligt
585 1398 117 28 inflytande
717 1397 61 22 äfven
793 1398 40 21 hos
850 1403 36 15 oss
902 1397 24 22 år

100 1426 32 21 för
148 1427 29 21 år.
208 1427 44 21 Det
267 1429 24 19 är
307 1427 76 22 endast
399 1427 42 22 den
455 1427 73 22 finska
543 1427 143 26 litteraturen,
703 1433 46 15 som
764 1427 42 20 kan
816 1425 64 22 hafva
888 1426 38 21 nå-

100 1457 37 24 got
160 1461 56 21 gagn
234 1455 23 21 af
273 1456 131 27 rättigheten
420 1458 33 19 att
467 1458 55 25 göra
538 1456 180 26 öfversättningar
732 1455 46 21 från
793 1455 133 21 främmande

100 1484 72 26 språk.
203 1484 50 21 Men
269 1484 36 22 det
321 1487 24 19 är
361 1484 24 22 så
400 1484 48 22 litet
463 1483 69 27 häraf,
550 1490 47 16 som
606 1485 45 26 här,
661 1484 130 21 åtminstone
799 1482 125 27 tillsvidare,

99 1512 42 21 kan
160 1512 161 28 ifrågakomma,
338 1513 41 21 och
395 1514 40 20 den
448 1513 72 22 finska
534 1512 138 23 litteraturen
688 1515 24 19 är
727 1519 26 15 en
769 1512 24 22 så
808 1512 62 26 ringa
884 1511 41 22 och

98 1540 48 22 från
164 1541 51 21 hela
229 1542 90 21 verlden
334 1548 27 15 en
376 1542 25 23 så
416 1541 113 28 aflägsnad
544 1542 46 27 sak,
606 1544 33 20 att
655 1541 74 22 säkert
743 1542 64 26 ingen
822 1539 104 23 utländsk
