1109 1739
431 126 39 17 Den
487 125 12 17 5
516 125 87 18 Oktober.
854 123 27 21 97

88 195 26 14 en
130 188 86 27 vikarie,
232 188 84 21 hvilken
333 194 49 15 man
397 189 69 21 måste
483 190 81 25 antaga
579 188 55 21 dock
649 188 48 21 icke
712 188 48 21 fullt
775 188 24 21 så
815 188 38 21 bra
863 188 49 21 skö-

88 219 34 19 ter
137 217 41 22 den
193 224 46 15 som
255 216 105 22 ordinarie
376 217 107 26 domaren,
501 217 28 21 då
543 217 43 21 han
600 217 99 26 vanligen
709 219 24 19 är
748 223 71 21 yngre,
833 217 79 22 oerfar-

88 252 52 15 nare
162 247 40 21 och
225 246 116 25 dessutom,
366 246 71 21 såsom
459 246 49 21 icke
528 245 165 27 stadigvarande
712 246 36 21 vid
762 246 94 27 tjensten
872 245 40 22 och

89 274 66 23 oftast
175 277 51 19 utan
247 274 101 21 säkerhet
367 276 33 19 att
414 274 88 22 behålla
519 275 47 26 den,
581 275 48 20 icke
643 274 40 21 har
699 274 114 27 tillräcklig
829 280 85 20 omsorg

89 310 34 15 om
146 304 128 21 densamma.
305 303 43 21 Det
369 303 40 21 blir
432 303 86 22 således
542 303 113 22 domarens
675 304 71 25 utväg,
765 304 33 20 att
813 303 100 26 antingen

89 333 53 21 söka
157 334 32 19 att
203 331 50 22 med
268 332 78 21 brutna
361 331 83 22 krafter
455 331 134 22 fortfarande
599 331 33 22 för
643 332 38 21 sitt
691 331 34 22 lifs
737 331 103 28 bergning
850 332 64 21 sköta

88 361 95 28 tjensten
205 361 41 21 och
268 361 134 26 naturligtvis
426 361 27 21 då
469 361 65 21 sköta
554 361 41 27 den
610 361 82 21 mindre
708 360 204 26 tillfredsställande,

90 390 51 21 eller
164 390 65 26 draga
251 389 32 27 sig
305 389 90 22 tillbaka
416 390 49 21 med
489 396 28 15 en
538 389 143 27 nödpenning,
701 389 114 28 otillräklig
833 389 33 22 för
881 389 33 21 sin

88 419 104 26 bergning
210 418 41 21 och
269 418 56 21 ändå
343 419 106 26 betungas
471 418 22 21 af
511 418 152 22 medvetandet
683 420 32 19 att
730 419 93 26 tjensten
840 419 72 20 skötes

89 447 82 21 mindre
193 447 40 21 väl.
264 447 41 26 Jag
328 447 69 21 skulle
419 447 86 21 således
529 453 52 15 anse
601 447 37 21 det
655 453 46 15 som
717 453 26 15 en
759 447 94 21 särdeles
870 448 44 20 öm-

89 476 77 21 mande
189 475 67 27 fråga,
279 478 32 18 att
334 476 111 21 orkeslöse
468 476 42 21 och
533 476 131 26 ålderstigne
689 476 92 26 domare,
802 482 46 15 som
866 475 48 22 icke

89 504 69 22 förmå
178 505 63 21 sköta
261 504 38 22 sitt
317 504 146 22 mödosamma
479 504 92 27 embete,
588 504 69 22 skulle
672 504 141 22 tillförsäkras
830 506 32 20 ett
878 510 36 16 an-

90 533 96 33 ständigt
208 533 113 21 underhåll
342 533 32 21 till
397 533 107 27 dödedag.
534 533 119 27 Härvidlag
675 540 64 14 anser
755 534 38 26 jag
808 540 26 14 en
849 534 66 25 utväg

90 568 56 21 yppa
166 562 33 26 sig
217 562 46 27 just
283 568 34 15 om
337 568 50 15 man
402 562 70 22 skulle
488 562 98 22 använda
602 562 129 21 åtminstone
747 568 26 15 en
789 562 34 21 del
839 562 23 21 af
875 562 40 20 den

90 591 120 27 besparade
232 591 285 32 lagmanstingsgästningen
540 591 33 21 till
595 591 82 21 sädana
699 591 114 27 pensioner
829 590 33 22 för
878 590 36 22 do-

90 626 66 20 mare,
179 619 40 21 och
241 620 66 26 vägar
327 620 36 32 jag
386 620 71 21 derför
476 620 112 21 vördsamt
608 620 85 26 föreslä,
711 621 32 20 att
757 619 159 32 Ridderskapet

92 648 39 22 och
152 636 70 34 ”Adeln
240 648 49 21 ville
309 648 32 22 uti
359 649 60 21 detta
434 648 55 22 sista
506 649 74 27 stycke
595 649 74 27 intaga
684 655 25 15 en
726 649 91 27 antydan
834 654 34 16 om
884 648 32 21 sin

92 677 88 26 önskan,
197 679 32 19 att
244 677 126 27 regeringen
385 678 68 21 måtte
469 678 7 20 i
492 678 79 21 sådant
585 678 123 21 hänseende
724 676 114 23 framdeles
853 676 63 22 fram-

90 706 64 27 lägga
169 706 87 27 förslag.

159 734 34 22 Då
215 735 64 27 ingen
301 741 70 15 annan
394 734 23 22 af
433 735 100 21 ständets
552 735 139 21 medlemmar
711 735 95 21 önskade
821 734 94 22 vidare
902 730 15 36 i

92 764 69 21 denna
182 763 60 27 fräga
264 764 57 26 yttra
343 764 39 26 sig,
407 763 40 22 och
465 764 51 21 herr
535 764 116 21 Järnefelts
668 763 80 27 förslag
763 763 90 21 sälunda
867 763 48 21 icke

91 792 75 22 vunnit
180 792 125 26 understöd,
321 792 71 22 kunde
409 792 121 22 detsamma
544 792 48 22 icke
603 792 86 22 komma
698 792 67 21 under
776 792 138 26 omröstning,

92 822 52 20 utan
167 821 71 21 beslöt
260 821 159 26 Ridderskapet
441 821 41 21 och
498 822 75 25 Adeln,
592 822 29 26 pä
633 821 50 21 herr
698 821 218 21 Landtmarskalkens

92 849 161 27 framställning,
271 851 32 20 att
317 850 77 21 endast
409 850 117 26 godkänna
543 850 119 21 utskottets
677 850 86 26 förslag,
783 849 133 22 beträffande

92 878 127 22 ständernas
245 878 147 28 underdäniga
419 879 120 26 utlåtande,
567 878 110 27 angående
701 878 215 28 lagmanstingsgäst-

93 913 85 21 ningen.

159 936 56 21 Herr
230 936 207 21 Landtmarskalken
452 935 159 22 öfverlemnade
626 936 53 21 härå
694 936 32 21 till
745 936 98 21 ståndets
858 935 57 27 pröf-

92 964 51 27 ning
158 965 40 21 den
215 963 22 22 af
251 965 107 21 utskottet
373 964 122 27 föreslagna
511 965 136 26 inledningen
658 965 31 20 till
701 965 127 21 ständernas
839 965 77 21 under-

93 993 78 27 dåniga
185 999 56 16 svar.

160 1022 56 21 Herr
234 1022 129 21 Mechelin
382 1021 68 22 erhöll
470 1021 78 22 härvid
568 1022 61 21 ordet
645 1022 40 21 och
699 1022 94 27 yttrade:
817 1021 33 22 De
865 1021 53 22 inle-

93 1051 69 21 dande
177 1051 45 26 ord,
239 1051 107 21 utskottet
361 1050 111 27 föreslagit
487 1050 33 21 för
536 1050 37 21 det
587 1051 146 26 underdåniga
748 1052 77 24 svaret,
842 1050 77 22 beröra

92 1079 233 27 häradshöfdingarnes
341 1079 141 22 ekonomiska
498 1079 107 26 ställning.
635 1079 43 21 Det
693 1079 61 22 torde
769 1079 85 22 således
870 1079 47 22 icke

92 1115 52 14 vara
158 1108 89 21 alldeles
263 1107 120 28 obefogadt,
401 1110 32 19 att
448 1108 76 21 härvid
539 1108 69 21 väcka
622 1107 62 28 fråga
703 1114 33 15 om
753 1114 26 15 en
795 1107 22 22 af
831 1108 26 21 de
873 1114 43 15 om-

94 1137 153 27 ständigheter,
265 1143 44 15 som
325 1137 87 21 inverka
423 1137 28 26 pä
462 1136 233 27 häradshöfdingarnes
707 1137 139 21 ekonomiska
857 1137 59 21 ställ-

93 1166 56 27 ning.
179 1166 42 27 Jag
243 1172 73 15 menar
335 1165 106 27 nemligen
462 1165 128 27 sportlarne.
621 1165 33 21 Då
669 1172 28 14 nu
713 1172 40 21 nya
767 1165 151 27 författningar

93 1195 85 21 komma
191 1196 33 19 att
234 1194 93 27 vidtaga,
339 1194 91 21 rörande
440 1193 235 28 häradshöfdingarnes
687 1194 106 27 ställning,
805 1194 26 21 så
841 1194 75 26 skulle,

93 1223 45 22 ifall
157 1229 48 15 man
225 1223 79 21 önskar
323 1229 26 15 en
364 1222 124 27 förändring
504 1222 23 21 af
540 1223 38 21 det
592 1229 29 14 nu
636 1223 98 26 gällande
750 1224 104 26 systemet
868 1223 50 21 med

93 1252 61 21 lösen
176 1251 33 22 för
231 1252 152 27 expeditioner,
407 1251 68 22 sådan
497 1251 124 27 förändring
643 1252 53 21 böra
716 1251 37 21 ske
773 1251 65 21 innan
854 1251 64 22 dessa

94 1281 98 21 embeten
207 1281 85 20 komma
307 1282 33 19 att
354 1281 98 20 besättas
469 1279 56 22 efter
540 1287 28 14 nu
585 1279 84 28 angifna
684 1287 41 20 nya
740 1280 93 27 grunder
848 1279 8 21 i
867 1280 51 21 eko-

93 1309 94 22 nomiskt
210 1309 106 22 afseende.
347 1309 43 21 Det
411 1315 52 15 vore
487 1308 78 27 derför,
586 1315 62 21 synes
671 1309 49 26 mig,
737 1309 46 21 icke
799 1308 118 27 olämpligt,

94 1340 33 19 att
147 1339 107 20 utskottet
274 1340 49 25 toge
342 1338 7 21 i
365 1337 157 27 öfvervägande
538 1337 105 22 huruvida
657 1337 48 22 icke
721 1338 116 21 ständerna
852 1337 66 22 borde

94 1367 111 21 framhålla
223 1366 173 22 önskvärdheten
416 1366 26 26 af,
463 1368 34 19 att
513 1367 36 20 det
564 1373 29 14 nu
609 1366 134 21 existerande
759 1368 111 25 systemet,
888 1368 32 19 att

94 1395 195 27 häradshöfdingen
311 1395 49 27 sjelf
381 1394 33 22 för
433 1401 55 20 egen
507 1395 89 26 räkning
611 1395 84 27 uppbär
709 1395 59 21 lösen
784 1395 33 21 för
833 1395 85 26 expedi-

94 1425 104 26 tionerna,
214 1424 139 21 förändrades
370 1423 87 26 derhän,
474 1425 34 20 att
523 1424 69 21 denna
606 1424 61 21 lösen
681 1423 69 22 blefve
761 1423 113 27 uppburen
888 1423 33 22 för

94 1453 92 21 kronans
208 1453 91 26 räkning
321 1453 40 21 och
375 1452 199 26 häradshöfdingen
595 1452 8 21 i
626 1452 49 21 dess
695 1452 62 21 ställe
778 1451 81 22 erhölle
874 1452 44 21 viss

94 1482 54 26 årlig
170 1481 115 27 betalning.
316 1481 33 21 Då
369 1481 38 26 jag
429 1480 83 22 tillåter
534 1480 43 26 mig
595 1480 69 22 väcka
678 1480 79 27 förslag
774 1480 80 26 derom,
871 1480 51 22 sker

95 1510 37 20 det
150 1510 47 21 icke
217 1509 33 21 för
270 1511 32 19 att
319 1509 82 27 påyrka
417 1515 25 15 en
459 1509 81 27 positiv
555 1509 99 21 anhållan
669 1508 48 22 från
732 1509 126 21 ständernas
875 1508 47 22 sida

94 1538 51 22 eller
168 1540 31 20 ett
222 1538 89 26 positivt
334 1537 91 27 förslag;
447 1544 50 15 men
517 1538 32 20 att
568 1537 69 21 denna
652 1537 60 27 fråga
727 1537 68 21 skulle
811 1537 88 22 beröras
915 1538 7 20 i

838 1577 10 15 7
