1109 1817
443 156 41 18 Den
495 156 12 17 8
519 155 48 18 Juni.
818 155 44 19 2067

124 215 91 22 skrifter,
238 220 53 17 som,
307 214 36 19 der
358 214 55 19 slika
429 214 75 20 hinder
518 214 77 23 finnas,
611 214 62 20 skola
687 214 43 19 förr
745 215 28 18 än
788 214 99 25 flottning

124 248 32 20 får
172 249 38 19 ske
225 249 108 25 iakttagas
349 249 22 18 af
384 249 47 22 den,
447 255 47 13 som
510 249 36 19 der
561 249 79 19 önskar
652 248 117 20 verkställa
780 248 106 26 flottning.

124 283 114 26 Uttrycket
260 283 87 19 innebär
369 283 53 23 icke,
441 284 32 18 att
488 289 26 13 en
530 283 43 19 slik
588 281 13 21 å
616 283 51 19 eller
683 283 66 19 ström
765 283 122 26 derigenom

125 317 48 19 icke
194 317 68 19 skulle
284 317 72 19 kunna
377 323 50 13 vara
448 317 77 26 tjenlig
547 317 32 20 för
600 317 109 26 flottning;
731 323 48 14 men
795 318 35 19 det
845 317 42 20 kan

125 351 131 20 förekomma
271 351 131 26 vattendrag,
418 357 47 14 som
480 352 7 19 i
501 351 42 20 och
558 352 32 19 för
605 351 33 20 sin
651 351 61 26 ringa
723 351 165 26 vattentillgång

125 385 48 20 icke
189 386 36 19 äro
240 386 135 19 användbara
390 386 32 19 för
437 386 105 25 flottning,
559 386 40 19 och
615 386 36 19 det
665 387 24 18 är
705 386 64 23 detta,
791 392 46 13 som
855 387 33 18 ut-

126 419 84 26 trycket
225 420 69 25 syftar
309 419 32 26 på.

197 454 51 19 Herr
263 453 138 27 Cajander:
432 454 41 19 Till
489 455 126 19 bemötande
631 455 23 18 af
667 455 52 18 Herr
734 453 105 27 Procopés
850 460 38 13 an-

127 488 113 26 märkning
255 490 44 18 mot
314 487 15 28 $
346 489 9 19 1
372 487 31 21 får
416 489 39 25 jag
471 489 75 19 endast
557 487 90 28 åberopa
658 489 56 19 hvad
722 489 40 25 jag
771 489 33 19 till
814 489 74 19 veder-

126 522 107 26 läggande
256 523 59 19 deraf
336 523 64 19 redan
421 523 75 20 anfört.
526 523 172 20 Vidkommande
720 522 45 21 åter
780 523 53 20 Herr
847 529 41 14 von

126 557 142 26 Zweygbergs
291 557 146 26 anmärkning,
461 557 24 20 så
506 557 38 20 har
567 557 52 20 Herr
639 557 93 26 Procopé
755 558 134 19 förekommit

128 591 45 26 mig
188 592 6 18 i
209 592 179 25 vederläggandet
411 592 63 20 deraf.
506 592 45 19 Och
573 592 50 19 ville
643 592 40 26 jag
701 592 54 19 blott
769 593 52 26 göra
837 593 53 19 Herr

128 632 41 13 von
192 626 129 26 Zweygberg
344 627 149 25 uppmärksam
517 625 70 27 derpä,
610 628 30 17 att
656 628 30 18 ett
701 627 126 26 vattendrag
842 627 48 20 icke

128 667 66 19 gerna
210 661 41 18 kan
266 661 64 25 göras
345 661 91 23 flötbart,
449 663 24 23 ty
484 662 81 18 vattnet
575 661 42 19 kan
629 661 35 19 väl
675 661 48 19 icke
733 660 44 20 låta
787 661 51 19 flöta
848 661 40 26 sig.

198 695 52 19 Herr
272 695 128 19 Boström:
431 695 94 19 Emedan
546 695 39 26 jag
607 695 69 19 blifvit
698 695 86 26 upplyst
802 702 41 16 om,
859 696 31 18 att

128 729 61 19 ordet
210 730 90 25 flötning
323 730 46 19 icke
385 728 61 27 ingår
461 730 7 19 i
484 730 93 19 svenska
591 730 91 22 lexikon,
699 728 24 21 så
738 730 37 19 vill
788 730 39 25 jag
842 730 48 19 icke

128 763 68 20 heller
210 762 57 21 hålla
283 763 32 26 pä,
331 766 32 17 att
377 763 71 27 någon
464 764 123 26 förändring
602 764 23 19 af
638 764 109 26 uttrycket
763 764 125 26 ,flottning'

129 798 38 19 bör
183 798 44 19 ske.
258 798 127 26 ,Flötning*
409 800 22 18 är
449 798 28 20 då
494 798 91 26 troligen
605 805 27 13 en
651 798 57 20 finsk
726 799 163 25 provinsialism.

200 832 51 20 Herr
273 832 108 20 Kurtén:
411 833 42 26 Jag
474 833 39 19 har
536 832 45 20 från
605 833 35 20 det
655 833 146 26 föreliggande
816 834 74 19 betän-

130 866 79 20 kandet
230 867 47 19 icke
300 867 81 19 kunnat
402 866 22 20 få
446 868 41 18 rätt
508 867 56 20 klart
585 868 32 19 för
637 868 50 25 mig,
703 867 103 20 huruvida
821 868 70 19 denna

130 901 77 25 stadga
229 902 61 18 äfven
312 902 95 18 kommer
428 903 31 18 att
481 902 108 25 tillämpas
609 900 27 28 på
659 902 83 26 saltsjö.
772 902 41 26 Jag
829 908 63 14 anser

130 935 41 19 den
186 936 54 18 visst
255 942 50 13 vara
320 936 88 26 lämplig
423 936 7 19 i
446 936 58 19 vissa
520 936 64 23 delar,
600 938 24 24 ty
639 936 62 20 äfven
717 936 8 20 i
740 936 91 26 saltsjön
848 936 43 20 kan

130 969 36 20 det
187 970 69 19 finnas
279 969 80 20 sådana
379 970 133 26 vattendrag,
535 970 54 20 sund
605 977 27 13 m.
648 977 28 13 m.
693 977 46 13 som
754 971 71 19 kunna
840 976 52 14 vara

130 1004 90 26 tjenliga
242 1003 53 21 både
318 1005 31 19 för
370 1005 91 25 flötning
483 1006 23 18 af
526 1005 71 19 flottor
615 1005 39 19 och
671 1005 99 26 flottning
785 1006 23 18 af
821 1005 71 20 skilda

130 1040 109 18 stammar.
269 1038 39 20 Om
324 1038 25 20 så
364 1040 23 18 är
402 1039 120 25 meningen,
538 1040 32 18 att
585 1039 76 25 saltsjö
672 1038 93 21 härifrån
776 1040 23 19 är
809 1040 83 19 undan-

130 1074 71 24 tagen,
224 1072 24 20 så
271 1073 68 19 skulle
357 1073 39 26 jag
413 1074 69 19 önska
497 1075 30 18 ett
541 1074 107 26 tydligare
663 1074 109 20 uttalande
787 1074 105 24 deröfver;

131 1108 23 18 är
177 1108 35 19 det
234 1106 44 21 åter
299 1108 113 25 meningen
428 1110 31 17 att
475 1108 75 26 saltsjö
566 1108 39 20 här
620 1108 151 24 underförstås,
787 1108 27 20 då
829 1115 63 13 anser

128 1142 41 25 jag
184 1142 149 25 förordningen
348 1142 7 19 i
371 1141 78 27 många
465 1143 58 18 delar
540 1142 108 26 olämplig.

200 1176 52 19 Herr
273 1183 41 12 von
337 1176 165 27 Zweygberg:
540 1177 135 20 Beträffande
697 1177 53 20 Herr
775 1177 117 26 Cajanders

131 1210 142 26 anmärkning
295 1211 101 22 deremot,
419 1212 32 18 att
473 1211 126 26 vattendrag
613 1211 48 19 icke
677 1211 72 20 kunna
764 1212 63 25 göras
843 1211 49 20 flöt-

131 1244 58 23 bara,
204 1245 50 19 ville
266 1245 40 26 jag
321 1245 108 23 anmärka,
445 1247 32 18 att
491 1245 58 19 detta
564 1245 85 26 uttryck
665 1245 90 20 allmänt
771 1246 121 25 begagnas;

131 1279 25 25 ty
178 1278 44 20 lika
243 1285 47 14 som
312 1285 49 14 man
383 1285 35 14 om
440 1285 26 14 en
489 1280 43 25 väg
552 1280 69 25 säger,
637 1281 31 18 att
683 1280 41 19 den
739 1281 24 18 är
777 1280 75 23 farbar,
868 1279 25 20 så

133 1313 63 25 säger
211 1319 49 14 man
275 1320 35 13 om
326 1315 30 18 ett
371 1314 132 25 vattendrag,
520 1315 30 18 att
566 1314 35 19 det
616 1315 23 18 är
654 1315 91 19 flötbart.
766 1314 41 26 Jag
823 1314 70 20 skulle

132 1347 63 19 äfven
211 1347 80 20 derföre
307 1348 51 26 vilja
373 1348 64 19 hafva
453 1349 40 18 den
509 1348 123 26 förändring
647 1349 131 25 genomförd,
794 1355 47 13 som
854 1349 40 26 jag

132 1381 116 26 föreslagit,
271 1383 89 19 emedan
383 1382 35 19 det
441 1382 69 20 finnes
532 1383 132 25 vattendrag,
681 1383 36 20 der
732 1381 119 28 tillgången
866 1381 28 28 på

132 1417 73 18 vatten
227 1417 23 19 är
273 1415 24 21 så
315 1417 66 25 ringa,
398 1418 31 18 att
444 1417 27 19 de
486 1418 51 18 utan
552 1416 185 27 ändamålsenliga
752 1418 142 25 inrättningar

183 1489 70 23 Vällofl.
266 1489 155 23 borgareståndets
431 1490 91 22 protokoll
534 1490 109 22 landtdagen
655 1490 58 18 1872.
815 1490 33 17 132
