1109 1817
452 155 39 17 Den
505 155 11 17 3
528 155 47 17 Juni.
825 156 45 17 1835

131 212 83 27 Nådiga
230 214 167 25 propositionens
413 214 120 24 stadgande
549 214 50 18 eller
615 214 34 18 det
665 214 24 18 af
702 214 51 18 Herr
769 213 125 20 Granström

131 247 132 20 framställda
285 247 85 26 förslag,
395 249 30 17 att
440 247 237 26 tillverkningsskatten
693 247 69 20 skulle
777 247 51 26 utgå
846 248 47 19 med

133 283 9 18 1
160 282 59 19 mark
237 281 25 20 10
277 282 63 25 penni
356 283 57 18 rösta
429 282 36 25 nej.

201 315 73 20 Svaret
289 315 50 20 härä
355 317 45 18 blef
413 317 156 24 öfvervägande
585 316 30 25 ja.

201 351 122 24 Proposition
346 351 39 18 N:o
409 351 18 19 2.
459 351 30 18 De
514 357 46 13 som
581 351 116 25 godkänna
721 351 113 19 utskottets
857 352 36 19 be-

130 385 106 20 tänkande
252 385 87 19 rörande
356 385 57 19 skatt
428 385 31 19 för
475 385 139 25 tillverkning
630 385 23 19 af
667 385 94 23 bränvin,
785 386 58 18 rösta
862 386 30 24 ja,

131 419 25 19 de
180 425 45 13 som
246 419 71 19 förena
338 419 33 26 sig
392 425 35 14 om
443 419 40 19 den
500 419 24 19 af
537 419 52 19 Herr
604 419 98 20 Boström
719 426 26 12 m.
761 419 21 19 fl.
798 419 94 19 uttalade

131 452 56 27 äsigt
203 455 57 18 rösta
275 454 37 25 nej.

200 487 32 20 Då
255 490 68 17 svaret
345 487 50 20 härå
417 488 60 19 utföll
503 489 45 18 med
573 489 102 18 blandadt
689 489 24 24 ja
735 488 39 19 och
791 488 36 25 nej,
843 490 49 17 utan

130 522 70 26 tydlig
215 523 103 24 öfvervigt
333 521 13 20 å
361 521 122 27 någondera
500 523 67 23 sidan,
584 523 75 19 skreds
669 523 32 19 till
714 523 103 26 votering,
830 523 62 20 hvar-

130 556 35 19 vid
181 555 96 26 afgåfvos
296 558 21 17 15
332 559 61 17 röster
407 557 32 24 för
450 557 24 24 ja
489 557 41 19 och
547 558 24 18 19
587 558 34 24 för
637 557 35 25 nej.

200 591 61 19 Emot
274 591 56 19 detta
339 591 68 20 beslut
416 591 110 19 anmäldes
540 592 129 19 reservation
681 592 19 18 af
711 591 75 20 Herrar
799 591 94 25 Björk-

131 626 70 21 sten,
217 625 81 23 Julin,
315 625 88 20 Grahn
419 625 41 20 och
476 625 151 20 Molander.

201 659 68 20 Jemte
291 660 34 19 det
341 659 14 27 S
371 660 11 19 3
399 661 31 18 för
453 660 64 25 öfrigt
540 660 132 25 godkändes,
694 659 79 20 beslöts
790 661 31 18 att
838 659 55 20 äter-

131 694 75 18 remiss
229 694 23 19 af
272 694 123 19 densamma
417 694 70 19 skulle
512 694 37 19 ske
573 694 31 19 för
627 694 156 25 omredigering
799 694 7 18 i
822 694 35 18 det
872 694 23 18 af

131 728 89 20 Ståndet
235 728 97 20 beslutna
349 729 62 25 syfte.

236 762 14 26 8
267 762 30 20 47.

199 797 52 19 Herr
267 797 74 26 Frey:
373 797 40 19 Till
429 797 53 25 följd
498 797 23 19 af
535 797 40 19 den
591 796 82 26 utgäng
689 796 152 19 diskussionen
858 802 34 13 om

129 830 14 27 8
164 831 27 19 45
215 831 44 19 haft
281 832 57 18 inom
362 830 88 20 Ständet
474 832 40 18 blir
534 832 35 18 det
584 832 34 18 väl
634 831 75 25 nödigt
724 832 30 18 att
769 838 27 12 nu
813 830 79 26 ifräga-

128 866 92 18 varande
243 865 14 26 &
280 866 7 18 i
308 866 105 19 särskilda
436 866 59 18 delar
518 866 129 18 omarbetas.
678 864 93 20 Sälunda
793 865 71 23 borde,
884 865 7 19 i

110 892 2 2 *
130 899 71 19 stället
224 900 31 19 för
273 900 8 19 1
298 906 70 16 mom.,
388 906 45 13 som
450 899 67 25 angär
532 900 147 24 utskänkning
695 900 57 18 inom
767 899 125 19 landskom-

129 940 56 17 mun,
208 934 39 19 här
269 935 78 19 införas
371 935 39 19 den
432 934 136 26 bestämning
584 935 6 18 i
607 935 78 21 ämnet,
702 933 84 19 hvartill
803 932 89 21 Ständet

129 968 66 19 under
210 968 14 26 8
237 968 26 20 45
280 968 91 20 beslutit.
402 968 79 19 Vidare
497 968 70 23 borde,
587 968 56 19 hvad
667 967 66 27 angår
748 968 11 19 2
777 974 62 13 mom.
866 974 25 12 en

129 1003 172 25 omformulering
316 1003 38 19 ske
370 1003 6 19 i
392 1003 35 19 det
443 1003 58 25 syfte
518 1007 30 15 att
565 1003 57 19 detta
640 1009 63 13 mom.
719 1002 131 20 beträffande
866 1002 26 19 de

128 1036 38 20 här
183 1037 126 19 omnämnda
326 1037 178 26 myndigheterna
520 1037 151 25 borgerskapet
685 1036 40 20 och
747 1035 145 27 gärdsegarne

128 1071 40 19 blir
191 1072 96 18 affattadt
303 1072 6 18 i
325 1071 223 20 öfverensstämmelse
570 1071 48 19 med
635 1071 24 19 de
676 1071 152 25 stipulationer,
846 1077 46 13 som

129 1104 51 26 ingä
195 1106 6 18 i
217 1106 281 25 kommunalförfattningen.
525 1105 116 19 Dessutom
657 1105 130 19 förekomma
803 1105 6 19 i
825 1105 67 25 sagde

129 1145 63 14 mom.
209 1146 26 13 en
250 1140 183 25 tidsbestämning,
451 1146 46 13 som
514 1139 107 20 förefaller
637 1139 44 26 mig
696 1138 70 27 något:
776 1139 115 25 oegentlig,

129 1174 40 19 och
192 1174 85 19 hvartill
297 1175 38 24 jag
358 1175 19 24 ej
401 1175 42 18 kan
461 1174 57 19 finna
534 1173 70 26 nägon
621 1173 62 26 giltig
699 1173 119 25 anledning.
851 1173 41 19 Det

129 1209 23 18 är
174 1210 31 17 att
228 1209 110 25 magistrat
361 1209 50 19 eller
433 1208 146 25 ordningsrätt
595 1208 56 19 skall
668 1208 57 19 inom
740 1208 55 19 förra
811 1207 81 19 hälften

129 1243 22 18 af
164 1242 116 20 December
295 1242 76 20 mänad
387 1241 78 21 föreslä
481 1242 80 19 antalet
576 1243 23 18 af
613 1242 173 25 utminuterings-
803 1241 41 20 och
860 1243 31 17 ut-

128 1277 217 25 skänkningsställen,
361 1277 106 19 hvarefter
484 1277 168 25 stadsstyrelsen
668 1277 57 19 inom
741 1276 87 19 Januari
847 1275 45 20 mä-

128 1311 53 18 nads
197 1310 80 26 utgäng
293 1311 52 26 egde
362 1310 26 27 pä
403 1311 89 19 auktion
508 1311 88 25 utbjuda
610 1311 138 25 försäljnings
760 1310 131 26 rättigheter.

127 1343 32 21 Dä
175 1345 35 19 det
225 1345 66 26 enligt
307 1346 42 19 min
365 1346 64 19 tanke
445 1352 50 13 vore
511 1345 125 26 lämpligast
647 1347 30 17 att
689 1345 65 25 sagde
767 1345 125 24 rättigheter

128 1379 69 20 skulle
220 1380 115 25 bortgifvas
356 1379 45 20 frän
423 1380 36 19 det
484 1379 122 26 borgerliga
629 1378 56 20 ärets
706 1379 80 25 början,
803 1377 24 21 sä
842 1379 50 19 ville

124 1414 39 25 jag
179 1413 78 20 föreslä
272 1416 30 17 att
318 1415 39 18 den
373 1414 147 19 förstnämnda
536 1414 58 19 tiden
611 1413 69 20 skulle
696 1414 72 25 flyttas
793 1413 32 19 till
848 1413 44 20 No-

127 1448 92 23 vember,
234 1448 40 19 och
290 1449 113 18 auktionen
419 1448 33 19 till
469 1448 118 19 December
605 1447 84 20 mänad.
