1109 1817
211 148 46 32 2200
504 152 38 18 Den
557 153 20 17 15
590 153 47 17 Juni.

187 212 73 18 landet
283 212 102 25 försports
401 212 58 19 öfver
474 212 121 18 nuvarande
611 212 255 25 författningsstadgande
881 212 7 18 i
903 212 45 19 äm-

187 247 42 22 net,
252 246 77 25 tyckes
348 246 40 19 ock
403 246 59 25 gifva
477 246 34 19 vid
527 245 84 20 handen
627 247 30 18 att
673 246 118 19 detsamma
806 246 35 19 vid
857 245 92 26 tillämp-

187 280 80 25 ningen
283 280 55 19 visat
354 280 35 25 sig
403 281 7 18 i
426 280 76 25 sjelfva
518 280 72 19 verket
606 280 18 25 ej
641 286 50 13 vara
706 280 103 25 lämpligt.

258 314 73 25 Enligt
353 313 190 27 Borgareståndets
566 315 64 18 tanke
652 314 39 19 har
708 315 41 19 den
764 314 135 25 bestämning
914 320 34 13 om

187 349 112 22 lärotiden,
323 355 47 12 som
392 349 69 18 finnes
484 349 87 25 intagen
595 349 6 18 i
624 349 12 19 3
653 355 62 13 mom.
731 349 14 18 4
761 350 37 18 art.
815 349 22 18 af
850 347 98 20 skråord-

187 383 81 25 ningen
291 383 40 19 den
354 383 28 19 27
405 383 49 18 Juni
479 383 53 19 1720
548 383 41 19 och
604 383 71 24 gällde
691 383 105 19 intilldess
812 383 137 19 förenämnda

187 416 86 26 Nådiga
295 417 123 26 förordning
440 417 74 19 trädde
536 418 7 18 i
566 417 61 23 kraft,
643 424 77 19 genom
735 418 41 19 den
793 418 66 19 större
874 417 75 19 latitud

188 452 45 19 deri
253 453 117 24 inrymmes
393 452 31 19 för
439 451 51 20 aftal
506 452 78 19 mellan
600 452 237 19 handtverksmästaren
852 452 40 19 och
907 452 42 19 lär-

188 486 79 25 lingen,
284 486 104 19 företräde
403 487 86 18 framför
504 487 128 25 stadgandet
643 487 6 18 i
661 487 65 25 sagde
734 487 129 25 förordning.
886 487 63 19 Läro-

188 521 71 19 tidens
282 520 105 20 fixerande
402 521 32 18 till
450 521 64 25 högst
529 522 31 18 tre
575 519 24 21 år
614 521 23 19 är
652 521 113 26 nemligen,
781 521 51 19 efter
847 521 102 25 Borgare-

189 553 96 21 ståndets
309 553 62 28 åsigt,
394 555 111 26 olämpligt
528 554 59 20 såväl
610 555 31 19 för
664 556 113 22 mästaren,
800 561 46 14 som
862 555 31 19 för
908 555 41 19 lär-

188 589 79 26 lingen.
299 589 71 20 Under
392 589 75 25 början
488 590 23 19 af
531 589 103 20 lärotiden
657 590 114 19 förderfvar
786 589 105 26 lärlingen
906 590 44 19 ofta

189 624 35 19 det
246 624 97 19 material
367 630 46 13 som
436 624 82 19 lemnas
542 624 78 19 honom
642 624 31 19 till
699 624 138 25 bearbetning
852 624 39 19 och
907 624 43 19 han

189 658 86 25 bringar
298 658 122 25 derigenom
443 659 106 18 mästaren
572 659 7 18 i
600 665 26 12 en
649 659 68 18 direkt
740 658 75 19 förlust
837 660 55 17 samt
907 658 42 19 kan

189 692 110 19 dessutom
322 692 66 19 under
403 698 82 13 samma
500 692 31 19 tid
546 692 50 26 föga
612 699 42 19 nog
669 692 48 20 med
733 693 36 18 sitt
785 692 71 19 arbete
871 693 79 18 ersätta

189 726 49 20 kost
254 726 41 20 och
311 727 119 19 beklädnad
446 728 54 18 samt
516 728 31 18 för
563 727 37 19 sitt
615 727 112 19 inöfvande
743 728 6 18 i
765 727 68 25 yrket,
849 727 31 19 för
895 726 54 20 hvil-

189 760 36 20 ket
248 761 39 19 allt
307 761 150 25 godtgörelsen
481 761 32 19 till
528 761 126 19 husbonden
669 761 83 19 utfaller
768 762 52 18 först
835 761 65 19 under
916 767 34 13 se-

189 801 50 13 nare
255 795 62 19 delen
333 796 22 18 af
368 796 174 19 lärotiden
491 790 14 36 —
518 790 25 36 en
558 796 141 25 godtgörelse,
716 802 45 13 som
777 796 45 18 helt
834 796 40 19 och
885 794 65 20 hållet

189 829 77 19 uteblir
281 835 35 13 om
331 830 103 19 lärotiden
450 830 23 19 är
488 830 32 19 för
534 830 54 19 kort.
617 830 44 19 Den
677 830 77 25 lärling
769 828 51 24 åter,
836 836 46 13 som
898 830 52 18 efter

190 862 165 27 genomgången
377 864 130 25 otillräcklig
529 864 76 20 lärotid
625 864 39 19 och
680 864 47 19 med
743 864 60 20 deraf
816 864 134 25 härflytande

190 898 136 26 underhaltig
348 899 66 25 insigt
435 899 6 18 i
463 899 63 25 yrket
548 899 105 25 uppsöker
676 899 65 19 andra
757 898 150 26 arbetsgifvare
923 898 27 19 än

189 932 160 23 läromästaren,
373 932 55 20 skall
451 932 63 20 hafva
536 932 108 26 svårighet
660 935 30 17 att
706 932 79 20 erhålla
801 932 96 26 varaktig
912 938 38 13 an-

191 966 104 26 ställning
313 967 40 19 och
373 967 58 19 finna
446 968 35 18 det
496 967 176 26 förödmjukande
687 968 30 18 att
733 967 71 19 vidare
820 968 50 24 taga
886 966 65 26 tjenst

191 1000 72 20 såsom
279 1001 77 25 lärling
372 1003 55 17 samt
443 1002 122 24 derigenom
581 1002 97 18 inkastas
694 1002 5 18 i
711 1003 29 17 ett
750 1001 142 25 vagabondlif,
904 1006 46 14 som

190 1035 19 25 ej
227 1035 69 19 sällan
312 1035 67 19 slutas
396 1036 47 19 med
458 1036 54 19 hans
529 1036 115 19 moraliska
659 1034 130 27 undergång.

259 1069 178 26 Borgareståndet
460 1071 23 18 är
506 1070 81 19 derföre
609 1070 23 19 af
653 1070 40 19 den
715 1070 86 25 mening
824 1070 30 18 att
870 1069 34 19 det
920 1069 31 19 för

190 1103 104 20 hvardera
309 1106 72 23 parten
397 1105 23 18 är
435 1104 163 26 fördelaktigast
613 1110 34 14 om
664 1104 35 20 det
709 1103 31 21 får
750 1104 49 19 bero
812 1104 23 19 af
844 1104 107 19 öfverens-

190 1137 119 20 kommelse
325 1138 77 19 mellan
418 1139 107 18 mästaren
540 1139 41 19 och
596 1139 105 25 lärlingen
717 1139 50 18 eller
780 1138 54 19 hans
845 1137 106 20 målsman

190 1171 53 20 huru
266 1171 51 27 lång
339 1172 102 19 lärotiden
465 1173 55 18 skall
542 1179 56 17 vara,
615 1173 75 19 endast
705 1173 48 19 med
769 1172 137 25 iakttagande
921 1173 31 18 att

191 1206 40 19 den
254 1207 19 25 ej
295 1205 31 20 får
342 1207 119 19 utsträckas
477 1207 59 19 öfver
547 1207 41 19 fem
605 1206 28 20 år.
664 1207 70 26 Något
749 1208 99 25 äfventyr
863 1207 31 19 för
909 1206 42 19 lär-

190 1240 71 26 lingen
285 1247 77 19 genom
383 1241 115 20 lärotidens
521 1241 138 26 förlängande
675 1241 26 26 på
716 1241 38 20 här
770 1241 124 20 omnämndt
910 1241 42 19 sätt

190 1277 43 18 tror
255 1274 179 27 Borgareståndet
457 1275 24 20 så
502 1276 87 26 mycket
604 1276 81 19 mindre
701 1282 50 13 vara
766 1277 31 18 att
812 1276 77 22 befara,
906 1281 45 14 som

191 1309 12 20 3
219 1316 64 13 mom.
300 1309 25 20 31
342 1309 14 27 S
372 1310 6 19 i
397 1309 53 20 1868
466 1309 34 20 års
516 1311 123 25 förordning
650 1310 117 20 innehåller
777 1310 107 20 korrektiv
895 1312 57 17 emot

190 1344 107 19 missbruk
320 1345 23 18 af
362 1345 116 25 lärlingens
494 1345 71 19 arbete
580 1345 40 19 och
636 1347 57 18 emot
708 1345 53 19 hans
777 1345 175 20 misshandlande

190 1378 66 19 under
271 1378 110 20 lärotiden.
405 1378 178 27 Borgareståndet
598 1378 31 20 får
645 1380 56 25 förty
716 1379 39 20 hos
771 1379 23 20 E.
811 1379 25 20 K.
848 1379 26 19 M.
888 1379 64 20 fram-

191 1413 63 19 ställa
269 1412 133 27 underdänig
417 1413 88 26 petition
520 1420 35 13 om
571 1414 89 25 ändring
676 1414 23 19 af
715 1414 8 19 1
741 1420 63 13 mom.
821 1413 27 20 29
865 1413 31 26 Si
909 1412 43 21 Nä-
