1109 1817
265 174 44 18 1436
560 175 38 17 Den
613 174 22 18 24
648 175 41 22 Maj.

241 233 46 25 jag,
304 233 6 18 i
326 233 109 26 egenskap
451 233 23 19 af
487 233 94 19 ledamot
597 233 29 19 uti
643 233 106 20 allmänna
759 233 198 22 besvärsutskottet,
968 233 38 19 har

243 267 35 19 vid
294 267 158 26 behandlingen
468 268 23 18 af
504 267 215 25 Landtdagsmannen
736 267 165 26 Kumpulainens
911 267 93 26 petition,

243 302 90 19 rörande
349 302 116 19 ordnandet
481 302 23 19 af
517 301 250 26 undervisningsspråket
782 302 6 18 i
802 301 105 24 skolorna,
919 301 87 20 anslutit

243 336 45 25 mig
312 336 32 19 till
365 336 40 19 den
422 335 63 26 åsigt.
503 343 46 12 som
565 336 57 19 inom
638 337 102 18 utskottet
756 336 112 23 uttalades,
884 338 30 17 att
930 336 75 24 elever,

243 370 75 19 hvilka
341 371 86 19 anmäla
449 371 35 25 sig
506 371 33 18 till
561 371 113 25 intagning
696 371 29 18 uti
745 371 173 22 lärdomsskolor,
934 371 71 19 böra
995 366 14 35 i

243 405 120 19 allmänhet
385 404 81 20 erhålla
489 405 153 25 undervisning
663 404 25 26 på
705 405 36 19 sitt
757 403 135 24 modersmål,
908 405 98 18 förutsatt

243 439 109 26 nemligen
375 441 31 17 att
429 439 79 19 antalet
532 439 23 19 af
575 438 81 20 sådana
679 439 74 21 elever,
773 445 46 13 som
835 439 45 18 icke
896 438 62 19 hafva
973 439 32 18 till

244 472 129 20 modersmål
396 474 35 19 det
454 473 69 26 språk.
542 472 27 27 på
584 473 81 19 hvilket
681 473 39 19 den
737 473 107 19 allmänna
860 473 146 19 undervisnin-

243 513 42 20 gen
302 507 27 26 på
344 509 60 18 orten
419 508 117 22 meddelas,
552 509 23 18 är
591 507 24 20 så
631 509 59 20 stort,
706 509 31 18 att
747 514 26 13 en
785 507 56 19 skild
852 507 153 26 paralellafdel-

243 542 54 25 ning
320 542 41 19 kan
384 543 31 18 för
439 543 48 18 dem
510 543 96 18 inrättas.
637 542 40 25 Jag
699 542 74 19 tvekar
794 542 54 19 dock
864 543 30 18 att
910 548 27 12 nu
954 541 52 20 söka

243 577 54 24 göra
321 577 69 18 denna
413 577 43 18 min
479 575 57 26 åsigt
557 577 106 25 gällande.
685 577 7 18 i
713 576 100 19 afseende
836 575 12 20 å
866 576 139 19 läroverket
995 571 14 35 i

246 603 48 26 Åbo
311 610 50 19 eller
376 610 82 19 hvilket
474 612 64 18 annat
551 611 96 18 läroverk
667 617 46 13 som
729 611 62 21 helst,
807 611 66 18 sedan
890 610 116 19 Ständerna

244 645 93 19 beslutit,
361 647 31 16 att
414 645 31 19 till
469 645 24 19 H.
517 645 24 19 K.
558 645 27 19 M.
601 644 51 27 ingå
667 645 48 19 med
731 651 25 13 en
772 644 132 26 underdänig
919 645 87 24 petition

245 685 35 13 om
295 679 118 19 ordnandet
429 680 22 18 af
466 680 267 24 undervisningsväsendet
748 680 7 18 i
770 679 78 21 landet,
864 679 40 19 och
916 680 43 18 tror
966 679 39 25 jag

246 713 103 26 derjomte
373 715 30 17 att
426 712 74 27 frågan
523 720 35 13 om
581 715 29 17 ett
630 714 65 18 finskt
709 714 96 18 läroverk
821 713 7 19 i
844 706 46 26 Åbo
906 712 50 20 eller
972 719 34 13 om

245 748 130 19 inrättandet
395 748 23 18 af
437 754 26 13 en
486 748 56 19 finsk
563 748 196 25 paralellafdelning
774 748 34 18 vid
825 748 35 18 det
876 754 28 12 nu
919 748 36 18 der
970 747 36 19 be-

245 782 84 25 fintliga
352 782 119 20 läroverket
494 788 66 20 gerna
575 782 41 19 kan
633 781 62 20 anstä
710 782 105 19 intilldess
831 782 98 19 behofvet
944 782 23 18 af
980 788 26 12 en

247 815 68 20 sädan
339 816 68 19 blifvit
423 817 67 19 större
506 817 26 19 än
549 817 35 19 det
600 817 32 19 för
647 817 136 25 ögonblicket
799 822 65 20 synes
880 822 55 13 vara.
966 816 39 25 Ty,

246 850 73 20 säsom
335 850 48 20 herr
397 851 109 19 Molander
521 851 65 19 redan
602 852 79 23 nämnt,
697 851 108 25 uppgifver
821 850 36 19 D:r
873 850 133 26 Synnerberg

246 885 7 19 i
277 878 61 30 »Åbo
362 885 181 19 Underrättelser"
568 886 31 18 för
622 886 40 18 den
687 885 24 19 17
735 885 50 25 Maj,
801 886 31 18 att
848 885 25 19 de
888 884 69 20 elever
972 884 34 19 vid

245 918 68 26 högre
337 919 191 19 elementarskolan
550 920 5 18 i
579 908 54 37 Åbo,
649 919 72 19 hvilka
737 919 62 19 hafva
815 919 84 19 finskan
914 919 32 19 till
961 925 45 13 mo-

246 952 94 20 dersmål
355 953 41 20 och
411 954 82 19 derföre
504 954 61 19 äfven
577 953 82 26 åtnjuta
670 954 151 25 undervisning
833 952 25 27 på
870 954 57 18 detta
937 952 69 26 språk,

246 988 37 19 äro
307 988 75 19 inalles
405 988 53 19 blott
480 988 34 25 26,
538 988 40 19 och
598 988 32 19 för
645 990 30 17 ett
691 987 24 20 så
730 988 46 19 litet
791 988 58 19 antal
865 988 69 19 elever
948 988 59 18 torde

246 1028 51 13 man
320 1022 34 19 väl
377 1022 47 20 icke
439 1022 72 19 kunna
526 1023 79 25 begära
621 1024 29 18 att
666 1023 124 25 regeringen
805 1022 67 19 under
887 1022 120 19 nuvarande

247 1056 147 20 förhållanden
419 1057 55 19 skall
490 1058 78 18 inrätta
584 1064 25 12 en
626 1058 92 18 särskild
734 1056 202 27 paralellafdelning.
966 1056 42 26 Jag

247 1091 119 26 tillstyrker
382 1090 84 20 således
483 1093 30 17 att
529 1092 70 18 denna
615 1090 58 27 fråga
688 1090 66 21 måtte
769 1091 83 19 lemnas
863 1091 103 19 beroende
975 1090 32 20 till

247 1126 50 18 dess
315 1125 99 20 behofvet
429 1126 56 18 visat
501 1126 34 25 sig
550 1132 51 12 vara
617 1127 67 18 större
699 1127 27 18 än
743 1126 34 19 det
793 1126 31 18 för
840 1125 134 25 ögonblicket
985 1126 23 18 är

247 1159 41 20 och
312 1159 94 20 ansluter
429 1160 45 25 mig
497 1160 32 19 till
552 1160 40 19 den
609 1161 22 18 af
644 1160 72 19 herrar
731 1159 110 20 Molander
856 1159 40 20 och
912 1159 95 19 Boström

247 1193 95 20 uttalade
365 1193 62 26 äsigt.
459 1194 60 19 Hvad
542 1194 131 19 vidkommer
699 1194 100 19 skolorna
821 1193 31 19 uti
872 1193 135 26 Björneborg,

248 1228 94 19 Joensuu
364 1228 40 19 och
425 1228 86 26 Nyslott
528 1228 119 26 tillstyrker
659 1228 40 26 jag
714 1228 129 26 antagandet
859 1228 22 19 af
894 1228 114 19 utskottets

247 1263 141 19 betänkande.

317 1297 53 18 Herr
386 1297 173 25 Tengström:
581 1292 134 27 Ändamålet,
732 1297 31 19 för
775 1296 81 19 hvilket
868 1296 38 25 jag
918 1296 90 25 begärde

248 1331 65 22 ordet,
329 1332 24 18 är
369 1331 76 19 endast
460 1331 40 19 och
517 1331 92 19 allenast
625 1333 30 17 att
671 1330 72 20 afråda
759 1330 45 20 från
819 1337 25 13 en
856 1330 98 26 vidlyftig
965 1330 44 19 dis-

249 1365 95 22 kussion,
370 1371 46 13 som
443 1371 87 13 numera
553 1366 23 19 är
599 1365 88 20 alldeles
708 1365 114 20 ofruktbar,
846 1365 66 19 sedan
933 1367 76 16 tvenne

249 1399 70 22 stånd,
342 1399 154 26 Ridderskapet
520 1399 40 20 och
583 1400 69 19 Adeln
668 1402 55 17 samt
739 1398 158 21 Bondeståndet
912 1399 97 19 likstäm-

248 1434 54 25 migt
325 1434 100 19 förklarat
447 1434 34 25 sig
503 1440 52 13 anse
578 1435 26 18 de
625 1433 160 29 ifrågavarande
809 1434 138 25 petitionerna
962 1433 47 20 icke

250 1468 51 19 böra
324 1469 32 18 till
379 1467 69 26 någon
466 1467 74 26 åtgärd
557 1469 114 18 föranleda.
702 1467 114 27 Utgången
832 1469 23 18 är
870 1467 83 20 således
968 1467 41 26 gif-
