1109 1817
439 183 39 17 Den
490 183 23 17 24
524 183 42 22 Maj.
817 183 45 18 1449

193 243 30 18 Af
237 241 66 20 sådan
318 243 31 18 art
365 242 36 19 äro
417 241 65 20 likväl
497 241 48 20 icke
561 241 26 20 de
602 241 121 26 privilegier
733 241 153 26 Borgarestån-

123 276 35 20 det
174 275 93 26 åtnjutit,
283 276 89 19 emedan
388 276 26 19 de
429 276 45 19 haft
490 276 33 19 sin
539 275 155 26 motsvarighet
709 276 7 19 i
731 275 90 21 Ståndet
831 275 55 27 ålig-

123 311 70 25 gande
216 310 153 27 skyldigheter.
400 310 45 20 Och
468 311 62 19 äfven
551 311 52 19 efter
619 311 35 19 det
669 311 134 19 förmonerna
817 311 69 19 blifvit

123 345 119 25 borttagna,
263 345 63 19 hafva
345 345 178 26 skyldigheterna
538 345 129 19 fortfarande
682 344 109 27 qvarstått.
822 345 64 20 Detta

123 379 88 20 oaktadt
234 379 39 20 har
295 378 184 27 Borgareståndet,
503 379 36 19 vid
562 379 26 20 de
603 377 22 22 få
640 379 98 20 tillfällen
754 378 27 21 då
797 379 89 20 Ståndet

124 412 39 21 fått
178 415 58 25 yttra
252 414 34 25 sig
300 413 65 20 innan
385 413 49 20 dess
450 413 121 26 privilegier
586 413 109 26 upphäfts,
711 413 68 26 aldrig
795 414 70 25 dragit
879 414 7 19 i

123 448 136 20 betänkande
281 449 31 18 att
334 447 135 26 beredvilligt
488 447 96 26 uppoffra
600 453 55 20 egna
671 448 112 23 intressen,
797 449 39 19 när
851 448 35 20 det

124 482 53 26 gällt
193 484 31 17 att
239 482 123 25 derigenom
377 482 77 19 bereda
469 482 92 19 fördelar
577 481 22 20 åt
614 482 35 19 det
665 482 114 19 allmänna.

194 516 81 19 Genom
298 516 26 19 de
339 516 118 25 afsägelser
472 517 23 18 af
508 516 48 19 sina
571 516 122 26 privilegier
707 515 179 27 Borgareståndet

124 550 76 19 hittills
215 551 63 25 gjort,
295 550 39 19 har
349 549 89 21 Ståndet
453 551 40 19 ock
510 551 172 26 otvifvelaktigti
697 551 47 20 icke
759 551 61 26 ringa
836 557 49 14 mon

124 585 112 26 befrämjat
258 585 84 19 landets
357 585 98 23 fördelar,
471 585 41 20 och
528 585 109 20 Utskottet
652 586 23 19 är
690 586 23 19 af
726 586 41 19 den
782 585 57 27 åsigt
854 587 31 18 att

124 619 62 20 äfven
202 626 28 12 nu
245 619 121 26 föreslagna
381 618 247 27 lagstiftningsåtgärder
644 619 61 20 skola
720 619 64 20 lända
799 621 35 19 det
845 620 39 20 all-

124 654 79 19 männa
217 653 32 20 till
265 655 66 24 nytta.

193 687 108 20 Utskottet
315 688 74 19 tvekar
404 688 81 19 derföre
500 688 48 19 icke
563 689 37 21 att,
616 686 27 21 då
658 687 178 27 Borgareståndet
851 694 33 14 re-

124 722 42 19 dan
188 722 36 19 vid
249 722 53 20 1867
329 720 34 21 års
386 722 102 25 landtdag
510 722 109 26 samtyckt
637 722 34 20 till
686 723 106 25 afsägelse
807 724 24 18 af
844 723 40 20 den

123 756 199 26 hufvudsakligaste
337 757 23 19 af
372 756 39 20 här
426 756 160 26 ifrågavarande
602 757 106 19 förmoner
723 759 56 17 samt
793 758 48 19 med
852 758 32 19 af-

124 790 78 20 seende
225 789 50 21 derå
297 792 30 18 att
350 791 61 25 afgift
433 791 32 19 för
480 792 72 25 export
567 790 46 21 från
629 792 48 18 stad
693 791 50 20 eller
758 792 126 19 stadshamn

124 824 87 20 komme
232 826 31 18 att
279 825 32 19 till
327 826 74 18 staden
417 826 52 19 efter
485 826 95 25 taxering
596 826 105 25 erläggas,
717 826 108 20 vördsamt
840 826 43 20 till-

124 858 75 27 styrka
214 861 32 17 att
261 859 114 26 Välloflige
389 859 180 27 Borgareståndet
583 858 66 21 måtte
664 859 73 21 bifalla
751 860 33 20 till
794 860 90 26 upphäf-

124 894 68 18 vande
208 894 23 18 af
244 894 26 19 de
286 892 99 22 Ståndets
401 894 126 26 privilegier,
542 894 89 20 hvarom
647 901 28 13 nu
690 896 23 18 är
729 894 65 27 fråga.

194 956 139 26 Helsingfors,
349 956 39 20 den
406 957 26 20 18
448 957 42 26 Maj
508 958 63 19 1872.

422 1038 23 19 A.
462 1038 120 25 Helsingius.

191 1100 50 19 Karl
254 1100 104 19 Fabritius.
617 1101 59 19 Leon.
693 1102 118 24 Borgström.

191 1162 81 19 Fredrik
287 1163 89 25 Procopé.
618 1163 21 20 F.
656 1164 147 25 Neppenström.

701 1232 20 20 S.
739 1233 142 20 Calamnius.*

191 1305 64 20 Detta
273 1305 133 20 betänkande
426 1306 113 20 bordlades
555 1307 32 19 till
604 1307 171 26 morgondagens
791 1307 91 26 plenum.

191 1339 32 20 Dä
245 1340 52 19 Herr
319 1340 169 20 Talmannen
514 1347 28 13 nu
558 1341 76 20 väckte
649 1340 60 27 fräga
724 1347 35 14 om
774 1342 108 25 föredrag-

121 1374 52 25 ning
196 1374 23 19 af
232 1374 35 20 det
282 1375 40 19 den
339 1375 25 19 18
379 1375 8 19 i
403 1375 68 20 denne
487 1374 78 21 mänad
580 1375 124 26 bordlagda,
720 1376 23 19 af
756 1377 29 18 ett
801 1376 81 20 derföre

121 1408 102 19 särskildt
246 1408 76 20 tillsatt
344 1409 82 20 utskott
449 1409 81 26 afgifna
552 1409 133 20 betänkande
707 1410 8 19 i
730 1410 116 27 anledning
861 1411 23 19 af

122 1441 120 27 Kejserliga
264 1443 157 26 propositionen
444 1443 111 26 angäende
578 1444 304 27 kommunalförvaltningen
868 1437 17 38 i

120 1476 55 23 stad,
190 1477 103 25 begärdes
308 1477 59 19 ordet
381 1477 24 20 af
