1109 1817
443 166 40 17 Den
497 166 21 17 15
530 166 48 17 Juni.
822 165 44 18 2195

128 225 59 20 inom
197 225 69 19 denna
276 220 140 30 näringsgren
429 224 71 26 sprida
512 224 97 25 bildning
621 224 40 19 och
673 224 130 25 upplysning
815 224 76 19 under-

128 259 72 20 lättas.
230 259 127 26 Isynnerhet
379 265 66 20 synes
461 251 71 26 Åland
547 259 72 19 kunna
635 265 40 18 ega
697 257 92 26 anspråk
811 257 27 27 på
861 259 31 18 att

128 294 87 19 komma
229 293 8 19 i
252 292 123 27 åtnjutande
391 293 23 19 af
427 293 70 19 denna
516 292 88 24 förmån,
628 292 27 20 då
677 291 126 21 invånarnes
825 293 66 26 lynne

128 327 41 21 och
191 326 43 27 håg
249 328 7 18 i
271 327 53 26 följd
342 328 23 19 af
377 327 84 20 landets
477 327 96 20 insulära
588 327 48 26 läge
652 327 148 26 förnämligast
815 327 76 20 riktats

128 361 23 20 åt
173 362 137 25 sjöväsendet
331 363 56 18 samt
407 361 152 26 befolkningen
582 361 110 20 derstädes
710 361 109 20 dessutom
834 362 58 25 gjort

129 396 35 25 sig
179 396 56 19 känd
251 395 72 21 säsom
338 397 101 25 vettgirig
454 396 41 20 och
511 396 125 26 intelligent.

199 431 47 19 Med
261 431 99 19 afseende
376 429 51 21 härä
443 431 40 19 och
499 429 13 21 ä
527 431 56 19 hvad
598 429 177 27 Borgareständet
786 431 31 19 för
828 431 64 25 öfrigt

129 465 7 19 i
160 465 65 19 saken
248 464 153 27 underdänigst
423 467 72 24 yttrat,
519 464 66 27 vägar
599 464 178 26 Borgareständet
793 465 6 18 i
815 465 77 19 under-

130 498 101 27 dänighet
254 499 86 20 anhälla
362 501 30 18 att
415 499 212 26 navigationsskolan
643 498 27 27 pä
685 492 72 27 Äland
771 499 71 20 kunde
858 501 33 18 ut-

129 534 76 25 vidgas
213 534 32 19 till
256 541 25 12 en
292 534 125 25 fullständig
427 534 198 25 navigationsskola
635 534 6 19 i
652 534 120 25 ungefärlig
783 534 108 19 öfverens-

130 569 123 19 stämmelse
269 569 47 19 med
332 568 237 26 navigationsskolorna
588 569 3 18 i
606 568 67 19 Wasa
689 568 40 19 och
745 567 111 27 Uleäborg.

407 638 38 18 3:0.
469 637 104 25 Angående
585 637 137 25 upphäfvande
732 637 26 25 af
766 637 36 19 den
816 637 76 19 Finska

337 671 207 25 fartygsbesättningar
556 671 8 19 i
578 671 53 19 vissa
645 671 36 25 fall
696 671 101 25 äliggande
807 671 83 25 skyldig-

337 706 54 18 heten
405 707 28 17 alt
447 705 87 25 undergå
550 705 178 25 läkarebesigtning.

199 774 10 19 I
230 774 57 19 detta
310 775 62 19 ämne
393 774 63 19 hafva
478 774 32 19 till
530 774 24 20 E.
570 774 25 20 K.
611 774 26 19 M.
654 774 62 20 äfven
731 774 36 19 vid
782 774 25 19 de
823 774 69 26 begge

130 809 49 19 näst
201 807 127 27 föregående
350 808 154 26 landtdagarne
529 809 23 19 af
574 808 179 26 Borgareståndet
777 808 115 20 inlemnats

130 842 145 26 underdåniga
293 843 117 25 petitioner.
435 843 44 19 Den
495 842 108 24 anhållan,
619 849 46 13 som
681 843 6 19 i
703 843 49 19 dem
767 843 124 23 framstälts,

129 876 39 20 har
191 879 62 24 synts
270 876 178 27 Borgareståndet
464 876 24 21 så
506 877 61 26 billig
582 877 40 20 och
638 878 90 25 befogad
743 878 31 18 att
789 877 103 26 Borgare-

130 910 85 20 ståndet
237 911 19 25 ej
280 912 81 19 kunnat
383 913 64 18 annat
470 912 118 23 förutsätta,
605 913 27 18 än
648 913 30 18 att
694 912 75 19 endast
784 912 108 25 tillfälliga

129 945 76 20 hinder
220 944 52 21 stått
287 946 6 19 i
309 947 67 25 vägen
392 947 32 19 för
439 945 80 24 Nådigt
534 946 59 20 bifall
609 946 33 20 till
658 947 115 22 desamma,
790 946 39 20 och
841 946 51 20 Bor-

129 979 137 26 gareståndet
289 980 65 26 hyser
371 981 35 19 det
421 981 54 25 hopp
491 983 31 17 att
538 981 64 19 dessa
617 981 75 19 hinder
707 980 117 20 emellertid
840 987 52 19 upp-

129 1014 49 19 hört
196 1016 31 18 att
242 1015 120 19 förefinnas.
393 1015 178 20 Framställandet
587 1016 23 18 af
623 1022 26 12 en
665 1015 123 26 ytterligare
804 1015 87 25 petition

130 1048 8 19 i
153 1049 72 19 ämnet
240 1049 69 19 skulle
324 1050 6 18 i
347 1048 76 21 sådant
439 1050 36 18 fall
491 1056 50 13 vara
557 1048 122 27 opåkalladt
695 1049 40 20 och
751 1049 140 25 öfverflödigt,

130 1082 41 20 och
181 1082 178 26 Borgareståndet
369 1084 69 19 skulle
449 1084 46 19 icke
507 1084 72 19 vidare
590 1084 85 19 dermed
686 1084 89 19 besvära
785 1084 23 19 E.
819 1083 25 19 K.
857 1083 35 23 M.,

130 1117 71 19 derest
218 1118 47 19 icke
282 1117 191 26 Borgareståndets
488 1119 134 24 uppfattning
638 1118 22 19 af
673 1117 75 26 frågan
763 1118 60 23 hade,
840 1118 52 19 efter

131 1151 35 19 det
189 1151 40 20 den
245 1153 85 18 senaste
346 1151 144 27 underdåniga
506 1153 114 25 petitionen
636 1153 75 25 afgafs,
727 1151 39 21 fått
781 1153 48 25 nytt
844 1152 49 19 stöd

130 1191 77 19 genom
223 1186 124 20 uttalanden
362 1187 23 18 af
398 1193 106 19 personer,
520 1187 84 19 hvilkas
619 1186 80 27 åsigter
711 1193 66 20 synas
788 1187 50 19 böra
849 1186 43 19 till-

131 1219 105 20 erkännas
259 1221 111 26 synnerlig
391 1222 51 25 vigt,
465 1222 89 19 emedan
577 1222 26 19 de
625 1221 92 26 härflyta
733 1220 46 21 från
794 1221 98 20 fackmän

131 1255 56 18 samt
202 1255 82 25 grunda
299 1256 34 25 sig
349 1255 12 20 å
377 1256 86 25 speciell
478 1257 66 25 insigt
560 1257 6 18 i
582 1257 77 19 ämnet.

200 1289 42 19 Vid
252 1289 80 20 Finska
344 1290 202 26 läkaresällskapets
558 1291 157 19 sammanträde
726 1297 35 13 om
773 1296 120 14 sommaren

131 1321 23 20 år
179 1323 53 20 1869
256 1325 82 19 förevar
356 1325 106 26 nemligen
478 1325 64 20 bland
558 1326 65 19 andra
639 1325 70 26 frågor
725 1326 61 19 äfven
802 1325 40 19 den
858 1330 35 14 om

130 1357 249 28 läkarebesigtningarne
391 1359 13 20 å
415 1360 236 25 fartygsbesättningar.
675 1360 78 19 Dervid
763 1359 129 26 åberopades

131 1397 82 14 samma
229 1393 48 19 skäl
293 1393 31 20 för
340 1394 185 25 besigtningarnes
541 1394 139 23 afskaffande,
697 1401 46 12 som
759 1394 55 19 förut
824 1393 69 20 blifvit

131 1425 40 20 hos
191 1426 24 19 E.
231 1427 24 19 K.
271 1427 27 20 M.
315 1428 22 19 af
353 1427 178 26 Borgareståndet
546 1429 7 18 i
569 1427 169 27 underdånighet
760 1427 133 24 framhållna,

131 1462 57 17 samt
198 1461 109 20 dessutom
318 1464 31 17 att
360 1463 75 18 endast
445 1463 147 25 besigtningar
602 1461 13 21 å
630 1463 159 25 prostituerade,
805 1461 89 21 såframt

182 1500 70 23 Vällofl.
266 1501 155 22 borgareståndets
431 1501 89 23 protokoll
533 1501 110 23 landtdagen
655 1501 58 18 1872.
813 1501 33 18 140
