1109 1817
251 170 46 31 1548
546 174 39 18 Den
598 174 22 18 25
632 174 42 23 Maj.

227 233 42 20 Det
283 234 24 19 är
319 233 46 26 just
380 233 31 19 för
427 233 58 19 detta
500 232 37 19 fall
550 233 40 25 jag
605 233 50 19 ville
670 239 108 13 reservera
794 239 25 13 en
836 232 111 26 möjlighet
957 233 32 19 för

228 267 88 20 stadens
339 266 128 21 innevånare
490 268 31 18 att
543 267 87 19 hämma
651 269 29 18 ett
702 268 32 19 för
757 267 67 19 starkt
839 267 109 20 anlitande
968 267 23 19 af

228 301 89 20 stadens
339 300 116 27 tillgångar
477 307 78 20 genom
574 301 200 26 stadsfullmäktige,
791 307 46 14 som
852 301 7 20 i
874 301 116 20 allmänhet

230 336 88 25 utgöras
341 336 23 19 af
384 334 81 21 sådana
487 341 106 20 personer,
609 335 72 20 hvilka
696 336 7 19 i
719 335 135 20 ekonomiskt
869 335 121 20 hänseende

229 371 36 19 äro
276 370 69 19 bättre
355 369 80 20 lottade
445 369 41 20 och
501 369 82 20 derföre
599 370 47 19 icke
661 370 44 19 lida
721 369 24 20 så
760 370 87 26 mycket
862 370 23 19 af
896 376 25 13 en
932 371 58 18 taxe-

228 405 54 25 ring,
299 410 46 13 som
361 404 26 19 de
402 404 82 19 mindre
499 404 124 19 bemedlade
638 404 7 19 i
661 403 122 20 samhället.
809 403 33 20 Då
854 404 40 26 jag
906 404 84 26 yttrade

229 440 32 18 att
274 438 39 26 jag
328 438 50 20 ville
394 438 63 19 hafva
473 438 134 20 minoriteten
629 439 160 25 representerad
811 439 58 19 inom
891 438 99 20 fullmäk-

229 473 51 25 tige,
303 471 24 21 så
350 472 55 20 hade
427 473 35 19 det
485 473 100 19 atseende
609 471 69 27 derpå,
699 474 31 18 att
745 472 104 27 möjligen
864 473 26 19 de
905 471 85 27 åsigter,

229 513 48 14 som
299 507 36 19 vid
357 507 56 20 valet
433 507 22 19 af
469 507 197 26 stadsfullmäktige
681 507 47 19 icke
743 507 82 19 kunnat
840 507 64 19 vinna
918 506 72 27 gehör,

229 541 36 19 vid
288 541 35 20 det
346 547 43 20 nya
410 541 57 20 valet
489 541 76 20 lättare
581 541 69 20 skulle
666 541 71 20 kunna
753 540 21 21 få
789 541 22 20 in
826 540 67 27 några
908 541 22 20 af
944 541 46 20 sina

230 575 129 26 anhängare.
389 575 41 26 Jag
445 575 50 20 ville
511 576 54 23 icke,
581 577 30 18 att
626 576 135 19 minoriteten
777 575 69 20 skulle
861 582 68 19 segra,
940 577 51 18 utan

230 610 82 23 endast,
328 611 31 18 att
374 610 40 19 den
431 609 69 20 skulle
516 610 66 19 blifva
597 610 159 26 representerad
772 610 57 19 inom
852 609 138 26 fullmäktige.

231 643 105 26 Slutligen
353 644 35 19 ber
399 640 40 30 jag
455 647 36 20 att,
507 651 35 13 om
558 643 89 21 Ståndet
662 644 47 20 icke
724 644 69 20 finner
807 644 48 20 skäl
870 646 31 17 att
913 645 78 25 antaga

231 678 148 22 betänkandet,
396 677 88 21 Ståndet
504 677 128 21 åtminstone
655 678 49 20 ville
726 679 112 25 föredraga
859 679 52 19 Herr
932 678 60 20 Hall-

231 714 60 18 stens
306 712 129 20 reservation
450 713 86 19 framför
551 712 53 20 Herr
619 712 110 23 Höckerts,
745 712 90 20 emedan
848 712 40 26 jag
902 713 32 19 för
946 712 44 20 min

231 746 35 20 del
281 748 77 18 nästan
373 746 66 20 hellre
455 747 50 19 ville
520 747 94 19 undvara
629 747 48 19 hela
698 747 41 19 den
761 753 43 19 nya
827 746 165 20 kommunalför-

231 780 127 26 ordningen,
381 782 26 18 än
430 782 37 22 att,
490 781 67 26 enligt
576 781 53 20 Herr
651 781 104 20 Höckerts
771 781 136 23 reservation,
922 780 70 20 lemna

231 814 23 20 åt
269 821 26 13 en
311 815 106 20 minoritet
432 816 23 18 af
469 815 196 26 stadsfullmäktige
681 818 31 17 att
727 814 100 21 hushålla
842 815 47 20 med
906 815 86 20 stadens

230 849 181 26 angelägenhetor
427 848 71 21 såsom
515 850 40 19 den
571 850 32 20 för
617 850 52 26 godt
685 850 73 20 finner.

300 884 52 19 Herr
374 884 125 20 Kiseleff:
530 884 41 26 Jag
595 884 36 20 ber
654 886 31 18 att
699 883 22 21 få
733 884 83 26 justera
831 884 47 19 mitt
893 884 99 26 yttrande

230 918 87 23 derhän,
339 919 31 18 att
390 918 39 26 jag
452 918 92 20 biträder
567 918 51 20 Herr
640 918 110 20 Hallstens
773 918 135 23 reservation,
926 918 66 20 under

230 952 154 26 förutsättning
406 954 31 18 att
452 952 15 26 &
483 952 27 20 24
529 951 67 21 sådan
611 953 41 19 den
667 953 24 19 är
705 952 128 20 formulerad
848 952 8 20 i
871 952 119 20 Utskottets

230 986 135 20 betänkande
381 986 96 20 kommer
491 988 31 18 att
538 987 23 19 ar
574 986 88 20 Ståndet
677 987 134 26 godkännas.

301 1021 52 20 Herr
377 1028 41 13 von
441 1021 168 27 Zweygberg:
639 1020 30 21 På
687 1022 27 19 de
729 1022 23 19 af
765 1022 78 19 Herrar
857 1020 79 20 Kurtén
952 1020 40 21 och

232 1054 74 26 Sjöros
322 1054 127 21 framhållna
465 1056 47 19 skäl
527 1056 50 20 ville
592 1056 62 20 äfven
667 1056 40 26 jag
721 1054 79 22 föreslå
819 1055 130 26 antagandet
971 1056 23 19 af

231 1089 70 20 denna
316 1088 21 28 8.
367 1090 42 25 Jag
423 1096 63 13 anser
501 1090 35 20 det
551 1090 48 20 icke
613 1090 53 26 tyda
681 1089 26 27 på
723 1088 66 28 något
803 1090 141 19 misstroende
959 1089 33 20 till

232 1124 202 25 stadsfullmäktige,
457 1130 35 13 om
514 1124 166 25 förstärkning
673 1120 13 33 i
703 1124 62 19 deras
789 1124 59 19 antal
870 1124 94 19 kommer
985 1124 7 19 i

231 1156 61 27 fråga
306 1158 35 19 vid
356 1157 157 26 behandlingen
529 1159 23 18 af
565 1157 24 21 så
604 1158 82 26 vigtiga
701 1158 95 23 ärender,
819 1164 47 13 som
888 1157 38 20 här
946 1163 46 14 om-

231 1192 66 23 talas;
320 1194 89 18 tvertom
433 1191 68 21 måste
522 1193 26 19 de
563 1193 57 19 finna
635 1199 26 13 en
677 1193 82 19 lättnad
774 1193 30 19 uti
820 1194 31 18 att
866 1194 30 18 ett
911 1192 81 20 mindre

229 1232 80 13 ansvar
331 1227 28 18 än
381 1233 78 13 annars
481 1227 125 26 härigenom
628 1227 86 20 komme
733 1229 32 18 att
780 1225 72 28 åligga
867 1227 55 19 dem.
952 1226 40 20 Om

232 1259 46 21 åter
300 1261 69 19 denna
384 1260 15 27 &
414 1261 47 19 icke
484 1261 68 20 blefve
568 1263 99 24 antagen,
683 1261 50 20 ville
745 1261 41 26 jag
801 1261 85 20 ansluta
901 1261 44 26 mig
959 1260 33 20 till

232 1295 53 20 Herr
300 1295 108 20 Hallstens
424 1295 135 20 reservation.

302 1329 52 20 Herr
369 1329 122 20 Masalin:
522 1329 41 26 Jag
578 1330 37 19 ber
630 1331 37 22 att,
683 1330 47 19 med
747 1329 134 26 upprepande
896 1329 23 20 af
936 1328 56 21 hvad

229 1363 40 26 jag
285 1363 64 20 redan
364 1363 55 20 hade
433 1365 52 18 äran
500 1365 73 18 anföra
592 1364 33 20 till
646 1364 49 19 stöd
715 1365 32 19 för
770 1363 120 27 antagande
911 1363 23 20 af
954 1363 38 20 Ut-

232 1397 91 20 skottets
339 1398 138 23 betänkande,
493 1398 102 19 särskildt
610 1397 21 21 få
646 1397 91 27 åberopa
753 1398 26 20 de
794 1399 23 18 af
831 1398 75 19 Herrar
919 1397 73 26 Sjöros

232 1431 41 20 och
288 1431 80 20 Kurtén
383 1431 89 27 tillagda
487 1432 55 20 skäl.
572 1432 41 26 Jag
628 1434 61 25 tager
703 1432 46 26 mig
764 1433 57 19 ännu
843 1431 90 20 friheten
955 1430 38 27 på-

232 1466 61 26 peka,
317 1465 120 24 huruledes,
463 1466 66 27 enligt
556 1466 274 26 kommunalförordningen
857 1466 31 20 för
910 1465 83 24 landet,
