1109 1817
258 165 2 3 *
278 165 45 18 1488
572 165 38 17 Den
623 165 22 17 24
657 164 42 22 Maj.

254 224 100 25 stadgadt
369 224 36 18 är*
422 229 73 13 svarar
505 224 31 24 ja,
552 224 41 18 den
608 229 45 13 som
665 229 62 13 anser
737 224 30 18 ett
777 223 157 25 förtydligande
945 223 23 19 af
978 224 38 18 be-

253 258 63 19 rörda
331 257 85 26 uttryck
431 257 81 26 nödigt,
529 263 72 13 svarar
617 257 37 25 nej.

323 291 160 26 Propositionen
498 291 128 20 besvarades
642 292 47 19 med
705 291 157 26 öfvervägande
873 291 30 25 ja.

323 326 166 25 Proposition
506 326 46 19 N:o
569 325 20 20 3.
616 326 44 19 Vill
681 324 84 21 ståndet
775 327 79 24 antaga
870 325 14 26 &
902 325 12 20 6
929 326 60 19 äfven
1008 325 7 20 i

253 360 65 26 öfrigt
329 359 66 20 sådan
405 361 40 18 den
453 360 63 26 lyder
524 360 67 25 enligt
601 360 120 19 Utskottets
730 360 148 19 betänkande?
894 360 50 19 eller
953 366 63 13 anser

254 394 85 20 ståndet
354 396 29 18 ett
398 395 77 26 tillägg
489 401 50 13 vara
559 395 102 25 behöfligt
677 395 88 19 rörande
781 395 64 19 sättet
860 395 32 19 för
907 394 109 25 betalning

253 429 24 19 af
290 429 40 19 den
346 429 61 19 skuld
423 435 26 13 en
465 429 101 20 kommun
581 429 39 19 har
635 429 35 18 vid
686 429 56 19 tiden
759 429 31 19 för
801 429 69 19 denna
880 428 135 25 förordnings

253 463 125 20 införande?
400 463 41 20 För
463 463 35 20 det
518 464 56 18 förra
595 463 133 19 alternativet
743 463 70 19 röstas
828 463 49 20 med
888 463 24 25 ja
926 462 40 20 och
982 463 33 18 för

253 497 36 20 det
305 504 74 13 senare
395 497 48 20 med
458 498 39 25 nej.
959 506 3 3 -

323 531 31 20 Dä
377 532 60 19 äfven
461 532 68 19 denna
551 531 129 26 proposition
703 532 126 19 besvarades
854 532 46 19 med
916 532 99 19 öfvervä-

253 566 70 25 gande
334 566 29 25 ja,
380 566 130 19 förklarades
525 565 15 27 &
556 566 12 19 6
584 572 50 13 vara
655 566 22 19 af
691 565 84 20 ståndet
790 567 92 24 antagen
898 566 7 19 i
920 566 97 25 enlighet

253 601 49 18 med
317 600 120 19 Utskottets
453 601 140 19 betänkande.

357 635 12 23 8
387 635 16 19 7.

325 669 50 19 Herr
397 669 132 26 Procop6:
553 669 74 19 Denna
650 668 13 26 &
685 669 139 23 föreskrifver,
848 670 30 18 att
894 676 27 12 nu
936 668 78 26 ifräga-

253 704 93 19 varande
367 704 122 25 förordning
509 704 47 19 icke
580 703 68 19 skulle
668 704 51 24 göra
739 702 84 27 ,nägon
838 704 90 25 ändring
943 704 30 18 uti
990 704 26 19 de

254 738 137 19 kommunala
406 738 124 26 rättigheter
550 738 40 19 och
605 738 146 25 förpligtelser,
768 744 45 13 som
830 738 66 25 enligt
911 738 105 25 grundlag

255 772 51 19 eller
328 772 119 26 privilegier
470 772 47 20 med
540 772 181 26 grundlagshelgd
741 772 119 19 tillkomma
881 772 57 19 vissa
954 772 58 19 med-

254 806 89 20 lemmar
359 807 22 18 af
395 813 24 13 en
436 807 182 22 stadskommun",
635 806 109 20 hvaremot
759 806 42 19 alla
816 807 65 19 andra
897 806 119 26 privilegier

255 841 84 20 således
355 842 69 19 skulle
442 848 50 13 vara
512 842 112 25 upphäfda.
655 842 67 18 Bland
738 842 116 18 motiverna
869 841 32 19 till
917 842 68 18 denna
1000 840 15 27 &

255 875 27 27 pä
299 876 60 19 sidan
375 876 12 20 8
403 876 30 19 uti
449 876 142 20 betänkandet
607 876 119 25 uppräknas
741 875 50 20 flere
807 876 73 26 dylika
889 876 125 25 privilegier,

256 910 41 20 och
312 911 65 19 likväl
393 910 38 20 har
447 910 108 20 Utskottet
571 912 76 21 ansett,
663 912 30 17 att
709 910 75 20 endast
797 910 39 23 ,,de
847 909 128 27 gärdsegare
985 910 31 19 uti

256 945 83 19 landets
361 945 99 25 samtlige
481 945 78 22 städer,
582 944 72 20 hvilka
675 945 23 18 af
718 946 45 18 sten
780 945 83 25 uppfört
878 944 40 19 hus
933 944 31 19 till
980 943 37 21 tvä

257 979 51 19 eller
323 979 50 19 flere
388 978 114 26 väningars
518 979 65 25 höjd*
601 979 60 19 skola
675 978 118 20 bibehällas
804 979 35 19 vid
850 979 40 19 den
902 979 46 19 dem
960 979 57 19 med-

257 1013 75 19 delade
355 1013 62 19 frihet
439 1012 46 20 frän
508 1014 143 25 ingvartering
674 1013 65 19 under
761 1012 27 20 50
812 1012 34 20 ärs
869 1013 30 19 tid
915 1013 51 19 efter
982 1013 35 19 det

257 1046 76 20 sädant
354 1047 41 19 hus
416 1047 68 19 blifvit
506 1048 104 25 uppfördt,
632 1047 109 20 hvaremot
762 1048 25 19 de
803 1047 125 26 privilegier,
944 1047 73 19 hvilka

256 1082 99 25 beviljats
372 1082 206 23 ,manufakturister,
594 1082 134 22 fabrikanter,
744 1082 126 19 konstnärer
886 1081 40 20 och
941 1082 77 18 handt-

256 1116 93 23 verkare,
366 1122 46 13 som
433 1117 34 24 sig
482 1117 30 18 uti
528 1116 142 19 Tammerfors
687 1116 46 19 stad
749 1116 119 22 nedsätta*,
884 1116 68 19 skulle
968 1122 49 12 vara

256 1150 112 26 upphäfda.
399 1151 41 18 Till
464 1151 47 18 stöd
534 1151 31 19 för
588 1151 37 18 sitt
647 1149 116 26 ätgörande
785 1150 7 19 i
814 1150 100 19 afseende
935 1149 12 20 ä
962 1151 55 18 före-

257 1185 92 19 nämnde
364 1183 128 27 gärdsegare
507 1184 39 19 har
561 1184 108 20 Utskottet
684 1185 74 22 anfört,
770 1186 30 17 att
811 1184 97 25 offentlig
917 1184 101 26 myndig-

257 1219 35 19 het
308 1219 7 18 i
330 1219 73 25 hvarje
419 1219 101 19 särskildt
535 1219 37 19 fall
588 1219 91 19 utfärdat
694 1219 125 23 frihetsbref,
836 1218 81 19 hvilket
927 1225 49 12 vore
987 1220 31 17 ett

257 1253 114 20 dokument
394 1259 46 13 som
461 1253 47 19 icke
528 1253 64 20 borde
610 1253 123 26 upphäfvas.
763 1252 35 20 Uti
813 1253 120 25 Kejserliga
948 1253 70 18 mani-

256 1287 63 20 festet
341 1287 23 19 af
385 1287 40 19 den
449 1288 10 18 1
483 1288 93 25 Augusti
601 1287 52 20 1821
671 1288 35 19 äro
723 1287 205 24 ,,manufakturister,
944 1287 75 19 konst-

257 1322 66 22 närer,
344 1321 129 20 fabrikanter
492 1321 39 20 och
553 1321 155 20 handtverkare
726 1322 6 18 i
749 1321 142 20 Tammerfors
906 1321 110 19 frikallade

255 1355 46 20 från
325 1356 142 25 ingvartering
489 1356 67 25 enligt
572 1355 120 26 Kejserliga
712 1356 121 19 manifestet
849 1356 22 19 af
884 1356 41 19 den
941 1355 12 20 8
968 1355 44 26 (20)

257 1390 116 19 December
389 1390 54 19 1855
459 1391 36 18 äro
512 1391 25 18 de
553 1389 121 20 bibehällna
689 1390 35 19 vid
739 1396 83 13 samma
838 1390 100 25 rättighet
951 1390 66 19 under

257 1424 27 20 50
306 1423 34 20 års
363 1425 36 22 tid,
422 1425 90 19 räknadt
532 1423 47 21 från
599 1423 22 21 år
646 1424 59 20 1856.
735 1423 36 21 Då
790 1431 29 12 nu
835 1425 69 18 denna
919 1424 99 25 rättighet

256 1459 79 19 liksom
350 1459 61 19 äfven
427 1459 47 22 den,
490 1465 46 13 som
552 1460 23 18 är
591 1459 92 25 beviljad
698 1457 135 27 gärdsegare,
849 1458 72 19 hvilka
936 1459 82 25 uppfört
