1109 1817
413 168 39 17 Den
466 168 21 17 15
499 168 47 17 Juni.
791 168 45 18 2207

99 224 27 27 på
140 227 71 24 vägar,
228 232 46 13 som
289 226 46 19 dels
351 227 35 18 äro
402 226 102 23 obanade,
521 226 46 19 dels
582 226 107 19 försvåras
705 227 22 18 af
741 227 66 18 strida
819 226 41 19 och

99 260 64 19 breda
179 260 64 19 elfvar
259 262 55 17 samt
330 261 57 18 stora
402 260 87 26 insjöar,
506 261 57 19 öfver
579 261 72 18 hvilka
662 261 72 19 färden
745 261 59 18 vissa
815 259 45 20 års-

99 294 55 19 tider
175 294 123 19 tillockmed
321 295 22 18 är
365 294 96 26 omöjlig.
491 294 71 20 Under
584 293 24 21 så
623 301 142 20 ogynsamma
781 293 79 21 förhål-

100 328 77 20 landen
192 327 74 24 måste,
279 329 60 18 äfven
356 329 47 19 med
419 329 40 19 den
475 329 68 19 bättre
559 328 129 20 omvårdnad
698 329 109 19 lasarettet
819 329 41 19 kan

100 363 87 25 erbjuda
203 363 25 18 de
244 363 67 25 sjuke,
326 363 117 26 utsigterne
459 365 30 17 att
505 363 58 20 finna
578 363 36 20 bot
629 364 32 19 för
676 363 34 20 det
726 363 61 26 ringa
803 363 58 19 antal

100 397 37 19 der
152 397 42 19 kan
209 396 80 20 erhålla
303 397 56 26 plats
374 397 7 19 i
397 397 47 20 icke
459 398 110 25 obetydlig
584 404 49 13 mon
649 397 135 20 förminskas.
807 397 54 20 Här-

100 431 33 19 till
154 431 96 20 kommer
272 433 29 18 att
323 432 215 25 provincialläkarene
557 433 6 18 i
579 432 57 19 länet
651 433 36 18 äro
704 432 82 19 bosatte
801 431 60 26 långt

100 464 54 21 ifrån
173 465 124 24 hvarandra,
313 465 24 20 så
352 468 31 17 att
398 467 61 19 äfven
476 467 61 19 deras
553 467 108 19 anlitande
676 467 23 19 är
715 467 48 18 med
779 465 82 27 svårig-

101 499 59 20 heter
175 500 101 19 förenadt.

170 533 177 26 Borgareståndet
369 533 66 27 vågar
450 533 26 27 på
492 535 63 19 dessa
571 535 47 19 skäl
633 533 153 26 underdånigst
801 535 60 18 hem-

102 568 63 19 ställa
187 575 34 13 om
244 569 47 19 icke
306 569 23 19 E.
345 569 24 19 K.
386 569 27 19 M.
430 569 6 19 i
452 568 71 21 Nåder
538 569 70 20 kunde
623 569 58 19 finna
697 569 51 26 godt
763 569 99 20 förordna

102 603 32 19 till
154 603 121 19 inrättande
297 603 27 26 på
345 603 98 20 Kronans
459 604 118 19 bekostnad
593 604 22 19 af
629 605 30 18 ett
675 604 80 19 mindre
771 603 91 26 sjukhus

102 637 6 19 i
130 637 82 20 Torneå
234 638 54 23 stad,
312 644 46 13 som
381 639 22 18 är
426 638 89 25 belägen
534 638 7 19 i
557 645 26 12 en
598 639 40 18 tätt
654 638 97 19 befolkad
766 638 96 19 landsort

102 671 40 19 och
160 672 137 25 hvarigenom
313 673 66 25 utväg
394 673 32 18 till
442 671 122 21 erhållande
579 673 23 18 af
616 673 81 25 passlig
712 671 101 26 sjukvård
829 671 33 20 åt-

102 706 106 20 minstone
231 706 6 19 i
260 705 70 27 någon
353 713 50 13 mon
426 707 68 19 skulle
513 707 88 19 beredas
614 706 81 26 jemväl
711 706 128 20 invånarene
855 707 7 18 i

102 740 70 20 länets
195 741 130 25 nordligaste
348 741 40 19 del.
419 741 73 25 Enligt
507 740 190 27 Borgareståndets
712 741 65 19 tanke
793 741 69 19 skulle

103 781 26 13 en
152 774 66 20 sådan
238 775 116 25 inrättning
369 776 19 24 ej
405 775 90 20 behöfva
511 776 95 25 tilltagas
621 776 7 18 i
645 776 66 18 större
726 774 92 27 omfång,
834 776 27 18 än

103 810 31 18 att
156 810 108 19 enskildes
285 810 81 19 lokaler
389 810 69 19 kunde
481 810 32 19 till
529 810 50 19 dess
594 810 148 26 inrymmande
758 808 104 27 upplåtas,

102 843 138 26 hvarigenom
256 844 84 20 Kronan
356 844 109 26 undginge
481 844 40 20 den
537 844 60 20 alltid
613 845 67 25 dryga
696 844 119 20 kostnaden
830 844 32 19 för

103 878 106 19 särskilda
228 878 135 26 byggnaders
379 879 130 25 uppförande
524 879 32 19 för
571 879 118 19 anstaltens
705 878 68 20 behof.
805 878 57 20 Efter

102 912 56 19 hvad
173 912 40 20 hos
229 912 176 26 Borgareståndet
421 914 92 18 anmälts
528 914 59 18 torde
602 913 40 19 ock
653 912 83 20 Torneå
747 913 46 19 stad
807 912 55 26 möj-

102 946 58 26 ligen
178 953 50 13 vara
243 947 60 26 villig
318 949 31 17 att
364 948 48 19 med
428 946 65 27 något
509 948 74 25 belopp
599 947 40 20 och
655 947 143 26 tilläfventyrs
814 947 48 19 med

102 981 56 19 ända
179 981 33 19 till
237 981 59 23 1,000
319 982 59 19 mark
401 988 34 14 om
451 981 44 20 året
511 982 88 24 bidraga
614 982 32 19 till
663 981 199 20 lasarettsläkarens

102 1015 119 24 aflönande,
245 1015 87 21 såframt
356 1016 43 20 han
422 1017 102 25 derjemte
548 1017 71 19 kunde
645 1016 121 20 handhafva
791 1016 71 19 stads-

102 1049 223 27 läkarebefattningen.

379 1154 37 18 9:0.
450 1153 37 20 Om
510 1155 24 17 ett
549 1153 58 25 årligt
621 1153 70 25 anslag
706 1153 29 20 till
749 1154 113 24 resestipen-

309 1187 57 20 dium
380 1188 34 25 för
429 1188 70 24 läkare,
516 1188 101 25 äfvensom
631 1194 32 13 om
679 1189 38 18 rätt
732 1188 34 25 för
781 1188 44 19 dem
835 1189 28 18 att

307 1222 62 19 under
393 1229 53 12 resor
470 1223 9 18 i
503 1223 136 24 vetenskapligt
661 1222 94 19 ändamål
777 1222 85 25 tillgodo-

308 1257 57 25 njuta
380 1257 213 25 tjensteärsberäkning.

171 1324 31 19 De
224 1325 109 26 betydliga
354 1325 103 26 framsteg
472 1326 41 19 den
528 1325 133 20 medicinska
675 1325 144 26 vetenskapen
836 1325 26 19 de

102 1364 75 14 senare
200 1358 49 20 åren
273 1359 58 26 gjort
355 1360 40 19 och
417 1360 38 19 allt
477 1360 128 19 fortfarande
628 1361 39 24 gör
689 1359 68 20 måste
773 1361 32 18 för
821 1359 41 20 den

101 1393 109 25 praktisko
232 1393 93 24 läkaren,
348 1401 45 13 som
417 1395 23 18 är
463 1396 106 24 upptagen
591 1395 49 18 med
660 1395 113 18 skötandet
789 1395 22 18 af
825 1394 37 19 sitt

101 1427 82 26 vigtiga
205 1428 50 23 kall,
278 1429 40 19 och
340 1429 124 26 isynnerhet
484 1429 32 19 för
532 1429 40 19 den
587 1428 13 20 å
615 1429 149 26 landsbygden
779 1429 84 19 bosatte

101 1461 93 25 läkaren,
210 1462 86 20 hvilken
311 1464 24 18 är
349 1463 92 20 isolerad
456 1462 46 21 frän
519 1463 148 26 vetenskaplig
678 1463 126 20 samfärdsel
815 1463 48 20 med
