1109 1817
242 166 45 18 1950
548 167 39 17 Den
599 167 10 17 5
623 166 46 18 Juni.

219 231 46 13 som
282 226 62 18 äfven
359 231 29 13 nu
403 225 7 19 i
426 226 141 18 statsverkets
583 226 86 24 utgifter
684 224 57 26 ingå.
772 225 41 19 Det
828 224 54 21 låter
896 225 87 26 mycket

218 259 35 20 väl
269 259 65 19 tänka
350 259 39 25 sig,
405 261 31 17 att
452 258 70 27 någon
538 259 45 19 viss
599 259 124 26 utgiftspost
745 260 47 19 utaf
811 261 82 18 statens
916 266 66 13 nuva-

219 294 65 19 rande
300 293 104 20 ordinarie
419 293 87 26 utgifter
522 294 68 19 blefve
606 293 87 20 föremäl
709 294 32 19 för
764 294 69 19 denna
856 294 127 25 stämpelbe-

219 327 96 26 villning,
338 327 39 20 och
394 327 13 20 å
422 328 65 19 andra
509 328 61 19 sidan
592 327 50 24 åter,
665 335 35 12 om
720 329 14 18 t.
751 335 31 12 ex.
799 328 183 20 tullinkomsterna

220 361 69 20 skulle
305 361 62 20 hafva
383 363 106 25 betydligt
504 362 98 23 tillvuxit,
619 369 48 12 men
687 363 141 18 statsverkets
852 363 64 19 behof
936 363 47 19 icke

220 396 7 19 i
243 403 82 12 samma
345 397 126 25 proportion,
495 395 25 21 sä
542 397 23 19 är
588 397 35 19 det
645 396 66 20 ocksä
733 397 105 23 tänkbart,
862 399 30 17 att
915 397 68 19 denna

221 431 208 26 stämpelbevillning
445 431 47 19 icke
508 431 101 19 behöfver
624 431 32 19 till
675 431 26 19 de
719 431 123 20 nuvarande
863 431 121 20 statsända-

221 464 70 20 målen
307 466 115 19 användas.
453 465 10 19 I
478 465 77 20 sådant
570 465 37 20 fall
623 465 41 20 kan
681 466 38 19 den
741 466 125 25 disponeras
889 467 31 18 för
940 472 44 19 nya

221 499 100 20 särskilta
337 499 105 24 ändamäl,
458 500 33 19 till
506 499 73 20 hvilka
595 499 130 20 Ständernas
737 501 127 18 medverkan
876 500 107 20 behöfves.

221 534 152 19 Hufvudsaken
389 541 49 12 vore
454 536 31 17 att
500 533 21 20 fä
537 535 69 18 denna
622 535 57 18 skatt
694 534 32 19 till
742 541 26 12 en
782 534 66 20 sädan
861 535 122 25 bevillning,

221 569 31 18 att
268 568 40 19 den
324 569 47 18 icke
387 567 65 21 mätte
468 569 74 19 sväfva
558 569 78 18 mellan
652 569 25 19 de
693 569 136 23 skattetitlar,
853 575 47 14 som
924 569 60 19 skola

221 602 55 19 inför
292 602 117 20 Ständerna
425 603 109 20 redovisas
550 603 41 20 och
604 603 54 23 dem,
675 609 46 14 som
736 603 132 20 häfdvunnet
886 603 98 26 dispone-

222 642 35 14 ras
280 637 23 19 af
323 637 112 26 styrelsen,
458 639 51 18 utan
532 639 31 18 att
586 637 106 26 förfrägan
714 638 73 19 derom
803 638 49 19 sker
867 638 39 19 hos
922 637 63 20 Stän-

223 671 70 19 derna.
325 671 72 19 Redan
419 673 56 18 förut
493 672 39 19 har
547 671 74 27 frågan
637 672 68 19 blifvit
720 672 64 19 väckt
799 678 34 13 om
850 674 30 17 att
896 671 88 20 sålunda

223 706 87 18 försöka
325 706 64 19 ställa
404 706 326 26 stämpelpappersbevillningen
746 705 27 26 på
789 706 33 19 sin
839 706 54 19 förra
912 705 73 20 stånd-

223 740 73 25 punkt,
320 740 64 19 ehuru
408 739 73 27 frågan
504 741 71 19 derom
599 740 34 19 vid
653 740 25 19 de
694 739 35 20 två
745 739 128 26 föregående
888 740 97 19 landtda-

223 780 66 20 garne
305 775 23 18 af
341 774 104 20 obekanta
461 775 87 19 orsaker
564 774 91 20 förfallit.
682 774 33 19 Nu
726 774 101 23 deremot,
839 775 65 19 sedan
915 774 70 20 landt-

224 808 105 26 dagarnes
344 809 131 25 periodicitet
490 810 23 18 är
528 809 117 22 försäkrad,
661 809 58 19 torde
735 808 35 19 det
785 814 51 14 vara
856 808 129 20 Ständernas

224 843 101 25 rättighet
341 843 39 19 och
396 843 53 26 pligt
465 845 30 17 att
511 844 53 19 söka
580 844 74 24 bringa
677 844 62 18 äfven
763 843 26 19 de
812 843 112 19 financiela
944 842 41 20 frå-

224 883 67 19 gorna
307 877 31 19 till
358 878 41 19 den
421 878 129 25 utveckling,
574 884 46 13 som
643 876 26 27 på
692 878 48 18 dem
761 877 66 19 beror.
860 877 44 20 Och
927 878 59 19 Hans

224 911 101 24 Majestät
340 911 38 20 har
394 912 29 19 uti
439 911 84 27 Nädiga
538 912 158 26 propositionen
707 912 32 19 till
755 912 112 19 1863—64
878 911 33 20 års
923 912 63 19 Stän-

225 946 37 19 der
277 946 82 22 uttalat,
375 948 30 17 att
421 946 245 26 kartasigillataafgiften
682 947 23 19 är
721 952 26 13 en
763 945 26 26 på
805 946 129 19 Ständernas
954 945 32 21 åt-

225 980 53 26 gärd
301 980 103 20 beroende
430 980 122 26 bevillning.
591 980 42 26 Jag
655 981 60 19 utber
738 981 44 25 mig
805 980 81 20 derföre
911 982 30 18 att
966 980 21 20 få

225 1014 40 20 hos
287 1014 88 20 Ståndet
393 1015 32 19 till
441 1016 120 24 antagande
577 1015 83 19 förorda
675 1014 175 20 Statsutskottets
866 1014 121 26 föreslagna

225 1049 82 25 tillägg.

295 1083 76 19 Herrar
392 1083 117 20 Kiseleff
529 1084 41 19 och
592 1083 136 20 Lindblom
749 1084 100 19 förenade
865 1084 33 25 sig
913 1084 6 18 i
935 1083 53 19 Herr

226 1118 117 19 Mechelins
358 1118 84 25 yttrade
458 1116 63 27 åsigt.

295 1152 42 19 Vid
359 1151 52 20 härå
433 1153 23 18 af
473 1152 52 19 Herr
540 1152 167 19 Talmannen
723 1152 120 19 framställd
858 1152 129 25 proposition

226 1186 113 26 godkände
355 1185 88 20 Ståndet
459 1186 176 20 Statsutskottets
651 1187 5 18 i
673 1187 49 18 dess
738 1186 158 20 ofvannämnda
914 1187 74 18 betän-

226 1221 70 19 kande
311 1221 40 19 N:o
369 1220 24 20 10
409 1221 76 25 gjorda
500 1221 87 26 förslag,
603 1223 31 17 att
647 1221 118 19 Ständerna
775 1221 36 18 vid
821 1221 167 24 kartasigillata-

226 1255 101 26 afgiftens
349 1255 120 25 beviljande
492 1256 32 19 för
544 1257 63 18 nästa
629 1255 151 26 femårsperiod
802 1254 66 20 måtte
883 1255 55 19 fästa
954 1255 35 20 det

226 1289 69 20 vilkor
316 1291 36 21 att,
375 1289 27 20 då
417 1290 34 18 vid
468 1291 62 18 nästa
545 1290 103 25 landtdag
663 1289 71 26 Nådig
749 1289 130 26 proposition
895 1289 7 19 i
917 1289 71 20 ämnet

227 1324 126 25 förelägges,
377 1324 68 19 denna
468 1324 48 19 icke
538 1324 92 19 allenast
653 1323 34 20 må
711 1323 108 20 innehålla
846 1323 81 25 förslag
954 1330 34 13 om

227 1358 188 26 stämpelskattens
431 1359 124 24 utgörande,
571 1360 51 17 utan
637 1359 62 19 ätven
715 1357 111 27 angående
842 1359 26 18 de
883 1357 105 24 ändamål,

227 1393 31 19 för
273 1393 73 18 hvilka
362 1393 40 18 den
418 1393 110 22 erfordras,
545 1394 56 18 samt
617 1394 30 17 att
667 1393 137 26 redovisning
826 1391 35 20 må
883 1393 31 19 för
937 1393 52 18 den-

227 1433 83 13 samma
333 1427 90 25 afgifvas
439 1427 6 18 i
461 1419 112 28 enahanda
589 1427 90 25 ordning
702 1433 46 13 som
771 1428 32 19 för
823 1427 69 25 öfriga
915 1426 74 19 bevill-

227 1461 141 26 ningsmedel.
