1109 1817
449 148 40 18 Den
502 149 10 17 3
524 148 47 18 Juni.
822 148 44 18 1811

129 208 100 19 Deremot
259 214 61 12 anser
349 208 38 25 jag
417 207 36 19 det
481 214 51 12 vara
560 208 22 18 af
605 207 98 19 behofvet
727 206 109 27 påkalladt
860 208 31 18 att

130 242 56 19 slika
211 241 236 26 utskänkningsställen
471 240 82 20 tillåtas
579 241 7 19 i
611 241 105 23 städerna,
742 241 54 19 dock
821 241 19 26 ej
864 239 27 28 på

130 277 36 18 det
181 277 48 21 sätt,
246 281 46 14 som
307 275 104 20 utskottet
426 275 38 19 har
479 275 99 20 förordat.
609 275 49 20 Men
673 277 32 17 att
720 275 25 19 de
763 276 48 18 böra
821 275 69 20 finnas

130 311 43 22 der,
195 316 62 13 anser
277 309 39 26 jag
338 308 83 27 framgå
443 309 88 23 derutaf,
553 311 31 17 att
599 309 93 26 fylleriet
707 309 185 26 hufvudsakligast

130 351 51 19 eger
195 351 47 12 rum
257 344 8 19 i
280 344 105 23 städerna,
401 344 36 19 der
453 350 25 13 en
494 343 35 20 hel
544 343 42 26 hop
598 344 123 19 menniskor
731 343 62 20 hafva
805 343 24 20 sä
840 344 52 26 godt

130 379 84 19 tillfälle
230 379 31 18 att
276 378 79 19 samlas
371 377 27 26 pä
413 379 30 18 ett
458 379 55 18 enda
529 378 68 19 ställe.
628 377 33 20 Dä
677 379 25 18 de
717 378 108 25 principer,
845 385 47 12 som

131 413 66 20 under
219 419 66 20 nyare
305 413 54 19 tider
380 412 57 26 gjort
459 413 35 25 sig
514 412 99 26 gällande
629 413 32 18 för
675 413 32 18 att
721 412 74 19 hindra
811 412 81 26 fylleri-

131 447 81 20 lastens
235 447 125 25 tilltagande
383 447 40 19 och
447 453 47 13 som
517 445 70 26 utgätt
604 445 46 20 frän
666 453 26 13 en
708 447 100 19 kommun
823 447 8 18 i
846 445 46 20 värt

131 481 126 26 grannland,
273 481 62 20 äfven
350 481 40 19 hos
405 487 37 13 oss
458 479 135 26 smäningom
609 481 64 19 borde
688 481 64 19 vinna
767 481 71 25 gehör,
851 480 41 20 och

132 514 27 21 dä
175 515 57 20 detta
248 516 23 18 är
286 521 26 13 en
328 515 45 23 sak,
389 521 47 14 som
450 515 8 19 i
473 515 89 19 främsta
574 516 91 18 rummet
675 515 92 25 grundar
777 515 34 26 sig
821 513 71 28 derpä,

132 551 30 18 att
190 549 235 26 utskänkningsställen
448 549 7 19 i
478 549 100 20 städerna
600 550 35 19 äro
658 548 89 24 tillåtna,
771 549 24 20 sä
823 549 69 20 skulle

130 584 39 25 jag
185 590 58 17 anse,
259 585 30 18 att
305 583 66 20 sädan
387 581 146 28 utskänkning
549 584 62 19 äfven
627 583 40 20 hos
682 589 36 14 oss
734 583 63 20 borde
812 583 80 20 tillätas

132 617 27 27 pä
182 619 35 18 det
238 619 91 18 nämnda
352 619 79 25 princip
455 617 34 20 mä
513 618 72 19 kunna
607 619 67 18 sättas
696 619 6 18 i
725 618 167 25 verkställighet.

132 653 42 25 Jag
189 651 31 21 fär
236 653 80 19 derföre
331 653 32 19 för
379 653 43 18 min
439 653 33 18 del
488 651 78 21 föreslä
581 654 31 17 att
627 652 145 25 utskänkning
788 652 22 19 af
830 653 63 18 brän-

133 687 36 19 vin
184 687 7 19 i
207 687 47 19 stad
270 686 65 20 mätte
350 686 87 20 tillätas.

202 722 52 18 Herr
269 721 145 19 Mechelin:
444 720 41 20 För
501 721 43 19 min
560 721 34 19 del
610 722 23 18 är
646 720 39 26 jag
700 720 115 26 ingalunda
830 721 64 19 frem-

133 756 77 19 mande
231 756 32 18 för
284 756 35 18 det
341 756 195 25 uppfattningssätt,
559 761 46 13 som
627 755 53 19 Herr
702 755 108 19 Molander
829 755 65 19 fram-

134 789 67 20 hållit.
231 790 49 19 Men
303 790 40 19 den
366 796 50 13 rena
437 790 162 25 konsegvensen
615 790 22 18 af
651 790 58 18 detta
723 789 172 19 betraktelsesätt

133 825 23 18 är
172 825 31 18 att
217 826 14 17 t.
249 830 30 13 ex.
296 830 26 13 en
337 824 250 25 kommunalförfattning
603 824 18 25 ej
638 824 99 18 behöfver
755 830 44 12 mer
820 824 27 19 än
868 830 27 12 en

134 858 54 20 enda
211 858 20 26 8,
255 858 40 20 och
313 859 34 19 det
363 859 23 19 är
401 859 53 19 den:
485 858 92 26 ,Hvarje
593 858 48 19 stad
657 864 50 19 eger
722 859 30 18 att
767 858 65 19 ordna
848 858 48 19 sina

134 892 179 26 angelägenheter
336 893 48 19 bäst
406 893 40 19 den
469 893 32 19 för
524 892 51 26 godt
595 892 80 19 finner*
692 892 40 20 och
747 891 70 27 nägon
832 892 64 19 brän-

134 927 173 26 vinsförfattning
320 927 69 19 skulle
400 927 89 19 alldeles
501 927 19 25 ej
534 926 113 20 behöfvas:
661 932 49 13 man
721 926 88 20 behöfde
820 926 76 19 endast

134 960 46 20 frän
205 961 54 19 1868
283 960 34 20 ärs
336 961 214 26 näringsförfattning
565 961 98 25 borttaga
679 961 25 19 de
719 961 114 25 undantag,
850 966 46 14 som

134 996 37 19 der
185 996 70 18 finnas
271 996 76 25 gjorda
361 996 8 18 i
385 996 99 19 afseende
500 994 13 20 ä
528 995 138 25 tillverkning
681 995 40 19 och
737 995 126 25 försäljning
876 995 23 19 af

135 1030 69 19 denna
220 1030 126 26 spritdryck.
377 1030 42 25 Jag
434 1032 43 17 tror
492 1028 67 21 ocksä
574 1031 31 17 att
620 1036 49 12 man
685 1030 7 18 i
707 1036 26 13 en
748 1029 85 19 framtid
854 1029 43 19 kan

135 1064 85 20 komma
236 1064 85 23 derhän,
338 1065 30 18 att
385 1064 18 26 ej
420 1064 92 19 behöfva
527 1064 96 25 lagstifta
639 1064 40 19 och
695 1064 152 25 reglementera
862 1070 35 12 om

135 1099 110 19 bränvinet
269 1097 71 21 säsom
363 1105 39 17 nu;
426 1104 49 13 men
499 1097 27 20 dä
548 1105 28 12 nu
598 1104 26 14 en
645 1097 58 27 gäng
719 1098 57 19 detta
791 1098 18 25 ej
827 1097 71 20 skulle

134 1133 65 18 vinna
214 1132 113 26 framgäng
342 1132 40 19 och
398 1132 27 19 dä
441 1132 34 19 det
490 1132 83 19 kanske
589 1132 20 25 ej
626 1132 67 19 heller
707 1138 49 13 vore
772 1132 126 19 motiveradt

135 1168 31 18 att
189 1167 64 19 redan
277 1173 28 12 nu
321 1167 64 19 ställa
400 1167 255 25 bränvinsförfattningen
670 1165 27 27 pä
712 1167 39 18 den
767 1165 131 26 ständpunkt

135 1201 53 19 Herr
210 1201 109 19 Molander
339 1201 116 25 föreslagit,
477 1199 28 21 dä
525 1201 69 19 denna
609 1201 135 25 lagstiftning
759 1201 6 18 i
781 1200 117 19 allmänhet

136 1236 22 19 är
181 1235 22 20 af
225 1236 86 25 negativ
333 1235 148 20 beskaffenhet
504 1235 41 20 och
567 1235 159 20 inskränkande
741 1237 38 21 art,
795 1233 24 21 sä
835 1241 63 12 anser

134 1270 39 25 jag
195 1271 30 18 att
247 1270 36 19 det
302 1270 19 25 ej
341 1270 76 19 strider
433 1271 56 18 emot
505 1276 26 13 en
547 1270 55 19 sund
617 1270 134 25 uppfattning
766 1270 22 19 af
801 1269 98 19 kommu-

136 1310 53 13 nens
205 1303 69 24 frihet,
291 1311 34 12 om
341 1310 48 13 man
405 1303 19 26 ej
441 1304 38 19 vill
495 1304 68 19 införa
579 1311 26 12 en
619 1304 123 19 innovation
757 1304 7 19 i
780 1304 35 19 det
836 1303 63 26 syfte,

136 1344 47 13 som
203 1338 104 20 utskottet
329 1338 39 19 här
391 1338 117 26 föreslagit.
538 1338 41 19 För
597 1339 44 19 min
657 1338 34 19 del
705 1339 82 18 förenar
800 1338 40 25 jag
854 1337 46 26 mig

136 1372 49 19 med
199 1372 53 19 Herr
267 1372 106 26 Cajander
387 1373 50 22 deri,
453 1374 31 17 att
499 1373 130 19 inrättandet
644 1373 23 18 af
680 1373 77 25 krogar
779 1371 26 27 pä
827 1372 73 19 landet

136 1407 19 26 ej
173 1408 23 19 är
210 1407 91 26 nyttigt;
318 1407 41 20 och
375 1406 26 20 dä
416 1407 49 20 hela
480 1407 153 26 författningen
648 1408 23 19 är
687 1413 26 14 en
729 1407 58 26 slags
803 1407 97 25 förmyn-

188 1479 71 23 Vällofi.
272 1480 156 23 borgareständets
438 1481 89 22 protokoll
540 1481 110 22 landtdagen
662 1480 57 18 1872.
820 1480 33 17 116
