1109 1817
427 146 39 17 Den
480 146 22 17 24
514 145 43 23 Maj.
804 146 44 16 1515

111 206 140 19 betänkande.
282 205 41 25 Jag
338 205 39 19 har
392 206 99 24 nogsamt
506 204 55 20 varit
576 204 6 19 i
598 204 85 19 tillfälle
699 205 30 17 att
739 204 68 19 erfara
818 204 52 18 huru

112 246 25 13 en
152 240 33 19 för
199 239 140 20 kommunens
355 239 180 25 angelägenheter
550 238 129 19 intresserad
694 244 76 19 person
791 238 81 19 kunnat

112 274 63 19 blifva
197 273 90 20 hindrad
307 274 30 18 att
359 273 82 19 bevista
467 271 81 21 sådana
573 272 198 19 sammankomster,
809 272 63 19 Detta

111 309 38 19 har
172 309 103 19 föranledt
298 308 76 23 dertill,
390 309 30 18 att
439 308 181 22 sammanträden,
636 308 36 19 vid
688 307 73 20 hvilka
776 307 96 20 behand-

111 343 72 26 lingen
206 343 23 19 af
249 343 86 26 mycket
357 342 81 26 vigtiga
461 341 71 27 frågor
547 342 142 23 förekommit,
704 342 69 19 blifvit
788 342 83 25 ganska

112 376 83 27 fåtaligt
210 377 95 20 besökta.
336 377 42 25 Jag
393 383 63 13 anser
471 377 36 19 det
522 377 81 19 derföre
619 383 51 12 vara
686 383 26 12 en
728 377 57 18 vinst
800 383 34 13 om
846 382 25 13 en

112 418 83 19 person,
219 418 46 13 som
288 412 124 18 intresserar
432 411 33 26 sig
481 411 31 19 för
528 411 141 19 kommunens
685 411 187 25 angelägenheter,

112 447 115 24 berättigas
243 447 31 18 att
289 446 32 19 för
336 446 34 25 sig
379 445 69 20 "ställa
464 452 69 13 annan
550 451 82 20 person,
648 445 85 20 försedd
752 446 49 19 med
823 445 49 19 full-

113 481 58 19 makt
187 481 22 18 af
223 480 84 22 honom,
323 479 40 20 och
376 480 39 25 jag
431 481 22 18 är
469 480 105 19 förvissad
590 486 34 13 om
641 482 30 17 att
687 479 46 23 den,
749 486 47 13 som
807 479 66 26 hyser

112 515 91 19 intresse
227 515 32 18 för
274 514 128 19 kommunen
419 514 31 19 till
466 514 121 25 fullmäktig
603 514 66 25 väljer
685 520 26 13 en
727 520 82 19 person,
826 520 45 13 som

113 549 41 18 kan
171 549 45 19 föra
230 548 55 19 hans
301 548 64 19 talan.
395 549 37 18 Att
449 547 65 26 något
530 548 106 19 missbruk
655 548 23 19 af
699 548 173 26 rösträttigheten

114 583 121 26 derigenom
258 583 69 19 skulle
348 583 85 19 komma
452 584 31 17 att
498 583 38 18 ske
560 583 41 18 kan
614 583 39 25 jag
669 582 46 19 icke
731 582 52 23 inse,
801 581 26 20 då
842 582 30 19 uti

114 617 69 20 denna
198 617 14 26 &
227 616 61 26 ingår
304 623 25 14 en
346 617 122 25 stipulation
484 623 35 13 om
535 618 30 17 att
581 623 25 13 en
630 616 121 26 fullmäktig
774 617 47 18 icke
842 615 31 20 får

114 653 57 18 rösta
187 652 31 19 för
233 658 44 13 mer
293 653 26 18 än
335 657 26 14 en
376 651 170 26 röstberättigad.

184 686 51 19 Herr
250 686 131 19 Boström:
411 685 41 25 Jag
467 685 38 19 vill
520 685 48 19 icke
583 684 93 20 bestrida
692 686 30 17 att
741 684 34 20 det
798 684 75 20 under-

115 720 98 19 stundom
236 720 42 19 kan
301 720 84 19 inträffa
405 721 30 17 att
451 726 25 12 en
492 720 31 18 uti
538 720 141 18 kommunens
695 718 179 26 angelägenheter

114 754 129 20 intresserad
266 760 75 19 person
356 754 75 19 blifver
446 754 22 19 af
482 752 71 27 någon
568 752 131 26 tillfällighet
715 754 41 18 satt
771 760 24 12 ur
811 752 62 20 stånd

115 790 30 18 att
168 788 35 19 vid
226 788 241 20 kommunalstämmans
491 788 158 19 sammanträde
667 788 84 18 komma
767 787 107 19 tillstädes

115 823 40 19 och
177 824 30 18 att
229 822 43 20 han
295 821 26 21 då
343 822 90 20 behöfde
455 822 71 20 lemna
549 823 33 18 sin
598 821 98 20 fullmakt
711 821 40 20 och
767 822 32 18 sin
815 821 58 19 talan

115 857 32 19 till
171 863 70 13 annan
263 863 82 19 person.
376 857 48 19 Men
447 856 89 20 emedan
557 856 40 26 jag
617 859 42 17 tror
682 857 31 18 att
729 856 68 19 denna
812 857 62 24 nytta

115 891 85 20 komme
223 892 30 18 att
273 898 45 12 mer
339 892 27 18 än
389 891 125 25 tillräckligt
536 892 109 24 uppvägas
661 890 22 19 af
697 890 40 19 den
753 890 121 26 olägenhet,

116 932 46 13 som
184 926 69 19 skulle
275 924 160 21 åstadkommas
457 932 78 19 genom
559 927 30 17 att
611 932 25 12 en
652 930 76 20 person
744 924 85 26 deltoge
845 924 29 19 uti

116 960 25 20 de
156 960 137 20 kommunala
309 960 213 26 angelägenheterna,
538 961 50 17 utan
605 961 30 17 att
654 958 95 26 speciellt
769 965 52 13 vara
843 959 33 19 för

116 995 47 19 dem
179 994 133 23 intresserad,
329 994 65 20 ehuru
410 994 41 19 han
467 994 30 19 uti
514 995 30 18 ett
559 994 51 19 eller
625 995 65 17 annat
702 993 173 19 förekommande

115 1028 36 20 fall
167 1029 63 19 funne
247 1029 34 19 det
296 1028 74 26 nödigt
385 1031 30 17 att
431 1029 52 25 göra
499 1028 32 19 sin
548 1028 85 19 rösträtt
649 1027 104 26 gällande,
770 1026 25 20 så
805 1027 70 20 skulle

114 1063 38 25 jag
167 1064 32 18 för
215 1063 43 19 min
275 1063 33 19 del
323 1069 52 13 anse
391 1064 30 18 att
437 1069 26 13 en
478 1062 129 26 röstegande
622 1062 47 19 icke
685 1062 63 19 borde
763 1062 31 18 uti
809 1060 67 27 något

115 1097 37 19 fall
175 1096 21 20 få
218 1096 27 26 på
268 1103 69 13 annan
359 1103 77 19 person
457 1095 104 21 öfverlåta
582 1096 33 19 sin
630 1096 92 19 rösträtt.
753 1096 61 19 Hvad
829 1097 46 18 sär-

116 1130 65 20 skildt
197 1131 99 19 beträffar
311 1131 34 19 val
360 1131 23 19 af
396 1131 58 18 vissa
470 1131 151 22 funktionärer,
633 1131 22 18 är
669 1130 34 19 det
715 1136 25 13 en
751 1130 42 19 alla
804 1130 72 19 stads-

116 1165 147 25 författningar
285 1163 161 28 genomgående
468 1165 122 25 grundsats,
610 1165 30 18 att
656 1164 51 19 hvar
723 1163 39 20 och
778 1170 26 13 en
820 1164 56 19 röst-

116 1199 81 26 egande
213 1199 55 19 skall
284 1200 6 18 i
305 1199 56 20 valet
377 1199 136 25 personligen
529 1199 85 25 deltaga
629 1198 40 20 och
685 1198 47 19 icke
755 1197 31 20 får
809 1198 67 19 öfver-

116 1233 71 20 lemna
209 1234 32 19 sin
263 1234 41 19 rätt
326 1232 22 21 ät
371 1239 69 14 annan
463 1239 77 18 person
580 1232 44 20 Och
640 1233 58 19 detta
713 1232 73 25 gäller,
803 1231 73 20 såsom

116 1268 52 19 Herr
190 1268 108 19 Molander
320 1267 65 20 redan
408 1268 69 19 anfört
499 1267 35 19 val
554 1267 23 19 af
589 1267 171 25 landtdagsman,
776 1266 23 19 af
812 1266 64 25 borg-

117 1303 91 18 mästare
231 1302 40 20 och
294 1301 37 20 råd
353 1302 41 19 och
417 1301 199 26 ofverhufvudtaget
639 1301 22 19 af
682 1301 143 19 funktionärer
845 1300 31 19 uti

116 1337 195 19 stadskommunen.
342 1335 76 27 Någon
441 1336 116 25 anledning
580 1337 30 18 att
632 1335 31 20 uti
686 1335 25 20 de
734 1334 75 27 frågor,
829 1341 47 13 som

116 1371 114 19 ankomma
251 1369 26 27 på
299 1369 178 24 rådhusstämma,
503 1369 76 26 frångå
601 1370 68 19 denna
692 1369 121 26 grundsats,
833 1369 43 19 kan

114 1405 39 26 jag
176 1405 46 19 icke
243 1405 63 19 finna.
337 1405 41 25 Jag
401 1403 96 21 anhåller
517 1405 88 22 derföre,
621 1406 30 17 att
667 1403 88 20 Ståndet
769 1403 50 20 ville
835 1403 41 20 för-
