1109 1817
444 181 39 17 Den
495 180 24 18 24
530 180 43 23 Maj.
823 181 43 17 1481

128 239 64 20 hafva
215 245 82 13 samma
319 239 55 19 kraft
396 239 41 19 och
457 239 106 25 giltighet.
593 239 47 19 Den
655 239 107 19 blifvande
777 239 115 26 utvidgade

128 274 129 19 kommunen
280 279 66 20 synes
368 273 45 26 mig
433 273 158 26 otvifvelaktigt
612 273 51 26 böra
683 279 50 14 vara
748 273 144 20 underkastad

128 308 41 19 och
185 308 83 19 bunden
291 308 23 19 af
327 307 26 20 de
367 307 173 26 bestämningar,
550 314 46 13 som
611 307 56 20 hans
682 308 134 24 företrädare,
831 308 61 19 kom-

129 348 78 13 munen
207 338 12 34 i
236 342 33 19 sin
284 342 90 25 tidigare
388 343 85 24 trängre
489 342 201 25 sammansättning,
701 342 7 19 i
719 342 57 19 detta
791 342 101 20 afseende

128 377 158 25 tillvägabragt,
302 375 88 20 såframt
411 376 48 19 icke
481 375 71 26 någon
575 376 53 19 brist
643 376 7 19 i
665 376 84 20 formelt
769 376 123 20 hänseende

129 410 96 21 vidlåder
247 411 54 19 dem.
333 409 46 24 Om,
394 411 32 19 för
447 411 30 18 att
496 409 58 21 hålla
569 411 45 25 mig
629 410 32 19 till
676 411 141 19 kommunens
833 411 60 19 skul-

130 446 43 23 der,
189 445 42 20 den
253 445 106 19 blifvande
381 444 51 20 eller
454 445 114 26 utvidgade
583 445 130 19 kommunen
728 445 67 19 finner
810 445 36 19 det
861 445 31 20 för

130 481 35 24 sig
180 479 137 26 fördelaktigt
332 480 31 18 att
378 479 89 26 tidigare
483 479 51 20 eller
548 478 27 27 på
591 481 64 17 annat
671 480 43 19 sätt
726 478 115 21 återbetala
854 478 38 21 nå-

129 521 42 18 gon
195 514 50 19 dess
267 513 68 23 skuld,
351 513 112 20 förefinnes
479 514 69 19 derför
563 514 48 19 icke
626 513 66 27 något
706 513 81 24 hinder,
803 513 88 20 såframt

129 549 35 19 det
180 548 47 19 icke
243 547 44 20 står
301 549 7 18 i
324 548 53 19 strid
393 548 47 19 med
455 547 129 20 låneaftalet.
615 548 42 26 Jag
672 548 37 19 vill
725 549 86 24 derföre,
827 549 8 19 i
850 549 41 19 den

129 583 80 19 tanken
224 584 31 17 att
269 582 15 27 &
300 583 12 19 6
329 582 40 20 och
385 583 69 19 denna
469 583 124 25 författning
609 583 6 19 i
627 583 116 19 allmänhet
758 583 47 19 icke
820 583 71 20 lemna

129 623 47 13 rum
192 617 31 19 för
243 616 129 20 tvifvelsmål
387 617 51 19 eller
453 616 136 27 villtädighet
608 617 3 19 i
626 617 129 20 omnämnde
769 617 121 24 afseenden,

129 651 109 26 tillstyrka
253 651 129 26 antagandet
397 652 22 18 af
433 651 68 20 denna
517 651 21 26 8.

199 685 52 19 Herr
266 685 81 27 Frey:
370 685 9 19 I
399 685 115 26 anledning
537 686 23 18 af
580 685 52 19 Herr
654 685 116 19 Mechelins
792 686 99 25 genmäle

129 719 37 20 vill
180 720 40 25 jag
235 720 84 22 nämna,
335 721 30 17 att
380 726 49 12 man
442 720 46 25 just
504 718 22 21 åt
541 718 15 27 &
571 719 27 20 57
614 720 62 25 gifvit
691 720 41 19 den
745 720 103 26 tolkning,
861 721 31 18 att

130 754 26 20 de
171 754 93 23 skulder,
280 760 46 14 som
344 754 37 20 der
396 755 132 24 omnämnas,
544 755 76 19 endast
635 755 36 19 äro
687 753 86 25 sådane,
788 754 33 20 till
836 754 55 20 hvil-

129 789 40 19 kas
191 790 134 25 upptagande
346 790 61 18 äfven
427 789 26 19 de
469 789 106 19 blifvande
591 789 166 20 medlemmarne
772 790 6 18 i
794 790 97 19 kommu-

129 830 42 13 nen
186 824 80 19 lemnat
281 824 37 18 sitt
333 824 64 22 bifall,
413 825 56 18 samt
484 825 32 17 att
530 824 55 19 förut
600 824 110 25 befintliga
726 824 85 19 skulder
822 823 70 20 skulle

128 858 83 19 betalas
224 858 23 19 af
259 858 26 19 de
301 858 146 19 förutvarande
463 858 165 19 medlemmarne
643 852 30 25 uti
689 858 134 19 kommunen.

199 892 52 19 Herr
267 891 106 26 Sjöros:
395 892 72 19 Ehuru
482 891 85 21 ståndet
582 892 36 19 vid
633 892 158 26 förmiddagens
805 892 86 26 plenum

128 926 138 20 underkände
281 926 47 19 mitt
344 926 79 26 förslag
439 928 30 17 att
485 926 30 19 uti
531 926 14 26 &
561 926 12 20 3
589 926 74 26 intaga
678 926 64 20 bland
755 926 137 20 medlemmar

128 961 24 18 af
165 960 162 20 stadskommun
349 961 61 19 äfven
426 961 54 22 dem,
497 967 46 13 som
559 960 64 20 hafva
639 961 80 25 stadigt
734 961 26 19 bo
775 960 40 20 och
831 960 61 20 hem-

129 995 42 19 vist
186 995 6 19 i
209 995 81 22 staden,
306 1001 34 13 om
361 995 40 19 ock
417 995 25 19 de
457 995 48 19 icke
521 995 36 19 der
572 1001 50 13 vore
638 995 178 22 mantalsskrifne,
832 994 60 20 torde

129 1028 89 20 Ståndet
241 1029 54 19 dock
317 1029 48 19 icke
387 1029 128 25 missbilliga
538 1030 47 18 mitt
607 1029 86 25 förslag,
710 1030 31 18 att
755 1029 7 19 i
778 1029 53 19 sista
846 1035 45 13 mo-

131 1064 80 18 mentet
226 1064 23 18 af
262 1063 69 19 denna
346 1062 14 27 &
376 1065 92 24 upptaga
483 1064 159 19 ofvannämnde
657 1070 100 19 personer
768 1063 63 19 bland
840 1064 48 18 dem

129 1104 46 13 som
191 1098 36 19 äro
244 1098 100 25 skyldiga
359 1099 31 18 att
405 1098 32 19 till
453 1098 129 19 kommunen
598 1099 76 25 utgöra
685 1098 64 19 skatt.
775 1098 40 19 Det
826 1104 66 20 synes

128 1132 35 19 väl
186 1137 47 14 som
255 1138 34 13 om
313 1132 34 19 det
370 1132 68 19 skulle
454 1138 50 13 vara
520 1138 26 13 en
562 1132 112 25 obillighet
689 1134 32 17 att
736 1131 77 26 ålägga
829 1132 63 19 dessa

129 1171 100 20 personer
251 1165 58 20 skatt
330 1165 33 20 till
386 1166 128 19 kommunen
533 1167 51 18 utan
600 1167 31 18 att
647 1166 26 19 de
688 1165 21 20 fä
725 1172 48 13 vara
790 1165 102 20 medlem-

130 1206 44 13 mar
197 1200 30 19 uti
249 1200 133 23 densamma;
409 1200 18 19 d.
444 1207 19 12 v.
480 1207 17 12 s.
514 1206 40 19 ega
573 1201 92 22 rösträtt,
681 1200 42 19 och
738 1200 35 19 det
788 1200 54 19 lärer
857 1200 35 19 väl

129 1234 47 19 icke
198 1234 72 19 kunna
291 1234 111 23 bestridas,
419 1236 30 17 att
466 1235 35 18 det
516 1235 23 18 är
555 1240 27 13 en
597 1234 131 25 motsägelse
743 1236 57 17 emot
814 1234 78 25 princi-

130 1275 40 19 pen
185 1275 35 13 om
235 1268 150 25 likställighet;
409 1275 47 12 men
472 1274 35 13 om
524 1269 35 18 det
574 1269 23 18 är
613 1275 25 12 en
656 1268 135 25 motsägelse,
803 1267 44 20 stär
857 1268 35 19 det

130 1303 55 19 dock
200 1302 31 19 uti
246 1302 63 19 dessa
330 1309 111 19 personers
457 1304 65 24 magt,
538 1304 31 17 att
584 1303 49 19 med
648 1304 78 24 ytterst
741 1303 60 25 ringa
816 1302 76 20 besvär

130 1335 21 21 fä
166 1337 46 28 den
230 1337 107 22 orättvisa,
353 1343 47 13 som
422 1336 46 20 häri
491 1337 76 25 ligger,
583 1336 96 26 afhjelpt,
698 1343 78 19 genom
798 1337 31 18 att
849 1335 44 21 läta

130 1370 173 20 mantalsskrifva
318 1371 34 25 sig
367 1371 7 18 i
390 1371 81 23 staden,
488 1371 37 19 der
540 1371 26 19 de
582 1371 36 19 äro
634 1371 89 19 bosatte.
750 1371 47 19 Mitt
812 1371 81 26 förslag

130 1411 49 13 vore
202 1405 87 23 derföre,
305 1407 31 17 att
357 1405 52 20 efter
429 1405 35 20 det
479 1404 27 27 pä
522 1405 103 20 nästsista
639 1405 66 19 raden
721 1405 22 19 af
756 1405 136 20 förevarande

130 1439 14 26 8
160 1439 109 26 befintliga
285 1439 107 26 uttrycket
409 1455 10 8 ,
421 1439 141 20 kommunens
578 1439 151 20 medlemmar"
743 1439 68 20 skulle
822 1439 70 26 tilläg-

130 1479 40 20 gas
187 1473 53 24 ,och
255 1473 65 20 andre
335 1480 106 19 personer,
457 1480 47 13 som
519 1474 37 19 der
571 1473 62 20 hafva
649 1473 81 26 stadigt
744 1473 27 20 bo
781 1473 40 20 och
831 1473 61 20 hem-
