<?xml version="1.0" encoding="UTF-8"?>
<alto xmlns="http://www.loc.gov/standards/alto/ns-v3#" xmlns:xlink="http://www.w3.org/1999/xlink" xmlns:xsi="http://www.w3.org/2001/XMLSchema-instance" xsi:schemaLocation="http://www.loc.gov/standards/alto/ns-v3# http://www.loc.gov/alto/v3/alto-3-0.xsd">
	<Description>
		<MeasurementUnit>pixel</MeasurementUnit>
		<sourceImageInformation>
			<fileName>/tmp/tess_iqtmhini_input.PNG</fileName>
		</sourceImageInformation>
		<OCRProcessing ID="OCR_0">
			<ocrProcessingStep>
				<processingSoftware>
					<softwareName>tesseract 5.3.4</softwareName>
				</processingSoftware>
			</ocrProcessingStep>
		</OCRProcessing>
	</Description>
	<Layout>
		<Page WIDTH="1109" HEIGHT="1817" PHYSICAL_IMG_NR="0" ID="page_0">
			<PrintSpace HPOS="0" VPOS="0" WIDTH="1109" HEIGHT="1817">
				<ComposedBlock ID="cblock_0" HPOS="449" VPOS="161" WIDTH="419" HEIGHT="23">
					<TextBlock ID="block_0" HPOS="449" VPOS="161" WIDTH="419" HEIGHT="23">
						<TextLine ID="line_0" HPOS="449" VPOS="161" WIDTH="419" HEIGHT="23">
							<String ID="string_0" HPOS="449" VPOS="161" WIDTH="37" HEIGHT="17" WC="0.96" CONTENT="Den"/><SP WIDTH="15" VPOS="161" HPOS="486"/>
							<String ID="string_1" HPOS="501" VPOS="162" WIDTH="22" HEIGHT="17" WC="0.96" CONTENT="29"/><SP WIDTH="13" VPOS="162" HPOS="523"/>
							<String ID="string_2" HPOS="536" VPOS="162" WIDTH="42" HEIGHT="22" WC="0.95" CONTENT="Maj."/><SP WIDTH="245" VPOS="162" HPOS="578"/>
							<String ID="string_3" HPOS="823" VPOS="162" WIDTH="45" HEIGHT="18" WC="0.96" CONTENT="1679"/>
						</TextLine>
					</TextBlock>
				</ComposedBlock>
				<ComposedBlock ID="cblock_1" HPOS="132" VPOS="218" WIDTH="763" HEIGHT="1263">
					<TextBlock ID="block_1" HPOS="132" VPOS="218" WIDTH="759" HEIGHT="61">
						<TextLine ID="line_1" HPOS="132" VPOS="218" WIDTH="759" HEIGHT="27">
							<String ID="string_4" HPOS="132" VPOS="218" WIDTH="93" HEIGHT="27" WC="0.93" CONTENT="Procopé"/><SP WIDTH="21" VPOS="218" HPOS="225"/>
							<String ID="string_5" HPOS="246" VPOS="220" WIDTH="132" HEIGHT="19" WC="0.93" CONTENT="framställda"/><SP WIDTH="23" VPOS="220" HPOS="378"/>
							<String ID="string_6" HPOS="401" VPOS="220" WIDTH="162" HEIGHT="19" WC="0.92" CONTENT="amendement?"/><SP WIDTH="20" VPOS="220" HPOS="563"/>
							<String ID="string_7" HPOS="583" VPOS="231" WIDTH="26" HEIGHT="2" WC="0.92" CONTENT="—"/><SP WIDTH="16" VPOS="231" HPOS="609"/>
							<String ID="string_8" HPOS="625" VPOS="220" WIDTH="41" HEIGHT="19" WC="0.96" CONTENT="För"/><SP WIDTH="16" VPOS="220" HPOS="666"/>
							<String ID="string_9" HPOS="682" VPOS="220" WIDTH="40" HEIGHT="19" WC="0.95" CONTENT="den"/><SP WIDTH="16" VPOS="220" HPOS="722"/>
							<String ID="string_10" HPOS="738" VPOS="221" WIDTH="54" HEIGHT="18" WC="0.93" CONTENT="förra"/><SP WIDTH="17" VPOS="221" HPOS="792"/>
							<String ID="string_11" HPOS="809" VPOS="219" WIDTH="82" HEIGHT="26" WC="0.92" CONTENT="åsigten"/>
						</TextLine>
						<TextLine ID="line_2" HPOS="132" VPOS="253" WIDTH="484" HEIGHT="26">
							<String ID="string_12" HPOS="132" VPOS="255" WIDTH="70" HEIGHT="18" WC="0.96" CONTENT="röstas"/><SP WIDTH="16" VPOS="255" HPOS="202"/>
							<String ID="string_13" HPOS="218" VPOS="253" WIDTH="47" HEIGHT="20" WC="0.96" CONTENT="med"/><SP WIDTH="10" VPOS="253" HPOS="265"/>
							<String ID="string_14" HPOS="275" VPOS="254" WIDTH="31" HEIGHT="25" WC="0.96" CONTENT="ja,"/><SP WIDTH="16" VPOS="254" HPOS="306"/>
							<String ID="string_15" HPOS="322" VPOS="254" WIDTH="32" HEIGHT="19" WC="0.96" CONTENT="för"/><SP WIDTH="15" VPOS="254" HPOS="354"/>
							<String ID="string_16" HPOS="369" VPOS="253" WIDTH="40" HEIGHT="20" WC="0.96" CONTENT="den"/><SP WIDTH="16" VPOS="253" HPOS="409"/>
							<String ID="string_17" HPOS="425" VPOS="260" WIDTH="74" HEIGHT="13" WC="0.96" CONTENT="senare"/><SP WIDTH="17" VPOS="260" HPOS="499"/>
							<String ID="string_18" HPOS="516" VPOS="254" WIDTH="47" HEIGHT="19" WC="0.96" CONTENT="med"/><SP WIDTH="16" VPOS="254" HPOS="563"/>
							<String ID="string_19" HPOS="579" VPOS="254" WIDTH="37" HEIGHT="25" WC="0.47" CONTENT="nej."/>
						</TextLine>
					</TextBlock>
					<TextBlock ID="block_2" HPOS="132" VPOS="287" WIDTH="761" HEIGHT="123">
						<TextLine ID="line_3" HPOS="201" VPOS="287" WIDTH="691" HEIGHT="26">
							<String ID="string_20" HPOS="201" VPOS="287" WIDTH="159" HEIGHT="26" WC="0.91" CONTENT="Propositionen"/><SP WIDTH="17" VPOS="287" HPOS="360"/>
							<String ID="string_21" HPOS="377" VPOS="288" WIDTH="127" HEIGHT="19" WC="0.92" CONTENT="besvarades"/><SP WIDTH="16" VPOS="288" HPOS="504"/>
							<String ID="string_22" HPOS="520" VPOS="288" WIDTH="48" HEIGHT="19" WC="0.93" CONTENT="med"/><SP WIDTH="16" VPOS="288" HPOS="568"/>
							<String ID="string_23" HPOS="584" VPOS="288" WIDTH="198" HEIGHT="25" WC="0.92" CONTENT="öfvervägande"/><SP WIDTH="-36" VPOS="288" HPOS="782"/>
							<String ID="string_24" HPOS="746" VPOS="283" WIDTH="38" HEIGHT="34" WC="0.95" CONTENT="ja;"/><SP WIDTH="13" VPOS="283" HPOS="784"/>
							<String ID="string_25" HPOS="797" VPOS="288" WIDTH="40" HEIGHT="19" WC="0.93" CONTENT="och"/><SP WIDTH="13" VPOS="288" HPOS="837"/>
							<String ID="string_26" HPOS="850" VPOS="289" WIDTH="42" HEIGHT="19" WC="0.92" CONTENT="för-"/>
						</TextLine>
						<TextLine ID="line_4" HPOS="132" VPOS="321" WIDTH="761" HEIGHT="27">
							<String ID="string_27" HPOS="132" VPOS="322" WIDTH="99" HEIGHT="19" WC="0.92" CONTENT="klarades"/><SP WIDTH="15" VPOS="322" HPOS="231"/>
							<String ID="string_28" HPOS="246" VPOS="322" WIDTH="35" HEIGHT="19" WC="0.93" CONTENT="vid"/><SP WIDTH="16" VPOS="322" HPOS="281"/>
							<String ID="string_29" HPOS="297" VPOS="321" WIDTH="76" HEIGHT="20" WC="0.93" CONTENT="sädant"/><SP WIDTH="15" VPOS="321" HPOS="373"/>
							<String ID="string_30" HPOS="388" VPOS="321" WIDTH="132" HEIGHT="20" WC="0.93" CONTENT="förhällande"/><SP WIDTH="16" VPOS="321" HPOS="520"/>
							<String ID="string_31" HPOS="536" VPOS="321" WIDTH="89" HEIGHT="20" WC="0.92" CONTENT="Ständet"/><SP WIDTH="15" VPOS="321" HPOS="625"/>
							<String ID="string_32" HPOS="640" VPOS="322" WIDTH="64" HEIGHT="19" WC="0.92" CONTENT="hafva"/><SP WIDTH="16" VPOS="322" HPOS="704"/>
							<String ID="string_33" HPOS="720" VPOS="322" WIDTH="85" HEIGHT="20" WC="0.92" CONTENT="beslutit"/><SP WIDTH="13" VPOS="322" HPOS="805"/>
							<String ID="string_34" HPOS="818" VPOS="323" WIDTH="33" HEIGHT="25" WC="0.97" CONTENT="sig"/><SP WIDTH="10" VPOS="323" HPOS="851"/>
							<String ID="string_35" HPOS="861" VPOS="323" WIDTH="32" HEIGHT="20" WC="0.97" CONTENT="för"/>
						</TextLine>
						<TextLine ID="line_5" HPOS="133" VPOS="355" WIDTH="759" HEIGHT="27">
							<String ID="string_36" HPOS="133" VPOS="357" WIDTH="129" HEIGHT="24" WC="0.92" CONTENT="antagandet"/><SP WIDTH="21" VPOS="357" HPOS="262"/>
							<String ID="string_37" HPOS="283" VPOS="357" WIDTH="23" HEIGHT="18" WC="0.93" CONTENT="af"/><SP WIDTH="20" VPOS="357" HPOS="306"/>
							<String ID="string_38" HPOS="326" VPOS="355" WIDTH="160" HEIGHT="27" WC="0.91" CONTENT="ifrägavarande"/><SP WIDTH="19" VPOS="355" HPOS="486"/>
							<String ID="string_39" HPOS="505" VPOS="356" WIDTH="15" HEIGHT="26" WC="0.92" CONTENT="&amp;"/><SP WIDTH="16" VPOS="356" HPOS="520"/>
							<String ID="string_40" HPOS="536" VPOS="355" WIDTH="66" HEIGHT="20" WC="0.92" CONTENT="sädan"/><SP WIDTH="17" VPOS="355" HPOS="602"/>
							<String ID="string_41" HPOS="619" VPOS="357" WIDTH="39" HEIGHT="18" WC="0.93" CONTENT="den"/><SP WIDTH="17" VPOS="357" HPOS="658"/>
							<String ID="string_42" HPOS="675" VPOS="357" WIDTH="61" HEIGHT="25" WC="0.93" CONTENT="lyder"/><SP WIDTH="15" VPOS="357" HPOS="736"/>
							<String ID="string_43" HPOS="751" VPOS="357" WIDTH="6" HEIGHT="18" WC="0.93" CONTENT="i"/><SP WIDTH="17" VPOS="357" HPOS="757"/>
							<String ID="string_44" HPOS="774" VPOS="356" WIDTH="118" HEIGHT="20" WC="0.91" CONTENT="Utskottets"/>
						</TextLine>
						<TextLine ID="line_6" HPOS="134" VPOS="390" WIDTH="138" HEIGHT="20">
							<String ID="string_45" HPOS="134" VPOS="390" WIDTH="138" HEIGHT="20" WC="0.92" CONTENT="betänkande."/>
						</TextLine>
					</TextBlock>
					<TextBlock ID="block_3" HPOS="202" VPOS="425" WIDTH="589" HEIGHT="26">
						<TextLine ID="line_7" HPOS="202" VPOS="425" WIDTH="589" HEIGHT="26">
							<String ID="string_46" HPOS="202" VPOS="425" WIDTH="29" HEIGHT="26" WC="0.58" CONTENT="88"/><SP WIDTH="17" VPOS="425" HPOS="231"/>
							<String ID="string_47" HPOS="248" VPOS="425" WIDTH="33" HEIGHT="24" WC="0.95" CONTENT="66,"/><SP WIDTH="16" VPOS="425" HPOS="281"/>
							<String ID="string_48" HPOS="297" VPOS="425" WIDTH="33" HEIGHT="23" WC="0.95" CONTENT="67,"/><SP WIDTH="17" VPOS="425" HPOS="330"/>
							<String ID="string_49" HPOS="347" VPOS="425" WIDTH="27" HEIGHT="20" WC="0.96" CONTENT="68"/><SP WIDTH="16" VPOS="425" HPOS="374"/>
							<String ID="string_50" HPOS="390" VPOS="425" WIDTH="39" HEIGHT="20" WC="0.96" CONTENT="och"/><SP WIDTH="17" VPOS="425" HPOS="429"/>
							<String ID="string_51" HPOS="446" VPOS="425" WIDTH="26" HEIGHT="20" WC="0.93" CONTENT="69"/><SP WIDTH="17" VPOS="425" HPOS="472"/>
							<String ID="string_52" HPOS="489" VPOS="427" WIDTH="90" HEIGHT="24" WC="0.91" CONTENT="antogos"/><SP WIDTH="16" VPOS="427" HPOS="579"/>
							<String ID="string_53" HPOS="595" VPOS="427" WIDTH="50" HEIGHT="18" WC="0.93" CONTENT="utan"/><SP WIDTH="18" VPOS="427" HPOS="645"/>
							<String ID="string_54" HPOS="663" VPOS="425" WIDTH="128" HEIGHT="20" WC="0.95" CONTENT="diskussion."/>
						</TextLine>
					</TextBlock>
					<TextBlock ID="block_4" HPOS="236" VPOS="459" WIDTH="220" HEIGHT="26">
						<TextLine ID="line_8" HPOS="236" VPOS="459" WIDTH="220" HEIGHT="26">
							<String ID="string_55" HPOS="236" VPOS="459" WIDTH="29" HEIGHT="26" WC="0.66" CONTENT="SS"/><SP WIDTH="16" VPOS="459" HPOS="265"/>
							<String ID="string_56" HPOS="281" VPOS="459" WIDTH="31" HEIGHT="24" WC="0.95" CONTENT="70,"/><SP WIDTH="18" VPOS="459" HPOS="312"/>
							<String ID="string_57" HPOS="330" VPOS="459" WIDTH="21" HEIGHT="20" WC="0.93" CONTENT="71"/><SP WIDTH="18" VPOS="459" HPOS="351"/>
							<String ID="string_58" HPOS="369" VPOS="459" WIDTH="40" HEIGHT="20" WC="0.94" CONTENT="och"/><SP WIDTH="17" VPOS="459" HPOS="409"/>
							<String ID="string_59" HPOS="426" VPOS="459" WIDTH="30" HEIGHT="20" WC="0.92" CONTENT="72."/>
						</TextLine>
					</TextBlock>
					<TextBlock ID="block_5" HPOS="133" VPOS="488" WIDTH="762" HEIGHT="993">
						<TextLine ID="line_9" HPOS="203" VPOS="488" WIDTH="691" HEIGHT="32">
							<String ID="string_60" HPOS="203" VPOS="494" WIDTH="52" HEIGHT="19" WC="0.93" CONTENT="Herr"/><SP WIDTH="22" VPOS="494" HPOS="255"/>
							<String ID="string_61" HPOS="277" VPOS="488" WIDTH="152" HEIGHT="31" WC="0.91" CONTENT="Öhrnberg:"/><SP WIDTH="38" VPOS="488" HPOS="429"/>
							<String ID="string_62" HPOS="467" VPOS="493" WIDTH="71" HEIGHT="20" WC="0.93" CONTENT="Under"/><SP WIDTH="23" VPOS="493" HPOS="538"/>
							<String ID="string_63" HPOS="561" VPOS="494" WIDTH="120" HEIGHT="19" WC="0.93" CONTENT="Utskottets"/><SP WIDTH="27" VPOS="494" HPOS="681"/>
							<String ID="string_64" HPOS="708" VPOS="494" WIDTH="186" HEIGHT="26" WC="0.92" CONTENT="öfverläggningar"/>
						</TextLine>
						<TextLine ID="line_10" HPOS="134" VPOS="527" WIDTH="759" HEIGHT="27">
							<String ID="string_65" HPOS="134" VPOS="528" WIDTH="110" HEIGHT="19" WC="0.95" CONTENT="anmärkte"/><SP WIDTH="17" VPOS="528" HPOS="244"/>
							<String ID="string_66" HPOS="261" VPOS="529" WIDTH="45" HEIGHT="25" WC="0.95" CONTENT="jag,"/><SP WIDTH="16" VPOS="529" HPOS="306"/>
							<String ID="string_67" HPOS="322" VPOS="530" WIDTH="31" HEIGHT="17" WC="0.93" CONTENT="att"/><SP WIDTH="15" VPOS="530" HPOS="353"/>
							<String ID="string_68" HPOS="368" VPOS="527" WIDTH="116" HEIGHT="20" WC="0.96" CONTENT="innehållet"/><SP WIDTH="15" VPOS="527" HPOS="484"/>
							<String ID="string_69" HPOS="499" VPOS="529" WIDTH="23" HEIGHT="18" WC="0.96" CONTENT="af"/><SP WIDTH="13" VPOS="529" HPOS="522"/>
							<String ID="string_70" HPOS="535" VPOS="527" WIDTH="30" HEIGHT="27" WC="0.59" CONTENT="88"/><SP WIDTH="16" VPOS="527" HPOS="565"/>
							<String ID="string_71" HPOS="581" VPOS="528" WIDTH="33" HEIGHT="23" WC="0.96" CONTENT="70,"/><SP WIDTH="18" VPOS="528" HPOS="614"/>
							<String ID="string_72" HPOS="632" VPOS="529" WIDTH="24" HEIGHT="18" WC="0.96" CONTENT="71"/><SP WIDTH="17" VPOS="529" HPOS="656"/>
							<String ID="string_73" HPOS="673" VPOS="528" WIDTH="40" HEIGHT="19" WC="0.96" CONTENT="och"/><SP WIDTH="18" VPOS="528" HPOS="713"/>
							<String ID="string_74" HPOS="731" VPOS="529" WIDTH="24" HEIGHT="18" WC="0.95" CONTENT="72"/><SP WIDTH="17" VPOS="529" HPOS="755"/>
							<String ID="string_75" HPOS="772" VPOS="529" WIDTH="6" HEIGHT="18" WC="0.95" CONTENT="i"/><SP WIDTH="17" VPOS="529" HPOS="778"/>
							<String ID="string_76" HPOS="795" VPOS="529" WIDTH="38" HEIGHT="19" WC="0.93" CONTENT="den"/><SP WIDTH="17" VPOS="529" HPOS="833"/>
							<String ID="string_77" HPOS="850" VPOS="527" WIDTH="43" HEIGHT="21" WC="0.91" CONTENT="Nä-"/>
						</TextLine>
						<TextLine ID="line_11" HPOS="134" VPOS="562" WIDTH="760" HEIGHT="26">
							<String ID="string_78" HPOS="134" VPOS="562" WIDTH="49" HEIGHT="25" WC="0.90" CONTENT="diga"/><SP WIDTH="23" VPOS="562" HPOS="183"/>
							<String ID="string_79" HPOS="206" VPOS="563" WIDTH="156" HEIGHT="25" WC="0.94" CONTENT="propositionen"/><SP WIDTH="22" VPOS="563" HPOS="362"/>
							<String ID="string_80" HPOS="384" VPOS="563" WIDTH="55" HEIGHT="20" WC="0.96" CONTENT="hade"/><SP WIDTH="16" VPOS="563" HPOS="439"/>
							<String ID="string_81" HPOS="455" VPOS="563" WIDTH="32" HEIGHT="19" WC="0.93" CONTENT="sin"/><SP WIDTH="17" VPOS="563" HPOS="487"/>
							<String ID="string_82" HPOS="504" VPOS="563" WIDTH="54" HEIGHT="19" WC="0.93" CONTENT="rätta"/><SP WIDTH="16" VPOS="563" HPOS="558"/>
							<String ID="string_83" HPOS="574" VPOS="563" WIDTH="55" HEIGHT="25" WC="0.96" CONTENT="plats"/><SP WIDTH="17" VPOS="563" HPOS="629"/>
							<String ID="string_84" HPOS="646" VPOS="564" WIDTH="4" HEIGHT="17" WC="0.96" CONTENT="i"/><SP WIDTH="17" VPOS="564" HPOS="650"/>
							<String ID="string_85" HPOS="667" VPOS="563" WIDTH="36" HEIGHT="18" WC="0.93" CONTENT="det"/><SP WIDTH="16" VPOS="563" HPOS="703"/>
							<String ID="string_86" HPOS="719" VPOS="563" WIDTH="127" HEIGHT="25" WC="0.91" CONTENT="reglemente"/><SP WIDTH="16" VPOS="563" HPOS="846"/>
							<String ID="string_87" HPOS="862" VPOS="563" WIDTH="32" HEIGHT="19" WC="0.96" CONTENT="för"/>
						</TextLine>
						<TextLine ID="line_12" HPOS="134" VPOS="597" WIDTH="759" HEIGHT="26">
							<String ID="string_88" HPOS="134" VPOS="597" WIDTH="209" HEIGHT="23" WC="0.95" CONTENT="drätselkammaren,"/><SP WIDTH="22" VPOS="597" HPOS="343"/>
							<String ID="string_89" HPOS="365" VPOS="603" WIDTH="46" HEIGHT="14" WC="0.90" CONTENT="som"/><SP WIDTH="24" VPOS="603" HPOS="411"/>
							<String ID="string_90" HPOS="435" VPOS="598" WIDTH="124" HEIGHT="19" WC="0.90" CONTENT="omnämnes"/><SP WIDTH="24" VPOS="598" HPOS="559"/>
							<String ID="string_91" HPOS="583" VPOS="598" WIDTH="29" HEIGHT="18" WC="0.92" CONTENT="uti"/><SP WIDTH="17" VPOS="598" HPOS="612"/>
							<String ID="string_92" HPOS="629" VPOS="597" WIDTH="14" HEIGHT="26" WC="0.79" CONTENT="&amp;"/><SP WIDTH="16" VPOS="597" HPOS="643"/>
							<String ID="string_93" HPOS="659" VPOS="597" WIDTH="33" HEIGHT="23" WC="0.95" CONTENT="51,"/><SP WIDTH="17" VPOS="597" HPOS="692"/>
							<String ID="string_94" HPOS="709" VPOS="597" WIDTH="39" HEIGHT="20" WC="0.96" CONTENT="och"/><SP WIDTH="16" VPOS="597" HPOS="748"/>
							<String ID="string_95" HPOS="764" VPOS="599" WIDTH="31" HEIGHT="17" WC="0.96" CONTENT="att"/><SP WIDTH="15" VPOS="599" HPOS="795"/>
							<String ID="string_96" HPOS="810" VPOS="597" WIDTH="42" HEIGHT="19" WC="0.96" CONTENT="alla"/><SP WIDTH="15" VPOS="597" HPOS="852"/>
							<String ID="string_97" HPOS="867" VPOS="597" WIDTH="26" HEIGHT="19" WC="0.96" CONTENT="de"/>
						</TextLine>
						<TextLine ID="line_13" HPOS="134" VPOS="631" WIDTH="760" HEIGHT="26">
							<String ID="string_98" HPOS="134" VPOS="631" WIDTH="164" HEIGHT="26" WC="0.96" CONTENT="bestämningar,"/><SP WIDTH="24" VPOS="631" HPOS="298"/>
							<String ID="string_99" HPOS="322" VPOS="632" WIDTH="72" HEIGHT="19" WC="0.96" CONTENT="hvilka"/><SP WIDTH="23" VPOS="632" HPOS="394"/>
							<String ID="string_100" HPOS="417" VPOS="632" WIDTH="88" HEIGHT="25" WC="0.95" CONTENT="intagits"/><SP WIDTH="19" VPOS="632" HPOS="505"/>
							<String ID="string_101" HPOS="524" VPOS="632" WIDTH="29" HEIGHT="19" WC="0.96" CONTENT="uti"/><SP WIDTH="17" VPOS="632" HPOS="553"/>
							<String ID="string_102" HPOS="570" VPOS="632" WIDTH="25" HEIGHT="19" WC="0.93" CONTENT="de"/><SP WIDTH="16" VPOS="632" HPOS="595"/>
							<String ID="string_103" HPOS="611" VPOS="633" WIDTH="92" HEIGHT="18" WC="0.96" CONTENT="nämnde"/><SP WIDTH="13" VPOS="633" HPOS="703"/>
							<String ID="string_104" HPOS="716" VPOS="631" WIDTH="36" HEIGHT="26" WC="0.55" CONTENT="$$,"/><SP WIDTH="13" VPOS="631" HPOS="752"/>
							<String ID="string_105" HPOS="765" VPOS="632" WIDTH="63" HEIGHT="19" WC="0.96" CONTENT="borde"/><SP WIDTH="16" VPOS="632" HPOS="828"/>
							<String ID="string_106" HPOS="844" VPOS="638" WIDTH="50" HEIGHT="13" WC="0.96" CONTENT="vara"/>
						</TextLine>
						<TextLine ID="line_14" HPOS="134" VPOS="665" WIDTH="759" HEIGHT="26">
							<String ID="string_107" HPOS="134" VPOS="665" WIDTH="139" HEIGHT="20" WC="0.96" CONTENT="kommunens"/><SP WIDTH="16" VPOS="665" HPOS="273"/>
							<String ID="string_108" HPOS="289" VPOS="672" WIDTH="53" HEIGHT="19" WC="0.93" CONTENT="egen"/><SP WIDTH="16" VPOS="672" HPOS="342"/>
							<String ID="string_109" HPOS="358" VPOS="666" WIDTH="98" HEIGHT="25" WC="0.91" CONTENT="pröfning"/><SP WIDTH="16" VPOS="666" HPOS="456"/>
							<String ID="string_110" HPOS="472" VPOS="665" WIDTH="137" HEIGHT="20" WC="0.93" CONTENT="förbehållna."/><SP WIDTH="24" VPOS="665" HPOS="609"/>
							<String ID="string_111" HPOS="633" VPOS="666" WIDTH="42" HEIGHT="18" WC="0.96" CONTENT="Min"/><SP WIDTH="12" VPOS="666" HPOS="675"/>
							<String ID="string_112" HPOS="687" VPOS="666" WIDTH="140" HEIGHT="25" WC="0.96" CONTENT="anmärkning"/><SP WIDTH="11" VPOS="666" HPOS="827"/>
							<String ID="string_113" HPOS="838" VPOS="672" WIDTH="55" HEIGHT="13" WC="0.96" CONTENT="vann"/>
						</TextLine>
						<TextLine ID="line_15" HPOS="134" VPOS="699" WIDTH="759" HEIGHT="27">
							<String ID="string_114" HPOS="134" VPOS="700" WIDTH="99" HEIGHT="19" WC="0.93" CONTENT="afseende"/><SP WIDTH="16" VPOS="700" HPOS="233"/>
							<String ID="string_115" HPOS="249" VPOS="699" WIDTH="68" HEIGHT="20" WC="0.93" CONTENT="sävidt"/><SP WIDTH="16" VPOS="699" HPOS="317"/>
							<String ID="string_116" HPOS="333" VPOS="700" WIDTH="40" HEIGHT="19" WC="0.93" CONTENT="den"/><SP WIDTH="17" VPOS="700" HPOS="373"/>
							<String ID="string_117" HPOS="390" VPOS="699" WIDTH="60" HEIGHT="27" WC="0.92" CONTENT="afsåg"/><SP WIDTH="16" VPOS="699" HPOS="450"/>
							<String ID="string_118" HPOS="466" VPOS="700" WIDTH="14" HEIGHT="26" WC="0.84" CONTENT="&amp;"/><SP WIDTH="17" VPOS="700" HPOS="480"/>
							<String ID="string_119" HPOS="497" VPOS="700" WIDTH="26" HEIGHT="20" WC="0.96" CONTENT="70"/><SP WIDTH="16" VPOS="700" HPOS="523"/>
							<String ID="string_120" HPOS="539" VPOS="700" WIDTH="40" HEIGHT="20" WC="0.96" CONTENT="och"/><SP WIDTH="16" VPOS="700" HPOS="579"/>
							<String ID="string_121" HPOS="595" VPOS="701" WIDTH="56" HEIGHT="19" WC="0.96" CONTENT="förra"/><SP WIDTH="16" VPOS="701" HPOS="651"/>
							<String ID="string_122" HPOS="667" VPOS="700" WIDTH="60" HEIGHT="20" WC="0.96" CONTENT="delen"/><SP WIDTH="17" VPOS="700" HPOS="727"/>
							<String ID="string_123" HPOS="744" VPOS="699" WIDTH="45" HEIGHT="27" WC="0.93" CONTENT="af"/><SP WIDTH="-11" VPOS="699" HPOS="789"/>
							<String ID="string_124" HPOS="778" VPOS="695" WIDTH="12" HEIGHT="36" WC="0.91" CONTENT="&amp;"/><SP WIDTH="12" VPOS="695" HPOS="790"/>
							<String ID="string_125" HPOS="802" VPOS="700" WIDTH="32" HEIGHT="22" WC="0.96" CONTENT="71,"/><SP WIDTH="12" VPOS="700" HPOS="834"/>
							<String ID="string_126" HPOS="846" VPOS="706" WIDTH="47" HEIGHT="13" WC="0.97" CONTENT="men"/>
						</TextLine>
						<TextLine ID="line_16" HPOS="134" VPOS="733" WIDTH="760" HEIGHT="27">
							<String ID="string_127" HPOS="134" VPOS="734" WIDTH="40" HEIGHT="19" WC="0.96" CONTENT="den"/><SP WIDTH="16" VPOS="734" HPOS="174"/>
							<String ID="string_128" HPOS="190" VPOS="733" WIDTH="132" HEIGHT="21" WC="0.96" CONTENT="återstående"/><SP WIDTH="17" VPOS="733" HPOS="322"/>
							<String ID="string_129" HPOS="339" VPOS="734" WIDTH="60" HEIGHT="19" WC="0.96" CONTENT="delen"/><SP WIDTH="16" VPOS="734" HPOS="399"/>
							<String ID="string_130" HPOS="415" VPOS="735" WIDTH="23" HEIGHT="18" WC="0.93" CONTENT="af"/><SP WIDTH="13" VPOS="735" HPOS="438"/>
							<String ID="string_131" HPOS="451" VPOS="734" WIDTH="14" HEIGHT="26" WC="0.90" CONTENT="&amp;"/><SP WIDTH="18" VPOS="734" HPOS="465"/>
							<String ID="string_132" HPOS="483" VPOS="735" WIDTH="23" HEIGHT="18" WC="0.95" CONTENT="71"/><SP WIDTH="18" VPOS="735" HPOS="506"/>
							<String ID="string_133" HPOS="524" VPOS="735" WIDTH="110" HEIGHT="19" WC="0.93" CONTENT="äfvensom"/><SP WIDTH="17" VPOS="735" HPOS="634"/>
							<String ID="string_134" HPOS="651" VPOS="734" WIDTH="13" HEIGHT="26" WC="0.90" CONTENT="&amp;"/><SP WIDTH="17" VPOS="734" HPOS="664"/>
							<String ID="string_135" HPOS="681" VPOS="734" WIDTH="26" HEIGHT="20" WC="0.96" CONTENT="72"/><SP WIDTH="16" VPOS="734" HPOS="707"/>
							<String ID="string_136" HPOS="723" VPOS="733" WIDTH="68" HEIGHT="27" WC="0.93" CONTENT="ansåg"/><SP WIDTH="16" VPOS="733" HPOS="791"/>
							<String ID="string_137" HPOS="807" VPOS="734" WIDTH="87" HEIGHT="19" WC="0.91" CONTENT="Utskot-"/>
						</TextLine>
						<TextLine ID="line_17" HPOS="134" VPOS="767" WIDTH="760" HEIGHT="27">
							<String ID="string_138" HPOS="134" VPOS="770" WIDTH="30" HEIGHT="18" WC="0.95" CONTENT="tet"/><SP WIDTH="15" VPOS="770" HPOS="164"/>
							<String ID="string_139" HPOS="179" VPOS="768" WIDTH="52" HEIGHT="20" WC="0.95" CONTENT="böra"/><SP WIDTH="19" VPOS="768" HPOS="231"/>
							<String ID="string_140" HPOS="250" VPOS="767" WIDTH="49" HEIGHT="27" WC="0.96" CONTENT="ingå"/><SP WIDTH="15" VPOS="767" HPOS="299"/>
							<String ID="string_141" HPOS="314" VPOS="769" WIDTH="30" HEIGHT="19" WC="0.96" CONTENT="uti"/><SP WIDTH="16" VPOS="769" HPOS="344"/>
							<String ID="string_142" HPOS="360" VPOS="769" WIDTH="69" HEIGHT="18" WC="0.96" CONTENT="denna"/><SP WIDTH="16" VPOS="769" HPOS="429"/>
							<String ID="string_143" HPOS="445" VPOS="768" WIDTH="107" HEIGHT="20" WC="0.96" CONTENT="allmänna"/><SP WIDTH="16" VPOS="768" HPOS="552"/>
							<String ID="string_144" HPOS="568" VPOS="769" WIDTH="129" HEIGHT="25" WC="0.95" CONTENT="förordning."/><SP WIDTH="30" VPOS="769" HPOS="697"/>
							<String ID="string_145" HPOS="727" VPOS="768" WIDTH="41" HEIGHT="26" WC="0.96" CONTENT="Jag"/><SP WIDTH="15" VPOS="768" HPOS="768"/>
							<String ID="string_146" HPOS="783" VPOS="768" WIDTH="39" HEIGHT="20" WC="0.96" CONTENT="har"/><SP WIDTH="15" VPOS="768" HPOS="822"/>
							<String ID="string_147" HPOS="837" VPOS="768" WIDTH="7" HEIGHT="19" WC="0.96" CONTENT="i"/><SP WIDTH="16" VPOS="768" HPOS="844"/>
							<String ID="string_148" HPOS="860" VPOS="768" WIDTH="34" HEIGHT="20" WC="0.96" CONTENT="det"/>
						</TextLine>
						<TextLine ID="line_18" HPOS="135" VPOS="802" WIDTH="759" HEIGHT="26">
							<String ID="string_149" HPOS="135" VPOS="803" WIDTH="109" HEIGHT="19" WC="0.91" CONTENT="afseendet"/><SP WIDTH="20" VPOS="803" HPOS="244"/>
							<String ID="string_150" HPOS="264" VPOS="803" WIDTH="79" HEIGHT="25" WC="0.96" CONTENT="bifogat"/><SP WIDTH="16" VPOS="803" HPOS="343"/>
							<String ID="string_151" HPOS="359" VPOS="809" WIDTH="26" HEIGHT="13" WC="0.96" CONTENT="en"/><SP WIDTH="16" VPOS="809" HPOS="385"/>
							<String ID="string_152" HPOS="401" VPOS="803" WIDTH="129" HEIGHT="19" WC="0.96" CONTENT="reservation"/><SP WIDTH="16" VPOS="803" HPOS="530"/>
							<String ID="string_153" HPOS="546" VPOS="803" WIDTH="40" HEIGHT="19" WC="0.96" CONTENT="och"/><SP WIDTH="16" VPOS="803" HPOS="586"/>
							<String ID="string_154" HPOS="602" VPOS="804" WIDTH="36" HEIGHT="18" WC="0.96" CONTENT="ber"/><SP WIDTH="15" VPOS="804" HPOS="638"/>
							<String ID="string_155" HPOS="653" VPOS="805" WIDTH="31" HEIGHT="17" WC="0.97" CONTENT="att"/><SP WIDTH="15" VPOS="805" HPOS="684"/>
							<String ID="string_156" HPOS="699" VPOS="804" WIDTH="48" HEIGHT="18" WC="0.96" CONTENT="med"/><SP WIDTH="16" VPOS="804" HPOS="747"/>
							<String ID="string_157" HPOS="763" VPOS="802" WIDTH="131" HEIGHT="26" WC="0.96" CONTENT="åberopande"/>
						</TextLine>
						<TextLine ID="line_19" HPOS="135" VPOS="836" WIDTH="759" HEIGHT="28">
							<String ID="string_158" HPOS="135" VPOS="837" WIDTH="61" HEIGHT="19" WC="0.96" CONTENT="deraf"/><SP WIDTH="13" VPOS="837" HPOS="196"/>
							<String ID="string_159" HPOS="209" VPOS="836" WIDTH="20" HEIGHT="20" WC="0.93" CONTENT="få"/><SP WIDTH="16" VPOS="836" HPOS="229"/>
							<String ID="string_160" HPOS="245" VPOS="837" WIDTH="118" HEIGHT="23" WC="0.90" CONTENT="hemställa,"/><SP WIDTH="16" VPOS="837" HPOS="363"/>
							<String ID="string_161" HPOS="379" VPOS="843" WIDTH="35" HEIGHT="13" WC="0.96" CONTENT="om"/><SP WIDTH="16" VPOS="843" HPOS="414"/>
							<String ID="string_162" HPOS="430" VPOS="838" WIDTH="46" HEIGHT="18" WC="0.96" CONTENT="icke"/><SP WIDTH="16" VPOS="838" HPOS="476"/>
							<String ID="string_163" HPOS="492" VPOS="837" WIDTH="30" HEIGHT="27" WC="0.75" CONTENT="88"/><SP WIDTH="17" VPOS="837" HPOS="522"/>
							<String ID="string_164" HPOS="539" VPOS="837" WIDTH="26" HEIGHT="20" WC="0.96" CONTENT="70"/><SP WIDTH="16" VPOS="837" HPOS="565"/>
							<String ID="string_165" HPOS="581" VPOS="838" WIDTH="40" HEIGHT="19" WC="0.96" CONTENT="och"/><SP WIDTH="18" VPOS="838" HPOS="621"/>
							<String ID="string_166" HPOS="639" VPOS="838" WIDTH="24" HEIGHT="18" WC="0.96" CONTENT="71"/><SP WIDTH="18" VPOS="838" HPOS="663"/>
							<String ID="string_167" HPOS="681" VPOS="838" WIDTH="30" HEIGHT="18" WC="0.96" CONTENT="uti"/><SP WIDTH="16" VPOS="838" HPOS="711"/>
							<String ID="string_168" HPOS="727" VPOS="837" WIDTH="118" HEIGHT="19" WC="0.93" CONTENT="Utskottets"/><SP WIDTH="13" VPOS="837" HPOS="845"/>
							<String ID="string_169" HPOS="858" VPOS="837" WIDTH="36" HEIGHT="19" WC="0.92" CONTENT="be-"/>
						</TextLine>
						<TextLine ID="line_20" HPOS="135" VPOS="870" WIDTH="760" HEIGHT="27">
							<String ID="string_170" HPOS="135" VPOS="872" WIDTH="107" HEIGHT="18" WC="0.96" CONTENT="tänkande"/><SP WIDTH="15" VPOS="872" HPOS="242"/>
							<String ID="string_171" HPOS="257" VPOS="872" WIDTH="63" HEIGHT="19" WC="0.96" CONTENT="borde"/><SP WIDTH="16" VPOS="872" HPOS="320"/>
							<String ID="string_172" HPOS="336" VPOS="870" WIDTH="45" HEIGHT="21" WC="0.96" CONTENT="från"/><SP WIDTH="16" VPOS="870" HPOS="381"/>
							<String ID="string_173" HPOS="397" VPOS="872" WIDTH="40" HEIGHT="19" WC="0.93" CONTENT="den"/><SP WIDTH="16" VPOS="872" HPOS="437"/>
							<String ID="string_174" HPOS="453" VPOS="872" WIDTH="106" HEIGHT="19" WC="0.91" CONTENT="blifvande"/><SP WIDTH="16" VPOS="872" HPOS="559"/>
							<String ID="string_175" HPOS="575" VPOS="872" WIDTH="151" HEIGHT="25" WC="0.96" CONTENT="författningen"/><SP WIDTH="16" VPOS="872" HPOS="726"/>
							<String ID="string_176" HPOS="742" VPOS="870" WIDTH="51" HEIGHT="27" WC="0.96" CONTENT="utgå"/><SP WIDTH="16" VPOS="870" HPOS="793"/>
							<String ID="string_177" HPOS="809" VPOS="871" WIDTH="39" HEIGHT="19" WC="0.96" CONTENT="och"/><SP WIDTH="12" VPOS="871" HPOS="848"/>
							<String ID="string_178" HPOS="860" VPOS="871" WIDTH="35" HEIGHT="19" WC="0.96" CONTENT="det"/>
						</TextLine>
						<TextLine ID="line_21" HPOS="135" VPOS="904" WIDTH="759" HEIGHT="28">
							<String ID="string_179" HPOS="135" VPOS="904" WIDTH="21" HEIGHT="20" WC="0.93" CONTENT="få"/><SP WIDTH="23" VPOS="904" HPOS="156"/>
							<String ID="string_180" HPOS="179" VPOS="906" WIDTH="112" HEIGHT="19" WC="0.92" CONTENT="ankomma"/><SP WIDTH="21" VPOS="906" HPOS="291"/>
							<String ID="string_181" HPOS="312" VPOS="905" WIDTH="27" HEIGHT="27" WC="0.97" CONTENT="på"/><SP WIDTH="20" VPOS="905" HPOS="339"/>
							<String ID="string_182" HPOS="359" VPOS="906" WIDTH="151" HEIGHT="19" WC="0.96" CONTENT="kommunerna"/><SP WIDTH="16" VPOS="906" HPOS="510"/>
							<String ID="string_183" HPOS="526" VPOS="906" WIDTH="77" HEIGHT="24" WC="0.96" CONTENT="sjelfva"/><SP WIDTH="16" VPOS="906" HPOS="603"/>
							<String ID="string_184" HPOS="619" VPOS="908" WIDTH="30" HEIGHT="17" WC="0.96" CONTENT="att"/><SP WIDTH="16" VPOS="908" HPOS="649"/>
							<String ID="string_185" HPOS="665" VPOS="906" WIDTH="66" HEIGHT="20" WC="0.96" CONTENT="ordna"/><SP WIDTH="16" VPOS="906" HPOS="731"/>
							<String ID="string_186" HPOS="747" VPOS="906" WIDTH="39" HEIGHT="19" WC="0.96" CONTENT="den"/><SP WIDTH="17" VPOS="906" HPOS="786"/>
							<String ID="string_187" HPOS="803" VPOS="906" WIDTH="91" HEIGHT="19" WC="0.95" CONTENT="kontroll"/>
						</TextLine>
						<TextLine ID="line_22" HPOS="135" VPOS="940" WIDTH="759" HEIGHT="26">
							<String ID="string_188" HPOS="135" VPOS="941" WIDTH="58" HEIGHT="18" WC="0.93" CONTENT="öfver"/><SP WIDTH="16" VPOS="941" HPOS="193"/>
							<String ID="string_189" HPOS="209" VPOS="940" WIDTH="152" HEIGHT="20" WC="0.93" CONTENT="stadskassans"/><SP WIDTH="16" VPOS="940" HPOS="361"/>
							<String ID="string_190" HPOS="377" VPOS="940" WIDTH="39" HEIGHT="20" WC="0.96" CONTENT="och"/><SP WIDTH="17" VPOS="940" HPOS="416"/>
							<String ID="string_191" HPOS="433" VPOS="940" WIDTH="39" HEIGHT="20" WC="0.96" CONTENT="den"/><SP WIDTH="17" VPOS="940" HPOS="472"/>
							<String ID="string_192" HPOS="489" VPOS="941" WIDTH="67" HEIGHT="25" WC="0.93" CONTENT="öfriga"/><SP WIDTH="17" VPOS="941" HPOS="556"/>
							<String ID="string_193" HPOS="573" VPOS="941" WIDTH="205" HEIGHT="25" WC="0.91" CONTENT="stadsegendomens"/><SP WIDTH="16" VPOS="941" HPOS="778"/>
							<String ID="string_194" HPOS="794" VPOS="940" WIDTH="100" HEIGHT="26" WC="0.96" CONTENT="behöriga"/>
						</TextLine>
						<TextLine ID="line_23" HPOS="135" VPOS="974" WIDTH="759" HEIGHT="26">
							<String ID="string_195" HPOS="135" VPOS="974" WIDTH="128" HEIGHT="26" WC="0.96" CONTENT="förvaltning"/><SP WIDTH="16" VPOS="974" HPOS="263"/>
							<String ID="string_196" HPOS="279" VPOS="974" WIDTH="40" HEIGHT="20" WC="0.96" CONTENT="och"/><SP WIDTH="16" VPOS="974" HPOS="319"/>
							<String ID="string_197" HPOS="335" VPOS="975" WIDTH="144" HEIGHT="22" WC="0.96" CONTENT="användande,"/><SP WIDTH="17" VPOS="975" HPOS="479"/>
							<String ID="string_198" HPOS="496" VPOS="981" WIDTH="46" HEIGHT="13" WC="0.96" CONTENT="som"/><SP WIDTH="17" VPOS="981" HPOS="542"/>
							<String ID="string_199" HPOS="559" VPOS="976" WIDTH="22" HEIGHT="18" WC="0.95" CONTENT="är"/><SP WIDTH="16" VPOS="976" HPOS="581"/>
							<String ID="string_200" HPOS="597" VPOS="976" WIDTH="23" HEIGHT="18" WC="0.96" CONTENT="af"/><SP WIDTH="13" VPOS="976" HPOS="620"/>
							<String ID="string_201" HPOS="633" VPOS="975" WIDTH="76" HEIGHT="19" WC="0.95" CONTENT="nöden."/><SP WIDTH="28" VPOS="975" HPOS="709"/>
							<String ID="string_202" HPOS="737" VPOS="974" WIDTH="41" HEIGHT="26" WC="0.96" CONTENT="Jag"/><SP WIDTH="16" VPOS="974" HPOS="778"/>
							<String ID="string_203" HPOS="794" VPOS="980" WIDTH="100" HEIGHT="20" WC="0.95" CONTENT="upprepar"/>
						</TextLine>
						<TextLine ID="line_24" HPOS="135" VPOS="1007" WIDTH="759" HEIGHT="27">
							<String ID="string_204" HPOS="135" VPOS="1009" WIDTH="68" HEIGHT="19" WC="0.96" CONTENT="denna"/><SP WIDTH="23" VPOS="1009" HPOS="203"/>
							<String ID="string_205" HPOS="226" VPOS="1010" WIDTH="43" HEIGHT="19" WC="0.96" CONTENT="min"/><SP WIDTH="24" VPOS="1010" HPOS="269"/>
							<String ID="string_206" HPOS="293" VPOS="1009" WIDTH="140" HEIGHT="25" WC="0.96" CONTENT="anmärkning"/><SP WIDTH="18" VPOS="1009" HPOS="433"/>
							<String ID="string_207" HPOS="451" VPOS="1008" WIDTH="24" HEIGHT="20" WC="0.96" CONTENT="sä"/><SP WIDTH="23" VPOS="1008" HPOS="475"/>
							<String ID="string_208" HPOS="498" VPOS="1010" WIDTH="86" HEIGHT="24" WC="0.96" CONTENT="mycket"/><SP WIDTH="19" VPOS="1010" HPOS="584"/>
							<String ID="string_209" HPOS="603" VPOS="1009" WIDTH="66" HEIGHT="19" WC="0.96" CONTENT="hellre"/><SP WIDTH="17" VPOS="1009" HPOS="669"/>
							<String ID="string_210" HPOS="686" VPOS="1015" WIDTH="46" HEIGHT="13" WC="0.93" CONTENT="som"/><SP WIDTH="16" VPOS="1015" HPOS="732"/>
							<String ID="string_211" HPOS="748" VPOS="1008" WIDTH="13" HEIGHT="26" WC="0.89" CONTENT="&amp;"/><SP WIDTH="17" VPOS="1008" HPOS="761"/>
							<String ID="string_212" HPOS="778" VPOS="1008" WIDTH="33" HEIGHT="23" WC="0.96" CONTENT="60,"/><SP WIDTH="16" VPOS="1008" HPOS="811"/>
							<String ID="string_213" HPOS="827" VPOS="1007" WIDTH="67" HEIGHT="21" WC="0.96" CONTENT="sådan"/>
						</TextLine>
						<TextLine ID="line_25" HPOS="135" VPOS="1042" WIDTH="759" HEIGHT="27">
							<String ID="string_214" HPOS="135" VPOS="1042" WIDTH="111" HEIGHT="20" WC="0.96" CONTENT="Utskottet"/><SP WIDTH="15" VPOS="1042" HPOS="246"/>
							<String ID="string_215" HPOS="261" VPOS="1044" WIDTH="121" HEIGHT="19" WC="0.96" CONTENT="formulerat"/><SP WIDTH="11" VPOS="1044" HPOS="382"/>
							<String ID="string_216" HPOS="393" VPOS="1044" WIDTH="46" HEIGHT="22" WC="0.96" CONTENT="den,"/><SP WIDTH="16" VPOS="1044" HPOS="439"/>
							<String ID="string_217" HPOS="455" VPOS="1044" WIDTH="47" HEIGHT="18" WC="0.96" CONTENT="icke"/><SP WIDTH="17" VPOS="1044" HPOS="502"/>
							<String ID="string_218" HPOS="519" VPOS="1042" WIDTH="116" HEIGHT="20" WC="0.96" CONTENT="innehåller"/><SP WIDTH="17" VPOS="1042" HPOS="635"/>
							<String ID="string_219" HPOS="652" VPOS="1042" WIDTH="69" HEIGHT="27" WC="0.96" CONTENT="någon"/><SP WIDTH="16" VPOS="1042" HPOS="721"/>
							<String ID="string_220" HPOS="737" VPOS="1050" WIDTH="70" HEIGHT="12" WC="0.96" CONTENT="annan"/><SP WIDTH="11" VPOS="1050" HPOS="807"/>
							<String ID="string_221" HPOS="818" VPOS="1043" WIDTH="76" HEIGHT="25" WC="0.96" CONTENT="positiv"/>
						</TextLine>
						<TextLine ID="line_26" HPOS="135" VPOS="1076" WIDTH="759" HEIGHT="27">
							<String ID="string_222" HPOS="135" VPOS="1077" WIDTH="135" HEIGHT="26" WC="0.96" CONTENT="bestämning"/><SP WIDTH="23" VPOS="1077" HPOS="270"/>
							<String ID="string_223" HPOS="293" VPOS="1078" WIDTH="26" HEIGHT="19" WC="0.96" CONTENT="än"/><SP WIDTH="24" VPOS="1078" HPOS="319"/>
							<String ID="string_224" HPOS="343" VPOS="1079" WIDTH="30" HEIGHT="17" WC="0.96" CONTENT="att"/><SP WIDTH="20" VPOS="1079" HPOS="373"/>
							<String ID="string_225" HPOS="393" VPOS="1078" WIDTH="34" HEIGHT="18" WC="0.96" CONTENT="vid"/><SP WIDTH="22" VPOS="1078" HPOS="427"/>
							<String ID="string_226" HPOS="449" VPOS="1076" WIDTH="110" HEIGHT="27" WC="0.96" CONTENT="utgången"/><SP WIDTH="23" VPOS="1076" HPOS="559"/>
							<String ID="string_227" HPOS="582" VPOS="1078" WIDTH="23" HEIGHT="19" WC="0.96" CONTENT="af"/><SP WIDTH="20" VPOS="1078" HPOS="605"/>
							<String ID="string_228" HPOS="625" VPOS="1078" WIDTH="52" HEIGHT="19" WC="0.95" CONTENT="hvar"/><SP WIDTH="16" VPOS="1078" HPOS="677"/>
							<String ID="string_229" HPOS="693" VPOS="1078" WIDTH="66" HEIGHT="24" WC="0.95" CONTENT="tredje"/><SP WIDTH="17" VPOS="1078" HPOS="759"/>
							<String ID="string_230" HPOS="776" VPOS="1076" WIDTH="76" HEIGHT="20" WC="0.96" CONTENT="månad"/><SP WIDTH="16" VPOS="1076" HPOS="852"/>
							<String ID="string_231" HPOS="868" VPOS="1084" WIDTH="26" HEIGHT="12" WC="0.96" CONTENT="en"/>
						</TextLine>
						<TextLine ID="line_27" HPOS="134" VPOS="1112" WIDTH="760" HEIGHT="25">
							<String ID="string_232" HPOS="134" VPOS="1112" WIDTH="133" HEIGHT="25" WC="0.95" CONTENT="inventering"/><SP WIDTH="23" VPOS="1112" HPOS="267"/>
							<String ID="string_233" HPOS="290" VPOS="1112" WIDTH="55" HEIGHT="19" WC="0.93" CONTENT="skall"/><SP WIDTH="21" VPOS="1112" HPOS="345"/>
							<String ID="string_234" HPOS="366" VPOS="1118" WIDTH="39" HEIGHT="19" WC="0.92" CONTENT="ega"/><SP WIDTH="16" VPOS="1118" HPOS="405"/>
							<String ID="string_235" HPOS="421" VPOS="1119" WIDTH="52" HEIGHT="12" WC="0.93" CONTENT="rum."/><SP WIDTH="31" VPOS="1119" HPOS="473"/>
							<String ID="string_236" HPOS="504" VPOS="1112" WIDTH="30" HEIGHT="20" WC="0.93" CONTENT="En"/><SP WIDTH="17" VPOS="1112" HPOS="534"/>
							<String ID="string_237" HPOS="551" VPOS="1113" WIDTH="138" HEIGHT="24" WC="0.91" CONTENT="iuventering,"/><SP WIDTH="18" VPOS="1113" HPOS="689"/>
							<String ID="string_238" HPOS="707" VPOS="1118" WIDTH="45" HEIGHT="13" WC="0.93" CONTENT="som"/><SP WIDTH="16" VPOS="1118" HPOS="752"/>
							<String ID="string_239" HPOS="768" VPOS="1112" WIDTH="126" HEIGHT="19" WC="0.91" CONTENT="verkställes"/>
						</TextLine>
						<TextLine ID="line_28" HPOS="134" VPOS="1145" WIDTH="760" HEIGHT="26">
							<String ID="string_240" HPOS="134" VPOS="1145" WIDTH="26" HEIGHT="26" WC="0.96" CONTENT="på"/><SP WIDTH="17" VPOS="1145" HPOS="160"/>
							<String ID="string_241" HPOS="177" VPOS="1152" WIDTH="25" HEIGHT="13" WC="0.96" CONTENT="en"/><SP WIDTH="16" VPOS="1152" HPOS="202"/>
							<String ID="string_242" HPOS="218" VPOS="1146" WIDTH="51" HEIGHT="19" WC="0.96" CONTENT="efter"/><SP WIDTH="16" VPOS="1146" HPOS="269"/>
							<String ID="string_243" HPOS="285" VPOS="1152" WIDTH="25" HEIGHT="13" WC="0.95" CONTENT="en"/><SP WIDTH="16" VPOS="1152" HPOS="310"/>
							<String ID="string_244" HPOS="326" VPOS="1147" WIDTH="45" HEIGHT="18" WC="0.93" CONTENT="viss"/><SP WIDTH="16" VPOS="1147" HPOS="371"/>
							<String ID="string_245" HPOS="387" VPOS="1146" WIDTH="108" HEIGHT="19" WC="0.91" CONTENT="mellantid"/><SP WIDTH="12" VPOS="1146" HPOS="495"/>
							<String ID="string_246" HPOS="507" VPOS="1145" WIDTH="173" HEIGHT="21" WC="0.95" CONTENT="återkommande"/><SP WIDTH="11" VPOS="1145" HPOS="680"/>
							<String ID="string_247" HPOS="691" VPOS="1147" WIDTH="42" HEIGHT="24" WC="0.94" CONTENT="dag"/><SP WIDTH="12" VPOS="1147" HPOS="733"/>
							<String ID="string_248" HPOS="745" VPOS="1147" WIDTH="23" HEIGHT="18" WC="0.96" CONTENT="är"/><SP WIDTH="11" VPOS="1147" HPOS="768"/>
							<String ID="string_249" HPOS="779" VPOS="1147" WIDTH="22" HEIGHT="18" WC="0.96" CONTENT="af"/><SP WIDTH="10" VPOS="1147" HPOS="801"/>
							<String ID="string_250" HPOS="811" VPOS="1145" WIDTH="83" HEIGHT="26" WC="0.96" CONTENT="ganska"/>
						</TextLine>
						<TextLine ID="line_29" HPOS="134" VPOS="1180" WIDTH="760" HEIGHT="27">
							<String ID="string_251" HPOS="134" VPOS="1180" WIDTH="60" HEIGHT="25" WC="0.96" CONTENT="ringa"/><SP WIDTH="25" VPOS="1180" HPOS="194"/>
							<String ID="string_252" HPOS="219" VPOS="1187" WIDTH="66" HEIGHT="19" WC="0.96" CONTENT="gagn;"/><SP WIDTH="26" VPOS="1187" HPOS="285"/>
							<String ID="string_253" HPOS="311" VPOS="1180" WIDTH="71" HEIGHT="19" WC="0.96" CONTENT="härtill"/><SP WIDTH="23" VPOS="1180" HPOS="382"/>
							<String ID="string_254" HPOS="405" VPOS="1181" WIDTH="58" HEIGHT="19" WC="0.96" CONTENT="torde"/><SP WIDTH="23" VPOS="1181" HPOS="463"/>
							<String ID="string_255" HPOS="486" VPOS="1181" WIDTH="47" HEIGHT="18" WC="0.96" CONTENT="icke"/><SP WIDTH="24" VPOS="1181" HPOS="533"/>
							<String ID="string_256" HPOS="557" VPOS="1181" WIDTH="91" HEIGHT="26" WC="0.95" CONTENT="mycken"/><SP WIDTH="24" VPOS="1181" HPOS="648"/>
							<String ID="string_257" HPOS="672" VPOS="1181" WIDTH="111" HEIGHT="25" WC="0.89" CONTENT="bevisning"/><SP WIDTH="21" VPOS="1181" HPOS="783"/>
							<String ID="string_258" HPOS="804" VPOS="1180" WIDTH="90" HEIGHT="19" WC="0.90" CONTENT="behöfva"/>
						</TextLine>
						<TextLine ID="line_30" HPOS="134" VPOS="1213" WIDTH="760" HEIGHT="28">
							<String ID="string_259" HPOS="134" VPOS="1213" WIDTH="109" HEIGHT="26" WC="0.92" CONTENT="åberopas."/><SP WIDTH="30" VPOS="1213" HPOS="243"/>
							<String ID="string_260" HPOS="273" VPOS="1214" WIDTH="107" HEIGHT="20" WC="0.96" CONTENT="Utskottet"/><SP WIDTH="23" VPOS="1214" HPOS="380"/>
							<String ID="string_261" HPOS="403" VPOS="1215" WIDTH="38" HEIGHT="18" WC="0.96" CONTENT="har"/><SP WIDTH="20" VPOS="1215" HPOS="441"/>
							<String ID="string_262" HPOS="461" VPOS="1215" WIDTH="126" HEIGHT="26" WC="0.93" CONTENT="visserligen"/><SP WIDTH="22" VPOS="1215" HPOS="587"/>
							<String ID="string_263" HPOS="609" VPOS="1215" WIDTH="70" HEIGHT="19" WC="0.90" CONTENT="dertill"/><SP WIDTH="22" VPOS="1215" HPOS="679"/>
							<String ID="string_264" HPOS="701" VPOS="1215" WIDTH="58" HEIGHT="25" WC="0.92" CONTENT="fogat"/><SP WIDTH="16" VPOS="1215" HPOS="759"/>
							<String ID="string_265" HPOS="775" VPOS="1216" WIDTH="30" HEIGHT="18" WC="0.96" CONTENT="ett"/><SP WIDTH="14" VPOS="1216" HPOS="805"/>
							<String ID="string_266" HPOS="819" VPOS="1221" WIDTH="75" HEIGHT="12" WC="0.95" CONTENT="senare"/>
						</TextLine>
						<TextLine ID="line_31" HPOS="135" VPOS="1247" WIDTH="758" HEIGHT="28">
							<String ID="string_267" HPOS="135" VPOS="1251" WIDTH="102" HEIGHT="21" WC="0.95" CONTENT="moment;"/><SP WIDTH="16" VPOS="1251" HPOS="237"/>
							<String ID="string_268" HPOS="253" VPOS="1255" WIDTH="48" HEIGHT="13" WC="0.96" CONTENT="men"/><SP WIDTH="16" VPOS="1255" HPOS="301"/>
							<String ID="string_269" HPOS="317" VPOS="1247" WIDTH="27" HEIGHT="21" WC="0.96" CONTENT="då"/><SP WIDTH="16" VPOS="1247" HPOS="344"/>
							<String ID="string_270" HPOS="360" VPOS="1249" WIDTH="57" HEIGHT="19" WC="0.96" CONTENT="detta"/><SP WIDTH="15" VPOS="1249" HPOS="417"/>
							<String ID="string_271" HPOS="432" VPOS="1250" WIDTH="23" HEIGHT="18" WC="0.93" CONTENT="är"/><SP WIDTH="16" VPOS="1250" HPOS="455"/>
							<String ID="string_272" HPOS="471" VPOS="1249" WIDTH="98" HEIGHT="19" WC="0.92" CONTENT="affattadt"/><SP WIDTH="16" VPOS="1249" HPOS="569"/>
							<String ID="string_273" HPOS="585" VPOS="1248" WIDTH="95" HEIGHT="23" WC="0.96" CONTENT="sålunda,"/><SP WIDTH="17" VPOS="1248" HPOS="680"/>
							<String ID="string_274" HPOS="697" VPOS="1251" WIDTH="30" HEIGHT="17" WC="0.96" CONTENT="att"/><SP WIDTH="15" VPOS="1251" HPOS="727"/>
							<String ID="string_275" HPOS="742" VPOS="1248" WIDTH="74" HEIGHT="27" WC="0.93" CONTENT="frågan"/><SP WIDTH="15" VPOS="1248" HPOS="816"/>
							<String ID="string_276" HPOS="831" VPOS="1248" WIDTH="62" HEIGHT="19" WC="0.92" CONTENT="huru-"/>
						</TextLine>
						<TextLine ID="line_32" HPOS="134" VPOS="1283" WIDTH="760" HEIGHT="26">
							<String ID="string_277" HPOS="134" VPOS="1283" WIDTH="48" HEIGHT="19" WC="0.96" CONTENT="vida"/><SP WIDTH="23" VPOS="1283" HPOS="182"/>
							<String ID="string_278" HPOS="205" VPOS="1283" WIDTH="26" HEIGHT="19" WC="0.92" CONTENT="de"/><SP WIDTH="22" VPOS="1283" HPOS="231"/>
							<String ID="string_279" HPOS="253" VPOS="1283" WIDTH="220" HEIGHT="26" WC="0.87" CONTENT="extrainventeringar,"/><SP WIDTH="24" VPOS="1283" HPOS="473"/>
							<String ID="string_280" HPOS="497" VPOS="1290" WIDTH="46" HEIGHT="13" WC="0.96" CONTENT="som"/><SP WIDTH="22" VPOS="1290" HPOS="543"/>
							<String ID="string_281" HPOS="565" VPOS="1284" WIDTH="36" HEIGHT="19" WC="0.96" CONTENT="der"/><SP WIDTH="23" VPOS="1284" HPOS="601"/>
							<String ID="string_282" HPOS="624" VPOS="1285" WIDTH="131" HEIGHT="21" WC="0.96" CONTENT="omnämnas,"/><SP WIDTH="23" VPOS="1285" HPOS="755"/>
							<String ID="string_283" HPOS="778" VPOS="1283" WIDTH="61" HEIGHT="19" WC="0.93" CONTENT="skola"/><SP WIDTH="15" VPOS="1283" HPOS="839"/>
							<String ID="string_284" HPOS="854" VPOS="1289" WIDTH="40" HEIGHT="19" WC="0.92" CONTENT="ega"/>
						</TextLine>
						<TextLine ID="line_33" HPOS="134" VPOS="1317" WIDTH="760" HEIGHT="26">
							<String ID="string_285" HPOS="134" VPOS="1323" WIDTH="46" HEIGHT="13" WC="0.96" CONTENT="rum"/><SP WIDTH="21" VPOS="1323" HPOS="180"/>
							<String ID="string_286" HPOS="201" VPOS="1317" WIDTH="51" HEIGHT="20" WC="0.94" CONTENT="eller"/><SP WIDTH="21" VPOS="1317" HPOS="252"/>
							<String ID="string_287" HPOS="273" VPOS="1317" WIDTH="47" HEIGHT="20" WC="0.96" CONTENT="icke"/><SP WIDTH="22" VPOS="1317" HPOS="320"/>
							<String ID="string_288" HPOS="342" VPOS="1319" WIDTH="23" HEIGHT="18" WC="0.96" CONTENT="är"/><SP WIDTH="21" VPOS="1319" HPOS="365"/>
							<String ID="string_289" HPOS="386" VPOS="1317" WIDTH="44" HEIGHT="20" WC="0.96" CONTENT="helt"/><SP WIDTH="19" VPOS="1317" HPOS="430"/>
							<String ID="string_290" HPOS="449" VPOS="1318" WIDTH="39" HEIGHT="19" WC="0.96" CONTENT="och"/><SP WIDTH="17" VPOS="1318" HPOS="488"/>
							<String ID="string_291" HPOS="505" VPOS="1317" WIDTH="66" HEIGHT="20" WC="0.96" CONTENT="hållet"/><SP WIDTH="16" VPOS="1317" HPOS="571"/>
							<String ID="string_292" HPOS="587" VPOS="1318" WIDTH="104" HEIGHT="19" WC="0.96" CONTENT="beroende"/><SP WIDTH="17" VPOS="1318" HPOS="691"/>
							<String ID="string_293" HPOS="708" VPOS="1318" WIDTH="22" HEIGHT="19" WC="0.93" CONTENT="af"/><SP WIDTH="14" VPOS="1318" HPOS="730"/>
							<String ID="string_294" HPOS="744" VPOS="1318" WIDTH="150" HEIGHT="25" WC="0.92" CONTENT="magistratens"/>
						</TextLine>
						<TextLine ID="line_34" HPOS="134" VPOS="1351" WIDTH="760" HEIGHT="27">
							<String ID="string_295" HPOS="134" VPOS="1351" WIDTH="51" HEIGHT="20" WC="0.93" CONTENT="eller"/><SP WIDTH="16" VPOS="1351" HPOS="185"/>
							<String ID="string_296" HPOS="201" VPOS="1352" WIDTH="204" HEIGHT="25" WC="0.91" CONTENT="stadsfullmäktiges"/><SP WIDTH="16" VPOS="1352" HPOS="405"/>
							<String ID="string_297" HPOS="421" VPOS="1353" WIDTH="158" HEIGHT="24" WC="0.91" CONTENT="godtfinnande,"/><SP WIDTH="16" VPOS="1353" HPOS="579"/>
							<String ID="string_298" HPOS="595" VPOS="1351" WIDTH="24" HEIGHT="20" WC="0.96" CONTENT="så"/><SP WIDTH="16" VPOS="1351" HPOS="619"/>
							<String ID="string_299" HPOS="635" VPOS="1359" WIDTH="62" HEIGHT="12" WC="0.96" CONTENT="anser"/><SP WIDTH="13" VPOS="1359" HPOS="697"/>
							<String ID="string_300" HPOS="710" VPOS="1353" WIDTH="39" HEIGHT="25" WC="0.96" CONTENT="jag"/><SP WIDTH="16" VPOS="1353" HPOS="749"/>
							<String ID="string_301" HPOS="765" VPOS="1353" WIDTH="60" HEIGHT="18" WC="0.96" CONTENT="äfven"/><SP WIDTH="12" VPOS="1353" HPOS="825"/>
							<String ID="string_302" HPOS="837" VPOS="1352" WIDTH="57" HEIGHT="19" WC="0.96" CONTENT="detta"/>
						</TextLine>
						<TextLine ID="line_35" HPOS="134" VPOS="1385" WIDTH="759" HEIGHT="27">
							<String ID="string_303" HPOS="134" VPOS="1386" WIDTH="117" HEIGHT="25" WC="0.96" CONTENT="stadgande"/><SP WIDTH="25" VPOS="1386" HPOS="251"/>
							<String ID="string_304" HPOS="276" VPOS="1393" WIDTH="50" HEIGHT="12" WC="0.96" CONTENT="vara"/><SP WIDTH="23" VPOS="1393" HPOS="326"/>
							<String ID="string_305" HPOS="349" VPOS="1387" WIDTH="22" HEIGHT="18" WC="0.96" CONTENT="af"/><SP WIDTH="21" VPOS="1387" HPOS="371"/>
							<String ID="string_306" HPOS="392" VPOS="1387" WIDTH="61" HEIGHT="25" WC="0.93" CONTENT="ringa"/><SP WIDTH="22" VPOS="1387" HPOS="453"/>
							<String ID="string_307" HPOS="475" VPOS="1385" WIDTH="84" HEIGHT="21" WC="0.90" CONTENT="båtnad."/><SP WIDTH="32" VPOS="1385" HPOS="559"/>
							<String ID="string_308" HPOS="591" VPOS="1387" WIDTH="112" HEIGHT="18" WC="0.92" CONTENT="Likaledes"/><SP WIDTH="24" VPOS="1387" HPOS="703"/>
							<String ID="string_309" HPOS="727" VPOS="1393" WIDTH="66" HEIGHT="19" WC="0.96" CONTENT="synas"/><SP WIDTH="16" VPOS="1393" HPOS="793"/>
							<String ID="string_310" HPOS="809" VPOS="1386" WIDTH="44" HEIGHT="25" WC="0.96" CONTENT="mig"/><SP WIDTH="15" VPOS="1386" HPOS="853"/>
							<String ID="string_311" HPOS="868" VPOS="1386" WIDTH="25" HEIGHT="19" WC="0.96" CONTENT="de"/>
						</TextLine>
						<TextLine ID="line_36" HPOS="134" VPOS="1419" WIDTH="760" HEIGHT="28">
							<String ID="string_312" HPOS="134" VPOS="1419" WIDTH="230" HEIGHT="26" WC="0.91" CONTENT="detaljbestämningar,"/><SP WIDTH="24" VPOS="1419" HPOS="364"/>
							<String ID="string_313" HPOS="388" VPOS="1427" WIDTH="46" HEIGHT="13" WC="0.95" CONTENT="som"/><SP WIDTH="22" VPOS="1427" HPOS="434"/>
							<String ID="string_314" HPOS="456" VPOS="1421" WIDTH="130" HEIGHT="19" WC="0.95" CONTENT="förekomma"/><SP WIDTH="23" VPOS="1421" HPOS="586"/>
							<String ID="string_315" HPOS="609" VPOS="1421" WIDTH="30" HEIGHT="19" WC="0.92" CONTENT="uti"/><SP WIDTH="22" VPOS="1421" HPOS="639"/>
							<String ID="string_316" HPOS="661" VPOS="1420" WIDTH="14" HEIGHT="27" WC="0.92" CONTENT="&amp;"/><SP WIDTH="22" VPOS="1420" HPOS="675"/>
							<String ID="string_317" HPOS="697" VPOS="1421" WIDTH="25" HEIGHT="19" WC="0.96" CONTENT="71"/><SP WIDTH="17" VPOS="1421" HPOS="722"/>
							<String ID="string_318" HPOS="739" VPOS="1421" WIDTH="23" HEIGHT="18" WC="0.96" CONTENT="af"/><SP WIDTH="13" VPOS="1421" HPOS="762"/>
							<String ID="string_319" HPOS="775" VPOS="1420" WIDTH="119" HEIGHT="20" WC="0.96" CONTENT="Utskottets"/>
						</TextLine>
						<TextLine ID="line_37" HPOS="133" VPOS="1454" WIDTH="761" HEIGHT="27">
							<String ID="string_320" HPOS="133" VPOS="1454" WIDTH="140" HEIGHT="23" WC="0.96" CONTENT="betänkande,"/><SP WIDTH="24" VPOS="1454" HPOS="273"/>
							<String ID="string_321" HPOS="297" VPOS="1455" WIDTH="46" HEIGHT="19" WC="0.96" CONTENT="icke"/><SP WIDTH="19" VPOS="1455" HPOS="343"/>
							<String ID="string_322" HPOS="362" VPOS="1461" WIDTH="49" HEIGHT="13" WC="0.96" CONTENT="vara"/><SP WIDTH="16" VPOS="1461" HPOS="411"/>
							<String ID="string_323" HPOS="427" VPOS="1455" WIDTH="23" HEIGHT="19" WC="0.96" CONTENT="af"/><SP WIDTH="14" VPOS="1455" HPOS="450"/>
							<String ID="string_324" HPOS="464" VPOS="1454" WIDTH="70" HEIGHT="25" WC="0.95" CONTENT="någon"/><SP WIDTH="17" VPOS="1454" HPOS="534"/>
							<String ID="string_325" HPOS="551" VPOS="1457" WIDTH="70" HEIGHT="24" WC="0.96" CONTENT="nytta;"/><SP WIDTH="17" VPOS="1457" HPOS="621"/>
							<String ID="string_326" HPOS="638" VPOS="1455" WIDTH="118" HEIGHT="20" WC="0.96" CONTENT="kontrollen"/><SP WIDTH="17" VPOS="1455" HPOS="756"/>
							<String ID="string_327" HPOS="773" VPOS="1455" WIDTH="42" HEIGHT="19" WC="0.96" CONTENT="kan"/><SP WIDTH="15" VPOS="1455" HPOS="815"/>
							<String ID="string_328" HPOS="830" VPOS="1455" WIDTH="64" HEIGHT="19" WC="0.95" CONTENT="blifva"/>
						</TextLine>
					</TextBlock>
				</ComposedBlock>
			</PrintSpace>
		</Page>
	</Layout>
</alto>
