1109 1817
247 166 45 18 1970
542 166 39 18 Den
594 167 10 17 5
617 166 47 18 Juni.

222 231 51 13 vara
289 225 132 26 försigtigast
437 226 30 18 att
482 231 108 13 reservera
606 225 39 19 den
661 225 82 19 million
756 225 59 19 mark
827 231 46 13 som
884 225 102 19 utskottet

222 259 103 20 beräknat
347 259 64 19 borde
433 258 34 20 stå
489 259 119 26 disponibel
629 259 36 18 vid
683 259 53 19 1879
753 258 35 20 års
805 258 86 27 utgång,
907 259 31 19 för
953 265 33 13 er-

223 293 98 20 sättande
337 294 22 18 af
368 293 25 20 de
403 293 198 26 häradshöfdingar,
613 299 47 14 som
670 299 78 20 genom
759 293 134 26 regleringen
902 293 84 20 komme

223 329 31 18 att
269 326 28 27 gå
308 327 109 26 förlustige
434 329 67 18 större
512 328 52 19 eller
575 328 81 19 mindre
667 327 62 20 delen
741 328 22 19 af
773 328 33 19 sin
819 327 166 26 tingsgästning.

224 362 44 19 Och
293 361 26 20 då
339 363 40 24 jag
401 369 63 12 anser
479 363 111 22 reformen,
607 361 74 20 såvida
697 362 40 19 den
754 363 34 18 rör
803 362 182 19 häradsrätternas

223 397 168 25 omgestaltning
413 397 32 18 till
464 398 137 24 permanenta
617 396 122 23 domstolar,
756 402 51 13 vara
822 397 24 18 af
858 403 26 12 en
900 396 86 26 mycket

223 430 143 20 framstående
388 431 45 25 vigt
455 431 40 19 och
519 431 117 26 betydelse,
659 429 28 20 då
709 429 70 20 måste
799 431 39 25 jag
860 431 25 19 be
901 432 30 17 att
946 429 39 20 hos

224 465 89 20 Ståndet
323 464 21 20 få
355 465 88 23 förorda,
455 467 30 18 ett
495 464 78 20 sådant
584 464 107 20 utlåtande
708 465 70 19 skulle
793 465 76 25 gifvas,
885 467 30 17 att
930 464 55 19 hvad

224 507 46 12 som
294 500 22 19 af
336 500 288 28 lagmanstingsgästningen
648 500 84 19 komme
755 501 32 18 att
802 500 100 25 besparas
918 499 67 19 blefve

223 534 98 25 anslaget
344 533 71 20 såsom
431 534 118 25 ersättning
565 533 21 20 åt
601 533 226 26 häradshöfdingarne,
844 534 39 19 och
899 535 36 20 att,
951 539 34 14 om

224 569 69 18 denna
309 575 82 12 summa
406 569 47 18 icke
469 569 68 18 skulle
547 567 66 20 förslå
626 568 75 23 dertill,
714 569 126 24 regeringen
851 568 68 19 skulle
931 568 54 19 före-

223 603 65 25 lägga
311 602 118 19 Ständerna
451 603 81 25 förslag
553 603 54 18 huru
630 603 68 19 medel
717 603 70 18 dertill
810 603 61 18 skola
886 601 98 20 erhållas.

224 637 69 19 Gerna
316 635 35 20 må
371 637 61 19 äfven
448 639 104 23 upptagas
568 639 30 17 ett
613 636 164 26 önskningsmål
793 637 85 22 derhän,
894 639 30 16 att
939 636 47 25 lag-

224 672 60 18 farne
306 671 95 19 bisittare
424 671 84 19 komme
532 673 31 17 att
585 671 35 19 vid
636 671 161 19 underrätterna
812 671 109 22 anställas,
937 677 48 12 men

224 706 36 18 det
275 706 75 18 endast
365 706 8 18 i
388 704 136 26 förbigående
540 706 40 18 och
596 704 73 20 såsom
684 705 47 19 icke
747 706 117 18 berörande
879 705 35 19 det
929 706 57 18 stora

224 738 50 24 mål,
290 740 85 18 hvartill
391 746 48 12 man
455 746 28 12 nu
498 740 38 18 vill
551 740 86 18 sträfva.
661 740 43 18 När
720 746 49 12 man
786 741 47 21 sett,
849 739 73 19 hvilka
937 737 49 21 svå-

224 773 93 26 righeter
339 774 34 18 vid
395 780 26 13 en
443 774 107 25 reglering
573 774 23 18 af
616 774 143 25 domsagorna
782 774 7 19 i
805 774 56 26 syfte
882 775 30 17 att
934 774 52 24 göra

224 808 172 19 häradsrätterna
419 810 136 23 permanenta
579 808 64 19 redan
664 809 65 25 yppat
752 808 41 25 sig,
816 806 25 21 så
858 808 62 19 borde
936 813 49 13 man

224 848 57 20 noga
296 842 91 19 betänka
403 842 39 26 sig,
458 843 64 18 innan
539 848 49 13 man
604 842 32 19 till
652 842 63 20 dessa
731 841 133 27 svårigheter
874 842 37 18 vill
922 842 64 25 lägga

225 876 40 20 den
281 882 35 14 om
331 877 109 19 införande
455 877 24 19 af
491 877 95 25 lagfarne
599 876 96 20 bisittare
705 876 36 19 vid
754 875 160 27 ifrågavarande
926 876 60 19 dom-

225 911 72 19 stolar.
329 911 40 25 Jag
391 911 38 19 har
449 910 130 20 åtminstone
600 911 47 19 icke
663 911 44 25 mig
722 911 93 19 bekanta
829 910 67 26 några
911 910 75 25 klago-

224 944 43 20 mål
283 946 58 18 öfver
357 945 80 19 skedda
453 946 113 19 orättvisor
581 946 35 18 vid
632 945 173 19 häradsrätterna
820 945 40 19 och
876 951 62 13 anser
953 944 33 19 in-

224 980 97 19 förandet
336 980 23 18 af
371 980 96 25 lagfarne
482 980 96 19 bisittare
593 986 51 12 vara
660 986 26 12 en
702 980 45 22 sak,
763 979 102 20 hvarmed
878 980 56 18 ännu
944 979 42 19 kan

225 1013 68 24 anstå,
314 1014 53 19 blott
385 1014 34 19 det
435 1016 57 17 stora
506 1013 71 24 målet,
594 1016 31 17 att
639 1014 174 19 häradsrätterna
827 1014 65 19 blifva
904 1019 82 20 perma-

224 1050 64 17 nenta
303 1048 7 19 i
327 1049 66 19 större
413 1048 60 20 delen
489 1049 23 19 af
525 1048 73 20 landet
612 1049 53 19 först
680 1047 88 27 uppnås.
799 1047 46 20 Två
860 1047 66 20 Stånd
941 1048 45 19 lära

224 1082 64 20 redan
304 1082 63 20 hafva
383 1084 81 24 antagit
479 1083 144 19 betänkandet
637 1083 7 19 i
660 1083 48 22 allo,
725 1089 48 13 men
789 1083 7 18 i
811 1082 43 20 alla
868 1082 36 20 fall
918 1082 68 19 skulle

225 1118 30 17 ett
275 1115 108 20 utlåtande
407 1118 22 17 af
447 1116 184 26 Borgareståndet,
653 1117 112 18 utvisande
781 1118 30 17 att
827 1117 35 18 det
877 1117 67 18 finnes
960 1122 26 13 en

225 1157 70 13 annan
318 1151 94 25 riktning
435 1153 30 17 att
487 1151 65 19 tänka
573 1150 32 27 på,
623 1152 27 18 än
667 1151 39 19 den
722 1151 116 19 utskottets
852 1150 134 20 betänkande

224 1183 123 25 innehåller,
362 1185 102 26 möjligen
479 1185 47 20 icke
542 1191 51 13 vara
608 1188 50 16 utan
673 1185 71 19 värde.

293 1219 52 19 Herr
367 1214 145 31 Öhrnberg:
544 1218 76 21 Såsom
643 1219 92 20 medlem
755 1220 6 18 i
777 1219 149 26 Lagutskottet
948 1218 38 20 har

221 1253 40 26 jag
282 1254 123 19 medverkat
427 1253 32 20 till
482 1253 162 26 ifrågavarande
667 1254 134 19 betänkande
823 1253 41 20 och
882 1253 36 20 ber
934 1253 52 19 att
975 1249 14 34 i

224 1288 116 25 anledning
362 1289 23 18 af
405 1288 52 19 Herr
481 1287 73 26 Sjöros
577 1288 142 25 anmärkning
737 1287 21 20 få
773 1289 57 24 yttra
846 1287 66 26 några
926 1288 38 19 ord
979 1287 7 20 i

225 1323 56 24 syfte
297 1324 31 17 att
342 1323 84 19 förorda
442 1323 59 18 bifall
513 1323 33 18 till
557 1323 149 19 betänkandet.
727 1322 147 19 Betänkandet
884 1322 102 19 erkänner

223 1357 8 18 i
247 1357 65 19 första
328 1358 95 22 rummet,
440 1358 29 18 att
485 1357 289 26 lagmanstingsgästningen
786 1357 37 19 bör
834 1356 109 20 användas
954 1356 32 19 till

223 1390 231 26 häradshöfdingarnes
470 1391 95 26 aflöning
581 1392 5 18 i
603 1391 156 25 sammanhang
775 1391 48 19 med
841 1391 35 19 det
888 1389 98 27 åtgärder

224 1425 98 25 vidtagas
338 1425 31 19 för
384 1424 144 21 rättsvårdens
544 1425 80 26 nödiga
639 1425 126 25 förbättring
780 1424 27 27 på
822 1425 72 20 landet
904 1424 40 20 och
956 1425 30 18 att

223 1459 8 19 i
253 1459 34 20 det
311 1459 56 26 syfte
389 1465 26 14 en
431 1460 133 25 ombildning
579 1460 23 19 af
615 1459 172 20 häradsrätterne
802 1459 32 20 till
850 1460 136 25 permanenta
