1109 1817
241 175 46 17 1704
534 175 39 17 Den
585 175 23 17 29
621 174 41 23 Maj.

217 233 25 19 de
258 233 68 25 öfriga
341 233 50 19 bero
407 232 26 26 på
449 234 30 18 ett
494 234 48 22 sätt,
559 239 46 14 som
622 232 68 20 måste
700 233 77 19 bereda
788 233 25 20 de
825 234 109 25 förmögne
946 234 32 18 in-

217 267 95 26 flytande
328 266 26 27 på
371 268 53 18 dem.
448 267 40 19 Det
504 268 22 19 är
542 268 81 19 derföre
639 268 31 19 för
686 268 63 25 ingen
761 267 34 20 del
805 268 79 25 troligt,
898 271 30 16 att
938 268 39 19 den

216 301 146 23 vexelverkan,
371 308 46 13 som
427 301 82 20 härtills
520 304 36 23 egt
564 309 45 12 rum
621 302 90 19 emellan
725 303 25 18 de
761 302 133 25 förmögnare
904 302 40 20 och
952 303 26 18 de

217 336 82 19 mindre
314 336 123 19 bemedlade
453 336 222 23 samhällsklasserna,
692 343 48 12 vore
757 337 47 18 med
825 343 38 13 ens
879 337 97 25 upphäfd.

217 370 41 25 Jag
274 370 81 25 hoppas
371 372 90 17 tvertom
477 371 32 18 för
524 371 58 18 visso
599 372 30 17 att
645 371 68 18 denna
729 371 139 19 vexelverkan
884 378 28 12 nu
923 371 55 19 skall

217 405 64 18 blifva
299 405 95 18 starkare
410 405 26 19 än
452 405 55 19 förut
522 405 41 19 och
576 405 47 23 just
638 405 68 19 häruti
722 405 69 25 ligger
806 411 25 13 en
848 407 82 24 garanti
947 405 31 19 för

216 440 31 17 att
263 439 34 19 det
313 439 158 19 demokratiska
487 439 112 19 elementet
615 439 46 19 icke
678 439 55 19 skall
744 438 80 21 erhålla
836 441 29 18 ett
876 440 31 19 för
918 445 59 20 myc-

217 473 36 20 ket
276 473 155 26 öfvervägande
455 473 124 26 inflytande.
610 473 44 26 Mig
677 480 66 19 synes
759 474 34 19 det
809 480 49 13 vara
874 474 102 25 Borgare-

217 507 85 20 ståndet
317 508 108 25 värdigast
441 509 30 17 att
486 507 46 20 icke
549 507 66 20 uttala
631 508 40 19 den
687 508 84 21 tvekan,
783 514 45 13 som
840 509 68 18 skulle
919 509 58 25 ligga

216 542 30 19 uti
263 544 30 17 att
309 543 51 24 göra
376 544 30 17 ett
421 543 108 24 undantag
545 541 45 20 från
607 542 35 19 det
654 542 74 23 beslut,
742 542 81 19 hvilket
836 543 57 19 detta
904 543 73 19 betän-

216 577 71 18 kande
310 575 94 21 föreslår.
434 577 42 25 Jag
497 577 118 25 tillstyrker
637 577 81 19 derföre
741 577 58 18 bifall
815 577 32 19 till
863 578 113 19 utskottets

215 611 141 20 betänkande,
380 610 24 20 så
427 612 51 18 nära
494 617 45 13 som
556 610 26 26 på
599 611 34 19 det
649 610 112 27 begångna
777 611 107 26 misstagit
899 612 30 18 uti
945 612 32 18 in-

215 651 96 20 gressen,
334 645 81 19 hvilket
437 645 52 19 Herr
508 645 127 25 Tengström
651 645 64 19 redan
731 645 39 19 har
785 645 112 26 utförligen
913 646 63 19 fram-

216 679 67 23 hållit,
300 679 39 19 och
357 680 35 18 ber
407 681 30 17 att
453 680 6 18 i
475 680 100 18 afseende
591 678 12 20 å
616 680 156 24 omredigering
783 680 22 18 af
814 680 69 18 denna
894 680 82 25 ingress

216 714 143 19 betänkandet
375 712 64 21 måtte
455 714 32 18 till
503 714 149 24 Lagutskottet
667 712 171 20 återremitteras.

286 748 52 19 Herr
354 743 150 30 Öhrnberg:
535 748 40 19 Det
591 749 22 18 är
629 749 94 18 närmast
739 748 6 18 i
761 748 115 26 anledning
892 748 22 19 af
925 748 52 19 Herr

216 782 140 26 Tengströms
373 782 146 26 anmärkning,
536 788 46 13 som
595 782 39 26 jag
650 782 37 19 har
704 783 73 25 begärt
792 782 64 19 ordet.
880 782 40 19 Det
935 782 41 19 kan

216 816 35 20 väl
275 817 34 18 vid
332 817 66 19 första
420 816 105 26 påseende
548 823 67 19 synas
636 817 87 25 onödigt
737 818 30 17 att
783 815 90 27 åberopa
888 816 14 26 &
919 816 11 20 6
946 817 30 19 uti

217 851 39 19 den
274 851 75 25 Kongl.
366 851 119 19 Försäkran
501 851 23 19 af
538 851 40 19 den
594 851 27 19 23
637 851 99 19 Februari
754 850 65 24 1789;
837 857 47 13 men
899 850 27 26 pä
942 850 34 20 sä-

217 885 51 19 dant
290 886 42 18 sätt
355 892 46 12 som
426 886 69 18 denna
510 884 14 26 &
540 885 37 19 här
598 886 131 22 omnämnes,
753 885 42 19 kan
818 885 35 19 det
868 885 108 19 föranleda

216 919 94 19 hvarken
326 919 32 19 till
374 920 69 22 oreda,
460 918 149 20 missförstånd
625 919 50 19 eller
691 918 70 27 någon
775 926 70 12 annan
856 920 119 24 olägenhet.

217 953 102 23 Orsaken,
342 953 96 20 hvarföre
461 954 57 19 detta
541 954 44 18 blef
605 954 30 18 uti
651 954 111 24 ingressen
778 954 84 22 infördt,
878 960 36 12 var
930 954 46 19 icke

217 988 47 22 den,
281 990 28 17 att
326 988 30 19 uti
373 988 12 19 6
401 987 14 27 &
430 988 55 19 talas
500 994 35 13 om
551 988 220 25 riksdagsmannaval,
788 990 23 24 ty
827 988 47 19 icke
890 994 36 13 var
942 988 34 19 det

216 1022 161 25 Lagutskottets
400 1022 65 26 afsigt
487 1024 30 17 att
540 1022 164 26 tillvägabringa
722 1021 70 26 någon
808 1022 123 26 förändring
946 1024 30 17 uti

216 1057 35 19 det
275 1057 114 22 afseendet,
411 1055 72 21 såsom
501 1057 35 19 det
552 1057 62 19 äfven
630 1063 23 13 ur
669 1057 64 19 orden
749 1056 98 26 framgår,
863 1059 50 17 utan
929 1057 46 23 den,

216 1092 31 18 att
262 1092 30 18 uti
308 1091 13 25 S
337 1090 12 20 6
366 1091 55 19 talas
437 1098 34 12 om
484 1091 33 19 val
529 1091 22 19 af
560 1092 151 24 borgmästare,
723 1090 88 20 rådmän
822 1091 40 19 och
876 1091 100 19 särskildt

217 1126 196 21 stadssckreterare,
429 1132 35 12 om
479 1125 81 19 hvilket
576 1126 131 18 sistnämnde
723 1126 34 18 val
781 1126 46 18 icke
849 1124 69 27 någon
940 1126 36 18 be-

217 1160 109 23 stämning
341 1159 140 20 förekommer
496 1160 30 18 uti
542 1159 14 26 &
572 1159 19 23 3,
608 1159 85 19 hvarest
709 1160 34 19 det
767 1159 75 19 endast
864 1160 55 19 talas
942 1166 34 13 om

217 1193 82 20 mindre
322 1194 109 25 betjening.
468 1193 45 20 Och
536 1193 27 20 dä
588 1194 35 19 det
645 1194 72 19 vidare
732 1193 31 20 uti
779 1193 14 26 S
808 1193 12 20 6
837 1193 70 20 heter:
924 1196 30 17 att
970 1195 6 18 i

216 1227 221 26 riksdagsmannaval,
461 1228 105 23 ,likasom
589 1229 5 18 i
618 1228 167 25 Borgmästares,
809 1227 107 20 Rädmans
936 1228 40 19 och

217 1262 207 19 Stadssckreterares
440 1262 35 19 val
490 1263 76 18 endast
581 1263 56 18 sätta
653 1263 98 25 Borgare,
768 1269 47 12 men
831 1263 47 18 icke
890 1262 86 19 Contin-

216 1299 51 22 gent
283 1297 98 25 Borgare,
397 1303 46 12 som
458 1297 32 18 ti!l
506 1300 65 15 annat
587 1295 66 20 Stånd
668 1297 57 22 höra,
742 1295 63 26 mäge
821 1298 49 24 taga
886 1297 54 22 del",
952 1296 24 20 sä

217 1330 68 26 ansäg
308 1331 147 25 Lagutskottet
481 1331 35 19 det
539 1331 71 19 kunna
633 1331 63 19 lända
719 1331 32 19 till
775 1331 158 26 förebyggande
956 1331 23 19 af

216 1365 73 25 hvarje
305 1364 148 20 missförständ
469 1371 35 13 om
520 1372 48 12 man
585 1366 30 18 uti
630 1365 138 26 inledningen
784 1365 31 19 till
831 1365 75 26 sjelfva
918 1365 58 19 stad-

215 1399 80 25 gandet
311 1400 71 25 intoge
397 1405 26 13 en
439 1399 82 19 erinran
537 1406 41 15 om,
595 1401 30 17 att
640 1399 55 19 hvad
711 1399 12 19 6
739 1399 15 26 &
770 1398 117 21 innehäller
897 1406 34 13 om
942 1399 35 19 val

216 1433 22 19 af
251 1433 152 26 borgmästare,
419 1433 87 20 rädmän
519 1433 41 20 och
571 1434 190 19 stadssekreterare
773 1434 46 19 icke
831 1433 65 20 heller
908 1433 68 20 skulle

216 1467 85 26 gvarstä
323 1467 72 20 säsom
418 1468 35 19 det
474 1469 23 18 är
519 1468 143 19 formuleradt.
694 1467 74 20 Sävidt
780 1468 40 25 jag
836 1467 81 24 förstär,
934 1468 42 19 kan
