1109 1817
250 164 45 17 1536
543 163 39 17 Den
595 163 22 17 24
628 163 42 22 Maj.

225 221 27 26 på
275 221 78 26 många
375 222 64 19 andra
463 222 78 19 ställen
564 222 57 19 finna
642 222 40 19 den
698 222 86 25 passiva
799 222 81 19 formen
896 222 89 23 använd,

223 258 51 18 utan
297 258 31 18 att
351 257 35 19 Jet
401 257 43 19 ledt
459 257 33 18 till
508 255 155 21 missförstånd.
693 257 41 19 För
756 257 64 25 öfrigt
835 257 36 19 ber
884 257 40 25 jag
938 256 47 20 med

224 291 116 25 anledning
363 291 22 19 af
405 291 53 19 Herr
473 290 106 26 Procopés
595 291 141 26 anmärkning
751 289 22 21 få
788 290 118 23 framhålla,
922 291 63 19 huru-

223 325 60 19 ledes
305 325 141 20 kommunens
470 325 241 26 sjelfbestämningsrätt
729 325 62 20 äfven
807 325 7 19 i
829 325 70 20 denna
914 325 33 19 del
962 326 23 19 är

223 359 69 20 bättre
307 359 149 26 tillgodosedd,
476 365 35 14 om
527 360 41 19 den
583 359 111 20 anmärkta
709 359 153 20 mellansatsen
878 358 31 21 får
924 365 61 20 qvar-

224 392 40 21 stå.
295 393 40 20 Om
356 393 128 20 kommunen
500 393 105 26 enhälligt
619 393 50 20 ville
685 394 98 25 begagna
799 395 29 18 ett
844 393 78 20 valsätt
938 393 47 20 med

223 429 70 24 öppna
309 428 69 19 sedlar
393 428 50 19 eller
456 428 100 25 muntligt
572 428 52 19 efter
639 434 84 20 upprop,
739 427 24 20 sä
780 428 37 19 bör
833 434 48 13 man
894 427 34 21 väl
939 427 46 19 icke

224 463 95 19 förmena
334 463 129 19 kommunen
479 463 41 22 det,
536 462 81 19 hvilket
633 463 68 19 skulle
717 462 64 20 blifva
793 461 146 23 förhållandet,
950 467 34 14 om

224 503 50 12 man
289 497 102 19 utesluter
407 497 40 19 den
463 497 112 19 anmärkta
590 497 159 20 mellansatsen.
775 497 45 20 Och
834 495 26 21 då
872 497 34 19 det
917 497 68 24 öppna

223 531 58 19 valet
296 531 47 19 icke
358 530 31 20 får
405 537 40 20 ega
460 538 52 16 rum,
528 530 25 20 så
569 533 58 18 snart
643 530 70 27 någon
729 531 56 19 enda
800 531 80 20 fordrar
892 531 34 19 val
937 530 47 19 med

225 565 70 19 slutna
311 565 76 23 sedlar,
404 564 24 21 så
443 566 24 19 är
480 565 24 26 ju
520 566 141 19 kommunens
677 567 41 18 rätt
733 565 116 26 behörigen
865 565 69 20 aktad.

294 599 52 20 Herr
362 599 95 26 Sjöros
473 599 97 26 frångick
586 600 32 19 sin
634 602 44 17 mot
689 599 14 27 $
714 600 25 19 21
751 600 76 25 gjorda
838 599 146 26 anmärkning.

294 634 42 19 Vid
359 634 90 19 härefter
470 635 23 18 af
506 634 48 19 herr
569 634 171 20 Talmannen
756 634 119 20 framställd
891 634 93 25 proposi-

224 669 44 18 tion
291 668 45 19 blef
356 668 15 26 &
393 669 26 18 21
442 667 67 20 sådan
532 669 41 19 den
594 669 61 25 lyder
673 669 6 18 i
695 669 143 19 betänkandet
854 669 48 19 med
917 669 67 18 öfver-

224 702 97 26 vägande
337 702 151 26 röstpluralitet
503 703 23 19 af
540 702 89 20 Ståndet
644 705 99 23 antagen.

328 736 15 26 8
359 736 30 21 22.

295 771 52 19 Herr
363 770 106 26 Sjöros:
486 770 32 20 Dä
534 778 48 13 man
593 771 118 26 genomgär
721 771 120 20 Utskottets
853 771 131 19 betänkande

225 806 89 19 rörande
337 806 46 25 kap.
406 806 18 22 2,
447 806 69 19 finnes
532 805 14 27 &
562 806 26 18 22
604 806 47 20 icke
667 808 106 24 upptagen
789 806 63 19 bland
868 806 54 22 dem,
938 811 46 14 som

225 839 112 27 undergätt
359 840 96 26 ändring.
487 840 53 19 Före
562 840 116 20 motiverna
700 840 32 20 till
757 840 12 20 3
793 840 47 26 kap.
862 839 43 20 står
921 840 22 23 ,I
958 840 26 18 de

225 874 68 26 öfriga
315 873 30 27 88
367 874 38 19 har
425 874 109 20 Utskottet
556 874 47 20 icke
626 875 69 19 funnit
715 874 48 20 skäl
779 876 31 18 att
825 873 78 21 föreslå
918 872 66 27 några

225 909 134 25 ändringar".
390 908 41 20 Till
455 909 25 19 de
502 909 69 25 öfriga
593 908 30 27 SS
646 909 38 19 hör
699 908 67 20 också
781 908 14 27 &
811 908 27 20 22
854 908 40 20 och
910 908 36 19 der
961 909 23 18 är

224 943 66 19 likväl
313 943 40 19 den
376 943 90 25 ändring
487 943 106 25 vidtagen,
617 945 30 17 att
663 944 64 19 orden
744 943 54 23 ,,och
813 943 87 19 timme"
916 942 68 20 blifvit

225 978 88 19 införda.
343 978 62 19 Detta
429 978 23 19 är
474 978 54 19 blott
546 984 26 12 en
588 978 99 19 anmälan
703 978 32 19 till
751 977 127 26 protokollet
892 976 40 20 och
948 976 36 20 vill

222 1012 40 25 jag
277 1012 80 19 derföre
372 1012 47 19 icke
435 1012 118 19 utmönstra
569 1011 20 27 8.

294 1046 14 26 &
332 1046 26 19 22
377 1046 124 26 godkändes
518 1045 26 27 på
560 1046 71 20 derom
647 1046 111 20 framstäld
773 1046 137 26 proposition,
925 1046 6 18 i
947 1051 37 13 en-

224 1080 68 26 lighet
307 1081 48 19 med
369 1080 149 20 betänkandet.

294 1114 78 20 Likaså
387 1117 76 23 antogs
479 1114 14 27 &
510 1114 26 20 23
552 1117 50 17 utan
619 1115 128 19 diskussion.

327 1148 15 27 S
358 1148 30 21 21.

293 1183 52 20 Herr
368 1183 129 20 Höckert:
529 1182 32 20 Dä
588 1183 107 19 Utskottet
719 1183 68 19 beslöt
809 1183 35 25 sig
866 1183 31 19 för
918 1181 66 20 sädan

224 1217 115 26 tillökning
361 1218 22 19 af
403 1217 206 26 stadsfullmäktiges
632 1217 64 23 antal,
712 1223 47 14 som
775 1217 143 20 betänkandet
933 1223 51 19 upp-

224 1253 67 25 tager,
313 1251 25 20 sä
362 1258 37 13 var
422 1252 36 19 det
477 1252 67 19 under
566 1251 36 20 det
623 1252 59 25 gifna
697 1250 139 24 förhällande,
853 1253 30 17 att
898 1251 41 19 den
954 1251 30 18 uti

224 1285 15 27 8
262 1286 27 20 25
312 1286 172 20 förekommande
507 1286 144 25 förstärkning
675 1286 22 19 af
721 1285 195 26 stadsfullmäktige
936 1285 47 19 icke

225 1321 69 19 skulle
309 1321 85 19 komma
409 1321 7 18 i
431 1319 66 27 fråga,
513 1321 50 18 utan
580 1320 162 25 bestämningen
759 1320 72 19 derom
847 1327 24 12 ur
883 1319 101 26 förslaget

224 1354 58 27 utgå.
313 1355 41 19 Vid
369 1355 66 19 första
450 1355 113 24 läsningen
579 1355 22 18 af
614 1361 28 13 nu
657 1355 147 25 föreliggande
814 1353 84 27 Nådiga
910 1359 74 20 propo-

225 1389 63 20 sition
304 1389 44 20 blef
361 1388 66 21 också
442 1388 14 27 S
472 1389 27 20 25
516 1389 23 19 af
552 1389 108 20 Utskottet
675 1389 91 19 medelst
774 1389 97 25 votering
879 1388 105 20 utesluten

224 1423 40 20 och
287 1424 7 18 i
317 1423 115 26 anledning
455 1423 59 20 deraf
528 1423 77 25 höjdes
620 1423 85 20 maximi
721 1423 80 19 antalet
816 1423 23 19 af
852 1422 133 25 fullmäktige

224 1457 27 26 på
274 1459 42 18 sätt
338 1457 142 20 betänkandet
503 1457 6 19 i
525 1457 14 26 &
555 1457 27 20 24
598 1456 125 24 innehåller;
749 1463 49 14 men
814 1457 35 19 vid
865 1457 40 20 den
920 1457 66 19 andra
