1109 1817
434 157 39 17 Den
486 157 22 17 29
521 157 41 22 Maj.
808 157 42 17 1651

116 216 87 25 origtigt
224 216 91 22 taxerad,
337 216 63 18 borde
423 215 42 19 han
488 216 57 19 inom
567 216 45 18 viss
635 216 30 18 tid
687 216 84 18 anmäla
788 216 33 25 sig
836 215 39 19 hos

116 250 213 25 taxeringsnämnden
341 249 39 20 och
391 255 76 20 genom
479 252 31 17 att
520 251 32 18 för
563 250 39 19 den
621 250 65 19 förete
702 250 25 19 de
743 249 133 26 handlingar,

116 290 78 19 genom
216 283 71 20 hvilka
303 284 41 19 han
360 284 37 19 vill
413 284 74 25 styrka
503 285 58 18 detta
576 284 37 19 sitt
628 283 121 26 påstående,
765 284 54 19 söka
834 285 42 18 rät-

116 318 54 19 telse
193 318 39 19 hos
254 325 81 12 samma
355 319 193 25 taxeringsnämnd,
565 325 45 13 som
626 319 55 18 förut
696 320 81 17 taxerat
792 318 83 19 honom.

116 352 68 25 Finge
205 353 75 18 besvär
295 353 84 18 anföras
395 353 38 18 hos
450 359 25 12 en
491 353 196 25 pröfningsnämnd,
704 352 69 19 skulle
788 353 39 18 lätt
842 353 36 18 det

117 387 172 19 betraktelsesätt
311 387 63 19 vinna
396 387 77 26 insteg,
493 389 31 17 att
545 387 69 20 denna
636 387 79 19 nämnd
737 387 53 25 egde
805 387 73 25 pröfva

116 421 41 19 och
166 421 61 19 äfven
236 421 135 20 underkänna
380 421 227 26 samvetsgrannheten
616 421 39 20 hos
663 421 215 26 taxeringsnämnden

118 455 40 19 och
183 455 62 20 ställa
269 455 39 20 den
332 455 5 19 i
356 456 103 19 beroende
483 456 23 19 af
526 456 32 19 sin
583 456 68 19 större
675 455 206 26 samvetsgrannhet.

118 489 40 20 Det
182 491 22 18 är
227 491 29 18 ett
275 489 75 20 sådant
367 490 171 19 betraktelsesätt
554 496 46 13 som
613 490 40 25 jag
668 490 95 19 önskade
779 490 99 19 undvika.

189 524 51 19 Herr
263 524 126 19 Masalin:
420 524 69 19 Jemte
516 525 34 18 det
570 525 39 25 jag
631 525 36 18 ber
689 526 30 17 att
742 523 20 20 få
785 523 94 20 vidhålla

119 559 42 18 min
185 557 62 26 äsigt,
271 560 36 18 att.
331 558 65 25 enligt
420 559 66 25 syftet
510 559 29 19 uti
562 559 57 19 detta
635 559 221 26 författningsförslag,
872 559 7 18 i

119 593 117 19 allmänhet
247 593 74 19 besvär
334 593 57 19 öfver
402 593 96 25 taxering
511 593 19 25 ej
544 593 63 19 borde
625 592 21 20 fä
661 599 41 19 ega
717 599 51 16 rum,
785 592 95 21 anhäller

117 627 39 25 jag
172 629 31 17 att
218 627 48 19 med
281 627 115 26 anledning
412 627 22 19 af
448 627 52 19 Herr
516 627 67 26 Freys
599 627 147 26 anmärkning,
762 627 21 20 fä
799 628 81 19 biträda

120 662 39 18 den
179 662 92 24 mening,
287 663 30 17 att
333 661 40 19 den
389 668 45 12 som
451 661 47 19 icke
514 662 61 25 nöjes
590 662 49 18 med
654 662 226 24 taxeringsnämndens

120 694 75 27 ätgärd
218 694 27 27 pä
267 696 39 18 den
322 696 68 24 grund
407 697 30 17 att
453 695 41 19 han
511 702 62 13 anser
589 696 34 25 sig
639 696 18 25 ej
674 702 49 13 vara
739 696 142 19 underkastad

120 730 61 26 afgift
199 730 32 19 till
247 730 135 23 kommunen,
398 730 64 19 likväl
479 730 69 19 skulle
565 736 40 20 ega
620 730 101 25 rättighet
736 732 30 17 att
781 730 40 19 hos
836 736 45 13 ma-

120 764 103 25 gistraten
237 766 73 18 anföra
325 764 80 20 besvär.
432 764 41 19 För
489 765 40 18 den
545 764 103 20 händelse
664 766 30 17 att
710 763 87 21 Ständet
813 764 69 19 skulle

121 798 82 20 besluta
227 800 34 24 sig
286 800 31 18 för
339 800 31 18 att
393 799 187 25 ändringsökande
600 799 30 19 uti
655 798 227 26 taxeringsnämndens

123 834 74 22 beslut,
218 834 61 19 äfven
295 834 55 18 hvad
365 833 97 25 beloppet
478 834 23 18 af
515 834 109 18 skattören
639 832 72 26 angär,
728 833 63 19 borde
807 832 20 20 fä
843 838 40 20 ega

122 874 53 15 rum,
186 868 37 19 vill
237 868 40 25 jag
292 866 45 21 åter
351 868 82 18 biträda
449 868 40 18 den
506 866 63 26 äsigt,
590 874 45 12 som
652 868 23 18 af
688 867 52 19 Herr
755 866 80 20 Kurtén
850 870 32 15 ut-

123 902 70 23 talats,
217 904 30 17 att
270 902 111 25 nemligen,
405 908 35 13 om
463 904 29 16 ett
516 902 91 25 misstag
628 902 30 18 uti
682 902 123 24 taxeringen
821 901 62 22 skett,

122 936 213 26 taxeringsnämnden
359 936 50 25 sjelf
430 936 69 19 skulle
516 935 20 20 få
552 936 73 25 pröfva
639 936 56 18 hvad
711 936 78 19 verkan
805 942 25 12 en
846 941 37 13 an-

122 971 113 25 märkning
259 971 69 19 derom
352 970 69 19 kunde
444 970 70 19 hafva.
545 970 42 26 Jag
609 970 37 19 ber
669 972 30 17 att
722 969 21 20 fä
757 969 82 26 päpeka
854 972 29 16 ett

123 1004 138 24 förhällande,
285 1011 45 13 som
351 1004 128 20 ätminstone
496 1004 27 26 pä
538 1005 40 19 den
594 1006 39 21 ort,
649 1004 36 20 der
700 1004 43 19 min
758 1004 126 25 verknings-

122 1040 59 18 krets
204 1040 23 18 är
249 1039 40 19 och
313 1039 101 25 möjligen
437 1039 63 19 äfven
518 1040 5 18 i
539 1039 68 25 öfriga
625 1038 58 20 delar
698 1039 23 18 af
741 1038 72 19 landet
836 1044 49 18 eger

123 1080 51 13 rum.
202 1074 35 19 Uti
253 1074 98 18 städerna
368 1073 62 26 pläga
445 1074 168 18 understundom
630 1072 161 26 näringsidkare
806 1072 80 19 infinna

123 1109 33 25 sig
180 1108 40 20 och
243 1108 78 25 begära
344 1110 30 16 att
395 1108 31 18 uti
441 1108 48 19 dem
506 1107 21 20 få
542 1108 32 19 för
590 1106 70 27 någon
675 1107 84 19 kortare
774 1107 30 19 tid
820 1106 66 20 drifva

123 1142 84 23 bandel.
238 1142 71 25 Enligt
332 1142 241 25 näringsförfattningen
597 1143 51 24 äger
663 1141 75 20 staden
754 1143 30 17 att
799 1141 32 19 för
846 1141 40 18 den

123 1177 84 21 handel,
231 1183 46 12 som
298 1177 63 18 dessa
377 1176 163 25 näringsidkare
556 1175 84 20 erhållit
656 1174 96 20 tillstånd
768 1177 30 17 att
815 1175 72 22 drifva,

123 1211 98 19 beskatta
240 1211 47 19 dem
303 1211 39 19 och
359 1209 90 20 sålunda
465 1209 76 25 måste,
558 1217 34 12 om
609 1210 57 19 detta
681 1211 24 18 är
720 1209 57 20 fallet
793 1210 30 18 uti
839 1209 47 19 hela

122 1245 79 22 landet,
214 1245 213 25 taxeringsnämnden
443 1245 44 19 ofta
504 1245 67 19 under
587 1243 56 20 årets
659 1244 48 25 lopp
724 1243 163 20 sammanträda,

123 1279 97 20 hvarföre
243 1279 36 19 det
300 1279 47 19 icke
371 1279 30 19 för
421 1279 127 19 densamma
564 1279 68 19 blefve
648 1279 111 18 förbundet
774 1278 48 19 med
838 1283 49 20 syn-

124 1314 77 25 nerligt
212 1314 75 19 besvär
299 1315 30 17 att
342 1313 73 26 pröfva
426 1313 168 26 anmärkningar
607 1314 57 18 emot
675 1313 40 19 den
727 1313 64 18 redan
807 1312 80 19 skedda

123 1349 129 24 taxeringen.
276 1347 59 20 Dock
351 1353 61 14 anser
425 1348 39 25 jag
479 1349 32 18 att
527 1347 70 26 någon
613 1347 45 19 viss
674 1347 29 19 tid
720 1347 31 19 för
765 1353 28 13 nu
810 1345 78 26 ifräga-

123 1383 93 19 varande
232 1383 97 25 pröfning
345 1381 62 20 borde
423 1382 139 19 bestämmas.
588 1381 47 19 Mitt
651 1381 96 26 yrkande
763 1382 22 18 är
801 1381 91 22 derföre,

124 1419 30 16 att
177 1416 88 20 såframt
288 1419 29 17 ett
333 1416 200 26 ändringssökande
548 1415 80 20 tillätes
644 1416 69 19 denna
729 1414 14 27 &
759 1415 68 19 skulle
843 1421 43 13 om-

124 1451 107 26 redigeras
247 1451 7 19 i
270 1451 107 26 uppgifvet
393 1451 62 25 syfte.
486 1451 62 19 Hvad
564 1450 43 19 min
624 1449 142 25 anmärkning
781 1451 57 17 emot
854 1449 34 19 det

176 1490 69 22 Vällofl.
259 1489 155 23 borgareständets
425 1489 90 22 protokoll
528 1489 109 22 landtdagen
651 1488 56 17 1872.
808 1487 32 18 106
