1109 1817
255 159 44 32 1602
546 163 39 17 Den
599 163 21 17 27
633 163 42 22 Maj.

230 221 120 20 Utskottets
373 220 61 27 åsigt,
458 221 119 20 tillkomma
600 223 30 17 att
653 221 64 19 hafva
739 221 101 19 inseende
863 222 55 18 samt
936 220 56 19 vaka

231 256 102 22 deröfver,
349 257 30 18 att
395 256 25 19 de
436 255 114 26 behörigen
567 255 90 26 fullgöra
669 255 46 19 sina
728 254 150 27 åligganden."
892 266 28 3 —
931 254 61 19 Hvad

231 289 100 20 beträffar
353 290 39 19 den
408 290 23 19 af
445 289 51 20 Herr
512 289 91 20 Masalin
618 289 75 26 gjorda
710 289 142 26 anmärkning
868 291 30 17 att
913 295 78 19 genom

231 323 69 19 denna
320 323 14 26 &
357 330 26 13 en
406 324 122 25 förändring
550 323 69 20 skulle
635 323 38 20 ske
688 324 7 19 i
711 324 151 25 magistratens
878 322 114 27 äliggande

231 356 72 21 såsom
319 358 99 19 exekutor
433 359 7 18 i
457 359 53 22 stad,
526 357 25 20 så
566 357 94 26 framgår
676 361 23 16 uf
714 357 14 27 &
743 357 27 20 49
787 358 85 25 tydligt,
885 359 31 18 att
926 356 66 27 något

231 391 76 20 sådant
323 392 68 26 aldrig
406 393 54 18 varit
475 391 102 27 åsyftadt.
608 392 40 19 Det
664 393 63 24 säges
744 392 105 26 nemligen
866 392 46 19 der:
938 391 53 23 ,Om

230 426 151 25 Magistratens
397 427 200 25 sammansättning,
613 420 128 32 åligganden
757 426 40 20 och
809 425 103 27 göromål,
924 426 5 18 i
942 425 49 19 dess

231 461 108 25 egenskap
363 461 22 19 af
402 461 96 25 offentlig
514 461 210 26 embetsmyndighet
739 463 56 17 samt
810 460 92 20 domstol
918 460 6 19 i
940 459 51 20 hus-

230 493 120 27 hällnings-
373 495 39 20 och
434 494 152 27 ordningsmäl,
609 495 110 20 äfvensom
734 494 110 27 angäende
860 494 131 20 tillsättande

230 529 24 19 af
274 529 67 26 öfrige
363 529 128 26 tjenstemän
506 529 41 20 och
563 529 92 26 betjente
671 529 31 20 för
718 529 86 20 stadens
820 529 40 19 och
877 529 40 19 den
932 529 59 18 kom-

231 563 86 20 munala
339 564 167 25 förvaltningens
528 563 65 20 behof
612 564 57 25 gälle
692 563 55 20 hvad
763 564 71 19 derom
851 563 102 20 särskildt
968 563 24 19 är

231 598 120 25 stadgadt.*
383 598 42 19 Här
447 599 22 18 är
492 597 18 26 ej
533 597 60 26 fräga
608 604 35 13 om
659 599 64 18 annat
737 599 27 18 än
780 598 145 25 fullmäktiges
941 597 51 19 eller

231 631 182 20 rädhusstämmas
434 632 74 23 beslut,
526 638 48 13 men
590 632 114 25 ingalunda
720 639 34 12 om
770 633 151 25 magistratens
936 630 55 27 älig-

230 666 70 25 gande
323 668 31 17 att
377 666 31 19 till
431 666 162 25 verkställighet
616 667 95 18 befordra
733 666 194 19 öfverexekutorers
951 665 40 19 och

231 700 128 19 domstolars
381 700 71 26 utslag
475 700 6 19 i
500 699 169 21 exekutionsmäl
684 706 19 14 o.
719 706 17 13 s.
753 707 18 12 v.
802 700 42 25 Jag
860 700 68 19 skulle
944 700 47 18 der-

231 735 44 19 före
291 735 32 19 för
338 735 43 19 min
397 735 33 19 del
446 735 82 19 förorda
544 736 31 18 att
591 734 36 26 &:n
643 734 65 20 mätte
723 734 127 20 oförändrad
865 732 125 21 bibehällas.

301 768 52 20 Herr
375 768 157 26 Wallgren:
563 768 43 20 Vid
628 770 48 18 mitt
698 769 52 19 sista
773 768 135 26 andragande
924 768 66 19 fällde

228 803 40 25 jag
284 804 29 18 ett
328 803 104 25 yttrande,
448 809 35 13 om
498 803 151 25 magistratens
659 803 191 25 besvärsrättighet
860 802 82 20 hvilket
951 802 40 26 jag

231 837 130 19 härmedelst
383 836 49 20 ville
451 836 101 27 ätertaga.
584 837 39 19 Det
639 838 90 19 berodde
744 836 27 27 pä
786 839 29 17 ett
831 838 97 24 misstag,
945 842 47 14 som

231 872 32 18 för
284 872 50 24 mig,
351 870 71 21 säsom
438 872 47 19 icke
500 872 103 25 lagfaren,
619 872 59 19 torde
693 878 50 13 vara
759 871 120 26 ursäktligt.
910 871 81 19 Beträf-

231 906 63 19 fande
316 906 41 18 den
378 904 13 21 å
406 906 137 25 magistraten
559 906 156 19 ankommande
730 906 167 25 verkställighet,
914 904 25 20 sä
953 905 39 19 har

231 940 52 19 Herr
302 940 96 19 Boström
415 940 63 20 redan
494 940 76 23 utredt,
587 942 30 17 att
633 940 35 20 det
683 941 19 25 ej
719 941 23 19 är
758 940 113 26 meningen
887 941 31 18 att
933 938 58 20 frän-

231 980 50 20 taga
298 975 138 25 magistraten
451 974 158 20 verkställande
625 975 84 19 makten
725 975 7 19 i
748 976 45 18 rent
806 974 102 26 judiciela
922 974 69 23 saker;

232 1015 48 13 men
306 1008 129 20 beträffande
460 1009 26 19 de
511 1010 46 18 rent
580 1009 140 19 ekonomiska
743 1008 75 23 mälen,
841 1015 46 13 som
906 1008 86 20 tillhöra

230 1043 130 19 kommunen
381 1049 80 18 ensam,
485 1042 24 20 sä
524 1043 76 26 tyckes
616 1043 35 19 det
666 1049 51 13 vara
732 1043 88 20 alldeles
836 1043 61 23 klart,
911 1044 31 18 att
957 1042 35 20 det

230 1077 130 19 tillkommer
384 1078 128 18 kommunen
535 1079 31 17 att
589 1078 52 25 sjelf
660 1076 43 21 låta
726 1078 116 19 verkställa
860 1078 47 18 sina
921 1077 71 19 beslut

231 1111 50 20 deri.
312 1111 41 26 Jag
376 1112 42 18 kan
441 1112 18 25 ej
483 1112 67 19 heller
572 1112 64 23 finna,
655 1113 31 18 att
701 1112 58 20 detta
773 1118 50 14 vore
838 1113 31 18 att
884 1110 27 27 på
926 1110 66 27 något

231 1146 43 19 sätt
295 1146 106 19 förnärma
417 1145 146 26 magistraten.
595 1145 105 20 Särskildt
715 1147 36 19 ber
767 1146 36 26 jag
818 1147 57 18 ännu
891 1145 21 20 få
927 1146 65 19 fram-

229 1178 65 25 hålla,
310 1181 31 18 att
356 1180 6 19 i
379 1179 45 20 vårt
433 1180 118 25 grannland
563 1179 92 27 Sverige,
665 1180 64 20 hvars
740 1180 252 26 kommunalförvaltning

231 1214 54 19 dock
301 1214 38 19 har
355 1221 26 12 en
397 1213 57 20 ålder
469 1215 24 18 af
505 1215 29 19 tio
550 1213 29 25 år,
596 1215 69 19 denna
679 1214 15 27 &
710 1216 23 19 är
748 1214 27 27 pä
790 1221 82 13 samma
883 1215 43 19 sätt
936 1215 56 19 redi-

230 1249 66 25 gerad
320 1255 46 13 som
388 1249 7 18 i
415 1248 119 20 Utskottets
550 1249 89 26 förslag;
663 1255 49 14 man
728 1249 69 20 skulle
812 1249 35 20 väl
862 1249 37 19 der
914 1255 78 20 genom

231 1283 25 19 de
272 1282 79 27 många
366 1283 97 23 rättsfall,
476 1289 46 14 som
536 1282 68 21 måste
616 1283 64 20 hafva
691 1284 138 23 förekommit,
842 1283 63 20 hafva
918 1283 74 20 vunnit

231 1317 119 20 erfarenhet
372 1323 35 14 om
422 1317 167 26 olämpligheten
605 1318 22 19 af
640 1317 161 27 ifrågavarande
816 1318 125 25 stadgande,
956 1324 35 13 om

231 1351 35 19 det
281 1351 110 26 verkligen
406 1357 50 14 vore
471 1352 117 25 olämpligt.
610 1352 42 26 Jag
662 1353 94 19 förordar
767 1351 83 21 således
862 1352 130 25 antagandet

230 1386 23 19 af
274 1385 69 20 denna
364 1385 21 27 8,
408 1392 47 13 som
477 1387 24 18 är
522 1386 89 20 alldeles
630 1387 232 20 öfverensstämmande
878 1387 48 19 med
942 1386 14 27 $
971 1387 20 22 4,

230 1419 37 20 der
290 1420 109 25 principen
425 1421 24 18 är
476 1421 82 19 uttalad
581 1421 40 19 och
644 1421 23 19 af
687 1420 88 21 Ständet
796 1421 65 20 redan
884 1421 106 26 godkänd.

231 1453 88 20 Ståndet
342 1455 37 19 bör
401 1454 40 23 väl,
465 1455 67 26 enligt
555 1455 43 20 min
621 1456 138 25 uppfattning,
783 1456 18 25 ej
821 1463 28 12 nu
865 1456 67 19 införa
948 1462 44 19 nya
