1109 1817
237 147 45 17 1914
532 148 38 16 Den
584 148 9 17 5
607 148 46 17 Juni.

212 206 47 19 dels
275 206 110 22 donerade,
402 206 46 19 dels
464 206 22 19 af
495 206 124 20 statsmedel
630 206 83 20 bildade
724 207 81 22 fonder,
816 212 47 14 som
874 206 99 20 förvaltas

212 239 41 20 hos
268 240 102 19 Finlands
385 240 66 23 Bank,
467 240 39 19 har
521 240 108 19 Utskottet
644 241 47 18 icke
706 241 55 18 varit
776 241 6 18 i
798 241 82 19 tillfälle
896 242 30 18 att
940 240 33 19 in-

212 274 73 19 hemta
307 275 96 18 närmare
421 275 155 26 upplysningar
591 275 40 19 och
647 275 41 19 kan
704 274 85 20 säledes
805 281 34 13 om
856 275 68 19 denna
940 274 33 19 del

213 309 22 19 af
257 310 81 18 statens
361 308 116 26 tillgångar
491 309 48 19 icke
554 309 79 26 afgifva
649 308 64 27 något
728 309 120 26 yttrande."
880 309 40 26 Jag
935 309 39 19 ön-

213 343 66 19 skade
295 342 21 20 fä
331 343 87 26 upplyst
433 343 103 20 huruvida
552 344 63 19 dessa
631 344 68 19 medel
714 345 37 18 äro
762 343 66 26 nägra
839 344 31 19 för
883 343 91 26 speciela

212 376 100 21 ändamål
327 378 106 19 donerade
448 378 80 23 fonder,
544 378 51 19 eller
611 384 34 13 om
661 378 104 19 utskottet
780 379 70 19 ansett
866 380 30 17 att
911 379 63 18 dessa

212 412 75 20 fonder
301 412 109 26 verkligen
427 413 63 19 borde
506 413 109 19 användas
631 413 31 19 för
678 413 140 19 statsverkets
829 412 69 20 behof.
918 413 56 19 Vore

213 447 58 19 detta
295 447 88 19 sednare
405 447 64 22 fallet,
493 447 95 19 önskade
608 447 40 25 jag
670 447 71 19 vidare
762 449 47 17 veta
825 447 96 19 hvarföre
936 447 38 19 Ut-

213 481 80 19 skottet
308 481 47 19 icke
370 481 71 19 beredt
458 481 33 26 sig
507 481 89 23 tillfälle,
613 484 30 16 att
659 482 96 19 närmare
770 483 51 24 taga
837 481 33 20 del
881 482 23 18 af
912 481 62 19 dessa

212 516 86 19 fonders
321 515 128 26 förvaltning
472 515 39 20 och
534 516 143 25 användning.
707 515 96 20 Framför
821 515 37 20 allt
874 516 48 19 ville
936 516 38 25 jag

213 550 55 19 dock
284 550 48 19 med
348 550 99 19 afseende
463 549 12 20 å
491 550 149 23 betänkandet,
656 557 105 18 uppmana
777 550 89 19 Ståndet
881 552 30 17 att
921 551 53 25 god-

213 584 72 19 känna
301 584 39 19 den
356 585 23 18 af
393 584 107 19 Utskottet
516 583 127 20 framhållna
658 585 187 25 nödvändigheten
860 585 23 19 af
896 586 30 18 att
942 591 32 13 re-

213 619 82 19 formen
311 618 19 19 af
347 619 169 19 statsutskottets
532 619 225 26 räkenskapsväsende
773 621 59 17 snart
843 619 67 19 blefve
921 619 53 19 före-

213 652 44 21 mål
273 653 32 19 för
326 653 73 26 slutlig
414 652 81 27 åtgärd,
511 653 46 19 dels
573 653 88 19 emedan
677 653 76 25 sjelfva
767 653 207 26 räkenskapsväsen-

216 688 35 18 det
267 694 28 12 nu
306 688 23 18 är
344 687 65 25 högst
419 687 121 19 inveckladt
550 687 41 19 och
604 688 31 18 för
646 688 83 24 menige
741 694 55 16 man,
807 689 56 17 samt
873 688 60 18 äfven
944 688 32 18 för

214 722 47 22 den,
278 728 45 13 som
339 722 24 19 är
377 722 86 19 hemma
478 722 7 18 i
497 722 156 25 behandlingen
668 722 22 18 af
699 722 75 23 siffror,
786 722 131 26 obegripligt,
929 722 45 19 dels

214 756 89 20 emedan
327 756 34 19 det
384 762 65 20 synes
472 762 50 13 vara
544 756 155 26 ofullständigt.
729 756 50 20 Som
801 756 93 26 exempel
910 755 64 27 härpå

214 790 50 20 ville
285 790 39 26 jag
342 790 75 20 endast
432 789 118 23 framhålla,
567 792 30 17 att
612 790 7 19 i
635 790 122 23 relationen,
773 791 90 19 förutom
880 791 25 19 de
920 791 54 19 förut

214 825 135 21 omnämnda,
365 825 66 19 under
446 824 102 20 Finlands
563 824 72 20 Banks
652 825 128 25 förvaltning
796 824 88 20 stående
896 825 78 23 fonder,

215 860 61 19 äfven
300 860 79 18 saknas
402 860 65 18 andra
483 859 79 23 fonder,
579 859 65 19 ehuru
660 858 80 20 sådana
755 860 83 18 funnes.
869 858 29 20 Så
912 861 14 17 t.
943 866 30 12 ex.

213 894 57 19 finns
293 894 65 19 under
380 894 98 18 rubriken
501 894 120 22 ,Indirekta
637 894 80 18 skatter
732 894 40 18 och
789 894 123 26 utskylder*
928 894 46 18 icke

213 930 113 24 upptagen,
349 928 40 19 den
411 928 35 19 vid
469 928 69 19 denna
561 928 102 25 landtdag
686 928 127 19 omtvistade
829 928 145 19 universitets-

213 963 158 25 fondsafgiften,
394 962 89 20 emedan
506 962 68 19 denna
597 962 60 26 afgift
679 962 86 26 inflyter
785 962 81 20 direkte
881 962 32 20 till
928 963 46 18 uni-

214 997 115 20 versitetet.
359 997 32 19 En
413 997 53 25 följd
489 996 61 20 häraf
571 997 29 22 är,
623 999 31 17 att
669 997 40 19 den
725 997 66 19 under
806 997 63 19 femte
885 996 89 20 hufvud-

214 1032 61 19 titeln
298 1032 106 25 upptagna
427 1037 97 13 summan
549 1031 23 19 af
593 1030 90 23 446,305
707 1031 60 19 mark
783 1032 18 24 ej
819 1032 23 18 är
858 1031 40 19 den
913 1032 60 22 rätta,

214 1066 89 20 emedan
326 1066 67 19 deruti
416 1066 46 19 icke
482 1064 61 27 ingär
559 1066 146 26 nyssnämnda
721 1066 83 25 ganska
819 1066 109 25 betydliga
944 1067 30 18 af-

214 1102 45 24 gift.
290 1100 31 20 Pä
343 1101 63 19 dessa
427 1100 47 20 skäl
489 1107 103 19 upprepar
605 1100 39 26 jag
659 1101 43 19 min
718 1100 106 21 anhällan,
841 1102 30 17 att
887 1100 87 20 Ständet

213 1135 51 19 ville
287 1136 78 24 antaga
387 1134 120 19 Utskottets
522 1134 134 19 betänkande
672 1135 6 18 i
694 1135 63 18 dessa
771 1135 89 18 sednare
875 1137 98 20 moment,

214 1169 27 20 dä
256 1170 26 19 de
298 1169 22 19 af
334 1169 162 19 Statsutskottet
511 1169 68 19 deruti
591 1169 75 25 gjorda
682 1168 141 26 päminnelser
839 1169 135 20 tvifvelsutan

213 1204 86 19 komme
314 1205 31 18 att
360 1203 63 19 lända
438 1203 32 19 till
486 1209 63 20 gagn,
566 1204 6 18 i
589 1203 34 20 det
639 1205 30 17 att
685 1203 125 26 regeringen
821 1204 32 19 för
863 1203 110 20 framtiden

213 1239 55 19 fäste
285 1238 99 19 afseende
399 1237 26 26 pä
441 1238 118 19 desamma.

284 1273 51 19 Herr
351 1271 156 20 Mechelin:
538 1271 75 20 Såsom
630 1278 48 13 svar
694 1271 26 26 pä
735 1272 41 19 den
791 1273 23 18 af
828 1272 52 19 Herr
896 1272 77 20 Kurtén

213 1307 76 26 gjorda
304 1305 105 27 förfrägan
426 1306 49 19 ville
489 1306 39 26 jag
541 1307 84 22 nämna,
636 1308 29 17 stt
676 1306 168 23 Statsutskottet,
856 1305 26 26 pä
893 1313 81 13 samma

213 1340 58 27 gäng
287 1341 35 19 det
340 1341 67 19 erhöll
423 1341 34 19 del
473 1341 23 19 af
509 1341 68 25 öfriga
593 1341 147 25 räkenskaper,
757 1341 61 19 äfven
834 1340 42 19 fick
892 1341 82 19 tillfälle

213 1377 31 18 att
259 1375 94 26 granska
368 1381 25 13 en
409 1375 34 19 del
459 1376 22 19 af
495 1375 27 20 de
537 1375 130 20 omnämnda
678 1375 92 26 speciela
783 1375 107 22 fonderna,
902 1374 72 21 såsom

213 1409 248 26 krigsmanshusfonden,
485 1409 247 20 militieboställskassan
757 1409 40 20 och
823 1410 151 25 amorterings-

213 1444 83 19 fonden.
327 1443 60 20 Hvad
410 1444 25 19 de
458 1444 68 26 öfriga
548 1444 103 19 fonderna
673 1444 138 23 vidkommer,
836 1442 24 21 sä
878 1443 54 20 hade
948 1444 26 19 de
