1109 1817
241 169 45 18 2116
534 170 40 17 Den
588 170 20 16 11
621 169 47 18 Juni.

216 228 79 19 männa
318 227 200 19 Besvärsutskottet.
550 227 41 19 Det
613 227 68 26 gäller
703 227 53 20 blott
775 229 30 18 att
820 234 78 19 genom
914 227 66 26 några

216 262 37 19 ord
275 261 63 19 ställa
359 261 40 19 den
421 261 7 19 i
451 261 136 20 konformitet
608 261 48 19 med
677 260 74 27 frågan
767 268 34 13 om
817 262 163 19 stambanornas

216 296 95 25 riktning
333 295 40 19 och
396 295 91 20 beslutet
510 301 34 14 om
567 296 83 25 garanti
666 296 31 19 för
710 295 146 26 jernvägslän.
888 296 41 25 Jag
944 296 36 19 ber

216 331 31 18 att
267 328 22 20 få
311 329 95 26 tillägga,
428 331 31 18 att
482 329 27 20 då
529 330 40 25 jag
590 330 84 25 yttrade
690 331 29 18 ett
734 330 37 19 ord
787 337 35 12 om
838 331 141 25 Björneborgs

215 364 56 25 läge,
288 364 35 19 det
338 364 47 19 icke
401 370 36 13 var
453 364 86 23 derföre,
557 365 30 18 att
601 364 39 25 jag
656 364 68 19 skulle
740 364 52 26 hyst
807 365 73 19 tvifvel
891 371 35 13 om
939 365 39 18 den

217 397 128 27 föregående
361 398 63 19 ärade
439 398 93 19 talarens
547 398 122 19 kännedom
685 399 22 18 af
720 399 84 19 landets
820 399 101 25 geografi.

286 433 52 19 Herr
354 433 156 19 Wasenius:
534 432 82 19 Genom
628 433 139 25 uppläsandet
777 433 23 19 af
808 432 171 21 Presteståndets

216 467 105 26 protokoll
341 467 67 19 finner
427 467 46 25 jag,
489 468 30 18 att
542 467 41 19 den
607 467 146 26 oegentlighet
771 467 38 26 jag
832 467 91 26 påpekat
938 467 40 19 och

217 508 46 13 som
287 500 26 27 på
337 501 75 25 sjelfva
434 501 124 26 afgörandet
577 501 23 19 af
613 500 74 27 frågan
703 501 40 20 och
759 501 27 26 på
801 502 43 19 min
861 501 57 26 åsigt
932 501 47 20 icke

216 535 39 20 har
278 534 65 27 något
366 535 123 26 inflytande,
513 535 48 19 icke
581 535 114 20 förefinnes
711 536 30 19 uti
757 535 170 20 Presteståndets
943 536 36 19 be-

217 569 49 20 slut.
296 569 159 20 Presteståndet
477 569 39 19 har
538 569 55 20 dock
617 570 6 18 i
647 569 32 20 sin
701 568 127 29 inbjudning
843 571 47 18 icke
906 571 73 18 nämnt

217 605 30 18 ett
271 604 37 19 ord
329 610 35 13 om
379 597 157 26 Åbo—Wiiala
551 604 76 23 banan,
644 605 57 22 utan,
717 603 73 20 såsom
805 605 50 19 dess
871 605 69 19 beslut
956 605 24 19 är

216 638 137 20 formuleradt
367 638 40 19 och
423 638 67 26 enligt
505 638 56 19 hvad
574 638 40 25 jag
629 638 38 19 har
683 638 115 26 anledning
814 641 30 17 att
859 640 38 21 tro,
914 638 65 20 också

216 673 83 22 fattadt,
315 673 22 18 är
353 673 35 18 det
403 673 6 18 i
425 671 76 20 sådant
516 673 63 25 syfte,
596 674 31 17 att
642 672 159 20 Presteståndet
811 673 47 19 icke
871 673 36 19 vill
919 672 60 20 anslå

216 706 68 26 några
307 706 68 20 medel
397 706 33 19 till
453 699 157 27 Åbo—Wiiala
634 707 80 19 banans
730 707 121 25 byggande,
867 707 112 22 anseende,

217 742 30 18 att
267 740 65 26 något
347 741 69 19 beslut
431 741 6 19 i
453 741 40 19 den
509 741 69 25 vägen
594 741 47 19 icke
657 741 42 19 kan
715 741 70 23 fattas,
802 742 70 18 förrän
888 741 92 25 afgjordt

217 776 75 22 blifvit,
308 776 103 18 huruvida
426 776 26 18 de
467 776 122 18 nuvarande
605 775 205 20 koncessionärerna
821 775 12 20 å
844 776 69 19 denna
924 776 54 19 bana

217 810 62 20 skola
302 810 71 19 kunna
394 810 68 19 utföra
485 810 37 18 sitt
542 808 106 27 åtagande
665 810 51 18 eller
731 810 27 25 ej.
790 810 39 19 Om
845 810 57 19 detta
918 810 60 19 verk-

216 844 59 26 ligen
299 845 22 19 är
340 844 112 25 meningen
469 844 47 19 med
531 842 172 21 Presteståndets
718 844 76 23 beslut,
811 843 24 20 så
850 844 37 19 vill
900 844 39 25 jag
954 843 25 20 så

217 879 86 25 mycket
326 878 81 20 mindre
430 878 81 19 biträda
531 878 41 19 det.
603 878 41 26 Jag
659 884 62 13 anser
736 878 109 25 nämligen
861 880 36 21 att,
913 878 65 19 sedan

216 912 181 27 Borgareståndet
407 913 94 25 godkänt
512 906 250 26 Åbo—T:fors—T:hus”
774 913 80 19 banans
865 913 114 26 byggande

217 948 23 19 af
260 949 75 21 staten,
359 948 35 19 det
409 954 49 12 vore
474 948 111 25 olämpligt
601 948 30 18 att
647 948 52 18 efter
713 946 68 27 några
796 948 78 25 dagars
890 948 89 18 mellan-

217 982 50 20 skof
281 983 52 18 fatta
349 983 30 18 ett
394 982 93 19 deremot
503 982 108 19 stridande
627 982 75 19 beslut.

286 1016 52 20 Herr
361 1016 97 19 Boström
480 1016 39 19 har
542 1016 103 23 anmärkt,
668 1018 31 17 att
722 1016 35 19 det
773 1016 46 19 icke
835 1016 58 25 legat
908 1015 70 27 någon

216 1050 55 20 våda
294 1051 30 19 uti
347 1052 30 18 att
400 1050 21 20 åt
443 1052 69 18 staten
535 1050 137 20 öferlemnats
688 1050 169 20 bestämmandet
873 1051 23 19 af
909 1050 69 20 banan

216 1084 47 20 från
284 1085 126 25 Petersburg
433 1085 32 19 till
487 1084 122 20 Riihimäki.
640 1084 41 26 Jag
703 1084 39 20 har
765 1085 54 19 dock
838 1084 48 20 hört
901 1084 78 26 många

217 1119 67 19 uttala
307 1119 40 19 den
370 1118 56 26 åsigt
449 1119 40 19 och
509 1120 40 24 jag
570 1119 66 25 hyser
659 1119 40 18 den
715 1119 62 19 äfven
793 1119 55 25 sjelf,
864 1120 31 17 att
910 1119 69 18 denna

216 1153 53 26 linje
285 1153 46 19 icke
347 1154 23 18 är
386 1153 40 19 den
442 1153 61 19 bästa
519 1153 95 25 möjliga,
630 1154 51 18 utan
697 1154 30 18 att
738 1153 35 19 det
783 1153 55 19 varit
848 1153 130 26 lämpligare,

217 1194 35 13 om
268 1187 124 20 densamma
412 1186 46 27 gått
473 1193 44 13 mer
533 1187 86 19 söderut
634 1188 27 18 än
677 1187 40 19 den
732 1194 29 12 nu
777 1188 22 19 är
815 1187 86 26 dragen.
931 1187 48 20 Men

217 1228 34 13 om
275 1221 66 20 också
362 1221 117 20 Ständerna
502 1228 26 13 en
552 1221 58 26 gång
632 1222 80 19 lemnat
732 1221 46 20 från
795 1222 33 25 sig
844 1221 135 20 beslutande-

216 1257 69 19 rätten
309 1263 34 12 om
365 1263 26 12 en
415 1256 123 19 stambanas
560 1256 101 25 riktning,
677 1255 25 20 så
717 1256 68 19 finner
797 1256 40 25 jag
852 1256 47 19 icke
914 1255 66 26 något

217 1291 53 23 skäl,
286 1291 97 19 hvarföre
399 1291 25 19 de
441 1290 67 19 skulle
524 1289 71 27 fortgå
610 1289 27 27 på
652 1291 41 18 den
708 1291 69 24 vägen
793 1291 78 19 vidare.

287 1325 60 19 Hvad
370 1324 44 20 åter
437 1325 99 19 beträffar
559 1325 40 19 den
622 1325 23 19 af
663 1325 52 19 Herr
729 1325 106 19 Mechelin
850 1325 76 26 gjorda
941 1332 38 13 an-

217 1360 146 25 märkningen,
385 1361 31 17 att
438 1359 187 26 undersökningen
649 1359 68 19 skulle
738 1359 86 20 komma
847 1361 31 17 att
892 1359 87 20 blifva
969 1355 14 34 i

216 1394 152 25 hufvudsaklig
390 1394 223 19 öfverensstämmelse
636 1394 49 19 med
708 1394 41 19 den
772 1394 23 19 af
815 1394 53 19 Herr
890 1393 90 26 Pipping

216 1429 122 25 föreslagna
353 1428 100 26 riktning,
469 1427 24 21 så
509 1428 51 19 ville
573 1428 40 26 jag
628 1427 119 24 framhålla,
763 1429 31 18 att
805 1427 128 20 åtminstone
944 1427 35 20 två

217 1461 67 21 Stånd
305 1463 98 25 uppträdt
425 1464 45 18 mot
493 1469 25 13 en
542 1461 68 21 sådan
632 1462 142 26 bestämning,
800 1461 178 27 Borgareståndet
