1109 1817
450 176 40 18 Den
503 177 11 17 5
526 176 48 18 Juni.
823 177 43 17 1941

130 235 41 20 den
186 241 47 13 som
245 235 7 18 i
265 235 99 19 afseende
376 233 52 21 härå
439 235 85 19 förenar
535 235 34 25 sig
579 241 35 13 om
625 235 52 19 Herr
688 235 97 19 Wasenii
796 241 95 13 reserva-

129 270 52 22 tion,
197 275 72 13 svarar
283 269 38 25 nej.

199 298 68 25 Äfven
279 303 68 20 denna
356 303 129 26 proposition
493 303 130 20 besvarades
631 303 48 20 med
688 303 155 26 öfvervägande
853 303 37 26 nej.

200 338 124 25 Proposition
340 338 39 19 N:o
395 339 18 18 4.
444 338 46 19 Den
515 344 46 13 som
583 338 126 25 godkänner
726 338 114 19 utskottets
856 338 35 19 be-

130 373 107 19 tänkande
253 371 109 26 angående
378 373 108 25 kartering
501 373 24 18 af
537 372 166 26 lysningssedel,
720 379 72 13 svarar
802 373 35 25 ja;
850 373 41 19 den

131 413 46 14 som
193 407 7 19 i
215 407 69 19 denna
299 407 40 18 sak
351 407 92 19 biträder
453 407 53 19 Herr
516 407 98 19 Wasenii
625 407 136 23 reservation,
772 413 72 13 svarar
854 407 37 25 nej.

201 441 73 20 Svaret
289 441 44 20 blef
347 441 155 26 öfvervägande
518 441 37 25 ne.

200 475 125 26 Proposition
347 475 40 19 N:o
411 476 17 19 5.
458 475 48 20 Den
522 481 46 14 som
583 477 88 24 antager
686 475 115 20 utskottets
816 476 75 19 betän-

130 510 70 19 kande
215 509 130 20 beträffande
360 510 25 19 de
398 510 65 19 under
473 510 100 19 rubriken
590 525 4 8 ,
596 510 174 25 privilegiebref'
787 509 105 26 ingående

130 545 160 24 bestämningar
305 550 72 13 svarar
387 544 38 25 ja;
440 545 40 18 den
497 550 46 13 som
560 550 63 13 anser
637 546 31 17 att
691 545 140 25 expeditioner
854 551 38 12 an-

131 578 82 27 gående
228 577 100 21 tillåtelse
343 579 32 18 till
391 579 110 19 drifvande
517 579 23 18 af
552 579 145 23 landthandel,
710 579 118 20 handtverk
841 579 51 19 eller

132 619 70 14 annan
223 613 75 25 näring
322 611 71 21 såsom
416 613 40 19 ock
472 613 143 26 expeditioner
630 613 7 19 i
653 613 26 20 de
694 613 67 20 under
775 620 86 13 momm.
877 613 15 19 4

132 647 40 20 och
188 647 12 20 5
216 647 23 20 af
252 647 66 25 sagde
333 647 70 19 rubrik
418 647 130 20 omnämnda
564 647 37 19 fall
617 647 68 20 skulle
701 648 94 19 utfärdas
811 647 13 20 å
842 653 50 13 ena-

131 682 72 19 handa
217 681 115 25 stämpladt
347 687 83 20 papper,
446 688 47 12 som
504 681 86 25 vanliga
601 682 149 25 expeditioner,
761 680 75 21 såvida
847 682 45 18 sär-

132 716 71 20 skilda
210 715 156 27 privilegiebref
380 714 5 20 å
393 715 110 19 desamma
511 722 88 13 numera
607 716 48 19 icke
663 716 100 25 utgifvas,
771 721 73 14 svarar
854 716 36 24 nej.

201 750 159 26 Propositionen
375 750 129 19 besvarades
520 750 48 19 med
583 750 90 19 allmänt
687 750 37 25 nej.

201 784 124 25 Proposition
339 784 41 20 N:o
397 785 18 18 6.
446 784 96 25 Antager
559 783 88 20 Ståndet
663 784 32 19 för
709 784 64 26 öfrigt
788 783 14 27 &
822 783 28 20 5?

201 817 57 21 Härå
273 818 99 20 svarades
388 818 48 19 med
452 818 157 26 öfvervägande
631 818 152 26 röstpluralitet
800 818 92 25 jakande.

202 853 52 19 Herr
269 852 104 26 Sjöros:
403 852 33 20 En
451 852 168 26 omständighet,
638 859 46 13 som
703 852 44 20 står
761 853 8 19 i
785 858 108 14 samman-

132 886 59 26 hang
212 887 49 19 med
281 888 68 18 denna
364 886 15 27 &
393 887 38 19 ber
450 887 41 25 jag
513 886 21 20 få
557 887 55 19 fästa
629 887 215 25 uppmärksamheten
859 885 33 27 pä,

132 922 108 25 nemligen
255 920 74 27 frägan
344 928 35 13 om
394 922 81 22 bilbref,
491 921 79 23 hvilka,
586 920 72 21 säsom
671 921 39 26 jag
725 920 84 21 förstätt
820 921 72 23 saken,

132 956 47 20 icke
195 956 58 19 torde
268 956 86 19 komma
370 957 31 17 att
415 956 66 19 blifva
497 957 30 17 ett
542 956 106 25 offentligt
663 956 115 19 dokument
795 956 36 18 vid
852 956 41 18 den

132 990 31 20 tid
179 990 68 20 denna
269 990 214 26 stämpelförordning
506 989 90 21 erhäller
618 990 99 26 gällande
740 990 61 19 kraft.
831 990 62 19 Fast-

133 1024 74 20 ställes
223 1024 107 26 nemligen
345 1030 44 20 nya
406 1024 105 26 sjölagen,
527 1025 70 19 förrän
613 1025 69 19 denna
697 1024 122 26 förordning
831 1024 62 19 kom-

132 1066 45 12 mer
193 1060 30 18 att
238 1059 64 26 gälla,
319 1058 24 20 sä
357 1059 96 19 inträffar
469 1059 59 19 detta
543 1057 143 25 förhällande;
705 1065 48 13 men
775 1058 118 20 emellertid

132 1094 71 19 kunde
223 1093 156 19 vederbörande
401 1093 131 25 tjenstemän
554 1094 51 24 taga
628 1093 34 25 sig
684 1093 116 26 anledning
815 1092 33 20 till
863 1094 31 18 att

132 1128 128 19 fortfarande
276 1127 95 19 betrakta
386 1127 77 19 bilbref
476 1126 73 20 säsom
565 1128 30 18 ett
610 1128 122 23 dokument,
747 1128 64 18 hvars
827 1127 65 19 utfär-

132 1162 69 19 dande
216 1162 123 19 ankommer
354 1160 27 27 pä
395 1161 98 26 offentlig
508 1161 132 26 myndighet,
661 1162 70 19 derest
751 1162 36 19 det
802 1161 7 19 i
825 1161 69 20 denna

132 1196 124 26 författning
271 1197 24 18 är
309 1197 101 25 upptaget
425 1195 73 20 säsom
514 1195 82 20 sädant.
619 1196 74 25 Enligt
705 1196 44 19 min
759 1195 135 26 uppfattning

132 1231 23 19 af
169 1231 67 19 saken
250 1230 85 20 komme
351 1231 34 19 det
401 1230 67 26 enligt
484 1231 41 18 den
540 1237 44 20 nya
599 1231 98 25 sjölagen
713 1232 31 18 att
759 1230 95 20 utfärdas
872 1230 24 19 af

132 1265 47 23 den,
195 1271 47 13 som
257 1265 68 26 byggt
340 1265 100 26 fartyget,
456 1265 41 19 och
513 1263 27 28 pä
557 1265 69 25 grund
649 1265 61 19 deraf
730 1265 69 19 blefve
822 1264 72 19 seder-

132 1305 58 13 mera
212 1299 73 19 fribref
305 1299 112 20 utfärdadt.
448 1299 45 26 Mig
516 1305 72 20 synes,
610 1300 31 18 att
656 1299 35 19 det
706 1298 27 27 pä
747 1298 66 27 något
829 1299 65 19 sätt
884 1294 14 35 i

132 1333 130 20 Ständernas
278 1339 48 14 svar
341 1333 64 20 borde
420 1333 118 26 uttryckas,
554 1335 31 17 att
601 1333 60 20 titeln
679 1333 101 24 ,bilbref'
799 1333 39 19 här
858 1339 36 13 en-

132 1367 49 20 dast
195 1367 86 20 komme
295 1369 31 18 att
340 1367 59 26 gälla
413 1367 33 20 till
462 1368 41 19 den
518 1367 30 20 tid
564 1367 41 20 den
623 1374 44 19 nya
686 1368 98 25 sjölagen
801 1367 71 20 träder
886 1367 8 19 i

132 1401 144 21 verksamhet.

201 1436 52 20 Herr
275 1436 173 26 Tengström:
483 1436 43 26 Jag
548 1436 49 19 ville
623 1437 76 19 endast
723 1437 95 19 besanna
842 1435 52 20 Herr

132 1471 74 26 Sjöros
222 1471 81 26 uppgift
318 1471 49 19 med
382 1471 35 20 det
432 1471 83 26 tillägg,
531 1472 31 18 att
577 1471 77 19 bilbref
666 1471 125 19 hädanefter
805 1470 40 19 blir
864 1471 30 18 ett
