1109 1817
249 145 47 18 1514
544 145 40 17 Den
597 145 22 17 24
631 145 42 22 Maj.

225 205 147 24 borgmästare
387 204 38 19 och
443 202 87 21 rådman
546 204 64 25 ingen
625 202 85 21 tillåtits
726 204 57 19 rösta
803 210 77 19 genom
904 204 83 23 ombud,

226 239 51 18 utan
293 238 76 19 endast
383 237 141 26 personligen,
541 243 48 14 men
608 237 109 20 Utskottet
739 237 39 19 har
800 238 89 19 rörande
911 238 34 19 val
967 239 23 18 af

226 272 183 25 stadsfullmäktig
423 271 48 23 följt
487 278 25 13 en
528 277 71 14 annan
615 270 62 27 åsigt.
708 271 41 20 För
765 271 43 20 min
824 271 34 20 del
874 278 62 13 anser
948 272 39 26 jag

225 307 38 22 att,
281 306 145 19 förstnämnda
449 307 80 25 princip
552 307 105 24 framgent
679 306 65 19 borde
763 305 118 20 bibehållas
897 306 40 20 och
953 307 34 19 det

226 340 25 21 så
274 341 86 26 mycket
382 347 58 13 mera
461 347 47 14 som
531 347 55 17 man,
608 343 59 18 utom
682 341 151 26 borgerskapet
849 341 62 26 gifvit
926 342 61 18 äfven

226 375 88 20 stadens
330 375 42 20 alla
387 376 68 25 öfriga
471 374 128 21 innevånare
615 375 101 26 rättighet
731 377 31 18 att
778 375 84 26 deltaga
873 376 7 19 i
890 375 97 20 kommu-

225 409 156 20 nalstämmans
397 409 187 26 öfverläggningar
599 410 40 19 och
655 410 70 19 beslut
747 409 40 20 och
809 409 106 20 meddelat
937 415 50 13 ena-

225 444 73 19 handa
313 444 100 25 rättighet
426 444 81 25 jemväl
523 443 22 20 åt
561 444 63 25 bolag
639 444 41 19 och
696 444 97 19 enskilda
809 450 105 19 personer,
935 449 52 17 som,

227 478 66 20 ehuru
316 479 83 19 bosatta
415 477 26 27 på
457 485 69 12 annan
542 479 39 22 ort,
597 479 30 18 uti
643 478 75 19 staden
734 478 67 19 drifva
816 477 70 27 någon
903 477 83 20 rörelse.

226 513 128 25 Derigenom
377 513 68 19 skulle
469 519 48 12 man
543 513 72 18 kunna
638 513 112 19 förutsätta
775 513 30 18 att
821 519 26 12 en
863 519 76 19 person
956 519 32 12 er-

226 547 58 19 hölle
299 547 91 26 verkligt
405 547 92 19 intresse
512 547 32 19 för
560 547 66 19 saken
642 547 40 19 och
699 548 30 17 att
745 547 41 19 alla
799 547 25 19 de
835 546 94 26 intriger,
941 553 46 13 som

226 581 53 26 följa
295 581 48 19 med
358 581 99 19 röstande
473 587 77 19 genom
567 581 104 22 fullmakt,
688 581 69 19 skulle
773 581 103 20 bortfalla,

296 615 52 20 Herr
363 615 127 20 Höckert:
521 615 109 20 Utskottet
645 615 38 20 har
707 616 110 19 motiverat
838 615 37 19 sitt
898 615 89 26 tillstyr-

226 650 70 19 kande
319 650 22 19 af
362 650 39 19 den
417 650 112 19 anmärkta
544 650 164 25 bestämningen
723 650 30 19 uti
769 650 137 19 förevarande
921 649 14 26 8
950 656 37 19 ge-

226 690 50 13 nom
298 684 114 19 anförande
435 684 23 19 af
479 684 40 19 den
542 684 186 26 omständigheten
752 685 30 18 att
804 684 34 19 det
860 684 42 20 ofta
918 684 70 19 kunde

226 718 32 19 för
281 724 26 13 en
329 718 90 19 medlem
443 718 22 19 af
486 718 168 22 stadskommun,
674 724 46 14 som
736 719 23 18 af
772 718 69 20 förfall
857 718 51 20 eller
923 719 65 18 andra

226 752 87 20 orsaker
328 752 47 20 icke
390 758 49 14 vore
456 753 6 19 i
478 752 84 20 tillfälle
578 755 30 17 att
624 752 135 26 personligen
780 753 85 25 deltaga
887 753 30 19 uti
940 752 47 20 råd-

225 786 147 20 husstämmas
387 787 193 25 öfverläggningar,
596 793 51 13 vara
663 787 22 19 af
698 787 45 25 vigt
759 788 30 18 att
805 787 36 19 der
856 787 71 19 kunna
950 794 37 18 ge-

226 827 50 13 nom
298 821 121 25 fullmäktig
441 822 72 18 utöfva
533 822 33 18 sin
581 822 94 18 rösträtt.
706 821 48 19 Man
770 822 42 18 kan
827 822 66 19 tänka
909 823 33 24 sig
958 823 30 18 att

227 861 26 13 en
276 856 31 18 uti
329 856 201 19 stadskommunens
553 855 26 19 lif
599 856 86 26 mycket
708 856 128 19 intresserad
858 862 75 19 person
949 856 39 19 blir

226 896 79 20 genom
320 896 26 13 en
361 890 82 26 hastigt
458 888 126 27 påkommen
601 896 48 13 resa
664 890 51 19 eller
733 890 182 25 sjukdomsförfall
937 890 51 20 eller

226 923 67 27 något
315 926 65 17 annat
402 923 132 21 urståndsatt
557 926 30 17 att
610 924 85 26 deltaga
718 924 31 19 uti
772 924 124 26 afgörandet
919 925 23 19 af
962 931 25 13 en

226 959 87 25 mycket
329 959 67 25 vigtig
411 958 66 26 fråga.
508 959 30 19 Af
552 959 69 19 denna
637 958 115 26 anledning
767 958 38 20 har
820 958 108 20 Utskottet
950 965 38 13 an-

227 994 42 18 sett
292 993 33 25 sig
347 993 51 19 böra
419 993 114 25 godkänna
556 993 40 19 den
619 992 84 26 Nådiga
723 993 157 25 propositionen
897 993 6 19 i
920 993 68 19 denna

227 1027 44 24 del;
287 1034 54 16 men,
357 1026 26 27 på
399 1027 35 19 det
449 1029 32 17 att
495 1027 48 19 icke
559 1033 25 13 en
601 1027 59 26 dylik
677 1027 102 26 rättighet
794 1026 65 21 måtte
880 1027 108 20 föranleda

226 1061 33 19 till
282 1061 134 26 uppsamling
439 1062 23 18 af
482 1068 64 12 namn
563 1061 40 20 och
619 1060 122 20 fullmakter
757 1061 40 20 och
813 1062 139 19 användande
967 1062 23 18 af

227 1096 47 18 dem
297 1094 27 27 på
346 1097 29 18 ett
399 1097 48 20 sätt,
471 1102 46 13 som
532 1102 51 13 vore
599 1096 130 19 fremmande
746 1096 31 19 för
793 1096 34 19 det
843 1094 49 24 mål,
907 1096 81 19 hvilket

226 1130 109 19 Utskottet
357 1130 87 19 härmed
467 1130 70 23 afsett,
561 1130 38 19 har
621 1130 108 19 Utskottet
749 1130 111 25 föreslagit
880 1130 106 25 tillägget:

227 1164 69 23 »dock
311 1163 35 20 må
361 1164 68 25 ingen,
441 1163 27 26 på
483 1164 68 25 grund
567 1164 23 19 af
603 1164 98 19 fullmakt
716 1165 45 18 föra
777 1164 57 19 talan
850 1164 52 19 eller
917 1165 71 18 utöfva

226 1199 55 18 röst-
297 1198 40 19 och
353 1198 76 19 valrätt
437 1198 39 19 för
491 1204 45 13 mer
554 1199 26 18 än
605 1205 26 12 en
654 1199 185 25 röstberättigad".
869 1198 41 26 Jag
933 1199 53 19 före-

226 1232 74 20 ställer
315 1233 44 25 mig
374 1234 31 17 att
419 1233 31 18 uti
466 1232 57 19 detta
538 1232 78 25 tillägg
632 1232 68 19 finnes
716 1234 30 18 ett
761 1232 125 26 tillräckligt
902 1233 85 19 korrek-

225 1267 30 19 tiv
271 1271 57 15 emot
344 1267 107 19 missbruk
467 1267 22 18 af
502 1267 175 25 rösträttigheten
693 1267 6 19 i
715 1267 35 19 det
767 1267 56 26 syfte
839 1267 53 19 Herr
906 1267 80 20 Molan-

226 1301 37 20 der
278 1301 39 19 har
332 1300 121 20 framhållit.
484 1301 42 26 Jag
541 1300 96 21 anhåller
653 1303 30 18 att
699 1300 20 21 få
740 1301 109 26 tillstyrka
871 1301 116 20 betänkan-

226 1335 47 20 dets
289 1336 126 25 antagande.

295 1370 53 19 Herr
369 1370 78 26 Frey:
479 1370 41 19 Till
544 1371 78 18 största
643 1370 62 19 delen
721 1371 24 18 af
758 1370 51 19 Herr
824 1370 94 19 Höckert
932 1371 54 18 före-

225 1404 101 19 kommen
341 1405 30 18 uti
386 1404 56 19 hvad
455 1405 39 25 jag
510 1405 72 18 ämnat
597 1405 80 22 anföra,
692 1404 37 19 vill
745 1405 61 19 äfven
819 1405 40 25 jag
880 1404 107 26 tillstyrka

226 1439 130 25 antagandet
371 1439 23 18 af
407 1439 69 19 denna
491 1438 15 26 &
522 1437 67 20 sådan
605 1439 41 18 den
661 1438 69 20 finnes
746 1438 86 25 intagen
848 1438 7 19 i
868 1438 118 19 Utskottets
