<?xml version="1.0" encoding="UTF-8"?>
<alto xmlns="http://www.loc.gov/standards/alto/ns-v3#" xmlns:xlink="http://www.w3.org/1999/xlink" xmlns:xsi="http://www.w3.org/2001/XMLSchema-instance" xsi:schemaLocation="http://www.loc.gov/standards/alto/ns-v3# http://www.loc.gov/alto/v3/alto-3-0.xsd">
	<Description>
		<MeasurementUnit>pixel</MeasurementUnit>
		<sourceImageInformation>
			<fileName>/tmp/tess_wz62y2wt_input.PNG</fileName>
		</sourceImageInformation>
		<OCRProcessing ID="OCR_0">
			<ocrProcessingStep>
				<processingSoftware>
					<softwareName>tesseract 5.3.4</softwareName>
				</processingSoftware>
			</ocrProcessingStep>
		</OCRProcessing>
	</Description>
	<Layout>
		<Page WIDTH="1109" HEIGHT="1817" PHYSICAL_IMG_NR="0" ID="page_0">
			<PrintSpace HPOS="0" VPOS="0" WIDTH="1109" HEIGHT="1817">
				<ComposedBlock ID="cblock_0" HPOS="227" VPOS="154" WIDTH="422" HEIGHT="31">
					<TextBlock ID="block_0" HPOS="227" VPOS="154" WIDTH="422" HEIGHT="31">
						<TextLine ID="line_0" HPOS="227" VPOS="154" WIDTH="422" HEIGHT="31">
							<String ID="string_0" HPOS="227" VPOS="154" WIDTH="46" HEIGHT="31" WC="0.96" CONTENT="1898"/><SP WIDTH="254" VPOS="154" HPOS="273"/>
							<String ID="string_1" HPOS="527" VPOS="157" WIDTH="40" HEIGHT="18" WC="0.96" CONTENT="Den"/><SP WIDTH="12" VPOS="157" HPOS="567"/>
							<String ID="string_2" HPOS="579" VPOS="157" WIDTH="12" HEIGHT="17" WC="0.96" CONTENT="4"/><SP WIDTH="12" VPOS="157" HPOS="591"/>
							<String ID="string_3" HPOS="603" VPOS="157" WIDTH="46" HEIGHT="17" WC="0.95" CONTENT="Juni."/>
						</TextLine>
					</TextBlock>
				</ComposedBlock>
				<ComposedBlock ID="cblock_1" HPOS="202" VPOS="216" WIDTH="767" HEIGHT="1259">
					<TextBlock ID="block_1" HPOS="202" VPOS="216" WIDTH="767" HEIGHT="1259">
						<TextLine ID="line_1" HPOS="202" VPOS="216" WIDTH="766" HEIGHT="25">
							<String ID="string_4" HPOS="202" VPOS="218" WIDTH="52" HEIGHT="18" WC="0.96" CONTENT="utan"/><SP WIDTH="13" VPOS="218" HPOS="254"/>
							<String ID="string_5" HPOS="267" VPOS="217" WIDTH="36" HEIGHT="18" WC="0.96" CONTENT="der"/><SP WIDTH="16" VPOS="217" HPOS="303"/>
							<String ID="string_6" HPOS="319" VPOS="216" WIDTH="35" HEIGHT="19" WC="0.95" CONTENT="det"/><SP WIDTH="15" VPOS="216" HPOS="354"/>
							<String ID="string_7" HPOS="369" VPOS="217" WIDTH="52" HEIGHT="18" WC="0.93" CONTENT="efter"/><SP WIDTH="15" VPOS="217" HPOS="421"/>
							<String ID="string_8" HPOS="436" VPOS="222" WIDTH="78" HEIGHT="19" WC="0.92" CONTENT="mogon"/><SP WIDTH="16" VPOS="222" HPOS="514"/>
							<String ID="string_9" HPOS="530" VPOS="216" WIDTH="99" HEIGHT="25" WC="0.92" CONTENT="pröfning"/><SP WIDTH="16" VPOS="216" HPOS="629"/>
							<String ID="string_10" HPOS="645" VPOS="216" WIDTH="56" HEIGHT="19" WC="0.96" CONTENT="visar"/><SP WIDTH="17" VPOS="216" HPOS="701"/>
							<String ID="string_11" HPOS="718" VPOS="216" WIDTH="34" HEIGHT="25" WC="0.96" CONTENT="sig"/><SP WIDTH="15" VPOS="216" HPOS="752"/>
							<String ID="string_12" HPOS="767" VPOS="216" WIDTH="98" HEIGHT="25" WC="0.96" CONTENT="lämpligt"/><SP WIDTH="15" VPOS="216" HPOS="865"/>
							<String ID="string_13" HPOS="880" VPOS="218" WIDTH="30" HEIGHT="17" WC="0.93" CONTENT="att"/><SP WIDTH="15" VPOS="218" HPOS="910"/>
							<String ID="string_14" HPOS="925" VPOS="216" WIDTH="43" HEIGHT="19" WC="0.91" CONTENT="för-"/>
						</TextLine>
						<TextLine ID="line_2" HPOS="202" VPOS="249" WIDTH="765" HEIGHT="27">
							<String ID="string_15" HPOS="202" VPOS="251" WIDTH="66" HEIGHT="25" WC="0.96" CONTENT="lägga"/><SP WIDTH="15" VPOS="251" HPOS="268"/>
							<String ID="string_16" HPOS="283" VPOS="251" WIDTH="125" HEIGHT="19" WC="0.93" CONTENT="detsamma."/><SP WIDTH="31" VPOS="251" HPOS="408"/>
							<String ID="string_17" HPOS="439" VPOS="251" WIDTH="69" HEIGHT="19" WC="0.92" CONTENT="Jemte"/><SP WIDTH="16" VPOS="251" HPOS="508"/>
							<String ID="string_18" HPOS="524" VPOS="251" WIDTH="36" HEIGHT="19" WC="0.96" CONTENT="det"/><SP WIDTH="13" VPOS="251" HPOS="560"/>
							<String ID="string_19" HPOS="573" VPOS="251" WIDTH="39" HEIGHT="24" WC="0.96" CONTENT="jag"/><SP WIDTH="16" VPOS="251" HPOS="612"/>
							<String ID="string_20" HPOS="628" VPOS="249" WIDTH="89" HEIGHT="20" WC="0.96" CONTENT="sålunda"/><SP WIDTH="16" VPOS="249" HPOS="717"/>
							<String ID="string_21" HPOS="733" VPOS="250" WIDTH="92" HEIGHT="19" WC="0.93" CONTENT="biträder"/><SP WIDTH="16" VPOS="250" HPOS="825"/>
							<String ID="string_22" HPOS="841" VPOS="250" WIDTH="126" HEIGHT="26" WC="0.91" CONTENT="petitionens"/>
						</TextLine>
						<TextLine ID="line_3" HPOS="202" VPOS="283" WIDTH="766" HEIGHT="28">
							<String ID="string_23" HPOS="202" VPOS="285" WIDTH="146" HEIGHT="26" WC="0.92" CONTENT="hufvudsyfte,"/><SP WIDTH="24" VPOS="285" HPOS="348"/>
							<String ID="string_24" HPOS="372" VPOS="285" WIDTH="42" HEIGHT="19" WC="0.96" CONTENT="kan"/><SP WIDTH="20" VPOS="285" HPOS="414"/>
							<String ID="string_25" HPOS="434" VPOS="285" WIDTH="39" HEIGHT="25" WC="0.95" CONTENT="jag"/><SP WIDTH="23" VPOS="285" HPOS="473"/>
							<String ID="string_26" HPOS="496" VPOS="285" WIDTH="54" HEIGHT="19" WC="0.96" CONTENT="dock"/><SP WIDTH="16" VPOS="285" HPOS="550"/>
							<String ID="string_27" HPOS="566" VPOS="284" WIDTH="47" HEIGHT="19" WC="0.96" CONTENT="icke"/><SP WIDTH="17" VPOS="284" HPOS="613"/>
							<String ID="string_28" HPOS="630" VPOS="283" WIDTH="25" HEIGHT="26" WC="0.96" CONTENT="på"/><SP WIDTH="16" VPOS="283" HPOS="655"/>
							<String ID="string_29" HPOS="671" VPOS="283" WIDTH="66" HEIGHT="27" WC="0.96" CONTENT="något"/><SP WIDTH="15" VPOS="283" HPOS="737"/>
							<String ID="string_30" HPOS="752" VPOS="284" WIDTH="69" HEIGHT="19" WC="0.96" CONTENT="vilkor"/><SP WIDTH="15" VPOS="284" HPOS="821"/>
							<String ID="string_31" HPOS="836" VPOS="285" WIDTH="72" HEIGHT="18" WC="0.96" CONTENT="förena"/><SP WIDTH="15" VPOS="285" HPOS="908"/>
							<String ID="string_32" HPOS="923" VPOS="285" WIDTH="45" HEIGHT="24" WC="0.96" CONTENT="mig"/>
						</TextLine>
						<TextLine ID="line_4" HPOS="202" VPOS="317" WIDTH="765" HEIGHT="27">
							<String ID="string_33" HPOS="202" VPOS="325" WIDTH="36" HEIGHT="14" WC="0.95" CONTENT="om"/><SP WIDTH="16" VPOS="325" HPOS="238"/>
							<String ID="string_34" HPOS="254" VPOS="320" WIDTH="31" HEIGHT="18" WC="0.93" CONTENT="att"/><SP WIDTH="16" VPOS="320" HPOS="285"/>
							<String ID="string_35" HPOS="301" VPOS="318" WIDTH="118" HEIGHT="20" WC="0.91" CONTENT="Ständerna"/><SP WIDTH="16" VPOS="318" HPOS="419"/>
							<String ID="string_36" HPOS="435" VPOS="319" WIDTH="69" HEIGHT="19" WC="0.96" CONTENT="skulle"/><SP WIDTH="16" VPOS="319" HPOS="504"/>
							<String ID="string_37" HPOS="520" VPOS="319" WIDTH="78" HEIGHT="25" WC="0.96" CONTENT="utpeka"/><SP WIDTH="16" VPOS="319" HPOS="598"/>
							<String ID="string_38" HPOS="614" VPOS="317" WIDTH="70" HEIGHT="27" WC="0.96" CONTENT="någon"/><SP WIDTH="17" VPOS="317" HPOS="684"/>
							<String ID="string_39" HPOS="701" VPOS="318" WIDTH="93" HEIGHT="20" WC="0.96" CONTENT="särskild"/><SP WIDTH="11" VPOS="318" HPOS="794"/>
							<String ID="string_40" HPOS="805" VPOS="320" WIDTH="38" HEIGHT="21" WC="0.96" CONTENT="ort,"/><SP WIDTH="12" VPOS="320" HPOS="843"/>
							<String ID="string_41" HPOS="855" VPOS="319" WIDTH="36" HEIGHT="18" WC="0.93" CONTENT="der"/><SP WIDTH="12" VPOS="319" HPOS="891"/>
							<String ID="string_42" HPOS="903" VPOS="318" WIDTH="64" HEIGHT="19" WC="0.92" CONTENT="semi-"/>
						</TextLine>
						<TextLine ID="line_5" HPOS="202" VPOS="353" WIDTH="766" HEIGHT="25">
							<String ID="string_43" HPOS="202" VPOS="353" WIDTH="69" HEIGHT="20" WC="0.91" CONTENT="nariet"/><SP WIDTH="22" VPOS="353" HPOS="271"/>
							<String ID="string_44" HPOS="293" VPOS="353" WIDTH="64" HEIGHT="19" WC="0.95" CONTENT="borde"/><SP WIDTH="22" VPOS="353" HPOS="357"/>
							<String ID="string_45" HPOS="379" VPOS="353" WIDTH="94" HEIGHT="19" WC="0.93" CONTENT="inrättas."/><SP WIDTH="31" VPOS="353" HPOS="473"/>
							<String ID="string_46" HPOS="504" VPOS="353" WIDTH="42" HEIGHT="25" WC="0.95" CONTENT="Jag"/><SP WIDTH="23" VPOS="353" HPOS="546"/>
							<String ID="string_47" HPOS="569" VPOS="353" WIDTH="69" HEIGHT="19" WC="0.90" CONTENT="skulle"/><SP WIDTH="23" VPOS="353" HPOS="638"/>
							<String ID="string_48" HPOS="661" VPOS="353" WIDTH="102" HEIGHT="25" WC="0.90" CONTENT="derjemte"/><SP WIDTH="22" VPOS="353" HPOS="763"/>
							<String ID="string_49" HPOS="785" VPOS="353" WIDTH="23" HEIGHT="19" WC="0.96" CONTENT="af"/><SP WIDTH="20" VPOS="353" HPOS="808"/>
							<String ID="string_50" HPOS="828" VPOS="353" WIDTH="140" HEIGHT="19" WC="0.96" CONTENT="ekonomiska"/>
						</TextLine>
						<TextLine ID="line_6" HPOS="203" VPOS="387" WIDTH="765" HEIGHT="26">
							<String ID="string_51" HPOS="203" VPOS="387" WIDTH="48" HEIGHT="20" WC="0.95" CONTENT="skäl"/><SP WIDTH="10" VPOS="387" HPOS="251"/>
							<String ID="string_52" HPOS="261" VPOS="387" WIDTH="56" HEIGHT="19" WC="0.96" CONTENT="varit"/><SP WIDTH="10" VPOS="387" HPOS="317"/>
							<String ID="string_53" HPOS="327" VPOS="387" WIDTH="49" HEIGHT="25" WC="0.96" CONTENT="böjd"/><SP WIDTH="12" VPOS="387" HPOS="376"/>
							<String ID="string_54" HPOS="388" VPOS="389" WIDTH="31" HEIGHT="17" WC="0.96" CONTENT="att"/><SP WIDTH="15" VPOS="389" HPOS="419"/>
							<String ID="string_55" HPOS="434" VPOS="387" WIDTH="84" HEIGHT="19" WC="0.96" CONTENT="ansluta"/><SP WIDTH="17" VPOS="387" HPOS="518"/>
							<String ID="string_56" HPOS="535" VPOS="387" WIDTH="44" HEIGHT="25" WC="0.96" CONTENT="mig"/><SP WIDTH="15" VPOS="387" HPOS="579"/>
							<String ID="string_57" HPOS="594" VPOS="387" WIDTH="33" HEIGHT="19" WC="0.96" CONTENT="till"/><SP WIDTH="16" VPOS="387" HPOS="627"/>
							<String ID="string_58" HPOS="643" VPOS="387" WIDTH="36" HEIGHT="19" WC="0.96" CONTENT="det"/><SP WIDTH="15" VPOS="387" HPOS="679"/>
							<String ID="string_59" HPOS="694" VPOS="387" WIDTH="118" HEIGHT="23" WC="0.96" CONTENT="alternativ,"/><SP WIDTH="17" VPOS="387" HPOS="812"/>
							<String ID="string_60" HPOS="829" VPOS="389" WIDTH="31" HEIGHT="17" WC="0.96" CONTENT="att"/><SP WIDTH="15" VPOS="389" HPOS="860"/>
							<String ID="string_61" HPOS="875" VPOS="389" WIDTH="29" HEIGHT="18" WC="0.96" CONTENT="ett"/><SP WIDTH="16" VPOS="389" HPOS="904"/>
							<String ID="string_62" HPOS="920" VPOS="389" WIDTH="48" HEIGHT="24" WC="0.96" CONTENT="nytt"/>
						</TextLine>
						<TextLine ID="line_7" HPOS="203" VPOS="420" WIDTH="764" HEIGHT="27">
							<String ID="string_63" HPOS="203" VPOS="421" WIDTH="138" HEIGHT="20" WC="0.96" CONTENT="seminarium"/><SP WIDTH="24" VPOS="421" HPOS="341"/>
							<String ID="string_64" HPOS="365" VPOS="421" WIDTH="68" HEIGHT="20" WC="0.96" CONTENT="skulle"/><SP WIDTH="19" VPOS="421" HPOS="433"/>
							<String ID="string_65" HPOS="452" VPOS="420" WIDTH="27" HEIGHT="27" WC="0.96" CONTENT="på"/><SP WIDTH="15" VPOS="420" HPOS="479"/>
							<String ID="string_66" HPOS="494" VPOS="427" WIDTH="70" HEIGHT="13" WC="0.96" CONTENT="annan"/><SP WIDTH="16" VPOS="427" HPOS="564"/>
							<String ID="string_67" HPOS="580" VPOS="423" WIDTH="32" HEIGHT="18" WC="0.96" CONTENT="ort"/><SP WIDTH="16" VPOS="423" HPOS="612"/>
							<String ID="string_68" HPOS="628" VPOS="421" WIDTH="97" HEIGHT="23" WC="0.93" CONTENT="inrättas,"/><SP WIDTH="16" VPOS="421" HPOS="725"/>
							<String ID="string_69" HPOS="741" VPOS="421" WIDTH="70" HEIGHT="20" WC="0.92" CONTENT="derest"/><SP WIDTH="15" VPOS="421" HPOS="811"/>
							<String ID="string_70" HPOS="826" VPOS="422" WIDTH="47" HEIGHT="19" WC="0.93" CONTENT="icke"/><SP WIDTH="15" VPOS="422" HPOS="873"/>
							<String ID="string_71" HPOS="888" VPOS="421" WIDTH="79" HEIGHT="26" WC="0.91" CONTENT="Jyväs-"/>
						</TextLine>
						<TextLine ID="line_8" HPOS="202" VPOS="454" WIDTH="765" HEIGHT="27">
							<String ID="string_72" HPOS="202" VPOS="456" WIDTH="53" HEIGHT="25" WC="0.93" CONTENT="kylä"/><SP WIDTH="22" VPOS="456" HPOS="255"/>
							<String ID="string_73" HPOS="277" VPOS="456" WIDTH="136" HEIGHT="19" WC="0.96" CONTENT="seminarium"/><SP WIDTH="21" VPOS="456" HPOS="413"/>
							<String ID="string_74" HPOS="434" VPOS="456" WIDTH="70" HEIGHT="19" WC="0.96" CONTENT="kunde"/><SP WIDTH="22" VPOS="456" HPOS="504"/>
							<String ID="string_75" HPOS="526" VPOS="456" WIDTH="99" HEIGHT="25" WC="0.96" CONTENT="utvidgas"/><SP WIDTH="22" VPOS="456" HPOS="625"/>
							<String ID="string_76" HPOS="647" VPOS="454" WIDTH="24" HEIGHT="21" WC="0.96" CONTENT="så"/><SP WIDTH="23" VPOS="454" HPOS="671"/>
							<String ID="string_77" HPOS="694" VPOS="456" WIDTH="92" HEIGHT="25" WC="0.96" CONTENT="mycket,"/><SP WIDTH="17" VPOS="456" HPOS="786"/>
							<String ID="string_78" HPOS="803" VPOS="457" WIDTH="30" HEIGHT="18" WC="0.96" CONTENT="att"/><SP WIDTH="16" VPOS="457" HPOS="833"/>
							<String ID="string_79" HPOS="849" VPOS="456" WIDTH="35" HEIGHT="19" WC="0.96" CONTENT="det"/><SP WIDTH="15" VPOS="456" HPOS="884"/>
							<String ID="string_80" HPOS="899" VPOS="456" WIDTH="68" HEIGHT="19" WC="0.96" CONTENT="ökade"/>
						</TextLine>
						<TextLine ID="line_9" HPOS="202" VPOS="490" WIDTH="765" HEIGHT="25">
							<String ID="string_81" HPOS="202" VPOS="490" WIDTH="101" HEIGHT="20" WC="0.92" CONTENT="behofvet"/><SP WIDTH="12" VPOS="490" HPOS="303"/>
							<String ID="string_82" HPOS="315" VPOS="491" WIDTH="22" HEIGHT="18" WC="0.93" CONTENT="af"/><SP WIDTH="8" VPOS="491" HPOS="337"/>
							<String ID="string_83" HPOS="345" VPOS="490" WIDTH="175" HEIGHT="20" WC="0.92" CONTENT="foikskolelärare"/><SP WIDTH="16" VPOS="490" HPOS="520"/>
							<String ID="string_84" HPOS="536" VPOS="490" WIDTH="36" HEIGHT="19" WC="0.97" CONTENT="der"/><SP WIDTH="16" VPOS="490" HPOS="572"/>
							<String ID="string_85" HPOS="588" VPOS="491" WIDTH="70" HEIGHT="18" WC="0.93" CONTENT="kunde"/><SP WIDTH="16" VPOS="491" HPOS="658"/>
							<String ID="string_86" HPOS="674" VPOS="490" WIDTH="176" HEIGHT="23" WC="0.87" CONTENT="tlllfredsställas;"/><SP WIDTH="17" VPOS="490" HPOS="850"/>
							<String ID="string_87" HPOS="867" VPOS="497" WIDTH="48" HEIGHT="12" WC="0.96" CONTENT="men"/><SP WIDTH="12" VPOS="497" HPOS="915"/>
							<String ID="string_88" HPOS="927" VPOS="491" WIDTH="40" HEIGHT="24" WC="0.96" CONTENT="jag"/>
						</TextLine>
						<TextLine ID="line_10" HPOS="202" VPOS="524" WIDTH="765" HEIGHT="26">
							<String ID="string_89" HPOS="202" VPOS="526" WIDTH="44" HEIGHT="18" WC="0.95" CONTENT="tror"/><SP WIDTH="22" VPOS="526" HPOS="246"/>
							<String ID="string_90" HPOS="268" VPOS="526" WIDTH="31" HEIGHT="18" WC="0.93" CONTENT="att"/><SP WIDTH="24" VPOS="526" HPOS="299"/>
							<String ID="string_91" HPOS="323" VPOS="525" WIDTH="139" HEIGHT="25" WC="0.91" CONTENT="utvidgandet"/><SP WIDTH="15" VPOS="525" HPOS="462"/>
							<String ID="string_92" HPOS="477" VPOS="525" WIDTH="22" HEIGHT="18" WC="0.96" CONTENT="af"/><SP WIDTH="14" VPOS="525" HPOS="499"/>
							<String ID="string_93" HPOS="513" VPOS="531" WIDTH="25" HEIGHT="12" WC="0.96" CONTENT="en"/><SP WIDTH="17" VPOS="531" HPOS="538"/>
							<String ID="string_94" HPOS="555" VPOS="524" WIDTH="80" HEIGHT="19" WC="0.92" CONTENT="anstalt"/><SP WIDTH="16" VPOS="524" HPOS="635"/>
							<String ID="string_95" HPOS="651" VPOS="525" WIDTH="82" HEIGHT="18" WC="0.92" CONTENT="utöfver"/><SP WIDTH="16" VPOS="525" HPOS="733"/>
							<String ID="string_96" HPOS="749" VPOS="531" WIDTH="25" HEIGHT="12" WC="0.96" CONTENT="en"/><SP WIDTH="16" VPOS="531" HPOS="774"/>
							<String ID="string_97" HPOS="790" VPOS="525" WIDTH="97" HEIGHT="18" WC="0.96" CONTENT="bestämd"/><SP WIDTH="15" VPOS="525" HPOS="887"/>
							<String ID="string_98" HPOS="902" VPOS="525" WIDTH="65" HEIGHT="24" WC="0.95" CONTENT="gräns"/>
						</TextLine>
						<TextLine ID="line_11" HPOS="202" VPOS="558" WIDTH="764" HEIGHT="26">
							<String ID="string_99" HPOS="202" VPOS="559" WIDTH="48" HEIGHT="19" WC="0.96" CONTENT="icke"/><SP WIDTH="13" VPOS="559" HPOS="250"/>
							<String ID="string_100" HPOS="263" VPOS="559" WIDTH="23" HEIGHT="18" WC="0.96" CONTENT="är"/><SP WIDTH="10" VPOS="559" HPOS="286"/>
							<String ID="string_101" HPOS="296" VPOS="559" WIDTH="98" HEIGHT="25" WC="0.96" CONTENT="lämpligt"/><SP WIDTH="11" VPOS="559" HPOS="394"/>
							<String ID="string_102" HPOS="405" VPOS="559" WIDTH="50" HEIGHT="19" WC="0.96" CONTENT="eller"/><SP WIDTH="15" VPOS="559" HPOS="455"/>
							<String ID="string_103" HPOS="470" VPOS="558" WIDTH="120" HEIGHT="20" WC="0.96" CONTENT="hälsosamt"/><SP WIDTH="15" VPOS="558" HPOS="590"/>
							<String ID="string_104" HPOS="605" VPOS="565" WIDTH="24" HEIGHT="12" WC="0.95" CONTENT="ur"/><SP WIDTH="15" VPOS="565" HPOS="629"/>
							<String ID="string_105" HPOS="644" VPOS="559" WIDTH="192" HEIGHT="25" WC="0.96" CONTENT="undervisningens"/><SP WIDTH="15" VPOS="559" HPOS="836"/>
							<String ID="string_106" HPOS="851" VPOS="559" WIDTH="115" HEIGHT="25" WC="0.95" CONTENT="synpunkt."/>
						</TextLine>
						<TextLine ID="line_12" HPOS="202" VPOS="593" WIDTH="765" HEIGHT="26">
							<String ID="string_107" HPOS="202" VPOS="593" WIDTH="32" HEIGHT="19" WC="0.96" CONTENT="En"/><SP WIDTH="24" VPOS="593" HPOS="234"/>
							<String ID="string_108" HPOS="258" VPOS="593" WIDTH="55" HEIGHT="19" WC="0.96" CONTENT="enda"/><SP WIDTH="25" VPOS="593" HPOS="313"/>
							<String ID="string_109" HPOS="338" VPOS="595" WIDTH="43" HEIGHT="18" WC="0.96" CONTENT="stor"/><SP WIDTH="18" VPOS="595" HPOS="381"/>
							<String ID="string_110" HPOS="399" VPOS="593" WIDTH="40" HEIGHT="20" WC="0.93" CONTENT="och"/><SP WIDTH="18" VPOS="593" HPOS="439"/>
							<String ID="string_111" HPOS="457" VPOS="593" WIDTH="177" HEIGHT="19" WC="0.92" CONTENT="vidtomfattande"/><SP WIDTH="17" VPOS="593" HPOS="634"/>
							<String ID="string_112" HPOS="651" VPOS="593" WIDTH="160" HEIGHT="19" WC="0.91" CONTENT="centralanstalt"/><SP WIDTH="15" VPOS="593" HPOS="811"/>
							<String ID="string_113" HPOS="826" VPOS="593" WIDTH="39" HEIGHT="19" WC="0.95" CONTENT="blir"/><SP WIDTH="15" VPOS="593" HPOS="865"/>
							<String ID="string_114" HPOS="880" VPOS="593" WIDTH="87" HEIGHT="26" WC="0.96" CONTENT="mycket"/>
						</TextLine>
						<TextLine ID="line_13" HPOS="203" VPOS="625" WIDTH="763" HEIGHT="28">
							<String ID="string_115" HPOS="203" VPOS="625" WIDTH="49" HEIGHT="21" WC="0.96" CONTENT="svår"/><SP WIDTH="19" VPOS="625" HPOS="252"/>
							<String ID="string_116" HPOS="271" VPOS="627" WIDTH="42" HEIGHT="20" WC="0.96" CONTENT="och"/><SP WIDTH="18" VPOS="627" HPOS="313"/>
							<String ID="string_117" HPOS="331" VPOS="629" WIDTH="52" HEIGHT="24" WC="0.96" CONTENT="tung"/><SP WIDTH="16" VPOS="629" HPOS="383"/>
							<String ID="string_118" HPOS="399" VPOS="629" WIDTH="30" HEIGHT="17" WC="0.95" CONTENT="att"/><SP WIDTH="16" VPOS="629" HPOS="429"/>
							<String ID="string_119" HPOS="445" VPOS="627" WIDTH="61" HEIGHT="20" WC="0.96" CONTENT="sköta"/><SP WIDTH="16" VPOS="627" HPOS="506"/>
							<String ID="string_120" HPOS="522" VPOS="627" WIDTH="41" HEIGHT="19" WC="0.96" CONTENT="och"/><SP WIDTH="16" VPOS="627" HPOS="563"/>
							<String ID="string_121" HPOS="579" VPOS="627" WIDTH="35" HEIGHT="19" WC="0.96" CONTENT="det"/><SP WIDTH="15" VPOS="627" HPOS="614"/>
							<String ID="string_122" HPOS="629" VPOS="633" WIDTH="50" HEIGHT="13" WC="0.96" CONTENT="vore"/><SP WIDTH="16" VPOS="633" HPOS="679"/>
							<String ID="string_123" HPOS="695" VPOS="627" WIDTH="82" HEIGHT="19" WC="0.95" CONTENT="kanske"/><SP WIDTH="17" VPOS="627" HPOS="777"/>
							<String ID="string_124" HPOS="794" VPOS="628" WIDTH="80" HEIGHT="25" WC="0.96" CONTENT="nyttigt"/><SP WIDTH="15" VPOS="628" HPOS="874"/>
							<String ID="string_125" HPOS="889" VPOS="629" WIDTH="31" HEIGHT="17" WC="0.93" CONTENT="att"/><SP WIDTH="15" VPOS="629" HPOS="920"/>
							<String ID="string_126" HPOS="935" VPOS="627" WIDTH="31" HEIGHT="20" WC="0.91" CONTENT="äf-"/>
						</TextLine>
						<TextLine ID="line_14" HPOS="202" VPOS="660" WIDTH="764" HEIGHT="27">
							<String ID="string_127" HPOS="202" VPOS="667" WIDTH="41" HEIGHT="13" WC="0.96" CONTENT="ven"/><SP WIDTH="23" VPOS="667" HPOS="243"/>
							<String ID="string_128" HPOS="266" VPOS="660" WIDTH="27" HEIGHT="26" WC="0.96" CONTENT="på"/><SP WIDTH="23" VPOS="660" HPOS="293"/>
							<String ID="string_129" HPOS="316" VPOS="662" WIDTH="57" HEIGHT="18" WC="0.96" CONTENT="detta"/><SP WIDTH="15" VPOS="662" HPOS="373"/>
							<String ID="string_130" HPOS="388" VPOS="661" WIDTH="58" HEIGHT="26" WC="0.96" CONTENT="gebit"/><SP WIDTH="16" VPOS="661" HPOS="446"/>
							<String ID="string_131" HPOS="462" VPOS="668" WIDTH="25" HEIGHT="12" WC="0.96" CONTENT="en"/><SP WIDTH="16" VPOS="668" HPOS="487"/>
							<String ID="string_132" HPOS="503" VPOS="661" WIDTH="133" HEIGHT="19" WC="0.96" CONTENT="konkurrens"/><SP WIDTH="16" VPOS="661" HPOS="636"/>
							<String ID="string_133" HPOS="652" VPOS="660" WIDTH="65" HEIGHT="20" WC="0.96" CONTENT="måtte"/><SP WIDTH="16" VPOS="660" HPOS="717"/>
							<String ID="string_134" HPOS="733" VPOS="660" WIDTH="21" HEIGHT="20" WC="0.96" CONTENT="få"/><SP WIDTH="15" VPOS="660" HPOS="754"/>
							<String ID="string_135" HPOS="769" VPOS="662" WIDTH="90" HEIGHT="18" WC="0.96" CONTENT="existera"/><SP WIDTH="15" VPOS="662" HPOS="859"/>
							<String ID="string_136" HPOS="874" VPOS="661" WIDTH="51" HEIGHT="19" WC="0.95" CONTENT="eller"/><SP WIDTH="15" VPOS="661" HPOS="925"/>
							<String ID="string_137" HPOS="940" VPOS="668" WIDTH="26" HEIGHT="12" WC="0.96" CONTENT="en"/>
						</TextLine>
						<TextLine ID="line_15" HPOS="203" VPOS="695" WIDTH="764" HEIGHT="26">
							<String ID="string_138" HPOS="203" VPOS="702" WIDTH="72" HEIGHT="12" WC="0.96" CONTENT="annan"/><SP WIDTH="16" VPOS="702" HPOS="275"/>
							<String ID="string_139" HPOS="291" VPOS="696" WIDTH="79" HEIGHT="18" WC="0.96" CONTENT="anstalt"/><SP WIDTH="15" VPOS="696" HPOS="370"/>
							<String ID="string_140" HPOS="385" VPOS="696" WIDTH="95" HEIGHT="22" WC="0.96" CONTENT="inrättas,"/><SP WIDTH="17" VPOS="696" HPOS="480"/>
							<String ID="string_141" HPOS="497" VPOS="702" WIDTH="45" HEIGHT="12" WC="0.95" CONTENT="som"/><SP WIDTH="17" VPOS="702" HPOS="542"/>
							<String ID="string_142" HPOS="559" VPOS="695" WIDTH="70" HEIGHT="19" WC="0.93" CONTENT="skulle"/><SP WIDTH="16" VPOS="695" HPOS="629"/>
							<String ID="string_143" HPOS="645" VPOS="695" WIDTH="50" HEIGHT="19" WC="0.93" CONTENT="täfla"/><SP WIDTH="16" VPOS="695" HPOS="695"/>
							<String ID="string_144" HPOS="711" VPOS="695" WIDTH="48" HEIGHT="19" WC="0.96" CONTENT="med"/><SP WIDTH="11" VPOS="695" HPOS="759"/>
							<String ID="string_145" HPOS="770" VPOS="695" WIDTH="121" HEIGHT="26" WC="0.93" CONTENT="Jyväskylä"/><SP WIDTH="11" VPOS="695" HPOS="891"/>
							<String ID="string_146" HPOS="902" VPOS="696" WIDTH="65" HEIGHT="18" WC="0.91" CONTENT="semi-"/>
						</TextLine>
						<TextLine ID="line_16" HPOS="203" VPOS="728" WIDTH="763" HEIGHT="26">
							<String ID="string_147" HPOS="203" VPOS="730" WIDTH="83" HEIGHT="19" WC="0.90" CONTENT="narium"/><SP WIDTH="23" VPOS="730" HPOS="286"/>
							<String ID="string_148" HPOS="309" VPOS="736" WIDTH="34" HEIGHT="13" WC="0.96" CONTENT="om"/><SP WIDTH="23" VPOS="736" HPOS="343"/>
							<String ID="string_149" HPOS="366" VPOS="730" WIDTH="25" HEIGHT="19" WC="0.96" CONTENT="de"/><SP WIDTH="16" VPOS="730" HPOS="391"/>
							<String ID="string_150" HPOS="407" VPOS="730" WIDTH="60" HEIGHT="19" WC="0.93" CONTENT="bästa"/><SP WIDTH="16" VPOS="730" HPOS="467"/>
							<String ID="string_151" HPOS="483" VPOS="729" WIDTH="123" HEIGHT="19" WC="0.91" CONTENT="resultaters"/><SP WIDTH="17" VPOS="729" HPOS="606"/>
							<String ID="string_152" HPOS="623" VPOS="728" WIDTH="110" HEIGHT="20" WC="0.91" CONTENT="ernående."/><SP WIDTH="31" VPOS="728" HPOS="733"/>
							<String ID="string_153" HPOS="764" VPOS="729" WIDTH="41" HEIGHT="25" WC="0.96" CONTENT="Jag"/><SP WIDTH="16" VPOS="729" HPOS="805"/>
							<String ID="string_154" HPOS="821" VPOS="729" WIDTH="38" HEIGHT="19" WC="0.96" CONTENT="har"/><SP WIDTH="16" VPOS="729" HPOS="859"/>
							<String ID="string_155" HPOS="875" VPOS="730" WIDTH="28" HEIGHT="18" WC="0.93" CONTENT="uti"/><SP WIDTH="17" VPOS="730" HPOS="903"/>
							<String ID="string_156" HPOS="920" VPOS="729" WIDTH="46" HEIGHT="19" WC="0.92" CONTENT="All-"/>
						</TextLine>
						<TextLine ID="line_17" HPOS="203" VPOS="763" WIDTH="763" HEIGHT="27">
							<String ID="string_157" HPOS="203" VPOS="764" WIDTH="78" HEIGHT="19" WC="0.92" CONTENT="männa"/><SP WIDTH="23" VPOS="764" HPOS="281"/>
							<String ID="string_158" HPOS="304" VPOS="764" WIDTH="207" HEIGHT="19" WC="0.91" CONTENT="Besvärsutskottets"/><SP WIDTH="23" VPOS="764" HPOS="511"/>
							<String ID="string_159" HPOS="534" VPOS="764" WIDTH="82" HEIGHT="25" WC="0.95" CONTENT="förslag"/><SP WIDTH="15" VPOS="764" HPOS="616"/>
							<String ID="string_160" HPOS="631" VPOS="764" WIDTH="61" HEIGHT="26" WC="0.96" CONTENT="tyckt"/><SP WIDTH="16" VPOS="764" HPOS="692"/>
							<String ID="string_161" HPOS="708" VPOS="763" WIDTH="44" HEIGHT="26" WC="0.93" CONTENT="mig"/><SP WIDTH="15" VPOS="763" HPOS="752"/>
							<String ID="string_162" HPOS="767" VPOS="764" WIDTH="105" HEIGHT="19" WC="0.92" CONTENT="förmärka"/><SP WIDTH="16" VPOS="764" HPOS="872"/>
							<String ID="string_163" HPOS="888" VPOS="770" WIDTH="26" HEIGHT="13" WC="0.92" CONTENT="en"/><SP WIDTH="15" VPOS="770" HPOS="914"/>
							<String ID="string_164" HPOS="929" VPOS="764" WIDTH="37" HEIGHT="19" WC="0.91" CONTENT="vä-"/>
						</TextLine>
						<TextLine ID="line_18" HPOS="203" VPOS="798" WIDTH="766" HEIGHT="26">
							<String ID="string_165" HPOS="203" VPOS="798" WIDTH="94" HEIGHT="25" WC="0.92" CONTENT="sendtlig"/><SP WIDTH="23" VPOS="798" HPOS="297"/>
							<String ID="string_166" HPOS="320" VPOS="798" WIDTH="52" HEIGHT="19" WC="0.93" CONTENT="brist"/><SP WIDTH="23" VPOS="798" HPOS="372"/>
							<String ID="string_167" HPOS="395" VPOS="798" WIDTH="66" HEIGHT="19" WC="0.90" CONTENT="deruti"/><SP WIDTH="24" VPOS="798" HPOS="461"/>
							<String ID="string_168" HPOS="485" VPOS="799" WIDTH="30" HEIGHT="18" WC="0.96" CONTENT="att"/><SP WIDTH="23" VPOS="799" HPOS="515"/>
							<String ID="string_169" HPOS="538" VPOS="798" WIDTH="35" HEIGHT="19" WC="0.96" CONTENT="det"/><SP WIDTH="18" VPOS="798" HPOS="573"/>
							<String ID="string_170" HPOS="591" VPOS="798" WIDTH="47" HEIGHT="19" WC="0.93" CONTENT="icke"/><SP WIDTH="16" VPOS="798" HPOS="638"/>
							<String ID="string_171" HPOS="654" VPOS="798" WIDTH="76" HEIGHT="25" WC="0.91" CONTENT="drager"/><SP WIDTH="15" VPOS="798" HPOS="730"/>
							<String ID="string_172" HPOS="745" VPOS="798" WIDTH="185" HEIGHT="26" WC="0.90" CONTENT="konseqvenserna"/><SP WIDTH="16" VPOS="798" HPOS="930"/>
							<String ID="string_173" HPOS="946" VPOS="798" WIDTH="23" HEIGHT="19" WC="0.96" CONTENT="af"/>
						</TextLine>
						<TextLine ID="line_19" HPOS="203" VPOS="831" WIDTH="763" HEIGHT="27">
							<String ID="string_174" HPOS="203" VPOS="832" WIDTH="48" HEIGHT="19" WC="0.93" CONTENT="sina"/><SP WIDTH="23" VPOS="832" HPOS="251"/>
							<String ID="string_175" HPOS="274" VPOS="831" WIDTH="86" HEIGHT="26" WC="0.91" CONTENT="åsigter."/><SP WIDTH="31" VPOS="831" HPOS="360"/>
							<String ID="string_176" HPOS="391" VPOS="832" WIDTH="108" HEIGHT="19" WC="0.96" CONTENT="Utskottet"/><SP WIDTH="17" VPOS="832" HPOS="499"/>
							<String ID="string_177" HPOS="516" VPOS="832" WIDTH="39" HEIGHT="19" WC="0.96" CONTENT="har"/><SP WIDTH="15" VPOS="832" HPOS="555"/>
							<String ID="string_178" HPOS="570" VPOS="832" WIDTH="29" HEIGHT="19" WC="0.93" CONTENT="uti"/><SP WIDTH="17" VPOS="832" HPOS="599"/>
							<String ID="string_179" HPOS="616" VPOS="832" WIDTH="117" HEIGHT="20" WC="0.92" CONTENT="motiverna"/><SP WIDTH="15" VPOS="832" HPOS="733"/>
							<String ID="string_180" HPOS="748" VPOS="832" WIDTH="75" HEIGHT="19" WC="0.95" CONTENT="uttalat"/><SP WIDTH="17" VPOS="832" HPOS="823"/>
							<String ID="string_181" HPOS="840" VPOS="832" WIDTH="32" HEIGHT="26" WC="0.96" CONTENT="sig"/><SP WIDTH="16" VPOS="832" HPOS="872"/>
							<String ID="string_182" HPOS="888" VPOS="832" WIDTH="78" HEIGHT="23" WC="0.95" CONTENT="derom,"/>
						</TextLine>
						<TextLine ID="line_20" HPOS="203" VPOS="867" WIDTH="763" HEIGHT="25">
							<String ID="string_183" HPOS="203" VPOS="868" WIDTH="31" HEIGHT="18" WC="0.96" CONTENT="att"/><SP WIDTH="23" VPOS="868" HPOS="234"/>
							<String ID="string_184" HPOS="257" VPOS="867" WIDTH="36" HEIGHT="19" WC="0.96" CONTENT="det"/><SP WIDTH="22" VPOS="867" HPOS="293"/>
							<String ID="string_185" HPOS="315" VPOS="873" WIDTH="43" HEIGHT="19" WC="0.96" CONTENT="nya"/><SP WIDTH="23" VPOS="873" HPOS="358"/>
							<String ID="string_186" HPOS="381" VPOS="867" WIDTH="122" HEIGHT="19" WC="0.96" CONTENT="seminariet"/><SP WIDTH="22" VPOS="867" HPOS="503"/>
							<String ID="string_187" HPOS="525" VPOS="867" WIDTH="48" HEIGHT="19" WC="0.96" CONTENT="icke"/><SP WIDTH="24" VPOS="867" HPOS="573"/>
							<String ID="string_188" HPOS="597" VPOS="867" WIDTH="63" HEIGHT="19" WC="0.96" CONTENT="borde"/><SP WIDTH="20" VPOS="867" HPOS="660"/>
							<String ID="string_189" HPOS="680" VPOS="867" WIDTH="65" HEIGHT="19" WC="0.96" CONTENT="blifva"/><SP WIDTH="15" VPOS="867" HPOS="745"/>
							<String ID="string_190" HPOS="760" VPOS="869" WIDTH="29" HEIGHT="17" WC="0.96" CONTENT="ett"/><SP WIDTH="16" VPOS="869" HPOS="789"/>
							<String ID="string_191" HPOS="805" VPOS="868" WIDTH="97" HEIGHT="22" WC="0.96" CONTENT="internat,"/><SP WIDTH="16" VPOS="868" HPOS="902"/>
							<String ID="string_192" HPOS="918" VPOS="873" WIDTH="48" HEIGHT="13" WC="0.96" CONTENT="men"/>
						</TextLine>
						<TextLine ID="line_21" HPOS="202" VPOS="901" WIDTH="764" HEIGHT="26">
							<String ID="string_193" HPOS="202" VPOS="902" WIDTH="31" HEIGHT="18" WC="0.95" CONTENT="uti"/><SP WIDTH="24" VPOS="902" HPOS="233"/>
							<String ID="string_194" HPOS="257" VPOS="901" WIDTH="35" HEIGHT="19" WC="0.96" CONTENT="det"/><SP WIDTH="23" VPOS="901" HPOS="292"/>
							<String ID="string_195" HPOS="315" VPOS="902" WIDTH="22" HEIGHT="18" WC="0.96" CONTENT="af"/><SP WIDTH="19" VPOS="902" HPOS="337"/>
							<String ID="string_196" HPOS="356" VPOS="901" WIDTH="103" HEIGHT="19" WC="0.96" CONTENT="utskottet"/><SP WIDTH="23" VPOS="901" HPOS="459"/>
							<String ID="string_197" HPOS="482" VPOS="901" WIDTH="119" HEIGHT="25" WC="0.93" CONTENT="framlagda"/><SP WIDTH="16" VPOS="901" HPOS="601"/>
							<String ID="string_198" HPOS="617" VPOS="902" WIDTH="203" HEIGHT="25" WC="0.91" CONTENT="petitionsförslaget"/><SP WIDTH="15" VPOS="902" HPOS="820"/>
							<String ID="string_199" HPOS="835" VPOS="902" WIDTH="68" HEIGHT="18" WC="0.96" CONTENT="finnes"/><SP WIDTH="16" VPOS="902" HPOS="903"/>
							<String ID="string_200" HPOS="919" VPOS="902" WIDTH="47" HEIGHT="18" WC="0.96" CONTENT="icke"/>
						</TextLine>
						<TextLine ID="line_22" HPOS="203" VPOS="936" WIDTH="763" HEIGHT="25">
							<String ID="string_201" HPOS="203" VPOS="936" WIDTH="29" HEIGHT="18" WC="0.95" CONTENT="ett"/><SP WIDTH="24" VPOS="936" HPOS="232"/>
							<String ID="string_202" HPOS="256" VPOS="936" WIDTH="38" HEIGHT="18" WC="0.95" CONTENT="ord"/><SP WIDTH="22" VPOS="936" HPOS="294"/>
							<String ID="string_203" HPOS="316" VPOS="936" WIDTH="71" HEIGHT="19" WC="0.93" CONTENT="derom"/><SP WIDTH="22" VPOS="936" HPOS="387"/>
							<String ID="string_204" HPOS="409" VPOS="936" WIDTH="92" HEIGHT="19" WC="0.90" CONTENT="nämndt."/><SP WIDTH="32" VPOS="936" HPOS="501"/>
							<String ID="string_205" HPOS="533" VPOS="936" WIDTH="41" HEIGHT="18" WC="0.96" CONTENT="För"/><SP WIDTH="15" VPOS="936" HPOS="574"/>
							<String ID="string_206" HPOS="589" VPOS="936" WIDTH="44" HEIGHT="19" WC="0.96" CONTENT="min"/><SP WIDTH="14" VPOS="936" HPOS="633"/>
							<String ID="string_207" HPOS="647" VPOS="936" WIDTH="33" HEIGHT="19" WC="0.95" CONTENT="del"/><SP WIDTH="17" VPOS="936" HPOS="680"/>
							<String ID="string_208" HPOS="697" VPOS="936" WIDTH="68" HEIGHT="18" WC="0.96" CONTENT="skulle"/><SP WIDTH="13" VPOS="936" HPOS="765"/>
							<String ID="string_209" HPOS="778" VPOS="936" WIDTH="39" HEIGHT="25" WC="0.96" CONTENT="jag"/><SP WIDTH="15" VPOS="936" HPOS="817"/>
							<String ID="string_210" HPOS="832" VPOS="936" WIDTH="47" HEIGHT="19" WC="0.96" CONTENT="icke"/><SP WIDTH="16" VPOS="936" HPOS="879"/>
							<String ID="string_211" HPOS="895" VPOS="936" WIDTH="71" HEIGHT="19" WC="0.96" CONTENT="kunna"/>
						</TextLine>
						<TextLine ID="line_23" HPOS="204" VPOS="969" WIDTH="763" HEIGHT="26">
							<String ID="string_212" HPOS="204" VPOS="970" WIDTH="81" HEIGHT="19" WC="0.93" CONTENT="biträda"/><SP WIDTH="23" VPOS="970" HPOS="285"/>
							<String ID="string_213" HPOS="308" VPOS="970" WIDTH="121" HEIGHT="25" WC="0.91" CONTENT="petitionen,"/><SP WIDTH="23" VPOS="970" HPOS="429"/>
							<String ID="string_214" HPOS="452" VPOS="976" WIDTH="34" HEIGHT="13" WC="0.96" CONTENT="om"/><SP WIDTH="25" VPOS="976" HPOS="486"/>
							<String ID="string_215" HPOS="511" VPOS="970" WIDTH="47" HEIGHT="19" WC="0.96" CONTENT="med"/><SP WIDTH="21" VPOS="970" HPOS="558"/>
							<String ID="string_216" HPOS="579" VPOS="970" WIDTH="118" HEIGHT="19" WC="0.96" CONTENT="detsamma"/><SP WIDTH="16" VPOS="970" HPOS="697"/>
							<String ID="string_217" HPOS="713" VPOS="970" WIDTH="69" HEIGHT="19" WC="0.96" CONTENT="skulle"/><SP WIDTH="16" VPOS="970" HPOS="782"/>
							<String ID="string_218" HPOS="798" VPOS="969" WIDTH="78" HEIGHT="20" WC="0.96" CONTENT="förstås"/><SP WIDTH="15" VPOS="969" HPOS="876"/>
							<String ID="string_219" HPOS="891" VPOS="971" WIDTH="31" HEIGHT="18" WC="0.96" CONTENT="att"/><SP WIDTH="15" VPOS="971" HPOS="922"/>
							<String ID="string_220" HPOS="937" VPOS="971" WIDTH="30" HEIGHT="18" WC="0.96" CONTENT="ett"/>
						</TextLine>
						<TextLine ID="line_24" HPOS="203" VPOS="1003" WIDTH="764" HEIGHT="27">
							<String ID="string_221" HPOS="203" VPOS="1005" WIDTH="50" HEIGHT="24" WC="0.96" CONTENT="nytt"/><SP WIDTH="14" VPOS="1005" HPOS="253"/>
							<String ID="string_222" HPOS="267" VPOS="1004" WIDTH="92" HEIGHT="19" WC="0.96" CONTENT="internat"/><SP WIDTH="16" VPOS="1004" HPOS="359"/>
							<String ID="string_223" HPOS="375" VPOS="1003" WIDTH="109" HEIGHT="27" WC="0.95" CONTENT="åsyftades"/><SP WIDTH="16" VPOS="1003" HPOS="484"/>
							<String ID="string_224" HPOS="500" VPOS="1005" WIDTH="51" HEIGHT="18" WC="0.96" CONTENT="utan"/><SP WIDTH="17" VPOS="1005" HPOS="551"/>
							<String ID="string_225" HPOS="568" VPOS="1004" WIDTH="69" HEIGHT="19" WC="0.96" CONTENT="skulle"/><SP WIDTH="14" VPOS="1004" HPOS="637"/>
							<String ID="string_226" HPOS="651" VPOS="1004" WIDTH="39" HEIGHT="26" WC="0.95" CONTENT="jag"/><SP WIDTH="15" VPOS="1004" HPOS="690"/>
							<String ID="string_227" HPOS="705" VPOS="1010" WIDTH="52" HEIGHT="13" WC="0.95" CONTENT="anse"/><SP WIDTH="16" VPOS="1010" HPOS="757"/>
							<String ID="string_228" HPOS="773" VPOS="1004" WIDTH="35" HEIGHT="19" WC="0.93" CONTENT="det"/><SP WIDTH="16" VPOS="1004" HPOS="808"/>
							<String ID="string_229" HPOS="824" VPOS="1004" WIDTH="100" HEIGHT="26" WC="0.91" CONTENT="önskligt,"/><SP WIDTH="12" VPOS="1004" HPOS="924"/>
							<String ID="string_230" HPOS="936" VPOS="1006" WIDTH="31" HEIGHT="17" WC="0.96" CONTENT="att"/>
						</TextLine>
						<TextLine ID="line_25" HPOS="203" VPOS="1038" WIDTH="765" HEIGHT="20">
							<String ID="string_231" HPOS="203" VPOS="1044" WIDTH="49" HEIGHT="13" WC="0.96" CONTENT="man"/><SP WIDTH="19" VPOS="1044" HPOS="252"/>
							<String ID="string_232" HPOS="271" VPOS="1038" WIDTH="66" HEIGHT="20" WC="0.96" CONTENT="hellre"/><SP WIDTH="16" VPOS="1038" HPOS="337"/>
							<String ID="string_233" HPOS="353" VPOS="1038" WIDTH="61" HEIGHT="20" WC="0.96" CONTENT="sökte"/><SP WIDTH="16" VPOS="1038" HPOS="414"/>
							<String ID="string_234" HPOS="430" VPOS="1038" WIDTH="57" HEIGHT="19" WC="0.96" CONTENT="bilda"/><SP WIDTH="15" VPOS="1038" HPOS="487"/>
							<String ID="string_235" HPOS="502" VPOS="1040" WIDTH="30" HEIGHT="18" WC="0.96" CONTENT="ett"/><SP WIDTH="16" VPOS="1040" HPOS="532"/>
							<String ID="string_236" HPOS="548" VPOS="1039" WIDTH="67" HEIGHT="19" WC="0.96" CONTENT="större"/><SP WIDTH="16" VPOS="1039" HPOS="615"/>
							<String ID="string_237" HPOS="631" VPOS="1038" WIDTH="58" HEIGHT="20" WC="0.93" CONTENT="antal"/><SP WIDTH="15" VPOS="1038" HPOS="689"/>
							<String ID="string_238" HPOS="704" VPOS="1039" WIDTH="174" HEIGHT="19" WC="0.91" CONTENT="folkskolelärare"/><SP WIDTH="16" VPOS="1039" HPOS="878"/>
							<String ID="string_239" HPOS="894" VPOS="1040" WIDTH="26" HEIGHT="18" WC="0.96" CONTENT="än"/><SP WIDTH="16" VPOS="1040" HPOS="920"/>
							<String ID="string_240" HPOS="936" VPOS="1040" WIDTH="32" HEIGHT="18" WC="0.96" CONTENT="att"/>
						</TextLine>
						<TextLine ID="line_26" HPOS="203" VPOS="1066" WIDTH="764" HEIGHT="26">
							<String ID="string_241" HPOS="203" VPOS="1078" WIDTH="50" HEIGHT="14" WC="0.96" CONTENT="man"/><SP WIDTH="16" VPOS="1078" HPOS="253"/>
							<String ID="string_242" HPOS="269" VPOS="1072" WIDTH="68" HEIGHT="20" WC="0.96" CONTENT="skulle"/><SP WIDTH="16" VPOS="1072" HPOS="337"/>
							<String ID="string_243" HPOS="353" VPOS="1073" WIDTH="41" HEIGHT="19" WC="0.93" CONTENT="öka"/><SP WIDTH="15" VPOS="1073" HPOS="394"/>
							<String ID="string_244" HPOS="409" VPOS="1072" WIDTH="131" HEIGHT="20" WC="0.90" CONTENT="internernes"/><SP WIDTH="19" VPOS="1072" HPOS="540"/>
							<String ID="string_245" HPOS="559" VPOS="1073" WIDTH="64" HEIGHT="19" WC="0.96" CONTENT="antal."/><SP WIDTH="28" VPOS="1073" HPOS="623"/>
							<String ID="string_246" HPOS="651" VPOS="1066" WIDTH="136" HEIGHT="26" WC="0.96" CONTENT="Åtminstone"/><SP WIDTH="13" VPOS="1066" HPOS="787"/>
							<String ID="string_247" HPOS="800" VPOS="1073" WIDTH="64" HEIGHT="19" WC="0.96" CONTENT="borde"/><SP WIDTH="16" VPOS="1073" HPOS="864"/>
							<String ID="string_248" HPOS="880" VPOS="1074" WIDTH="29" HEIGHT="18" WC="0.91" CONTENT="ett"/><SP WIDTH="15" VPOS="1074" HPOS="909"/>
							<String ID="string_249" HPOS="924" VPOS="1074" WIDTH="43" HEIGHT="18" WC="0.91" CONTENT="för-"/>
						</TextLine>
						<TextLine ID="line_27" HPOS="204" VPOS="1106" WIDTH="763" HEIGHT="26">
							<String ID="string_250" HPOS="204" VPOS="1106" WIDTH="40" HEIGHT="20" WC="0.96" CONTENT="sök"/><SP WIDTH="18" VPOS="1106" HPOS="244"/>
							<String ID="string_251" HPOS="262" VPOS="1108" WIDTH="65" HEIGHT="24" WC="0.96" CONTENT="göras"/><SP WIDTH="15" VPOS="1108" HPOS="327"/>
							<String ID="string_252" HPOS="342" VPOS="1107" WIDTH="103" HEIGHT="19" WC="0.96" CONTENT="huruvida"/><SP WIDTH="16" VPOS="1107" HPOS="445"/>
							<String ID="string_253" HPOS="461" VPOS="1107" WIDTH="35" HEIGHT="19" WC="0.97" CONTENT="det"/><SP WIDTH="15" VPOS="1107" HPOS="496"/>
							<String ID="string_254" HPOS="511" VPOS="1107" WIDTH="48" HEIGHT="19" WC="0.96" CONTENT="icke"/><SP WIDTH="15" VPOS="1107" HPOS="559"/>
							<String ID="string_255" HPOS="574" VPOS="1113" WIDTH="50" HEIGHT="13" WC="0.96" CONTENT="vore"/><SP WIDTH="16" VPOS="1113" HPOS="624"/>
							<String ID="string_256" HPOS="640" VPOS="1107" WIDTH="81" HEIGHT="25" WC="0.96" CONTENT="nyttigt"/><SP WIDTH="16" VPOS="1107" HPOS="721"/>
							<String ID="string_257" HPOS="737" VPOS="1107" WIDTH="50" HEIGHT="19" WC="0.96" CONTENT="eller"/><SP WIDTH="16" VPOS="1107" HPOS="787"/>
							<String ID="string_258" HPOS="803" VPOS="1107" WIDTH="118" HEIGHT="20" WC="0.95" CONTENT="hälsosamt"/><SP WIDTH="15" VPOS="1107" HPOS="921"/>
							<String ID="string_259" HPOS="936" VPOS="1109" WIDTH="31" HEIGHT="17" WC="0.95" CONTENT="att"/>
						</TextLine>
						<TextLine ID="line_28" HPOS="203" VPOS="1140" WIDTH="763" HEIGHT="27">
							<String ID="string_260" HPOS="203" VPOS="1141" WIDTH="26" HEIGHT="19" WC="0.96" CONTENT="de"/><SP WIDTH="22" VPOS="1141" HPOS="229"/>
							<String ID="string_261" HPOS="251" VPOS="1141" WIDTH="56" HEIGHT="22" WC="0.96" CONTENT="män,"/><SP WIDTH="16" VPOS="1141" HPOS="307"/>
							<String ID="string_262" HPOS="323" VPOS="1147" WIDTH="46" HEIGHT="13" WC="0.96" CONTENT="som"/><SP WIDTH="16" VPOS="1147" HPOS="369"/>
							<String ID="string_263" HPOS="385" VPOS="1141" WIDTH="65" HEIGHT="19" WC="0.96" CONTENT="sedan"/><SP WIDTH="17" VPOS="1141" HPOS="450"/>
							<String ID="string_264" HPOS="467" VPOS="1140" WIDTH="72" HEIGHT="20" WC="0.96" CONTENT="såsom"/><SP WIDTH="15" VPOS="1140" HPOS="539"/>
							<String ID="string_265" HPOS="554" VPOS="1141" WIDTH="162" HEIGHT="20" WC="0.96" CONTENT="folkskollärare"/><SP WIDTH="16" VPOS="1141" HPOS="716"/>
							<String ID="string_266" HPOS="732" VPOS="1141" WIDTH="60" HEIGHT="20" WC="0.96" CONTENT="skola"/><SP WIDTH="16" VPOS="1141" HPOS="792"/>
							<String ID="string_267" HPOS="808" VPOS="1141" WIDTH="34" HEIGHT="20" WC="0.93" CONTENT="stå"/><SP WIDTH="15" VPOS="1141" HPOS="842"/>
							<String ID="string_268" HPOS="857" VPOS="1141" WIDTH="109" HEIGHT="26" WC="0.89" CONTENT="sjelfstän-"/>
						</TextLine>
						<TextLine ID="line_29" HPOS="203" VPOS="1175" WIDTH="763" HEIGHT="26">
							<String ID="string_269" HPOS="203" VPOS="1175" WIDTH="51" HEIGHT="26" WC="0.92" CONTENT="diga"/><SP WIDTH="23" VPOS="1175" HPOS="254"/>
							<String ID="string_270" HPOS="277" VPOS="1175" WIDTH="31" HEIGHT="19" WC="0.96" CONTENT="uti"/><SP WIDTH="23" VPOS="1175" HPOS="308"/>
							<String ID="string_271" HPOS="331" VPOS="1175" WIDTH="40" HEIGHT="20" WC="0.96" CONTENT="den"/><SP WIDTH="23" VPOS="1175" HPOS="371"/>
							<String ID="string_272" HPOS="394" VPOS="1175" WIDTH="100" HEIGHT="20" WC="0.96" CONTENT="kommun"/><SP WIDTH="24" VPOS="1175" HPOS="494"/>
							<String ID="string_273" HPOS="518" VPOS="1175" WIDTH="26" HEIGHT="20" WC="0.96" CONTENT="de"/><SP WIDTH="18" VPOS="1175" HPOS="544"/>
							<String ID="string_274" HPOS="562" VPOS="1175" WIDTH="86" HEIGHT="20" WC="0.95" CONTENT="komma"/><SP WIDTH="16" VPOS="1175" HPOS="648"/>
							<String ID="string_275" HPOS="664" VPOS="1177" WIDTH="31" HEIGHT="18" WC="0.95" CONTENT="att"/><SP WIDTH="14" VPOS="1177" HPOS="695"/>
							<String ID="string_276" HPOS="709" VPOS="1176" WIDTH="92" HEIGHT="23" WC="0.96" CONTENT="tillhöra,"/><SP WIDTH="16" VPOS="1176" HPOS="801"/>
							<String ID="string_277" HPOS="817" VPOS="1176" WIDTH="61" HEIGHT="19" WC="0.96" CONTENT="skola"/><SP WIDTH="16" VPOS="1176" HPOS="878"/>
							<String ID="string_278" HPOS="894" VPOS="1175" WIDTH="72" HEIGHT="20" WC="0.95" CONTENT="såsom"/>
						</TextLine>
						<TextLine ID="line_30" HPOS="202" VPOS="1209" WIDTH="765" HEIGHT="26">
							<String ID="string_279" HPOS="202" VPOS="1209" WIDTH="39" HEIGHT="20" WC="0.92" CONTENT="frie"/><SP WIDTH="23" VPOS="1209" HPOS="241"/>
							<String ID="string_280" HPOS="264" VPOS="1210" WIDTH="50" HEIGHT="19" WC="0.96" CONTENT="män"/><SP WIDTH="23" VPOS="1210" HPOS="314"/>
							<String ID="string_281" HPOS="337" VPOS="1210" WIDTH="52" HEIGHT="25" WC="0.94" CONTENT="göra"/><SP WIDTH="23" VPOS="1210" HPOS="389"/>
							<String ID="string_282" HPOS="412" VPOS="1210" WIDTH="46" HEIGHT="19" WC="0.95" CONTENT="sina"/><SP WIDTH="21" VPOS="1210" HPOS="458"/>
							<String ID="string_283" HPOS="479" VPOS="1210" WIDTH="87" HEIGHT="23" WC="0.95" CONTENT="studier,"/><SP WIDTH="19" VPOS="1210" HPOS="566"/>
							<String ID="string_284" HPOS="585" VPOS="1210" WIDTH="40" HEIGHT="19" WC="0.97" CONTENT="och"/><SP WIDTH="16" VPOS="1210" HPOS="625"/>
							<String ID="string_285" HPOS="641" VPOS="1210" WIDTH="46" HEIGHT="19" WC="0.96" CONTENT="icke"/><SP WIDTH="16" VPOS="1210" HPOS="687"/>
							<String ID="string_286" HPOS="703" VPOS="1211" WIDTH="30" HEIGHT="18" WC="0.96" CONTENT="uti"/><SP WIDTH="16" VPOS="1211" HPOS="733"/>
							<String ID="string_287" HPOS="749" VPOS="1216" WIDTH="26" HEIGHT="13" WC="0.96" CONTENT="en"/><SP WIDTH="16" VPOS="1216" HPOS="775"/>
							<String ID="string_288" HPOS="791" VPOS="1210" WIDTH="123" HEIGHT="25" WC="0.95" CONTENT="inrättning,"/><SP WIDTH="16" VPOS="1210" HPOS="914"/>
							<String ID="string_289" HPOS="930" VPOS="1210" WIDTH="37" HEIGHT="19" WC="0.96" CONTENT="der"/>
						</TextLine>
						<TextLine ID="line_31" HPOS="202" VPOS="1243" WIDTH="764" HEIGHT="26">
							<String ID="string_290" HPOS="202" VPOS="1243" WIDTH="75" HEIGHT="26" WC="0.96" CONTENT="hvarje"/><SP WIDTH="16" VPOS="1243" HPOS="277"/>
							<String ID="string_291" HPOS="293" VPOS="1245" WIDTH="53" HEIGHT="24" WC="0.96" CONTENT="steg,"/><SP WIDTH="17" VPOS="1245" HPOS="346"/>
							<String ID="string_292" HPOS="363" VPOS="1250" WIDTH="46" HEIGHT="13" WC="0.96" CONTENT="som"/><SP WIDTH="16" VPOS="1250" HPOS="409"/>
							<String ID="string_293" HPOS="425" VPOS="1244" WIDTH="25" HEIGHT="19" WC="0.96" CONTENT="de"/><SP WIDTH="15" VPOS="1244" HPOS="450"/>
							<String ID="string_294" HPOS="465" VPOS="1246" WIDTH="56" HEIGHT="23" WC="0.93" CONTENT="taga,"/><SP WIDTH="16" VPOS="1246" HPOS="521"/>
							<String ID="string_295" HPOS="537" VPOS="1244" WIDTH="59" HEIGHT="19" WC="0.93" CONTENT="ledes"/><SP WIDTH="16" VPOS="1244" HPOS="596"/>
							<String ID="string_296" HPOS="612" VPOS="1244" WIDTH="41" HEIGHT="19" WC="0.93" CONTENT="och"/><SP WIDTH="15" VPOS="1244" HPOS="653"/>
							<String ID="string_297" HPOS="668" VPOS="1245" WIDTH="125" HEIGHT="18" WC="0.91" CONTENT="öfvervakas"/><SP WIDTH="15" VPOS="1245" HPOS="793"/>
							<String ID="string_298" HPOS="808" VPOS="1245" WIDTH="41" HEIGHT="18" WC="0.96" CONTENT="och"/><SP WIDTH="16" VPOS="1245" HPOS="849"/>
							<String ID="string_299" HPOS="865" VPOS="1245" WIDTH="37" HEIGHT="18" WC="0.91" CONTENT="der"/><SP WIDTH="16" VPOS="1245" HPOS="902"/>
							<String ID="string_300" HPOS="918" VPOS="1244" WIDTH="48" HEIGHT="19" WC="0.91" CONTENT="allt-"/>
						</TextLine>
						<TextLine ID="line_32" HPOS="202" VPOS="1278" WIDTH="764" HEIGHT="26">
							<String ID="string_301" HPOS="202" VPOS="1278" WIDTH="33" HEIGHT="19" WC="0.96" CONTENT="för"/><SP WIDTH="22" VPOS="1278" HPOS="235"/>
							<String ID="string_302" HPOS="257" VPOS="1278" WIDTH="40" HEIGHT="19" WC="0.96" CONTENT="lätt"/><SP WIDTH="23" VPOS="1278" HPOS="297"/>
							<String ID="string_303" HPOS="320" VPOS="1285" WIDTH="26" HEIGHT="12" WC="0.95" CONTENT="en"/><SP WIDTH="18" VPOS="1285" HPOS="346"/>
							<String ID="string_304" HPOS="364" VPOS="1278" WIDTH="51" HEIGHT="19" WC="0.96" CONTENT="eller"/><SP WIDTH="16" VPOS="1278" HPOS="415"/>
							<String ID="string_305" HPOS="431" VPOS="1284" WIDTH="69" HEIGHT="13" WC="0.93" CONTENT="annan"/><SP WIDTH="16" VPOS="1284" HPOS="500"/>
							<String ID="string_306" HPOS="516" VPOS="1279" WIDTH="149" HEIGHT="25" WC="0.92" CONTENT="missrigtning"/><SP WIDTH="16" VPOS="1279" HPOS="665"/>
							<String ID="string_307" HPOS="681" VPOS="1279" WIDTH="41" HEIGHT="19" WC="0.93" CONTENT="kan"/><SP WIDTH="16" VPOS="1279" HPOS="722"/>
							<String ID="string_308" HPOS="738" VPOS="1279" WIDTH="100" HEIGHT="25" WC="0.92" CONTENT="insmyga"/><SP WIDTH="16" VPOS="1279" HPOS="838"/>
							<String ID="string_309" HPOS="854" VPOS="1280" WIDTH="40" HEIGHT="24" WC="0.95" CONTENT="sig."/><SP WIDTH="30" VPOS="1280" HPOS="894"/>
							<String ID="string_310" HPOS="924" VPOS="1279" WIDTH="42" HEIGHT="25" WC="0.96" CONTENT="Jag"/>
						</TextLine>
						<TextLine ID="line_33" HPOS="202" VPOS="1311" WIDTH="764" HEIGHT="28">
							<String ID="string_311" HPOS="202" VPOS="1311" WIDTH="37" HEIGHT="20" WC="0.96" CONTENT="vill"/><SP WIDTH="12" VPOS="1311" HPOS="239"/>
							<String ID="string_312" HPOS="251" VPOS="1312" WIDTH="86" HEIGHT="19" WC="0.96" CONTENT="dermed"/><SP WIDTH="10" VPOS="1312" HPOS="337"/>
							<String ID="string_313" HPOS="347" VPOS="1312" WIDTH="48" HEIGHT="19" WC="0.96" CONTENT="icke"/><SP WIDTH="13" VPOS="1312" HPOS="395"/>
							<String ID="string_314" HPOS="408" VPOS="1313" WIDTH="58" HEIGHT="24" WC="0.96" CONTENT="säga,"/><SP WIDTH="12" VPOS="1313" HPOS="466"/>
							<String ID="string_315" HPOS="478" VPOS="1314" WIDTH="30" HEIGHT="17" WC="0.96" CONTENT="att"/><SP WIDTH="16" VPOS="1314" HPOS="508"/>
							<String ID="string_316" HPOS="524" VPOS="1311" WIDTH="77" HEIGHT="21" WC="0.96" CONTENT="sådant"/><SP WIDTH="16" VPOS="1311" HPOS="601"/>
							<String ID="string_317" HPOS="617" VPOS="1313" WIDTH="69" HEIGHT="19" WC="0.96" CONTENT="skulle"/><SP WIDTH="15" VPOS="1313" HPOS="686"/>
							<String ID="string_318" HPOS="701" VPOS="1319" WIDTH="50" HEIGHT="13" WC="0.96" CONTENT="vara"/><SP WIDTH="15" VPOS="1319" HPOS="751"/>
							<String ID="string_319" HPOS="766" VPOS="1313" WIDTH="59" HEIGHT="19" WC="0.96" CONTENT="fallet"/><SP WIDTH="16" VPOS="1313" HPOS="825"/>
							<String ID="string_320" HPOS="841" VPOS="1313" WIDTH="30" HEIGHT="19" WC="0.93" CONTENT="uti"/><SP WIDTH="16" VPOS="1313" HPOS="871"/>
							<String ID="string_321" HPOS="887" VPOS="1313" WIDTH="79" HEIGHT="26" WC="0.92" CONTENT="Jyväs-"/>
						</TextLine>
						<TextLine ID="line_34" HPOS="202" VPOS="1346" WIDTH="764" HEIGHT="27">
							<String ID="string_322" HPOS="202" VPOS="1346" WIDTH="53" HEIGHT="26" WC="0.92" CONTENT="kylä"/><SP WIDTH="24" VPOS="1346" HPOS="255"/>
							<String ID="string_323" HPOS="279" VPOS="1347" WIDTH="145" HEIGHT="24" WC="0.96" CONTENT="seminarium;"/><SP WIDTH="21" VPOS="1347" HPOS="424"/>
							<String ID="string_324" HPOS="445" VPOS="1346" WIDTH="39" HEIGHT="26" WC="0.95" CONTENT="jag"/><SP WIDTH="15" VPOS="1346" HPOS="484"/>
							<String ID="string_325" HPOS="499" VPOS="1347" WIDTH="82" HEIGHT="20" WC="0.96" CONTENT="känner"/><SP WIDTH="15" VPOS="1347" HPOS="581"/>
							<String ID="string_326" HPOS="596" VPOS="1347" WIDTH="47" HEIGHT="20" WC="0.96" CONTENT="icke"/><SP WIDTH="16" VPOS="1347" HPOS="643"/>
							<String ID="string_327" HPOS="659" VPOS="1347" WIDTH="121" HEIGHT="20" WC="0.96" CONTENT="seminariet"/><SP WIDTH="15" VPOS="1347" HPOS="780"/>
							<String ID="string_328" HPOS="795" VPOS="1347" WIDTH="125" HEIGHT="26" WC="0.96" CONTENT="tillräckligt"/><SP WIDTH="14" VPOS="1347" HPOS="920"/>
							<String ID="string_329" HPOS="934" VPOS="1348" WIDTH="32" HEIGHT="19" WC="0.96" CONTENT="för"/>
						</TextLine>
						<TextLine ID="line_35" HPOS="202" VPOS="1379" WIDTH="764" HEIGHT="28">
							<String ID="string_330" HPOS="202" VPOS="1381" WIDTH="31" HEIGHT="18" WC="0.96" CONTENT="att"/><SP WIDTH="10" VPOS="1381" HPOS="233"/>
							<String ID="string_331" HPOS="243" VPOS="1381" WIDTH="73" HEIGHT="19" WC="0.96" CONTENT="kunna"/><SP WIDTH="15" VPOS="1381" HPOS="316"/>
							<String ID="string_332" HPOS="331" VPOS="1379" WIDTH="61" HEIGHT="27" WC="0.96" CONTENT="påstå"/><SP WIDTH="16" VPOS="1379" HPOS="392"/>
							<String ID="string_333" HPOS="408" VPOS="1379" WIDTH="65" HEIGHT="27" WC="0.96" CONTENT="något"/><SP WIDTH="15" VPOS="1379" HPOS="473"/>
							<String ID="string_334" HPOS="488" VPOS="1380" WIDTH="85" HEIGHT="25" WC="0.96" CONTENT="sådant;"/><SP WIDTH="16" VPOS="1380" HPOS="573"/>
							<String ID="string_335" HPOS="589" VPOS="1388" WIDTH="49" HEIGHT="13" WC="0.96" CONTENT="men"/><SP WIDTH="13" VPOS="1388" HPOS="638"/>
							<String ID="string_336" HPOS="651" VPOS="1382" WIDTH="39" HEIGHT="25" WC="0.96" CONTENT="jag"/><SP WIDTH="15" VPOS="1382" HPOS="690"/>
							<String ID="string_337" HPOS="705" VPOS="1382" WIDTH="82" HEIGHT="19" WC="0.96" CONTENT="befarar"/><SP WIDTH="15" VPOS="1382" HPOS="787"/>
							<String ID="string_338" HPOS="802" VPOS="1383" WIDTH="31" HEIGHT="18" WC="0.96" CONTENT="att"/><SP WIDTH="15" VPOS="1383" HPOS="833"/>
							<String ID="string_339" HPOS="848" VPOS="1382" WIDTH="35" HEIGHT="19" WC="0.96" CONTENT="det"/><SP WIDTH="15" VPOS="1382" HPOS="883"/>
							<String ID="string_340" HPOS="898" VPOS="1381" WIDTH="68" HEIGHT="26" WC="0.96" CONTENT="ligger"/>
						</TextLine>
						<TextLine ID="line_36" HPOS="202" VPOS="1414" WIDTH="764" HEIGHT="28">
							<String ID="string_341" HPOS="202" VPOS="1414" WIDTH="7" HEIGHT="19" WC="0.96" CONTENT="i"/><SP WIDTH="24" VPOS="1414" HPOS="209"/>
							<String ID="string_342" HPOS="233" VPOS="1415" WIDTH="76" HEIGHT="25" WC="0.93" CONTENT="sjelfva"/><SP WIDTH="23" VPOS="1415" HPOS="309"/>
							<String ID="string_343" HPOS="332" VPOS="1415" WIDTH="124" HEIGHT="20" WC="0.91" CONTENT="internatets"/><SP WIDTH="24" VPOS="1415" HPOS="456"/>
							<String ID="string_344" HPOS="480" VPOS="1417" WIDTH="61" HEIGHT="18" WC="0.96" CONTENT="natur"/><SP WIDTH="22" VPOS="1417" HPOS="541"/>
							<String ID="string_345" HPOS="563" VPOS="1415" WIDTH="66" HEIGHT="26" WC="0.96" CONTENT="något"/><SP WIDTH="16" VPOS="1415" HPOS="629"/>
							<String ID="string_346" HPOS="645" VPOS="1422" WIDTH="52" HEIGHT="17" WC="0.96" CONTENT="som,"/><SP WIDTH="16" VPOS="1422" HPOS="697"/>
							<String ID="string_347" HPOS="713" VPOS="1422" WIDTH="35" HEIGHT="13" WC="0.95" CONTENT="om"/><SP WIDTH="16" VPOS="1422" HPOS="748"/>
							<String ID="string_348" HPOS="764" VPOS="1416" WIDTH="103" HEIGHT="26" WC="0.93" CONTENT="tillsynen"/><SP WIDTH="15" VPOS="1416" HPOS="867"/>
							<String ID="string_349" HPOS="882" VPOS="1416" WIDTH="84" HEIGHT="19" WC="0.92" CONTENT="utöfvas"/>
						</TextLine>
						<TextLine ID="line_37" HPOS="203" VPOS="1449" WIDTH="764" HEIGHT="26">
							<String ID="string_350" HPOS="203" VPOS="1449" WIDTH="23" HEIGHT="18" WC="0.96" CONTENT="af"/><SP WIDTH="15" VPOS="1449" HPOS="226"/>
							<String ID="string_351" HPOS="241" VPOS="1455" WIDTH="26" HEIGHT="13" WC="0.96" CONTENT="en"/><SP WIDTH="24" VPOS="1455" HPOS="267"/>
							<String ID="string_352" HPOS="291" VPOS="1449" WIDTH="86" HEIGHT="26" WC="0.96" CONTENT="ängslig"/><SP WIDTH="15" VPOS="1449" HPOS="377"/>
							<String ID="string_353" HPOS="392" VPOS="1449" WIDTH="67" HEIGHT="20" WC="0.96" CONTENT="lärare"/><SP WIDTH="16" VPOS="1449" HPOS="459"/>
							<String ID="string_354" HPOS="475" VPOS="1449" WIDTH="41" HEIGHT="20" WC="0.96" CONTENT="och"/><SP WIDTH="15" VPOS="1449" HPOS="516"/>
							<String ID="string_355" HPOS="531" VPOS="1450" WIDTH="115" HEIGHT="25" WC="0.96" CONTENT="ledningen"/><SP WIDTH="17" VPOS="1450" HPOS="646"/>
							<String ID="string_356" HPOS="663" VPOS="1450" WIDTH="46" HEIGHT="19" WC="0.96" CONTENT="icke"/><SP WIDTH="16" VPOS="1450" HPOS="709"/>
							<String ID="string_357" HPOS="725" VPOS="1451" WIDTH="23" HEIGHT="18" WC="0.96" CONTENT="är"/><SP WIDTH="16" VPOS="1451" HPOS="748"/>
							<String ID="string_358" HPOS="764" VPOS="1451" WIDTH="40" HEIGHT="18" WC="0.93" CONTENT="den"/><SP WIDTH="16" VPOS="1451" HPOS="804"/>
							<String ID="string_359" HPOS="820" VPOS="1450" WIDTH="147" HEIGHT="23" WC="0.91" CONTENT="utmärktaste,"/>
						</TextLine>
					</TextBlock>
				</ComposedBlock>
			</PrintSpace>
		</Page>
	</Layout>
</alto>
