1109 1817
441 162 39 18 Den
493 162 23 18 29
528 162 42 22 Maj.
821 163 44 17 1657

125 222 80 19 rörelse
220 223 56 18 samt
291 220 160 23 löneförmåner,
467 221 89 26 pension
572 221 51 19 eller
638 221 65 19 andra
719 220 122 27 tillgångar,
852 227 35 13 om

125 256 43 19 han
191 262 50 19 eger
263 255 42 20 alla
328 256 63 19 dessa
414 254 111 24 förmåner,
549 255 56 19 skall
628 255 77 26 läggas
724 255 33 20 till
771 255 70 26 grund
856 256 32 19 för

127 290 169 25 beskattningen.
320 290 55 25 Eger
389 297 26 12 en
431 296 76 20 person
522 290 53 19 blott
590 289 41 20 hus
646 289 41 20 och
697 291 53 18 tomt
761 291 56 18 samt
827 289 60 20 idkar

128 325 81 25 näring,
226 325 37 19 bör
278 324 42 19 han
336 323 81 20 åsättas
433 325 109 18 skattören
557 324 41 19 och
614 324 87 26 erlägga
712 324 61 26 afgift
783 325 53 18 efter
846 324 40 19 den

127 359 161 26 sammanlagda
303 359 121 19 inkomsten
439 359 23 18 af
475 359 55 19 dem.
554 359 9 18 I
576 358 51 26 följd
639 358 63 20 häraf
710 357 67 21 håller
785 359 40 25 jag
836 359 50 22 före,

126 394 32 18 att
166 393 138 20 redaktionen
320 393 23 19 af
355 392 15 27 &
381 393 33 23 56,
425 393 47 19 icke
483 393 23 19 är
514 393 48 19 fullt
572 393 151 23 betecknande,
731 395 51 17 utan
791 393 49 19 ville
848 393 40 25 jag

126 427 6 19 i
148 427 50 20 dess
214 427 63 20 ställe
291 427 118 26 framlägga
424 427 94 26 följande
533 427 214 26 redaktionsförslag:
763 427 123 23 ,skattören

126 460 84 27 påföras
233 462 32 19 för
287 461 160 26 sammanlagda
469 461 122 20 inkomsten
613 462 23 19 af
652 461 94 26 följande
761 463 31 18 tre
808 461 78 20 titlar*.

126 496 61 19 Hvad
210 495 45 20 åter
279 496 97 19 beträffar
392 496 40 19 den
447 495 194 26 omständigheten,
657 497 31 18 att
703 496 40 19 den
759 496 79 19 minsta
854 496 32 18 in-

126 530 77 23 komst,
225 531 32 18 för
279 530 86 20 hvilken
388 531 57 19 skatt
468 530 70 19 kunde
553 531 94 25 utgöras,
673 530 68 19 skulle
757 529 84 26 påföras
857 531 29 18 ett

126 565 102 22 skattöre,
244 564 78 20 tillåter
334 565 39 25 jag
385 565 44 25 mig
440 565 72 19 derom
524 564 62 20 hafva
597 571 26 13 en
635 571 69 13 annan
716 563 62 27 åsigt.
795 564 38 20 Om
845 564 41 19 den

126 599 78 19 minsta
225 599 121 20 inkomsten
369 599 101 26 belägges
490 599 48 19 med
555 601 30 17 ett
601 599 100 23 skattöre,
717 598 68 20 måste
801 599 34 20 väl
850 599 36 18 det

125 635 96 18 närmast
242 634 65 25 högre
329 635 167 25 skattebeloppet
516 633 50 27 utgå
581 635 52 19 efter
648 633 36 20 två
700 634 115 19 skattören.
845 633 41 20 För

126 668 25 18 de
172 668 81 19 mindre
269 669 122 19 bemedlade
407 669 141 19 folklasserna
563 669 23 19 är
601 668 118 20 emellertid
734 668 74 25 hvarje
823 667 62 25 utgift

124 702 141 26 betungande,
288 702 110 20 hvaremot
419 702 140 20 förhållandet
582 703 47 19 med
653 703 40 19 den
713 702 134 25 förmögnare
862 702 24 18 är

124 734 66 28 något
211 737 137 19 annorlunda.
378 737 47 19 Med
441 738 100 18 afseende
557 736 51 20 härå
623 737 40 19 och
679 738 32 18 för
726 738 30 18 att
771 736 47 20 icke
833 736 52 25 göra

125 770 112 20 skilnaden
253 771 6 19 i
275 771 57 19 skatt
344 772 31 18 för
391 772 25 18 de
432 772 82 19 mindre
528 772 123 19 bemedlade
663 770 24 20 så
697 772 50 22 stor,
759 769 79 21 tillåter
846 770 39 25 jag

124 805 45 25 mig
184 804 78 20 föreslå
277 807 31 17 att
323 806 40 19 den
379 806 78 19 minsta
467 806 100 22 inkomst,
578 812 46 13 som
637 806 41 18 kan
689 805 116 23 beskattas,
816 804 69 20 skulle

124 838 85 26 påföras
232 840 47 25 fyra
302 840 115 22 skattören,
437 840 41 20 den
494 846 47 14 som
557 840 90 19 derefter
662 839 62 25 följer
739 840 42 18 fem
797 845 18 13 o.
831 845 18 13 s.
864 845 20 13 v.

124 872 63 20 Detta
210 874 81 26 förslag
313 874 92 26 grundar
425 875 39 25 jag
486 873 27 27 på
536 874 40 20 den
592 874 139 26 uppfattning,
748 880 46 13 som
810 873 74 19 bevill-

124 907 168 26 ningsutskottet
313 911 70 17 ansett
405 915 50 13 vara
475 909 41 19 den
531 909 82 25 vigtiga
627 908 36 19 vid
678 908 170 20 bestämmandet
863 908 23 18 af

124 942 245 26 inkomstbevillningen.
399 942 110 20 Utskottet
523 942 39 20 har
578 944 70 18 ansett
663 944 31 18 att
709 949 26 12 en
743 948 82 20 person,
838 948 45 13 som

123 976 48 19 icke
193 976 39 20 har
255 983 43 13 mer
321 978 27 18 än
371 977 42 20 300
433 977 72 19 marks
521 976 54 26 årlig
590 977 99 23 inkomst,
705 977 47 19 icke
768 976 63 20 borde
847 976 37 20 be-

124 1010 89 23 skattas,
232 1011 6 19 i
255 1013 25 17 st.
296 1012 31 18 för
343 1013 31 17 att
389 1012 110 19 minimum
515 1012 31 18 för
557 1011 142 26 bevillningen
711 1011 31 19 för
753 1010 130 20 närvarande

123 1045 23 19 är
166 1044 43 20 500
231 1046 70 18 marks
323 1044 54 27 årlig
399 1046 100 19 inkomst.
530 1045 109 20 Utskottet
661 1044 88 20 föreslår
765 1045 72 23 sedan,
853 1046 30 18 att

123 1079 32 19 för
175 1079 73 26 hvarje
274 1080 38 20 100
335 1080 66 23 mark,
424 1080 101 19 hvarmed
541 1080 40 18 den
597 1078 68 27 årliga
679 1080 121 19 inkomsten
816 1080 66 18 öfver-

123 1113 67 25 stiger
212 1113 41 20 300
276 1114 59 19 mark
356 1114 81 20 betalas
453 1120 26 13 en
495 1114 44 19 viss
555 1116 93 23 procent,
664 1114 87 19 hvilken
766 1114 54 19 dock
836 1114 47 18 icke

123 1147 57 19 ännu
204 1147 67 20 blifvit
293 1148 103 19 bestämd.
427 1148 9 19 I
459 1147 87 26 Sverige
566 1149 23 18 är
604 1147 141 20 förhållandet
760 1146 77 21 sådant
852 1149 30 18 att

123 1181 52 20 hvar
197 1182 41 19 och
261 1189 32 16 en,
316 1182 98 19 hvilkens
430 1181 67 27 årliga
513 1182 94 19 inkomst
621 1182 133 25 understiger
769 1181 42 20 400
827 1181 55 20 riks-

123 1215 58 20 daler
204 1216 47 19 icke
273 1217 80 19 betalar
375 1217 115 25 bevillning
506 1216 39 20 och
561 1218 31 17 att
607 1216 52 19 hvar
673 1216 40 19 och
729 1223 26 12 en
771 1216 62 19 hvars
850 1216 31 19 in-

123 1250 71 19 komst
210 1251 133 25 understiger
361 1250 60 23 1,800
436 1250 104 20 riksdaler
555 1251 23 18 är
593 1251 25 18 fri
634 1251 31 19 för
680 1250 41 20 300
737 1251 60 18 mark
810 1251 23 18 af
841 1250 39 19 den

122 1290 91 17 summa,
235 1285 84 19 hvartill
342 1285 54 19 hans
419 1284 67 26 årliga
504 1285 95 19 inkomst
620 1285 86 25 belöper
729 1285 40 25 sig.
800 1284 80 20 Genom

122 1319 58 18 detta
201 1319 191 26 tillämpningssätt
415 1319 73 19 vinner
510 1325 50 13 man
578 1321 30 17 ett
621 1319 97 24 jemnare
734 1319 100 19 skattetal
850 1319 32 19 för

122 1353 26 18 de
169 1353 81 20 mindre
272 1353 129 20 bemedlade.
432 1353 9 19 I
463 1359 82 13 samma
567 1347 98 32 syftning
687 1354 22 19 är
732 1353 35 20 det
782 1359 47 14 som
841 1353 40 26 jag

121 1387 57 19 velat
201 1387 84 22 föreslå,
307 1389 31 18 att
361 1388 40 19 den
419 1388 78 19 minsta
513 1387 121 20 inkomsten
649 1388 48 19 icke
713 1387 68 20 skulle
796 1387 84 26 påföras

121 1424 36 21 ett,
181 1423 50 18 utan
255 1423 46 25 fyra
325 1422 107 19 skattören
455 1422 40 19 och
519 1422 65 19 sedan
600 1423 6 18 i
622 1423 91 25 ordning
728 1422 19 23 5,
763 1422 12 19 6
792 1429 18 13 o.
827 1429 17 12 s.
860 1429 20 13 v.

120 1455 90 26 Följden
231 1456 62 19 häraf
315 1456 68 19 skulle
406 1456 64 19 blifva
493 1458 30 17 att
546 1456 26 19 de
588 1456 81 20 mindre
684 1456 124 20 bemedlade
823 1457 57 25 finge
