1109 1817
461 157 39 17 Den
513 157 22 18 25
548 157 42 22 Maj.
838 157 44 18 1541

144 216 24 19 af
188 215 130 26 fastigheter,
340 216 41 19 och
403 215 102 20 särskildt
526 214 81 21 sådana
630 214 27 27 pä
678 215 80 23 landet,
782 214 25 21 sä
829 216 24 19 är
873 216 37 19 det

144 251 68 22 äfven,
236 249 27 20 dä
287 256 49 13 man
351 250 7 19 i
374 249 117 20 allmänhet
507 249 48 20 icke
570 249 43 20 kan
629 255 52 14 anse
697 249 34 20 det
744 256 51 13 vara
809 249 100 27 lämpligt

143 285 33 19 för
191 291 26 13 en
234 284 161 20 stadskommun
411 286 31 17 att
456 285 80 19 befatta
552 284 34 26 sig
601 284 49 19 med
663 284 109 25 jordbruk,
788 285 68 19 bättre
876 285 32 19 att

144 319 71 19 denna
237 317 60 27 fräga
319 318 117 19 behandlas
459 319 22 18 af
501 318 116 20 förstärkta
637 318 141 26 fullmäktige.
807 319 43 26 Jag
864 319 44 19 för-

144 353 63 20 ordar
222 352 146 21 bibehällande
384 353 23 19 af
419 351 15 28 &
450 352 34 20 25.

214 387 52 20 Herr
289 387 168 26 Tengström:
488 387 50 19 Icke
561 393 43 19 nog
627 387 92 23 dermed,
741 388 32 18 att
795 387 70 20 denna
887 386 21 27 8,

144 421 74 21 säsom
233 423 56 18 förut
303 422 68 19 blifvit
386 421 103 23 anmärkt,
506 420 44 21 stär
565 421 7 19 i
588 421 53 19 strid
656 421 48 20 med
715 421 41 20 den
766 421 142 26 grundtanke,

144 463 47 13 som
217 455 117 27 genomgär
358 456 49 19 hela
427 455 109 26 förslaget,
557 455 108 26 nemligen
687 456 119 19 förtroende
829 455 33 20 till
882 456 26 19 de

144 490 63 20 valda
223 490 199 25 stadsfullmäktige,
439 491 50 18 utan
505 496 84 13 samma
604 489 33 27 &:s
654 490 83 19 tillvaro
753 491 76 19 strider
852 491 57 19 ännu

144 524 70 20 dertill
238 526 43 18 mot
301 527 30 17 ett
346 525 74 22 beslut,
445 531 47 13 som
515 523 90 21 Ständet
624 525 61 18 fattat
700 524 35 19 vid
751 524 158 27 behandlingen

144 559 24 19 af
181 558 14 27 &
213 558 32 20 16.
276 559 77 20 Dervid
368 559 75 24 gjorde
459 559 35 26 sig
509 559 108 25 nemligen
633 559 40 19 den
690 557 57 27 äsigt
760 559 106 26 gällande,
878 560 31 18 att

145 593 36 20 det
203 593 18 25 ej
243 599 50 14 vore
314 593 103 26 behöfligt
431 593 32 20 för
479 593 197 26 stadsfullmäktige
691 595 31 17 att
737 593 95 20 inhemta
847 593 61 20 kom-

144 633 91 14 munens
251 628 64 19 tanke
329 627 8 20 i
352 627 39 20 hos
407 627 48 20 dem
470 627 175 20 förekommande
661 626 80 27 frägor;
756 627 41 20 och
813 628 55 19 dock
886 628 23 19 är

145 661 58 20 detta
218 662 23 18 af
254 661 107 20 Utskottet
377 662 83 19 anfördt
475 661 72 20 såsom
563 661 36 20 det
614 662 55 19 enda
684 661 47 20 skäl
747 662 32 19 för
794 662 70 19 denna
875 661 35 27 &:s

145 696 126 25 antagande.
303 695 34 20 Uti
353 696 116 19 motiverna
485 696 64 25 säges
565 696 118 25 nemligen:
706 711 11 8 ,
719 696 48 20 Men
786 694 27 22 dä
828 696 27 19 de
871 695 39 20 här

144 730 137 26 uppräknade
301 730 105 20 ärendena
428 730 67 20 likväl
517 730 64 19 hafva
597 731 30 18 ett
641 730 134 26 varaktigare
790 730 119 26 inflytande

144 764 33 20 för
188 764 118 23 framtiden,
319 764 25 20 sä
359 771 62 13 anser
436 764 110 20 Utskottet
562 764 34 20 det
612 764 64 20 lända
691 764 32 20 till
738 771 64 19 gagn,
818 766 31 18 att
867 765 41 19 den

144 796 109 22 allmänna
264 799 113 25 meningen
389 799 6 19 i
406 799 191 19 stadskommunen
609 799 32 19 för
653 798 75 26 hvarje
741 798 76 20 sådant
831 799 78 20 ärende

146 832 43 20 kan
204 834 52 24 göra
272 833 34 26 sig
321 833 101 20 särskildt
437 833 52 20 höra
504 840 79 19 genom
599 834 32 18 för
646 833 93 20 tillfället
749 834 76 19 utsedd
838 834 71 19 stads-

146 867 154 26 fullmäktige".
330 867 33 19 Nu
386 867 38 20 har
447 866 89 21 Ständet
559 868 65 19 redan
647 869 70 18 ansett
732 869 30 19 ett
777 866 77 22 sådant
868 867 40 20 hö-

146 902 65 19 rande
235 901 50 20 eller
307 901 136 21 inhemtande
467 902 23 19 af
503 902 51 20 flere
569 902 139 20 medlemmar
723 902 6 19 i
745 902 162 20 stadskommun

146 936 87 26 mening
257 936 40 20 och
319 935 56 27 åsigt
391 936 7 19 i
413 938 30 18 ett
459 937 57 19 ännu
530 936 123 26 obehöfligt,
669 936 41 20 och
725 936 70 20 skulle
807 936 40 26 jag
862 936 49 20 der-

145 970 45 20 före
205 969 27 27 på
247 970 58 20 detta
321 970 105 20 särskilda
441 971 48 19 skäl
505 971 23 19 af
541 971 140 26 konseqvens,
698 971 84 25 tillagdt
798 971 32 19 till
846 971 25 19 de
887 971 23 19 af

145 1003 128 27 föregående
289 1005 66 19 talare
371 1005 94 23 anförda,
481 1004 87 20 anhålla
583 1012 35 12 om
633 1004 34 27 $:s
683 1005 139 20 uteslutande.

215 1039 52 19 Herr
283 1039 120 19 Masalin:
433 1040 42 25 Jag
489 1040 33 19 för
537 1040 44 19 min
597 1039 34 20 del
647 1040 38 19 har
703 1040 47 19 icke
772 1040 70 19 blifvit
865 1039 42 19 till-

144 1073 124 20 fredsställd
283 1074 24 19 af
320 1074 25 19 de
361 1074 54 22 skäl,
431 1080 46 13 som
493 1074 77 19 Herrar
585 1074 92 20 Höckert
693 1074 39 20 och
749 1064 111 39 Öhrnberg
870 1080 38 13 an-

144 1107 41 20 fört
207 1108 32 19 för
260 1108 33 19 sin
316 1107 57 27 åsigt
396 1108 7 19 i
425 1108 69 20 denna
516 1108 45 23 sak,
577 1110 51 18 utan
643 1108 80 20 önskar
735 1108 40 26 jag
789 1107 22 21 få
825 1108 87 20 biträda

145 1141 40 20 den
209 1142 22 19 af
251 1141 119 20 Utskottets
394 1142 107 26 pluralitet
524 1142 95 20 uttalade
641 1141 63 27 åsigt.
735 1141 32 20 Då
789 1149 27 12 en
836 1142 72 19 stads-

144 1175 102 20 kommun
262 1177 83 18 utöfvar
360 1177 33 19 sin
408 1177 168 19 beslutanderätt
591 1183 78 19 genom
685 1177 140 25 fullmäktige,
845 1177 63 19 söker

144 1210 40 19 den
201 1211 30 18 att
247 1210 69 20 dertill
332 1209 21 21 få
367 1211 26 19 de
409 1213 55 18 mest
479 1211 139 26 insigtsfulla,
632 1211 26 19 de
669 1211 120 19 redbaraste
800 1210 41 20 och
852 1212 56 18 mest

144 1245 207 25 ordningsälskande
366 1246 56 19 män.
452 1245 48 20 Men
516 1245 36 20 det
567 1245 59 20 torde
641 1245 48 20 icke
705 1245 71 20 kunna
791 1245 67 19 nekas
870 1246 36 22 att,

144 1285 35 13 om
195 1277 66 21 också
277 1279 63 20 dessa
355 1279 114 20 innehafva
484 1279 26 20 de
526 1279 91 20 nämnda
635 1280 165 25 egenskaperna,
816 1278 24 21 så
851 1279 57 20 bilda

144 1313 33 23 de,
201 1312 26 21 då
250 1313 26 20 de
299 1313 69 26 väljas
391 1314 32 19 för
447 1321 25 12 en
488 1314 95 26 tidrymd
599 1315 22 18 af
634 1315 31 19 tre
681 1313 29 24 år,
727 1313 24 20 så
766 1315 31 18 att
812 1314 54 25 säga
881 1320 26 13 en

144 1349 43 18 stat
203 1348 6 19 i
225 1349 76 18 staten.
331 1348 42 26 Jag
395 1347 68 21 håller
485 1349 82 19 derföre
590 1349 32 19 för
645 1350 36 22 att,
698 1355 35 13 om
748 1355 49 12 man
813 1348 48 20 icke
876 1349 32 18 för

144 1383 26 18 de
193 1381 161 27 ifrågavarande
376 1383 64 19 fallen
463 1383 57 23 ville,
544 1381 73 22 såsom
633 1383 52 20 Herr
701 1383 61 26 Frey,
778 1383 131 19 öfverlemna

143 1417 92 19 beslutet
259 1415 22 21 åt
304 1417 128 20 kommunen
448 1417 7 20 i
471 1417 33 20 sin
527 1417 80 23 helhet,
626 1423 49 14 man
691 1417 54 20 dock
761 1418 38 25 gör
815 1418 41 19 rätt
872 1417 37 23 uti,

144 1453 37 22 att,
199 1450 72 21 såsom
286 1451 107 20 Utskottet
409 1452 112 19 motiverat
536 1452 42 23 det,
593 1451 54 20 höra
662 1452 139 23 kommunen;
817 1451 41 20 och
871 1451 37 26 jag
