1109 1817
439 159 39 17 Den
491 159 21 17 27
526 159 41 22 Maj.
817 159 43 17 1599

122 218 108 25 nemligen
253 218 47 19 icke
321 217 70 26 någon
414 218 93 19 ledamot
528 218 70 19 skulle
614 224 52 13 anse
682 218 33 18 sin
731 217 97 19 enskilda
844 218 40 18 rätt

123 259 49 12 vara
195 258 78 19 genom
295 252 92 19 beslutet
405 251 26 26 på
447 251 65 26 något
528 253 43 18 sätt
587 251 126 22 förnärmad,
730 251 6 19 i
752 251 80 20 hvilket
848 251 36 19 fall

122 286 42 19 han
180 286 7 19 i
203 287 108 25 egenskap
327 287 22 18 af
363 286 84 19 enskild
463 292 75 19 person
554 292 51 19 eger
621 286 40 19 rätt
677 287 31 17 att
718 286 73 19 anföra
802 286 81 19 besvär.

122 321 39 18 Att
176 321 149 26 ordalydelsen
342 335 11 8 ,
355 321 54 18 vaka
425 320 109 19 deröfver"
551 320 18 25 ej
588 321 23 18 är
627 320 88 19 alldeles
732 320 96 26 adeqvat,
844 320 40 20 och

122 354 20 25 ej
165 356 117 18 motsvarar
304 355 120 19 Utskottets
447 355 88 19 anförda
558 355 94 22 motiver,
673 354 68 19 finner
756 361 48 12 man
821 355 63 19 bland

122 391 66 17 annat
203 389 88 23 derutaf,
308 391 30 17 att
353 390 6 17 i
375 389 123 23 motiverna,
514 389 40 19 sid.
573 389 32 22 14,
621 387 54 21 står:
707 389 23 22 ,,I
746 389 69 19 denna
834 389 50 19 dess

122 424 109 25 egenskap
247 424 23 19 af
283 423 96 26 offentlig
395 423 210 26 embetsmyndighet
621 424 23 18 är
659 423 139 24 magistraten
812 423 6 19 i
829 423 55 19 före-

122 458 92 19 varande
230 457 117 26 lagförslag
361 458 62 19 äfven
439 457 75 26 tillagd
530 457 128 26 befogenhet
674 459 31 17 att
721 457 71 25 pröfva
807 457 77 26 laglig-

122 492 64 19 heten
209 493 23 18 af
252 492 73 25 hvarje
350 492 22 19 af
393 492 128 19 kommunen
538 491 76 20 fattadt
629 491 71 19 beslut
716 493 61 21 samt,
793 498 34 13 om
844 491 40 20 den

122 525 25 20 så
163 533 62 12 anser
240 527 80 25 nödigt,
333 527 66 25 vägra
414 526 161 25 handräckning
586 526 32 19 till
629 525 163 26 verkställighet
803 526 78 19 deraf.*

122 559 32 20 Då
177 561 138 25 magistraten
336 561 42 18 kan
399 561 65 24 vägra
487 560 162 25 handräckning
672 560 33 19 till
723 560 161 25 verkställighet

122 595 65 22 deraf,
203 593 24 21 så
242 595 121 19 förutsätter
379 595 35 19 det
430 595 131 25 nödvändigt
577 596 31 17 att
626 601 26 13 en
676 593 66 20 sådan
765 594 119 19 handräck-

123 629 52 25 ning
191 629 54 19 skall
261 628 26 27 på
303 629 138 26 magistraten
457 629 114 19 ankomma
587 628 40 20 och
643 629 56 22 bero,
716 627 26 20 då
758 627 44 20 åter
819 629 65 19 orden

124 663 68 23 vaka
215 664 107 18 deröfver"
344 663 56 26 syfta
421 662 26 26 pä
463 665 30 17 att
510 669 26 13 en
552 661 67 21 sådan
635 661 249 27 handräckningsåtgärd

123 697 19 25 ej
159 697 70 19 skulle
244 698 23 18 af
280 697 138 25 magistraten
434 696 91 20 behöfva
540 697 88 19 utföras.
659 696 42 26 Jag
716 696 103 20 vidhåller
829 696 55 20 såle-

122 731 38 19 des
177 731 128 26 fullkomligt
320 731 113 23 bestämdt,
450 733 30 17 att
495 731 58 19 detta
569 731 85 25 uttryck
671 731 18 25 ej
704 732 23 18 är
737 731 96 25 lämpligt
844 731 40 19 och

122 767 30 18 att
176 766 35 19 det
233 766 42 19 kan
298 766 48 19 leda
361 765 32 19 till
408 766 87 25 mycket
511 772 57 12 mera
585 766 51 18 ondt
652 766 27 18 än
695 766 40 18 den
751 765 133 25 omständig-

122 800 70 23 heten,
208 801 31 18 att
255 801 29 19 ett
299 800 46 19 litet
361 798 102 27 dröjsmål
479 800 70 19 kunde
565 806 78 19 genom
660 801 30 17 ett
705 798 126 27 föregående
851 806 33 13 er-

122 834 109 26 forderligt
247 836 48 24 steg
310 835 23 18 af
347 835 137 25 magistraten
500 834 135 26 uppkomma.

192 868 52 20 Herr
259 868 125 26 Procopé:
415 867 32 21 Då
460 868 39 26 jag
515 869 6 19 i
538 868 42 20 allo
596 870 23 18 är
635 875 52 13 ense
702 875 33 13 om
755 869 25 19 de
803 869 22 19 af
845 868 39 20 Ut-

122 903 81 19 skottet
217 903 7 19 i
240 902 160 26 ifrågavarande
415 902 14 26 &
445 903 85 25 yttrade
545 902 86 26 åsigter,
648 902 25 20 så
688 903 36 19 ber
737 902 38 26 jag
796 904 29 18 att
849 902 35 20 så-

122 943 48 13 som
191 937 77 26 tillägg
290 937 32 19 till
344 937 25 19 de
392 937 23 19 af
435 937 52 19 Herr
504 932 110 30 Öhrnberg
630 937 94 19 uttalade
740 937 93 23 motiver,
850 937 33 19 till

122 972 170 26 vederläggande
308 972 23 18 af
344 971 52 19 Herr
411 971 105 19 Janssons
532 970 116 26 påstående
668 972 71 18 derom
761 972 31 18 att
815 971 69 25 magi-

122 1007 80 18 straten
218 1006 19 24 ej
254 1012 49 13 vore
319 1006 6 18 i
341 1005 83 20 tillfälle
444 1007 30 17 att
497 1006 132 19 förekomma
652 1005 188 26 verkställigheten
864 1006 22 18 af

122 1040 146 26 fullmäktiges
289 1040 75 23 beslut,
387 1039 22 20 få
431 1041 75 22 erinra,
530 1040 53 19 att
579 1035 16 35 i
603 1039 14 27 &
639 1040 28 20 40
691 1040 140 23 föreskrifves,
853 1042 31 17 att

123 1075 126 25 protokollet
264 1075 53 20 först
332 1075 55 19 skall
399 1075 95 25 justeras
510 1074 41 20 och
567 1075 66 19 sedan
649 1075 124 25 offentligen
788 1074 27 27 på
829 1075 55 19 kun-

121 1108 63 26 gjord
200 1109 42 25 dag
257 1109 106 26 uppläsas,
379 1111 56 17 samt
450 1110 31 18 att
495 1110 7 18 i
518 1108 14 27 &
548 1109 27 19 42
592 1109 95 26 stadgas,
703 1111 29 17 att
745 1110 139 25 magistraten

122 1144 67 18 straxt
211 1143 52 20 efter
285 1143 138 26 protokollets
445 1143 105 26 justering
573 1143 57 20 skall
650 1142 22 21 få
695 1143 33 20 del
751 1144 22 19 af
787 1143 96 24 beslutet,

122 1177 118 26 hvarjemte
263 1178 35 19 det
321 1177 108 20 dessutom
452 1178 23 19 är
495 1178 106 25 antagligt
617 1179 31 18 att
663 1178 133 25 fullmäktige
811 1177 18 26 ej
847 1178 37 19 be-

122 1211 70 20 fordra
214 1212 91 19 beslutet
326 1212 33 19 till
381 1211 168 26 verkställighet,
571 1212 65 19 innan
660 1212 35 19 det
713 1218 82 13 samma
809 1212 75 19 vunnit

122 1245 49 26 laga
187 1246 62 19 kraft.
279 1246 36 19 Ett
329 1246 70 19 beslut
414 1246 40 19 blir
469 1245 84 20 således
570 1246 19 26 ej
609 1246 126 20 verkställdt
756 1247 69 19 förrän
848 1247 36 19 det

121 1280 39 19 har
175 1280 108 26 delgifvits
299 1281 139 25 magistraten
453 1281 40 19 och
509 1281 75 19 vunnit
598 1281 50 26 laga
663 1281 61 23 kraft,
738 1279 24 21 så
773 1282 30 18 att
815 1281 69 26 magi-

122 1315 80 18 straten
217 1315 24 19 är
256 1315 75 19 försatt
345 1315 7 19 i
368 1315 83 20 tillfälle
467 1316 31 18 att
513 1315 88 26 vidtaga
616 1315 41 19 den
672 1314 81 27 åtgärd,
774 1321 46 14 som
841 1315 43 20 kan

121 1347 116 27 påfordras,
253 1355 34 14 om
302 1349 92 19 beslutet
409 1349 23 20 är
447 1349 130 26 lagstridigt.
608 1349 43 20 Här
666 1350 23 19 är
704 1349 106 26 nemligen
828 1349 56 20 före-

122 1383 94 23 skrifvet,
238 1385 31 18 att
291 1383 46 23 den,
361 1389 46 14 som
423 1383 19 26 ej
459 1383 84 26 åtnöjer
559 1383 34 26 sig
609 1384 49 19 med
673 1385 30 18 ett
718 1384 75 23 beslut,
809 1384 23 19 är
848 1383 36 20 be-

121 1417 93 26 rättigad
229 1419 31 18 att
275 1418 7 19 i
298 1417 90 26 stadgad
404 1418 91 25 ordning
510 1418 73 20 anföra
599 1418 82 23 besvär,
696 1417 138 26 hvarigenom
857 1424 26 14 en

121 1452 84 25 ganska
227 1451 51 26 lång
299 1452 30 19 tid
352 1452 41 19 kan
416 1452 66 19 hinna
505 1453 86 25 förflyta
613 1453 66 18 innan
695 1453 34 18 det
745 1453 74 18 vunnit
833 1452 51 26 laga
