1109 1817
250 168 46 18 1478
545 168 38 16 Den
597 168 22 16 24
632 168 41 22 Maj.

454 264 125 27 Fredagen
595 264 48 22 den
659 264 31 21 24
705 264 45 28 Maj

225 329 28 19 kl.
276 327 26 27 !/,
321 328 12 20 6
349 335 18 12 e.
390 335 27 12 m.
442 328 171 19 sammanträdde
636 328 32 19 till
691 328 84 25 plenum
798 327 189 26 Borgareständets

225 363 99 25 samtlige
339 363 144 22 medlemmar,
505 363 47 19 med
575 363 109 25 undantag
703 363 23 18 af
739 363 52 18 Herr
806 363 118 22 Wendelin,
941 369 46 13 som

225 397 49 20 med
285 396 96 20 ståndets
390 397 126 26 begifvande
525 395 44 21 från
580 397 75 19 staden
667 397 70 22 afrest,
754 391 30 36 och
795 397 51 19 Herr
854 396 132 23 Gummerus,

225 438 47 13 som
280 432 23 19 af
309 431 116 26 tvingande
433 431 264 26 familjeangelägenheter
704 437 37 12 var
749 431 89 19 hindrad
849 433 30 17 att
891 432 95 18 närvara.

295 465 113 26 Upplästes
431 465 40 20 och
493 465 122 26 justerades
638 465 106 20 särskilde
761 465 75 26 utdrag
852 472 24 12 ur
891 464 95 21 ståndets

224 500 106 25 protokoll
345 499 46 20 från
407 500 158 25 förmiddagens
581 499 92 26 plenum.

293 534 118 19 Fortsattes
428 534 40 19 den
483 534 35 19 vid
533 534 160 25 förmiddagens
706 533 156 20 sammanträde
873 533 113 26 påbörjade

224 568 161 26 granskningen
401 569 23 18 af
440 568 239 19 kommunalutskottets
701 568 132 19 betänkande
849 568 7 19 i
872 568 115 25 anledning

223 603 24 18 af
261 603 24 18 H.
302 603 24 18 K.
342 603 49 19 M:ts
415 601 78 27 nådiga
512 603 130 25 proposition
663 609 34 13 om
713 602 252 26 kommunalförvaltning
980 602 6 19 i

224 637 55 19 stad.
311 637 170 25 Granskningen,
497 643 45 13 som
558 637 35 18 vid
609 637 58 18 detta
683 636 157 19 sammanträde
855 637 73 25 vidtog
941 635 45 21 från

224 671 15 25 8
255 671 20 23 6,
291 671 141 19 verkställdes
448 670 27 26 pä
490 672 42 18 sätt
548 677 46 13 som
610 671 68 25 följer.

327 706 13 22 8
357 704 18 20 6.

293 740 52 19 Herr
361 740 80 26 Frey:
465 738 73 20 Sävidt
550 739 40 25 jag
606 739 38 19 har
659 739 45 25 mig
717 739 82 23 bekant,
811 739 114 19 betecknas
938 740 47 18 med

223 774 109 26 uttrycket
348 789 5 8 ,
354 774 97 26 stadga*
468 774 66 25 enligt
549 774 82 24 vanligt
647 772 117 27 språkbruk
773 772 70 27 något,
852 780 46 13 som
908 780 76 19 genom

223 808 138 25 öfverhetligt
376 808 140 20 förordnande
531 808 68 19 blifvit
615 808 112 19 bestämdt.
758 808 9 18 I
782 808 52 25 följd
850 808 62 19 häraf
922 808 64 20 borde

222 843 63 19 äfven
309 843 40 19 den
370 842 29 19 uti
420 842 136 20 förevarande
571 842 15 26 &
604 842 173 19 förekommande
793 842 191 26 mellanmeningen

223 877 51 23 »der
290 876 18 26 ej
326 876 132 20 annorlunda
474 876 99 26 stadgadt
588 877 37 18 är"
641 877 46 18 afse
697 878 31 17 att
738 878 29 17 ett
779 876 135 26 öfverhetligt
927 876 57 20 stad-

221 912 72 24 gande
308 911 114 19 förefinnes
438 910 109 26 angående
566 910 140 20 användande
721 911 22 19 af
757 911 26 19 de
798 911 29 19 uti
843 910 36 26 8:n
894 911 90 25 uppräk-

222 946 55 19 nade
293 944 105 21 förmåner
413 944 30 23 så,
460 946 31 18 att
506 945 25 19 de
546 945 47 19 icke
609 944 21 20 få
645 945 109 25 begagnas
770 945 51 19 eller
833 951 63 13 anses
912 944 72 20 såsom

221 978 86 21 tillåtna
322 980 33 18 till
370 980 131 19 betäckande
517 980 23 18 af
553 980 87 18 stadens
656 986 160 19 gemensamma
831 980 91 25 utgifter.
938 980 46 18 Fall

222 1014 72 20 kunna
309 1014 118 20 emellertid
447 1014 137 22 förekomma,
603 1014 36 19 der
655 1014 189 19 stadskommunen
860 1020 49 19 eger
925 1013 59 21 såväl

221 1048 126 26 fastigheter
363 1054 46 14 som
425 1048 74 26 rörligt
518 1048 87 26 kapital,
621 1047 110 27 angående
745 1048 85 19 hvilkas
846 1049 138 19 användande

221 1083 48 19 icke
284 1082 66 26 något
365 1082 136 26 öfverhetligt
516 1082 125 26 stadgande,
657 1089 48 13 men
718 1083 35 19 väl
763 1084 30 18 ett
803 1083 23 19 af
834 1083 150 26 borgerskapet

221 1117 77 19 fattadt
319 1117 70 19 beslut
411 1117 119 19 förefinnes.
561 1116 42 26 Jag
624 1116 37 19 vill
685 1116 71 20 såsom
779 1118 30 17 ett
830 1117 92 25 exempel
938 1124 45 13 om-

222 1151 79 19 nämna
316 1151 40 19 den
372 1151 108 22 kommun,
496 1151 36 19 der
545 1151 40 25 jag
601 1153 159 23 representerar.
781 1151 70 19 Under
866 1151 41 19 den
922 1151 62 20 svåra

221 1185 37 23 tid,
275 1191 47 14 som
338 1185 35 20 det
393 1185 137 20 orientaliska
550 1185 70 26 kriget
635 1185 114 23 medförde,
765 1184 28 20 då
808 1185 28 19 all
852 1185 76 20 handel
944 1185 40 20 och

221 1219 80 20 rörelse
323 1220 6 19 i
353 1219 76 20 staden
451 1219 81 26 Viborg
548 1219 125 20 afstannade
689 1219 40 20 och
745 1220 149 25 borgerskapet
910 1220 74 19 betun-

220 1254 68 25 gades
305 1254 48 19 med
368 1253 111 26 ansenliga
494 1253 75 26 bidrag
584 1253 33 20 till
633 1254 131 19 betäckande
780 1255 23 18 af
810 1255 91 24 utgifter,
912 1254 72 19 hvilka

221 1288 56 19 förut
299 1288 69 19 blifvit
389 1287 33 20 till
440 1287 71 26 nägon
532 1288 33 19 del
587 1294 77 19 genom
679 1289 121 18 inkomsten
815 1289 23 18 af
851 1288 77 20 handel
943 1288 41 20 och

221 1322 79 20 rörelse
321 1322 105 22 betäckta,
449 1322 88 19 väcktes
560 1323 79 18 tanken
659 1324 31 18 att
711 1323 52 19 söka
779 1323 163 26 tillvägabringa
954 1324 30 18 ett

221 1356 152 26 reservkapital
396 1357 31 18 för
450 1358 31 17 att
504 1357 34 18 vid
559 1356 111 19 enahanda
688 1356 175 27 olyckstillfällen
878 1357 64 19 hafva
958 1363 25 13 en

220 1391 57 23 fond,
285 1391 101 18 hvarmed
396 1391 40 18 den
447 1391 165 25 hufvudsakliga
625 1391 122 26 aflöningen
758 1391 31 19 för
800 1391 86 19 stadens
895 1393 88 23 tjenste-

220 1426 49 19 män
292 1425 71 19 kunde
386 1425 111 22 bestridas,
521 1427 50 17 utan
593 1427 31 17 att
647 1425 151 26 borgerskapet
814 1425 68 20 skulle
898 1425 85 20 dermed

220 1459 102 20 särskildt
337 1460 111 25 betungas.
472 1458 93 21 Sälunda
580 1459 39 20 har
634 1460 66 19 under
715 1459 62 20 ärens
793 1459 47 26 lopp
856 1462 30 17 ett
900 1460 83 25 ganska
