<?xml version="1.0" encoding="UTF-8"?>
<alto xmlns="http://www.loc.gov/standards/alto/ns-v3#" xmlns:xlink="http://www.w3.org/1999/xlink" xmlns:xsi="http://www.w3.org/2001/XMLSchema-instance" xsi:schemaLocation="http://www.loc.gov/standards/alto/ns-v3# http://www.loc.gov/alto/v3/alto-3-0.xsd">
	<Description>
		<MeasurementUnit>pixel</MeasurementUnit>
		<sourceImageInformation>
			<fileName>/tmp/tess_bik413co_input.PNG</fileName>
		</sourceImageInformation>
		<OCRProcessing ID="OCR_0">
			<ocrProcessingStep>
				<processingSoftware>
					<softwareName>tesseract 5.3.4</softwareName>
				</processingSoftware>
			</ocrProcessingStep>
		</OCRProcessing>
	</Description>
	<Layout>
		<Page WIDTH="1109" HEIGHT="1817" PHYSICAL_IMG_NR="0" ID="page_0">
			<PrintSpace HPOS="0" VPOS="0" WIDTH="1109" HEIGHT="1817">
				<ComposedBlock ID="cblock_0" HPOS="245" VPOS="146" WIDTH="414" HEIGHT="20">
					<TextBlock ID="block_0" HPOS="245" VPOS="146" WIDTH="414" HEIGHT="20">
						<TextLine ID="line_0" HPOS="245" VPOS="146" WIDTH="414" HEIGHT="20">
							<String ID="string_0" HPOS="245" VPOS="146" WIDTH="45" HEIGHT="18" WC="0.95" CONTENT="1906"/><SP WIDTH="247" VPOS="146" HPOS="290"/>
							<String ID="string_1" HPOS="537" VPOS="147" WIDTH="39" HEIGHT="18" WC="0.96" CONTENT="Den"/><SP WIDTH="13" VPOS="147" HPOS="576"/>
							<String ID="string_2" HPOS="589" VPOS="148" WIDTH="11" HEIGHT="17" WC="0.96" CONTENT="4"/><SP WIDTH="12" VPOS="148" HPOS="600"/>
							<String ID="string_3" HPOS="612" VPOS="148" WIDTH="47" HEIGHT="18" WC="0.86" CONTENT="Juni."/>
						</TextLine>
					</TextBlock>
				</ComposedBlock>
				<ComposedBlock ID="cblock_1" HPOS="210" VPOS="205" WIDTH="771" HEIGHT="1232">
					<TextBlock ID="block_1" HPOS="217" VPOS="205" WIDTH="764" HEIGHT="336">
						<TextLine ID="line_1" HPOS="219" VPOS="205" WIDTH="762" HEIGHT="26">
							<String ID="string_4" HPOS="219" VPOS="205" WIDTH="58" HEIGHT="19" WC="0.91" CONTENT="falla."/><SP WIDTH="30" VPOS="205" HPOS="277"/>
							<String ID="string_5" HPOS="307" VPOS="205" WIDTH="42" HEIGHT="26" WC="0.95" CONTENT="Jag"/><SP WIDTH="22" VPOS="205" HPOS="349"/>
							<String ID="string_6" HPOS="371" VPOS="206" WIDTH="42" HEIGHT="19" WC="0.96" CONTENT="kan"/><SP WIDTH="22" VPOS="206" HPOS="413"/>
							<String ID="string_7" HPOS="435" VPOS="206" WIDTH="47" HEIGHT="20" WC="0.96" CONTENT="icke"/><SP WIDTH="23" VPOS="206" HPOS="482"/>
							<String ID="string_8" HPOS="505" VPOS="207" WIDTH="112" HEIGHT="19" WC="0.88" CONTENT="bedömma"/><SP WIDTH="22" VPOS="207" HPOS="617"/>
							<String ID="string_9" HPOS="639" VPOS="207" WIDTH="96" HEIGHT="19" WC="0.88" CONTENT="hvarföre"/><SP WIDTH="23" VPOS="207" HPOS="735"/>
							<String ID="string_10" HPOS="758" VPOS="208" WIDTH="30" HEIGHT="18" WC="0.96" CONTENT="ett"/><SP WIDTH="17" VPOS="208" HPOS="788"/>
							<String ID="string_11" HPOS="805" VPOS="207" WIDTH="91" HEIGHT="20" WC="0.96" CONTENT="internat"/><SP WIDTH="16" VPOS="207" HPOS="896"/>
							<String ID="string_12" HPOS="912" VPOS="206" WIDTH="69" HEIGHT="20" WC="0.96" CONTENT="skulle"/>
						</TextLine>
						<TextLine ID="line_2" HPOS="220" VPOS="239" WIDTH="761" HEIGHT="25">
							<String ID="string_13" HPOS="220" VPOS="239" WIDTH="28" HEIGHT="19" WC="0.96" CONTENT="ha"/><SP WIDTH="23" VPOS="239" HPOS="248"/>
							<String ID="string_14" HPOS="271" VPOS="241" WIDTH="30" HEIGHT="18" WC="0.95" CONTENT="ett"/><SP WIDTH="21" VPOS="241" HPOS="301"/>
							<String ID="string_15" HPOS="322" VPOS="239" WIDTH="24" HEIGHT="20" WC="0.96" CONTENT="så"/><SP WIDTH="23" VPOS="239" HPOS="346"/>
							<String ID="string_16" HPOS="369" VPOS="242" WIDTH="52" HEIGHT="17" WC="0.96" CONTENT="stort"/><SP WIDTH="17" VPOS="242" HPOS="421"/>
							<String ID="string_17" HPOS="438" VPOS="241" WIDTH="104" HEIGHT="19" WC="0.96" CONTENT="företräde"/><SP WIDTH="17" VPOS="241" HPOS="542"/>
							<String ID="string_18" HPOS="559" VPOS="241" WIDTH="86" HEIGHT="20" WC="0.96" CONTENT="framför"/><SP WIDTH="15" VPOS="241" HPOS="645"/>
							<String ID="string_19" HPOS="660" VPOS="243" WIDTH="29" HEIGHT="18" WC="0.92" CONTENT="ett"/><SP WIDTH="16" VPOS="243" HPOS="689"/>
							<String ID="string_20" HPOS="705" VPOS="243" WIDTH="99" HEIGHT="21" WC="0.90" CONTENT="externat,"/><SP WIDTH="16" VPOS="243" HPOS="804"/>
							<String ID="string_21" HPOS="820" VPOS="248" WIDTH="49" HEIGHT="13" WC="0.96" CONTENT="men"/><SP WIDTH="16" VPOS="248" HPOS="869"/>
							<String ID="string_22" HPOS="885" VPOS="242" WIDTH="57" HEIGHT="19" WC="0.96" CONTENT="detta"/><SP WIDTH="16" VPOS="242" HPOS="942"/>
							<String ID="string_23" HPOS="958" VPOS="241" WIDTH="23" HEIGHT="19" WC="0.96" CONTENT="är"/>
						</TextLine>
						<TextLine ID="line_3" HPOS="217" VPOS="274" WIDTH="763" HEIGHT="28">
							<String ID="string_24" HPOS="217" VPOS="274" WIDTH="197" HEIGHT="25" WC="0.89" CONTENT="öfverinspektorns"/><SP WIDTH="21" VPOS="274" HPOS="414"/>
							<String ID="string_25" HPOS="435" VPOS="275" WIDTH="32" HEIGHT="19" WC="0.93" CONTENT="för"/><SP WIDTH="19" VPOS="275" HPOS="467"/>
							<String ID="string_26" HPOS="486" VPOS="275" WIDTH="145" HEIGHT="20" WC="0.92" CONTENT="folkskolorna"/><SP WIDTH="16" VPOS="275" HPOS="631"/>
							<String ID="string_27" HPOS="647" VPOS="275" WIDTH="56" HEIGHT="26" WC="0.92" CONTENT="äsigt"/><SP WIDTH="15" VPOS="275" HPOS="703"/>
							<String ID="string_28" HPOS="718" VPOS="276" WIDTH="40" HEIGHT="19" WC="0.96" CONTENT="och"/><SP WIDTH="16" VPOS="276" HPOS="758"/>
							<String ID="string_29" HPOS="774" VPOS="276" WIDTH="62" HEIGHT="19" WC="0.95" CONTENT="äfven"/><SP WIDTH="15" VPOS="276" HPOS="836"/>
							<String ID="string_30" HPOS="851" VPOS="276" WIDTH="35" HEIGHT="19" WC="0.93" CONTENT="vid"/><SP WIDTH="15" VPOS="276" HPOS="886"/>
							<String ID="string_31" HPOS="901" VPOS="276" WIDTH="79" HEIGHT="26" WC="0.91" CONTENT="Jyväs-"/>
						</TextLine>
						<TextLine ID="line_4" HPOS="219" VPOS="307" WIDTH="761" HEIGHT="29">
							<String ID="string_32" HPOS="219" VPOS="307" WIDTH="53" HEIGHT="26" WC="0.92" CONTENT="kylä"/><SP WIDTH="16" VPOS="307" HPOS="272"/>
							<String ID="string_33" HPOS="288" VPOS="309" WIDTH="136" HEIGHT="20" WC="0.96" CONTENT="seminarium"/><SP WIDTH="15" VPOS="309" HPOS="424"/>
							<String ID="string_34" HPOS="439" VPOS="309" WIDTH="54" HEIGHT="20" WC="0.96" CONTENT="lärer"/><SP WIDTH="16" VPOS="309" HPOS="493"/>
							<String ID="string_35" HPOS="509" VPOS="317" WIDTH="49" HEIGHT="12" WC="0.96" CONTENT="man"/><SP WIDTH="16" VPOS="317" HPOS="558"/>
							<String ID="string_36" HPOS="574" VPOS="309" WIDTH="26" HEIGHT="27" WC="0.96" CONTENT="på"/><SP WIDTH="16" VPOS="309" HPOS="600"/>
							<String ID="string_37" HPOS="616" VPOS="317" WIDTH="74" HEIGHT="12" WC="0.96" CONTENT="senare"/><SP WIDTH="15" VPOS="317" HPOS="690"/>
							<String ID="string_38" HPOS="705" VPOS="311" WIDTH="54" HEIGHT="19" WC="0.96" CONTENT="tider"/><SP WIDTH="15" VPOS="311" HPOS="759"/>
							<String ID="string_39" HPOS="774" VPOS="310" WIDTH="64" HEIGHT="19" WC="0.96" CONTENT="hafva"/><SP WIDTH="10" VPOS="310" HPOS="838"/>
							<String ID="string_40" HPOS="848" VPOS="311" WIDTH="89" HEIGHT="19" WC="0.96" CONTENT="kommit"/><SP WIDTH="11" VPOS="311" HPOS="937"/>
							<String ID="string_41" HPOS="948" VPOS="310" WIDTH="32" HEIGHT="19" WC="0.96" CONTENT="till"/>
						</TextLine>
						<TextLine ID="line_5" HPOS="218" VPOS="343" WIDTH="762" HEIGHT="26">
							<String ID="string_42" HPOS="218" VPOS="348" WIDTH="84" HEIGHT="14" WC="0.93" CONTENT="samma"/><SP WIDTH="21" VPOS="348" HPOS="302"/>
							<String ID="string_43" HPOS="323" VPOS="343" WIDTH="72" HEIGHT="26" WC="0.89" CONTENT="insigt."/><SP WIDTH="30" VPOS="343" HPOS="395"/>
							<String ID="string_44" HPOS="425" VPOS="344" WIDTH="40" HEIGHT="19" WC="0.96" CONTENT="Det"/><SP WIDTH="16" VPOS="344" HPOS="465"/>
							<String ID="string_45" HPOS="481" VPOS="345" WIDTH="92" HEIGHT="19" WC="0.96" CONTENT="nämnda"/><SP WIDTH="16" VPOS="345" HPOS="573"/>
							<String ID="string_46" HPOS="589" VPOS="344" WIDTH="124" HEIGHT="20" WC="0.96" CONTENT="förbehållet"/><SP WIDTH="16" VPOS="344" HPOS="713"/>
							<String ID="string_47" HPOS="729" VPOS="345" WIDTH="68" HEIGHT="19" WC="0.93" CONTENT="skulle"/><SP WIDTH="16" VPOS="345" HPOS="797"/>
							<String ID="string_48" HPOS="813" VPOS="345" WIDTH="81" HEIGHT="20" WC="0.91" CONTENT="derföre"/><SP WIDTH="16" VPOS="345" HPOS="894"/>
							<String ID="string_49" HPOS="910" VPOS="345" WIDTH="70" HEIGHT="20" WC="0.96" CONTENT="alltför"/>
						</TextLine>
						<TextLine ID="line_6" HPOS="219" VPOS="377" WIDTH="761" HEIGHT="28">
							<String ID="string_50" HPOS="219" VPOS="377" WIDTH="88" HEIGHT="26" WC="0.96" CONTENT="mycket"/><SP WIDTH="14" VPOS="377" HPOS="307"/>
							<String ID="string_51" HPOS="321" VPOS="378" WIDTH="64" HEIGHT="19" WC="0.96" CONTENT="binda"/><SP WIDTH="16" VPOS="378" HPOS="385"/>
							<String ID="string_52" HPOS="401" VPOS="378" WIDTH="108" HEIGHT="27" WC="0.96" CONTENT="Styrelsen"/><SP WIDTH="16" VPOS="378" HPOS="509"/>
							<String ID="string_53" HPOS="525" VPOS="379" WIDTH="36" HEIGHT="19" WC="0.96" CONTENT="vid"/><SP WIDTH="14" VPOS="379" HPOS="561"/>
							<String ID="string_54" HPOS="575" VPOS="380" WIDTH="166" HEIGHT="25" WC="0.96" CONTENT="bestämningar,"/><SP WIDTH="12" VPOS="380" HPOS="741"/>
							<String ID="string_55" HPOS="753" VPOS="386" WIDTH="45" HEIGHT="13" WC="0.96" CONTENT="som"/><SP WIDTH="11" VPOS="386" HPOS="798"/>
							<String ID="string_56" HPOS="809" VPOS="379" WIDTH="81" HEIGHT="20" WC="0.93" CONTENT="kanske"/><SP WIDTH="11" VPOS="379" HPOS="890"/>
							<String ID="string_57" HPOS="901" VPOS="386" WIDTH="79" HEIGHT="19" WC="0.92" CONTENT="ogerna"/>
						</TextLine>
						<TextLine ID="line_7" HPOS="218" VPOS="411" WIDTH="762" HEIGHT="28">
							<String ID="string_58" HPOS="218" VPOS="411" WIDTH="71" HEIGHT="20" WC="0.93" CONTENT="skulle"/><SP WIDTH="16" VPOS="411" HPOS="289"/>
							<String ID="string_59" HPOS="305" VPOS="413" WIDTH="124" HEIGHT="19" WC="0.90" CONTENT="efterlefvas."/><SP WIDTH="31" VPOS="413" HPOS="429"/>
							<String ID="string_60" HPOS="460" VPOS="413" WIDTH="10" HEIGHT="19" WC="0.95" CONTENT="I"/><SP WIDTH="15" VPOS="413" HPOS="470"/>
							<String ID="string_61" HPOS="485" VPOS="415" WIDTH="90" HEIGHT="18" WC="0.95" CONTENT="motsats"/><SP WIDTH="16" VPOS="415" HPOS="575"/>
							<String ID="string_62" HPOS="591" VPOS="414" WIDTH="31" HEIGHT="19" WC="0.95" CONTENT="till"/><SP WIDTH="16" VPOS="414" HPOS="622"/>
							<String ID="string_63" HPOS="638" VPOS="414" WIDTH="52" HEIGHT="19" WC="0.96" CONTENT="Herr"/><SP WIDTH="15" VPOS="414" HPOS="690"/>
							<String ID="string_64" HPOS="705" VPOS="414" WIDTH="97" HEIGHT="19" WC="0.95" CONTENT="Boström"/><SP WIDTH="15" VPOS="414" HPOS="802"/>
							<String ID="string_65" HPOS="817" VPOS="420" WIDTH="63" HEIGHT="13" WC="0.95" CONTENT="anser"/><SP WIDTH="13" VPOS="420" HPOS="880"/>
							<String ID="string_66" HPOS="893" VPOS="414" WIDTH="39" HEIGHT="25" WC="0.96" CONTENT="jag"/><SP WIDTH="17" VPOS="414" HPOS="932"/>
							<String ID="string_67" HPOS="949" VPOS="415" WIDTH="31" HEIGHT="18" WC="0.96" CONTENT="att"/>
						</TextLine>
						<TextLine ID="line_8" HPOS="218" VPOS="447" WIDTH="761" HEIGHT="27">
							<String ID="string_68" HPOS="218" VPOS="452" WIDTH="27" HEIGHT="13" WC="0.96" CONTENT="en"/><SP WIDTH="13" VPOS="452" HPOS="245"/>
							<String ID="string_69" HPOS="258" VPOS="447" WIDTH="88" HEIGHT="24" WC="0.95" CONTENT="petition"/><SP WIDTH="16" VPOS="447" HPOS="346"/>
							<String ID="string_70" HPOS="362" VPOS="448" WIDTH="5" HEIGHT="18" WC="0.96" CONTENT="i"/><SP WIDTH="17" VPOS="448" HPOS="367"/>
							<String ID="string_71" HPOS="384" VPOS="448" WIDTH="67" HEIGHT="19" WC="0.96" CONTENT="denna"/><SP WIDTH="12" VPOS="448" HPOS="451"/>
							<String ID="string_72" HPOS="463" VPOS="447" WIDTH="59" HEIGHT="26" WC="0.96" CONTENT="fråga"/><SP WIDTH="10" VPOS="447" HPOS="522"/>
							<String ID="string_73" HPOS="532" VPOS="449" WIDTH="65" HEIGHT="18" WC="0.93" CONTENT="borde"/><SP WIDTH="15" VPOS="449" HPOS="597"/>
							<String ID="string_74" HPOS="612" VPOS="449" WIDTH="111" HEIGHT="21" WC="0.89" CONTENT="inlemnas,"/><SP WIDTH="16" VPOS="449" HPOS="723"/>
							<String ID="string_75" HPOS="739" VPOS="447" WIDTH="27" HEIGHT="26" WC="0.96" CONTENT="på"/><SP WIDTH="15" VPOS="447" HPOS="766"/>
							<String ID="string_76" HPOS="781" VPOS="449" WIDTH="68" HEIGHT="25" WC="0.96" CONTENT="grund"/><SP WIDTH="16" VPOS="449" HPOS="849"/>
							<String ID="string_77" HPOS="865" VPOS="449" WIDTH="22" HEIGHT="18" WC="0.96" CONTENT="af"/><SP WIDTH="14" VPOS="449" HPOS="887"/>
							<String ID="string_78" HPOS="901" VPOS="449" WIDTH="78" HEIGHT="19" WC="0.96" CONTENT="sakens"/>
						</TextLine>
						<TextLine ID="line_9" HPOS="218" VPOS="481" WIDTH="761" HEIGHT="27">
							<String ID="string_79" HPOS="218" VPOS="482" WIDTH="58" HEIGHT="18" WC="0.96" CONTENT="stora"/><SP WIDTH="23" VPOS="482" HPOS="276"/>
							<String ID="string_80" HPOS="299" VPOS="481" WIDTH="50" HEIGHT="26" WC="0.94" CONTENT="vigt,"/><SP WIDTH="22" VPOS="481" HPOS="349"/>
							<String ID="string_81" HPOS="371" VPOS="482" WIDTH="40" HEIGHT="19" WC="0.96" CONTENT="och"/><SP WIDTH="17" VPOS="482" HPOS="411"/>
							<String ID="string_82" HPOS="428" VPOS="483" WIDTH="39" HEIGHT="24" WC="0.96" CONTENT="jag"/><SP WIDTH="15" VPOS="483" HPOS="467"/>
							<String ID="string_83" HPOS="482" VPOS="484" WIDTH="42" HEIGHT="17" WC="0.96" CONTENT="tror"/><SP WIDTH="16" VPOS="484" HPOS="524"/>
							<String ID="string_84" HPOS="540" VPOS="483" WIDTH="47" HEIGHT="18" WC="0.96" CONTENT="icke"/><SP WIDTH="16" VPOS="483" HPOS="587"/>
							<String ID="string_85" HPOS="603" VPOS="484" WIDTH="30" HEIGHT="17" WC="0.96" CONTENT="att"/><SP WIDTH="16" VPOS="484" HPOS="633"/>
							<String ID="string_86" HPOS="649" VPOS="483" WIDTH="58" HEIGHT="18" WC="0.96" CONTENT="Hans"/><SP WIDTH="15" VPOS="483" HPOS="707"/>
							<String ID="string_87" HPOS="722" VPOS="483" WIDTH="100" HEIGHT="25" WC="0.96" CONTENT="Majestät"/><SP WIDTH="16" VPOS="483" HPOS="822"/>
							<String ID="string_88" HPOS="838" VPOS="482" WIDTH="68" HEIGHT="19" WC="0.96" CONTENT="skulle"/><SP WIDTH="16" VPOS="482" HPOS="906"/>
							<String ID="string_89" HPOS="922" VPOS="483" WIDTH="57" HEIGHT="19" WC="0.95" CONTENT="finna"/>
						</TextLine>
						<TextLine ID="line_10" HPOS="218" VPOS="515" WIDTH="499" HEIGHT="26">
							<String ID="string_90" HPOS="218" VPOS="515" WIDTH="35" HEIGHT="26" WC="0.96" CONTENT="sig"/><SP WIDTH="15" VPOS="515" HPOS="253"/>
							<String ID="string_91" HPOS="268" VPOS="515" WIDTH="27" HEIGHT="26" WC="0.96" CONTENT="på"/><SP WIDTH="14" VPOS="515" HPOS="295"/>
							<String ID="string_92" HPOS="309" VPOS="515" WIDTH="66" HEIGHT="26" WC="0.96" CONTENT="något"/><SP WIDTH="15" VPOS="515" HPOS="375"/>
							<String ID="string_93" HPOS="390" VPOS="517" WIDTH="42" HEIGHT="18" WC="0.96" CONTENT="sätt"/><SP WIDTH="15" VPOS="517" HPOS="432"/>
							<String ID="string_94" HPOS="447" VPOS="517" WIDTH="103" HEIGHT="19" WC="0.96" CONTENT="besvärad"/><SP WIDTH="17" VPOS="517" HPOS="550"/>
							<String ID="string_95" HPOS="567" VPOS="517" WIDTH="22" HEIGHT="18" WC="0.96" CONTENT="af"/><SP WIDTH="13" VPOS="517" HPOS="589"/>
							<String ID="string_96" HPOS="602" VPOS="523" WIDTH="26" HEIGHT="13" WC="0.96" CONTENT="en"/><SP WIDTH="17" VPOS="523" HPOS="628"/>
							<String ID="string_97" HPOS="645" VPOS="516" WIDTH="72" HEIGHT="20" WC="0.96" CONTENT="sådan."/>
						</TextLine>
					</TextBlock>
					<TextBlock ID="block_2" HPOS="215" VPOS="550" WIDTH="764" HEIGHT="336">
						<TextLine ID="line_11" HPOS="287" VPOS="550" WIDTH="692" HEIGHT="27">
							<String ID="string_98" HPOS="287" VPOS="550" WIDTH="53" HEIGHT="19" WC="0.90" CONTENT="Herr"/><SP WIDTH="23" VPOS="550" HPOS="340"/>
							<String ID="string_99" HPOS="363" VPOS="551" WIDTH="145" HEIGHT="19" WC="0.90" CONTENT="Mechelin:"/><SP WIDTH="31" VPOS="551" HPOS="508"/>
							<String ID="string_100" HPOS="539" VPOS="551" WIDTH="42" HEIGHT="26" WC="0.96" CONTENT="Jag"/><SP WIDTH="22" VPOS="551" HPOS="581"/>
							<String ID="string_101" HPOS="603" VPOS="551" WIDTH="39" HEIGHT="19" WC="0.95" CONTENT="har"/><SP WIDTH="21" VPOS="551" HPOS="642"/>
							<String ID="string_102" HPOS="663" VPOS="551" WIDTH="74" HEIGHT="25" WC="0.96" CONTENT="begärt"/><SP WIDTH="22" VPOS="551" HPOS="737"/>
							<String ID="string_103" HPOS="759" VPOS="551" WIDTH="60" HEIGHT="20" WC="0.96" CONTENT="ordet"/><SP WIDTH="15" VPOS="551" HPOS="819"/>
							<String ID="string_104" HPOS="834" VPOS="551" WIDTH="54" HEIGHT="20" WC="0.96" CONTENT="blott"/><SP WIDTH="14" VPOS="551" HPOS="888"/>
							<String ID="string_105" HPOS="902" VPOS="552" WIDTH="31" HEIGHT="19" WC="0.96" CONTENT="för"/><SP WIDTH="15" VPOS="552" HPOS="933"/>
							<String ID="string_106" HPOS="948" VPOS="553" WIDTH="31" HEIGHT="18" WC="0.96" CONTENT="att"/>
						</TextLine>
						<TextLine ID="line_12" HPOS="217" VPOS="584" WIDTH="761" HEIGHT="27">
							<String ID="string_107" HPOS="217" VPOS="584" WIDTH="100" HEIGHT="25" WC="0.91" CONTENT="genmäla"/><SP WIDTH="18" VPOS="584" HPOS="317"/>
							<String ID="string_108" HPOS="335" VPOS="585" WIDTH="52" HEIGHT="19" WC="0.93" CONTENT="Herr"/><SP WIDTH="11" VPOS="585" HPOS="387"/>
							<String ID="string_109" HPOS="398" VPOS="585" WIDTH="97" HEIGHT="26" WC="0.90" CONTENT="Procopé,"/><SP WIDTH="17" VPOS="585" HPOS="495"/>
							<String ID="string_110" HPOS="512" VPOS="587" WIDTH="30" HEIGHT="18" WC="0.96" CONTENT="att"/><SP WIDTH="13" VPOS="587" HPOS="542"/>
							<String ID="string_111" HPOS="555" VPOS="585" WIDTH="40" HEIGHT="26" WC="0.96" CONTENT="jag"/><SP WIDTH="16" VPOS="585" HPOS="595"/>
							<String ID="string_112" HPOS="611" VPOS="585" WIDTH="46" HEIGHT="20" WC="0.96" CONTENT="icke"/><SP WIDTH="15" VPOS="585" HPOS="657"/>
							<String ID="string_113" HPOS="672" VPOS="584" WIDTH="112" HEIGHT="27" WC="0.96" CONTENT="ifrågasatt"/><SP WIDTH="15" VPOS="584" HPOS="784"/>
							<String ID="string_114" HPOS="799" VPOS="587" WIDTH="31" HEIGHT="17" WC="0.96" CONTENT="att"/><SP WIDTH="16" VPOS="587" HPOS="830"/>
							<String ID="string_115" HPOS="846" VPOS="586" WIDTH="34" HEIGHT="19" WC="0.96" CONTENT="det"/><SP WIDTH="16" VPOS="586" HPOS="880"/>
							<String ID="string_116" HPOS="896" VPOS="586" WIDTH="82" HEIGHT="25" WC="0.96" CONTENT="anslag,"/>
						</TextLine>
						<TextLine ID="line_13" HPOS="217" VPOS="619" WIDTH="761" HEIGHT="26">
							<String ID="string_117" HPOS="217" VPOS="625" WIDTH="48" HEIGHT="13" WC="0.96" CONTENT="som"/><SP WIDTH="23" VPOS="625" HPOS="265"/>
							<String ID="string_118" HPOS="288" VPOS="619" WIDTH="31" HEIGHT="19" WC="0.96" CONTENT="för"/><SP WIDTH="22" VPOS="619" HPOS="319"/>
							<String ID="string_119" HPOS="341" VPOS="619" WIDTH="36" HEIGHT="20" WC="0.96" CONTENT="det"/><SP WIDTH="22" VPOS="619" HPOS="377"/>
							<String ID="string_120" HPOS="399" VPOS="626" WIDTH="42" HEIGHT="19" WC="0.96" CONTENT="nya"/><SP WIDTH="23" VPOS="626" HPOS="441"/>
							<String ID="string_121" HPOS="464" VPOS="620" WIDTH="122" HEIGHT="19" WC="0.96" CONTENT="seminariet"/><SP WIDTH="23" VPOS="620" HPOS="586"/>
							<String ID="string_122" HPOS="609" VPOS="620" WIDTH="110" HEIGHT="23" WC="0.96" CONTENT="erfordras,"/><SP WIDTH="18" VPOS="620" HPOS="719"/>
							<String ID="string_123" HPOS="737" VPOS="619" WIDTH="69" HEIGHT="20" WC="0.93" CONTENT="skulle"/><SP WIDTH="15" VPOS="619" HPOS="806"/>
							<String ID="string_124" HPOS="821" VPOS="620" WIDTH="115" HEIGHT="19" WC="0.91" CONTENT="öfverföras"/><SP WIDTH="16" VPOS="620" HPOS="936"/>
							<String ID="string_125" HPOS="952" VPOS="619" WIDTH="26" HEIGHT="26" WC="0.96" CONTENT="på"/>
						</TextLine>
						<TextLine ID="line_14" HPOS="217" VPOS="652" WIDTH="761" HEIGHT="27">
							<String ID="string_126" HPOS="217" VPOS="652" WIDTH="72" HEIGHT="27" WC="0.96" CONTENT="någon"/><SP WIDTH="24" VPOS="652" HPOS="289"/>
							<String ID="string_127" HPOS="313" VPOS="660" WIDTH="69" HEIGHT="13" WC="0.93" CONTENT="annan"/><SP WIDTH="22" VPOS="660" HPOS="382"/>
							<String ID="string_128" HPOS="404" VPOS="654" WIDTH="134" HEIGHT="25" WC="0.92" CONTENT="anslagstitel"/><SP WIDTH="21" VPOS="654" HPOS="538"/>
							<String ID="string_129" HPOS="559" VPOS="655" WIDTH="25" HEIGHT="19" WC="0.93" CONTENT="än"/><SP WIDTH="24" VPOS="655" HPOS="584"/>
							<String ID="string_130" HPOS="608" VPOS="654" WIDTH="214" HEIGHT="19" WC="0.90" CONTENT="folkskoleväsendet."/><SP WIDTH="32" VPOS="654" HPOS="822"/>
							<String ID="string_131" HPOS="854" VPOS="654" WIDTH="59" HEIGHT="19" WC="0.75" CONTENT="Hvad"/><SP WIDTH="21" VPOS="654" HPOS="913"/>
							<String ID="string_132" HPOS="934" VPOS="653" WIDTH="44" HEIGHT="21" WC="0.96" CONTENT="åter"/>
						</TextLine>
						<TextLine ID="line_15" HPOS="218" VPOS="687" WIDTH="760" HEIGHT="27">
							<String ID="string_133" HPOS="218" VPOS="687" WIDTH="53" HEIGHT="19" WC="0.96" CONTENT="Herr"/><SP WIDTH="21" VPOS="687" HPOS="271"/>
							<String ID="string_134" HPOS="292" VPOS="694" WIDTH="41" HEIGHT="13" WC="0.93" CONTENT="von"/><SP WIDTH="18" VPOS="694" HPOS="333"/>
							<String ID="string_135" HPOS="351" VPOS="688" WIDTH="123" HEIGHT="26" WC="0.91" CONTENT="Zveygberg"/><SP WIDTH="15" VPOS="688" HPOS="474"/>
							<String ID="string_136" HPOS="489" VPOS="688" WIDTH="88" HEIGHT="20" WC="0.92" CONTENT="invändt"/><SP WIDTH="15" VPOS="688" HPOS="577"/>
							<String ID="string_137" HPOS="592" VPOS="690" WIDTH="57" HEIGHT="18" WC="0.93" CONTENT="emot"/><SP WIDTH="15" VPOS="690" HPOS="649"/>
							<String ID="string_138" HPOS="664" VPOS="690" WIDTH="121" HEIGHT="20" WC="0.90" CONTENT="externatet,"/><SP WIDTH="17" VPOS="690" HPOS="785"/>
							<String ID="string_139" HPOS="802" VPOS="694" WIDTH="62" HEIGHT="14" WC="0.96" CONTENT="anser"/><SP WIDTH="15" VPOS="694" HPOS="864"/>
							<String ID="string_140" HPOS="879" VPOS="688" WIDTH="37" HEIGHT="26" WC="0.96" CONTENT="jag"/><SP WIDTH="15" VPOS="688" HPOS="916"/>
							<String ID="string_141" HPOS="931" VPOS="688" WIDTH="47" HEIGHT="20" WC="0.96" CONTENT="icke"/>
						</TextLine>
						<TextLine ID="line_16" HPOS="217" VPOS="722" WIDTH="761" HEIGHT="26">
							<String ID="string_142" HPOS="217" VPOS="722" WIDTH="102" HEIGHT="19" WC="0.96" CONTENT="innebära"/><SP WIDTH="22" VPOS="722" HPOS="319"/>
							<String ID="string_143" HPOS="341" VPOS="722" WIDTH="70" HEIGHT="26" WC="0.96" CONTENT="någon"/><SP WIDTH="22" VPOS="722" HPOS="411"/>
							<String ID="string_144" HPOS="433" VPOS="723" WIDTH="132" HEIGHT="25" WC="0.86" CONTENT="motivering,"/><SP WIDTH="22" VPOS="723" HPOS="565"/>
							<String ID="string_145" HPOS="587" VPOS="724" WIDTH="24" HEIGHT="24" WC="0.96" CONTENT="ty"/><SP WIDTH="22" VPOS="724" HPOS="611"/>
							<String ID="string_146" HPOS="633" VPOS="722" WIDTH="65" HEIGHT="20" WC="0.96" CONTENT="ehuru"/><SP WIDTH="17" VPOS="722" HPOS="698"/>
							<String ID="string_147" HPOS="715" VPOS="723" WIDTH="40" HEIGHT="25" WC="0.96" CONTENT="jag"/><SP WIDTH="14" VPOS="723" HPOS="755"/>
							<String ID="string_148" HPOS="769" VPOS="724" WIDTH="35" HEIGHT="18" WC="0.96" CONTENT="vet"/><SP WIDTH="15" VPOS="724" HPOS="804"/>
							<String ID="string_149" HPOS="819" VPOS="724" WIDTH="31" HEIGHT="18" WC="0.96" CONTENT="att"/><SP WIDTH="16" VPOS="724" HPOS="850"/>
							<String ID="string_150" HPOS="866" VPOS="722" WIDTH="112" HEIGHT="26" WC="0.96" CONTENT="uppskatta"/>
						</TextLine>
						<TextLine ID="line_17" HPOS="216" VPOS="756" WIDTH="762" HEIGHT="26">
							<String ID="string_151" HPOS="216" VPOS="756" WIDTH="39" HEIGHT="19" WC="0.96" CONTENT="allt"/><SP WIDTH="23" VPOS="756" HPOS="255"/>
							<String ID="string_152" HPOS="278" VPOS="756" WIDTH="55" HEIGHT="20" WC="0.96" CONTENT="hvad"/><SP WIDTH="23" VPOS="756" HPOS="333"/>
							<String ID="string_153" HPOS="356" VPOS="757" WIDTH="40" HEIGHT="19" WC="0.96" CONTENT="den"/><SP WIDTH="23" VPOS="757" HPOS="396"/>
							<String ID="string_154" HPOS="419" VPOS="758" WIDTH="120" HEIGHT="18" WC="0.93" CONTENT="nuvarande"/><SP WIDTH="23" VPOS="758" HPOS="539"/>
							<String ID="string_155" HPOS="562" VPOS="757" WIDTH="229" HEIGHT="25" WC="0.91" CONTENT="folkskoleinspektorn"/><SP WIDTH="22" VPOS="757" HPOS="791"/>
							<String ID="string_156" HPOS="813" VPOS="757" WIDTH="57" HEIGHT="25" WC="0.96" CONTENT="gjort"/><SP WIDTH="16" VPOS="757" HPOS="870"/>
							<String ID="string_157" HPOS="886" VPOS="757" WIDTH="31" HEIGHT="19" WC="0.96" CONTENT="för"/><SP WIDTH="15" VPOS="757" HPOS="917"/>
							<String ID="string_158" HPOS="932" VPOS="756" WIDTH="46" HEIGHT="20" WC="0.96" CONTENT="vårt"/>
						</TextLine>
						<TextLine ID="line_18" HPOS="216" VPOS="790" WIDTH="762" HEIGHT="26">
							<String ID="string_159" HPOS="216" VPOS="790" WIDTH="200" HEIGHT="20" WC="0.91" CONTENT="folkskoleväsende"/><SP WIDTH="23" VPOS="790" HPOS="416"/>
							<String ID="string_160" HPOS="439" VPOS="792" WIDTH="40" HEIGHT="19" WC="0.95" CONTENT="och"/><SP WIDTH="21" VPOS="792" HPOS="479"/>
							<String ID="string_161" HPOS="500" VPOS="791" WIDTH="66" HEIGHT="19" WC="0.95" CONTENT="ehuru"/><SP WIDTH="19" VPOS="791" HPOS="566"/>
							<String ID="string_162" HPOS="585" VPOS="792" WIDTH="38" HEIGHT="18" WC="0.96" CONTENT="allt"/><SP WIDTH="17" VPOS="792" HPOS="623"/>
							<String ID="string_163" HPOS="640" VPOS="792" WIDTH="65" HEIGHT="18" WC="0.93" CONTENT="under"/><SP WIDTH="16" VPOS="792" HPOS="705"/>
							<String ID="string_164" HPOS="721" VPOS="791" WIDTH="55" HEIGHT="19" WC="0.91" CONTENT="elfva"/><SP WIDTH="16" VPOS="791" HPOS="776"/>
							<String ID="string_165" HPOS="792" VPOS="790" WIDTH="33" HEIGHT="20" WC="0.96" CONTENT="års"/><SP WIDTH="17" VPOS="790" HPOS="825"/>
							<String ID="string_166" HPOS="842" VPOS="791" WIDTH="30" HEIGHT="19" WC="0.96" CONTENT="tid"/><SP WIDTH="15" VPOS="791" HPOS="872"/>
							<String ID="string_167" HPOS="887" VPOS="790" WIDTH="46" HEIGHT="26" WC="0.93" CONTENT="gått"/><SP WIDTH="15" VPOS="790" HPOS="933"/>
							<String ID="string_168" HPOS="948" VPOS="792" WIDTH="30" HEIGHT="19" WC="0.93" CONTENT="ef-"/>
						</TextLine>
						<TextLine ID="line_19" HPOS="215" VPOS="824" WIDTH="762" HEIGHT="28">
							<String ID="string_169" HPOS="215" VPOS="826" WIDTH="33" HEIGHT="18" WC="0.96" CONTENT="ter"/><SP WIDTH="11" VPOS="826" HPOS="248"/>
							<String ID="string_170" HPOS="259" VPOS="826" WIDTH="68" HEIGHT="19" WC="0.96" CONTENT="denne"/><SP WIDTH="11" VPOS="826" HPOS="327"/>
							<String ID="string_171" HPOS="338" VPOS="832" WIDTH="61" HEIGHT="13" WC="0.96" CONTENT="mans"/><SP WIDTH="11" VPOS="832" HPOS="399"/>
							<String ID="string_172" HPOS="410" VPOS="824" WIDTH="62" HEIGHT="28" WC="0.92" CONTENT="åsigt,"/><SP WIDTH="18" VPOS="824" HPOS="472"/>
							<String ID="string_173" HPOS="490" VPOS="827" WIDTH="23" HEIGHT="18" WC="0.96" CONTENT="är"/><SP WIDTH="15" VPOS="827" HPOS="513"/>
							<String ID="string_174" HPOS="528" VPOS="826" WIDTH="35" HEIGHT="19" WC="0.96" CONTENT="det"/><SP WIDTH="16" VPOS="826" HPOS="563"/>
							<String ID="string_175" HPOS="579" VPOS="826" WIDTH="86" HEIGHT="19" WC="0.96" CONTENT="dermed"/><SP WIDTH="15" VPOS="826" HPOS="665"/>
							<String ID="string_176" HPOS="680" VPOS="826" WIDTH="54" HEIGHT="19" WC="0.96" CONTENT="dock"/><SP WIDTH="15" VPOS="826" HPOS="734"/>
							<String ID="string_177" HPOS="749" VPOS="826" WIDTH="47" HEIGHT="19" WC="0.93" CONTENT="icke"/><SP WIDTH="16" VPOS="826" HPOS="796"/>
							<String ID="string_178" HPOS="812" VPOS="826" WIDTH="68" HEIGHT="25" WC="0.90" CONTENT="sagdt,"/><SP WIDTH="17" VPOS="826" HPOS="880"/>
							<String ID="string_179" HPOS="897" VPOS="827" WIDTH="30" HEIGHT="18" WC="0.96" CONTENT="att"/><SP WIDTH="16" VPOS="827" HPOS="927"/>
							<String ID="string_180" HPOS="943" VPOS="826" WIDTH="34" HEIGHT="19" WC="0.96" CONTENT="det"/>
						</TextLine>
						<TextLine ID="line_20" HPOS="215" VPOS="860" WIDTH="524" HEIGHT="26">
							<String ID="string_181" HPOS="215" VPOS="860" WIDTH="19" HEIGHT="25" WC="0.96" CONTENT="ej"/><SP WIDTH="18" VPOS="860" HPOS="234"/>
							<String ID="string_182" HPOS="252" VPOS="867" WIDTH="50" HEIGHT="13" WC="0.96" CONTENT="vore"/><SP WIDTH="16" VPOS="867" HPOS="302"/>
							<String ID="string_183" HPOS="318" VPOS="861" WIDTH="46" HEIGHT="19" WC="0.96" CONTENT="skäl"/><SP WIDTH="16" VPOS="861" HPOS="364"/>
							<String ID="string_184" HPOS="380" VPOS="862" WIDTH="30" HEIGHT="18" WC="0.95" CONTENT="att"/><SP WIDTH="15" VPOS="862" HPOS="410"/>
							<String ID="string_185" HPOS="425" VPOS="861" WIDTH="85" HEIGHT="19" WC="0.96" CONTENT="försöka"/><SP WIDTH="15" VPOS="861" HPOS="510"/>
							<String ID="string_186" HPOS="525" VPOS="862" WIDTH="30" HEIGHT="18" WC="0.96" CONTENT="ett"/><SP WIDTH="16" VPOS="862" HPOS="555"/>
							<String ID="string_187" HPOS="571" VPOS="862" WIDTH="64" HEIGHT="18" WC="0.96" CONTENT="annat"/><SP WIDTH="16" VPOS="862" HPOS="635"/>
							<String ID="string_188" HPOS="651" VPOS="862" WIDTH="88" HEIGHT="24" WC="0.96" CONTENT="system."/>
						</TextLine>
					</TextBlock>
					<TextBlock ID="block_3" HPOS="215" VPOS="894" WIDTH="761" HEIGHT="61">
						<TextLine ID="line_21" HPOS="287" VPOS="894" WIDTH="689" HEIGHT="21">
							<String ID="string_189" HPOS="287" VPOS="894" WIDTH="68" HEIGHT="20" WC="0.94" CONTENT="Sedan"/><SP WIDTH="22" VPOS="894" HPOS="355"/>
							<String ID="string_190" HPOS="377" VPOS="896" WIDTH="148" HEIGHT="18" WC="0.93" CONTENT="diskussionen"/><SP WIDTH="16" VPOS="896" HPOS="525"/>
							<String ID="string_191" HPOS="541" VPOS="894" WIDTH="52" HEIGHT="21" WC="0.92" CONTENT="härå"/><SP WIDTH="16" VPOS="894" HPOS="593"/>
							<String ID="string_192" HPOS="609" VPOS="895" WIDTH="112" HEIGHT="19" WC="0.93" CONTENT="förklarats"/><SP WIDTH="16" VPOS="895" HPOS="721"/>
							<String ID="string_193" HPOS="737" VPOS="895" WIDTH="92" HEIGHT="19" WC="0.91" CONTENT="afslutad"/><SP WIDTH="16" VPOS="895" HPOS="829"/>
							<String ID="string_194" HPOS="845" VPOS="894" WIDTH="131" HEIGHT="20" WC="0.96" CONTENT="framställde"/>
						</TextLine>
						<TextLine ID="line_22" HPOS="215" VPOS="929" WIDTH="514" HEIGHT="26">
							<String ID="string_195" HPOS="215" VPOS="929" WIDTH="54" HEIGHT="19" WC="0.96" CONTENT="Herr"/><SP WIDTH="15" VPOS="929" HPOS="269"/>
							<String ID="string_196" HPOS="284" VPOS="929" WIDTH="157" HEIGHT="20" WC="0.96" CONTENT="Talmannen"/><SP WIDTH="16" VPOS="929" HPOS="441"/>
							<String ID="string_197" HPOS="457" VPOS="930" WIDTH="93" HEIGHT="24" WC="0.95" CONTENT="följande"/><SP WIDTH="17" VPOS="930" HPOS="550"/>
							<String ID="string_198" HPOS="567" VPOS="930" WIDTH="162" HEIGHT="25" WC="0.96" CONTENT="propositioner:"/>
						</TextLine>
					</TextBlock>
					<TextBlock ID="block_4" HPOS="213" VPOS="962" WIDTH="762" HEIGHT="199">
						<TextLine ID="line_23" HPOS="285" VPOS="962" WIDTH="690" HEIGHT="27">
							<String ID="string_199" HPOS="285" VPOS="964" WIDTH="124" HEIGHT="25" WC="0.89" CONTENT="Proposition"/><SP WIDTH="17" VPOS="964" HPOS="409"/>
							<String ID="string_200" HPOS="426" VPOS="964" WIDTH="37" HEIGHT="19" WC="0.96" CONTENT="N:o"/><SP WIDTH="16" VPOS="964" HPOS="463"/>
							<String ID="string_201" HPOS="479" VPOS="965" WIDTH="15" HEIGHT="18" WC="0.96" CONTENT="1."/><SP WIDTH="23" VPOS="965" HPOS="494"/>
							<String ID="string_202" HPOS="517" VPOS="964" WIDTH="46" HEIGHT="19" WC="0.95" CONTENT="Den"/><SP WIDTH="12" VPOS="964" HPOS="563"/>
							<String ID="string_203" HPOS="575" VPOS="970" WIDTH="46" HEIGHT="14" WC="0.96" CONTENT="som"/><SP WIDTH="10" VPOS="970" HPOS="621"/>
							<String ID="string_204" HPOS="631" VPOS="964" WIDTH="43" HEIGHT="23" WC="0.95" CONTENT="vill,"/><SP WIDTH="11" VPOS="964" HPOS="674"/>
							<String ID="string_205" HPOS="685" VPOS="962" WIDTH="71" HEIGHT="21" WC="0.93" CONTENT="såsom"/><SP WIDTH="13" VPOS="962" HPOS="756"/>
							<String ID="string_206" HPOS="769" VPOS="963" WIDTH="206" HEIGHT="26" WC="0.91" CONTENT="kontraproposition"/>
						</TextLine>
						<TextLine ID="line_24" HPOS="214" VPOS="998" WIDTH="760" HEIGHT="26">
							<String ID="string_207" HPOS="214" VPOS="1000" WIDTH="57" HEIGHT="18" WC="0.96" CONTENT="emot"/><SP WIDTH="24" VPOS="1000" HPOS="271"/>
							<String ID="string_208" HPOS="295" VPOS="998" WIDTH="114" HEIGHT="20" WC="0.96" CONTENT="utskottets"/><SP WIDTH="22" VPOS="998" HPOS="409"/>
							<String ID="string_209" HPOS="431" VPOS="999" WIDTH="140" HEIGHT="22" WC="0.96" CONTENT="betänkande,"/><SP WIDTH="23" VPOS="999" HPOS="571"/>
							<String ID="string_210" HPOS="594" VPOS="998" WIDTH="63" HEIGHT="19" WC="0.93" CONTENT="hafva"/><SP WIDTH="23" VPOS="998" HPOS="657"/>
							<String ID="string_211" HPOS="680" VPOS="998" WIDTH="108" HEIGHT="26" WC="0.91" CONTENT="uppstäldt"/><SP WIDTH="15" VPOS="998" HPOS="788"/>
							<String ID="string_212" HPOS="803" VPOS="998" WIDTH="35" HEIGHT="19" WC="0.96" CONTENT="det"/><SP WIDTH="16" VPOS="998" HPOS="838"/>
							<String ID="string_213" HPOS="854" VPOS="998" WIDTH="120" HEIGHT="25" WC="0.96" CONTENT="föreslagna"/>
						</TextLine>
						<TextLine ID="line_25" HPOS="213" VPOS="1032" WIDTH="762" HEIGHT="26">
							<String ID="string_214" HPOS="213" VPOS="1033" WIDTH="172" HEIGHT="19" WC="0.91" CONTENT="amendementet"/><SP WIDTH="15" VPOS="1033" HPOS="385"/>
							<String ID="string_215" HPOS="400" VPOS="1039" WIDTH="34" HEIGHT="13" WC="0.96" CONTENT="om"/><SP WIDTH="16" VPOS="1039" HPOS="434"/>
							<String ID="string_216" HPOS="450" VPOS="1033" WIDTH="134" HEIGHT="19" WC="0.96" CONTENT="uteslutande"/><SP WIDTH="15" VPOS="1033" HPOS="584"/>
							<String ID="string_217" HPOS="599" VPOS="1033" WIDTH="23" HEIGHT="19" WC="0.96" CONTENT="af"/><SP WIDTH="13" VPOS="1033" HPOS="622"/>
							<String ID="string_218" HPOS="635" VPOS="1033" WIDTH="74" HEIGHT="25" WC="0.96" CONTENT="hvarje"/><SP WIDTH="15" VPOS="1033" HPOS="709"/>
							<String ID="string_219" HPOS="724" VPOS="1032" WIDTH="136" HEIGHT="26" WC="0.96" CONTENT="bestämning"/><SP WIDTH="10" VPOS="1032" HPOS="860"/>
							<String ID="string_220" HPOS="870" VPOS="1038" WIDTH="35" HEIGHT="14" WC="0.96" CONTENT="om"/><SP WIDTH="10" VPOS="1038" HPOS="905"/>
							<String ID="string_221" HPOS="915" VPOS="1033" WIDTH="60" HEIGHT="18" WC="0.96" CONTENT="orten"/>
						</TextLine>
						<TextLine ID="line_26" HPOS="213" VPOS="1066" WIDTH="762" HEIGHT="27">
							<String ID="string_222" HPOS="213" VPOS="1067" WIDTH="32" HEIGHT="19" WC="0.95" CONTENT="för"/><SP WIDTH="24" VPOS="1067" HPOS="245"/>
							<String ID="string_223" HPOS="269" VPOS="1067" WIDTH="144" HEIGHT="25" WC="0.96" CONTENT="anläggandet"/><SP WIDTH="22" VPOS="1067" HPOS="413"/>
							<String ID="string_224" HPOS="435" VPOS="1068" WIDTH="22" HEIGHT="18" WC="0.96" CONTENT="af"/><SP WIDTH="18" VPOS="1068" HPOS="457"/>
							<String ID="string_225" HPOS="475" VPOS="1069" WIDTH="30" HEIGHT="17" WC="0.96" CONTENT="ett"/><SP WIDTH="15" VPOS="1069" HPOS="505"/>
							<String ID="string_226" HPOS="520" VPOS="1068" WIDTH="48" HEIGHT="25" WC="0.96" CONTENT="nytt"/><SP WIDTH="15" VPOS="1068" HPOS="568"/>
							<String ID="string_227" HPOS="583" VPOS="1067" WIDTH="144" HEIGHT="22" WC="0.96" CONTENT="seminarium,"/><SP WIDTH="16" VPOS="1067" HPOS="727"/>
							<String ID="string_228" HPOS="743" VPOS="1073" WIDTH="73" HEIGHT="13" WC="0.96" CONTENT="svarar"/><SP WIDTH="10" VPOS="1073" HPOS="816"/>
							<String ID="string_229" HPOS="826" VPOS="1067" WIDTH="30" HEIGHT="25" WC="0.95" CONTENT="ja,"/><SP WIDTH="16" VPOS="1067" HPOS="856"/>
							<String ID="string_230" HPOS="872" VPOS="1066" WIDTH="40" HEIGHT="20" WC="0.96" CONTENT="den"/><SP WIDTH="16" VPOS="1066" HPOS="912"/>
							<String ID="string_231" HPOS="928" VPOS="1072" WIDTH="47" HEIGHT="14" WC="0.96" CONTENT="som"/>
						</TextLine>
						<TextLine ID="line_27" HPOS="213" VPOS="1100" WIDTH="762" HEIGHT="27">
							<String ID="string_232" HPOS="213" VPOS="1102" WIDTH="7" HEIGHT="18" WC="0.96" CONTENT="i"/><SP WIDTH="17" VPOS="1102" HPOS="220"/>
							<String ID="string_233" HPOS="237" VPOS="1100" WIDTH="77" HEIGHT="21" WC="0.96" CONTENT="sådant"/><SP WIDTH="15" VPOS="1100" HPOS="314"/>
							<String ID="string_234" HPOS="329" VPOS="1102" WIDTH="98" HEIGHT="19" WC="0.93" CONTENT="afseende"/><SP WIDTH="16" VPOS="1102" HPOS="427"/>
							<String ID="string_235" HPOS="443" VPOS="1102" WIDTH="120" HEIGHT="25" WC="0.92" CONTENT="föredrager"/><SP WIDTH="16" VPOS="1102" HPOS="563"/>
							<String ID="string_236" HPOS="579" VPOS="1102" WIDTH="52" HEIGHT="19" WC="0.95" CONTENT="Herr"/><SP WIDTH="14" VPOS="1102" HPOS="631"/>
							<String ID="string_237" HPOS="645" VPOS="1102" WIDTH="110" HEIGHT="19" WC="0.96" CONTENT="Boströms"/><SP WIDTH="14" VPOS="1102" HPOS="755"/>
							<String ID="string_238" HPOS="769" VPOS="1101" WIDTH="97" HEIGHT="26" WC="0.95" CONTENT="yrkande"/><SP WIDTH="15" VPOS="1101" HPOS="866"/>
							<String ID="string_239" HPOS="881" VPOS="1102" WIDTH="31" HEIGHT="18" WC="0.93" CONTENT="att"/><SP WIDTH="10" VPOS="1102" HPOS="912"/>
							<String ID="string_240" HPOS="922" VPOS="1101" WIDTH="53" HEIGHT="25" WC="0.92" CONTENT="peti-"/>
						</TextLine>
						<TextLine ID="line_28" HPOS="213" VPOS="1135" WIDTH="489" HEIGHT="26">
							<String ID="string_241" HPOS="213" VPOS="1135" WIDTH="161" HEIGHT="26" WC="0.92" CONTENT="tionsförslaget"/><SP WIDTH="16" VPOS="1135" HPOS="374"/>
							<String ID="string_242" HPOS="390" VPOS="1136" WIDTH="68" HEIGHT="19" WC="0.96" CONTENT="skulle"/><SP WIDTH="15" VPOS="1136" HPOS="458"/>
							<String ID="string_243" HPOS="473" VPOS="1136" WIDTH="89" HEIGHT="23" WC="0.95" CONTENT="förfalla,"/><SP WIDTH="16" VPOS="1136" HPOS="562"/>
							<String ID="string_244" HPOS="578" VPOS="1142" WIDTH="73" HEIGHT="13" WC="0.95" CONTENT="svarar"/><SP WIDTH="14" VPOS="1142" HPOS="651"/>
							<String ID="string_245" HPOS="665" VPOS="1136" WIDTH="37" HEIGHT="25" WC="0.92" CONTENT="nej."/>
						</TextLine>
					</TextBlock>
					<TextBlock ID="block_5" HPOS="285" VPOS="1170" WIDTH="420" HEIGHT="25">
						<TextLine ID="line_29" HPOS="285" VPOS="1170" WIDTH="420" HEIGHT="25">
							<String ID="string_246" HPOS="285" VPOS="1170" WIDTH="73" HEIGHT="20" WC="0.96" CONTENT="Svaret"/><SP WIDTH="15" VPOS="1170" HPOS="358"/>
							<String ID="string_247" HPOS="373" VPOS="1171" WIDTH="60" HEIGHT="19" WC="0.96" CONTENT="utföll"/><SP WIDTH="13" VPOS="1171" HPOS="433"/>
							<String ID="string_248" HPOS="446" VPOS="1171" WIDTH="48" HEIGHT="19" WC="0.93" CONTENT="med"/><SP WIDTH="15" VPOS="1171" HPOS="494"/>
							<String ID="string_249" HPOS="509" VPOS="1170" WIDTH="156" HEIGHT="25" WC="0.91" CONTENT="öfvervägande"/><SP WIDTH="11" VPOS="1170" HPOS="665"/>
							<String ID="string_250" HPOS="676" VPOS="1170" WIDTH="29" HEIGHT="25" WC="0.94" CONTENT="ja."/>
						</TextLine>
					</TextBlock>
					<TextBlock ID="block_6" HPOS="211" VPOS="1204" WIDTH="764" HEIGHT="94">
						<TextLine ID="line_30" HPOS="284" VPOS="1204" WIDTH="691" HEIGHT="26">
							<String ID="string_251" HPOS="284" VPOS="1205" WIDTH="125" HEIGHT="24" WC="0.94" CONTENT="Proposition"/><SP WIDTH="15" VPOS="1205" HPOS="409"/>
							<String ID="string_252" HPOS="424" VPOS="1205" WIDTH="39" HEIGHT="19" WC="0.96" CONTENT="N:o"/><SP WIDTH="17" VPOS="1205" HPOS="463"/>
							<String ID="string_253" HPOS="480" VPOS="1205" WIDTH="18" HEIGHT="19" WC="0.95" CONTENT="2."/><SP WIDTH="33" VPOS="1205" HPOS="498"/>
							<String ID="string_254" HPOS="531" VPOS="1205" WIDTH="46" HEIGHT="19" WC="0.96" CONTENT="Den"/><SP WIDTH="24" VPOS="1205" HPOS="577"/>
							<String ID="string_255" HPOS="601" VPOS="1211" WIDTH="46" HEIGHT="13" WC="0.96" CONTENT="som"/><SP WIDTH="21" VPOS="1211" HPOS="647"/>
							<String ID="string_256" HPOS="668" VPOS="1205" WIDTH="123" HEIGHT="25" WC="0.96" CONTENT="godkänner"/><SP WIDTH="16" VPOS="1205" HPOS="791"/>
							<String ID="string_257" HPOS="807" VPOS="1204" WIDTH="115" HEIGHT="19" WC="0.93" CONTENT="utskottets"/><SP WIDTH="16" VPOS="1204" HPOS="922"/>
							<String ID="string_258" HPOS="938" VPOS="1204" WIDTH="37" HEIGHT="19" WC="0.92" CONTENT="be-"/>
						</TextLine>
						<TextLine ID="line_31" HPOS="211" VPOS="1238" WIDTH="763" HEIGHT="26">
							<String ID="string_259" HPOS="211" VPOS="1239" WIDTH="110" HEIGHT="20" WC="0.96" CONTENT="tänkande"/><SP WIDTH="16" VPOS="1239" HPOS="321"/>
							<String ID="string_260" HPOS="337" VPOS="1240" WIDTH="6" HEIGHT="18" WC="0.96" CONTENT="i"/><SP WIDTH="16" VPOS="1240" HPOS="343"/>
							<String ID="string_261" HPOS="359" VPOS="1239" WIDTH="49" HEIGHT="19" WC="0.96" CONTENT="dess"/><SP WIDTH="23" VPOS="1239" HPOS="408"/>
							<String ID="string_262" HPOS="431" VPOS="1239" WIDTH="77" HEIGHT="23" WC="0.96" CONTENT="helhet,"/><SP WIDTH="20" VPOS="1239" HPOS="508"/>
							<String ID="string_263" HPOS="528" VPOS="1245" WIDTH="73" HEIGHT="13" WC="0.96" CONTENT="svarar"/><SP WIDTH="15" VPOS="1245" HPOS="601"/>
							<String ID="string_264" HPOS="616" VPOS="1239" WIDTH="38" HEIGHT="25" WC="0.96" CONTENT="ja;"/><SP WIDTH="20" VPOS="1239" HPOS="654"/>
							<String ID="string_265" HPOS="674" VPOS="1239" WIDTH="40" HEIGHT="19" WC="0.96" CONTENT="den"/><SP WIDTH="16" VPOS="1239" HPOS="714"/>
							<String ID="string_266" HPOS="730" VPOS="1245" WIDTH="46" HEIGHT="13" WC="0.96" CONTENT="som"/><SP WIDTH="16" VPOS="1245" HPOS="776"/>
							<String ID="string_267" HPOS="792" VPOS="1238" WIDTH="36" HEIGHT="19" WC="0.96" CONTENT="vill"/><SP WIDTH="16" VPOS="1238" HPOS="828"/>
							<String ID="string_268" HPOS="844" VPOS="1240" WIDTH="79" HEIGHT="23" WC="0.93" CONTENT="antaga"/><SP WIDTH="15" VPOS="1240" HPOS="923"/>
							<String ID="string_269" HPOS="938" VPOS="1239" WIDTH="36" HEIGHT="19" WC="0.90" CONTENT="be-"/>
						</TextLine>
						<TextLine ID="line_32" HPOS="212" VPOS="1273" WIDTH="762" HEIGHT="25">
							<String ID="string_270" HPOS="212" VPOS="1274" WIDTH="118" HEIGHT="19" WC="0.96" CONTENT="tänkandet"/><SP WIDTH="21" VPOS="1274" HPOS="330"/>
							<String ID="string_271" HPOS="351" VPOS="1274" WIDTH="48" HEIGHT="19" WC="0.93" CONTENT="med"/><SP WIDTH="22" VPOS="1274" HPOS="399"/>
							<String ID="string_272" HPOS="421" VPOS="1274" WIDTH="158" HEIGHT="19" WC="0.91" CONTENT="bortlemnande"/><SP WIDTH="17" VPOS="1274" HPOS="579"/>
							<String ID="string_273" HPOS="596" VPOS="1274" WIDTH="23" HEIGHT="19" WC="0.93" CONTENT="af"/><SP WIDTH="13" VPOS="1274" HPOS="619"/>
							<String ID="string_274" HPOS="632" VPOS="1273" WIDTH="201" HEIGHT="25" WC="0.91" CONTENT="ortbestämningen,"/><SP WIDTH="17" VPOS="1273" HPOS="833"/>
							<String ID="string_275" HPOS="850" VPOS="1279" WIDTH="72" HEIGHT="12" WC="0.96" CONTENT="svarar"/><SP WIDTH="14" VPOS="1279" HPOS="922"/>
							<String ID="string_276" HPOS="936" VPOS="1273" WIDTH="38" HEIGHT="25" WC="0.94" CONTENT="nej."/>
						</TextLine>
					</TextBlock>
					<TextBlock ID="block_7" HPOS="210" VPOS="1307" WIDTH="765" HEIGHT="130">
						<TextLine ID="line_33" HPOS="283" VPOS="1307" WIDTH="691" HEIGHT="26">
							<String ID="string_277" HPOS="283" VPOS="1308" WIDTH="158" HEIGHT="25" WC="0.96" CONTENT="Propositionen"/><SP WIDTH="19" VPOS="1308" HPOS="441"/>
							<String ID="string_278" HPOS="460" VPOS="1308" WIDTH="128" HEIGHT="19" WC="0.96" CONTENT="besvarades"/><SP WIDTH="18" VPOS="1308" HPOS="588"/>
							<String ID="string_279" HPOS="606" VPOS="1308" WIDTH="49" HEIGHT="19" WC="0.93" CONTENT="med"/><SP WIDTH="15" VPOS="1308" HPOS="655"/>
							<String ID="string_280" HPOS="670" VPOS="1307" WIDTH="101" HEIGHT="20" WC="0.91" CONTENT="blandadt"/><SP WIDTH="11" VPOS="1307" HPOS="771"/>
							<String ID="string_281" HPOS="782" VPOS="1307" WIDTH="24" HEIGHT="25" WC="0.93" CONTENT="ja"/><SP WIDTH="15" VPOS="1307" HPOS="806"/>
							<String ID="string_282" HPOS="821" VPOS="1307" WIDTH="41" HEIGHT="19" WC="0.96" CONTENT="och"/><SP WIDTH="15" VPOS="1307" HPOS="862"/>
							<String ID="string_283" HPOS="877" VPOS="1307" WIDTH="31" HEIGHT="24" WC="0.95" CONTENT="nej"/><SP WIDTH="16" VPOS="1307" HPOS="908"/>
							<String ID="string_284" HPOS="924" VPOS="1309" WIDTH="50" HEIGHT="17" WC="0.96" CONTENT="utan"/>
						</TextLine>
						<TextLine ID="line_34" HPOS="211" VPOS="1341" WIDTH="763" HEIGHT="27">
							<String ID="string_285" HPOS="211" VPOS="1342" WIDTH="72" HEIGHT="26" WC="0.93" CONTENT="tydlig"/><SP WIDTH="22" VPOS="1342" HPOS="283"/>
							<String ID="string_286" HPOS="305" VPOS="1343" WIDTH="148" HEIGHT="25" WC="0.91" CONTENT="röstöfvervigt"/><SP WIDTH="16" VPOS="1343" HPOS="453"/>
							<String ID="string_287" HPOS="469" VPOS="1341" WIDTH="12" HEIGHT="20" WC="0.92" CONTENT="å"/><SP WIDTH="15" VPOS="1341" HPOS="481"/>
							<String ID="string_288" HPOS="496" VPOS="1341" WIDTH="123" HEIGHT="27" WC="0.96" CONTENT="någondera"/><SP WIDTH="21" VPOS="1341" HPOS="619"/>
							<String ID="string_289" HPOS="640" VPOS="1343" WIDTH="67" HEIGHT="22" WC="0.92" CONTENT="sidan,"/><SP WIDTH="23" VPOS="1343" HPOS="707"/>
							<String ID="string_290" HPOS="730" VPOS="1342" WIDTH="118" HEIGHT="25" WC="0.91" CONTENT="hvarjemte"/><SP WIDTH="22" VPOS="1342" HPOS="848"/>
							<String ID="string_291" HPOS="870" VPOS="1342" WIDTH="104" HEIGHT="25" WC="0.96" CONTENT="begärdes"/>
						</TextLine>
						<TextLine ID="line_35" HPOS="210" VPOS="1375" WIDTH="765" HEIGHT="28">
							<String ID="string_292" HPOS="210" VPOS="1377" WIDTH="110" HEIGHT="26" WC="0.78" CONTENT="votering;"/><SP WIDTH="23" VPOS="1377" HPOS="320"/>
							<String ID="string_293" HPOS="343" VPOS="1377" WIDTH="40" HEIGHT="19" WC="0.95" CONTENT="och"/><SP WIDTH="22" VPOS="1377" HPOS="383"/>
							<String ID="string_294" HPOS="405" VPOS="1377" WIDTH="60" HEIGHT="19" WC="0.96" CONTENT="utföll"/><SP WIDTH="17" VPOS="1377" HPOS="465"/>
							<String ID="string_295" HPOS="482" VPOS="1377" WIDTH="74" HEIGHT="22" WC="0.96" CONTENT="denna,"/><SP WIDTH="17" VPOS="1377" HPOS="556"/>
							<String ID="string_296" HPOS="573" VPOS="1383" WIDTH="46" HEIGHT="13" WC="0.96" CONTENT="som"/><SP WIDTH="16" VPOS="1383" HPOS="619"/>
							<String ID="string_297" HPOS="635" VPOS="1377" WIDTH="7" HEIGHT="18" WC="0.96" CONTENT="i"/><SP WIDTH="16" VPOS="1377" HPOS="642"/>
							<String ID="string_298" HPOS="658" VPOS="1376" WIDTH="53" HEIGHT="25" WC="0.96" CONTENT="följd"/><SP WIDTH="14" VPOS="1376" HPOS="711"/>
							<String ID="string_299" HPOS="725" VPOS="1377" WIDTH="63" HEIGHT="19" WC="0.92" CONTENT="häraf"/><SP WIDTH="13" VPOS="1377" HPOS="788"/>
							<String ID="string_300" HPOS="801" VPOS="1376" WIDTH="109" HEIGHT="19" WC="0.91" CONTENT="anstäldes"/><SP WIDTH="16" VPOS="1376" HPOS="910"/>
							<String ID="string_301" HPOS="926" VPOS="1375" WIDTH="49" HEIGHT="20" WC="0.96" CONTENT="med"/>
						</TextLine>
						<TextLine ID="line_36" HPOS="212" VPOS="1411" WIDTH="455" HEIGHT="26">
							<String ID="string_302" HPOS="212" VPOS="1412" WIDTH="25" HEIGHT="18" WC="0.94" CONTENT="14"/><SP WIDTH="15" VPOS="1412" HPOS="237"/>
							<String ID="string_303" HPOS="252" VPOS="1413" WIDTH="63" HEIGHT="17" WC="0.94" CONTENT="röster"/><SP WIDTH="14" VPOS="1413" HPOS="315"/>
							<String ID="string_304" HPOS="329" VPOS="1411" WIDTH="32" HEIGHT="25" WC="0.96" CONTENT="för"/><SP WIDTH="10" VPOS="1411" HPOS="361"/>
							<String ID="string_305" HPOS="371" VPOS="1411" WIDTH="25" HEIGHT="26" WC="0.96" CONTENT="ja"/><SP WIDTH="15" VPOS="1411" HPOS="396"/>
							<String ID="string_306" HPOS="411" VPOS="1411" WIDTH="39" HEIGHT="20" WC="0.96" CONTENT="och"/><SP WIDTH="16" VPOS="1411" HPOS="450"/>
							<String ID="string_307" HPOS="466" VPOS="1412" WIDTH="26" HEIGHT="19" WC="0.96" CONTENT="18"/><SP WIDTH="14" VPOS="1412" HPOS="492"/>
							<String ID="string_308" HPOS="506" VPOS="1413" WIDTH="62" HEIGHT="18" WC="0.96" CONTENT="röster"/><SP WIDTH="14" VPOS="1413" HPOS="568"/>
							<String ID="string_309" HPOS="582" VPOS="1411" WIDTH="33" HEIGHT="25" WC="0.96" CONTENT="för"/><SP WIDTH="15" VPOS="1411" HPOS="615"/>
							<String ID="string_310" HPOS="630" VPOS="1411" WIDTH="37" HEIGHT="26" WC="0.95" CONTENT="nej."/>
						</TextLine>
					</TextBlock>
				</ComposedBlock>
			</PrintSpace>
		</Page>
	</Layout>
</alto>
