1109 1817
450 182 39 17 Den
503 182 11 17 6
525 181 48 17 Juni.
828 182 46 18 2013

206 239 39 20 Om
267 238 88 21 Ständet
377 238 90 21 sålunda
490 239 80 20 fattade
593 239 69 20 beslut
678 239 69 20 skulle
763 238 60 21 såväl
839 240 57 19 Med-

134 273 92 21 ständen
241 280 46 13 som
303 275 154 18 sammansatta
468 273 69 20 Stats-
548 273 41 20 och
601 273 208 20 Ekonomiutskottet
820 274 76 20 under-

136 309 66 19 rättas
217 314 77 19 genom
310 308 75 25 utdrag
400 314 24 12 ur
439 307 134 26 protokollet.

206 342 168 19 Sammanträdet
389 341 54 20 slöts
459 341 28 20 kl.
505 341 49 27 2!/,
569 348 18 13 e.
603 348 27 13 m.

351 517 158 28 Thorsdagen
526 517 46 22 den
590 517 14 22 6
619 517 62 22 Juni

134 581 91 20 klockan
248 581 47 27 !/,6
317 588 18 13 e.
358 589 27 12 m.
405 581 172 20 sammanträdde
593 581 32 20 till
640 581 84 26 plenum
741 581 153 26 Borgarestän-

134 616 47 19 dets
197 616 98 25 samtlige
310 616 138 19 medlemmar
463 616 48 19 med
527 616 108 25 undantag
651 616 22 19 af
686 616 77 19 Herrar
780 616 114 20 Wendelin

132 650 43 20 och
199 650 130 23 Gummerus,
353 657 46 13 som
415 651 22 18 af
451 651 56 18 förut
522 650 132 19 antecknade
669 650 87 19 orsaker
771 657 50 13 voro
837 649 57 21 frän-

134 684 99 20 varande.

204 718 41 20 Till
257 718 107 26 justering
374 718 109 26 upplästes
495 716 110 28 ätskilliga
615 719 76 25 utdrag
701 725 24 13 ur
736 719 158 25 förmiddagens

133 752 110 26 protokoll.

204 787 41 19 Till
260 787 119 19 kännedom
395 787 123 25 föredrogos
534 787 93 26 följande
643 787 32 19 till
689 786 88 21 Ständet
788 788 106 19 ankomna

133 822 195 25 protokollsutdrag
335 828 4 13 :

205 856 39 26 1:0)
274 855 54 20 Frän
344 856 122 26 Höglofliga
481 856 155 26 Ridderskapet
651 856 41 20 och
707 856 70 20 Adeln
793 856 23 20 af
829 856 41 20 den
880 856 14 19 4

132 889 57 24 Juni,
205 889 110 27 angäende
331 890 19 26 a)
367 891 114 25 afböjande
497 891 23 18 af
534 890 189 26 Borgareständets
737 890 127 26 inbjudning
873 890 23 20 af

133 924 41 20 den
198 924 25 20 31
247 925 42 25 Maj
312 931 34 13 om
362 924 121 20 äterremiss
499 925 23 19 af
536 924 14 26 &
567 925 18 23 7,
601 925 7 19 i
623 925 144 19 betänkandet
782 924 111 26 angäende

134 958 83 26 Nädiga
233 959 156 25 propositionen
404 965 35 13 om
454 959 255 25 kommunalförvaltning
724 959 7 19 i
747 959 47 19 stad
809 959 33 19 till
857 965 37 13 ve-

134 993 130 19 derbörande
279 994 86 22 utskott,
381 993 21 26 b)
418 993 7 19 i
440 993 117 26 anledning
572 995 23 17 af
607 994 63 18 väckt
683 994 165 25 petionsförslag
858 999 36 13 om

134 1026 131 21 Ständernas
282 1027 93 20 hörande
398 1028 6 18 i
427 1026 71 27 frägor
520 1034 35 13 om
579 1027 313 27 Universitetslagstiftningen,

136 1060 21 28 c)
173 1062 7 19 i
194 1062 114 26 anledning
319 1062 22 19 af
350 1062 119 26 föreslagen
481 1062 88 26 petition
577 1061 111 26 angäende
696 1060 198 22 theaterförhällan-

133 1096 56 19 dena
204 1096 7 18 i
225 1096 155 20 hufvudstaden
403 1096 20 24 d)
445 1095 112 27 angäende
577 1096 64 19 väckt
663 1096 181 26 petitionsförslag
858 1102 36 14 om

133 1130 133 19 afskaffande
287 1130 22 19 af
327 1130 40 19 den
382 1130 7 19 i
405 1130 101 25 Wiborgs
527 1130 36 19 län
585 1130 66 19 under
673 1136 64 13 namn
753 1130 22 19 af
788 1130 106 25 gärdehö-

133 1164 70 19 medel
225 1164 107 25 uppburna
355 1164 63 23 skatt,
441 1163 42 26 e)i
499 1164 116 25 anledning
634 1165 23 18 af
670 1164 120 26 föreslagen
805 1164 89 25 petition

133 1198 88 19 rörande
244 1199 106 25 reglering
368 1199 23 18 af
403 1198 170 26 presterskapets
589 1199 94 25 aflöning
699 1201 56 17 samt
770 1198 124 26 byggandet

132 1232 41 19 och
195 1231 132 21 underhället
349 1233 23 19 af
392 1233 184 25 prestaboställen,
600 1234 55 18 samt
677 1233 16 24 f)
715 1239 34 13 om
772 1233 122 25 föreslagna

132 1266 111 25 petitioner
265 1266 110 27 angående
398 1267 45 19 dels
459 1267 130 25 utvidgande
605 1267 23 19 af
640 1267 253 26 Vetenskapssocieteten

131 1299 42 20 och
188 1301 118 20 inrättande
321 1301 22 19 af
357 1307 25 13 en
398 1301 235 26 Vetenskapsakademi
648 1301 32 19 för
695 1301 89 19 Finland
800 1301 46 19 dels
856 1307 36 13 an-

131 1334 49 25 slag
195 1341 24 12 ur
235 1335 106 20 allmänna
357 1335 69 19 medel
441 1335 32 19 för
489 1335 106 20 särskilda
610 1335 161 26 vetenskapliga
782 1333 110 26 ändamål;

201 1369 42 25 2:0)
266 1368 54 20 Frän
339 1369 137 26 Högvördiga
491 1368 160 21 Presteständet
667 1370 23 19 af
703 1370 40 19 den
760 1370 33 23 27,
809 1368 27 20 29
852 1369 40 19 och

131 1402 27 21 31
182 1402 41 26 Maj
246 1402 149 21 innehällande
417 1402 101 21 Ständets
534 1403 70 20 beslut
619 1404 7 19 i
641 1404 116 25 anledning
773 1404 22 19 af
808 1402 85 27 Nädiga

131 1437 157 26 propositionen
311 1437 109 26 angående
442 1438 144 26 tillverkning,
609 1438 134 26 försäljning,
758 1438 78 26 upplag
852 1438 40 19 och

130 1471 91 26 forsling
235 1472 23 19 af
271 1472 111 23 brännvin;
