<?xml version="1.0" encoding="UTF-8"?>
<alto xmlns="http://www.loc.gov/standards/alto/ns-v3#" xmlns:xlink="http://www.w3.org/1999/xlink" xmlns:xsi="http://www.w3.org/2001/XMLSchema-instance" xsi:schemaLocation="http://www.loc.gov/standards/alto/ns-v3# http://www.loc.gov/alto/v3/alto-3-0.xsd">
	<Description>
		<MeasurementUnit>pixel</MeasurementUnit>
		<sourceImageInformation>
			<fileName>/tmp/tess_rtocvt8b_input.PNG</fileName>
		</sourceImageInformation>
		<OCRProcessing ID="OCR_0">
			<ocrProcessingStep>
				<processingSoftware>
					<softwareName>tesseract 5.3.4</softwareName>
				</processingSoftware>
			</ocrProcessingStep>
		</OCRProcessing>
	</Description>
	<Layout>
		<Page WIDTH="1109" HEIGHT="1817" PHYSICAL_IMG_NR="0" ID="page_0">
			<PrintSpace HPOS="0" VPOS="0" WIDTH="1109" HEIGHT="1817">
				<ComposedBlock ID="cblock_0" HPOS="253" VPOS="154" WIDTH="424" HEIGHT="31">
					<TextBlock ID="block_0" HPOS="253" VPOS="154" WIDTH="424" HEIGHT="31">
						<TextLine ID="line_0" HPOS="253" VPOS="154" WIDTH="424" HEIGHT="31">
							<String ID="string_0" HPOS="253" VPOS="154" WIDTH="45" HEIGHT="31" WC="0.96" CONTENT="1596"/><SP WIDTH="245" VPOS="154" HPOS="298"/>
							<String ID="string_1" HPOS="543" VPOS="158" WIDTH="40" HEIGHT="18" WC="0.96" CONTENT="Den"/><SP WIDTH="13" VPOS="158" HPOS="583"/>
							<String ID="string_2" HPOS="596" VPOS="158" WIDTH="21" HEIGHT="18" WC="0.96" CONTENT="27"/><SP WIDTH="19" VPOS="158" HPOS="617"/>
							<String ID="string_3" HPOS="636" VPOS="158" WIDTH="41" HEIGHT="23" WC="0.93" CONTENT="Maj."/>
						</TextLine>
					</TextBlock>
				</ComposedBlock>
				<ComposedBlock ID="cblock_1" HPOS="227" VPOS="216" WIDTH="769" HEIGHT="1228">
					<TextBlock ID="block_1" HPOS="227" VPOS="216" WIDTH="769" HEIGHT="1228">
						<TextLine ID="line_1" HPOS="229" VPOS="216" WIDTH="767" HEIGHT="27">
							<String ID="string_4" HPOS="229" VPOS="216" WIDTH="26" HEIGHT="21" WC="0.95" CONTENT="så"/><SP WIDTH="15" VPOS="216" HPOS="255"/>
							<String ID="string_5" HPOS="270" VPOS="216" WIDTH="60" HEIGHT="27" WC="0.96" CONTENT="långt"/><SP WIDTH="15" VPOS="216" HPOS="330"/>
							<String ID="string_6" HPOS="345" VPOS="218" WIDTH="63" HEIGHT="19" WC="0.96" CONTENT="dessa"/><SP WIDTH="16" VPOS="218" HPOS="408"/>
							<String ID="string_7" HPOS="424" VPOS="218" WIDTH="36" HEIGHT="19" WC="0.96" CONTENT="äro"/><SP WIDTH="16" VPOS="218" HPOS="460"/>
							<String ID="string_8" HPOS="476" VPOS="217" WIDTH="87" HEIGHT="26" WC="0.95" CONTENT="lagliga."/><SP WIDTH="34" VPOS="217" HPOS="563"/>
							<String ID="string_9" HPOS="597" VPOS="218" WIDTH="139" HEIGHT="25" WC="0.96" CONTENT="Magistraten"/><SP WIDTH="16" VPOS="218" HPOS="736"/>
							<String ID="string_10" HPOS="752" VPOS="217" WIDTH="38" HEIGHT="20" WC="0.96" CONTENT="har"/><SP WIDTH="15" VPOS="217" HPOS="790"/>
							<String ID="string_11" HPOS="805" VPOS="218" WIDTH="76" HEIGHT="19" WC="0.96" CONTENT="endast"/><SP WIDTH="15" VPOS="218" HPOS="881"/>
							<String ID="string_12" HPOS="896" VPOS="220" WIDTH="30" HEIGHT="17" WC="0.96" CONTENT="att"/><SP WIDTH="15" VPOS="220" HPOS="926"/>
							<String ID="string_13" HPOS="941" VPOS="217" WIDTH="55" HEIGHT="20" WC="0.96" CONTENT="vaka"/>
						</TextLine>
						<TextLine ID="line_2" HPOS="229" VPOS="250" WIDTH="766" HEIGHT="28">
							<String ID="string_14" HPOS="229" VPOS="252" WIDTH="96" HEIGHT="19" WC="0.91" CONTENT="deröfver"/><SP WIDTH="15" VPOS="252" HPOS="325"/>
							<String ID="string_15" HPOS="340" VPOS="253" WIDTH="31" HEIGHT="18" WC="0.96" CONTENT="att"/><SP WIDTH="15" VPOS="253" HPOS="371"/>
							<String ID="string_16" HPOS="386" VPOS="251" WIDTH="96" HEIGHT="20" WC="0.96" CONTENT="besluten"/><SP WIDTH="16" VPOS="251" HPOS="482"/>
							<String ID="string_17" HPOS="498" VPOS="252" WIDTH="36" HEIGHT="19" WC="0.96" CONTENT="äro"/><SP WIDTH="16" VPOS="252" HPOS="534"/>
							<String ID="string_18" HPOS="550" VPOS="251" WIDTH="81" HEIGHT="26" WC="0.96" CONTENT="lagliga"/><SP WIDTH="16" VPOS="251" HPOS="631"/>
							<String ID="string_19" HPOS="647" VPOS="251" WIDTH="40" HEIGHT="20" WC="0.96" CONTENT="och"/><SP WIDTH="16" VPOS="251" HPOS="687"/>
							<String ID="string_20" HPOS="703" VPOS="253" WIDTH="23" HEIGHT="18" WC="0.96" CONTENT="är"/><SP WIDTH="15" VPOS="253" HPOS="726"/>
							<String ID="string_21" HPOS="741" VPOS="253" WIDTH="30" HEIGHT="18" WC="0.96" CONTENT="ett"/><SP WIDTH="15" VPOS="253" HPOS="771"/>
							<String ID="string_22" HPOS="786" VPOS="251" WIDTH="71" HEIGHT="20" WC="0.96" CONTENT="beslut"/><SP WIDTH="7" VPOS="251" HPOS="857"/>
							<String ID="string_23" HPOS="864" VPOS="252" WIDTH="95" HEIGHT="26" WC="0.96" CONTENT="olagligt,"/><SP WIDTH="11" VPOS="252" HPOS="959"/>
							<String ID="string_24" HPOS="970" VPOS="250" WIDTH="25" HEIGHT="21" WC="0.96" CONTENT="så"/>
						</TextLine>
						<TextLine ID="line_3" HPOS="229" VPOS="283" WIDTH="766" HEIGHT="29">
							<String ID="string_25" HPOS="229" VPOS="287" WIDTH="67" HEIGHT="18" WC="0.94" CONTENT="sätter"/><SP WIDTH="22" VPOS="287" HPOS="296"/>
							<String ID="string_26" HPOS="318" VPOS="286" WIDTH="138" HEIGHT="25" WC="0.94" CONTENT="magistraten"/><SP WIDTH="23" VPOS="286" HPOS="456"/>
							<String ID="string_27" HPOS="479" VPOS="285" WIDTH="38" HEIGHT="20" WC="0.96" CONTENT="sitt"/><SP WIDTH="21" VPOS="285" HPOS="517"/>
							<String ID="string_28" HPOS="538" VPOS="287" WIDTH="49" HEIGHT="18" WC="0.96" CONTENT="veto"/><SP WIDTH="23" VPOS="287" HPOS="587"/>
							<String ID="string_29" HPOS="610" VPOS="287" WIDTH="55" HEIGHT="18" WC="0.93" CONTENT="emot"/><SP WIDTH="20" VPOS="287" HPOS="665"/>
							<String ID="string_30" HPOS="685" VPOS="286" WIDTH="131" HEIGHT="19" WC="0.88" CONTENT="detsammas"/><SP WIDTH="15" VPOS="286" HPOS="816"/>
							<String ID="string_31" HPOS="831" VPOS="286" WIDTH="117" HEIGHT="26" WC="0.92" CONTENT="bringande"/><SP WIDTH="15" VPOS="286" HPOS="948"/>
							<String ID="string_32" HPOS="963" VPOS="283" WIDTH="32" HEIGHT="22" WC="0.95" CONTENT="till"/>
						</TextLine>
						<TextLine ID="line_4" HPOS="229" VPOS="319" WIDTH="763" HEIGHT="27">
							<String ID="string_33" HPOS="229" VPOS="320" WIDTH="168" HEIGHT="25" WC="0.95" CONTENT="verkställighet."/><SP WIDTH="22" VPOS="320" HPOS="397"/>
							<String ID="string_34" HPOS="419" VPOS="319" WIDTH="73" HEIGHT="20" WC="0.95" CONTENT="Skulle"/><SP WIDTH="16" VPOS="319" HPOS="492"/>
							<String ID="string_35" HPOS="508" VPOS="319" WIDTH="24" HEIGHT="20" WC="0.96" CONTENT="så"/><SP WIDTH="16" VPOS="319" HPOS="532"/>
							<String ID="string_36" HPOS="548" VPOS="320" WIDTH="105" HEIGHT="26" WC="0.96" CONTENT="olyckligt"/><SP WIDTH="16" VPOS="320" HPOS="653"/>
							<String ID="string_37" HPOS="669" VPOS="320" WIDTH="76" HEIGHT="23" WC="0.96" CONTENT="hända,"/><SP WIDTH="16" VPOS="320" HPOS="745"/>
							<String ID="string_38" HPOS="761" VPOS="320" WIDTH="81" HEIGHT="20" WC="0.96" CONTENT="hvilket"/><SP WIDTH="14" VPOS="320" HPOS="842"/>
							<String ID="string_39" HPOS="856" VPOS="321" WIDTH="39" HEIGHT="25" WC="0.96" CONTENT="jag"/><SP WIDTH="15" VPOS="321" HPOS="895"/>
							<String ID="string_40" HPOS="910" VPOS="321" WIDTH="54" HEIGHT="19" WC="0.96" CONTENT="dock"/><SP WIDTH="10" VPOS="321" HPOS="964"/>
							<String ID="string_41" HPOS="974" VPOS="321" WIDTH="18" HEIGHT="25" WC="0.96" CONTENT="ej"/>
						</TextLine>
						<TextLine ID="line_5" HPOS="229" VPOS="353" WIDTH="765" HEIGHT="27">
							<String ID="string_42" HPOS="229" VPOS="354" WIDTH="43" HEIGHT="19" WC="0.96" CONTENT="kan"/><SP WIDTH="15" VPOS="354" HPOS="272"/>
							<String ID="string_43" HPOS="287" VPOS="356" WIDTH="38" HEIGHT="21" WC="0.95" CONTENT="tro,"/><SP WIDTH="17" VPOS="356" HPOS="325"/>
							<String ID="string_44" HPOS="342" VPOS="356" WIDTH="30" HEIGHT="17" WC="0.95" CONTENT="att"/><SP WIDTH="15" VPOS="356" HPOS="372"/>
							<String ID="string_45" HPOS="387" VPOS="356" WIDTH="30" HEIGHT="17" WC="0.96" CONTENT="ett"/><SP WIDTH="15" VPOS="356" HPOS="417"/>
							<String ID="string_46" HPOS="432" VPOS="354" WIDTH="90" HEIGHT="26" WC="0.96" CONTENT="olagligt"/><SP WIDTH="15" VPOS="354" HPOS="522"/>
							<String ID="string_47" HPOS="537" VPOS="354" WIDTH="70" HEIGHT="19" WC="0.90" CONTENT="beslut"/><SP WIDTH="15" VPOS="354" HPOS="607"/>
							<String ID="string_48" HPOS="622" VPOS="355" WIDTH="69" HEIGHT="19" WC="0.90" CONTENT="blefve"/><SP WIDTH="16" VPOS="355" HPOS="691"/>
							<String ID="string_49" HPOS="707" VPOS="356" WIDTH="42" HEIGHT="18" WC="0.96" CONTENT="satt"/><SP WIDTH="15" VPOS="356" HPOS="749"/>
							<String ID="string_50" HPOS="764" VPOS="355" WIDTH="7" HEIGHT="18" WC="0.96" CONTENT="i"/><SP WIDTH="15" VPOS="355" HPOS="771"/>
							<String ID="string_51" HPOS="786" VPOS="355" WIDTH="168" HEIGHT="25" WC="0.96" CONTENT="verkställighet,"/><SP WIDTH="16" VPOS="355" HPOS="954"/>
							<String ID="string_52" HPOS="970" VPOS="353" WIDTH="24" HEIGHT="21" WC="0.96" CONTENT="så"/>
						</TextLine>
						<TextLine ID="line_6" HPOS="229" VPOS="388" WIDTH="765" HEIGHT="26">
							<String ID="string_53" HPOS="229" VPOS="388" WIDTH="40" HEIGHT="20" WC="0.96" CONTENT="har"/><SP WIDTH="15" VPOS="388" HPOS="269"/>
							<String ID="string_54" HPOS="284" VPOS="389" WIDTH="138" HEIGHT="25" WC="0.96" CONTENT="magistraten"/><SP WIDTH="16" VPOS="389" HPOS="422"/>
							<String ID="string_55" HPOS="438" VPOS="388" WIDTH="37" HEIGHT="19" WC="0.96" CONTENT="full"/><SP WIDTH="16" VPOS="388" HPOS="475"/>
							<String ID="string_56" HPOS="491" VPOS="389" WIDTH="41" HEIGHT="18" WC="0.96" CONTENT="rätt"/><SP WIDTH="16" VPOS="389" HPOS="532"/>
							<String ID="string_57" HPOS="548" VPOS="390" WIDTH="31" HEIGHT="17" WC="0.96" CONTENT="att"/><SP WIDTH="16" VPOS="390" HPOS="579"/>
							<String ID="string_58" HPOS="595" VPOS="389" WIDTH="34" HEIGHT="25" WC="0.93" CONTENT="sig"/><SP WIDTH="15" VPOS="389" HPOS="629"/>
							<String ID="string_59" HPOS="644" VPOS="389" WIDTH="96" HEIGHT="19" WC="0.92" CONTENT="deröfver"/><SP WIDTH="15" VPOS="389" HPOS="740"/>
							<String ID="string_60" HPOS="755" VPOS="389" WIDTH="90" HEIGHT="19" WC="0.92" CONTENT="besvära"/><SP WIDTH="11" VPOS="389" HPOS="845"/>
							<String ID="string_61" HPOS="856" VPOS="401" WIDTH="25" HEIGHT="2" WC="0.91" CONTENT="—"/><SP WIDTH="11" VPOS="401" HPOS="881"/>
							<String ID="string_62" HPOS="892" VPOS="389" WIDTH="34" HEIGHT="19" WC="0.96" CONTENT="det"/><SP WIDTH="10" VPOS="389" HPOS="926"/>
							<String ID="string_63" HPOS="936" VPOS="389" WIDTH="23" HEIGHT="18" WC="0.96" CONTENT="är"/><SP WIDTH="10" VPOS="389" HPOS="959"/>
							<String ID="string_64" HPOS="969" VPOS="389" WIDTH="25" HEIGHT="25" WC="0.96" CONTENT="ju"/>
						</TextLine>
						<TextLine ID="line_7" HPOS="230" VPOS="421" WIDTH="764" HEIGHT="28">
							<String ID="string_65" HPOS="230" VPOS="423" WIDTH="110" HEIGHT="26" WC="0.90" CONTENT="sjelffallet"/><SP WIDTH="16" VPOS="423" HPOS="340"/>
							<String ID="string_66" HPOS="356" VPOS="435" WIDTH="26" HEIGHT="2" WC="0.90" CONTENT="-—"/><SP WIDTH="16" VPOS="435" HPOS="382"/>
							<String ID="string_67" HPOS="398" VPOS="423" WIDTH="39" HEIGHT="19" WC="0.96" CONTENT="och"/><SP WIDTH="17" VPOS="423" HPOS="437"/>
							<String ID="string_68" HPOS="454" VPOS="421" WIDTH="26" HEIGHT="21" WC="0.96" CONTENT="då"/><SP WIDTH="16" VPOS="421" HPOS="480"/>
							<String ID="string_69" HPOS="496" VPOS="421" WIDTH="69" HEIGHT="21" WC="0.96" CONTENT="måste"/><SP WIDTH="16" VPOS="421" HPOS="565"/>
							<String ID="string_70" HPOS="581" VPOS="423" WIDTH="34" HEIGHT="19" WC="0.96" CONTENT="det"/><SP WIDTH="16" VPOS="423" HPOS="615"/>
							<String ID="string_71" HPOS="631" VPOS="423" WIDTH="130" HEIGHT="19" WC="0.93" CONTENT="verkställda"/><SP WIDTH="15" VPOS="423" HPOS="761"/>
							<String ID="string_72" HPOS="776" VPOS="423" WIDTH="124" HEIGHT="26" WC="0.92" CONTENT="upphäfvas."/><SP WIDTH="30" VPOS="423" HPOS="900"/>
							<String ID="string_73" HPOS="930" VPOS="423" WIDTH="64" HEIGHT="19" WC="0.95" CONTENT="Beror"/>
						</TextLine>
						<TextLine ID="line_8" HPOS="229" VPOS="457" WIDTH="764" HEIGHT="26">
							<String ID="string_74" HPOS="229" VPOS="457" WIDTH="189" HEIGHT="26" WC="0.90" CONTENT="verkställigheten"/><SP WIDTH="22" VPOS="457" HPOS="418"/>
							<String ID="string_75" HPOS="440" VPOS="457" WIDTH="23" HEIGHT="19" WC="0.96" CONTENT="af"/><SP WIDTH="18" VPOS="457" HPOS="463"/>
							<String ID="string_76" HPOS="481" VPOS="457" WIDTH="146" HEIGHT="26" WC="0.96" CONTENT="magistraten,"/><SP WIDTH="19" VPOS="457" HPOS="627"/>
							<String ID="string_77" HPOS="646" VPOS="457" WIDTH="41" HEIGHT="20" WC="0.96" CONTENT="och"/><SP WIDTH="18" VPOS="457" HPOS="687"/>
							<String ID="string_78" HPOS="705" VPOS="457" WIDTH="135" HEIGHT="26" WC="0.96" CONTENT="fullmäktige"/><SP WIDTH="15" VPOS="457" HPOS="840"/>
							<String ID="string_79" HPOS="855" VPOS="457" WIDTH="63" HEIGHT="20" WC="0.96" CONTENT="hafva"/><SP WIDTH="15" VPOS="457" HPOS="918"/>
							<String ID="string_80" HPOS="933" VPOS="457" WIDTH="60" HEIGHT="19" WC="0.96" CONTENT="fattat"/>
						</TextLine>
						<TextLine ID="line_9" HPOS="230" VPOS="491" WIDTH="763" HEIGHT="26">
							<String ID="string_81" HPOS="230" VPOS="493" WIDTH="31" HEIGHT="18" WC="0.96" CONTENT="ett"/><SP WIDTH="15" VPOS="493" HPOS="261"/>
							<String ID="string_82" HPOS="276" VPOS="492" WIDTH="76" HEIGHT="23" WC="0.96" CONTENT="beslut,"/><SP WIDTH="17" VPOS="492" HPOS="352"/>
							<String ID="string_83" HPOS="369" VPOS="498" WIDTH="44" HEIGHT="13" WC="0.96" CONTENT="som"/><SP WIDTH="18" VPOS="498" HPOS="413"/>
							<String ID="string_84" HPOS="431" VPOS="492" WIDTH="22" HEIGHT="19" WC="0.96" CONTENT="är"/><SP WIDTH="16" VPOS="492" HPOS="453"/>
							<String ID="string_85" HPOS="469" VPOS="491" WIDTH="108" HEIGHT="20" WC="0.96" CONTENT="stridande"/><SP WIDTH="16" VPOS="491" HPOS="577"/>
							<String ID="string_86" HPOS="593" VPOS="493" WIDTH="57" HEIGHT="18" WC="0.93" CONTENT="emot"/><SP WIDTH="15" VPOS="493" HPOS="650"/>
							<String ID="string_87" HPOS="665" VPOS="492" WIDTH="151" HEIGHT="25" WC="0.92" CONTENT="magistratens"/><SP WIDTH="15" VPOS="492" HPOS="816"/>
							<String ID="string_88" HPOS="831" VPOS="491" WIDTH="57" HEIGHT="26" WC="0.91" CONTENT="åsigt"/><SP WIDTH="15" VPOS="491" HPOS="888"/>
							<String ID="string_89" HPOS="903" VPOS="492" WIDTH="7" HEIGHT="19" WC="0.96" CONTENT="i"/><SP WIDTH="11" VPOS="492" HPOS="910"/>
							<String ID="string_90" HPOS="921" VPOS="491" WIDTH="72" HEIGHT="23" WC="0.96" CONTENT="saken,"/>
						</TextLine>
						<TextLine ID="line_10" HPOS="229" VPOS="525" WIDTH="764" HEIGHT="26">
							<String ID="string_91" HPOS="229" VPOS="527" WIDTH="52" HEIGHT="18" WC="0.95" CONTENT="utan"/><SP WIDTH="16" VPOS="527" HPOS="281"/>
							<String ID="string_92" HPOS="297" VPOS="527" WIDTH="30" HEIGHT="18" WC="0.93" CONTENT="att"/><SP WIDTH="16" VPOS="527" HPOS="327"/>
							<String ID="string_93" HPOS="343" VPOS="526" WIDTH="80" HEIGHT="19" WC="0.92" CONTENT="derföre"/><SP WIDTH="15" VPOS="526" HPOS="423"/>
							<String ID="string_94" HPOS="438" VPOS="532" WIDTH="50" HEIGHT="13" WC="0.96" CONTENT="vara"/><SP WIDTH="18" VPOS="532" HPOS="488"/>
							<String ID="string_95" HPOS="506" VPOS="525" WIDTH="97" HEIGHT="26" WC="0.96" CONTENT="olagligt,"/><SP WIDTH="16" VPOS="525" HPOS="603"/>
							<String ID="string_96" HPOS="619" VPOS="525" WIDTH="24" HEIGHT="20" WC="0.96" CONTENT="så"/><SP WIDTH="16" VPOS="525" HPOS="643"/>
							<String ID="string_97" HPOS="659" VPOS="526" WIDTH="41" HEIGHT="19" WC="0.96" CONTENT="kan"/><SP WIDTH="16" VPOS="526" HPOS="700"/>
							<String ID="string_98" HPOS="716" VPOS="525" WIDTH="168" HEIGHT="20" WC="0.95" CONTENT="verkställandet"/><SP WIDTH="15" VPOS="525" HPOS="884"/>
							<String ID="string_99" HPOS="899" VPOS="525" WIDTH="42" HEIGHT="20" WC="0.96" CONTENT="låta"/><SP WIDTH="17" VPOS="525" HPOS="941"/>
							<String ID="string_100" HPOS="958" VPOS="526" WIDTH="35" HEIGHT="19" WC="0.96" CONTENT="bra"/>
						</TextLine>
						<TextLine ID="line_11" HPOS="229" VPOS="559" WIDTH="763" HEIGHT="27">
							<String ID="string_101" HPOS="229" VPOS="560" WIDTH="64" HEIGHT="26" WC="0.96" CONTENT="länge"/><SP WIDTH="22" VPOS="560" HPOS="293"/>
							<String ID="string_102" HPOS="315" VPOS="561" WIDTH="64" HEIGHT="18" WC="0.96" CONTENT="vänta"/><SP WIDTH="22" VPOS="561" HPOS="379"/>
							<String ID="string_103" HPOS="401" VPOS="559" WIDTH="26" HEIGHT="26" WC="0.96" CONTENT="på"/><SP WIDTH="23" VPOS="559" HPOS="427"/>
							<String ID="string_104" HPOS="450" VPOS="560" WIDTH="39" HEIGHT="25" WC="0.95" CONTENT="sig."/><SP WIDTH="38" VPOS="560" HPOS="489"/>
							<String ID="string_105" HPOS="527" VPOS="560" WIDTH="143" HEIGHT="26" WC="0.96" CONTENT="Fullmäktige"/><SP WIDTH="20" VPOS="560" HPOS="670"/>
							<String ID="string_106" HPOS="690" VPOS="560" WIDTH="63" HEIGHT="19" WC="0.96" CONTENT="hafva"/><SP WIDTH="15" VPOS="560" HPOS="753"/>
							<String ID="string_107" HPOS="768" VPOS="560" WIDTH="126" HEIGHT="26" WC="0.96" CONTENT="visserligen"/><SP WIDTH="16" VPOS="560" HPOS="894"/>
							<String ID="string_108" HPOS="910" VPOS="559" WIDTH="26" HEIGHT="20" WC="0.97" CONTENT="då"/><SP WIDTH="16" VPOS="559" HPOS="936"/>
							<String ID="string_109" HPOS="952" VPOS="561" WIDTH="40" HEIGHT="19" WC="0.96" CONTENT="den"/>
						</TextLine>
						<TextLine ID="line_12" HPOS="230" VPOS="595" WIDTH="762" HEIGHT="25">
							<String ID="string_110" HPOS="230" VPOS="595" WIDTH="93" HEIGHT="24" WC="0.96" CONTENT="utvägen"/><SP WIDTH="15" VPOS="595" HPOS="323"/>
							<String ID="string_111" HPOS="338" VPOS="596" WIDTH="31" HEIGHT="17" WC="0.96" CONTENT="att"/><SP WIDTH="15" VPOS="596" HPOS="369"/>
							<String ID="string_112" HPOS="384" VPOS="595" WIDTH="6" HEIGHT="18" WC="0.96" CONTENT="i"/><SP WIDTH="17" VPOS="595" HPOS="390"/>
							<String ID="string_113" HPOS="407" VPOS="595" WIDTH="32" HEIGHT="18" WC="0.96" CONTENT="sin"/><SP WIDTH="16" VPOS="595" HPOS="439"/>
							<String ID="string_114" HPOS="455" VPOS="596" WIDTH="32" HEIGHT="17" WC="0.97" CONTENT="tur"/><SP WIDTH="16" VPOS="596" HPOS="487"/>
							<String ID="string_115" HPOS="503" VPOS="595" WIDTH="89" HEIGHT="19" WC="0.96" CONTENT="besvära"/><SP WIDTH="16" VPOS="595" HPOS="592"/>
							<String ID="string_116" HPOS="608" VPOS="595" WIDTH="40" HEIGHT="25" WC="0.96" CONTENT="sig,"/><SP WIDTH="16" VPOS="595" HPOS="648"/>
							<String ID="string_117" HPOS="664" VPOS="601" WIDTH="47" HEIGHT="13" WC="0.96" CONTENT="men"/><SP WIDTH="17" VPOS="601" HPOS="711"/>
							<String ID="string_118" HPOS="728" VPOS="595" WIDTH="55" HEIGHT="19" WC="0.96" CONTENT="hvad"/><SP WIDTH="16" VPOS="595" HPOS="783"/>
							<String ID="string_119" HPOS="799" VPOS="595" WIDTH="38" HEIGHT="19" WC="0.96" CONTENT="har"/><SP WIDTH="13" VPOS="595" HPOS="837"/>
							<String ID="string_120" HPOS="850" VPOS="595" WIDTH="47" HEIGHT="19" WC="0.96" CONTENT="icke"/><SP WIDTH="15" VPOS="595" HPOS="897"/>
							<String ID="string_121" HPOS="912" VPOS="595" WIDTH="80" HEIGHT="19" WC="0.96" CONTENT="kunnat"/>
						</TextLine>
						<TextLine ID="line_13" HPOS="230" VPOS="629" WIDTH="762" HEIGHT="26">
							<String ID="string_122" HPOS="230" VPOS="629" WIDTH="89" HEIGHT="20" WC="0.96" CONTENT="förloras"/><SP WIDTH="16" VPOS="629" HPOS="319"/>
							<String ID="string_123" HPOS="335" VPOS="635" WIDTH="77" HEIGHT="20" WC="0.93" CONTENT="genom"/><SP WIDTH="16" VPOS="635" HPOS="412"/>
							<String ID="string_124" HPOS="428" VPOS="629" WIDTH="165" HEIGHT="26" WC="0.92" CONTENT="tidsutdrägten!"/><SP WIDTH="31" VPOS="629" HPOS="593"/>
							<String ID="string_125" HPOS="624" VPOS="629" WIDTH="41" HEIGHT="26" WC="0.96" CONTENT="Jag"/><SP WIDTH="24" VPOS="629" HPOS="665"/>
							<String ID="string_126" HPOS="689" VPOS="636" WIDTH="62" HEIGHT="13" WC="0.96" CONTENT="anser"/><SP WIDTH="19" VPOS="636" HPOS="751"/>
							<String ID="string_127" HPOS="770" VPOS="629" WIDTH="110" HEIGHT="20" WC="0.96" CONTENT="dessutom"/><SP WIDTH="15" VPOS="629" HPOS="880"/>
							<String ID="string_128" HPOS="895" VPOS="630" WIDTH="31" HEIGHT="19" WC="0.96" CONTENT="för"/><SP WIDTH="22" VPOS="630" HPOS="926"/>
							<String ID="string_129" HPOS="948" VPOS="630" WIDTH="44" HEIGHT="19" WC="0.96" CONTENT="min"/>
						</TextLine>
						<TextLine ID="line_14" HPOS="230" VPOS="663" WIDTH="762" HEIGHT="26">
							<String ID="string_130" HPOS="230" VPOS="663" WIDTH="36" HEIGHT="20" WC="0.96" CONTENT="del"/><SP WIDTH="16" VPOS="663" HPOS="266"/>
							<String ID="string_131" HPOS="282" VPOS="665" WIDTH="31" HEIGHT="17" WC="0.96" CONTENT="att"/><SP WIDTH="16" VPOS="665" HPOS="313"/>
							<String ID="string_132" HPOS="329" VPOS="664" WIDTH="36" HEIGHT="18" WC="0.93" CONTENT="det"/><SP WIDTH="15" VPOS="664" HPOS="365"/>
							<String ID="string_133" HPOS="380" VPOS="663" WIDTH="18" HEIGHT="25" WC="0.96" CONTENT="ej"/><SP WIDTH="18" VPOS="663" HPOS="398"/>
							<String ID="string_134" HPOS="416" VPOS="664" WIDTH="23" HEIGHT="18" WC="0.93" CONTENT="är"/><SP WIDTH="15" VPOS="664" HPOS="439"/>
							<String ID="string_135" HPOS="454" VPOS="664" WIDTH="233" HEIGHT="19" WC="0.62" CONTENT="öfverensstämmande"/><SP WIDTH="16" VPOS="664" HPOS="687"/>
							<String ID="string_136" HPOS="703" VPOS="664" WIDTH="47" HEIGHT="19" WC="0.93" CONTENT="med"/><SP WIDTH="16" VPOS="664" HPOS="750"/>
							<String ID="string_137" HPOS="766" VPOS="665" WIDTH="150" HEIGHT="24" WC="0.91" CONTENT="magistratens"/><SP WIDTH="16" VPOS="665" HPOS="916"/>
							<String ID="string_138" HPOS="932" VPOS="664" WIDTH="60" HEIGHT="19" WC="0.92" CONTENT="ställ-"/>
						</TextLine>
						<TextLine ID="line_15" HPOS="230" VPOS="698" WIDTH="762" HEIGHT="25">
							<String ID="string_139" HPOS="230" VPOS="698" WIDTH="53" HEIGHT="25" WC="0.96" CONTENT="ning"/><SP WIDTH="21" VPOS="698" HPOS="283"/>
							<String ID="string_140" HPOS="304" VPOS="699" WIDTH="30" HEIGHT="17" WC="0.95" CONTENT="att"/><SP WIDTH="23" VPOS="699" HPOS="334"/>
							<String ID="string_141" HPOS="357" VPOS="704" WIDTH="50" HEIGHT="12" WC="0.95" CONTENT="vara"/><SP WIDTH="22" VPOS="704" HPOS="407"/>
							<String ID="string_142" HPOS="429" VPOS="698" WIDTH="40" HEIGHT="18" WC="0.93" CONTENT="den"/><SP WIDTH="22" VPOS="698" HPOS="469"/>
							<String ID="string_143" HPOS="491" VPOS="698" WIDTH="165" HEIGHT="22" WC="0.91" CONTENT="verkställande,"/><SP WIDTH="20" VPOS="698" HPOS="656"/>
							<String ID="string_144" HPOS="676" VPOS="699" WIDTH="51" HEIGHT="17" WC="0.96" CONTENT="utan"/><SP WIDTH="16" VPOS="699" HPOS="727"/>
							<String ID="string_145" HPOS="743" VPOS="698" WIDTH="46" HEIGHT="22" WC="0.96" CONTENT="den,"/><SP WIDTH="17" VPOS="698" HPOS="789"/>
							<String ID="string_146" HPOS="806" VPOS="704" WIDTH="46" HEIGHT="13" WC="0.93" CONTENT="som"/><SP WIDTH="16" VPOS="704" HPOS="852"/>
							<String ID="string_147" HPOS="868" VPOS="698" WIDTH="124" HEIGHT="19" WC="0.91" CONTENT="öfvervakar"/>
						</TextLine>
						<TextLine ID="line_16" HPOS="231" VPOS="732" WIDTH="760" HEIGHT="26">
							<String ID="string_148" HPOS="231" VPOS="732" WIDTH="172" HEIGHT="19" WC="0.89" CONTENT="verkställandet."/><SP WIDTH="31" VPOS="732" HPOS="403"/>
							<String ID="string_149" HPOS="434" VPOS="732" WIDTH="40" HEIGHT="19" WC="0.96" CONTENT="Det"/><SP WIDTH="23" VPOS="732" HPOS="474"/>
							<String ID="string_150" HPOS="497" VPOS="732" WIDTH="23" HEIGHT="19" WC="0.95" CONTENT="är"/><SP WIDTH="20" VPOS="732" HPOS="520"/>
							<String ID="string_151" HPOS="540" VPOS="732" WIDTH="35" HEIGHT="19" WC="0.96" CONTENT="väl"/><SP WIDTH="16" VPOS="732" HPOS="575"/>
							<String ID="string_152" HPOS="591" VPOS="738" WIDTH="26" HEIGHT="13" WC="0.93" CONTENT="en"/><SP WIDTH="15" VPOS="738" HPOS="617"/>
							<String ID="string_153" HPOS="632" VPOS="732" WIDTH="111" HEIGHT="25" WC="0.92" CONTENT="värdigare"/><SP WIDTH="16" VPOS="732" HPOS="743"/>
							<String ID="string_154" HPOS="759" VPOS="732" WIDTH="103" HEIGHT="25" WC="0.96" CONTENT="ställning"/><SP WIDTH="15" VPOS="732" HPOS="862"/>
							<String ID="string_155" HPOS="877" VPOS="733" WIDTH="31" HEIGHT="19" WC="0.93" CONTENT="för"/><SP WIDTH="15" VPOS="733" HPOS="908"/>
							<String ID="string_156" HPOS="923" VPOS="733" WIDTH="68" HEIGHT="25" WC="0.91" CONTENT="magi-"/>
						</TextLine>
						<TextLine ID="line_17" HPOS="231" VPOS="766" WIDTH="760" HEIGHT="26">
							<String ID="string_157" HPOS="231" VPOS="768" WIDTH="81" HEIGHT="17" WC="0.92" CONTENT="straten"/><SP WIDTH="23" VPOS="768" HPOS="312"/>
							<String ID="string_158" HPOS="335" VPOS="768" WIDTH="30" HEIGHT="17" WC="0.96" CONTENT="att"/><SP WIDTH="22" VPOS="768" HPOS="365"/>
							<String ID="string_159" HPOS="387" VPOS="766" WIDTH="71" HEIGHT="19" WC="0.93" CONTENT="kunna"/><SP WIDTH="22" VPOS="766" HPOS="458"/>
							<String ID="string_160" HPOS="480" VPOS="766" WIDTH="97" HEIGHT="26" WC="0.92" CONTENT="förbjuda"/><SP WIDTH="21" VPOS="766" HPOS="577"/>
							<String ID="string_161" HPOS="598" VPOS="766" WIDTH="189" HEIGHT="26" WC="0.92" CONTENT="verkställigheten"/><SP WIDTH="22" VPOS="766" HPOS="787"/>
							<String ID="string_162" HPOS="809" VPOS="767" WIDTH="22" HEIGHT="19" WC="0.96" CONTENT="af"/><SP WIDTH="17" VPOS="767" HPOS="831"/>
							<String ID="string_163" HPOS="848" VPOS="767" WIDTH="35" HEIGHT="19" WC="0.93" CONTENT="det"/><SP WIDTH="15" VPOS="767" HPOS="883"/>
							<String ID="string_164" HPOS="898" VPOS="766" WIDTH="93" HEIGHT="26" WC="0.91" CONTENT="olagliga"/>
						</TextLine>
						<TextLine ID="line_18" HPOS="230" VPOS="799" WIDTH="759" HEIGHT="27">
							<String ID="string_165" HPOS="230" VPOS="800" WIDTH="41" HEIGHT="20" WC="0.96" CONTENT="och"/><SP WIDTH="16" VPOS="800" HPOS="271"/>
							<String ID="string_166" HPOS="287" VPOS="800" WIDTH="35" HEIGHT="20" WC="0.96" CONTENT="det"/><SP WIDTH="15" VPOS="800" HPOS="322"/>
							<String ID="string_167" HPOS="337" VPOS="801" WIDTH="23" HEIGHT="19" WC="0.96" CONTENT="är"/><SP WIDTH="16" VPOS="801" HPOS="360"/>
							<String ID="string_168" HPOS="376" VPOS="800" WIDTH="49" HEIGHT="20" WC="0.93" CONTENT="dess"/><SP WIDTH="16" VPOS="800" HPOS="425"/>
							<String ID="string_169" HPOS="441" VPOS="801" WIDTH="53" HEIGHT="19" WC="0.91" CONTENT="rätta"/><SP WIDTH="16" VPOS="801" HPOS="494"/>
							<String ID="string_170" HPOS="510" VPOS="799" WIDTH="136" HEIGHT="27" WC="0.90" CONTENT="ständpunkt."/><SP WIDTH="23" VPOS="799" HPOS="646"/>
							<String ID="string_171" HPOS="669" VPOS="800" WIDTH="47" HEIGHT="20" WC="0.96" CONTENT="Men"/><SP WIDTH="17" VPOS="800" HPOS="716"/>
							<String ID="string_172" HPOS="733" VPOS="802" WIDTH="23" HEIGHT="18" WC="0.96" CONTENT="är"/><SP WIDTH="16" VPOS="802" HPOS="756"/>
							<String ID="string_173" HPOS="772" VPOS="801" WIDTH="35" HEIGHT="19" WC="0.93" CONTENT="det"/><SP WIDTH="14" VPOS="801" HPOS="807"/>
							<String ID="string_174" HPOS="821" VPOS="800" WIDTH="72" HEIGHT="26" WC="0.91" CONTENT="nägot,"/><SP WIDTH="16" VPOS="800" HPOS="893"/>
							<String ID="string_175" HPOS="909" VPOS="807" WIDTH="45" HEIGHT="13" WC="0.93" CONTENT="som"/><SP WIDTH="16" VPOS="807" HPOS="954"/>
							<String ID="string_176" HPOS="970" VPOS="800" WIDTH="19" HEIGHT="26" WC="0.90" CONTENT="ej"/>
						</TextLine>
						<TextLine ID="line_19" HPOS="229" VPOS="834" WIDTH="761" HEIGHT="27">
							<String ID="string_177" HPOS="229" VPOS="835" WIDTH="24" HEIGHT="19" WC="0.92" CONTENT="är"/><SP WIDTH="15" VPOS="835" HPOS="253"/>
							<String ID="string_178" HPOS="268" VPOS="835" WIDTH="90" HEIGHT="25" WC="0.92" CONTENT="olagligt"/><SP WIDTH="16" VPOS="835" HPOS="358"/>
							<String ID="string_179" HPOS="374" VPOS="835" WIDTH="39" HEIGHT="19" WC="0.96" CONTENT="och"/><SP WIDTH="17" VPOS="835" HPOS="413"/>
							<String ID="string_180" HPOS="430" VPOS="841" WIDTH="46" HEIGHT="13" WC="0.93" CONTENT="som"/><SP WIDTH="15" VPOS="841" HPOS="476"/>
							<String ID="string_181" HPOS="491" VPOS="834" WIDTH="134" HEIGHT="26" WC="0.91" CONTENT="fullmäktige"/><SP WIDTH="16" VPOS="834" HPOS="625"/>
							<String ID="string_182" HPOS="641" VPOS="841" WIDTH="40" HEIGHT="19" WC="0.91" CONTENT="ega"/><SP WIDTH="15" VPOS="841" HPOS="681"/>
							<String ID="string_183" HPOS="696" VPOS="841" WIDTH="77" HEIGHT="19" WC="0.96" CONTENT="genom"/><SP WIDTH="19" VPOS="841" HPOS="773"/>
							<String ID="string_184" HPOS="792" VPOS="835" WIDTH="47" HEIGHT="19" WC="0.93" CONTENT="sina"/><SP WIDTH="22" VPOS="835" HPOS="839"/>
							<String ID="string_185" HPOS="861" VPOS="835" WIDTH="129" HEIGHT="26" WC="0.90" CONTENT="bestyrelser"/>
						</TextLine>
						<TextLine ID="line_20" HPOS="229" VPOS="868" WIDTH="761" HEIGHT="27">
							<String ID="string_186" HPOS="229" VPOS="868" WIDTH="44" HEIGHT="20" WC="0.91" CONTENT="läta"/><SP WIDTH="15" VPOS="868" HPOS="273"/>
							<String ID="string_187" HPOS="288" VPOS="869" WIDTH="122" HEIGHT="22" WC="0.92" CONTENT="verkställa,"/><SP WIDTH="16" VPOS="869" HPOS="410"/>
							<String ID="string_188" HPOS="426" VPOS="868" WIDTH="24" HEIGHT="20" WC="0.97" CONTENT="sä"/><SP WIDTH="16" VPOS="868" HPOS="450"/>
							<String ID="string_189" HPOS="466" VPOS="876" WIDTH="33" HEIGHT="12" WC="0.96" CONTENT="ser"/><SP WIDTH="13" VPOS="876" HPOS="499"/>
							<String ID="string_190" HPOS="512" VPOS="869" WIDTH="39" HEIGHT="25" WC="0.93" CONTENT="jag"/><SP WIDTH="16" VPOS="869" HPOS="551"/>
							<String ID="string_191" HPOS="567" VPOS="870" WIDTH="18" HEIGHT="24" WC="0.92" CONTENT="ej"/><SP WIDTH="18" VPOS="870" HPOS="585"/>
							<String ID="string_192" HPOS="603" VPOS="870" WIDTH="55" HEIGHT="18" WC="0.93" CONTENT="hvad"/><SP WIDTH="16" VPOS="870" HPOS="658"/>
							<String ID="string_193" HPOS="674" VPOS="870" WIDTH="35" HEIGHT="18" WC="0.96" CONTENT="det"/><SP WIDTH="16" VPOS="870" HPOS="709"/>
							<String ID="string_194" HPOS="725" VPOS="870" WIDTH="42" HEIGHT="18" WC="0.92" CONTENT="kan"/><SP WIDTH="16" VPOS="870" HPOS="767"/>
							<String ID="string_195" HPOS="783" VPOS="870" WIDTH="59" HEIGHT="25" WC="0.92" CONTENT="ligga"/><SP WIDTH="15" VPOS="870" HPOS="842"/>
							<String ID="string_196" HPOS="857" VPOS="870" WIDTH="32" HEIGHT="19" WC="0.96" CONTENT="för"/><SP WIDTH="15" VPOS="870" HPOS="889"/>
							<String ID="string_197" HPOS="904" VPOS="876" WIDTH="26" HEIGHT="13" WC="0.93" CONTENT="en"/><SP WIDTH="16" VPOS="876" HPOS="930"/>
							<String ID="string_198" HPOS="946" VPOS="870" WIDTH="44" HEIGHT="25" WC="0.93" CONTENT="vigt"/>
						</TextLine>
						<TextLine ID="line_21" HPOS="229" VPOS="902" WIDTH="761" HEIGHT="28">
							<String ID="string_199" HPOS="229" VPOS="902" WIDTH="27" HEIGHT="27" WC="0.95" CONTENT="pä"/><SP WIDTH="23" VPOS="902" HPOS="256"/>
							<String ID="string_200" HPOS="279" VPOS="904" WIDTH="30" HEIGHT="18" WC="0.96" CONTENT="att"/><SP WIDTH="22" VPOS="904" HPOS="309"/>
							<String ID="string_201" HPOS="331" VPOS="904" WIDTH="34" HEIGHT="18" WC="0.93" CONTENT="det"/><SP WIDTH="24" VPOS="904" HPOS="365"/>
							<String ID="string_202" HPOS="389" VPOS="903" WIDTH="101" HEIGHT="26" WC="0.89" CONTENT="möjligen"/><SP WIDTH="22" VPOS="903" HPOS="490"/>
							<String ID="string_203" HPOS="512" VPOS="904" WIDTH="41" HEIGHT="18" WC="0.93" CONTENT="kan"/><SP WIDTH="19" VPOS="904" HPOS="553"/>
							<String ID="string_204" HPOS="572" VPOS="904" WIDTH="111" HEIGHT="25" WC="0.91" CONTENT="fördröjas."/><SP WIDTH="30" VPOS="904" HPOS="683"/>
							<String ID="string_205" HPOS="713" VPOS="904" WIDTH="91" HEIGHT="19" WC="0.91" CONTENT="Dermed"/><SP WIDTH="16" VPOS="904" HPOS="804"/>
							<String ID="string_206" HPOS="820" VPOS="910" WIDTH="49" HEIGHT="13" WC="0.92" CONTENT="vare"/><SP WIDTH="15" VPOS="910" HPOS="869"/>
							<String ID="string_207" HPOS="884" VPOS="904" WIDTH="19" HEIGHT="25" WC="0.92" CONTENT="ej"/><SP WIDTH="18" VPOS="904" HPOS="903"/>
							<String ID="string_208" HPOS="921" VPOS="904" WIDTH="69" HEIGHT="26" WC="0.91" CONTENT="sagdt,"/>
						</TextLine>
						<TextLine ID="line_22" HPOS="229" VPOS="936" WIDTH="761" HEIGHT="28">
							<String ID="string_209" HPOS="229" VPOS="939" WIDTH="31" HEIGHT="18" WC="0.96" CONTENT="att"/><SP WIDTH="16" VPOS="939" HPOS="260"/>
							<String ID="string_210" HPOS="276" VPOS="938" WIDTH="37" HEIGHT="25" WC="0.96" CONTENT="jag"/><SP WIDTH="14" VPOS="938" HPOS="313"/>
							<String ID="string_211" HPOS="327" VPOS="938" WIDTH="38" HEIGHT="19" WC="0.96" CONTENT="vill"/><SP WIDTH="15" VPOS="938" HPOS="365"/>
							<String ID="string_212" HPOS="380" VPOS="938" WIDTH="61" HEIGHT="19" WC="0.92" CONTENT="kasta"/><SP WIDTH="16" VPOS="938" HPOS="441"/>
							<String ID="string_213" HPOS="457" VPOS="936" WIDTH="70" HEIGHT="27" WC="0.92" CONTENT="nägon"/><SP WIDTH="17" VPOS="936" HPOS="527"/>
							<String ID="string_214" HPOS="544" VPOS="938" WIDTH="59" HEIGHT="26" WC="0.93" CONTENT="slags"/><SP WIDTH="16" VPOS="938" HPOS="603"/>
							<String ID="string_215" HPOS="619" VPOS="938" WIDTH="84" HEIGHT="26" WC="0.92" CONTENT="skugga"/><SP WIDTH="15" VPOS="938" HPOS="703"/>
							<String ID="string_216" HPOS="718" VPOS="937" WIDTH="26" HEIGHT="27" WC="0.96" CONTENT="pä"/><SP WIDTH="13" VPOS="937" HPOS="744"/>
							<String ID="string_217" HPOS="757" VPOS="938" WIDTH="26" HEIGHT="20" WC="0.93" CONTENT="de"/><SP WIDTH="11" VPOS="938" HPOS="783"/>
							<String ID="string_218" HPOS="794" VPOS="939" WIDTH="196" HEIGHT="25" WC="0.91" CONTENT="magistratsperso-"/>
						</TextLine>
						<TextLine ID="line_23" HPOS="229" VPOS="971" WIDTH="761" HEIGHT="27">
							<String ID="string_219" HPOS="229" VPOS="978" WIDTH="43" HEIGHT="17" WC="0.91" CONTENT="ner,"/><SP WIDTH="17" VPOS="978" HPOS="272"/>
							<String ID="string_220" HPOS="289" VPOS="978" WIDTH="46" HEIGHT="14" WC="0.93" CONTENT="som"/><SP WIDTH="15" VPOS="978" HPOS="335"/>
							<String ID="string_221" HPOS="350" VPOS="972" WIDTH="83" HEIGHT="20" WC="0.92" CONTENT="härtills"/><SP WIDTH="16" VPOS="972" HPOS="433"/>
							<String ID="string_222" HPOS="449" VPOS="972" WIDTH="63" HEIGHT="20" WC="0.93" CONTENT="hafva"/><SP WIDTH="16" VPOS="972" HPOS="512"/>
							<String ID="string_223" HPOS="528" VPOS="973" WIDTH="104" HEIGHT="25" WC="0.90" CONTENT="fungerat."/><SP WIDTH="31" VPOS="973" HPOS="632"/>
							<String ID="string_224" HPOS="663" VPOS="972" WIDTH="69" HEIGHT="26" WC="0.90" CONTENT="Längt"/><SP WIDTH="15" VPOS="972" HPOS="732"/>
							<String ID="string_225" HPOS="747" VPOS="971" WIDTH="102" HEIGHT="21" WC="0.92" CONTENT="derifrän!"/><SP WIDTH="31" VPOS="971" HPOS="849"/>
							<String ID="string_226" HPOS="880" VPOS="972" WIDTH="64" HEIGHT="20" WC="0.92" CONTENT="Mätte"/><SP WIDTH="12" VPOS="972" HPOS="944"/>
							<String ID="string_227" HPOS="956" VPOS="973" WIDTH="34" HEIGHT="19" WC="0.95" CONTENT="det"/>
						</TextLine>
						<TextLine ID="line_24" HPOS="228" VPOS="1006" WIDTH="762" HEIGHT="26">
							<String ID="string_228" HPOS="228" VPOS="1006" WIDTH="38" HEIGHT="26" WC="0.96" CONTENT="jag"/><SP WIDTH="15" VPOS="1006" HPOS="266"/>
							<String ID="string_229" HPOS="281" VPOS="1013" WIDTH="28" HEIGHT="13" WC="0.93" CONTENT="nu"/><SP WIDTH="14" VPOS="1013" HPOS="309"/>
							<String ID="string_230" HPOS="323" VPOS="1008" WIDTH="67" HEIGHT="24" WC="0.96" CONTENT="yttrat"/><SP WIDTH="15" VPOS="1008" HPOS="390"/>
							<String ID="string_231" HPOS="405" VPOS="1007" WIDTH="68" HEIGHT="25" WC="0.96" CONTENT="aldrig"/><SP WIDTH="16" VPOS="1007" HPOS="473"/>
							<String ID="string_232" HPOS="489" VPOS="1006" WIDTH="23" HEIGHT="20" WC="0.93" CONTENT="sä"/><SP WIDTH="11" VPOS="1006" HPOS="512"/>
							<String ID="string_233" HPOS="523" VPOS="1006" WIDTH="84" HEIGHT="21" WC="0.95" CONTENT="förstås."/><SP WIDTH="26" VPOS="1006" HPOS="607"/>
							<String ID="string_234" HPOS="633" VPOS="1007" WIDTH="42" HEIGHT="25" WC="0.88" CONTENT="Jag"/><SP WIDTH="8" VPOS="1007" HPOS="675"/>
							<String ID="string_235" HPOS="683" VPOS="1013" WIDTH="62" HEIGHT="13" WC="0.88" CONTENT="anser"/><SP WIDTH="13" VPOS="1013" HPOS="745"/>
							<String ID="string_236" HPOS="758" VPOS="1008" WIDTH="35" HEIGHT="18" WC="0.96" CONTENT="det"/><SP WIDTH="10" VPOS="1008" HPOS="793"/>
							<String ID="string_237" HPOS="803" VPOS="1013" WIDTH="51" HEIGHT="13" WC="0.96" CONTENT="vara"/><SP WIDTH="11" VPOS="1013" HPOS="854"/>
							<String ID="string_238" HPOS="865" VPOS="1013" WIDTH="25" HEIGHT="13" WC="0.93" CONTENT="en"/><SP WIDTH="14" VPOS="1013" HPOS="890"/>
							<String ID="string_239" HPOS="904" VPOS="1008" WIDTH="86" HEIGHT="18" WC="0.92" CONTENT="mensk-"/>
						</TextLine>
						<TextLine ID="line_25" HPOS="228" VPOS="1040" WIDTH="762" HEIGHT="27">
							<String ID="string_240" HPOS="228" VPOS="1040" WIDTH="31" HEIGHT="26" WC="0.93" CONTENT="lig"/><SP WIDTH="22" VPOS="1040" HPOS="259"/>
							<String ID="string_241" HPOS="281" VPOS="1041" WIDTH="112" HEIGHT="25" WC="0.96" CONTENT="möjlighet"/><SP WIDTH="21" VPOS="1041" HPOS="393"/>
							<String ID="string_242" HPOS="414" VPOS="1043" WIDTH="30" HEIGHT="17" WC="0.93" CONTENT="att"/><SP WIDTH="23" VPOS="1043" HPOS="444"/>
							<String ID="string_243" HPOS="467" VPOS="1042" WIDTH="133" HEIGHT="25" WC="0.93" CONTENT="fullmäktige"/><SP WIDTH="23" VPOS="1042" HPOS="600"/>
							<String ID="string_244" HPOS="623" VPOS="1041" WIDTH="40" HEIGHT="20" WC="0.93" CONTENT="och"/><SP WIDTH="24" VPOS="1041" HPOS="663"/>
							<String ID="string_245" HPOS="687" VPOS="1042" WIDTH="138" HEIGHT="24" WC="0.91" CONTENT="magistraten"/><SP WIDTH="23" VPOS="1042" HPOS="825"/>
							<String ID="string_246" HPOS="848" VPOS="1041" WIDTH="62" HEIGHT="19" WC="0.91" CONTENT="hafva"/><SP WIDTH="23" VPOS="1041" HPOS="910"/>
							<String ID="string_247" HPOS="933" VPOS="1042" WIDTH="57" HEIGHT="19" WC="0.96" CONTENT="olika"/>
						</TextLine>
						<TextLine ID="line_26" HPOS="228" VPOS="1074" WIDTH="760" HEIGHT="28">
							<String ID="string_248" HPOS="228" VPOS="1074" WIDTH="80" HEIGHT="21" WC="0.93" CONTENT="äsikter"/><SP WIDTH="15" VPOS="1074" HPOS="308"/>
							<String ID="string_249" HPOS="323" VPOS="1082" WIDTH="35" HEIGHT="13" WC="0.96" CONTENT="om"/><SP WIDTH="15" VPOS="1082" HPOS="358"/>
							<String ID="string_250" HPOS="373" VPOS="1082" WIDTH="26" HEIGHT="13" WC="0.96" CONTENT="en"/><SP WIDTH="16" VPOS="1082" HPOS="399"/>
							<String ID="string_251" HPOS="415" VPOS="1076" WIDTH="45" HEIGHT="22" WC="0.96" CONTENT="sak,"/><SP WIDTH="16" VPOS="1076" HPOS="460"/>
							<String ID="string_252" HPOS="476" VPOS="1078" WIDTH="50" HEIGHT="17" WC="0.96" CONTENT="utan"/><SP WIDTH="16" VPOS="1078" HPOS="526"/>
							<String ID="string_253" HPOS="542" VPOS="1078" WIDTH="31" HEIGHT="17" WC="0.96" CONTENT="att"/><SP WIDTH="16" VPOS="1078" HPOS="573"/>
							<String ID="string_254" HPOS="589" VPOS="1076" WIDTH="34" HEIGHT="19" WC="0.96" CONTENT="det"/><SP WIDTH="16" VPOS="1076" HPOS="623"/>
							<String ID="string_255" HPOS="639" VPOS="1076" WIDTH="67" HEIGHT="26" WC="0.96" CONTENT="gäller"/><SP WIDTH="15" VPOS="1076" HPOS="706"/>
							<String ID="string_256" HPOS="721" VPOS="1076" WIDTH="50" HEIGHT="19" WC="0.93" CONTENT="dess"/><SP WIDTH="16" VPOS="1076" HPOS="771"/>
							<String ID="string_257" HPOS="787" VPOS="1075" WIDTH="103" HEIGHT="26" WC="0.92" CONTENT="laglighet"/><SP WIDTH="16" VPOS="1075" HPOS="890"/>
							<String ID="string_258" HPOS="906" VPOS="1076" WIDTH="39" HEIGHT="19" WC="0.96" CONTENT="och"/><SP WIDTH="17" VPOS="1076" HPOS="945"/>
							<String ID="string_259" HPOS="962" VPOS="1075" WIDTH="26" HEIGHT="20" WC="0.96" CONTENT="dä"/>
						</TextLine>
						<TextLine ID="line_27" HPOS="228" VPOS="1109" WIDTH="759" HEIGHT="26">
							<String ID="string_260" HPOS="228" VPOS="1110" WIDTH="24" HEIGHT="19" WC="0.94" CONTENT="är"/><SP WIDTH="23" VPOS="1110" HPOS="252"/>
							<String ID="string_261" HPOS="275" VPOS="1110" WIDTH="34" HEIGHT="19" WC="0.96" CONTENT="det"/><SP WIDTH="20" VPOS="1110" HPOS="309"/>
							<String ID="string_262" HPOS="329" VPOS="1110" WIDTH="35" HEIGHT="20" WC="0.96" CONTENT="väl"/><SP WIDTH="24" VPOS="1110" HPOS="364"/>
							<String ID="string_263" HPOS="388" VPOS="1110" WIDTH="46" HEIGHT="20" WC="0.91" CONTENT="med"/><SP WIDTH="23" VPOS="1110" HPOS="434"/>
							<String ID="string_264" HPOS="457" VPOS="1111" WIDTH="102" HEIGHT="19" WC="0.91" CONTENT="rättvisan"/><SP WIDTH="23" VPOS="1111" HPOS="559"/>
							<String ID="string_265" HPOS="582" VPOS="1110" WIDTH="99" HEIGHT="25" WC="0.92" CONTENT="förenligt"/><SP WIDTH="15" VPOS="1110" HPOS="681"/>
							<String ID="string_266" HPOS="696" VPOS="1112" WIDTH="31" HEIGHT="18" WC="0.93" CONTENT="att"/><SP WIDTH="15" VPOS="1112" HPOS="727"/>
							<String ID="string_267" HPOS="742" VPOS="1110" WIDTH="133" HEIGHT="25" WC="0.91" CONTENT="fullmäktige"/><SP WIDTH="16" VPOS="1110" HPOS="875"/>
							<String ID="string_268" HPOS="891" VPOS="1109" WIDTH="20" HEIGHT="21" WC="0.92" CONTENT="fä"/><SP WIDTH="15" VPOS="1109" HPOS="911"/>
							<String ID="string_269" HPOS="926" VPOS="1111" WIDTH="61" HEIGHT="19" WC="0.92" CONTENT="verk-"/>
						</TextLine>
						<TextLine ID="line_28" HPOS="229" VPOS="1144" WIDTH="759" HEIGHT="27">
							<String ID="string_270" HPOS="229" VPOS="1144" WIDTH="62" HEIGHT="19" WC="0.96" CONTENT="ställa"/><SP WIDTH="17" VPOS="1144" HPOS="291"/>
							<String ID="string_271" HPOS="308" VPOS="1151" WIDTH="25" HEIGHT="12" WC="0.96" CONTENT="en"/><SP WIDTH="17" VPOS="1151" HPOS="333"/>
							<String ID="string_272" HPOS="350" VPOS="1145" WIDTH="44" HEIGHT="22" WC="0.96" CONTENT="sak,"/><SP WIDTH="17" VPOS="1145" HPOS="394"/>
							<String ID="string_273" HPOS="411" VPOS="1151" WIDTH="45" HEIGHT="13" WC="0.96" CONTENT="som"/><SP WIDTH="17" VPOS="1151" HPOS="456"/>
							<String ID="string_274" HPOS="473" VPOS="1145" WIDTH="33" HEIGHT="19" WC="0.96" CONTENT="rör"/><SP WIDTH="16" VPOS="1145" HPOS="506"/>
							<String ID="string_275" HPOS="522" VPOS="1145" WIDTH="54" HEIGHT="22" WC="0.93" CONTENT="dem,"/><SP WIDTH="16" VPOS="1145" HPOS="576"/>
							<String ID="string_276" HPOS="592" VPOS="1145" WIDTH="19" HEIGHT="18" WC="0.92" CONTENT="d."/><SP WIDTH="16" VPOS="1145" HPOS="611"/>
							<String ID="string_277" HPOS="627" VPOS="1151" WIDTH="19" HEIGHT="12" WC="0.96" CONTENT="v."/><SP WIDTH="17" VPOS="1151" HPOS="646"/>
							<String ID="string_278" HPOS="663" VPOS="1151" WIDTH="17" HEIGHT="12" WC="0.93" CONTENT="s."/><SP WIDTH="17" VPOS="1151" HPOS="680"/>
							<String ID="string_279" HPOS="697" VPOS="1144" WIDTH="128" HEIGHT="20" WC="0.96" CONTENT="kommunen"/><SP WIDTH="13" VPOS="1144" HPOS="825"/>
							<String ID="string_280" HPOS="838" VPOS="1144" WIDTH="40" HEIGHT="19" WC="0.93" CONTENT="och"/><SP WIDTH="11" VPOS="1144" HPOS="878"/>
							<String ID="string_281" HPOS="889" VPOS="1144" WIDTH="19" HEIGHT="25" WC="0.93" CONTENT="ej"/><SP WIDTH="12" VPOS="1144" HPOS="908"/>
							<String ID="string_282" HPOS="920" VPOS="1145" WIDTH="68" HEIGHT="26" WC="0.91" CONTENT="magi-"/>
						</TextLine>
						<TextLine ID="line_29" HPOS="229" VPOS="1177" WIDTH="759" HEIGHT="26">
							<String ID="string_283" HPOS="229" VPOS="1180" WIDTH="86" HEIGHT="21" WC="0.90" CONTENT="straten,"/><SP WIDTH="24" VPOS="1180" HPOS="315"/>
							<String ID="string_284" HPOS="339" VPOS="1179" WIDTH="151" HEIGHT="24" WC="0.91" CONTENT="magistratens"/><SP WIDTH="23" VPOS="1179" HPOS="490"/>
							<String ID="string_285" HPOS="513" VPOS="1179" WIDTH="138" HEIGHT="19" WC="0.92" CONTENT="medlemmar"/><SP WIDTH="23" VPOS="1179" HPOS="651"/>
							<String ID="string_286" HPOS="674" VPOS="1177" WIDTH="71" HEIGHT="20" WC="0.92" CONTENT="säsom"/><SP WIDTH="24" VPOS="1177" HPOS="745"/>
							<String ID="string_287" HPOS="769" VPOS="1178" WIDTH="97" HEIGHT="19" WC="0.91" CONTENT="enskilde"/><SP WIDTH="22" VPOS="1178" HPOS="866"/>
							<String ID="string_288" HPOS="888" VPOS="1179" WIDTH="100" HEIGHT="19" WC="0.92" CONTENT="medlem-"/>
						</TextLine>
						<TextLine ID="line_30" HPOS="228" VPOS="1212" WIDTH="761" HEIGHT="26">
							<String ID="string_289" HPOS="228" VPOS="1219" WIDTH="45" HEIGHT="12" WC="0.96" CONTENT="mar"/><SP WIDTH="15" VPOS="1219" HPOS="273"/>
							<String ID="string_290" HPOS="288" VPOS="1213" WIDTH="7" HEIGHT="18" WC="0.93" CONTENT="i"/><SP WIDTH="16" VPOS="1213" HPOS="295"/>
							<String ID="string_291" HPOS="311" VPOS="1213" WIDTH="134" HEIGHT="22" WC="0.95" CONTENT="kommunen,"/><SP WIDTH="16" VPOS="1213" HPOS="445"/>
							<String ID="string_292" HPOS="461" VPOS="1213" WIDTH="65" HEIGHT="19" WC="0.95" CONTENT="blifva"/><SP WIDTH="12" VPOS="1213" HPOS="526"/>
							<String ID="string_293" HPOS="538" VPOS="1212" WIDTH="26" HEIGHT="20" WC="0.96" CONTENT="dä"/><SP WIDTH="16" VPOS="1212" HPOS="564"/>
							<String ID="string_294" HPOS="580" VPOS="1212" WIDTH="26" HEIGHT="26" WC="0.96" CONTENT="pä"/><SP WIDTH="16" VPOS="1212" HPOS="606"/>
							<String ID="string_295" HPOS="622" VPOS="1219" WIDTH="39" HEIGHT="13" WC="0.92" CONTENT="ena"/><SP WIDTH="16" VPOS="1219" HPOS="661"/>
							<String ID="string_296" HPOS="677" VPOS="1213" WIDTH="61" HEIGHT="18" WC="0.96" CONTENT="sidan"/><SP WIDTH="16" VPOS="1213" HPOS="738"/>
							<String ID="string_297" HPOS="754" VPOS="1212" WIDTH="40" HEIGHT="20" WC="0.17" CONTENT="och"/><SP WIDTH="7" VPOS="1212" HPOS="794"/>
							<String ID="string_298" HPOS="801" VPOS="1213" WIDTH="144" HEIGHT="19" WC="0.95" CONTENT="kommunen"/><SP WIDTH="-15" VPOS="1213" HPOS="945"/>
							<String ID="string_299" HPOS="930" VPOS="1208" WIDTH="14" HEIGHT="35" WC="0.96" CONTENT="i"/><SP WIDTH="11" VPOS="1208" HPOS="944"/>
							<String ID="string_300" HPOS="955" VPOS="1213" WIDTH="34" HEIGHT="19" WC="0.96" CONTENT="sin"/>
						</TextLine>
						<TextLine ID="line_31" HPOS="227" VPOS="1246" WIDTH="761" HEIGHT="27">
							<String ID="string_301" HPOS="227" VPOS="1247" WIDTH="73" HEIGHT="19" WC="0.92" CONTENT="helhet"/><SP WIDTH="15" VPOS="1247" HPOS="300"/>
							<String ID="string_302" HPOS="315" VPOS="1246" WIDTH="27" HEIGHT="27" WC="0.96" CONTENT="pä"/><SP WIDTH="16" VPOS="1246" HPOS="342"/>
							<String ID="string_303" HPOS="358" VPOS="1247" WIDTH="40" HEIGHT="19" WC="0.96" CONTENT="den"/><SP WIDTH="16" VPOS="1247" HPOS="398"/>
							<String ID="string_304" HPOS="414" VPOS="1247" WIDTH="71" HEIGHT="20" WC="0.95" CONTENT="andra."/><SP WIDTH="31" VPOS="1247" HPOS="485"/>
							<String ID="string_305" HPOS="516" VPOS="1247" WIDTH="41" HEIGHT="25" WC="0.93" CONTENT="Jag"/><SP WIDTH="16" VPOS="1247" HPOS="557"/>
							<String ID="string_306" HPOS="573" VPOS="1253" WIDTH="102" HEIGHT="20" WC="0.92" CONTENT="upprepar"/><SP WIDTH="16" VPOS="1253" HPOS="675"/>
							<String ID="string_307" HPOS="691" VPOS="1248" WIDTH="62" HEIGHT="21" WC="0.96" CONTENT="ännu,"/><SP WIDTH="17" VPOS="1248" HPOS="753"/>
							<String ID="string_308" HPOS="770" VPOS="1248" WIDTH="30" HEIGHT="17" WC="0.96" CONTENT="att"/><SP WIDTH="15" VPOS="1248" HPOS="800"/>
							<String ID="string_309" HPOS="815" VPOS="1247" WIDTH="36" HEIGHT="19" WC="0.93" CONTENT="det"/><SP WIDTH="23" VPOS="1247" HPOS="851"/>
							<String ID="string_310" HPOS="874" VPOS="1247" WIDTH="114" HEIGHT="26" WC="0.92" CONTENT="ingalunda"/>
						</TextLine>
						<TextLine ID="line_32" HPOS="227" VPOS="1280" WIDTH="762" HEIGHT="27">
							<String ID="string_311" HPOS="227" VPOS="1282" WIDTH="24" HEIGHT="19" WC="0.95" CONTENT="är"/><SP WIDTH="23" VPOS="1282" HPOS="251"/>
							<String ID="string_312" HPOS="274" VPOS="1282" WIDTH="42" HEIGHT="19" WC="0.95" CONTENT="min"/><SP WIDTH="24" VPOS="1282" HPOS="316"/>
							<String ID="string_313" HPOS="340" VPOS="1282" WIDTH="86" HEIGHT="25" WC="0.96" CONTENT="mening"/><SP WIDTH="23" VPOS="1282" HPOS="426"/>
							<String ID="string_314" HPOS="449" VPOS="1283" WIDTH="30" HEIGHT="18" WC="0.93" CONTENT="att"/><SP WIDTH="23" VPOS="1283" HPOS="479"/>
							<String ID="string_315" HPOS="502" VPOS="1282" WIDTH="123" HEIGHT="25" WC="0.91" CONTENT="derigenom"/><SP WIDTH="23" VPOS="1282" HPOS="625"/>
							<String ID="string_316" HPOS="648" VPOS="1280" WIDTH="65" HEIGHT="27" WC="0.91" CONTENT="nägot"/><SP WIDTH="22" VPOS="1280" HPOS="713"/>
							<String ID="string_317" HPOS="735" VPOS="1281" WIDTH="90" HEIGHT="26" WC="0.92" CONTENT="olagligt"/><SP WIDTH="22" VPOS="1281" HPOS="825"/>
							<String ID="string_318" HPOS="847" VPOS="1281" WIDTH="55" HEIGHT="19" WC="0.96" CONTENT="skall"/><SP WIDTH="16" VPOS="1281" HPOS="902"/>
							<String ID="string_319" HPOS="918" VPOS="1281" WIDTH="71" HEIGHT="20" WC="0.96" CONTENT="kunna"/>
						</TextLine>
						<TextLine ID="line_33" HPOS="227" VPOS="1315" WIDTH="761" HEIGHT="26">
							<String ID="string_320" HPOS="227" VPOS="1316" WIDTH="134" HEIGHT="19" WC="0.94" CONTENT="verkställas."/><SP WIDTH="31" VPOS="1316" HPOS="361"/>
							<String ID="string_321" HPOS="392" VPOS="1315" WIDTH="137" HEIGHT="26" WC="0.94" CONTENT="Magistraten"/><SP WIDTH="17" VPOS="1315" HPOS="529"/>
							<String ID="string_322" HPOS="546" VPOS="1317" WIDTH="23" HEIGHT="18" WC="0.96" CONTENT="är"/><SP WIDTH="20" VPOS="1317" HPOS="569"/>
							<String ID="string_323" HPOS="589" VPOS="1316" WIDTH="24" HEIGHT="25" WC="0.96" CONTENT="ju"/><SP WIDTH="23" VPOS="1316" HPOS="613"/>
							<String ID="string_324" HPOS="636" VPOS="1321" WIDTH="77" HEIGHT="20" WC="0.96" CONTENT="genom"/><SP WIDTH="24" VPOS="1321" HPOS="713"/>
							<String ID="string_325" HPOS="737" VPOS="1315" WIDTH="32" HEIGHT="20" WC="0.96" CONTENT="sin"/><SP WIDTH="24" VPOS="1315" HPOS="769"/>
							<String ID="string_326" HPOS="793" VPOS="1315" WIDTH="124" HEIGHT="20" WC="0.93" CONTENT="ordförande"/><SP WIDTH="23" VPOS="1315" HPOS="917"/>
							<String ID="string_327" HPOS="940" VPOS="1317" WIDTH="48" HEIGHT="18" WC="0.91" CONTENT="när-"/>
						</TextLine>
						<TextLine ID="line_34" HPOS="227" VPOS="1348" WIDTH="761" HEIGHT="27">
							<String ID="string_328" HPOS="227" VPOS="1350" WIDTH="93" HEIGHT="19" WC="0.92" CONTENT="varande"/><SP WIDTH="23" VPOS="1350" HPOS="320"/>
							<String ID="string_329" HPOS="343" VPOS="1350" WIDTH="34" HEIGHT="19" WC="0.93" CONTENT="vid"/><SP WIDTH="23" VPOS="1350" HPOS="377"/>
							<String ID="string_330" HPOS="400" VPOS="1350" WIDTH="73" HEIGHT="25" WC="0.92" CONTENT="hvarje"/><SP WIDTH="16" VPOS="1350" HPOS="473"/>
							<String ID="string_331" HPOS="489" VPOS="1350" WIDTH="80" HEIGHT="19" WC="0.92" CONTENT="besluts"/><SP WIDTH="16" VPOS="1350" HPOS="569"/>
							<String ID="string_332" HPOS="585" VPOS="1350" WIDTH="95" HEIGHT="19" WC="0.92" CONTENT="fattande"/><SP WIDTH="15" VPOS="1350" HPOS="680"/>
							<String ID="string_333" HPOS="695" VPOS="1349" WIDTH="39" HEIGHT="20" WC="0.96" CONTENT="och"/><SP WIDTH="17" VPOS="1349" HPOS="734"/>
							<String ID="string_334" HPOS="751" VPOS="1349" WIDTH="41" HEIGHT="20" WC="0.96" CONTENT="kan"/><SP WIDTH="17" VPOS="1349" HPOS="792"/>
							<String ID="string_335" HPOS="809" VPOS="1348" WIDTH="27" HEIGHT="21" WC="0.93" CONTENT="dä"/><SP WIDTH="16" VPOS="1348" HPOS="836"/>
							<String ID="string_336" HPOS="852" VPOS="1351" WIDTH="75" HEIGHT="24" WC="0.93" CONTENT="genast"/><SP WIDTH="16" VPOS="1351" HPOS="927"/>
							<String ID="string_337" HPOS="943" VPOS="1351" WIDTH="45" HEIGHT="18" WC="0.93" CONTENT="inse"/>
						</TextLine>
						<TextLine ID="line_35" HPOS="227" VPOS="1384" WIDTH="761" HEIGHT="26">
							<String ID="string_338" HPOS="227" VPOS="1390" WIDTH="35" HEIGHT="13" WC="0.96" CONTENT="om"/><SP WIDTH="17" VPOS="1390" HPOS="262"/>
							<String ID="string_339" HPOS="279" VPOS="1384" WIDTH="34" HEIGHT="19" WC="0.96" CONTENT="det"/><SP WIDTH="16" VPOS="1384" HPOS="313"/>
							<String ID="string_340" HPOS="329" VPOS="1385" WIDTH="22" HEIGHT="18" WC="0.93" CONTENT="är"/><SP WIDTH="16" VPOS="1385" HPOS="351"/>
							<String ID="string_341" HPOS="367" VPOS="1384" WIDTH="76" HEIGHT="26" WC="0.91" CONTENT="lagligt"/><SP WIDTH="15" VPOS="1384" HPOS="443"/>
							<String ID="string_342" HPOS="458" VPOS="1384" WIDTH="52" HEIGHT="19" WC="0.93" CONTENT="eller"/><SP WIDTH="15" VPOS="1384" HPOS="510"/>
							<String ID="string_343" HPOS="525" VPOS="1385" WIDTH="26" HEIGHT="24" WC="0.92" CONTENT="ej,"/><SP WIDTH="16" VPOS="1385" HPOS="551"/>
							<String ID="string_344" HPOS="567" VPOS="1386" WIDTH="56" HEIGHT="17" WC="0.96" CONTENT="samt"/><SP WIDTH="16" VPOS="1386" HPOS="623"/>
							<String ID="string_345" HPOS="639" VPOS="1385" WIDTH="6" HEIGHT="18" WC="0.93" CONTENT="i"/><SP WIDTH="16" VPOS="1385" HPOS="645"/>
							<String ID="string_346" HPOS="661" VPOS="1384" WIDTH="89" HEIGHT="19" WC="0.92" CONTENT="sednare"/><SP WIDTH="16" VPOS="1384" HPOS="750"/>
							<String ID="string_347" HPOS="766" VPOS="1384" WIDTH="65" HEIGHT="23" WC="0.93" CONTENT="fallet,"/><SP WIDTH="16" VPOS="1384" HPOS="831"/>
							<String ID="string_348" HPOS="847" VPOS="1386" WIDTH="75" HEIGHT="23" WC="0.92" CONTENT="genast"/><SP WIDTH="14" VPOS="1386" HPOS="922"/>
							<String ID="string_349" HPOS="936" VPOS="1385" WIDTH="52" HEIGHT="25" WC="0.92" CONTENT="säga"/>
						</TextLine>
						<TextLine ID="line_36" HPOS="228" VPOS="1417" WIDTH="680" HEIGHT="27">
							<String ID="string_350" HPOS="228" VPOS="1419" WIDTH="37" HEIGHT="18" WC="0.96" CONTENT="sitt"/><SP WIDTH="15" VPOS="1419" HPOS="265"/>
							<String ID="string_351" HPOS="280" VPOS="1420" WIDTH="54" HEIGHT="21" WC="0.96" CONTENT="veto,"/><SP WIDTH="17" VPOS="1420" HPOS="334"/>
							<String ID="string_352" HPOS="351" VPOS="1419" WIDTH="5" HEIGHT="18" WC="0.93" CONTENT="i"/><SP WIDTH="16" VPOS="1419" HPOS="356"/>
							<String ID="string_353" HPOS="372" VPOS="1418" WIDTH="81" HEIGHT="19" WC="0.93" CONTENT="hvilket"/><SP WIDTH="15" VPOS="1418" HPOS="453"/>
							<String ID="string_354" HPOS="468" VPOS="1418" WIDTH="37" HEIGHT="19" WC="0.96" CONTENT="fall"/><SP WIDTH="16" VPOS="1418" HPOS="505"/>
							<String ID="string_355" HPOS="521" VPOS="1418" WIDTH="92" HEIGHT="19" WC="0.93" CONTENT="beslutet"/><SP WIDTH="15" VPOS="1418" HPOS="613"/>
							<String ID="string_356" HPOS="628" VPOS="1419" WIDTH="19" HEIGHT="25" WC="0.93" CONTENT="ej"/><SP WIDTH="17" VPOS="1419" HPOS="647"/>
							<String ID="string_357" HPOS="664" VPOS="1417" WIDTH="38" HEIGHT="26" WC="0.92" CONTENT="gär"/><SP WIDTH="15" VPOS="1417" HPOS="702"/>
							<String ID="string_358" HPOS="717" VPOS="1418" WIDTH="7" HEIGHT="19" WC="0.93" CONTENT="i"/><SP WIDTH="16" VPOS="1418" HPOS="724"/>
							<String ID="string_359" HPOS="740" VPOS="1418" WIDTH="168" HEIGHT="26" WC="0.91" CONTENT="verkställighet."/>
						</TextLine>
					</TextBlock>
				</ComposedBlock>
			</PrintSpace>
		</Page>
	</Layout>
</alto>
