1109 1817
437 146 39 17 Den
489 146 10 17 3
512 145 47 17 Juni.
813 146 45 17 1825

120 204 103 26 möjligen
240 204 69 20 skulle
324 204 94 20 medföra
434 202 71 27 någon
520 204 125 26 ytterligare
660 204 97 20 frestelse
771 204 33 19 till
819 204 62 20 lönn-

120 238 99 20 bränneri
234 238 40 20 och
284 238 143 25 lurendrejeri.
451 238 61 19 Hvad
523 238 76 25 sjelfva
609 238 148 25 fördelningen
765 238 22 19 af
797 238 84 19 skatten

121 273 138 22 vidkommer,
282 271 24 21 så
321 279 63 13 anser
397 272 39 25 jag
451 272 7 19 i
473 272 68 19 likhet
557 273 48 18 med
620 271 127 27 föregående
762 272 73 24 talare,
850 273 32 18 att

121 307 41 19 den
185 307 110 19 oafkortad
316 307 38 19 bör
369 306 84 19 tillfalla
468 306 91 24 kronan;
572 307 39 25 jag
627 313 62 12 anser
705 306 35 19 det
754 307 127 26 visserligen

122 341 18 26 ej
164 341 60 26 ligga
245 340 70 27 någon
337 340 56 20 våda
413 341 37 22 uti,
473 342 31 18 att
525 341 62 19 äfven
607 341 129 19 kommunen
752 341 69 20 skulle
837 341 44 20 deri

120 374 65 21 undfå
208 375 40 20 del.
281 375 48 19 Men
351 374 26 20 då
399 375 103 25 förslaget
525 375 74 19 härom
621 375 62 19 äfven
701 375 58 19 inom
775 375 25 19 de
816 375 65 20 andra

121 409 94 20 Stånden
230 409 39 20 har
284 410 53 19 mött
352 408 114 24 motstånd,
482 409 7 19 i
504 409 36 20 det
556 415 49 14 man
621 410 70 19 ansett
707 410 30 18 att
752 409 129 20 kommunen

121 444 122 25 derigenom
259 443 103 26 möjligen
377 443 69 20 skulle
462 442 80 21 förmås
558 445 30 18 att
598 446 126 23 uppmuntra
737 443 144 26 afsättningen

121 479 23 18 af
156 478 110 23 brännvin,
282 477 24 20 så
321 478 50 19 ville
383 478 40 25 jag
438 477 85 24 föreslå,
534 479 31 18 att
575 478 98 25 beloppet
683 478 23 19 af
715 477 90 24 skatten,
816 478 66 19 under

120 513 86 19 kvilken
225 513 54 19 form
294 513 41 19 den
351 513 26 19 än
393 511 35 20 må
443 511 57 27 utgå,
516 512 112 19 oafkortad
644 511 35 20 må
694 512 84 19 tillfalla
793 513 87 19 kronan.

190 547 51 20 Herr
264 547 127 19 Masalin:
421 547 40 19 För
485 547 44 19 min
552 547 61 25 ringa
636 546 34 20 del
692 546 39 19 har
751 547 39 25 jag
805 547 77 20 hittills

120 581 90 20 kommit
232 581 33 20 till
284 581 65 26 insigt
365 581 87 23 derutaf,
468 583 30 17 att
515 581 35 19 det
566 581 7 19 i
588 581 108 26 principen
711 587 50 13 vore
776 582 105 25 rigtigast,

122 615 72 20 såsom
209 622 26 13 en
251 616 34 19 del
300 616 66 19 talare
381 615 64 20 hafva
460 615 100 24 förordat,
576 617 31 18 att
621 615 64 26 ingen
697 615 60 26 afgift
765 615 69 20 skulle
844 614 38 27 på-

121 650 76 25 läggas
213 650 174 25 utminuterings-
402 649 41 20 och
458 649 319 26 utskänkningsrättigheterna.
800 650 43 19 Här
859 651 23 18 är

123 684 55 20 dock
193 691 26 13 en
235 684 92 20 särskild
343 684 166 25 omständighet,
526 690 46 13 som
585 684 40 26 jag
639 684 37 19 ber
691 685 31 18 att
732 682 21 21 få
764 684 118 19 framställa

120 718 33 20 till
177 719 60 19 deras
253 718 155 26 begrundande,
425 724 46 14 som
486 717 87 21 förmått
588 718 87 26 djupare
690 719 27 19 än
730 718 39 26 jag
784 718 99 26 intränga

120 753 7 19 i
149 753 269 25 bränvinslagstiftningen.
448 752 41 20 Det
512 753 23 19 är
558 753 39 19 den
621 754 36 21 att,
681 752 66 26 enligt
765 752 117 26 kejserliga

120 788 143 25 kungörelsen
287 788 22 18 af
328 788 40 18 den
390 786 26 20 29
438 787 120 19 November
584 787 53 19 1870
660 793 35 13 om
711 787 169 25 spritfabriken
868 782 16 35 i

121 821 96 23 Finland,
239 822 36 19 äro
298 828 63 19 egare
384 822 23 18 af
427 820 82 20 sådana
524 822 92 18 fabriker
631 821 131 25 berättigade
778 823 31 17 att
823 820 59 20 hålla

121 856 223 25 försäljningsställen,
364 854 54 21 både
433 856 7 18 i
456 856 100 19 städerna
571 855 40 20 och
627 854 26 27 på
668 855 79 23 landet,
762 856 44 19 mot
821 855 61 26 skyl-

122 890 73 26 dighet
210 892 30 17 att
256 890 31 19 för
302 890 73 26 hvarje
390 890 205 26 försäljningsställe
611 890 87 26 erlägga
709 896 26 13 en
748 888 54 27 årlig
815 890 67 25 afgift,

122 930 46 14 som
191 924 128 20 bestämmes
342 925 7 18 i
372 924 99 20 städerna
494 930 79 19 genom
595 925 96 25 taxering
713 924 40 20 och
769 923 26 27 på
810 924 73 19 landet

121 965 78 19 genom
221 959 236 26 kommunalstyrelsen.
488 958 33 20 Då
543 957 179 27 Borgareståndet
744 965 28 12 nu
787 958 39 19 har
841 958 41 19 lik-

122 993 59 20 ställt
203 993 180 26 minimibeloppet
405 994 32 18 för
454 993 225 25 minutförsäljningen
694 993 23 19 af
730 993 88 19 bränvin
834 992 49 20 med

121 1028 35 18 det
171 1028 7 18 i
193 1028 142 25 kungörelsen
351 1028 104 25 stadgade
470 1028 112 18 minimum
597 1028 32 18 för
645 1027 184 26 sprittillverkares
840 1027 43 19 för-

122 1062 100 26 säljning,
238 1061 25 20 så
278 1062 140 19 förekommer
433 1062 34 19 det
483 1062 46 25 mig
544 1060 65 27 något
624 1062 118 25 oegentligt
759 1063 31 17 att
807 1061 76 19 försäl-

119 1096 62 26 jaren
197 1096 7 20 i
220 1102 40 14 ena
275 1096 58 20 fallet
345 1096 68 20 skulle
423 1102 50 14 vara
484 1096 143 20 underkastad
639 1096 60 26 afgift
710 1096 32 19 till
754 1096 129 19 kommunen

121 1129 27 27 på
170 1131 68 25 grund
261 1131 23 18 af
303 1131 96 25 taxering
421 1130 40 20 och
483 1131 7 18 i
513 1131 35 18 det
563 1130 66 19 andra
644 1130 7 19 i
667 1130 71 19 stället
753 1130 88 25 erlägga
857 1136 26 13 en

120 1165 206 25 minuteringsskatt,
349 1166 51 18 utan
415 1165 101 19 afseende
531 1163 28 27 på
573 1164 64 19 hvem
653 1165 68 19 denna
737 1165 61 24 afgift
813 1164 71 19 skulle

120 1199 91 19 tillfalla.
242 1198 29 21 Så
293 1199 61 19 framt
367 1199 40 26 jag
422 1199 18 25 ej
458 1206 28 12 nu
502 1199 40 20 blir
557 1199 87 26 upplyst
659 1205 35 13 om
709 1200 30 18 att
755 1199 69 19 denna
839 1198 45 19 min

121 1233 147 26 betänklighet
283 1234 23 19 är
321 1234 115 25 ogrundad,
455 1233 38 20 vill
506 1233 40 26 jag
562 1233 123 23 emellertid,
701 1233 31 19 för
747 1234 31 18 att
793 1233 91 18 minute-

121 1268 75 25 ringen
211 1268 8 19 i
235 1267 132 20 sistnämnde
383 1267 18 26 ej
419 1267 35 20 må
469 1268 30 19 bli
514 1268 133 23 obeskattad,
663 1267 81 20 hvilket
759 1267 40 19 den
811 1265 72 21 såsom

121 1308 26 13 en
170 1302 158 25 vinstgifvande
350 1302 76 26 näring
449 1302 18 25 ej
492 1303 38 18 bör
548 1308 57 17 vara,
621 1302 72 19 förena
708 1302 45 25 mig
768 1301 48 20 med
831 1301 53 19 Herr

120 1336 57 26 Frey
199 1336 71 20 derom
293 1338 31 18 att
339 1343 26 13 en
380 1337 170 26 utskänknings-
566 1337 40 19 och
621 1336 227 25 utminuteringsafgift
863 1335 23 20 af

122 1370 26 21 20
172 1371 63 25 penni
250 1371 32 19 för
296 1371 77 23 kanna,
389 1371 69 20 blefve
473 1371 116 20 fastställd.
619 1369 80 21 Likaså
713 1371 36 19 ber
762 1370 39 26 jag
817 1371 31 18 att
863 1369 21 20 få

121 1405 73 19 förena
215 1405 45 25 mig
275 1405 48 20 med
338 1405 52 20 Herr
405 1405 55 26 Frey
475 1405 7 19 i
498 1404 60 27 fråga
573 1411 36 14 om
625 1411 26 14 en
666 1405 123 25 förhöjning
804 1405 23 18 af
840 1403 44 20 till-

121 1439 208 26 verkningsskatten.
