1109 1817
447 154 38 17 Den
500 154 12 17 8
524 153 47 18 Juni.
823 154 44 18 2081

128 218 58 13 mera
209 212 58 19 virke
289 212 26 19 än
337 212 42 19 han
402 212 55 19 förut
477 212 52 22 haft,
545 212 40 19 och
598 212 39 26 jag
652 214 43 17 tror
710 212 47 19 icke
772 212 72 23 heller,
860 213 31 18 att

128 246 125 25 tolkningen
279 246 22 19 af
323 246 151 25 förordningen
499 246 65 19 borde
589 246 72 19 kunna
685 245 48 20 leda
757 246 33 19 till
815 245 76 20 sådant

128 280 95 20 resultat.

197 315 52 19 Herr
265 314 165 26 Tengström:
461 314 41 20 Om
523 321 49 12 man
595 314 56 20 skall
674 316 50 24 taga
747 315 57 19 detta
826 321 63 14 mom.

128 349 53 20 efter
202 349 131 23 bokstafven,
357 347 24 21 så
403 350 23 19 är
447 349 36 19 det
506 349 89 19 alldeles
614 349 56 19 hvad
685 355 50 13 man
750 349 7 19 i
772 349 118 26 hvardags-

129 383 85 26 språket
229 383 68 19 kallar
313 383 170 24 ,,riksrasande".
510 384 73 25 Antag
593 385 14 18 t.
619 390 31 13 ex.
664 385 31 18 att
707 390 26 13 en
748 383 141 26 virkesegare,

129 424 47 13 som
196 418 38 19 har
259 417 60 23 1,000
342 418 61 19 stock
424 418 67 19 under
514 418 105 25 flottning,
635 418 48 19 icke
698 418 73 19 mistat
787 424 26 13 en
828 418 61 23 enda,

128 459 48 12 men
192 453 31 18 att
238 452 39 19 den
294 458 45 13 som
355 451 38 20 har
411 451 46 24 100,
473 452 88 19 förlorat
573 452 146 19 allesamman.
744 452 72 25 Enligt
832 453 58 18 detta

128 487 117 24 stadgande
261 486 68 19 skulle
345 485 27 20 då
387 487 40 18 den
444 493 46 13 som
514 487 111 25 ingenting
648 487 86 19 förlorat
757 485 80 21 erhålla
859 487 30 19 tio

128 520 80 27 gånger
224 527 63 16 mera,
303 521 26 19 än
345 521 40 19 den
402 527 45 13 som
468 521 87 19 förlorat
577 521 44 19 allt.
652 521 63 19 Detta
737 520 68 21 måste
828 521 61 26 inga-

127 556 65 19 lunda
207 562 49 13 vara
272 555 114 20 utskottets
403 556 92 25 mening,
512 557 50 18 utan
573 555 49 20 bero
633 554 26 27 på
671 562 24 13 en
707 555 96 26 olycklig
813 556 75 19 redak-

127 591 45 18 tion
187 590 23 19 af
223 588 159 27 ifrågavarande
398 596 63 13 mom.
492 590 65 19 Detta
572 589 70 20 kunde
658 589 83 26 hjelpas
761 596 78 19 genom
858 591 30 18 att

127 625 7 18 i
150 624 71 19 stället
236 625 31 18 för
283 624 25 19 de
324 625 53 18 sista
392 625 65 18 orden
474 623 41 24 ,,då
538 624 46 19 haft
606 624 59 19 virke
687 625 66 18 under
774 625 112 25 flottning"

127 659 90 19 insattes
234 659 37 22 ,är
285 659 7 18 i
308 659 103 19 afsaknad
427 659 23 19 af
465 659 67 22 virke,
555 665 46 13 som
617 659 7 18 i
639 659 126 25 flottningen
788 659 99 19 insatts".

197 693 51 19 Herr
271 692 165 20 Granström:
467 693 43 25 Jag
532 692 50 20 ville
605 693 48 19 med
675 693 114 25 anledning
811 693 23 19 af
847 693 41 19 den

126 727 76 25 gjorda
223 727 166 25 anmärkningen
413 728 74 22 erinra,
511 729 31 17 att
565 728 33 18 det
619 728 23 18 är
657 728 98 25 omöjligt
770 729 36 21 att,
822 728 65 19 innan

127 762 88 19 stocken
230 762 89 19 kommit
334 762 32 19 till
382 760 73 28 sågen,
470 763 50 18 veta
535 768 35 13 om
586 761 71 26 någon
673 762 60 20 stock
749 762 85 23 saknas,
846 762 41 19 och

128 796 57 20 detta
200 796 41 19 kan
257 796 60 26 dröja
332 797 43 19 ofta
391 797 30 19 ett
436 796 13 20 &
464 802 37 20 par
518 795 28 24 år,
563 796 32 19 till
611 796 52 26 följd
679 796 76 20 hvaraf
768 797 55 19 rätta
845 797 42 19 för-

127 830 108 20 hållandet
257 830 48 20 icke
330 830 42 20 kan
395 832 87 18 utrönas
510 831 70 19 förrän
603 831 52 19 efter
678 829 77 27 många
779 832 107 24 omvägar.

126 865 43 26 Jag
183 866 94 18 förordar
292 865 153 19 betänkandets
461 865 140 19 oförändrade
617 866 126 24 antagande.

196 900 52 19 Herr
263 900 174 25 Tengström:
467 900 88 26 Mycket
570 900 66 19 hellre
659 898 35 21 må
717 900 88 19 stocken
827 899 59 26 ligga

126 934 76 19 odelad
224 934 42 19 fast
289 934 80 24 siutton
392 933 28 24 är,
443 935 27 18 än
491 936 31 17 att
542 934 47 22 den,
606 940 46 13 som
667 934 112 26 ingenting
793 934 93 23 förlorat,

126 968 55 19 skall
197 967 20 20 få
233 974 26 14 en
275 969 66 19 större
357 968 34 20 del
407 969 26 19 än
449 968 47 23 den,
513 974 47 13 som
576 968 108 26 verkligen
704 968 92 20 förlorat.
827 968 59 19 Rätt-

126 1002 60 20 visan
202 1002 55 20 skall
272 1001 28 27 gå
315 1003 86 19 framför
417 1002 190 26 skyndsamheten,
622 1005 25 23 ty
662 1009 77 13 annars
755 1002 85 20 komme
851 1002 35 20 det

126 1038 30 18 att
172 1037 47 19 leda
234 1037 32 19 till
282 1037 87 19 alldeles
385 1037 110 26 olyckliga
511 1037 81 25 följder.

194 1072 53 18 Herr
262 1071 161 20 Talmannen
439 1071 132 19 framställde
587 1071 92 19 härefter
694 1071 105 25 följande:

195 1106 135 24 Proposition:
361 1105 128 20 Godkänner
505 1104 88 20 Ståndet
615 1106 114 19 utskottets
751 1106 134 19 betänkande

125 1139 130 20 beträffande
275 1139 14 26 &
311 1139 19 23 6,
354 1139 51 20 eller
424 1139 38 20 vill
478 1138 89 21 Ståndet
582 1139 82 20 besluta
679 1139 33 20 till
727 1138 122 21 återremiss
865 1139 23 20 af

124 1173 15 26 8
162 1174 31 19 för
214 1174 156 25 omredigering
385 1174 7 19 i
407 1180 29 13 nu
459 1174 89 19 nämndt
572 1174 73 25 syfte?
668 1173 31 20 De
720 1180 46 13 som
782 1173 51 26 vilja
850 1173 36 20 det

124 1208 61 22 förra,
202 1214 61 13 svara
273 1208 40 25 ja;
328 1209 26 19 de
370 1215 46 12 som
432 1208 112 25 föredraga
560 1208 35 19 det
611 1214 82 17 senare,
707 1208 38 25 nej.

193 1241 159 26 Propositionen
368 1243 127 19 besvarades
512 1242 47 19 med
575 1242 155 26 öfvervägande
741 1243 36 24 ne,
788 1242 33 19 till
831 1242 53 26 följd

123 1275 76 20 hvaraf
212 1275 14 27 &
242 1277 130 20 förklarades
387 1277 51 19 böra
453 1275 171 21 äterremitteras.
809 1269 2 2 |

227 1310 14 26 8
257 1309 18 22 7.

192 1344 53 20 Herr
267 1351 50 14 von
340 1345 187 26 Zweygberg:
557 1345 32 20 De
611 1345 30 20 uti
664 1345 69 20 denna
748 1344 14 27 &
777 1343 107 28 ingående

122 1379 160 26 bestämningar
307 1386 34 13 om
364 1380 35 19 det
424 1380 99 19 inbördes
550 1379 142 20 förhällandet
713 1380 78 19 mellan
813 1379 71 20 skilda

122 1413 135 26 virkesegare
279 1414 36 19 vid
337 1414 91 19 samtida
449 1415 100 25 flottning
571 1415 23 18 af
609 1415 59 18 virke
683 1415 8 18 i
706 1416 30 18 ett
757 1414 127 25 vattendrag

122 1449 36 18 äro
181 1448 70 19 alltför
274 1449 121 19 sväfvande.
425 1447 33 21 Dä
479 1449 35 19 det
529 1449 107 26 nemligen
651 1449 7 19 i
674 1449 65 20 första
755 1455 62 14 mom.
834 1449 23 19 af
869 1447 15 27 &
