1109 1817
247 172 46 18 1736
541 173 40 17 Den
593 173 21 17 31
629 172 41 23 Maj.

222 231 82 20 riernas
327 231 58 19 antal
407 229 81 28 uppgår
513 238 28 12 nu
557 231 32 19 till
605 231 25 19 41
648 231 51 20 eller
714 231 34 22 42,
765 231 40 19 och
821 237 35 14 om
871 231 61 20 hvart
947 231 40 19 och

223 266 30 19 ett
273 265 24 19 af
310 265 63 20 dessa
389 265 69 19 skulle
474 265 80 19 bränna
572 265 89 22 150,000
677 265 82 19 kannor
775 264 87 27 årligen,
879 265 24 20 så
919 265 68 20 skulle

223 300 36 19 det
281 299 116 26 öfverstiga
419 299 36 20 det
477 300 108 25 medgifna
607 300 150 25 totalbeloppet
777 300 23 18 af
815 300 171 25 tillverkningen.

223 333 41 20 Om
282 334 86 19 maximi
384 334 97 25 beloppet
496 335 32 18 för
544 334 39 19 den
600 333 68 26 årliga
683 333 164 26 tillverkningen
864 335 35 18 vid
914 334 73 26 hvarje

222 368 99 19 bränneri
341 369 69 19 skulle
428 368 69 26 höjas,
517 367 23 20 så
557 369 68 18 blefve
641 369 35 19 det
691 370 30 17 ett
733 369 105 25 jägtande
854 369 34 19 vid
905 369 82 20 auktio-

222 409 66 14 nerne
301 405 30 17 att
342 403 65 19 hinna
422 409 50 19 ropa
488 403 21 18 in
525 403 35 19 det
575 403 78 26 högsta
669 403 80 19 antalet
764 403 88 22 kannor,
868 403 26 19 de
909 404 78 18 största

222 437 151 20 brännerierna
394 437 69 20 skulle
485 437 109 26 förqväfva
615 437 26 20 de
657 437 87 22 mindre,
761 443 47 14 som
823 438 63 19 redan
904 439 35 18 äro
954 437 33 19 in-

222 472 89 19 rättade.
342 472 42 25 Jag
406 471 69 20 skulle
498 470 27 27 på
548 471 81 20 sådana
651 471 48 20 skäl
721 471 78 20 föreslå
822 472 130 25 antagandet
966 472 23 19 af

222 506 144 19 betänkandet
382 506 51 19 eller
448 507 27 18 än
490 505 67 20 hellre
573 512 28 17 se,
618 507 31 18 att
664 506 85 19 maximi
766 506 97 25 beloppet
879 506 108 19 nedsattes

222 540 33 19 till
273 539 90 24 100,000
379 541 81 18 kannor
475 540 138 25 tillverkning
629 540 35 19 vid
679 540 74 25 hvarje
769 540 104 19 bränneri.

292 574 52 19 Herr
363 575 132 19 Kiseleff:
526 573 32 21 Då
573 575 53 18 Herr
641 575 93 18 Höckert
749 573 86 26 påstått,
852 576 30 17 att
897 575 90 19 bränne-

222 609 41 19 rier
275 609 48 19 med
338 609 133 25 obegränsad
487 609 149 25 tillverknings
652 609 101 25 rättighet
769 609 85 19 komme
870 611 31 17 att
913 615 73 13 mono-

221 643 93 26 polisera
337 643 266 26 bränvinstillverkningen
625 642 26 27 på
673 645 30 18 ett
726 642 52 20 fåtal
799 643 87 23 händer,
910 642 24 21 så
949 643 38 19 har

221 677 44 19 han
290 678 122 25 derigenom
436 678 116 25 medgifvit,
576 679 31 17 att
629 678 26 19 de
678 679 57 18 stora
751 678 149 18 brännerierna
915 678 72 18 kunna

221 712 99 19 tillverka
342 712 96 26 billigare
459 718 51 13 vara
532 712 27 19 än
583 712 26 19 de
632 710 53 25 små,
700 712 81 19 hvilket
797 712 67 25 enligt
879 712 55 18 hvad
948 711 39 26 jag

221 746 44 20 kan
276 752 30 17 se,
318 745 69 20 måste
402 752 50 13 vara
468 752 25 13 en
507 746 158 23 nationalvinst,
681 745 28 20 då
724 752 26 14 en
766 746 98 26 billigare
879 752 50 13 vara
944 746 42 19 kan

221 781 52 19 bära
288 787 27 13 en
330 780 66 26 högre
412 780 63 20 skatt.

292 815 52 19 Herr
359 815 132 19 Höckert:
523 814 41 26 Jag
579 816 24 18 är
618 814 88 20 alldeles
721 815 48 19 icke
785 815 59 19 blind
859 815 37 23 för,
913 816 30 18 att
958 821 26 13 en

221 849 133 25 produktion,
380 849 80 19 drifven
476 849 7 19 i
499 851 43 17 stor
566 849 67 23 skala,
657 849 75 19 blifver
754 849 104 25 billigare,
881 850 27 18 än
931 855 26 13 en
979 849 7 19 i

221 883 82 19 mindre
319 883 74 24 skala;
409 890 48 12 men
470 883 40 26 jag
524 883 51 19 ville
591 884 53 19 söka
655 884 114 25 tillgodose
780 883 25 19 de
818 883 167 25 bränneriegare,

221 924 48 13 som
294 918 65 19 redan
384 918 74 25 anlagt
483 918 123 20 brännerier
631 918 31 19 för
688 924 26 13 en
737 918 82 19 mindre
842 918 144 25 tillverkning,

221 952 74 19 hvilka
318 952 141 26 inrättningar
482 952 33 20 till
538 958 26 14 en
587 954 44 18 stor
649 952 34 20 del
698 952 45 20 helt
760 952 72 20 säkert
848 952 46 20 icke
910 953 36 19 äro
962 950 24 21 så

221 986 89 26 byggda
331 986 41 20 och
394 986 89 23 utförda,
506 988 30 18 att
559 987 26 19 de
605 988 51 18 utan
671 986 116 26 olägenhet
801 986 71 20 kunde
888 986 98 26 utvidgas

221 1020 33 20 till
278 1027 26 13 en
327 1019 66 21 sådan
417 1020 132 26 produktion,
573 1027 47 13 som
643 1021 48 23 den,
714 1021 87 19 hvilken
823 1021 36 19 väl
874 1028 28 12 nu
918 1020 68 20 skulle

222 1054 66 20 blifva
304 1056 120 18 maximum.

291 1089 52 19 Herr
369 1089 151 20 Wasenius:
550 1089 49 19 Med
624 1090 116 25 anledning
763 1090 24 18 af
807 1090 53 19 Herr
882 1088 104 27 Procopés

221 1122 128 21 framhållna
369 1123 47 20 skäl
431 1124 32 19 för
478 1124 184 25 inskränkningen
677 1124 7 19 i
700 1124 184 25 maximibeloppet
898 1124 37 19 ber
948 1124 39 25 jag

221 1156 22 21 få
260 1156 120 24 framhålla,
399 1159 30 18 att
445 1158 35 19 det
495 1157 66 26 enligt
577 1158 44 19 min
636 1158 64 19 tanke
715 1158 49 19 icke
779 1158 42 19 kan
837 1164 50 13 vara
903 1157 24 20 så
943 1159 44 18 stor

222 1192 68 19 fördel
314 1192 31 19 för
366 1192 124 25 jordbruket
512 1193 31 18 att
561 1192 98 26 begagna
675 1193 25 19 de
716 1192 142 26 biprodukter,
875 1195 49 16 som
936 1192 50 19 falle

221 1226 36 19 vid
280 1226 213 26 bränvinsbränning,
514 1228 31 17 att
567 1233 50 13 man
640 1227 81 19 derföre
737 1227 70 19 skulle
823 1225 106 21 frånträda
946 1226 41 20 den

221 1261 59 19 stora
301 1261 189 25 hufvudprincipen
513 1262 31 18 att
562 1261 53 19 söka
630 1261 98 19 tillverka
744 1259 25 21 så
784 1261 70 25 billigt
870 1267 46 13 som
932 1259 55 28 möj-

220 1295 41 26 ligt
283 1295 41 20 och
346 1295 122 26 derigenom
491 1294 27 27 på
540 1295 165 26 tillverkningen
727 1295 73 20 kunna
822 1295 66 26 lägga
908 1296 78 18 största

221 1329 91 26 möjliga
329 1329 63 20 skatt.

290 1364 53 19 Herr
367 1363 87 20 Julin:
485 1363 33 20 Då
542 1364 251 25 brännvinsbränningen
817 1369 78 20 genom
923 1363 64 20 Stän-

221 1397 77 20 dernas
313 1398 70 19 beslut
399 1398 67 19 blifvit
481 1404 27 13 en
523 1398 96 23 industri,
635 1398 87 20 hvilken
737 1399 24 18 är
772 1399 84 24 strängt
869 1397 117 26 reglemen-

220 1432 66 23 terad,
297 1431 24 20 så
333 1432 68 19 skulle
410 1432 39 26 jag
460 1433 47 19 icke
518 1439 52 13 anse
581 1433 36 19 det
626 1439 51 13 vara
692 1433 48 22 rätt,
757 1434 30 17 att
803 1439 49 12 man
868 1432 118 19 utsträckte

219 1466 246 26 bränningsrättigheten
481 1467 32 20 för
528 1469 29 18 ett
573 1467 98 20 bränneri
684 1466 25 20 så
721 1465 66 28 långt,
801 1473 47 14 som
858 1467 53 19 Herr
923 1466 63 20 Kise-
