1109 1817
441 160 40 18 Den
494 161 21 16 11
528 160 47 18 Juri.
817 160 45 18 2115

195 220 52 18 Herr
261 219 149 19 Mechelin:
440 219 42 25 Jag
504 219 38 18 har
558 219 32 18 till
607 225 25 13 en
648 219 34 19 del
698 219 67 19 blifvit
780 220 107 19 förekom-

127 261 48 12 men
190 260 77 19 genom
282 253 130 26 uppläsande
428 253 23 19 af
464 252 172 21 Presteständets
651 253 133 26 inbjudning,
800 254 37 19 der
852 254 36 19 det

126 289 47 18 icke
195 288 59 19 heter
278 288 45 23 ,till
346 288 80 19 Wasa"
449 289 52 18 utan
528 289 85 22 ,norrut
633 287 33 19 till
687 283 134 24 Österbotten
837 288 51 19 eller

127 323 40 19 den
191 329 60 12 norra
275 322 146 23 stambanan",
437 321 87 20 hvilken
540 321 45 20 åter
600 322 47 19 icke
663 328 66 19 gerna
744 322 42 19 kan
801 323 87 19 komma

128 358 30 18 att
174 355 21 20 få
211 355 70 26 någon
296 362 69 13 annan
382 356 59 25 slags
456 356 88 26 uppgift,
561 357 26 18 än
604 356 46 23 den,
662 362 46 13 som
721 355 88 21 Ståndet
819 357 70 19 nedan

127 391 92 22 beslutit,
242 391 107 25 nemligen
372 392 31 17 att
425 391 75 24 bringa
523 385 136 24 Österbotten
674 391 7 18 i
697 391 127 19 förbindelse
840 391 48 19 med

128 426 63 19 södra
212 425 95 20 Finland.
338 425 43 19 När
403 423 160 21 Presteståndet
585 425 108 25 begagnat
711 425 107 26 uttrycket
835 425 54 24 ,,den

128 466 61 13 norra
212 460 145 22 stambanan”,
381 458 24 21 så
425 459 43 19 kan
489 459 86 19 dermed
595 459 46 20 icke
659 460 57 19 afses
732 462 64 17 annat
811 461 27 18 än
854 460 36 19 det

128 494 75 23 beslut,
220 500 45 13 som
281 493 118 20 Ständerna
414 494 62 19 fattat
492 500 34 13 om
542 500 62 13 norra
620 494 132 19 stambanan.
774 495 60 18 Hvad
846 493 44 20 åter

129 529 35 18 det
187 535 62 12 mom.
266 529 29 18 uti
311 528 91 19 beslutet
417 527 111 26 angående
541 528 287 26 jernvägsundersökningar
844 529 46 18 vid-

129 563 101 22 kommer,
249 563 44 19 deri
308 563 35 19 det
357 563 90 25 begäres
463 564 31 17 att
510 562 31 19 till
557 563 62 18 nästa
634 563 103 25 landtdag
752 562 80 20 erhålla
847 563 45 19 för-

130 597 48 25 slag
200 597 32 19 till
251 597 170 19 stambanenätet
436 597 41 19 och
492 597 57 19 hvad
565 597 71 19 dertill
651 597 62 19 hörer
735 596 24 20 så
775 598 22 19 är
813 598 35 19 det
864 603 26 13 en

130 630 107 24 anhållan,
260 637 46 14 som
328 631 118 19 Ständerna
461 631 63 19 äfven
539 631 35 19 vid
593 631 52 19 1867
661 630 35 20 års
711 631 102 26 landtdag
828 632 63 25 gjort,

131 667 50 17 utan
197 667 30 17 att
243 665 88 19 derefter
347 672 37 12 ens
400 664 71 26 någon
486 665 161 25 undersökning
663 666 66 23 skett;
745 666 40 18 och
800 666 90 24 beklag-

131 700 40 25 ligt
193 701 23 18 är
239 700 40 22 det,
302 700 31 18 att
347 706 50 12 man
413 699 46 19 icke
475 698 40 20 fått
530 700 57 18 detta
603 700 80 25 förslag
699 700 65 23 ännu;
781 706 48 13 men
845 700 47 19 fak-

131 734 53 19 tiskt
199 735 23 18 är
237 732 71 24 också,
324 735 31 17 att
369 735 14 17 t.
401 740 30 12 ex.
447 734 32 18 för
495 734 26 18 de
536 734 129 19 undersökta
677 734 175 25 sträckningarne
862 734 31 18 för

132 768 91 20 T:hus—
233 756 136 42 Tammerfors
394 767 41 20 och
456 760 156 27 Wiiala—Åbo
636 768 69 19 banan
723 768 64 25 ingen
803 768 91 25 gransk-

132 804 53 24 ning
200 803 23 19 af
236 802 63 20 dessa
313 802 184 26 undersökningar
513 804 35 24 egt
563 808 52 13 rum.
638 803 39 18 Att
688 802 117 20 Ständerna
818 802 75 23 skulle,

134 838 30 18 att
184 837 39 25 jag
245 836 24 20 sä
289 836 34 20 mä
339 837 58 25 säga,
414 837 75 25 afsäga
506 836 33 26 sig
554 836 33 20 sin
603 837 42 19 rätt
660 837 6 19 i
683 836 80 20 sädana
778 836 77 26 frägor,
871 837 23 18 är

134 878 26 13 en
181 878 84 12 annnan
289 871 45 19 sak.
364 871 33 19 Nu
421 872 22 18 är
466 870 60 26 fräga
548 871 77 19 endast
639 877 35 13 om
690 872 31 18 att
736 872 31 18 för
783 878 25 12 en
824 871 34 19 del
874 871 22 19 af

134 906 26 19 de
183 906 97 18 framiida
297 906 142 25 jernvägarne
454 906 107 18 eventuelt
577 906 130 25 bemyndiga
722 906 125 25 regeringen
862 905 33 19 till

135 942 29 17 ett
181 940 74 22 beslut,
272 946 45 13 som
333 940 63 25 eljest
412 940 69 19 skulle
496 940 50 19 bero
562 939 26 26 pä
601 939 124 23 Ständerna,
739 940 40 19 och
792 946 46 13 som
848 940 48 18 icke

134 974 87 20 hindrar
236 974 117 20 Ständerna
369 976 30 17 att
415 975 31 19 för
461 974 49 20 hela
526 975 35 19 det
577 975 66 25 öfriga
660 975 169 19 stambanenätet
844 974 52 19 fatta

136 1009 69 19 beslut
220 1009 51 19 efter
287 1009 67 19 skedd
370 1009 104 25 pröfning.
498 1009 207 25 Hufvudriktningen
716 1010 23 18 är
751 1009 70 25 gifven
833 1009 63 19 äfven

136 1044 6 18 i
158 1043 99 20 afseende
277 1042 12 20 ä
305 1043 150 25 sträckningen
472 1045 78 17 norrut.
580 1043 41 19 För
636 1044 44 18 min
697 1043 33 19 del
745 1043 37 19 vill
795 1043 39 25 jag
850 1043 47 19 icke

136 1078 59 25 säga,
218 1079 31 17 att
271 1077 37 26 jag
333 1084 62 12 anser
418 1078 40 18 den
478 1084 51 12 vara
544 1078 40 18 den
601 1078 67 18 bästa.
699 1078 48 18 Men
762 1076 27 26 pä
804 1078 43 18 sätt
861 1077 36 19 vid

136 1112 156 25 behandlingen
308 1112 23 18 af
344 1112 92 22 ärendet,
453 1110 27 20 dä
496 1112 119 19 detsamma
630 1112 7 18 i
653 1111 158 19 Sammansatta
827 1111 70 19 Stats-

136 1145 41 20 och
199 1146 208 19 Ekonomiutskottet
422 1146 88 22 förevar,
526 1145 112 23 uttalades,
655 1144 24 21 sä
694 1145 59 20 torde
769 1145 129 20 Ständernas

137 1180 70 19 beslut
221 1180 51 19 böra
287 1180 70 22 blifva,
374 1181 30 18 att
420 1180 40 19 den
476 1175 172 24 Österbottniska
663 1180 69 19 banan
748 1180 130 19 undersökes
891 1180 7 19 i

138 1214 221 19 öfverensstämmelse
382 1215 48 18 med
446 1214 40 19 den
503 1214 23 19 af
538 1214 53 19 Herr
606 1214 89 25 Pipping
711 1214 120 25 föreslagna
847 1214 52 19 rikt-

138 1249 59 24 ning;
214 1249 69 18 denna
297 1249 66 25 punkt
378 1249 41 19 och
435 1249 39 18 den
485 1249 44 18 ofta
540 1249 92 18 nämnda
643 1255 34 12 om
689 1255 60 12 norra
762 1248 138 19 stambanans

138 1283 81 25 uppgift
242 1283 68 19 skulle
332 1283 103 26 föreligga
461 1282 72 20 säsom
556 1283 40 19 den
612 1283 89 19 ledande
717 1289 86 13 normen
819 1283 33 18 för
867 1289 33 12 re-

138 1317 102 26 geringen
256 1319 30 18 att
301 1317 58 26 följa,
374 1318 7 18 i
397 1317 102 20 händelse
516 1317 118 19 Ständerna
649 1317 69 19 skulle
734 1317 129 19 öfverlenma
879 1315 22 20 ät

138 1352 125 25 regeringen
286 1353 31 18 att
337 1352 51 19 efter
404 1352 63 19 dessa
482 1351 184 26 undersökningar
681 1351 86 26 vidtaga
782 1351 48 19 med
846 1351 55 26 byg-

138 1386 80 26 gandet
240 1388 77 17 norrut.
348 1386 46 19 Ifall
417 1387 30 18 ett
469 1386 70 19 beslut
562 1386 69 19 skulle
651 1386 64 19 fattas
731 1392 33 13 om
781 1387 29 18 ett
826 1384 76 21 sädant

140 1421 139 24 exceptionelt
301 1421 94 25 uppdrag
414 1419 21 20 ät
451 1421 112 25 styrelsen,
580 1419 24 21 sä
620 1421 69 18 skulle
702 1420 200 25 omformuleringen

140 1455 23 20 af
183 1454 170 20 Presteständets
376 1455 128 25 inbjudning
526 1455 123 25 lämpligast
672 1455 71 19 kunna
764 1455 39 19 ske
819 1455 22 18 af
855 1454 48 19 All-

192 1493 70 23 Vällofi.
275 1493 155 23 borgareständets
440 1493 90 22 protokoll
542 1493 111 22 landtidagen
664 1493 58 18 1872.
824 1493 33 17 135
