1109 1817
280 186 45 18 1510
574 185 39 18 Den
626 185 22 17 24
661 186 41 22 Maj.

255 245 79 20 ombud
349 244 41 20 och
405 244 79 20 ombud
499 244 32 19 för
546 245 30 18 ett
591 244 70 25 bolag.
692 244 40 19 Det
745 243 67 27 gäller
825 245 25 25 ju
865 245 32 18 för
912 244 63 26 öfrigt
987 245 30 19 att

255 280 76 19 främst
346 279 120 19 bestämma
481 285 35 13 om
532 278 78 20 ombud
625 277 32 21 får
672 279 59 18 rösta
746 277 51 21 eller
813 279 26 25 ej.

325 313 52 19 Herr
393 313 153 25 Wallgren:
577 312 72 25 Enligt
671 312 44 19 min
731 313 134 25 uppfattning
880 313 23 19 är
917 319 99 20 paragra-

254 347 71 20 fernes
340 347 53 26 följd
409 347 89 19 alldeles
514 347 71 25 riktig,
601 345 27 21 då
643 347 30 18 uti
689 346 14 26 &
721 346 24 20 10
757 347 41 19 och
808 347 105 19 desslikes
925 347 29 19 uti
964 346 14 27 &
992 347 23 19 11

254 382 131 19 bestämmes
401 381 74 19 hvilka
490 387 47 13 som
552 387 41 20 ega
608 381 147 25 rösträttighet
771 383 56 18 samt
842 381 30 19 uti
888 381 14 26 &
920 381 24 20 13
956 380 61 27 ingår

254 416 137 25 bestämning
413 421 34 14 om
471 416 65 19 sättet
558 415 54 19 huru
635 415 64 20 dessa
721 421 100 20 personer
841 415 61 20 skola
917 415 71 19 kunna
1004 414 12 21 å

255 456 71 13 annan
341 449 104 20 öfverlåta
461 449 33 20 sin
510 449 107 26 rättighet.

324 484 53 19 Herr
393 484 175 19 Talmannen
584 483 132 20 framställde
732 483 52 20 härå
800 484 103 26 följande:

324 519 135 24 Proposition:
485 513 84 24 Önskar
585 517 89 21 Ståndet
689 519 108 18 diskutera
812 517 30 27 8$
857 518 32 23 11,
902 518 24 19 12
938 517 39 20 och
991 517 24 20 13

253 553 8 18 i
277 553 40 19 den
337 552 162 26 ordningsföljd,
516 552 59 19 hvari
591 553 26 19 de
632 553 30 18 uti
677 552 120 20 Utskottets
813 552 133 20 betänkande
961 552 55 19 före-

253 587 88 20 komma
364 587 51 19 eller
437 587 83 19 förenar
542 587 34 25 sig
597 585 89 21 Ståndet
708 593 35 13 om
765 587 36 19 det
816 587 22 19 af
852 587 52 19 Herr
918 587 98 19 Boström

253 621 77 26 gjorda
353 621 80 25 förslag
455 623 31 17 att
508 621 53 19 först
585 621 32 19 till
639 621 132 25 behandling
793 622 91 25 upptaga
903 620 13 27 &
935 621 24 19 13
975 621 40 20 och

255 655 65 20 sedan
344 655 26 20 de
391 655 108 25 följande?
516 667 26 2 —
559 655 31 19 De
612 661 46 14 som
677 655 52 25 vilja
745 655 34 20 det
795 656 55 19 förra
866 661 61 14 svara
938 656 36 24 ja;
990 655 25 20 de

254 696 47 13 som
317 690 69 19 önska
401 690 34 18 det
451 696 75 12 senare
541 690 37 24 nej.

323 722 33 21 Dä
376 725 68 18 svaret
466 722 26 27 pä
508 724 69 19 denna
593 724 129 25 proposition
738 724 45 19 blef
797 724 47 19 med
860 724 155 25 öfvervägande

253 758 153 26 röstpluralitet
419 758 95 25 jakande
529 758 118 19 förklarade
663 758 52 19 Herr
731 758 155 19 Talmannen
902 759 29 18 att
942 758 72 19 ofvan-

253 792 79 20 nämda
347 792 30 26 SS
393 792 69 20 skulle
478 792 112 19 afhandlas
606 792 7 18 i
629 792 40 19 den
685 792 96 25 ordning,
797 792 60 19 hvari
872 792 26 19 de
910 792 6 18 i
927 792 88 20 Utskot-

253 828 42 18 tets
319 826 132 20 betänkande
475 826 69 20 finnas
568 827 95 25 intagne;
685 826 6 19 i
707 826 53 26 följd
776 826 75 20 hvaraf
864 826 150 20 diskussionen

253 861 24 19 af
289 860 15 27 &
323 861 22 19 11
363 861 109 19 fortsattes
488 860 26 26 pä
530 862 43 18 sätt
589 867 47 13 som
651 860 71 26 följer:

323 895 52 19 Herr
391 895 135 19 Molander:
542 895 42 25 Jag
599 895 50 19 ville
665 895 30 19 uti
711 895 65 19 andra
787 896 115 18 momentet
912 895 23 19 af
945 895 69 19 denna

253 928 14 26 S
289 928 79 20 föreslå
390 928 67 20 sådan
479 930 129 25 förändring,
629 930 30 18 att
682 929 59 19 ordet
758 929 104 23 ,ombud'
879 929 68 19 skulle
962 928 52 27 utgå

253 963 40 19 och
309 964 6 18 i
331 963 72 20 stället
418 964 86 26 intagas
515 965 29 18 ett
555 964 119 25 stadgande
685 970 35 12 om
733 964 30 18 att
776 962 71 27 någon
858 963 22 19 af
889 963 125 26 delegarene

253 997 70 20 skulle
345 997 21 20 få
388 996 13 21 å
416 998 98 26 bolagets
528 998 81 25 vägnar
625 998 64 22 rösta,
705 1004 48 13 men
769 998 46 19 icke
831 998 98 25 begagna
944 998 34 25 sig
993 998 23 18 af

253 1032 84 19 ombud.
359 1032 41 26 Jag
416 1038 62 14 anser
493 1032 45 26 mig
552 1032 52 20 böra
619 1033 52 25 göra
682 1032 57 19 detta
750 1032 80 26 förslag
840 1030 27 27 på
877 1032 68 25 grund
957 1032 23 19 af
988 1032 26 19 de

253 1066 171 26 anmärkningar,
441 1073 46 13 som
502 1066 69 20 blifvit
585 1066 77 26 gjorda
677 1068 44 18 mot
732 1068 31 18 att
773 1067 58 19 rösta
841 1072 78 20 genom
929 1066 83 20 ombud.

322 1100 52 20 Herr
403 1100 139 20 Boström:
579 1101 9 19 I
612 1100 121 20 hufvudsak
756 1100 114 20 förenande
896 1100 44 26 mig
965 1101 49 19 med

251 1134 54 19 Herr
327 1134 110 20 Molander
456 1135 96 19 önskade
570 1135 39 25 jag
625 1135 31 19 för
672 1135 44 18 min
732 1135 35 19 del
782 1134 112 20 formulera
909 1135 105 25 yrkandet

252 1167 99 21 sålunda:
367 1169 32 20 för
414 1169 63 26 bolag
493 1175 49 20 eger
558 1169 41 20 den
615 1169 49 23 tala,
681 1175 46 13 som
742 1169 7 19 i
765 1169 117 19 allmänhet
897 1169 23 19 är
934 1169 23 19 af
968 1169 45 19 det-

251 1209 84 13 samma
356 1203 176 26 befullmäktigad
550 1204 32 19 att
597 1204 46 19 föra
659 1203 97 26 bolagets
772 1203 64 23 talan,
852 1209 49 14 men
916 1202 35 20 må
966 1203 46 20 icke

251 1237 32 20 för
307 1237 34 26 sig
363 1237 64 20 ställa
442 1238 98 19 ombud."
572 1237 42 26 Jag
630 1244 62 13 anser
708 1238 69 19 denna
793 1237 155 26 inskränkning
962 1244 51 13 vara

250 1271 8 20 i
281 1271 52 26 följd
354 1272 23 19 af
390 1277 75 14 senare
481 1273 94 18 moment
590 1272 31 19 uti
636 1271 14 27 &
669 1271 24 20 10
710 1271 88 20 alldeles
814 1272 128 25 nödvändig.
973 1271 40 20 Det

250 1305 71 20 kunde
341 1306 90 22 inträffa,
447 1307 31 18 att
493 1306 132 19 direktionen
641 1307 32 18 för
688 1307 29 18 ett
732 1306 64 26 bolag
811 1313 47 13 som
874 1312 49 14 vore
939 1306 74 19 statio-

251 1340 66 19 nerad
339 1341 58 18 utom
413 1340 41 19 den
473 1339 160 27 ifrågavarande
648 1341 135 23 kommunen,
799 1341 30 19 uti
846 1339 64 27 något
926 1340 87 26 specielt

251 1374 37 19 fall
309 1374 70 19 kunde
393 1374 53 25 vilja
461 1380 77 20 genom
554 1375 33 19 sin
603 1375 150 26 röstöfvervigt
769 1374 147 20 åstadkomma
932 1376 29 18 ett
976 1375 36 19 be-

251 1408 48 23 slut,
323 1415 47 12 som
392 1415 49 13 vore
465 1409 22 19 af
503 1409 45 25 vigt
564 1409 31 19 för
610 1409 92 26 bolaget,
718 1415 49 14 men
782 1409 47 20 icke
845 1409 61 19 stode
921 1410 7 18 i
944 1409 68 19 öfver-

251 1442 163 20 ensstämmelse
437 1443 48 19 med
506 1443 141 20 kommunens
670 1443 91 20 intresse
784 1443 40 20 och
848 1443 57 20 detta
928 1443 37 20 bör
992 1443 18 26 ej

251 1483 78 19 genom
344 1477 101 26 rättighet
460 1478 31 18 att
506 1477 64 20 ställa
586 1477 78 20 ombud
680 1477 121 26 befrämjas.
