1109 1817
424 164 38 18 Den
476 164 22 17 24
510 164 43 22 Maj.
802 164 44 17 1429

108 224 76 25 styrkt,
207 224 82 19 lemnas
311 223 88 19 alldeles
421 223 105 19 beroende
548 223 35 18 vid
606 223 56 18 hvad
679 229 27 12 nu
722 224 23 18 är
761 224 108 24 stadgadt,

108 259 49 18 utan
181 257 69 19 skulle
270 257 39 26 jag
331 263 65 19 gerna
413 257 63 19 hafva
492 258 42 18 sett
550 258 31 18 att
596 257 35 19 det
646 257 31 19 uti
693 257 58 19 vissa
767 257 37 19 fall
819 263 51 14 vore

107 291 84 24 tillåtet,
213 293 31 18 att
259 292 61 19 äfven
337 292 6 18 i
359 291 97 20 brottmål
471 291 54 20 höra
539 291 82 19 vittnen
637 291 35 19 vid
689 297 70 14 annan
775 292 94 19 domstol

108 327 33 18 än.
157 327 36 19 der
217 326 66 19 saken
301 327 23 18 är
339 326 179 26 anhängiggjord.
534 326 108 25 nemligen
657 326 30 19 uti
703 326 82 19 mindre
800 327 68 19 brott-

108 359 48 25 mål,
171 361 74 19 hvilka
258 361 39 25 jag
312 360 68 19 skulle
398 360 51 26 vilja
465 360 123 25 specificera
603 360 89 25 ungefär
707 359 73 21 såsom
796 361 25 19 de
838 362 31 19 uti

108 395 40 20 den
163 395 89 26 Kejserl.
268 395 157 25 propositionen
440 393 111 27 angående
567 395 113 19 förändrad
695 395 83 26 lydelse
794 395 23 20 af
830 395 36 26 18

110 429 24 20 15
157 429 48 26 kap.
228 430 23 18 R.
274 429 23 19 B.
314 430 35 18 äro
364 429 117 19 bestämda.
512 429 40 19 Det
567 429 130 19 bestämmes
713 429 107 26 nemligen
837 431 31 18 uti

108 464 69 19 denna
198 463 135 26 proposition,
352 465 31 17 att
395 463 30 19 uti
440 462 107 22 brottmål,
563 463 48 20 med
627 463 109 26 undantag
752 464 23 19 af
789 464 57 23 dem,
862 465 6 18 i

107 498 73 19 hvilka
196 498 73 19 urbota
285 504 76 13 ansvar
376 497 41 20 kan
433 497 117 21 ådömmas,
567 498 110 19 äfvensom
693 497 139 26 tjufnadsmål
848 499 23 18 af

108 532 42 19 alla
165 532 54 25 slag,
236 531 35 20 må
286 532 118 19 svaranden
419 538 78 19 genom
513 533 78 18 ombud
607 532 198 20 tillstädeskomma.
833 532 35 20 Uti

108 565 81 21 sådana
205 565 48 24 mål,
269 573 46 12 som
330 566 25 19 de
371 573 28 12 nu
414 567 99 20 nämnda,
529 567 7 18 i
552 567 73 19 hvilka
640 573 49 13 man
705 567 42 19 kan
758 573 63 13 svara
831 573 39 20 ge-

108 607 49 12 nom
178 601 84 24 ombud,
285 601 68 19 skulle
365 601 39 25 jag
420 607 51 13 anse
487 602 37 21 att,
540 602 39 19 när
594 601 211 26 omständigheterna
821 602 48 19 der-

108 635 32 19 till
160 635 108 20 föranleda
283 635 40 19 ock
339 635 99 19 domaren
453 635 68 20 finner
536 635 36 20 det
587 635 104 26 lämpligt,
707 637 80 18 vittnen
804 637 64 19 borde

107 669 64 19 höras
193 670 62 18 äfven
277 669 35 19 vid
334 675 69 13 annan
427 670 91 19 domstol
537 671 27 18 än
580 670 37 19 der
633 670 66 19 saken
715 671 22 18 är
752 670 116 26 anhängig.

109 702 72 21 Sådan
203 710 49 13 vore
274 704 44 18 min
341 704 94 25 mening;
459 710 49 13 men
529 703 27 20 då
569 704 39 26 jag
623 704 90 20 förutser
729 704 40 20 den
785 704 82 26 utgång

109 738 66 20 saken
197 739 66 24 tager,
287 738 64 19 sedan
369 739 77 18 tvenne
462 737 63 20 stånd
540 738 65 20 redan
621 738 64 20 hafva
699 739 76 19 uttalat
788 740 34 24 sig
838 739 31 19 uti

108 774 78 21 ämnet,
209 772 37 19 vill
267 772 38 26 jag
320 772 47 19 icke
382 772 54 26 yrka
451 771 26 27 på
493 773 140 25 omröstning,
649 775 50 17 utan
715 774 52 19 blott
783 774 7 18 i
803 780 66 19 egen-

109 807 52 25 skap
184 807 23 19 af
228 806 128 20 reservation
379 807 72 19 anföra
469 807 44 19 min
529 806 63 26 åsigt.
623 807 42 25 Jag
680 814 62 13 anser
758 808 35 19 det
809 814 61 13 nem-

108 841 58 26 ligen
187 847 51 13 vara
260 840 44 20 lika
326 841 126 25 berättigadt
470 842 31 18 att
517 842 6 18 i
539 848 26 12 en
581 842 46 22 sak,
643 839 64 22 hvars
722 841 81 27 utgång
819 848 49 14 man

108 876 129 24 förutsätter,
252 875 173 20 reservationsvis
441 876 86 19 anmäla
543 876 32 19 sin
592 876 106 19 särskilda
713 877 87 25 mening
818 877 51 23 före,

109 916 46 13 som
171 910 52 19 efter
238 910 131 25 afgörandet.

177 944 53 20 Herr
251 944 112 26 Procopé
386 944 99 20 förenade
508 944 35 26 sig
566 945 6 18 i
594 944 56 20 hvad
673 944 48 20 herr
739 945 129 25 Tengström

107 979 76 19 anfört.

176 1013 53 19 Herr
251 1012 168 26 Tengström:
450 1012 95 20 Emedan
568 1014 44 18 min
631 1012 56 27 åsigt
702 1014 75 19 vunnit
792 1014 77 20 under-

108 1047 53 23 stöd,
185 1047 37 19 vill
242 1047 39 25 jag
296 1053 87 13 numera
397 1047 33 19 till
445 1048 121 25 antagande
582 1048 23 19 af
618 1046 85 21 ståndet
718 1048 83 20 förorda
817 1048 52 20 den-

108 1088 82 12 samma
205 1081 41 20 och
261 1081 46 19 icke
323 1082 75 18 endast
413 1082 176 20 reservationsvis
605 1081 44 21 låta
665 1082 104 20 anteckna
785 1083 42 19 den
838 1083 32 19 uti

108 1116 133 25 protokollet.

177 1149 52 20 Herr
251 1149 138 20 Molander:
419 1150 9 19 I
444 1151 91 18 motsats
550 1150 34 19 till
596 1150 72 19 herrar
683 1150 128 26 Tengström
827 1151 42 20 och

108 1183 99 26 Procopé,
231 1184 69 19 skulle
315 1184 38 26 jag
369 1191 51 13 anse
436 1185 35 18 det
485 1191 52 13 vara
551 1185 84 25 ganska
650 1184 88 26 vådligt,
754 1187 31 18 att
799 1186 70 19 införa

108 1219 30 19 ett
153 1217 76 21 sådant
245 1219 123 25 stadgande,
385 1225 46 13 som
446 1219 23 19 af
483 1219 49 20 dem
546 1219 111 20 förordats.
684 1214 69 25 Äfven
768 1225 35 14 om
819 1226 49 13 man

107 1253 33 20 till
162 1252 67 27 nägra
251 1253 58 20 vissa
329 1253 47 26 slag
391 1254 23 19 af
427 1252 43 21 mäl
486 1253 70 20 skulle
571 1254 106 25 begränsa
693 1253 128 26 rättigheten
836 1255 34 19 för

108 1294 26 13 en
156 1293 71 14 annan
250 1287 97 24 domstol,
370 1289 27 18 än
415 1288 36 19 der
467 1287 65 20 mälet
548 1289 23 18 är
587 1288 188 26 anhängiggjordt,
791 1290 31 18 att
838 1289 30 19 af-

107 1322 53 19 höra
180 1322 81 19 vittnen
281 1322 50 23 deri,
347 1321 24 20 sä
387 1322 68 20 skulle
471 1323 56 19 dock
543 1323 128 25 stadgandet
686 1323 72 19 kunna
773 1323 96 20 medföra

108 1355 81 21 sädana
211 1355 124 24 rättsvädor,
359 1358 30 18 att
407 1357 39 25 jag
461 1357 49 20 icke
525 1357 43 20 kan
583 1359 66 18 annat
664 1358 27 19 än
707 1357 108 26 tillstyrka
830 1363 38 14 an-

107 1391 93 26 tagande
216 1391 23 19 af
252 1391 115 20 utskottets
382 1391 140 20 betänkande.

177 1425 52 20 Herr
250 1425 153 20 Talmannen
427 1426 140 23 framställde,
591 1425 26 26 på
638 1426 69 25 grund
727 1427 22 19 af
762 1426 55 19 hvad
833 1425 36 20 så-

107 1459 66 20 lunda
188 1460 105 23 förefallit,
309 1460 93 25 följande
