1109 1817
254 160 45 18 1466
548 160 41 18 Den
601 160 23 18 24
637 160 41 22 Maj.

229 219 130 19 kommunen
373 218 64 19 hafva
453 218 155 26 skyldigheter,
625 219 62 19 äfven
703 218 50 26 ingå
769 219 136 26 tjenstehjon,
921 218 73 20 hvilka

229 253 49 19 icke
289 253 63 19 hafva
360 259 26 13 en
395 254 57 18 emot
461 253 40 19 den
510 253 62 25 afgift
581 253 25 19 de
614 253 87 25 erlägga
710 253 31 19 till
750 253 130 20 kommunen
891 253 103 20 svarande

229 287 103 26 rättighet
347 289 30 17 att
393 288 64 19 rösta.
488 287 40 19 För
544 287 65 26 öfrigt
624 288 122 19 förutsätter
761 287 52 20 Herr
828 287 111 26 Wallgren
954 287 40 20 hos

230 321 27 20 de
279 321 107 20 blifvande
408 321 167 20 medlemmarne
599 322 22 19 af
635 321 196 23 stadskommunen,
847 323 31 18 att
893 322 25 19 de
934 321 60 20 skola

230 356 49 19 med
300 357 73 18 värma
393 355 40 20 och
448 356 92 19 intresse
555 356 89 19 omfatta
660 356 140 19 kommunens
816 356 179 25 angelägenheter

231 390 41 20 och
295 390 80 20 derföre
397 390 62 19 äfven
482 390 64 19 hafva
566 391 93 18 rösträtt.
690 391 48 19 Man
754 391 42 19 kan
811 391 55 19 dock
881 391 65 19 tänka
961 391 34 24 sig

231 426 31 18 ett
285 426 87 18 motsatt
393 423 133 20 förhållande
550 424 40 20 och
611 425 39 25 jag
673 425 81 19 befarar
777 426 31 18 att
827 425 36 19 det
878 425 61 19 äfven
955 424 39 19 hos

231 459 84 24 ganska
337 457 78 27 många
437 459 140 19 medlemmar
599 459 24 19 af
644 459 161 20 stadskommun
829 459 95 19 kommer
942 458 53 19 att
985 453 14 36 i

231 493 147 26 verkligheten
394 493 46 19 visa
456 493 41 25 sig,
513 492 25 20 så
553 495 31 17 att
599 492 28 27 på
642 494 69 19 denna
726 494 68 25 grund
809 494 32 19 för
852 494 86 19 rösträtt
948 493 47 19 icke

232 529 23 18 är
279 527 88 26 mycket
390 530 30 17 att
440 528 79 25 bygga.
551 527 29 20 Så
603 534 47 13 som
673 528 66 19 saken
756 535 27 12 nu
799 527 86 26 engång
901 526 43 21 står
959 527 37 19 vill

231 562 45 26 jag,
293 561 72 20 såsom
377 561 40 26 jag
433 563 62 18 ofvan
512 562 98 20 nämnde,
627 562 47 19 icke
689 562 54 26 yrka
759 561 27 26 på
801 561 121 20 återremiss.
945 563 50 18 utan

232 597 37 19 ber
285 598 30 17 att
330 597 7 18 i
353 596 43 19 alla
411 597 100 19 afseende
527 595 21 20 få
564 597 72 18 förena
652 597 45 25 mig
712 597 47 18 med
775 596 52 19 Herr
844 591 115 30 Öhrnberg.

303 631 51 19 Herr
377 630 106 26 Sjöros:
508 631 101 19 Likasom
633 630 91 27 mången
743 637 70 13 annan
829 631 39 18 har
883 631 61 19 äfven
957 631 40 25 jag

233 665 73 19 tvekat
326 671 35 13 om
374 665 39 25 jag
429 665 69 19 skulle
514 665 83 19 biträda
613 665 40 19 den
669 665 87 25 princip,
773 671 46 13 som
836 665 66 19 blifvit
918 665 30 19 uti
963 667 33 16 ut-

233 700 93 19 skottets
349 699 134 19 betänkande
506 699 121 25 föreslagen
647 699 50 19 eller
713 700 40 18 den
771 706 46 12 som
833 700 22 18 är
871 699 79 19 uttalad
966 698 31 20 uti

233 734 54 19 Herr
303 728 121 31 Öhrnbergs
440 734 137 19 reservation.
605 734 42 25 Jag
663 732 68 21 måste
747 733 94 19 erkänna
856 735 31 17 att
895 734 39 25 jag
945 734 52 18 först

233 774 38 14 var
286 768 97 26 benägen
399 769 30 18 att
444 768 115 25 godkänna
575 768 116 19 utskottets
707 768 143 23 betänkande;
866 774 48 13 men
925 768 23 18 af
956 768 40 18 den

234 803 129 23 diskussion,
380 808 46 14 som
442 802 38 19 här
496 802 68 19 blifvit
579 802 52 23 förd,
647 802 40 20 och
703 802 26 20 de
745 802 130 22 uttalanden,
892 808 45 13 som
950 802 47 19 der-

233 837 68 19 under
322 839 36 23 egt
380 843 52 18 rum,
455 836 39 20 har
512 837 38 25 jag
567 838 42 18 sett
624 837 45 25 mig
684 836 118 20 föranlåten
818 838 31 18 att
864 835 86 27 öfvergå
965 836 32 19 till

235 878 26 13 en
285 878 70 12 annan
379 870 56 27 åsigt
458 871 40 19 och
514 871 116 25 godkänna
646 871 40 19 den
702 871 7 19 i
724 871 52 19 Herr
792 866 122 30 Öhrnbergs
930 877 68 13 reser-

234 906 73 19 vation
329 905 94 20 uttalade
445 906 116 24 grundsats
585 907 56 17 samt
663 905 67 19 finner
754 906 45 25 mig
814 906 81 18 derföre
911 905 87 25 skyldig

235 942 31 18 att
281 940 86 20 försöka
382 940 51 25 göra
449 940 69 19 denna
533 940 116 25 grundsats
665 940 106 25 gällande.
802 940 48 18 Man
866 940 41 18 kan
924 939 74 19 ackor-

235 974 50 20 dera
301 974 40 20 och
357 974 114 26 medgifva,
487 972 27 21 då
529 974 36 19 det
580 974 68 25 gäller
664 974 123 26 obetydliga
801 974 136 19 formaliteter
948 974 51 19 eller

236 1008 63 20 saker
321 1009 23 18 af
365 1008 81 19 mindre
467 1008 50 25 vigt,
540 1014 49 13 men
609 1007 26 20 då
651 1008 35 19 det
701 1008 68 26 gäller
784 1008 110 26 principer,
909 1008 79 19 hufvud

236 1043 69 20 saker,
329 1048 66 20 synas
417 1042 44 26 mig
484 1042 26 19 de
533 1042 176 26 betänkligheter,
726 1048 46 14 som
789 1048 89 20 uppresa
894 1042 34 26 sig
943 1043 56 19 emot

235 1077 163 25 tillämpningen
421 1077 23 19 af
465 1076 63 20 dessa
552 1076 111 26 principer,
682 1077 50 19 böra
747 1083 51 13 vara
814 1078 76 18 nästan
906 1076 94 26 orimligt

237 1113 57 18 stora
317 1112 31 18 för
369 1113 30 17 att
423 1117 48 13 man
491 1110 55 20 skall
561 1111 72 19 lemna
648 1111 132 25 principerna
796 1110 66 20 åsido.
893 1111 41 25 Jag
950 1110 49 20 ville

237 1146 32 19 för
292 1145 40 20 den
351 1145 56 19 skull
428 1144 83 24 föreslå,
528 1146 31 18 att
575 1145 25 19 de
616 1145 83 23 Herrar,
715 1151 47 14 som
778 1145 30 19 uti
824 1145 107 26 principen
946 1145 54 26 god-

236 1180 67 19 kännt
319 1179 52 20 Herr
387 1174 121 31 Öhrnbergs
524 1180 137 22 reservation,
678 1179 76 23 skulle,
771 1179 6 19 i
793 1181 26 18 st.
836 1180 31 19 för
882 1181 31 18 att
926 1178 74 26 frångå

237 1220 26 13 en
288 1213 25 20 så
334 1214 69 25 vigtig
418 1213 87 26 princip,
520 1212 96 21 vidhålla
632 1214 125 19 densamma
773 1213 40 20 och
829 1214 73 19 förena
917 1214 33 25 sig
965 1219 35 14 om

237 1247 122 21 återremiss
375 1249 22 18 af
411 1248 137 19 förevarande
564 1247 21 26 S,
601 1248 32 19 för
649 1247 149 26 undergäende
813 1249 23 18 af
845 1248 155 25 omredigering

237 1283 7 19 i
267 1282 222 20 öfverensstämmelse
512 1282 91 19 dermed.
635 1282 42 26 Jag
699 1284 42 17 tror
765 1284 30 17 att
818 1282 26 20 de
863 1281 137 26 svårigheter,

237 1323 48 14 som
307 1318 36 18 äro
367 1317 99 19 förenade
484 1317 48 18 med
549 1322 26 13 en
592 1315 128 24 återremiss,
736 1317 47 18 icke
799 1317 36 19 äro
851 1315 24 21 så
891 1318 63 23 stora,
970 1317 31 18 att

237 1357 50 13 man
309 1351 69 19 derför
400 1350 99 20 behöfver
522 1350 50 19 vika
595 1351 95 23 tillbaka,
713 1353 24 24 ty
761 1351 40 19 den
817 1351 78 25 nödiga
910 1350 90 20 omredi-

237 1385 104 26 geringen
363 1385 70 19 kunde
455 1385 82 19 kanske
561 1385 117 19 inskränka
701 1385 34 26 sig
757 1385 32 19 till
813 1385 149 26 utstrykandet
980 1384 23 19 af

238 1419 76 20 endast
337 1418 66 27 några
426 1419 43 19 ord.
500 1419 61 19 Hvad
585 1419 66 19 sedan
674 1419 132 20 vidkommer
829 1419 25 19 de
876 1418 24 20 så
915 1419 87 26 mycket

237 1454 108 19 omtalade
368 1453 182 20 handtverkarene
572 1455 58 18 utom
653 1453 87 20 stadens
763 1453 67 23 linier,
849 1453 38 20 har
900 1453 39 26 jag
954 1453 48 19 icke
