1109 1817
240 173 46 18 1960
536 173 39 17 Den
588 174 10 16 5
611 172 47 18 Juni.

215 231 73 20 kallet.
319 231 42 26 Jag
383 231 36 19 ber
443 232 30 18 att
496 231 72 19 vidare
591 230 21 20 få
627 231 120 23 hemställa,
763 231 104 19 huruvida
884 232 35 19 det
934 231 47 20 icke

215 266 8 19 i
245 265 48 20 vårt
313 265 50 19 land
387 272 48 13 vore
459 266 22 18 af
501 266 51 25 vigt,
576 268 31 16 att
623 266 143 25 vetenskapen
782 265 56 20 hade
854 272 26 13 en
895 266 85 25 fridlyst

215 300 60 23 härd,
297 300 129 19 fremmande
449 300 32 19 för
503 300 42 19 alla
568 299 107 26 tillfälliga
697 299 126 26 inflytelser,
840 300 78 19 befriad
934 299 46 20 från

216 334 43 19 alla
274 334 27 19 de
313 333 146 26 mångfaldiga
475 340 110 19 omsorger
600 335 62 18 äfven
677 335 23 18 af
714 334 97 25 praktisk
827 334 153 23 beskaffenhet,

217 375 46 12 som
279 367 74 26 åtfölja
372 368 134 20 lärarekallet
521 369 36 18 vid
573 369 30 18 ett
618 368 129 23 universitet,
763 375 47 12 som
826 368 38 19 har
880 370 30 17 att
926 368 54 19 dana

216 403 139 19 embetsmän.
379 403 41 25 Jag
435 403 36 19 ber
487 404 31 17 att
533 401 21 20 få
565 402 119 23 hemställa,
695 403 104 18 huruvida
810 403 35 18 det
856 403 46 18 icke
915 403 65 18 under

216 436 51 20 våra
290 436 146 20 förhållanden
452 443 49 13 vore
518 437 22 18 af
553 437 51 25 vigt,
621 438 30 17 att
667 437 69 18 denna
751 437 229 25 vetenskapsakademi

216 470 66 21 måtte
305 471 56 20 lefva
384 470 72 21 såsom
475 477 25 13 en
516 471 104 19 vestalisk
636 471 33 18 eld
685 471 66 19 under
767 471 42 19 alla
825 471 84 19 skiften.
940 471 40 19 Det

215 506 43 19 kan
274 506 47 19 icke
337 507 65 18 annat
417 507 26 18 än
460 506 87 25 bidraga
563 505 32 19 till
612 505 169 26 upplysningens
797 506 113 25 spridande
918 506 62 19 äfven

215 540 33 19 till
272 541 25 18 de
319 540 58 25 lägre
400 540 229 25 samhällsregionerne
651 540 39 19 och
713 540 42 19 alla
777 541 31 21 de,
825 547 46 12 som
887 540 93 19 arbeta
967 536 17 33 i

216 575 136 24 bildningens
375 575 72 24 tjenst,
469 573 68 20 måste
560 574 58 19 finna
638 575 33 18 sin
686 574 43 25 hog
745 575 82 18 derföre
844 581 57 12 mera
916 575 64 18 lifvad

216 609 40 19 och
277 609 68 22 väckt,
368 615 34 12 om
425 609 35 18 det
482 609 68 18 finnes
567 610 30 18 ett
612 609 89 22 institut,
718 615 47 12 som
781 609 44 18 helt
840 609 40 19 och
896 609 84 19 odeladt

217 649 66 20 egnar
305 643 33 25 sig
361 642 22 20 åt
405 643 156 25 vetenskapens
585 643 66 25 högre
674 643 114 19 intressen.
819 643 41 25 Jag
882 644 39 25 gör
937 643 43 26 mig

216 678 51 25 inga
291 677 110 19 illusioner
421 684 34 12 om
479 679 31 17 att
530 677 47 19 med
599 677 128 19 sextiotusen
751 677 60 19 mark
835 684 25 12 en
877 678 103 18 storartad

216 712 99 18 akademi
329 712 70 18 kunde
415 710 172 24 åstadkommas;
604 718 48 12 men
665 712 39 24 jag
719 712 24 18 är
758 712 126 25 öfvertygad
896 718 40 16 om,
950 713 30 17 att

217 752 36 14 om
269 746 34 26 sju
319 746 22 19 af
354 746 83 19 landets
453 746 62 19 bästa
530 746 163 25 vetenskapliga
708 744 107 27 förmågor
831 746 37 19 der
880 746 68 19 skulle
959 744 21 20 få

216 780 45 20 helt
281 780 39 20 och
337 779 66 21 hållet
418 786 55 20 egna
489 780 34 26 sig
538 779 23 21 åt
576 780 149 26 vetenskapen,
742 778 24 21 så
783 780 75 23 skulle,
874 779 27 20 då
916 781 6 18 i
938 781 42 19 för-

217 815 65 25 ening
297 815 86 19 dermed
398 814 247 26 vetenskapssocieteten
661 814 83 20 anslöte
760 815 34 25 sig
810 814 72 20 såsom
898 821 24 13 en
934 816 46 18 sär-

217 849 57 19 skild
297 849 83 19 sektion
402 849 33 19 till
457 849 70 19 denna
550 848 104 23 akademi,
677 850 51 18 utan
747 848 72 20 tvifvel
834 849 86 25 mycket
936 855 44 13 mer

217 884 76 18 vinnas
309 884 32 18 för
356 883 101 19 Finlands
473 883 162 25 vetenskapliga
651 883 104 19 litteratur
770 883 41 19 och
824 883 31 19 för
866 883 114 19 häfdandet

217 918 23 18 af
253 916 38 20 vår
306 917 55 26 plats
377 917 64 19 bland
457 917 25 19 de
497 917 132 19 kultiverade
646 918 130 21 nationerna,
793 918 26 18 än
833 924 46 12 som
892 918 23 18 är
926 917 54 26 möj-

217 952 40 26 ligt
279 953 51 18 utan
353 958 26 13 en
402 950 66 21 sådan
491 952 126 19 institution.
649 953 37 18 Att
703 951 106 26 styrelsen
825 952 69 19 skulle
909 952 71 19 kunna

216 986 59 20 finna
296 986 69 20 medel
381 986 118 26 disponibla
515 986 31 19 för
565 992 26 13 en
607 985 67 20 sådan
690 986 104 23 akademi,
810 985 66 26 vågar
889 986 39 26 jag
943 992 37 13 na-

217 1020 107 26 turligtvis
347 1021 47 19 icke
416 1020 44 20 låta
478 1021 50 19 bero
544 1019 69 27 derpå,
629 1020 54 19 huru
699 1020 186 20 tullinkomsterna
900 1020 80 20 utfalla.

217 1055 80 19 Lemna
318 1055 25 19 de
359 1055 36 19 det
409 1055 82 25 belopp,
508 1061 45 14 som
569 1055 67 19 under
651 1055 54 19 sista
721 1054 51 23 året,
789 1054 24 20 så
828 1054 68 20 måste
912 1055 69 19 öfver-

218 1090 58 18 skott
291 1088 76 27 uppstå
383 1090 6 18 i
405 1090 141 22 statskassan,
563 1089 82 19 hvilket
655 1089 71 19 kunde
737 1089 129 25 möjliggöra
877 1096 26 12 en
914 1088 67 20 sådan

217 1124 69 25 utgift,
310 1130 46 13 som
379 1124 75 19 denna.
486 1124 39 19 Om
548 1123 45 20 åter
617 1123 76 20 sådant
708 1124 47 19 icke
771 1124 42 19 kan
829 1123 111 26 påräknas,
956 1123 24 20 så

217 1157 67 27 vågar
304 1159 39 25 jag
366 1159 31 19 för
420 1159 43 19 min
479 1159 34 19 del
529 1159 56 26 hysa
601 1159 40 19 den
658 1160 31 18 tro
705 1160 36 21 att,
758 1165 35 12 om
809 1160 30 18 ett
854 1159 80 25 förslag
948 1159 33 18 till

217 1199 27 13 en
259 1193 89 26 lämplig
363 1193 145 26 organisation
523 1193 23 19 af
560 1199 25 14 en
601 1193 229 26 vetenskapsakademi
844 1193 67 19 blefve
922 1194 59 18 näst-

217 1228 201 19 sammanträdande
434 1227 90 20 Ständer
539 1227 106 26 förelagdt
661 1228 47 19 med
723 1227 96 20 äskande
835 1228 23 18 af
866 1229 30 18 ett
906 1227 75 26 anslag

217 1262 32 19 för
272 1262 130 23 densamma,
424 1261 118 20 Ständerna
557 1262 48 19 icke
621 1262 69 19 skulle
705 1263 67 24 vägra
787 1263 31 18 att
833 1262 58 25 gifva
906 1262 76 25 anslag

217 1297 32 18 för
265 1303 26 12 en
307 1295 66 20 sådan
391 1296 122 25 inrättning,
530 1303 46 13 som
592 1297 7 18 i
614 1296 159 25 vetenskapligt
788 1296 122 19 hänseende
925 1297 23 19 är
960 1297 24 19 af

217 1331 80 19 största
312 1331 117 26 betydelse.
451 1331 42 25 Jag
508 1331 36 19 ber
560 1332 31 18 att
606 1330 21 20 få
643 1331 6 18 i
662 1330 101 20 Ståndets
774 1331 100 26 upplysta
884 1331 98 26 pröfning

217 1365 107 20 innesluta
339 1365 36 20 det
390 1365 85 25 förslag,
492 1371 47 14 som
551 1365 40 26 jag
606 1365 45 19 haft
668 1366 50 18 äran
734 1365 33 19 till
783 1364 89 20 Ståndet
882 1365 98 20 inlemna.

287 1399 52 20 Herr
354 1399 133 20 Kiseleff:
518 1399 42 26 Jag
582 1399 69 20 skulle
670 1398 78 21 föreslå
764 1400 99 19 ärendets
878 1399 104 26 hänskju-

217 1433 64 20 tande
304 1433 32 20 till
355 1433 163 20 Statsutskottet
533 1434 32 19 för
581 1435 30 18 att
627 1434 58 19 detta
701 1434 70 19 skulle
786 1433 68 20 utlåta
869 1434 33 25 sig
917 1434 65 19 huru-

217 1468 50 19 vida
282 1468 69 19 medel
367 1469 32 18 för
413 1467 123 20 ändamålet
551 1468 70 19 kunde
637 1467 80 20 anslås.
