1109 1817
271 192 45 18 1628
565 192 39 18 Den
617 192 22 18 27
651 192 42 23 Maj.

247 257 36 13 ma
305 252 30 18 att
350 249 65 28 något
431 251 89 19 influera
535 249 27 28 på
578 249 100 22 Ståndets
693 251 70 20 beslut
778 249 111 28 angående
905 251 26 20 de
946 251 63 20 efter-

246 284 102 26 följande.
377 285 64 20 Detta
456 284 69 27 gäller
540 285 123 26 egentligen
679 285 170 26 bestämningen,
865 287 31 18 att
906 285 102 20 medlem-

246 325 47 13 mar
315 319 22 19 af
357 319 164 20 stadskommun
543 319 8 19 i
575 319 116 20 allmänhet
714 321 36 18 äro
773 320 101 26 skyldige
892 322 31 17 att
938 320 70 20 lemna

245 353 76 26 bidrag
333 354 7 19 i
355 352 132 21 förhållande
502 353 33 20 till
550 353 36 20 det
601 354 162 26 sammanlagda
779 354 107 23 skattetal,
897 361 46 13 som
954 356 54 18 mot-

246 393 73 14 svarar
341 387 54 20 hans
414 387 118 20 inkomster
547 388 24 19 af
583 387 42 20 hus
639 388 41 20 och
696 389 59 24 tomt,
772 389 76 25 näring
864 388 50 20 eller
929 389 79 19 rörelse

246 423 40 19 etc.
317 422 62 20 Detta
395 423 101 19 skattetal
511 423 39 19 har
562 423 40 25 jag
617 423 19 25 ej
653 421 85 21 förstått
748 423 138 23 annorlunda,
898 423 27 19 än
936 421 72 21 såsom

246 457 36 19 det
297 457 35 22 tal,
349 463 46 14 som
411 457 113 20 resulterar
539 463 79 20 genom
634 457 95 20 addition
744 457 23 19 af
780 457 26 20 de
822 457 106 20 särskilda
940 457 67 19 skatt-

246 491 57 22 ören,
326 497 46 14 som
394 491 67 20 under
483 491 27 20 de
532 491 57 20 olika
612 491 123 20 rubrikerna
754 491 68 20 blifvit
838 491 78 20 honom
931 490 75 21 åsatta.

245 524 34 20 Då
293 526 56 19 ännu
365 525 19 26 ej
401 526 70 19 beslut
481 527 23 18 är
515 526 75 19 fattadt
601 526 89 19 rörande
703 526 63 19 dessa
777 526 115 23 skattören,
904 525 24 20 så
938 526 69 19 skulle

245 559 36 20 det
306 566 66 19 synas
395 560 45 26 mig
462 560 98 26 lämpligt
582 566 35 13 om
640 561 125 25 afgörandet
787 561 23 18 af
823 560 69 19 denna
907 559 15 27 &
937 560 69 20 kunde

245 592 63 21 anstå
323 594 33 19 till
371 594 50 19 dess
437 593 130 21 åtminstone
583 593 30 27 $$
629 594 84 20 54—56
729 601 50 13 vore
795 595 141 19 diskuterade.
966 595 40 20 Det

245 628 106 20 förefaller
374 629 44 26 mig
440 629 108 26 nemligen
572 635 47 14 som
640 629 69 19 skulle
731 629 164 26 bestämningen
917 629 7 19 i
946 629 14 26 &
978 629 27 20 56

244 663 84 25 grunda
343 663 35 25 sig
392 662 27 27 på
434 663 180 26 förutsättningen
630 665 30 17 att
676 664 65 18 minst
757 665 30 17 ett
802 664 36 18 öre
850 663 64 19 borde
925 662 80 21 äsättas

245 696 121 20 inkomsten
381 698 23 18 af
417 696 40 20 hus
473 696 41 20 och
529 699 60 21 tomt,
605 698 30 18 ett
651 698 35 18 öre
701 697 122 19 inkomsten
839 698 23 18 af
875 698 75 25 näring
965 697 40 20 och

245 731 79 19 rörelse
339 730 40 20 och
395 732 66 18 sedan
477 732 29 18 ett
522 732 35 18 öre
573 732 32 18 för
620 730 155 21 löneförmåner
790 738 27 12 m.
834 738 27 12 m.
892 731 40 19 Det
947 732 59 19 beror

245 764 84 21 således
352 765 33 19 till
407 766 83 25 ganska
512 765 107 26 väsentlig
634 765 35 20 del
684 766 23 18 af
720 766 91 19 beslutet
826 766 89 19 rörande
930 766 26 19 de
971 772 34 13 se-

245 805 50 14 nare
310 799 29 27 $$
355 799 96 21 hurudan
467 800 41 19 den
518 800 82 26 vigtiga
611 800 161 26 uppfattningen
785 800 23 19 af
817 800 122 20 skattetalet
950 800 55 20 skall

244 834 71 20 blifva.
346 835 97 25 Antages
458 834 108 26 nemligen
581 835 36 19 det
631 834 71 26 lägsta
713 834 167 26 skattebidraget
890 835 50 19 böra
951 836 54 18 mot-

245 874 62 14 svara
328 870 30 18 ett
373 869 94 19 skattöre
483 868 40 20 och
539 868 51 26 utgä
605 869 22 19 vi
642 868 45 20 frän
703 869 41 19 den
760 869 7 19 i
782 868 120 20 Utskottets
917 869 88 19 motiver

244 905 107 23 upptagna
366 904 153 25 förutsättning
534 904 89 19 rörande
638 904 57 19 detta
707 904 117 22 minimum,
835 903 51 20 eller
896 905 31 18 att
934 903 70 20 300—

244 936 42 21 500
306 938 60 18 mark
381 938 70 19 skulle
466 938 107 19 motsvara
589 939 30 18 ett
634 938 100 23 skattöre,
751 936 24 21 sä
791 938 105 19 förefaller
911 938 35 19 det
960 938 45 26 mig

244 977 47 13 som
313 972 69 19 skulle
405 978 26 13 en
452 978 82 20 person,
556 978 46 13 som
622 972 39 19 har
675 972 42 19 350
733 972 72 19 marks
820 972 94 19 inkomst
930 972 22 19 af
964 972 40 19 hus

243 1006 41 19 och
303 1008 59 22 tomt,
378 1018 27 2 —
419 1006 39 26 jag
473 1008 88 24 antager
576 1006 39 20 här
629 1006 42 20 400
687 1006 60 20 mark
761 1012 46 14 som
823 1008 29 18 ett
868 1006 93 20 skattöre
976 1018 28 3 —

243 1040 20 25 ej
280 1040 69 20 derför
363 1040 86 20 komma
465 1042 30 18 att
511 1039 81 21 äsättas
608 1039 71 27 nägon
695 1041 64 19 skatt.
778 1040 43 20 Har
836 1040 43 20 han
894 1040 109 21 dessutom

243 1074 76 26 näring
341 1074 51 20 eller
414 1074 85 23 rörelse,
522 1074 141 26 inbringande
686 1074 80 20 honom
785 1074 42 20 350
843 1075 65 23 mark,
925 1074 24 20 sä
964 1074 39 20 blir

242 1107 141 21 förhållandet
406 1108 120 24 enahanda;
549 1108 71 20 likaså
638 1109 32 19 för
685 1109 26 19 de
726 1109 67 19 under
808 1108 34 20 3:o
857 1109 7 19 i
886 1108 7 27 $
909 1108 26 20 56
951 1116 51 19 upp-

242 1143 65 24 tagna
323 1143 123 19 inkomster.
477 1142 40 20 Om
537 1143 40 25 jag
592 1143 6 18 i
614 1143 34 19 det
665 1143 109 19 afseendet
789 1143 42 19 rätt
846 1143 103 25 uppfattat
961 1143 42 19 för-

243 1176 76 25 slaget,
341 1175 24 20 sä
384 1183 65 20 synes
466 1177 35 19 det
516 1183 51 13 vara
581 1177 84 25 ganska
679 1177 132 26 väsendtligt
825 1178 31 18 att
871 1177 55 20 förut
941 1177 63 20 hafva

242 1211 51 19 reda
315 1209 27 28 pä
364 1211 73 19 hvilka
459 1211 92 26 grunder
575 1210 88 20 Ständet
683 1211 97 20 kommer
795 1212 31 18 att
841 1211 64 19 fixera
920 1211 32 20 för
966 1212 37 19 be-

242 1245 143 20 stämmandet
407 1246 22 18 af
450 1245 115 23 skattören,
587 1245 65 20 innan
675 1245 70 20 beslut
766 1245 7 19 i
792 1245 10 26 &
818 1245 27 20 53
862 1245 70 20 fattas.
962 1245 42 26 Jag

241 1279 37 20 ber
298 1279 81 20 derföre
397 1278 21 21 fä
433 1278 79 21 föreslä
527 1281 31 18 att
574 1279 89 20 Ständet
679 1279 50 20 ville
745 1279 83 20 besluta
844 1281 31 18 att
889 1280 114 26 uppskjuta

241 1313 157 26 behandlingen
414 1314 23 19 af
450 1313 69 20 denna
534 1313 12 26 $
561 1314 33 19 till
610 1314 49 19 dess
675 1313 30 27 88
717 1313 91 24 53—56,
821 1316 55 17 samt
887 1313 14 27 &
915 1314 30 23 12,
956 1321 47 13 som

241 1347 91 20 lemnats
347 1348 105 19 beroende
467 1348 32 19 till
515 1348 64 19 dessa
594 1347 49 27 S$:s
659 1348 122 26 afgörande,
793 1348 76 19 hunnit
879 1348 123 20 behandlas.

261 1375 6 3 *
311 1382 52 19 Herr
385 1382 179 26 Tengström:
594 1383 31 18 Af
645 1383 41 19 den
711 1382 121 27 Kejserliga
854 1383 148 26 förordningen

241 1415 110 27 angäende
367 1416 78 20 handel
460 1416 40 20 och
516 1417 100 26 näringar
632 1417 6 18 i
654 1417 97 23 Finland,
767 1417 72 26 gifven
855 1417 40 20 den
911 1417 28 20 24
949 1417 54 20 Feb-

240 1451 57 19 ruari
322 1450 60 24 1868,
405 1451 23 19 är
451 1451 34 19 det
508 1451 20 25 ej
552 1451 77 20 endast
650 1451 41 20 den
706 1451 66 20 redan
788 1451 23 20 af
824 1457 26 14 en
866 1452 23 19 af
902 1451 100 20 Ständets

240 1485 138 20 medlemmar
393 1485 92 20 citerade
500 1484 15 27 $
530 1485 28 20 32
574 1485 41 20 och
630 1485 50 20 dess
696 1491 76 14 senare
787 1487 100 22 moment,
903 1492 46 13 som
964 1485 39 21 hör
