1109 1817
231 170 46 40 1544
525 183 40 18 Den
577 184 22 18 25
612 184 42 22 Maj.

207 240 51 21 ville
273 241 82 20 derföre
370 241 72 20 förena
458 241 45 26 mig
519 241 48 20 med
583 242 52 19 Herr
651 242 96 20 Hallsten
763 243 79 22 derom,
854 244 31 19 att
896 241 76 22 ätmin-

208 277 62 18 stone
293 277 30 18 ett
343 275 58 20 antal
423 276 23 19 af
466 275 36 20 två
518 275 128 26 tredjedelar
661 277 23 19 af
697 277 195 26 stadsfullmäktige
907 277 65 20 borde

208 310 73 19 förena
297 309 34 26 sig
345 310 33 19 för
393 311 30 18 att
439 310 115 20 bifallande
569 310 70 20 beslut
655 311 70 20 skulle
743 311 72 20 kunna
836 311 72 24 fattas,
923 312 7 19 i
946 312 26 20 de

208 344 30 19 uti
254 343 15 27 &
285 343 26 20 25
327 346 108 24 upptagna
450 343 77 27 frågor.

277 378 53 20 Herr
345 379 153 26 Wallgren:
528 379 43 26 Jag
586 379 36 20 ber
637 380 31 18 att
683 379 131 20 beträffande
829 379 70 20 denna
912 379 60 26 fråga

207 411 22 21 få
251 413 100 23 erkänna,
373 415 30 18 att
425 414 39 25 jag
487 413 76 20 hittills
586 413 69 26 hyllat
677 414 146 25 majoritetens
842 414 6 19 i
864 414 108 19 Utskottet

207 445 87 28 åsigter,
311 453 48 14 men
375 449 30 18 att
421 448 35 19 det
471 447 67 20 under
553 448 162 19 diskussionens
731 448 48 26 lopp
795 448 69 19 blifvit
879 449 45 25 mig
934 448 38 19 allt

207 481 90 24 klarare,
319 483 31 18 att
370 481 160 27 konseqvensen
555 482 86 23 fordrar,
664 483 31 18 att
716 482 131 20 beträftande
862 482 110 20 stadsfull-

209 515 102 26 mäktige,
332 516 129 20 förtroendet
483 516 33 19 till
539 516 48 20 dem
603 517 38 19 bör
656 523 51 13 vara
723 515 83 26 sådant,
822 518 31 18 att
868 523 27 14 en
910 517 62 20 kom-

209 556 50 13 mun
275 550 66 19 under
356 550 43 20 alla
415 551 89 26 möjliga
515 551 69 20 vilkor
595 551 42 19 kan
648 551 130 20 öfverlemna
789 551 34 19 sin
835 551 137 20 beslutande-

209 585 42 18 rätt
273 583 23 21 åt
318 584 55 20 dem.
403 585 42 25 Jag
467 585 79 19 önskar
569 583 90 21 sålunda
677 585 47 20 icke
740 584 71 27 någon
826 585 146 26 förstärkning

209 619 24 19 af
251 619 135 26 fullmäktige
408 619 32 20 för
463 619 116 26 afgörande
599 619 23 19 af
636 619 26 20 de
676 619 7 19 i
698 619 15 26 &
729 619 26 19 22
772 621 107 24 upptagna
895 619 77 26 frågor,

209 659 49 13 men
279 653 38 19 vill
339 653 54 20 dock
415 653 32 20 för
470 653 78 20 sakens
565 656 57 17 stora
637 653 46 26 vigt
698 653 81 20 biträda
795 653 53 20 Herr
863 654 109 20 Hallstens

209 687 174 25 representation.

279 721 52 19 Herr
353 721 136 20 Boström.
520 721 42 26 Jag
584 722 32 19 för
631 722 44 19 min
691 722 33 19 del
741 722 42 19 kan
798 722 48 19 icke
861 722 64 23 finna,
941 724 31 18 att

209 754 66 27 något
297 756 106 19 korrektiv
424 756 70 19 skulle
516 756 114 19 förefinnas
646 757 32 19 tör
693 756 26 20 de
735 756 22 19 af
771 756 53 19 Herr
839 756 79 20 Kurtén
934 762 37 14 an-

209 790 60 19 förda
292 790 43 20 fall.
366 790 9 19 I
397 790 74 26 hvarje
486 790 40 20 sak
545 789 68 21 måste
629 790 35 20 väl
679 790 134 26 majoriteten
829 790 60 20 alltid
904 789 21 21 få
940 791 31 19 af-

208 825 59 25 göra,
294 824 41 20 och
359 824 147 20 minoritetens
528 824 83 20 önskan
635 825 42 19 kan
700 825 34 19 väl
756 824 69 26 aldrig
846 825 64 19 blifva
931 825 40 20 den

209 858 107 26 gällande.
346 858 133 20 Minoriteten
502 858 38 20 har
563 859 54 19 blott
632 859 41 20 den
689 860 65 24 utväg
769 860 32 18 att
815 865 108 13 reservera
938 860 34 25 sig

209 894 45 18 mot
277 895 30 18 ett
329 893 76 20 fattadt
427 893 77 20 beslut.
534 893 101 20 Deröfver
657 894 43 19 kan
715 894 51 19 dess
782 893 126 26 befogenhet
924 894 48 19 icke

210 927 86 20 sträcka
311 928 40 26 sig.
381 928 38 19 Att
435 934 77 20 genom
527 926 71 28 någon
613 928 146 26 förstärkning
775 928 23 19 af
812 928 160 19 stadsfullmäk-

209 962 45 26 tige
275 962 147 20 minoritetens
443 962 132 26 önskningar
597 962 70 20 skulle
682 962 87 20 komma
792 968 58 14 mera
873 962 7 20 i
903 962 69 26 dagen

210 996 97 20 betviflar
327 996 40 26 jag
389 995 26 27 på
433 996 35 20 det
483 996 84 26 högsta,
583 996 90 20 emedan
689 997 26 19 de
730 1002 44 20 nya
789 996 121 24 elementer,
926 1002 46 14 som

210 1030 70 20 skulle
295 1030 51 26 ingå
361 1030 64 20 bland
441 1030 202 26 stadsfullmäktige,
659 1030 71 20 kunde
745 1030 44 20 lika
804 1030 36 20 väl
854 1030 56 26 hysa
932 1031 40 19 den

209 1063 64 27 åsigt,
297 1071 46 14 som
366 1065 133 25 majoriteten
522 1065 73 27 hyser,
616 1071 47 13 som
685 1065 48 23 den,
755 1064 87 20 hvilken
865 1064 72 27 hyllas
952 1065 23 19 af

210 1099 141 20 minoriteten.
382 1099 99 20 Tvertom
495 1101 44 18 tror
552 1099 39 26 jag
607 1101 31 18 att
653 1106 77 19 genom
747 1099 69 19 denna
829 1099 144 26 förstärkning

209 1134 78 19 endast
309 1134 137 25 olägenheter
468 1134 23 19 af
512 1132 150 27 mångahanda
677 1134 48 25 slag
741 1133 70 20 skulle
827 1134 90 23 inträffa,
932 1133 41 20 och

210 1167 36 20 det
267 1168 70 19 blefve
359 1169 30 18 ett
407 1169 62 25 öppet
484 1167 39 20 fält
538 1168 33 20 för
586 1168 89 25 intriger
690 1168 31 19 för
737 1169 32 18 att
784 1167 64 20 bland
864 1167 109 20 stadsfull-

210 1202 95 26 mäktige
321 1201 20 20 få
356 1202 86 19 invalda
457 1203 30 19 ett
502 1203 67 18 större
583 1202 54 19 eller
652 1202 82 19 mindre
757 1201 59 20 antal
837 1202 82 19 mindre
940 1202 32 20 in-

209 1237 122 20 tresserade
353 1243 100 19 personer
473 1237 27 19 än
523 1236 57 19 hvad
603 1236 196 26 stadsfullmäktige
823 1235 68 21 måste
909 1243 64 13 anses

209 1277 58 14 vara.
298 1271 41 20 För
354 1272 31 18 att
400 1271 54 20 dock
469 1271 147 19 minoritetens
632 1269 81 28 åsigter
727 1271 31 19 uti
773 1270 139 20 förevarande
926 1271 47 26 vig-

209 1305 46 26 tiga
271 1305 88 20 ärender
374 1303 35 21 må
424 1305 71 20 kunna
511 1304 21 21 få
547 1305 39 19 allt
601 1305 36 20 det
652 1305 143 23 erkännande,
812 1311 46 13 som
874 1305 23 19 är
920 1305 53 26 möj-

209 1339 40 26 ligt
265 1341 30 18 att
311 1338 59 21 deråt
385 1339 112 26 inrymma,
514 1338 25 21 så
553 1339 38 20 vill
606 1339 63 20 äfven
683 1339 40 26 jag
738 1340 33 19 för
785 1339 44 20 min
845 1339 35 20 del
899 1337 75 28 frångå

209 1373 42 20 den
267 1373 56 26 åsigt
336 1373 39 26 jag
390 1374 65 19 redan
470 1375 67 25 yttrat
552 1373 41 20 och
608 1374 73 19 förena
696 1375 45 24 mig
757 1380 35 13 om
815 1373 41 20 den
878 1373 23 20 af
921 1373 53 20 Herr

209 1407 98 20 Hallsten
329 1407 95 20 uttalade
447 1407 57 26 äsigt
526 1408 131 20 beträffande
675 1407 148 21 omredaktion
839 1408 23 19 af
875 1407 69 20 denna
958 1407 14 26 &

209 1441 41 20 och
271 1444 50 21 tror,
342 1443 31 18 att
396 1442 124 26 derigenom
541 1442 29 20 all
591 1442 76 26 möjlig
689 1442 100 20 säkerhet
811 1441 55 20 skall
885 1441 87 21 beredas

208 1476 130 20 kommunen
361 1478 44 18 mot
428 1476 73 27 hvarje
523 1476 120 20 förhastadt
662 1477 70 20 beslut
755 1477 23 19 af
799 1476 50 20 dess
864 1482 108 20 represen-
