1109 1817
461 162 40 17 Den
515 162 21 17 14
548 162 47 17 Juni.
842 162 45 18 2188

220 221 52 19 Herr
295 220 156 20 Talmannen
474 221 91 19 tackade
589 227 12 12 å
622 220 190 26 Borgareståndets
831 222 80 25 vägnar

151 257 31 18 för
198 256 57 18 detta
270 255 143 23 meddelande,
429 255 106 19 hvarefter
550 255 149 25 deputationen
715 255 102 20 afträdde.

220 289 41 19 Till
284 289 129 25 behandling
435 290 94 25 företogs
553 289 158 19 Sammansatta
726 289 55 26 Lag-
798 290 40 19 och
854 290 57 19 Eko-

150 324 173 19 nomiutskottets
346 324 115 25 bordlagda
485 324 304 25 sammanjemkningsförslag
811 324 6 19 i
836 323 75 27 frågan

150 365 35 13 om
208 358 124 19 utfärdande
355 359 22 18 af
398 359 77 24 stadga
493 357 112 27 angående
620 358 100 25 flottning
735 359 23 18 af
771 359 139 25 skogsalster.

219 391 30 27 88
267 393 68 18 1—12
350 393 125 25 godkändes
490 394 52 17 utan
559 393 129 18 diskussion.

219 425 117 28 Angående
359 427 164 26 formuleringen
543 427 22 19 af
579 427 35 19 det
629 427 7 19 i
652 427 64 19 slutet
733 427 22 18 af
768 427 143 19 betänkandet

150 460 105 27 ingående
271 460 161 27 önskningsmäl
447 461 85 26 yttrade
548 462 43 25 sig:

221 496 52 19 Herr
287 496 193 25 Neppenström:
504 495 42 26 Jag
561 496 42 19 kan
618 495 48 20 icke
681 495 115 20 instämma
811 496 31 19 uti
858 496 53 19 sista

151 532 116 17 momentet
289 531 22 18 af
331 531 114 19 utskottets
468 531 86 25 förslag,
579 530 88 19 emedan
680 530 39 25 jag
735 537 62 12 anser
813 531 36 19 det
864 531 47 18 icke

151 565 188 19 öfverensstämma
355 565 47 19 med
418 564 190 27 Borgareståndets
624 565 55 18 förut
689 565 79 19 fattade
779 565 74 19 beslut.
870 565 41 26 Jag

150 599 39 19 har
211 598 28 20 då
261 599 85 19 ärendet
370 599 55 19 förut
440 600 82 19 förevar
537 599 6 19 i
560 598 89 20 Ståndet
664 599 44 19 haft
725 599 40 19 den
780 600 50 19 äran
846 600 65 19 fram-

151 633 64 24 hålla,
238 635 31 18 att
291 633 39 20 den
349 633 86 23 komité,
451 640 46 13 som
514 634 32 19 för
561 640 26 13 en
603 633 106 19 blifvande
725 633 101 26 landtdag
842 633 69 20 skulle

151 668 95 19 utarbeta
261 669 30 17 ett
305 668 80 25 förslag
400 668 32 18 till
448 668 207 25 stockflötningslag,
667 668 64 19 borde
741 674 51 12 vara
803 674 107 12 samman-

151 704 42 17 satt
220 702 23 19 af
263 708 104 19 personer,
389 702 183 19 sammankallade
593 700 45 21 från
661 702 84 19 landets
769 702 56 19 olika
846 702 64 19 delar.

150 736 95 20 Emedan
261 736 57 20 detta
333 736 47 20 icke
397 735 91 27 framgår
504 743 24 12 ur
542 738 116 18 utskottets
671 736 139 23 betänkande,
821 736 42 19 kan
872 736 39 26 jag

151 771 19 25 ej
187 771 72 19 förena
275 771 43 25 mig
333 777 34 13 om
382 771 118 19 detsamma
516 771 7 19 i
539 771 69 19 denna
623 770 41 20 del.

220 806 52 18 Herr
296 805 129 19 Molander
450 805 135 23 omnämnde,
607 807 30 17 att
660 804 53 20 ifrån
733 804 178 26 Borgareståndet

150 840 35 19 väl
201 841 30 18 ett
246 838 75 20 sådant
336 840 80 25 förslag
431 838 68 27 ingått
516 840 40 19 och
571 840 30 18 att
617 838 74 27 frågan
704 839 74 19 härom
789 840 61 18 äfven
862 839 49 19 blif-

150 874 30 19 vit
196 874 57 19 inom
269 874 102 19 utskottet
386 874 132 23 diskuterad;
534 880 48 13 men
598 875 30 17 att
643 874 104 19 utskottet
762 875 70 18 ansett
842 874 69 25 Rege-

150 908 75 26 ringen
248 908 47 19 bäst
317 908 72 19 kunna
409 908 113 20 bedömma
538 908 57 19 detta
610 908 41 19 och
666 908 6 19 i
688 908 52 26 följd
756 908 62 19 häraf
831 908 80 20 lemnat

150 942 102 26 förslaget
268 942 77 20 dervid.

219 977 52 19 Herr
293 976 184 27 Neppenström
501 976 139 20 formulerade
663 977 36 19 sitt
719 977 80 25 förslag
815 975 95 25 sålunda,

150 1012 30 18 att
201 1011 41 19 han
264 1011 31 19 till
318 1011 113 19 utskottets
447 1011 133 19 betänkande
595 1011 50 19 ville
661 1011 52 19 efter
728 1011 59 19 ordet
803 1011 108 23 ,,sakkun-

150 1045 62 26 nige*
225 1045 88 25 tillägga
322 1046 73 18 orden:
408 1060 10 8 ,
421 1044 45 20 från
477 1045 85 19 landets
571 1045 56 19 olika
639 1045 58 19 delar
707 1045 203 19 sammankallade".

220 1078 32 20 Då
267 1080 64 25 ingen
346 1080 71 18 vidare
433 1080 95 19 önskade
544 1081 56 24 yttra
614 1080 34 25 sig
664 1080 5 18 i
685 1081 77 22 ämnet,
779 1080 131 19 framställde

150 1114 53 19 Herr
217 1112 133 21 Talmannen
366 1114 93 25 följande

220 1147 135 26 Proposition:
379 1147 66 20 Gillar
461 1147 88 20 Ståndet
566 1147 115 20 utskottets
696 1148 133 19 betänkande
841 1148 5 18 i
860 1148 49 19 dess

150 1182 54 19 sista
219 1182 71 25 punkt,
310 1182 50 19 eller
375 1183 99 18 omfattar
485 1181 89 20 Ståndet
586 1182 51 19 Herr
647 1182 166 25 Neppenströms
823 1181 86 26 förslag,

150 1218 31 17 att
196 1216 87 26 tillägga
299 1216 74 19 orden:
390 1231 5 8 ,
397 1215 52 24 från
465 1216 83 19 landets
564 1217 57 18 olika
634 1217 57 18 delar
703 1216 208 19 sammankallade"?

149 1250 32 19 De
197 1257 45 12 som
258 1251 57 18 rösta
331 1251 30 18 för
377 1251 34 19 det
427 1251 55 19 förra
498 1257 62 12 svara
574 1251 31 24 ja,
617 1251 25 19 de
653 1257 46 13 som
712 1251 67 19 önska
790 1251 35 18 det
836 1257 74 13 senare

150 1291 61 12 svara
226 1285 37 25 nej.

219 1319 130 19 Besvarades
372 1319 48 19 med
443 1319 158 26 öfvervägande
618 1319 25 25 ja
667 1319 40 20 och
731 1318 131 20 förklarades
878 1320 32 18 ut-

149 1353 91 19 skottets
255 1353 80 26 förslag
351 1352 83 21 således
449 1359 51 14 vara
516 1354 22 19 af
552 1352 89 21 Ståndet
655 1354 116 25 godkändt.

219 1387 52 20 Herr
293 1387 131 20 Talmannen
447 1388 98 25 föredrog
565 1387 121 26 Höglofliga
702 1387 153 26 Ridderskapet
870 1387 40 20 och

150 1421 82 20 Adelns
253 1421 192 26 protokollsutdrag
464 1422 23 19 af
501 1422 40 19 den
559 1422 23 19 11
600 1422 80 19 dennes
696 1422 129 19 beträffande
842 1421 68 20 Stats-

151 1455 115 20 utskottets
282 1456 111 19 skrifvelse
407 1456 7 19 i
431 1456 115 25 anledning
562 1456 23 19 af
595 1456 135 19 Hedervärda
740 1454 170 21 Bondeståndets
