1109 1817
252 168 2 2 +
275 157 46 18 1552
569 156 40 18 Den
622 156 21 18 25
657 157 42 22 Maj.

253 215 182 26 stadsfullmäktig
450 216 62 19 äfven
528 216 41 19 den
585 215 166 26 omständighet,
768 217 31 18 att
814 222 105 19 personen
934 216 7 19 i
956 215 60 26 fräga

252 249 49 20 icke
324 250 23 19 är
369 249 8 20 i
399 249 76 20 staden
494 249 51 20 eller
559 249 59 20 inom
633 249 50 20 dess
698 248 86 21 omräde
799 249 88 21 boende.
917 249 41 20 För
972 250 44 20 min

253 283 34 20 del
311 283 42 20 kan
372 284 39 25 jag
433 283 48 20 icke
504 283 115 26 godkänna
641 283 70 20 denna
733 284 143 26 bestämning,
899 286 25 25 ty
938 285 39 26 jag
992 285 26 19 är

253 317 130 26 fullkomligt
406 318 126 26 öfvertygad
553 324 42 17 om,
619 319 30 18 att
671 318 57 19 valet
748 318 48 19 icke
811 318 56 20 skall
882 318 50 20 falla
948 317 26 27 pä
989 325 27 13 en

255 351 68 20 sädan
347 358 82 20 person,
455 358 47 13 som
525 353 23 18 är
570 351 61 27 längt
653 352 90 26 aflägset
766 353 82 19 boende
869 351 46 21 frän
934 353 80 19 staden.

254 386 99 20 Deremot
369 386 41 19 kan
426 386 36 19 det
477 387 43 19 ofta
535 386 92 23 inträffa,
642 388 31 17 att
688 393 26 13 en
730 393 77 20 person
822 387 24 20 är
860 387 70 20 bosatt
946 387 6 18 i
971 388 44 18 sta-

253 421 53 19 dens
329 421 107 19 närmaste
458 421 114 25 granskap,
594 421 83 19 utanför
699 421 50 19 dess
772 423 72 24 portar
866 421 65 20 ehuru
946 421 69 19 denna

252 455 57 26 plats
331 455 48 19 icke
397 455 39 19 hör
451 455 33 19 till
500 455 87 19 stadens
603 453 92 25 omräde,
711 455 41 20 och
768 457 31 18 att
815 462 25 13 en
856 454 67 21 sädan
939 461 77 20 person

253 489 70 20 skulle
343 489 148 26 ovillkorligen
515 495 51 13 vara
587 489 119 26 berättigad
729 491 32 18 att
778 490 65 19 vinna
858 489 97 20 befrielse
970 488 45 20 frän

253 523 58 20 detta
326 523 119 20 förtroende
460 523 101 26 uppdrag,
578 523 35 20 det
628 529 62 14 anser
702 524 40 25 jag
757 523 89 20 alldeles
862 524 47 19 icke
925 529 49 14 vara
988 522 30 27 pä

253 558 33 19 sin
309 557 62 26 plats,
392 558 51 19 enär
457 557 43 20 han
516 557 66 20 likväl
598 563 46 14 som
660 557 70 27 nägon
746 564 71 13 annan
832 559 8 18 i
856 559 74 19 staden
945 558 71 19 bosatt

252 598 77 19 person
343 592 43 19 kan
402 592 62 19 sköta
480 591 69 20 denna
564 592 125 25 befattning.
713 592 42 26 Jag
769 592 51 20 ville
836 593 80 19 derföre
932 591 85 24 föreslå,

253 628 31 17 att
307 626 69 19 denna
398 626 136 25 bestämning
557 625 66 20 mätte
645 625 46 20 frän
707 627 58 19 detta
781 633 64 13 mom.
861 625 51 27 utgä
927 626 40 19 och
983 626 32 19 in-

253 667 96 19 rymmas
364 661 67 19 under
446 661 26 18 de
487 660 94 22 orsaker,
597 667 46 13 som
659 661 7 18 i
682 661 95 25 följande
787 667 64 13 mom.
862 661 36 19 äro
910 661 106 25 upptagna

253 694 73 20 såsom
342 694 47 20 skäl
404 694 32 20 för
451 694 114 26 afsägolse,
581 696 24 24 ty
617 694 40 26 jag
671 696 49 21 tror,
737 696 30 18 att
783 701 35 13 om
833 695 7 19 i
856 694 78 26 sjelfva
943 694 73 20 verket

253 728 57 20 valet
332 728 49 20 fölle
404 727 27 27 pä
453 734 26 14 en
495 727 67 21 sädan
578 734 83 20 person,
677 735 47 13 som
738 734 51 14 vore
804 729 82 19 boende
901 727 27 27 pä
942 728 75 26 längre

253 762 85 20 afständ
360 761 46 21 från
429 763 83 22 staden,
535 763 57 19 detta
609 762 68 20 skulle
692 763 7 19 i
715 762 74 26 hvarje
804 762 37 20 fall
856 764 76 25 utgöra
946 764 30 18 ett
991 762 25 20 sä

253 797 78 26 vigtigt
352 797 65 19 motiv
440 797 32 19 för
495 797 113 25 afsägelse,
631 798 31 18 att
677 796 71 27 nägon
764 797 116 26 anledning
895 797 47 20 icke
957 797 59 20 torde

253 838 51 13 vara
326 832 31 19 att
374 832 78 22 befara,
469 832 35 19 det
519 831 43 19 han
578 831 69 19 skulle
662 831 83 26 nödgas
762 830 86 27 gvarstä
863 830 27 27 pä
905 832 33 19 sin
954 831 61 26 plats.

323 866 52 19 Herr
390 865 130 20 Masalin:
546 865 42 26 Jag
603 866 36 19 ber
655 867 30 18 att
700 864 22 21 fä
736 866 83 19 biträda
835 866 41 19 den
891 864 63 27 äsigt,
970 872 47 13 som

253 901 24 19 af
298 900 52 20 Herr
373 894 111 32 Öhrnberg
506 900 7 19 i
528 900 55 19 hans
599 900 130 20 reservation
745 900 95 25 uttalats,
856 900 55 20 dock
926 900 48 19 med
990 906 26 13 en

253 934 103 20 afvikelse
371 933 98 21 derifrän.
500 934 41 20 Det
556 934 38 20 har
609 934 7 20 i
632 935 117 19 motiverna
764 934 33 20 till
812 934 120 20 Utskottets
942 934 75 20 betän-

253 969 70 19 kande
345 969 117 23 anmärkts,
485 970 32 18 att
538 968 58 20 valet
618 969 99 19 stundom
733 968 71 20 kunde
820 968 38 20 ske
874 967 96 25 sälunda,
985 969 31 19 att

252 1004 129 19 kommunen
405 1003 86 20 delades
512 1003 8 19 i
543 1003 70 19 skilda
636 1003 124 19 valkretsar.
791 1003 9 19 I
823 1002 77 20 sädant
914 1002 38 20 fall
966 1002 52 20 ville

249 1038 46 26 jag,
311 1039 30 18 att
356 1038 125 26 pröfningen
497 1038 23 18 af
533 1038 68 19 skedd
616 1038 107 26 afsägelse
739 1038 70 19 skulle
823 1038 50 19 bero
888 1036 26 27 pä
930 1037 26 20 de
970 1037 46 19 väl-

250 1072 66 26 jande
339 1072 57 20 inom
419 1072 113 23 distriktet,
555 1073 56 18 samt
633 1070 95 25 föreslär,
750 1073 30 18 att
804 1071 14 27 &
834 1071 69 20 skulle
918 1071 7 19 i
941 1070 76 21 sädant

255 1107 56 26 syfte
327 1106 166 20 omformuleras.

323 1137 52 31 Herr
391 1132 151 39 Öhrnberg:
572 1141 9 19 I
600 1141 40 19 den
664 1141 137 22 reservation,
817 1147 47 13 som
879 1139 84 26 ätföljer
977 1139 39 20 Ut-

253 1175 91 20 skottets
366 1175 140 23 betänkande,
529 1175 39 19 har
585 1175 39 26 jag
647 1175 92 20 förordat
761 1175 40 19 den
823 1173 83 27 Nädiga
922 1174 94 26 proposi-

253 1210 84 19 tionens
364 1210 121 25 antagande
506 1209 7 19 i
536 1210 70 19 denna
627 1209 15 26 S
665 1209 40 20 och
725 1209 40 26 jag
780 1207 79 22 tillåter
874 1209 44 26 mig
932 1209 31 18 att
978 1208 40 20 här

253 1250 91 20 upprepa
360 1244 125 20 detsamma.
509 1243 41 20 Det
566 1250 65 20 synes
647 1244 44 25 mig
707 1244 65 25 högst
787 1243 117 26 oegentligt
917 1243 40 20 och
968 1243 48 19 stri-

253 1279 69 19 dande
337 1280 45 18 mot
397 1278 40 19 den
453 1278 142 19 kommunens
611 1278 138 19 medlemmar
765 1277 114 26 äliggande
893 1277 124 26 skyldighet

253 1314 31 18 att
306 1313 48 19 med
370 1313 47 19 sina
433 1312 89 26 insigter
537 1312 41 20 och
594 1312 47 19 sina
656 1312 122 26 kunskaper
793 1312 86 25 deltaga
894 1312 7 19 i
917 1312 99 19 arbetena

253 1347 33 19 för
304 1347 140 19 kommunens
460 1347 187 25 angelägenheter,
663 1348 30 18 att
709 1353 26 13 en
751 1352 77 20 person
844 1346 62 22 skall,
922 1345 52 20 blott
990 1344 27 27 pä

253 1381 41 20 den
316 1381 75 26 grund,
407 1382 30 19 att
452 1381 43 19 han
510 1381 48 19 icke
573 1381 38 20 bor
626 1381 58 19 inom
700 1381 76 19 staden
792 1380 51 20 eller
859 1381 49 19 dess
924 1378 92 25 omräde,

253 1415 72 20 kunna
347 1415 65 20 vinna
434 1415 98 20 befrielse
553 1414 46 21 från
615 1417 30 18 ett
661 1414 77 20 sådant
753 1415 101 26 uppdrag,
871 1415 36 19 der
922 1414 35 19 det
972 1415 44 18 mot

253 1449 110 20 förmodan
385 1449 50 20 fölle
451 1449 78 20 honom
545 1449 32 20 till
593 1449 40 20 del.
664 1449 41 26 Jag
721 1449 70 20 skulle
806 1449 7 19 i
828 1448 68 21 likhet
912 1448 48 20 med
976 1448 40 19 den
