1109 1817
427 152 39 18 Den
481 152 10 18 6
504 152 47 17 Juni.
804 152 44 18 2001

112 210 40 20 ska
175 212 69 18 staten
263 211 63 19 borde
343 211 78 19 sträfva
436 210 33 19 till
485 212 31 17 att
532 209 24 20 sä
571 212 59 17 snart
645 216 47 13 som
707 210 85 25 möjligt
807 210 66 19 blifva

112 251 65 20 egare
200 245 22 19 af
243 245 39 19 den
305 245 110 26 sydfinska
431 245 133 19 stambanan.
595 244 41 25 Jag
651 244 82 19 befarar
748 245 124 22 emellertid,

112 281 30 18 att
158 278 66 27 nägra
240 278 97 27 ätgärder
352 279 7 19 i
375 279 39 19 den
427 279 122 25 rigtningen
561 277 45 20 frän
617 278 130 20 Ständernas
758 279 47 19 sida
816 279 57 19 ännu

112 313 18 26 ej
153 313 72 20 kunna
245 312 160 27 ifrägakomma.
436 313 38 19 Att
497 319 27 13 en
545 313 83 19 önskan
650 313 72 19 derom
745 311 26 27 pä
795 311 79 28 mänga

111 346 44 21 häll
177 348 57 19 inom
257 347 71 20 landet
350 347 73 26 hyses,
444 348 39 25 gör
499 348 30 18 ett
544 347 109 19 uttalande
669 347 22 19 af
705 347 69 19 denna
790 347 83 20 önskan

112 382 63 19 äfven
190 381 107 26 naturligt.
327 381 48 20 Men
388 383 30 18 ett
433 381 82 26 förslag
530 381 6 19 i
552 381 36 19 det
603 381 66 26 syftet
684 381 43 19 kan
742 381 67 25 enligt
829 381 44 19 min

112 416 135 25 uppfattning
261 416 19 25 ej
297 416 78 19 väckas
391 417 65 18 annat
471 416 27 19 än
514 416 7 19 i
537 415 104 20 samband
661 415 48 20 med
729 414 82 21 sädana
831 414 42 20 frä-

112 456 44 19 gor,
181 456 45 13 som
250 450 114 26 lämpligen
379 450 72 19 kunna
466 449 65 20 blifva
546 449 185 26 utgängspunkter
745 450 32 19 för
793 451 29 18 ett
837 449 36 20 be-

113 484 43 19 slut
171 484 7 19 i
194 484 40 19 den
250 484 127 25 riktningen.
409 484 118 19 Ständerna
543 484 64 19 hafva
621 484 65 19 redan
702 484 82 19 förenat
794 484 34 25 sig
842 480 31 23 om

112 519 30 19 ett
165 525 48 12 svar
236 517 26 27 pä
282 519 39 19 den
337 517 83 27 Nädiga
435 519 158 25 propositionen
609 517 110 27 angäende
735 519 64 18 väckt
813 517 61 27 fräga

112 558 35 14 om
170 553 126 25 försälining
318 553 23 19 af
361 553 155 19 statsbanorna.
546 553 10 18 I
579 553 57 19 detta
659 559 48 12 svar
729 552 62 23 hade,
807 553 67 25 enligt

112 587 44 19 min
173 586 62 27 äsigt,
251 587 80 19 kunnat
346 586 50 27 ingä
412 589 29 18 ett
457 587 110 20 uttalande
579 587 23 19 af
611 587 40 19 den
661 587 154 23 beskaffenhet,
826 593 47 14 som

113 621 52 20 Herr
187 621 116 20 Wasenius
325 622 40 19 sist
386 622 86 25 yrkade.
504 621 93 20 Numera
613 623 43 18 tror
669 621 38 26 jag
723 620 66 27 nägot
803 621 71 20 beslut

112 655 7 20 i
142 655 77 20 sädant
238 656 56 26 syfte
313 656 18 25 ej
348 663 66 18 gerna
429 656 41 19 kan
487 656 23 19 af
524 655 118 20 Ständerna
658 656 70 23 fattas,
744 662 48 13 men
808 655 66 26 hyser

113 690 31 19 för
160 690 43 19 min
219 690 34 19 del
268 690 61 19 äfven
345 690 40 19 den
401 690 147 25 förhoppning,
564 691 31 17 att
609 690 84 18 landets
710 689 91 26 styrelse
817 689 56 19 skall

112 724 64 19 hafva
199 724 212 26 uppmärksamheten
434 724 69 19 riktad
524 723 28 27 pä
575 724 68 19 denna
658 724 159 25 omständighet
833 723 40 20 och

113 758 19 26 ej
148 758 106 20 uraktläta
269 760 30 18 att
314 760 52 24 göra
381 760 34 24 sig
430 759 106 19 förvissad
551 765 35 13 om
601 758 104 19 huruvida
719 758 41 20 och
775 757 27 27 pä
816 758 58 19 hvad

113 792 68 20 vilkor
197 799 25 13 en
238 792 153 26 äterbetalning
406 793 23 19 af
441 793 36 19 det
492 792 162 26 ifrägavarande
672 792 113 20 förskottet
802 792 71 20 kunde

113 826 21 20 fä
155 827 44 23 ske,
222 827 91 19 likasom
333 828 38 25 jag
391 827 18 26 ej
425 827 67 20 heller
508 827 97 19 betviflar
620 828 31 18 att
666 827 35 19 vid
717 827 98 25 lämpligt
829 826 44 20 till-

112 861 51 20 fälle
185 861 128 20 Ständernas
336 862 127 19 medverkan
487 862 70 19 dertill
583 862 71 19 kunde
677 860 98 21 erhållas.
813 861 60 19 Hvad

113 896 101 25 slutligen
230 896 147 20 användandet
393 896 22 19 af
429 896 34 20 det
478 896 123 26 föreslagna
617 895 57 20 länet
690 895 27 27 pä
733 896 26 19 20
775 895 98 25 miljoner

113 930 60 19 mark
188 930 131 20 vidkommer
333 930 40 20 och
389 930 86 20 hvarom
491 931 53 19 Herr
559 930 116 19 Wasenius
691 929 65 20 ocksä
768 930 54 19 utlät
833 930 39 25 sig,

114 963 23 20 sä
153 970 66 20 synes
235 964 42 19 alla
292 964 67 26 öfriga
374 964 66 20 talare
456 964 65 20 hafva
536 965 35 18 vid
587 964 138 20 förevarande
737 964 89 19 ärendes
838 964 36 19 be-

113 998 104 26 handling
232 999 111 19 inskränkt
359 999 34 25 sig
408 999 32 19 till
456 999 57 19 hvad
528 999 58 19 detta
602 999 134 19 betänkande
749 997 124 24 innehäller,

112 1032 41 20 och
176 1033 36 19 ber
233 1033 81 19 derföre
336 1033 61 19 äfven
418 1033 39 25 jag
480 1035 32 17 att
533 1032 22 20 fä
577 1032 114 26 uppskjuta
706 1032 118 20 uttalandet
839 1038 36 14 om

114 1067 64 19 dessa
198 1066 27 20 20
246 1067 97 25 miljoner
358 1067 32 19 till
405 1067 50 19 dess
470 1067 21 19 vi
507 1067 86 19 komma
608 1067 33 19 till
657 1067 40 19 den
713 1066 81 26 frägan,
807 1066 68 26 jemte

112 1101 36 19 det
168 1101 39 26 jag
229 1102 53 18 dock
304 1108 119 12 reservarar
444 1102 45 25 mig
512 1103 57 17 emot
592 1103 31 17 att
642 1101 54 19 blott
711 1100 62 20 anslä
788 1107 26 13 en
830 1100 44 20 viss

112 1135 75 26 partiel
209 1135 124 20 subvention
357 1135 31 20 för
411 1135 40 20 den
473 1135 62 23 bana,
552 1141 46 14 som
611 1135 40 26 jag
666 1141 63 13 anser
744 1135 50 19 böra
810 1134 65 19 blifva

113 1169 117 23 stambana,
246 1169 106 26 nemligen
368 1170 69 19 banan
453 1162 164 27 Wiiala—Äbo.
648 1169 43 19 Här
706 1169 39 18 har
760 1169 23 18 af
797 1170 78 17 tvenne

112 1203 67 20 talare
194 1204 68 25 gjorts
278 1204 140 25 anmärkning
433 1210 41 16 om,
491 1205 31 18 att
538 1210 26 13 en
579 1203 138 26 omkastning
740 1203 23 19 af
782 1209 92 13 namnen

113 1237 134 20 Nikolaistad
263 1238 40 19 och
320 1237 104 26 Uleäborg
440 1238 70 19 skulle
526 1237 27 20 ha
569 1239 36 24 egt
621 1244 52 13 rum.
703 1237 42 26 Jag
760 1237 41 19 kan
812 1237 62 19 verk-

112 1271 59 26 ligen
187 1272 19 25 ej
222 1271 100 26 päminna
337 1272 50 25 mig,
404 1272 104 19 huruvida
524 1272 36 19 det
575 1273 23 18 är
613 1271 98 26 tryckfel,
722 1271 51 20 eller
785 1271 29 26 ej;
825 1277 49 12 men

112 1307 30 18 att
158 1305 35 20 det
209 1306 26 25 ej,
251 1307 61 18 äfven
329 1313 34 12 om
379 1307 34 18 det
428 1306 83 19 lemnas
527 1306 98 23 orättadt,
641 1306 42 19 kan
699 1312 51 13 vara
769 1306 23 18 af
809 1303 65 27 nägot

112 1340 124 26 inflytande,
252 1339 93 27 framgär
360 1341 64 22 deraf,
440 1342 31 17 att
486 1341 7 18 i
510 1341 67 18 andra
592 1341 122 22 momentet,
731 1340 36 19 der
783 1339 35 20 det
836 1338 38 20 he-

112 1376 31 18 ter
160 1391 5 10 ,
170 1376 33 25 att
219 1369 134 26 Österbotten
369 1375 37 20 bör
421 1375 109 19 förbindas
546 1375 48 19 med
610 1375 63 19 södra
688 1374 91 19 Finland
796 1379 78 20 genom

112 1415 26 14 en
154 1409 112 19 stambana
281 1409 45 20 frän
342 1409 142 20 Tammerfors
500 1411 73 18 norrut
589 1409 48 19 med
647 1408 132 26 ändpunkter
790 1408 7 19 i
807 1407 67 20 Niko-

111 1443 79 20 laistad
205 1443 40 20 och
261 1442 126 27 Uleäborg*,
402 1443 185 26 ordningsföljden
602 1444 23 19 är
635 1443 65 26 riktig
710 1442 41 20 och
761 1441 113 24 bindande,
