1109 1817
453 177 39 17 Den
505 177 11 17 6
528 176 47 18 Juni.
829 176 47 18 2009

134 236 29 20 än
185 235 86 23 sådana,
295 241 46 14 som
364 236 35 19 äro
421 235 106 20 beroende
550 235 23 19 af
585 235 72 20 lokala
672 234 184 26 omständigheter
872 233 27 27 på

136 270 76 26 sjelfva
228 270 40 19 den
283 269 120 26 föreslagna
419 269 133 26 rigtningen;
569 275 48 13 men
632 270 31 19 att
678 268 28 27 gå
721 269 74 26 längre
805 269 32 19 hit
848 269 51 19 eller

135 305 31 18 dit
188 303 21 20 åt
230 304 61 19 sidan
313 304 42 19 kan
374 304 39 25 jag
436 304 19 25 ej
479 305 33 18 tro
535 305 30 18 att
581 304 63 19 dessa
659 303 38 20 ord
713 303 112 26 medgifva.
856 303 42 26 Jag

136 339 82 25 nödgas
241 338 80 19 derföre
344 338 127 19 fortfarande
494 336 95 21 vidhålla
611 337 41 20 och
675 338 62 19 äfven
759 337 92 23 anhålla,
867 339 31 18 att

135 371 90 21 Ståndet
239 372 50 19 ville
304 372 72 19 förena
391 373 34 25 sig
440 372 72 19 derom
529 374 30 17 att
575 372 25 19 de
611 373 23 18 af
643 372 44 25 mig
696 371 126 26 ifrågasatta
832 372 66 19 orden

135 405 66 21 måtte
217 405 51 27 utgå
283 405 45 20 från
339 406 148 20 betänkandet.
512 407 81 18 Endast
604 407 122 25 derigenom
737 406 42 19 kan
791 406 107 26 styrelsen

136 440 20 20 få
179 440 126 26 tillräckligt
325 441 106 26 utrymme
453 442 32 18 att
506 441 121 19 undersöka
649 441 41 18 den
711 447 39 12 ena
765 440 52 19 eller
831 440 67 19 andra

134 475 152 26 sträckningen
309 475 50 19 eller
377 481 26 13 en
419 475 211 25 mellansträckning,
646 481 46 13 som
708 474 103 26 möjligen
826 474 71 19 kunde

135 515 51 13 vara
201 509 54 19 bäst.
276 508 32 20 Då
321 509 39 26 jag
375 509 60 20 äfven
452 508 31 20 får
498 515 93 20 upprepa
601 509 44 19 min
657 509 156 25 framställning
824 509 73 19 derom

135 545 30 18 att
181 543 7 19 i
204 543 57 20 detta
283 545 94 18 moment
395 544 38 19 bör
448 542 34 21 stå
499 559 9 8 ,
513 543 99 20 städerna
627 543 135 20 Nikolaistad
777 543 40 20 och
832 541 64 21 Uleå-

134 577 73 26 borg",
223 576 25 21 så
263 584 62 13 anser
337 578 39 25 jag
391 578 36 19 det
437 577 67 20 också
514 584 51 13 vara
575 577 134 26 följdriktigt,
721 579 30 18 att
762 578 29 19 uti
802 577 94 26 följande

135 613 94 18 moment
248 612 65 19 orden
329 627 11 8 ,,
343 613 57 18 östra
415 612 40 19 och
471 612 122 19 mellersta"
610 612 51 26 byta
677 612 61 25 plats,
754 612 89 19 emedan
858 618 38 13 en-

134 647 48 18 dast
199 646 121 26 derigenom
335 653 26 13 en
377 646 211 20 öfverenstämmelse
603 647 49 18 med
667 647 41 22 det,
720 652 46 13 som
776 645 119 20 innehålles

135 680 7 19 i
164 680 154 20 betänkandets
340 679 127 27 föregående
490 682 117 18 momenter
629 680 43 19 kan
687 680 76 19 vinnas
778 680 40 19 och
834 680 62 19 dess-

135 716 58 18 utom
217 715 22 19 af
259 714 164 26 fortsättningen
446 715 23 19 af
490 714 58 20 detta
571 716 94 18 moment
687 713 98 27 framgår,
807 715 32 18 att
854 714 41 19 den

134 748 108 20 mellersta
257 749 126 19 stambanan
398 755 64 13 anses
477 755 52 13 vara
544 749 23 19 af
581 750 67 18 större
663 748 51 26 vigt,
730 749 27 19 än
773 748 40 19 den
829 748 65 19 östra.

204 783 52 19 Herr
270 783 149 19 Mechelin:
450 783 42 25 Jag
508 783 38 19 har
561 783 74 25 begärt
650 783 60 19 ordet
721 782 47 20 med
779 782 116 26 anledning

134 817 24 19 af
178 817 52 20 Herr
252 818 102 19 Masalins
375 818 105 26 yttrande,
497 819 31 18 att
544 818 35 19 det
594 824 50 13 vore
659 818 56 19 orätt
730 818 31 18 att
775 818 120 18 bestämma

133 851 36 20 det
185 852 106 19 mellersta
307 852 125 20 stambanan
447 852 57 19 skall
519 852 60 19 ledas
593 858 79 20 genom
687 852 141 19 Pieksämäki.
852 851 42 26 Jag

133 886 24 19 är
171 886 109 26 verkligen
295 886 19 24 ej
331 893 42 19 nog
388 887 122 19 bevandrad
525 886 7 20 i
547 887 26 19 de
588 886 108 20 tilltänkta
711 886 95 23 linierna,
821 886 32 19 för
864 887 31 18 att

133 920 72 20 kunna
225 921 95 19 färsvara
341 921 114 19 utskottets
479 921 134 19 betänkande
635 921 7 19 i
662 921 41 19 den
724 920 60 20 delen
800 920 40 20 och
855 920 39 19 har

133 954 32 20 för
187 955 44 19 min
253 955 34 19 del
309 955 112 26 ingenting
443 957 63 21 emot,
528 957 31 17 att
574 956 35 18 det
624 955 116 22 förändras,
755 961 49 13 vare
820 954 34 26 sig
869 953 25 21 så

133 990 31 18 att
187 989 40 19 den
249 988 125 27 ifrågasatta
390 990 163 25 bestämningen
569 990 53 19 blott
637 990 82 19 lemnas
735 989 46 19 bort
796 988 51 20 eller
862 988 31 24 så,

132 1024 32 18 att
187 1023 8 19 i
219 1023 71 20 stället
312 1024 78 19 införes
413 1024 41 20 den
468 1024 123 25 föreslagna
605 1024 163 25 bestämningen
789 1038 4 8 ,
795 1023 99 23 emellan

133 1057 88 26 Päijäne
241 1058 40 19 och
305 1058 106 20 Saimen.*
441 1058 63 20 Hvad
526 1058 36 20 det
584 1058 132 20 vidkommer
731 1059 30 18 att
776 1058 7 18 i
800 1058 32 18 7:e
848 1064 45 13 mo-

133 1093 80 18 mentet
233 1098 25 13 en
273 1092 138 26 omkastning
425 1092 39 20 har
479 1094 37 24 egt
532 1099 45 13 rum
593 1093 48 19 med
657 1092 107 20 mellersta
779 1092 41 20 och
835 1092 58 19 östra

133 1126 75 22 banan,
231 1125 25 20 så
271 1126 22 19 är
309 1126 40 19 den
365 1126 100 26 afsigtlig.
496 1126 109 20 Utskottet
620 1125 68 27 ansåg
704 1126 34 26 sig
753 1126 26 25 ej,
794 1127 99 24 isynner-

132 1159 37 20 het
184 1159 24 20 så
223 1166 13 13 a
251 1161 68 25 priori,
334 1161 72 19 kunna
421 1161 107 26 uppställa
542 1167 27 13 en
585 1161 85 25 analogi
685 1160 91 20 emellan
787 1160 40 19 den
840 1159 53 20 mel-

132 1193 66 20 lersta
213 1194 50 20 eller
279 1195 168 26 diagonalbanan
463 1195 42 20 och
521 1195 40 20 den
577 1196 58 19 östra
650 1196 77 19 banan.
757 1195 38 19 Att
810 1193 28 27 på
853 1201 40 13 ena

132 1228 72 20 stället
226 1229 41 19 den
289 1235 40 14 ena
343 1229 39 20 har
397 1229 68 20 blifvit
480 1230 81 19 nämnd
576 1230 70 19 förrän
662 1230 41 19 den
719 1230 70 22 andra,
806 1229 86 19 dermed

132 1262 39 19 har
185 1269 49 13 man
250 1263 19 26 ej
285 1263 56 20 velat
357 1265 52 25 säga
425 1265 30 18 att
471 1270 50 13 man
537 1264 58 19 ställt
611 1265 40 19 den
667 1270 40 13 ena
722 1264 7 19 i
743 1264 46 25 vigt
803 1263 41 20 och
856 1263 37 19 be-

131 1296 85 26 tydelse
231 1297 86 20 framför
331 1298 40 19 den
387 1299 73 24 andra;
477 1298 42 20 och
534 1299 32 18 för
581 1300 30 18 att
627 1299 18 25 ej
662 1305 27 18 ge
705 1298 48 19 stöd
767 1297 22 20 åt
805 1297 35 20 det
855 1297 38 20 be-

131 1330 152 25 traktelsesätt,
301 1333 31 18 att
347 1339 50 12 man
412 1332 69 20 skulle
498 1333 60 19 ställt
573 1333 48 19 dem
636 1333 8 18 i
659 1331 71 27 någon
741 1331 152 26 klassordning

132 1365 41 19 den
195 1371 40 13 ena
253 1365 86 20 framför
353 1367 40 19 den
409 1367 72 22 andra,
498 1366 25 20 så
537 1367 40 19 har
591 1373 50 13 man
656 1367 7 18 i
679 1367 35 19 det
731 1367 31 19 7:e
777 1367 115 18 momentet

131 1400 74 19 nämnt
221 1399 47 20 dem
284 1400 7 19 i
306 1407 70 13 annan
391 1401 91 26 ordning
498 1402 28 19 än
542 1401 6 19 i
564 1401 25 20 de
605 1400 134 27 föregående.
769 1401 40 19 Det
824 1400 68 26 gäller

131 1434 31 19 för
177 1433 64 26 öfrigt
255 1434 54 20 blott
323 1435 199 26 undersökningen;
538 1442 26 13 en
579 1435 129 20 kommande
723 1435 102 25 landtdag
836 1435 56 19 skall

130 1468 74 25 afgöra
219 1468 137 21 hvilkendera
371 1470 23 19 af
407 1470 48 19 dem
471 1470 57 19 skall
542 1470 85 26 byggas
643 1470 81 19 främst.
754 1469 48 20 Men
818 1469 32 20 för
861 1470 31 18 att
