1109 1817
456 177 40 17 Den
509 178 10 17 3
532 177 49 18 Juni.
781 201 2 2 N
831 177 46 18 1799

140 237 23 19 af
177 235 234 26 utskänkningsställen
427 236 32 19 för
474 235 107 24 städerna,
598 234 25 21 sä
638 235 69 20 skulle
720 235 39 26 jag
774 234 78 21 föreslä
870 237 31 18 att

139 272 121 18 momenten
275 276 18 17 a,
311 270 15 24 b,
341 276 16 17 c,
373 269 40 20 och
429 270 18 23 d,
463 269 53 20 hvar
532 270 32 19 för
579 269 34 26 sig
629 269 68 20 blefve
713 270 141 19 diskuterade.

209 304 51 19 Herr
277 304 166 19 Talmannen
459 304 100 25 föredrog
573 303 53 20 härä
644 310 63 13 mom.
723 310 12 13 a
750 304 23 19 af
785 303 14 27 &
810 303 38 24 45;
860 303 40 21 och

138 338 86 26 yttrade
239 339 34 24 sig
288 339 7 18 i
311 338 115 25 anledning
441 338 65 19 deraf.

208 373 52 19 Herr
275 373 130 19 Boström:
435 372 41 20 För
492 373 44 19 min
552 372 34 20 del
601 373 43 19 kan
657 372 39 26 jag
712 372 18 26 ej
755 373 58 19 finna
835 372 66 27 nägot

139 407 48 20 skäl
202 408 31 19 för
248 407 131 20 tillkomsten
395 407 22 19 af
430 407 57 19 detta
504 408 100 18 moment.
635 407 53 19 Lika
703 413 65 20 gerna
786 413 47 14 som
856 408 44 19 stä-

138 441 77 20 dernas
236 441 121 20 handlande
379 441 61 20 skola
462 440 21 21 fä
498 441 89 26 försälja
603 441 88 20 bränvin
706 441 71 20 kunde
789 441 25 26 ju
831 441 69 20 denna

138 476 101 25 rättighet
262 476 119 20 utsträckas
404 476 33 19 till
459 475 80 27 mänga
560 476 72 19 andra.
663 476 31 20 De
713 476 187 26 minutförsäljare,

139 517 46 13 som
201 510 76 22 finnas,
293 511 26 19 de
333 511 136 22 utskänkare,
485 517 47 13 som
552 510 103 26 möjligen
676 511 72 19 kunna
770 511 66 19 blifva
858 511 42 19 till-

138 543 59 21 lätna
211 545 41 20 och
268 545 31 23 de,
316 551 46 14 som
377 545 62 25 eljest
455 545 55 26 köpa
526 545 89 20 bränvin
630 545 4 19 i
648 545 53 26 parti
714 545 23 19 af
746 546 65 19 minst
823 545 13 20 5
846 545 54 20 kan-

138 585 44 17 nor,
205 579 71 20 kunna
299 579 42 20 alla
363 578 80 21 erhälla
466 579 37 20 sitt
525 579 90 20 bränvin
630 578 46 21 frän
692 579 101 20 fabriken.
823 578 77 27 Nägon

138 613 158 20 mellanhandel
317 620 77 19 genom
417 614 112 19 städernas
550 613 123 20 handlande
696 613 100 20 behöfves
815 614 41 19 alls
871 614 28 25 ej.

138 648 31 19 Af
182 646 67 21 sådan
264 648 115 25 anledning
394 648 69 19 skulle
475 648 41 25 jag
531 648 32 19 för
578 648 44 19 min
638 648 34 19 del
687 647 78 20 föreslå
780 649 31 18 att
833 648 67 19 första

138 683 115 18 momentet
268 682 6 19 i
290 682 69 19 denna
373 681 15 27 &
404 682 69 20 skulle
488 680 58 27 utgå.

207 716 52 20 Herr
282 716 173 26 Tengström:
485 716 65 20 Mom.
572 722 12 13 a
606 716 7 19 i
634 715 15 27 &
671 716 28 20 45
722 715 118 21 innehåller
857 716 41 20 den

137 750 67 20 första
219 751 23 19 af
256 750 25 20 de
297 749 78 27 många
391 750 109 26 olyckliga
516 750 41 20 och
572 750 194 26 olycksbringande
776 750 64 24 idéer,
852 756 47 14 som

137 784 221 20 Ekonomieutskottet
373 785 49 19 sökt
436 785 69 19 införa
520 785 7 19 i
543 785 151 25 författningen
711 784 109 26 angående
836 785 62 19 brän-

137 818 212 26 vinsförsäljningen;
371 819 40 19 den
434 820 23 18 är
479 819 55 20 dock
557 819 19 26 ej
601 820 22 18 af
641 818 25 21 så
681 818 49 21 svår
745 819 153 23 beskaffenhet,

138 859 46 13 som
207 852 110 27 åtskilliga
339 854 23 19 af
377 854 25 19 de
417 853 101 26 följande.
548 854 43 25 Jag
606 854 83 26 nödgas
704 852 87 21 anhålla
806 855 31 17 att
852 859 46 14 mo-

139 889 78 17 mentet
233 886 65 21 måtte
313 886 56 28 utgå.
401 888 40 19 Det
456 888 69 19 finnes
541 888 20 26 ej
577 886 66 28 något
658 888 48 20 skäl
722 889 30 18 att
772 889 127 25 uppmuntra

138 921 40 20 och
193 922 88 26 utvidga
295 922 91 20 handeln
403 922 47 20 med
472 922 95 20 bränvin.
597 923 39 19 Att
657 923 62 19 äfven
740 922 67 20 införa
829 922 69 20 hand-

137 956 63 20 lande
215 956 64 20 bland
294 956 223 26 bränvinsförsäljares
537 956 58 20 antal
618 957 69 19 skulle
710 956 132 26 nödvändigt
862 955 36 21 så-

138 996 46 14 som
199 996 26 14 en
240 990 134 26 konseqvens
389 991 100 23 medföra,
506 992 30 18 att
552 990 239 27 polismyndigheterna,
811 990 87 20 fiskaler

137 1031 27 13 m.
188 1025 21 20 fl.
232 1025 64 19 borde
317 1025 63 19 hafva
395 1025 112 19 enahanda
522 1025 93 20 tillträde
631 1026 32 19 till
679 1025 161 20 handlandenas
856 1025 42 19 för-

136 1058 72 24 råden,
231 1066 46 13 som
300 1066 28 12 nu
350 1059 40 20 hos
405 1060 248 25 bränvinsförsäljarene,
668 1060 82 19 hvilket
765 1059 70 20 skulle
850 1059 48 19 leda

136 1093 33 19 till
192 1092 78 27 många
292 1094 173 26 obehagligheter
487 1094 41 20 och
549 1094 144 20 ledsamheter
715 1093 27 27 på
763 1092 55 21 båda
834 1094 63 19 sidor.

136 1127 109 20 Utskottet
267 1128 44 23 har,
331 1128 40 25 jag
392 1130 35 17 vet
448 1128 19 25 ej
491 1128 104 23 hvarföre,
618 1127 114 21 underlåtit
753 1130 31 17 att
807 1128 91 26 upplysa

137 1161 118 20 Ständerna
270 1168 41 17 om,
326 1163 38 18 när
379 1162 26 19 de
420 1162 37 19 der
475 1162 120 20 100-kanns
611 1164 100 24 posterna
726 1162 69 19 skulle
807 1161 91 20 behöfva

136 1195 67 26 köpas
219 1196 40 19 och
275 1196 72 26 säljas.
378 1196 41 19 Det
434 1197 34 19 vet
484 1203 49 13 man
550 1197 27 25 ej.
607 1197 48 19 Med
671 1198 32 18 ett
715 1197 48 19 ord:
779 1196 35 19 det
829 1197 24 18 är
868 1197 30 18 ett

136 1230 125 25 stadgande,
277 1237 46 13 som
338 1230 38 20 har
391 1231 50 25 inga
457 1230 48 20 skäl
520 1231 32 19 för
569 1231 40 25 sig,
625 1237 49 13 men
689 1229 79 27 många
783 1232 57 18 emot
856 1230 42 26 sig,

134 1263 98 21 hvarföre
253 1265 39 25 jag
315 1265 82 19 förenar
419 1265 45 25 mig
486 1265 7 19 i
516 1265 36 20 det
575 1264 122 27 påstående,
725 1266 32 18 att
781 1265 117 19 momentet

135 1297 66 21 måtte
217 1297 58 27 utgå.

205 1333 52 20 Herr
271 1333 88 20 Julin:
389 1332 32 21 Då
442 1333 109 20 Utskottet
566 1333 82 20 införde
663 1339 64 14 mom.
743 1339 13 14 a
771 1333 6 19 i
793 1332 14 27 &
823 1332 34 23 45,
874 1331 24 22 sä

135 1367 80 20 skedde
241 1367 35 20 det
300 1367 27 26 på
349 1367 54 24 skäl,
425 1367 77 20 hvaraf
520 1367 41 26 jag
582 1368 37 19 ber
641 1369 31 18 att
693 1366 21 21 få
729 1368 79 19 nämna
823 1365 74 28 några.

134 1401 126 20 Handlande
275 1402 7 19 i
297 1402 99 19 städerna
412 1408 40 20 ega
463 1403 42 18 rätt
515 1403 31 18 att
559 1402 67 19 drifva
636 1401 79 20 handel
725 1402 49 19 med
785 1401 43 20 alla
839 1401 60 26 slags

135 1436 120 25 spritvaror,
279 1436 75 19 endast
376 1436 48 19 med
442 1436 110 25 undantag
568 1436 23 19 af
604 1436 98 25 ofärgadt
717 1436 110 19 brännvin.
858 1435 40 20 Det

133 1476 51 14 vore
200 1469 83 21 således
299 1476 25 14 en
341 1470 174 26 besynnerlighet
530 1471 31 18 att
577 1470 19 25 ej
613 1469 66 21 också
695 1471 58 25 gifva
765 1469 79 21 honom
857 1470 40 20 den
