1109 1817
442 163 38 17 Den
494 163 20 17 11
528 162 47 18 Juni.
818 163 46 17 2109

356 237 120 27 Tisdagen
493 237 48 21 den
557 237 26 21 11
599 237 60 21 Juni

126 291 92 19 klockan
241 290 40 19 tolf
302 290 111 25 middagen
437 290 172 19 sammanträdde
632 289 32 20 till
684 290 85 25 plenum
785 289 102 26 Borgare-

127 324 97 20 ständets
240 324 99 25 samtlige
355 324 143 23 medlemmar,
516 324 47 19 med
579 324 109 25 undantag
704 324 23 19 af
735 324 76 19 Herrar
821 324 65 19 Gum-

127 365 70 13 merus
213 358 40 20 och
269 358 119 23 Wendelin,
404 358 78 23 hvilka,
499 357 27 26 pä
540 359 55 18 förut
611 359 88 18 anförda
714 358 53 23 skäl,
778 365 50 13 voro
840 359 47 18 hin-

127 393 64 19 drade
207 395 30 17 att
252 393 77 19 bivista
344 393 117 19 sessionen.

196 427 147 20 Sekreteraren
359 427 96 26 uppläste
471 427 33 19 till
517 427 106 25 justering
639 427 106 19 särskilda
765 427 76 25 utdrag
864 433 23 12 ur

126 462 127 25 protokollet
268 462 31 19 för
315 461 39 19 den
373 461 24 20 10
413 461 6 19 i
435 461 71 19 denna
522 460 83 20 mänad.

195 496 132 25 Föredrogos
348 495 40 20 och
411 495 112 20 bordlades
539 495 31 19 till
587 495 176 20 nästkommande
779 501 107 14 samman-

126 531 72 19 träde:

195 565 247 25 Bevillningsutskottets
459 564 81 26 förslag
555 564 32 19 till
603 564 210 26 sammanjemkning
827 565 23 19 af
861 565 26 18 de

127 599 177 26 skiljaktigheter,
328 605 45 13 som
397 597 94 27 uppstått
515 599 32 18 vid
571 599 189 25 handläggningen
777 599 40 19 hos
832 599 54 25 hög-

125 633 74 26 lofliga
215 632 93 21 Stånden
324 633 23 19 af
359 632 84 25 Nådiga
459 633 156 25 propositionen
631 632 111 26 angående
757 639 30 20 ny
806 633 80 20 förord-

126 668 52 25 ning
193 674 35 13 om
244 667 280 26 stämpelpappersafgiften;
540 669 56 17 samt

195 702 89 25 Förslag
305 702 32 18 till
361 701 210 25 sammanjemkning
593 702 23 18 af
638 700 105 20 Ständens
762 701 123 25 skiljaktiga

126 736 69 20 beslut
210 736 7 19 i
233 736 114 25 anledning
365 736 23 19 af
409 735 84 26 Nädiga
516 736 156 25 propositionen
695 742 34 13 om
752 736 134 19 kommunal-

126 771 154 25 förvaltningen
296 771 7 19 i
319 771 53 22 stad,
388 770 87 26 afgifvet
491 771 23 18 af
527 770 102 19 Finlands
646 770 101 19 Ständers
762 770 31 19 för
812 770 74 19 bered-

126 805 53 25 ning
194 806 23 18 af
230 805 56 19 detta
302 805 77 19 ärende
395 805 89 19 tillsatta
501 804 105 20 särskilda
623 804 86 19 utskott.

195 840 42 18 Till
250 838 252 21 ständsmedlemmarnes
513 839 121 19 kännedom
647 839 135 19 meddelades
793 839 93 25 följande

126 872 45 21 från
188 873 138 20 Medständen
342 874 107 19 ankomna
464 873 205 26 protokollsutdrag
659 868 12 36 :

199 908 30 20 1:o
245 907 54 20 Från
315 908 121 25 Höglofliga
452 908 155 25 Ridderskapet
622 908 41 19 och
678 908 69 19 Adeln
768 908 22 19 af
811 907 39 20 den
874 908 12 19 6

126 942 49 20 Juni
191 948 34 14 om
241 943 128 25 uppförande
385 943 22 18 af
421 944 30 18 ett
466 944 48 24 nytt
530 942 107 22 bankhus;

196 977 33 19 2:o
245 976 54 20 Från
315 977 136 25 Högvördiga
467 976 160 20 Presteständet
650 977 22 19 af
693 977 39 19 den
749 976 12 20 8
777 977 49 19 Juni
849 983 37 13 an-

126 1010 83 27 gäende
232 1010 21 27 a)
274 1011 325 25 sammanjemkningsförslaget
615 1011 6 19 i
637 1011 116 25 anledning
768 1012 23 18 af
804 1010 83 26 Nädiga

126 1046 157 25 propositionen
298 1052 35 13 om
349 1046 128 18 inrättandet
493 1046 23 18 af
529 1052 26 12 en
571 1052 30 19 ny
616 1046 119 18 kuranstalt
754 1046 31 19 för
803 1046 83 18 sinnes-

126 1080 69 26 sjuka,
211 1080 20 25 b)
248 1079 82 26 Nädiga
353 1080 156 25 propositionen
533 1086 35 13 om
590 1080 124 19 utfärdande
734 1080 22 19 af
769 1086 26 13 en
811 1080 76 25 stadga

126 1114 111 26 angäende
259 1115 99 24 flottning
379 1115 23 19 af
421 1115 134 25 skogsalster
573 1114 40 20 och
630 1114 19 25 c)
667 1114 172 20 Statsutskottets
855 1114 31 19 in-

126 1149 104 25 bjudning
245 1149 6 18 i
267 1147 72 27 frägan
358 1155 35 12 om
408 1148 140 20 anskaffande
564 1149 23 18 af
600 1148 68 19 medel
684 1148 32 19 till
732 1149 25 18 de
773 1149 34 18 vid
818 1149 69 18 denna

126 1183 103 25 landtdag
243 1183 7 19 i
266 1181 59 27 fräga
341 1185 55 17 satta
411 1183 86 25 anslag;
514 1185 56 17 samt

195 1216 55 21 Frän
266 1217 133 20 Hedervärda
422 1216 159 21 Bondeständet
603 1217 23 19 af
647 1217 40 19 den
704 1217 12 19 8
729 1217 48 26 juni
792 1217 7 19 i
815 1217 72 19 anled-

125 1251 53 26 ning
200 1252 23 19 af
244 1251 83 26 Nädiga
349 1252 158 25 propositionen
529 1258 36 13 om
583 1251 135 20 utfärdandet
733 1252 23 18 af
769 1257 26 14 en
811 1251 76 26 stadga

126 1292 34 13 om
177 1285 99 26 flottning
291 1286 24 19 af
328 1286 138 25 skogsalster.

196 1320 69 19 Dessa
287 1320 152 19 meddelanden
463 1319 95 26 ansägos
581 1320 48 19 icke
647 1319 108 20 föranleda
769 1319 32 20 till
817 1318 71 27 nägon

126 1353 82 27 ätgärd.

195 1388 42 20 Till
253 1389 130 25 behandling
406 1389 94 25 företogs
523 1387 172 21 Presteständets
718 1388 115 26 bordlagda
856 1388 32 19 in-

126 1423 133 25 bjudning.
254 1417 12 36 i
282 1421 73 28 frågan
379 1429 34 14 om
434 1423 263 26 jernvägsanläggningar
719 1422 40 20 och
775 1422 113 26 jernvägs-

127 1457 188 26 undersökningar.
