1109 1817
251 170 46 18 1740
545 171 39 17 Den
597 171 21 17 31
631 171 41 22 Maj.

227 229 40 19 har
282 229 107 25 nemligen
404 229 105 19 föreställt
524 229 45 25 mig
585 231 30 17 att
631 229 39 19 den
686 230 98 25 panträtt,
798 235 46 13 som
855 229 84 19 Kronan
950 228 38 19 har

227 263 33 19 till
283 263 35 19 det
340 263 125 20 tillverkade
487 263 132 23 brännvinet,
643 263 46 20 icke
705 263 41 19 kan
763 264 55 18 sätta
834 262 65 26 nägot
914 262 74 20 hinder

227 299 7 18 i
259 298 68 25 vägen
348 298 31 19 för
402 300 30 17 att
455 298 58 19 detta
535 298 104 19 brännvin
658 297 95 26 öfvergär
769 297 32 20 till
817 304 70 13 annan
903 303 85 20 person;

227 332 41 19 och
284 338 34 13 om
334 332 71 19 denna
420 331 57 26 äsigt
492 333 23 18 är
530 333 72 25 riktig,
619 339 62 13 anser
693 333 39 25 jag
747 334 31 17 att
793 333 36 18 det
845 332 68 19 skulle
925 332 63 19 lända

227 366 32 19 till
283 366 138 25 stadgandets
445 367 164 25 förtydligande,
632 373 34 13 om
689 367 7 19 i
719 367 34 19 det
777 373 75 13 senare
868 367 84 25 stycket
968 367 22 18 af

227 400 161 26 ifrågavarande
403 396 13 35 8
441 402 52 18 efter
506 401 163 23 ,tillverkaren*
686 401 69 19 skulle
770 402 68 19 sättas
855 401 64 23 ,eller
934 401 54 19 hans

227 435 212 20 rättsinnehafvare*.
462 436 135 19 Beträffande
613 435 44 20 åter
672 436 41 19 den
724 436 53 19 sista
790 436 114 25 meningen
915 435 22 19 af
946 435 42 26 &:n,

227 469 45 20 deri
293 470 35 19 det
343 470 60 19 heter
419 469 133 24 ,Uraktläter
568 470 42 19 han
626 471 30 18 att
672 470 56 19 inom
744 468 36 21 två
795 469 24 20 är
834 470 52 19 efter
902 470 34 19 det
951 475 37 13 va-

227 510 38 13 ran
281 504 68 19 blifvit
364 503 13 20 ä
392 504 101 26 nederlag
508 505 67 18 insatt
590 504 70 19 betala
671 504 90 23 skatten,
773 511 50 18 eger
832 503 156 20 vederbörande

227 538 150 25 Länestyrelse
399 539 87 25 vidtaga
508 539 51 25 laga
582 537 75 27 åtgärd
679 545 34 12 om
734 540 90 24 pantens
840 539 148 25 försäljning",

227 571 25 20 så
274 573 37 18 vill
331 573 40 25 jag
385 574 84 22 nämna,
485 575 31 17 att
529 573 40 26 jag
584 573 47 19 icke
647 574 23 19 är
685 573 155 19 tillfredsställd
856 573 48 19 med
920 573 68 19 denna

227 607 143 26 formulering,
386 606 27 21 då
429 608 34 19 det
479 608 31 19 för
526 608 44 25 mig
585 609 24 18 är
623 607 98 26 ofattligt,
731 609 31 17 att
771 607 50 19 hela
832 609 76 24 panten
920 607 68 19 skulle

225 641 92 19 behöfva
333 641 98 26 försäljas
447 642 31 19 för
494 642 97 19 skattens
607 641 149 27 liqviderande,
773 641 45 19 ifall
833 644 15 17 t.
865 647 31 13 ex.
912 647 26 14 en
954 641 34 20 del

227 676 22 18 af
270 677 77 23 panten
370 682 49 13 vore
441 676 116 25 tillräcklig
577 678 30 17 att
623 676 90 19 betäcka
728 676 131 18 densamma.
890 675 40 19 Det
946 676 42 19 för-

226 710 140 25 varingsrum,
389 711 36 19 der
448 711 35 19 det
501 710 126 20 tillverkade
643 711 125 19 brännvinet
783 710 97 22 insättes,
896 710 23 19 är
934 710 54 19 visst

226 744 176 26 bränneriegaren
425 745 114 25 tillhörigt;
561 751 48 13 men
625 745 35 19 det
675 745 59 19 torde
749 744 66 19 likväl
831 744 51 19 höra
898 744 32 18 till
946 744 42 25 god

227 778 96 26 ordning,
339 780 30 18 att
384 779 37 19 der
435 779 47 19 icke
497 778 32 20 får
544 780 95 18 förvaras
655 780 64 18 annat
733 780 27 18 än
777 778 77 20 sådant
868 778 60 26 gods,
944 778 44 19 deri

226 812 82 20 kronan
323 813 38 19 har
379 814 98 24 panträtt.
508 813 42 19 Till
569 813 52 26 följd
637 813 61 19 häraf
711 815 60 23 tager
785 812 37 26 jag
838 813 44 25 mig
897 812 89 20 friheten

225 846 78 20 föreslå
319 847 40 19 den
375 848 122 24 förändring
513 848 23 18 af
549 848 116 22 slutorden,
681 849 30 17 att
727 848 35 19 det
778 847 70 19 skulle
863 847 49 19 heta
924 853 63 19 ,,eger

224 882 157 18 vederbörande
401 882 151 25 Länestyrelse
568 882 125 19 föranstalta
708 888 35 13 om
758 881 117 26 uttagande
890 881 23 19 af
926 882 60 24 pant-

224 916 77 25 godset
311 914 46 20 från
367 916 122 25 nederlaget
505 916 40 19 och
561 922 35 13 om
612 916 97 19 exekutiv
724 916 128 25 försäljning
867 916 23 18 af
904 914 24 20 så
944 916 43 18 stor

225 950 34 19 del
282 950 23 19 af
325 950 124 22 detsamma,
469 956 46 13 som
530 950 105 20 erfordras
651 951 31 19 för
697 950 40 20 den
753 950 122 19 resterande
890 950 96 18 skattens

224 984 165 26 liqviderande."
413 984 46 19 Ifall
475 984 69 20 denna
560 985 111 19 redaktion
686 984 47 20 icke
749 990 64 14 anses
829 984 96 26 antaglig
937 983 49 20 ville

223 1018 40 26 jag
285 1017 78 21 föreslå
385 1025 26 13 en
435 1017 121 21 återremiss
576 1019 33 19 till
624 1019 109 23 utskottet,
749 1019 31 19 för
796 1017 190 21 åstadkommande

224 1053 23 19 af
260 1048 26 24 en
302 1053 68 19 bättre
385 1053 117 19 redaktion.

294 1087 51 19 Herr
370 1087 89 19 Julin:
490 1087 42 25 Jag
558 1087 69 19 skulle
651 1093 51 13 anse
725 1087 41 19 den
789 1087 23 19 af
828 1087 53 19 Herr
896 1086 90 20 Masalin

223 1122 122 25 föreslagna
367 1122 106 19 tillsatsen
496 1122 65 22 ,,eller
583 1122 54 18 hans
654 1121 203 20 rättsinnehafvare*
874 1121 48 19 icke
936 1127 50 13 vara

225 1155 100 26 behöflig,
345 1157 24 25 ty
383 1155 39 26 jag
437 1156 42 19 kan
494 1156 48 19 icke
558 1155 21 20 få
594 1157 23 18 ut
632 1156 103 19 brännvin
751 1155 46 20 från
813 1155 107 26 nederlag,
936 1157 50 17 utan

223 1191 32 18 att
278 1190 69 19 derför
368 1190 88 25 erlägga
479 1190 63 19 skatt.
575 1190 45 19 Och
639 1189 27 20 dä
681 1190 35 19 det
731 1189 31 20 uti
777 1189 151 26 förordningen
940 1189 46 26 just

224 1225 70 25 säges,
317 1225 31 18 att
363 1225 35 18 det
413 1225 68 25 ligger
497 1223 73 21 säsom
585 1225 118 25 underpant
718 1225 32 18 för
765 1224 92 23 skatten,
873 1223 24 20 sä
913 1225 23 18 är
952 1223 34 20 det

223 1258 52 20 hvar
291 1259 39 19 och
346 1265 26 13 en
388 1259 77 19 bekant
481 1260 37 21 att,
534 1265 35 14 om
585 1259 36 19 det
636 1259 62 19 äfven
713 1257 39 27 gär
767 1259 7 18 i
785 1264 70 13 annan
866 1264 61 13 mans
939 1264 46 19 ego,

223 1293 69 20 denne
307 1293 69 20 derför
391 1293 55 19 skall
462 1293 88 26 erlägga
566 1293 57 19 skatt
639 1293 34 19 till
688 1293 81 19 kronan
785 1292 40 20 och
840 1293 43 18 kan
896 1291 90 20 sälunda

223 1327 90 20 derefter
338 1327 93 20 beräkna
455 1328 37 19 sitt
514 1327 51 26 pris.
598 1327 60 20 Hvad
682 1326 44 21 åter
749 1327 36 19 det
808 1333 75 13 senare
898 1327 23 18 af
934 1326 52 20 Herr

223 1361 90 20 Masalin
330 1361 132 20 framställda
478 1362 102 25 förslaget
596 1361 106 23 beträffar,
718 1360 25 20 sä
759 1361 69 19 skulle
836 1361 40 25 jag
886 1367 52 13 anse
952 1361 34 19 det

223 1396 134 25 Ofverflödigt
373 1398 56 17 samt
443 1397 32 18 för
490 1396 44 19 min
550 1396 35 19 del
600 1396 52 25 vilja
663 1395 44 20 helt
723 1395 40 20 och
778 1394 68 21 hållet
856 1395 130 20 öfverlemna

223 1429 22 20 åt
264 1430 157 20 vederbörande
443 1430 150 27 myndigheter
613 1432 31 17 att
659 1430 66 20 ordna
741 1429 30 24 sä,
788 1431 31 18 att
833 1430 82 19 kronan
931 1428 55 21 utfär

225 1464 34 20 sin
283 1465 64 23 skatt,
370 1465 47 19 fullt
439 1465 132 26 öfvertygad,
595 1471 46 13 som
655 1464 39 26 jag
709 1465 24 19 är
748 1464 79 23 derom,
843 1465 31 18 att
889 1464 97 26 länesty-
