<?xml version="1.0" encoding="UTF-8"?>
<alto xmlns="http://www.loc.gov/standards/alto/ns-v3#" xmlns:xlink="http://www.w3.org/1999/xlink" xmlns:xsi="http://www.w3.org/2001/XMLSchema-instance" xsi:schemaLocation="http://www.loc.gov/standards/alto/ns-v3# http://www.loc.gov/alto/v3/alto-3-0.xsd">
	<Description>
		<MeasurementUnit>pixel</MeasurementUnit>
		<sourceImageInformation>
			<fileName>/tmp/tess_82zfs0sj_input.PNG</fileName>
		</sourceImageInformation>
		<OCRProcessing ID="OCR_0">
			<ocrProcessingStep>
				<processingSoftware>
					<softwareName>tesseract 5.3.4</softwareName>
				</processingSoftware>
			</ocrProcessingStep>
		</OCRProcessing>
	</Description>
	<Layout>
		<Page WIDTH="1109" HEIGHT="1817" PHYSICAL_IMG_NR="0" ID="page_0">
			<PrintSpace HPOS="0" VPOS="0" WIDTH="1109" HEIGHT="1817">
				<ComposedBlock ID="cblock_0" HPOS="239" VPOS="150" WIDTH="419" HEIGHT="18">
					<TextBlock ID="block_0" HPOS="239" VPOS="150" WIDTH="419" HEIGHT="18">
						<TextLine ID="line_0" HPOS="239" VPOS="150" WIDTH="419" HEIGHT="18">
							<String ID="string_0" HPOS="239" VPOS="150" WIDTH="46" HEIGHT="17" WC="0.96" CONTENT="1834"/><SP WIDTH="249" VPOS="150" HPOS="285"/>
							<String ID="string_1" HPOS="534" VPOS="151" WIDTH="41" HEIGHT="17" WC="0.96" CONTENT="Den"/><SP WIDTH="12" VPOS="151" HPOS="575"/>
							<String ID="string_2" HPOS="587" VPOS="151" WIDTH="11" HEIGHT="17" WC="0.96" CONTENT="3"/><SP WIDTH="13" VPOS="151" HPOS="598"/>
							<String ID="string_3" HPOS="611" VPOS="151" WIDTH="47" HEIGHT="17" WC="0.93" CONTENT="Juni."/>
						</TextLine>
					</TextBlock>
				</ComposedBlock>
				<ComposedBlock ID="cblock_1" HPOS="204" VPOS="208" WIDTH="782" HEIGHT="1259">
					<TextBlock ID="block_1" HPOS="214" VPOS="208" WIDTH="765" HEIGHT="60">
						<TextLine ID="line_1" HPOS="214" VPOS="208" WIDTH="765" HEIGHT="26">
							<String ID="string_4" HPOS="214" VPOS="209" WIDTH="6" HEIGHT="18" WC="0.95" CONTENT="i"/><SP WIDTH="24" VPOS="209" HPOS="220"/>
							<String ID="string_5" HPOS="244" VPOS="208" WIDTH="157" HEIGHT="26" WC="0.95" CONTENT="sammanhang"/><SP WIDTH="16" VPOS="208" HPOS="401"/>
							<String ID="string_6" HPOS="417" VPOS="209" WIDTH="48" HEIGHT="19" WC="0.95" CONTENT="med"/><SP WIDTH="16" VPOS="209" HPOS="465"/>
							<String ID="string_7" HPOS="481" VPOS="209" WIDTH="86" HEIGHT="19" WC="0.96" CONTENT="skatten"/><SP WIDTH="16" VPOS="209" HPOS="567"/>
							<String ID="string_8" HPOS="583" VPOS="209" WIDTH="32" HEIGHT="19" WC="0.91" CONTENT="för"/><SP WIDTH="16" VPOS="209" HPOS="615"/>
							<String ID="string_9" HPOS="631" VPOS="209" WIDTH="279" HEIGHT="25" WC="0.91" CONTENT="bränvinstillverkningen?"/><SP WIDTH="30" VPOS="209" HPOS="910"/>
							<String ID="string_10" HPOS="940" VPOS="208" WIDTH="39" HEIGHT="19" WC="0.96" CONTENT="För"/>
						</TextLine>
						<TextLine ID="line_2" HPOS="215" VPOS="242" WIDTH="762" HEIGHT="26">
							<String ID="string_11" HPOS="215" VPOS="242" WIDTH="36" HEIGHT="19" WC="0.96" CONTENT="det"/><SP WIDTH="22" VPOS="242" HPOS="251"/>
							<String ID="string_12" HPOS="273" VPOS="243" WIDTH="55" HEIGHT="18" WC="0.96" CONTENT="förra"/><SP WIDTH="19" VPOS="243" HPOS="328"/>
							<String ID="string_13" HPOS="347" VPOS="243" WIDTH="133" HEIGHT="19" WC="0.96" CONTENT="alternativet"/><SP WIDTH="16" VPOS="243" HPOS="480"/>
							<String ID="string_14" HPOS="496" VPOS="243" WIDTH="70" HEIGHT="19" WC="0.95" CONTENT="röstas"/><SP WIDTH="17" VPOS="243" HPOS="566"/>
							<String ID="string_15" HPOS="583" VPOS="243" WIDTH="48" HEIGHT="19" WC="0.96" CONTENT="med"/><SP WIDTH="12" VPOS="243" HPOS="631"/>
							<String ID="string_16" HPOS="643" VPOS="243" WIDTH="30" HEIGHT="25" WC="0.94" CONTENT="ja,"/><SP WIDTH="17" VPOS="243" HPOS="673"/>
							<String ID="string_17" HPOS="690" VPOS="243" WIDTH="31" HEIGHT="19" WC="0.96" CONTENT="för"/><SP WIDTH="16" VPOS="243" HPOS="721"/>
							<String ID="string_18" HPOS="737" VPOS="243" WIDTH="36" HEIGHT="18" WC="0.96" CONTENT="det"/><SP WIDTH="15" VPOS="243" HPOS="773"/>
							<String ID="string_19" HPOS="788" VPOS="249" WIDTH="74" HEIGHT="13" WC="0.96" CONTENT="senare"/><SP WIDTH="16" VPOS="249" HPOS="862"/>
							<String ID="string_20" HPOS="878" VPOS="243" WIDTH="48" HEIGHT="19" WC="0.96" CONTENT="med"/><SP WIDTH="14" VPOS="243" HPOS="926"/>
							<String ID="string_21" HPOS="940" VPOS="243" WIDTH="37" HEIGHT="25" WC="0.93" CONTENT="nej."/>
						</TextLine>
					</TextBlock>
					<TextBlock ID="block_2" HPOS="213" VPOS="271" WIDTH="766" HEIGHT="100">
						<TextLine ID="line_3" HPOS="284" VPOS="271" WIDTH="695" HEIGHT="31">
							<String ID="string_22" HPOS="284" VPOS="271" WIDTH="69" HEIGHT="24" WC="0.93" CONTENT="Äfven"/><SP WIDTH="11" VPOS="271" HPOS="353"/>
							<String ID="string_23" HPOS="364" VPOS="276" WIDTH="53" HEIGHT="21" WC="0.91" CONTENT="härå"/><SP WIDTH="10" VPOS="276" HPOS="417"/>
							<String ID="string_24" HPOS="427" VPOS="277" WIDTH="101" HEIGHT="19" WC="0.92" CONTENT="svarades"/><SP WIDTH="11" VPOS="277" HPOS="528"/>
							<String ID="string_25" HPOS="539" VPOS="277" WIDTH="50" HEIGHT="19" WC="0.93" CONTENT="med"/><SP WIDTH="11" VPOS="277" HPOS="589"/>
							<String ID="string_26" HPOS="600" VPOS="277" WIDTH="102" HEIGHT="19" WC="0.92" CONTENT="blandadt"/><SP WIDTH="11" VPOS="277" HPOS="702"/>
							<String ID="string_27" HPOS="713" VPOS="277" WIDTH="24" HEIGHT="25" WC="0.96" CONTENT="ja"/><SP WIDTH="16" VPOS="277" HPOS="737"/>
							<String ID="string_28" HPOS="753" VPOS="277" WIDTH="40" HEIGHT="19" WC="0.96" CONTENT="och"/><SP WIDTH="15" VPOS="277" HPOS="793"/>
							<String ID="string_29" HPOS="808" VPOS="278" WIDTH="38" HEIGHT="24" WC="0.50" CONTENT="nej,"/><SP WIDTH="16" VPOS="278" HPOS="846"/>
							<String ID="string_30" HPOS="862" VPOS="277" WIDTH="117" HEIGHT="24" WC="0.92" CONTENT="hvarjemte"/>
						</TextLine>
						<TextLine ID="line_4" HPOS="213" VPOS="311" WIDTH="765" HEIGHT="26">
							<String ID="string_31" HPOS="213" VPOS="311" WIDTH="98" HEIGHT="25" WC="0.96" CONTENT="votering"/><SP WIDTH="15" VPOS="311" HPOS="311"/>
							<String ID="string_32" HPOS="326" VPOS="311" WIDTH="110" HEIGHT="26" WC="0.96" CONTENT="begärdes,"/><SP WIDTH="16" VPOS="311" HPOS="436"/>
							<String ID="string_33" HPOS="452" VPOS="311" WIDTH="41" HEIGHT="20" WC="0.96" CONTENT="och"/><SP WIDTH="17" VPOS="311" HPOS="493"/>
							<String ID="string_34" HPOS="510" VPOS="311" WIDTH="67" HEIGHT="23" WC="0.96" CONTENT="utföll,"/><SP WIDTH="17" VPOS="311" HPOS="577"/>
							<String ID="string_35" HPOS="594" VPOS="311" WIDTH="27" HEIGHT="20" WC="0.96" CONTENT="då"/><SP WIDTH="16" VPOS="311" HPOS="621"/>
							<String ID="string_36" HPOS="637" VPOS="312" WIDTH="124" HEIGHT="19" WC="0.95" CONTENT="densamma"/><SP WIDTH="15" VPOS="312" HPOS="761"/>
							<String ID="string_37" HPOS="776" VPOS="311" WIDTH="7" HEIGHT="19" WC="0.96" CONTENT="i"/><SP WIDTH="16" VPOS="311" HPOS="783"/>
							<String ID="string_38" HPOS="799" VPOS="311" WIDTH="52" HEIGHT="26" WC="0.96" CONTENT="följd"/><SP WIDTH="16" VPOS="311" HPOS="851"/>
							<String ID="string_39" HPOS="867" VPOS="311" WIDTH="61" HEIGHT="20" WC="0.93" CONTENT="häraf"/><SP WIDTH="14" VPOS="311" HPOS="928"/>
							<String ID="string_40" HPOS="942" VPOS="318" WIDTH="36" HEIGHT="13" WC="0.92" CONTENT="an-"/>
						</TextLine>
						<TextLine ID="line_5" HPOS="214" VPOS="345" WIDTH="393" HEIGHT="26">
							<String ID="string_41" HPOS="214" VPOS="345" WIDTH="96" HEIGHT="22" WC="0.95" CONTENT="ställdes,"/><SP WIDTH="16" VPOS="345" HPOS="310"/>
							<String ID="string_42" HPOS="326" VPOS="346" WIDTH="49" HEIGHT="19" WC="0.96" CONTENT="med"/><SP WIDTH="15" VPOS="346" HPOS="375"/>
							<String ID="string_43" HPOS="390" VPOS="347" WIDTH="26" HEIGHT="18" WC="0.96" CONTENT="18"/><SP WIDTH="11" VPOS="347" HPOS="416"/>
							<String ID="string_44" HPOS="427" VPOS="346" WIDTH="24" HEIGHT="25" WC="0.96" CONTENT="ja"/><SP WIDTH="15" VPOS="346" HPOS="451"/>
							<String ID="string_45" HPOS="466" VPOS="345" WIDTH="41" HEIGHT="20" WC="0.96" CONTENT="och"/><SP WIDTH="17" VPOS="345" HPOS="507"/>
							<String ID="string_46" HPOS="524" VPOS="347" WIDTH="25" HEIGHT="18" WC="0.96" CONTENT="16"/><SP WIDTH="19" VPOS="347" HPOS="549"/>
							<String ID="string_47" HPOS="568" VPOS="346" WIDTH="39" HEIGHT="25" WC="0.94" CONTENT="nej."/>
						</TextLine>
					</TextBlock>
					<TextBlock ID="block_3" HPOS="213" VPOS="378" WIDTH="765" HEIGHT="164">
						<TextLine ID="line_6" HPOS="283" VPOS="378" WIDTH="695" HEIGHT="27">
							<String ID="string_48" HPOS="283" VPOS="379" WIDTH="53" HEIGHT="20" WC="0.96" CONTENT="Herr"/><SP WIDTH="24" VPOS="379" HPOS="336"/>
							<String ID="string_49" HPOS="360" VPOS="380" WIDTH="133" HEIGHT="19" WC="0.96" CONTENT="Boström:"/><SP WIDTH="32" VPOS="380" HPOS="493"/>
							<String ID="string_50" HPOS="525" VPOS="379" WIDTH="32" HEIGHT="20" WC="0.95" CONTENT="Då"/><SP WIDTH="27" VPOS="379" HPOS="557"/>
							<String ID="string_51" HPOS="584" VPOS="380" WIDTH="47" HEIGHT="19" WC="0.95" CONTENT="icke"/><SP WIDTH="26" VPOS="380" HPOS="631"/>
							<String ID="string_52" HPOS="657" VPOS="378" WIDTH="70" HEIGHT="27" WC="0.93" CONTENT="någon"/><SP WIDTH="26" VPOS="378" HPOS="727"/>
							<String ID="string_53" HPOS="753" VPOS="379" WIDTH="135" HEIGHT="26" WC="0.91" CONTENT="konseqvens"/><SP WIDTH="22" VPOS="379" HPOS="888"/>
							<String ID="string_54" HPOS="910" VPOS="380" WIDTH="68" HEIGHT="19" WC="0.96" CONTENT="finnes"/>
						</TextLine>
						<TextLine ID="line_7" HPOS="213" VPOS="413" WIDTH="765" HEIGHT="26">
							<String ID="string_55" HPOS="213" VPOS="413" WIDTH="91" HEIGHT="20" WC="0.96" CONTENT="emellan"/><SP WIDTH="24" VPOS="413" HPOS="304"/>
							<String ID="string_56" HPOS="328" VPOS="414" WIDTH="58" HEIGHT="19" WC="0.96" CONTENT="detta"/><SP WIDTH="23" VPOS="414" HPOS="386"/>
							<String ID="string_57" HPOS="409" VPOS="414" WIDTH="69" HEIGHT="19" WC="0.96" CONTENT="beslut"/><SP WIDTH="22" VPOS="414" HPOS="478"/>
							<String ID="string_58" HPOS="500" VPOS="414" WIDTH="41" HEIGHT="19" WC="0.96" CONTENT="och"/><SP WIDTH="16" VPOS="414" HPOS="541"/>
							<String ID="string_59" HPOS="557" VPOS="414" WIDTH="35" HEIGHT="19" WC="0.96" CONTENT="det"/><SP WIDTH="16" VPOS="414" HPOS="592"/>
							<String ID="string_60" HPOS="608" VPOS="414" WIDTH="55" HEIGHT="19" WC="0.96" CONTENT="förut"/><SP WIDTH="15" VPOS="414" HPOS="663"/>
							<String ID="string_61" HPOS="678" VPOS="414" WIDTH="79" HEIGHT="19" WC="0.96" CONTENT="fattade"/><SP WIDTH="16" VPOS="414" HPOS="757"/>
							<String ID="string_62" HPOS="773" VPOS="413" WIDTH="110" HEIGHT="26" WC="0.93" CONTENT="angående"/><SP WIDTH="16" VPOS="413" HPOS="883"/>
							<String ID="string_63" HPOS="899" VPOS="415" WIDTH="79" HEIGHT="18" WC="0.92" CONTENT="använ-"/>
						</TextLine>
						<TextLine ID="line_8" HPOS="213" VPOS="447" WIDTH="765" HEIGHT="27">
							<String ID="string_64" HPOS="213" VPOS="448" WIDTH="79" HEIGHT="19" WC="0.91" CONTENT="dandet"/><SP WIDTH="23" VPOS="448" HPOS="292"/>
							<String ID="string_65" HPOS="315" VPOS="449" WIDTH="22" HEIGHT="18" WC="0.93" CONTENT="af"/><SP WIDTH="16" VPOS="449" HPOS="337"/>
							<String ID="string_66" HPOS="353" VPOS="448" WIDTH="258" HEIGHT="25" WC="0.91" CONTENT="utminuteringsskatten,"/><SP WIDTH="17" VPOS="448" HPOS="611"/>
							<String ID="string_67" HPOS="628" VPOS="449" WIDTH="36" HEIGHT="18" WC="0.96" CONTENT="ber"/><SP WIDTH="13" VPOS="449" HPOS="664"/>
							<String ID="string_68" HPOS="677" VPOS="448" WIDTH="38" HEIGHT="25" WC="0.96" CONTENT="jag"/><SP WIDTH="16" VPOS="448" HPOS="715"/>
							<String ID="string_69" HPOS="731" VPOS="450" WIDTH="31" HEIGHT="17" WC="0.96" CONTENT="att"/><SP WIDTH="15" VPOS="450" HPOS="762"/>
							<String ID="string_70" HPOS="777" VPOS="447" WIDTH="21" HEIGHT="20" WC="0.96" CONTENT="få"/><SP WIDTH="15" VPOS="447" HPOS="798"/>
							<String ID="string_71" HPOS="813" VPOS="449" WIDTH="106" HEIGHT="25" WC="0.96" CONTENT="nedlägga"/><SP WIDTH="16" VPOS="449" HPOS="919"/>
							<String ID="string_72" HPOS="935" VPOS="449" WIDTH="43" HEIGHT="18" WC="0.96" CONTENT="min"/>
						</TextLine>
						<TextLine ID="line_9" HPOS="213" VPOS="483" WIDTH="765" HEIGHT="25">
							<String ID="string_73" HPOS="213" VPOS="483" WIDTH="131" HEIGHT="19" WC="0.96" CONTENT="reservation"/><SP WIDTH="24" VPOS="483" HPOS="344"/>
							<String ID="string_74" HPOS="368" VPOS="484" WIDTH="57" HEIGHT="18" WC="0.96" CONTENT="emot"/><SP WIDTH="23" VPOS="484" HPOS="425"/>
							<String ID="string_75" HPOS="448" VPOS="483" WIDTH="41" HEIGHT="19" WC="0.96" CONTENT="den"/><SP WIDTH="24" VPOS="483" HPOS="489"/>
							<String ID="string_76" HPOS="513" VPOS="483" WIDTH="84" HEIGHT="25" WC="0.96" CONTENT="skugga"/><SP WIDTH="24" VPOS="483" HPOS="597"/>
							<String ID="string_77" HPOS="621" VPOS="483" WIDTH="22" HEIGHT="18" WC="0.95" CONTENT="af"/><SP WIDTH="14" VPOS="483" HPOS="643"/>
							<String ID="string_78" HPOS="657" VPOS="484" WIDTH="122" HEIGHT="24" WC="0.95" CONTENT="egennytta,"/><SP WIDTH="16" VPOS="484" HPOS="779"/>
							<String ID="string_79" HPOS="795" VPOS="489" WIDTH="47" HEIGHT="13" WC="0.95" CONTENT="som"/><SP WIDTH="15" VPOS="489" HPOS="842"/>
							<String ID="string_80" HPOS="857" VPOS="489" WIDTH="77" HEIGHT="19" WC="0.96" CONTENT="genom"/><SP WIDTH="17" VPOS="489" HPOS="934"/>
							<String ID="string_81" HPOS="951" VPOS="489" WIDTH="27" HEIGHT="12" WC="0.96" CONTENT="nu"/>
						</TextLine>
						<TextLine ID="line_10" HPOS="213" VPOS="516" WIDTH="652" HEIGHT="26">
							<String ID="string_82" HPOS="213" VPOS="517" WIDTH="79" HEIGHT="19" WC="0.96" CONTENT="fattade"/><SP WIDTH="15" VPOS="517" HPOS="292"/>
							<String ID="string_83" HPOS="307" VPOS="517" WIDTH="71" HEIGHT="18" WC="0.93" CONTENT="beslut"/><SP WIDTH="15" VPOS="517" HPOS="378"/>
							<String ID="string_84" HPOS="393" VPOS="517" WIDTH="141" HEIGHT="25" WC="0.90" CONTENT="ovilkorligen"/><SP WIDTH="15" VPOS="517" HPOS="534"/>
							<String ID="string_85" HPOS="549" VPOS="516" WIDTH="70" HEIGHT="20" WC="0.96" CONTENT="måste"/><SP WIDTH="17" VPOS="516" HPOS="619"/>
							<String ID="string_86" HPOS="636" VPOS="517" WIDTH="78" HEIGHT="19" WC="0.95" CONTENT="drabba"/><SP WIDTH="16" VPOS="517" HPOS="714"/>
							<String ID="string_87" HPOS="730" VPOS="517" WIDTH="42" HEIGHT="19" WC="0.95" CONTENT="alla"/><SP WIDTH="16" VPOS="517" HPOS="772"/>
							<String ID="string_88" HPOS="788" VPOS="517" WIDTH="77" HEIGHT="19" WC="0.96" CONTENT="städer."/>
						</TextLine>
					</TextBlock>
					<TextBlock ID="block_4" HPOS="212" VPOS="551" WIDTH="766" HEIGHT="129">
						<TextLine ID="line_11" HPOS="282" VPOS="551" WIDTH="696" HEIGHT="25">
							<String ID="string_89" HPOS="282" VPOS="551" WIDTH="44" HEIGHT="18" WC="0.95" CONTENT="Mot"/><SP WIDTH="15" VPOS="551" HPOS="326"/>
							<String ID="string_90" HPOS="341" VPOS="551" WIDTH="59" HEIGHT="19" WC="0.95" CONTENT="detta"/><SP WIDTH="15" VPOS="551" HPOS="400"/>
							<String ID="string_91" HPOS="415" VPOS="551" WIDTH="69" HEIGHT="19" WC="0.96" CONTENT="beslut"/><SP WIDTH="11" VPOS="551" HPOS="484"/>
							<String ID="string_92" HPOS="495" VPOS="551" WIDTH="136" HEIGHT="19" WC="0.96" CONTENT="reserverade"/><SP WIDTH="12" VPOS="551" HPOS="631"/>
							<String ID="string_93" HPOS="643" VPOS="551" WIDTH="33" HEIGHT="25" WC="0.96" CONTENT="sig"/><SP WIDTH="11" VPOS="551" HPOS="676"/>
							<String ID="string_94" HPOS="687" VPOS="551" WIDTH="109" HEIGHT="20" WC="0.96" CONTENT="dessutom"/><SP WIDTH="12" VPOS="551" HPOS="796"/>
							<String ID="string_95" HPOS="808" VPOS="551" WIDTH="76" HEIGHT="19" WC="0.93" CONTENT="Herrar"/><SP WIDTH="12" VPOS="551" HPOS="884"/>
							<String ID="string_96" HPOS="896" VPOS="551" WIDTH="82" HEIGHT="19" WC="0.89" CONTENT="Lind-"/>
						</TextLine>
						<TextLine ID="line_12" HPOS="213" VPOS="585" WIDTH="765" HEIGHT="26">
							<String ID="string_97" HPOS="213" VPOS="585" WIDTH="82" HEIGHT="23" WC="0.95" CONTENT="blom,"/><SP WIDTH="12" VPOS="585" HPOS="295"/>
							<String ID="string_98" HPOS="307" VPOS="585" WIDTH="142" HEIGHT="26" WC="0.93" CONTENT="Lundberg,"/><SP WIDTH="14" VPOS="585" HPOS="449"/>
							<String ID="string_99" HPOS="463" VPOS="585" WIDTH="156" HEIGHT="23" WC="0.92" CONTENT="Wasenius,"/><SP WIDTH="16" VPOS="585" HPOS="619"/>
							<String ID="string_100" HPOS="635" VPOS="585" WIDTH="78" HEIGHT="26" WC="0.96" CONTENT="Frey,"/><SP WIDTH="17" VPOS="585" HPOS="713"/>
							<String ID="string_101" HPOS="730" VPOS="585" WIDTH="142" HEIGHT="26" WC="0.93" CONTENT="Cajander,"/><SP WIDTH="16" VPOS="585" HPOS="872"/>
							<String ID="string_102" HPOS="888" VPOS="585" WIDTH="90" HEIGHT="26" WC="0.92" CONTENT="Björk-"/>
						</TextLine>
						<TextLine ID="line_13" HPOS="213" VPOS="614" WIDTH="765" HEIGHT="31">
							<String ID="string_103" HPOS="213" VPOS="621" WIDTH="65" HEIGHT="21" WC="0.93" CONTENT="sten,"/><SP WIDTH="19" VPOS="621" HPOS="278"/>
							<String ID="string_104" HPOS="297" VPOS="614" WIDTH="146" HEIGHT="31" WC="0.91" CONTENT="Öhrnberg,"/><SP WIDTH="24" VPOS="614" HPOS="443"/>
							<String ID="string_105" HPOS="467" VPOS="620" WIDTH="153" HEIGHT="25" WC="0.92" CONTENT="Wallgren,"/><SP WIDTH="17" VPOS="620" HPOS="620"/>
							<String ID="string_106" HPOS="637" VPOS="619" WIDTH="137" HEIGHT="26" WC="0.92" CONTENT="Skogster,"/><SP WIDTH="16" VPOS="619" HPOS="774"/>
							<String ID="string_107" HPOS="790" VPOS="620" WIDTH="132" HEIGHT="19" WC="0.91" CONTENT="Mechelin"/><SP WIDTH="16" VPOS="620" HPOS="922"/>
							<String ID="string_108" HPOS="938" VPOS="619" WIDTH="40" HEIGHT="20" WC="0.95" CONTENT="och"/>
						</TextLine>
						<TextLine ID="line_14" HPOS="212" VPOS="654" WIDTH="141" HEIGHT="26">
							<String ID="string_109" HPOS="212" VPOS="654" WIDTH="141" HEIGHT="26" WC="0.94" CONTENT="Nylander."/>
						</TextLine>
					</TextBlock>
					<TextBlock ID="block_5" HPOS="211" VPOS="688" WIDTH="766" HEIGHT="60">
						<TextLine ID="line_15" HPOS="281" VPOS="688" WIDTH="696" HEIGHT="25">
							<String ID="string_110" HPOS="281" VPOS="688" WIDTH="53" HEIGHT="19" WC="0.93" CONTENT="Herr"/><SP WIDTH="11" VPOS="688" HPOS="334"/>
							<String ID="string_111" HPOS="345" VPOS="688" WIDTH="92" HEIGHT="25" WC="0.91" CONTENT="Sjöros"/><SP WIDTH="12" VPOS="688" HPOS="437"/>
							<String ID="string_112" HPOS="449" VPOS="688" WIDTH="50" HEIGHT="19" WC="0.96" CONTENT="ville"/><SP WIDTH="12" VPOS="688" HPOS="499"/>
							<String ID="string_113" HPOS="511" VPOS="694" WIDTH="107" HEIGHT="13" WC="0.96" CONTENT="reservera"/><SP WIDTH="11" VPOS="694" HPOS="618"/>
							<String ID="string_114" HPOS="629" VPOS="688" WIDTH="34" HEIGHT="25" WC="0.96" CONTENT="sig"/><SP WIDTH="10" VPOS="688" HPOS="663"/>
							<String ID="string_115" HPOS="673" VPOS="690" WIDTH="43" HEIGHT="17" WC="0.96" CONTENT="mot"/><SP WIDTH="11" VPOS="690" HPOS="716"/>
							<String ID="string_116" HPOS="727" VPOS="688" WIDTH="52" HEIGHT="20" WC="0.96" CONTENT="Herr"/><SP WIDTH="10" VPOS="688" HPOS="779"/>
							<String ID="string_117" HPOS="789" VPOS="688" WIDTH="110" HEIGHT="20" WC="0.93" CONTENT="Boströms"/><SP WIDTH="11" VPOS="688" HPOS="899"/>
							<String ID="string_118" HPOS="910" VPOS="694" WIDTH="67" HEIGHT="13" WC="0.89" CONTENT="reser-"/>
						</TextLine>
						<TextLine ID="line_16" HPOS="211" VPOS="722" WIDTH="765" HEIGHT="26">
							<String ID="string_119" HPOS="211" VPOS="722" WIDTH="78" HEIGHT="20" WC="0.89" CONTENT="vation."/><SP WIDTH="32" VPOS="722" HPOS="289"/>
							<String ID="string_120" HPOS="321" VPOS="722" WIDTH="51" HEIGHT="19" WC="0.96" CONTENT="Häri"/><SP WIDTH="17" VPOS="722" HPOS="372"/>
							<String ID="string_121" HPOS="389" VPOS="722" WIDTH="99" HEIGHT="20" WC="0.96" CONTENT="förenade"/><SP WIDTH="16" VPOS="722" HPOS="488"/>
							<String ID="string_122" HPOS="504" VPOS="722" WIDTH="34" HEIGHT="26" WC="0.96" CONTENT="sig"/><SP WIDTH="16" VPOS="722" HPOS="538"/>
							<String ID="string_123" HPOS="554" VPOS="722" WIDTH="77" HEIGHT="20" WC="0.93" CONTENT="Herrar"/><SP WIDTH="16" VPOS="722" HPOS="631"/>
							<String ID="string_124" HPOS="647" VPOS="722" WIDTH="117" HEIGHT="26" WC="0.92" CONTENT="Sopanen"/><SP WIDTH="18" VPOS="722" HPOS="764"/>
							<String ID="string_125" HPOS="782" VPOS="722" WIDTH="41" HEIGHT="20" WC="0.96" CONTENT="och"/><SP WIDTH="16" VPOS="722" HPOS="823"/>
							<String ID="string_126" HPOS="839" VPOS="722" WIDTH="137" HEIGHT="20" WC="0.96" CONTENT="Molander."/>
						</TextLine>
					</TextBlock>
					<TextBlock ID="block_6" HPOS="210" VPOS="756" WIDTH="767" HEIGHT="54">
						<TextLine ID="line_17" HPOS="281" VPOS="756" WIDTH="696" HEIGHT="26">
							<String ID="string_127" HPOS="281" VPOS="756" WIDTH="78" HEIGHT="20" WC="0.96" CONTENT="Senare"/><SP WIDTH="12" VPOS="756" HPOS="359"/>
							<String ID="string_128" HPOS="371" VPOS="763" WIDTH="63" HEIGHT="13" WC="0.96" CONTENT="mom."/><SP WIDTH="11" VPOS="763" HPOS="434"/>
							<String ID="string_129" HPOS="445" VPOS="757" WIDTH="23" HEIGHT="19" WC="0.93" CONTENT="af"/><SP WIDTH="13" VPOS="757" HPOS="468"/>
							<String ID="string_130" HPOS="481" VPOS="756" WIDTH="14" HEIGHT="26" WC="0.85" CONTENT="&amp;"/><SP WIDTH="18" VPOS="756" HPOS="495"/>
							<String ID="string_131" HPOS="513" VPOS="756" WIDTH="27" HEIGHT="20" WC="0.95" CONTENT="50"/><SP WIDTH="16" VPOS="756" HPOS="540"/>
							<String ID="string_132" HPOS="556" VPOS="756" WIDTH="125" HEIGHT="26" WC="0.96" CONTENT="godkändes"/><SP WIDTH="16" VPOS="756" HPOS="681"/>
							<String ID="string_133" HPOS="697" VPOS="757" WIDTH="6" HEIGHT="18" WC="0.96" CONTENT="i"/><SP WIDTH="16" VPOS="757" HPOS="703"/>
							<String ID="string_134" HPOS="719" VPOS="756" WIDTH="95" HEIGHT="26" WC="0.96" CONTENT="enlighet"/><SP WIDTH="17" VPOS="756" HPOS="814"/>
							<String ID="string_135" HPOS="831" VPOS="757" WIDTH="47" HEIGHT="19" WC="0.93" CONTENT="med"/><SP WIDTH="16" VPOS="757" HPOS="878"/>
							<String ID="string_136" HPOS="894" VPOS="757" WIDTH="83" HEIGHT="19" WC="0.92" CONTENT="utskot-"/>
						</TextLine>
						<TextLine ID="line_18" HPOS="210" VPOS="791" WIDTH="201" HEIGHT="19">
							<String ID="string_137" HPOS="210" VPOS="792" WIDTH="43" HEIGHT="18" WC="0.92" CONTENT="tets"/><SP WIDTH="16" VPOS="792" HPOS="253"/>
							<String ID="string_138" HPOS="269" VPOS="791" WIDTH="142" HEIGHT="19" WC="0.96" CONTENT="betänkande."/>
						</TextLine>
					</TextBlock>
					<TextBlock ID="block_7" HPOS="212" VPOS="824" WIDTH="766" HEIGHT="61">
						<TextLine ID="line_19" HPOS="279" VPOS="824" WIDTH="698" HEIGHT="27">
							<String ID="string_139" HPOS="279" VPOS="825" WIDTH="42" HEIGHT="19" WC="0.93" CONTENT="Vid"/><SP WIDTH="24" VPOS="825" HPOS="321"/>
							<String ID="string_140" HPOS="345" VPOS="824" WIDTH="53" HEIGHT="20" WC="0.91" CONTENT="härå"/><SP WIDTH="20" VPOS="824" HPOS="398"/>
							<String ID="string_141" HPOS="418" VPOS="825" WIDTH="67" HEIGHT="19" WC="0.96" CONTENT="skedd"/><SP WIDTH="18" VPOS="825" HPOS="485"/>
							<String ID="string_142" HPOS="503" VPOS="825" WIDTH="151" HEIGHT="25" WC="0.96" CONTENT="föredragning"/><SP WIDTH="16" VPOS="825" HPOS="654"/>
							<String ID="string_143" HPOS="670" VPOS="826" WIDTH="22" HEIGHT="18" WC="0.92" CONTENT="af"/><SP WIDTH="13" VPOS="826" HPOS="692"/>
							<String ID="string_144" HPOS="705" VPOS="824" WIDTH="14" HEIGHT="27" WC="0.88" CONTENT="&amp;"/><SP WIDTH="17" VPOS="824" HPOS="719"/>
							<String ID="string_145" HPOS="736" VPOS="825" WIDTH="19" HEIGHT="21" WC="0.96" CONTENT="3,"/><SP WIDTH="17" VPOS="825" HPOS="755"/>
							<String ID="string_146" HPOS="772" VPOS="831" WIDTH="46" HEIGHT="13" WC="0.93" CONTENT="som"/><SP WIDTH="15" VPOS="831" HPOS="818"/>
							<String ID="string_147" HPOS="833" VPOS="825" WIDTH="92" HEIGHT="19" WC="0.92" CONTENT="lemnats"/><SP WIDTH="16" VPOS="825" HPOS="925"/>
							<String ID="string_148" HPOS="941" VPOS="825" WIDTH="36" HEIGHT="19" WC="0.92" CONTENT="be-"/>
						</TextLine>
						<TextLine ID="line_20" HPOS="212" VPOS="858" WIDTH="766" HEIGHT="27">
							<String ID="string_149" HPOS="212" VPOS="860" WIDTH="78" HEIGHT="19" WC="0.96" CONTENT="roende"/><SP WIDTH="12" VPOS="860" HPOS="290"/>
							<String ID="string_150" HPOS="302" VPOS="859" WIDTH="33" HEIGHT="20" WC="0.96" CONTENT="till"/><SP WIDTH="11" VPOS="859" HPOS="335"/>
							<String ID="string_151" HPOS="346" VPOS="860" WIDTH="50" HEIGHT="18" WC="0.96" CONTENT="dess"/><SP WIDTH="13" VPOS="860" HPOS="396"/>
							<String ID="string_152" HPOS="409" VPOS="859" WIDTH="14" HEIGHT="26" WC="0.92" CONTENT="&amp;"/><SP WIDTH="11" VPOS="859" HPOS="423"/>
							<String ID="string_153" HPOS="434" VPOS="859" WIDTH="27" HEIGHT="19" WC="0.95" CONTENT="50"/><SP WIDTH="16" VPOS="859" HPOS="461"/>
							<String ID="string_154" HPOS="477" VPOS="860" WIDTH="67" HEIGHT="18" WC="0.95" CONTENT="blifvit"/><SP WIDTH="16" VPOS="860" HPOS="544"/>
							<String ID="string_155" HPOS="560" VPOS="860" WIDTH="23" HEIGHT="18" WC="0.93" CONTENT="af"/><SP WIDTH="16" VPOS="860" HPOS="583"/>
							<String ID="string_156" HPOS="599" VPOS="858" WIDTH="88" HEIGHT="20" WC="0.92" CONTENT="Ståndet"/><SP WIDTH="16" VPOS="858" HPOS="687"/>
							<String ID="string_157" HPOS="703" VPOS="860" WIDTH="90" HEIGHT="24" WC="0.92" CONTENT="afgjord,"/><SP WIDTH="16" VPOS="860" HPOS="793"/>
							<String ID="string_158" HPOS="809" VPOS="859" WIDTH="119" HEIGHT="19" WC="0.96" CONTENT="förklarade"/><SP WIDTH="16" VPOS="859" HPOS="928"/>
							<String ID="string_159" HPOS="944" VPOS="859" WIDTH="34" HEIGHT="25" WC="0.96" CONTENT="sig"/>
						</TextLine>
					</TextBlock>
					<TextBlock ID="block_8" HPOS="209" VPOS="892" WIDTH="768" HEIGHT="96">
						<TextLine ID="line_21" HPOS="279" VPOS="892" WIDTH="698" HEIGHT="27">
							<String ID="string_160" HPOS="279" VPOS="893" WIDTH="52" HEIGHT="20" WC="0.96" CONTENT="Herr"/><SP WIDTH="24" VPOS="893" HPOS="331"/>
							<String ID="string_161" HPOS="355" VPOS="894" WIDTH="177" HEIGHT="19" WC="0.96" CONTENT="Granström"/><SP WIDTH="25" VPOS="894" HPOS="532"/>
							<String ID="string_162" HPOS="557" VPOS="894" WIDTH="58" HEIGHT="25" WC="0.93" CONTENT="vilja,"/><SP WIDTH="17" VPOS="894" HPOS="615"/>
							<String ID="string_163" HPOS="632" VPOS="894" WIDTH="47" HEIGHT="19" WC="0.96" CONTENT="med"/><SP WIDTH="16" VPOS="894" HPOS="679"/>
							<String ID="string_164" HPOS="695" VPOS="894" WIDTH="100" HEIGHT="19" WC="0.93" CONTENT="afseende"/><SP WIDTH="16" VPOS="894" HPOS="795"/>
							<String ID="string_165" HPOS="811" VPOS="892" WIDTH="13" HEIGHT="20" WC="0.92" CONTENT="å"/><SP WIDTH="16" VPOS="892" HPOS="824"/>
							<String ID="string_166" HPOS="840" VPOS="894" WIDTH="40" HEIGHT="18" WC="0.96" CONTENT="den"/><SP WIDTH="16" VPOS="894" HPOS="880"/>
							<String ID="string_167" HPOS="896" VPOS="892" WIDTH="81" HEIGHT="26" WC="0.96" CONTENT="utgång"/>
						</TextLine>
						<TextLine ID="line_22" HPOS="209" VPOS="927" WIDTH="768" HEIGHT="27">
							<String ID="string_168" HPOS="209" VPOS="928" WIDTH="150" HEIGHT="25" WC="0.92" CONTENT="voteringarna"/><SP WIDTH="25" VPOS="928" HPOS="359"/>
							<String ID="string_169" HPOS="384" VPOS="934" WIDTH="35" HEIGHT="14" WC="0.93" CONTENT="om"/><SP WIDTH="22" VPOS="934" HPOS="419"/>
							<String ID="string_170" HPOS="441" VPOS="928" WIDTH="14" HEIGHT="26" WC="0.91" CONTENT="&amp;"/><SP WIDTH="24" VPOS="928" HPOS="455"/>
							<String ID="string_171" HPOS="479" VPOS="928" WIDTH="27" HEIGHT="20" WC="0.96" CONTENT="50"/><SP WIDTH="16" VPOS="928" HPOS="506"/>
							<String ID="string_172" HPOS="522" VPOS="927" WIDTH="91" HEIGHT="23" WC="0.96" CONTENT="erhållit,"/><SP WIDTH="16" VPOS="927" HPOS="613"/>
							<String ID="string_173" HPOS="629" VPOS="928" WIDTH="83" HEIGHT="19" WC="0.96" CONTENT="förorda"/><SP WIDTH="16" VPOS="928" HPOS="712"/>
							<String ID="string_174" HPOS="728" VPOS="934" WIDTH="26" HEIGHT="13" WC="0.93" CONTENT="en"/><SP WIDTH="15" VPOS="934" HPOS="754"/>
							<String ID="string_175" HPOS="769" VPOS="928" WIDTH="208" HEIGHT="25" WC="0.92" CONTENT="tillverkningsskatt"/>
						</TextLine>
						<TextLine ID="line_23" HPOS="209" VPOS="962" WIDTH="258" HEIGHT="26">
							<String ID="string_176" HPOS="209" VPOS="962" WIDTH="22" HEIGHT="19" WC="0.96" CONTENT="af"/><SP WIDTH="16" VPOS="962" HPOS="231"/>
							<String ID="string_177" HPOS="247" VPOS="962" WIDTH="9" HEIGHT="19" WC="0.92" CONTENT="1"/><SP WIDTH="18" VPOS="962" HPOS="256"/>
							<String ID="string_178" HPOS="274" VPOS="962" WIDTH="60" HEIGHT="19" WC="0.96" CONTENT="mark"/><SP WIDTH="19" VPOS="962" HPOS="334"/>
							<String ID="string_179" HPOS="353" VPOS="962" WIDTH="24" HEIGHT="20" WC="0.96" CONTENT="10"/><SP WIDTH="19" VPOS="962" HPOS="377"/>
							<String ID="string_180" HPOS="396" VPOS="963" WIDTH="71" HEIGHT="25" WC="0.96" CONTENT="penni."/>
						</TextLine>
					</TextBlock>
					<TextBlock ID="block_9" HPOS="208" VPOS="996" WIDTH="768" HEIGHT="54">
						<TextLine ID="line_24" HPOS="279" VPOS="996" WIDTH="697" HEIGHT="26">
							<String ID="string_181" HPOS="279" VPOS="996" WIDTH="52" HEIGHT="20" WC="0.93" CONTENT="Herr"/><SP WIDTH="44" VPOS="996" HPOS="331"/>
							<String ID="string_182" HPOS="375" VPOS="998" WIDTH="190" HEIGHT="24" WC="0.91" CONTENT="Neppenström"/><SP WIDTH="22" VPOS="998" HPOS="565"/>
							<String ID="string_183" HPOS="587" VPOS="996" WIDTH="110" HEIGHT="20" WC="0.92" CONTENT="förordade"/><SP WIDTH="16" VPOS="996" HPOS="697"/>
							<String ID="string_184" HPOS="713" VPOS="996" WIDTH="130" HEIGHT="26" WC="0.91" CONTENT="antagandet"/><SP WIDTH="16" VPOS="996" HPOS="843"/>
							<String ID="string_185" HPOS="859" VPOS="996" WIDTH="22" HEIGHT="19" WC="0.93" CONTENT="af"/><SP WIDTH="13" VPOS="996" HPOS="881"/>
							<String ID="string_186" HPOS="894" VPOS="996" WIDTH="82" HEIGHT="19" WC="0.93" CONTENT="utskot-"/>
						</TextLine>
						<TextLine ID="line_25" HPOS="208" VPOS="1031" WIDTH="358" HEIGHT="19">
							<String ID="string_187" HPOS="208" VPOS="1032" WIDTH="42" HEIGHT="18" WC="0.93" CONTENT="tets"/><SP WIDTH="16" VPOS="1032" HPOS="250"/>
							<String ID="string_188" HPOS="266" VPOS="1031" WIDTH="135" HEIGHT="19" WC="0.92" CONTENT="betänkande"/><SP WIDTH="16" VPOS="1031" HPOS="401"/>
							<String ID="string_189" HPOS="417" VPOS="1032" WIDTH="6" HEIGHT="18" WC="0.96" CONTENT="i"/><SP WIDTH="16" VPOS="1032" HPOS="423"/>
							<String ID="string_190" HPOS="439" VPOS="1031" WIDTH="69" HEIGHT="19" WC="0.96" CONTENT="denna"/><SP WIDTH="16" VPOS="1031" HPOS="508"/>
							<String ID="string_191" HPOS="524" VPOS="1031" WIDTH="42" HEIGHT="19" WC="0.96" CONTENT="del."/>
						</TextLine>
					</TextBlock>
					<TextBlock ID="block_10" HPOS="207" VPOS="1064" WIDTH="770" HEIGHT="129">
						<TextLine ID="line_26" HPOS="278" VPOS="1064" WIDTH="698" HEIGHT="27">
							<String ID="string_192" HPOS="278" VPOS="1065" WIDTH="52" HEIGHT="19" WC="0.95" CONTENT="Herr"/><SP WIDTH="25" VPOS="1065" HPOS="330"/>
							<String ID="string_193" HPOS="355" VPOS="1066" WIDTH="179" HEIGHT="25" WC="0.92" CONTENT="Tengström"/><SP WIDTH="22" VPOS="1066" HPOS="534"/>
							<String ID="string_194" HPOS="556" VPOS="1065" WIDTH="73" HEIGHT="19" WC="0.91" CONTENT="anhöll"/><SP WIDTH="23" VPOS="1065" HPOS="629"/>
							<String ID="string_195" HPOS="652" VPOS="1067" WIDTH="30" HEIGHT="17" WC="0.96" CONTENT="att"/><SP WIDTH="23" VPOS="1067" HPOS="682"/>
							<String ID="string_196" HPOS="705" VPOS="1064" WIDTH="26" HEIGHT="26" WC="0.96" CONTENT="pä"/><SP WIDTH="22" VPOS="1064" HPOS="731"/>
							<String ID="string_197" HPOS="753" VPOS="1065" WIDTH="69" HEIGHT="25" WC="0.96" CONTENT="grund"/><SP WIDTH="20" VPOS="1065" HPOS="822"/>
							<String ID="string_198" HPOS="842" VPOS="1065" WIDTH="22" HEIGHT="19" WC="0.96" CONTENT="af"/><SP WIDTH="13" VPOS="1065" HPOS="864"/>
							<String ID="string_199" HPOS="877" VPOS="1065" WIDTH="35" HEIGHT="19" WC="0.95" CONTENT="det"/><SP WIDTH="16" VPOS="1065" HPOS="912"/>
							<String ID="string_200" HPOS="928" VPOS="1064" WIDTH="48" HEIGHT="22" WC="0.95" CONTENT="slut,"/>
						</TextLine>
						<TextLine ID="line_27" HPOS="207" VPOS="1098" WIDTH="769" HEIGHT="28">
							<String ID="string_201" HPOS="207" VPOS="1099" WIDTH="86" HEIGHT="19" WC="0.90" CONTENT="hvartill"/><SP WIDTH="16" VPOS="1099" HPOS="293"/>
							<String ID="string_202" HPOS="309" VPOS="1098" WIDTH="90" HEIGHT="21" WC="0.92" CONTENT="Ständet"/><SP WIDTH="15" VPOS="1098" HPOS="399"/>
							<String ID="string_203" HPOS="414" VPOS="1100" WIDTH="7" HEIGHT="18" WC="0.91" CONTENT="i"/><SP WIDTH="15" VPOS="1100" HPOS="421"/>
							<String ID="string_204" HPOS="436" VPOS="1099" WIDTH="14" HEIGHT="27" WC="0.84" CONTENT="&amp;"/><SP WIDTH="17" VPOS="1099" HPOS="450"/>
							<String ID="string_205" HPOS="467" VPOS="1100" WIDTH="26" HEIGHT="19" WC="0.96" CONTENT="50"/><SP WIDTH="16" VPOS="1100" HPOS="493"/>
							<String ID="string_206" HPOS="509" VPOS="1100" WIDTH="92" HEIGHT="19" WC="0.93" CONTENT="kommit"/><SP WIDTH="16" VPOS="1100" HPOS="601"/>
							<String ID="string_207" HPOS="617" VPOS="1098" WIDTH="21" HEIGHT="20" WC="0.93" CONTENT="få"/><SP WIDTH="16" VPOS="1098" HPOS="638"/>
							<String ID="string_208" HPOS="654" VPOS="1098" WIDTH="87" HEIGHT="26" WC="0.92" CONTENT="öfvergä"/><SP WIDTH="15" VPOS="1098" HPOS="741"/>
							<String ID="string_209" HPOS="756" VPOS="1100" WIDTH="32" HEIGHT="18" WC="0.96" CONTENT="till"/><SP WIDTH="17" VPOS="1100" HPOS="788"/>
							<String ID="string_210" HPOS="805" VPOS="1100" WIDTH="40" HEIGHT="18" WC="0.93" CONTENT="den"/><SP WIDTH="16" VPOS="1100" HPOS="845"/>
							<String ID="string_211" HPOS="861" VPOS="1098" WIDTH="64" HEIGHT="26" WC="0.93" CONTENT="äsigt,"/><SP WIDTH="14" VPOS="1098" HPOS="925"/>
							<String ID="string_212" HPOS="939" VPOS="1105" WIDTH="37" HEIGHT="13" WC="0.91" CONTENT="en-"/>
						</TextLine>
						<TextLine ID="line_28" HPOS="207" VPOS="1133" WIDTH="770" HEIGHT="26">
							<String ID="string_213" HPOS="207" VPOS="1133" WIDTH="40" HEIGHT="26" WC="0.90" CONTENT="ligt"/><SP WIDTH="16" VPOS="1133" HPOS="247"/>
							<String ID="string_214" HPOS="263" VPOS="1134" WIDTH="87" HEIGHT="19" WC="0.90" CONTENT="hvilken"/><SP WIDTH="16" VPOS="1134" HPOS="350"/>
							<String ID="string_215" HPOS="366" VPOS="1134" WIDTH="84" HEIGHT="19" WC="0.92" CONTENT="skatten"/><SP WIDTH="18" VPOS="1134" HPOS="450"/>
							<String ID="string_216" HPOS="468" VPOS="1134" WIDTH="31" HEIGHT="19" WC="0.93" CONTENT="för"/><SP WIDTH="15" VPOS="1134" HPOS="499"/>
							<String ID="string_217" HPOS="514" VPOS="1134" WIDTH="139" HEIGHT="25" WC="0.92" CONTENT="tillverkning"/><SP WIDTH="15" VPOS="1134" HPOS="653"/>
							<String ID="string_218" HPOS="668" VPOS="1134" WIDTH="23" HEIGHT="18" WC="0.92" CONTENT="af"/><SP WIDTH="13" VPOS="1134" HPOS="691"/>
							<String ID="string_219" HPOS="704" VPOS="1134" WIDTH="88" HEIGHT="19" WC="0.92" CONTENT="bränvin"/><SP WIDTH="17" VPOS="1134" HPOS="792"/>
							<String ID="string_220" HPOS="809" VPOS="1133" WIDTH="70" HEIGHT="19" WC="0.96" CONTENT="skulle"/><SP WIDTH="16" VPOS="1133" HPOS="879"/>
							<String ID="string_221" HPOS="895" VPOS="1139" WIDTH="28" HEIGHT="12" WC="0.93" CONTENT="nu"/><SP WIDTH="15" VPOS="1139" HPOS="923"/>
							<String ID="string_222" HPOS="938" VPOS="1139" WIDTH="39" HEIGHT="18" WC="0.92" CONTENT="ge-"/>
						</TextLine>
						<TextLine ID="line_29" HPOS="207" VPOS="1167" WIDTH="717" HEIGHT="26">
							<String ID="string_223" HPOS="207" VPOS="1169" WIDTH="49" HEIGHT="18" WC="0.92" CONTENT="nast"/><SP WIDTH="16" VPOS="1169" HPOS="256"/>
							<String ID="string_224" HPOS="272" VPOS="1168" WIDTH="131" HEIGHT="19" WC="0.87" CONTENT="bestämmas"/><SP WIDTH="17" VPOS="1168" HPOS="403"/>
							<String ID="string_225" HPOS="420" VPOS="1168" WIDTH="32" HEIGHT="19" WC="0.95" CONTENT="till"/><SP WIDTH="16" VPOS="1168" HPOS="452"/>
							<String ID="string_226" HPOS="468" VPOS="1175" WIDTH="25" HEIGHT="12" WC="0.96" CONTENT="en"/><SP WIDTH="18" VPOS="1175" HPOS="493"/>
							<String ID="string_227" HPOS="511" VPOS="1168" WIDTH="59" HEIGHT="19" WC="0.96" CONTENT="mark"/><SP WIDTH="16" VPOS="1168" HPOS="570"/>
							<String ID="string_228" HPOS="586" VPOS="1167" WIDTH="27" HEIGHT="20" WC="0.96" CONTENT="20"/><SP WIDTH="17" VPOS="1167" HPOS="613"/>
							<String ID="string_229" HPOS="630" VPOS="1168" WIDTH="62" HEIGHT="25" WC="0.96" CONTENT="penni"/><SP WIDTH="17" VPOS="1168" HPOS="692"/>
							<String ID="string_230" HPOS="709" VPOS="1168" WIDTH="32" HEIGHT="19" WC="0.93" CONTENT="för"/><SP WIDTH="14" VPOS="1168" HPOS="741"/>
							<String ID="string_231" HPOS="755" VPOS="1167" WIDTH="75" HEIGHT="25" WC="0.92" CONTENT="hvarje"/><SP WIDTH="16" VPOS="1167" HPOS="830"/>
							<String ID="string_232" HPOS="846" VPOS="1167" WIDTH="78" HEIGHT="19" WC="0.96" CONTENT="kanna."/>
						</TextLine>
					</TextBlock>
					<TextBlock ID="block_11" HPOS="207" VPOS="1201" WIDTH="769" HEIGHT="61">
						<TextLine ID="line_30" HPOS="278" VPOS="1201" WIDTH="698" HEIGHT="26">
							<String ID="string_233" HPOS="278" VPOS="1203" WIDTH="53" HEIGHT="19" WC="0.88" CONTENT="Herr"/><SP WIDTH="30" VPOS="1203" HPOS="331"/>
							<String ID="string_234" HPOS="361" VPOS="1202" WIDTH="183" HEIGHT="19" WC="0.91" CONTENT="Talmannen"/><SP WIDTH="29" VPOS="1202" HPOS="544"/>
							<String ID="string_235" HPOS="573" VPOS="1202" WIDTH="131" HEIGHT="19" WC="0.91" CONTENT="framställde"/><SP WIDTH="25" VPOS="1202" HPOS="704"/>
							<String ID="string_236" HPOS="729" VPOS="1201" WIDTH="54" HEIGHT="20" WC="0.91" CONTENT="härä"/><SP WIDTH="25" VPOS="1201" HPOS="783"/>
							<String ID="string_237" HPOS="808" VPOS="1201" WIDTH="94" HEIGHT="26" WC="0.89" CONTENT="följande"/><SP WIDTH="26" VPOS="1201" HPOS="902"/>
							<String ID="string_238" HPOS="928" VPOS="1207" WIDTH="48" HEIGHT="19" WC="0.89" CONTENT="pro-"/>
						</TextLine>
						<TextLine ID="line_31" HPOS="207" VPOS="1237" WIDTH="129" HEIGHT="25">
							<String ID="string_239" HPOS="207" VPOS="1237" WIDTH="129" HEIGHT="25" WC="0.92" CONTENT="positioner"/><SP WIDTH="-12" VPOS="1237" HPOS="336"/>
							<String ID="string_240" HPOS="324" VPOS="1233" WIDTH="15" HEIGHT="34" WC="0.92" CONTENT=":"/>
						</TextLine>
					</TextBlock>
					<TextBlock ID="block_12" HPOS="204" VPOS="1269" WIDTH="782" HEIGHT="198">
						<TextLine ID="line_32" HPOS="277" VPOS="1269" WIDTH="709" HEIGHT="29">
							<String ID="string_241" HPOS="277" VPOS="1271" WIDTH="126" HEIGHT="24" WC="0.92" CONTENT="Proposition"/><SP WIDTH="23" VPOS="1271" HPOS="403"/>
							<String ID="string_242" HPOS="426" VPOS="1271" WIDTH="39" HEIGHT="19" WC="0.96" CONTENT="N:o"/><SP WIDTH="24" VPOS="1271" HPOS="465"/>
							<String ID="string_243" HPOS="489" VPOS="1271" WIDTH="16" HEIGHT="19" WC="0.92" CONTENT="1."/><SP WIDTH="30" VPOS="1271" HPOS="505"/>
							<String ID="string_244" HPOS="535" VPOS="1271" WIDTH="32" HEIGHT="19" WC="0.96" CONTENT="De"/><SP WIDTH="24" VPOS="1271" HPOS="567"/>
							<String ID="string_245" HPOS="591" VPOS="1277" WIDTH="47" HEIGHT="12" WC="0.95" CONTENT="som"/><SP WIDTH="23" VPOS="1277" HPOS="638"/>
							<String ID="string_246" HPOS="661" VPOS="1271" WIDTH="31" HEIGHT="18" WC="0.93" CONTENT="för"/><SP WIDTH="23" VPOS="1271" HPOS="692"/>
							<String ID="string_247" HPOS="715" VPOS="1269" WIDTH="123" HEIGHT="20" WC="0.96" CONTENT="erhållande"/><SP WIDTH="16" VPOS="1269" HPOS="838"/>
							<String ID="string_248" HPOS="854" VPOS="1269" WIDTH="22" HEIGHT="19" WC="0.93" CONTENT="af"/><SP WIDTH="13" VPOS="1269" HPOS="876"/>
							<String ID="string_249" HPOS="889" VPOS="1269" WIDTH="97" HEIGHT="29" WC="0.37" CONTENT="kontra-"/>
						</TextLine>
						<TextLine ID="line_33" HPOS="207" VPOS="1304" WIDTH="769" HEIGHT="26">
							<String ID="string_250" HPOS="207" VPOS="1305" WIDTH="130" HEIGHT="25" WC="0.95" CONTENT="proposition"/><SP WIDTH="24" VPOS="1305" HPOS="337"/>
							<String ID="string_251" HPOS="361" VPOS="1307" WIDTH="56" HEIGHT="18" WC="0.93" CONTENT="emot"/><SP WIDTH="23" VPOS="1307" HPOS="417"/>
							<String ID="string_252" HPOS="440" VPOS="1305" WIDTH="116" HEIGHT="19" WC="0.93" CONTENT="utskottets"/><SP WIDTH="25" VPOS="1305" HPOS="556"/>
							<String ID="string_253" HPOS="581" VPOS="1305" WIDTH="135" HEIGHT="19" WC="0.89" CONTENT="betänkande"/><SP WIDTH="18" VPOS="1305" HPOS="716"/>
							<String ID="string_254" HPOS="734" VPOS="1304" WIDTH="52" HEIGHT="26" WC="0.93" CONTENT="vilja"/><SP WIDTH="16" VPOS="1304" HPOS="786"/>
							<String ID="string_255" HPOS="802" VPOS="1304" WIDTH="72" HEIGHT="19" WC="0.93" CONTENT="förena"/><SP WIDTH="16" VPOS="1304" HPOS="874"/>
							<String ID="string_256" HPOS="890" VPOS="1304" WIDTH="34" HEIGHT="25" WC="0.96" CONTENT="sig"/><SP WIDTH="16" VPOS="1304" HPOS="924"/>
							<String ID="string_257" HPOS="940" VPOS="1310" WIDTH="36" HEIGHT="13" WC="0.96" CONTENT="om"/>
						</TextLine>
						<TextLine ID="line_34" HPOS="207" VPOS="1338" WIDTH="769" HEIGHT="27">
							<String ID="string_258" HPOS="207" VPOS="1339" WIDTH="40" HEIGHT="20" WC="0.96" CONTENT="den"/><SP WIDTH="11" VPOS="1339" HPOS="247"/>
							<String ID="string_259" HPOS="258" VPOS="1339" WIDTH="23" HEIGHT="19" WC="0.93" CONTENT="af"/><SP WIDTH="9" VPOS="1339" HPOS="281"/>
							<String ID="string_260" HPOS="290" VPOS="1339" WIDTH="77" HEIGHT="19" WC="0.92" CONTENT="Herrar"/><SP WIDTH="17" VPOS="1339" HPOS="367"/>
							<String ID="string_261" HPOS="384" VPOS="1339" WIDTH="103" HEIGHT="24" WC="0.96" CONTENT="Boström,"/><SP WIDTH="16" VPOS="1339" HPOS="487"/>
							<String ID="string_262" HPOS="503" VPOS="1339" WIDTH="62" HEIGHT="26" WC="0.96" CONTENT="Frey,"/><SP WIDTH="16" VPOS="1339" HPOS="565"/>
							<String ID="string_263" HPOS="581" VPOS="1339" WIDTH="98" HEIGHT="23" WC="0.93" CONTENT="Masalin,"/><SP WIDTH="16" VPOS="1339" HPOS="679"/>
							<String ID="string_264" HPOS="695" VPOS="1338" WIDTH="80" HEIGHT="20" WC="0.89" CONTENT="Kurtön"/><SP WIDTH="16" VPOS="1338" HPOS="775"/>
							<String ID="string_265" HPOS="791" VPOS="1338" WIDTH="39" HEIGHT="20" WC="0.95" CONTENT="och"/><SP WIDTH="17" VPOS="1338" HPOS="830"/>
							<String ID="string_266" HPOS="847" VPOS="1338" WIDTH="129" HEIGHT="25" WC="0.96" CONTENT="Tengström"/>
						</TextLine>
						<TextLine ID="line_35" HPOS="205" VPOS="1372" WIDTH="771" HEIGHT="27">
							<String ID="string_267" HPOS="205" VPOS="1374" WIDTH="86" HEIGHT="25" WC="0.93" CONTENT="yttrade"/><SP WIDTH="23" VPOS="1374" HPOS="291"/>
							<String ID="string_268" HPOS="314" VPOS="1372" WIDTH="64" HEIGHT="27" WC="0.92" CONTENT="äsigt,"/><SP WIDTH="24" VPOS="1372" HPOS="378"/>
							<String ID="string_269" HPOS="402" VPOS="1375" WIDTH="30" HEIGHT="18" WC="0.93" CONTENT="att"/><SP WIDTH="24" VPOS="1375" HPOS="432"/>
							<String ID="string_270" HPOS="456" VPOS="1374" WIDTH="84" HEIGHT="19" WC="0.96" CONTENT="skatten"/><SP WIDTH="24" VPOS="1374" HPOS="540"/>
							<String ID="string_271" HPOS="564" VPOS="1374" WIDTH="31" HEIGHT="19" WC="0.93" CONTENT="för"/><SP WIDTH="24" VPOS="1374" HPOS="595"/>
							<String ID="string_272" HPOS="619" VPOS="1373" WIDTH="136" HEIGHT="25" WC="0.96" CONTENT="tillverkning"/><SP WIDTH="16" VPOS="1373" HPOS="755"/>
							<String ID="string_273" HPOS="771" VPOS="1373" WIDTH="22" HEIGHT="19" WC="0.93" CONTENT="af"/><SP WIDTH="14" VPOS="1373" HPOS="793"/>
							<String ID="string_274" HPOS="807" VPOS="1373" WIDTH="88" HEIGHT="19" WC="0.96" CONTENT="bränvin"/><SP WIDTH="16" VPOS="1373" HPOS="895"/>
							<String ID="string_275" HPOS="911" VPOS="1372" WIDTH="65" HEIGHT="19" WC="0.96" CONTENT="borde"/>
						</TextLine>
						<TextLine ID="line_36" HPOS="205" VPOS="1407" WIDTH="770" HEIGHT="26">
							<String ID="string_276" HPOS="205" VPOS="1407" WIDTH="66" HEIGHT="20" WC="0.95" CONTENT="redan"/><SP WIDTH="23" VPOS="1407" HPOS="271"/>
							<String ID="string_277" HPOS="294" VPOS="1414" WIDTH="28" HEIGHT="13" WC="0.92" CONTENT="nu"/><SP WIDTH="17" VPOS="1414" HPOS="322"/>
							<String ID="string_278" HPOS="339" VPOS="1408" WIDTH="130" HEIGHT="19" WC="0.91" CONTENT="bestämmas"/><SP WIDTH="16" VPOS="1408" HPOS="469"/>
							<String ID="string_279" HPOS="485" VPOS="1407" WIDTH="33" HEIGHT="20" WC="0.96" CONTENT="till"/><SP WIDTH="24" VPOS="1407" HPOS="518"/>
							<String ID="string_280" HPOS="542" VPOS="1408" WIDTH="3" HEIGHT="19" WC="0.96" CONTENT="1"/><SP WIDTH="18" VPOS="1408" HPOS="545"/>
							<String ID="string_281" HPOS="563" VPOS="1407" WIDTH="61" HEIGHT="20" WC="0.96" CONTENT="mark"/><SP WIDTH="16" VPOS="1407" HPOS="624"/>
							<String ID="string_282" HPOS="640" VPOS="1407" WIDTH="27" HEIGHT="20" WC="0.96" CONTENT="20"/><SP WIDTH="16" VPOS="1407" HPOS="667"/>
							<String ID="string_283" HPOS="683" VPOS="1407" WIDTH="62" HEIGHT="26" WC="0.96" CONTENT="penni"/><SP WIDTH="16" VPOS="1407" HPOS="745"/>
							<String ID="string_284" HPOS="761" VPOS="1407" WIDTH="32" HEIGHT="19" WC="0.93" CONTENT="för"/><SP WIDTH="15" VPOS="1407" HPOS="793"/>
							<String ID="string_285" HPOS="808" VPOS="1407" WIDTH="74" HEIGHT="25" WC="0.92" CONTENT="hvarje"/><SP WIDTH="16" VPOS="1407" HPOS="882"/>
							<String ID="string_286" HPOS="898" VPOS="1407" WIDTH="77" HEIGHT="21" WC="0.96" CONTENT="kanna,"/>
						</TextLine>
						<TextLine ID="line_37" HPOS="204" VPOS="1440" WIDTH="771" HEIGHT="27">
							<String ID="string_287" HPOS="204" VPOS="1442" WIDTH="59" HEIGHT="19" WC="0.92" CONTENT="rösta"/><SP WIDTH="11" VPOS="1442" HPOS="263"/>
							<String ID="string_288" HPOS="274" VPOS="1441" WIDTH="31" HEIGHT="26" WC="0.96" CONTENT="ja,"/><SP WIDTH="17" VPOS="1441" HPOS="305"/>
							<String ID="string_289" HPOS="322" VPOS="1441" WIDTH="27" HEIGHT="20" WC="0.96" CONTENT="de"/><SP WIDTH="16" VPOS="1441" HPOS="349"/>
							<String ID="string_290" HPOS="365" VPOS="1448" WIDTH="48" HEIGHT="13" WC="0.96" CONTENT="som"/><SP WIDTH="17" VPOS="1448" HPOS="413"/>
							<String ID="string_291" HPOS="430" VPOS="1442" WIDTH="7" HEIGHT="19" WC="0.93" CONTENT="i"/><SP WIDTH="16" VPOS="1442" HPOS="437"/>
							<String ID="string_292" HPOS="453" VPOS="1441" WIDTH="77" HEIGHT="20" WC="0.93" CONTENT="sädant"/><SP WIDTH="16" VPOS="1441" HPOS="530"/>
							<String ID="string_293" HPOS="546" VPOS="1442" WIDTH="101" HEIGHT="19" WC="0.92" CONTENT="afseende"/><SP WIDTH="16" VPOS="1442" HPOS="647"/>
							<String ID="string_294" HPOS="663" VPOS="1441" WIDTH="51" HEIGHT="26" WC="0.93" CONTENT="vilja"/><SP WIDTH="16" VPOS="1441" HPOS="714"/>
							<String ID="string_295" HPOS="730" VPOS="1443" WIDTH="79" HEIGHT="24" WC="0.92" CONTENT="antaga"/><SP WIDTH="10" VPOS="1443" HPOS="809"/>
							<String ID="string_296" HPOS="819" VPOS="1441" WIDTH="102" HEIGHT="25" WC="0.96" CONTENT="antingen"/><SP WIDTH="13" VPOS="1441" HPOS="921"/>
							<String ID="string_297" HPOS="934" VPOS="1440" WIDTH="41" HEIGHT="19" WC="0.96" CONTENT="den"/>
						</TextLine>
					</TextBlock>
				</ComposedBlock>
			</PrintSpace>
		</Page>
	</Layout>
</alto>
