1109 1817
237 171 49 31 2098
534 175 39 17 Den
586 175 11 17 8
609 175 47 17 Juni.

215 232 57 27 åsigt
294 239 49 13 vara
367 234 141 18 sammansatt
530 233 23 19 af
574 233 121 23 affärsmän,
715 232 109 27 sågegare,
838 233 138 26 jordbrukare

215 267 41 20 och
272 268 135 19 stockflötare
423 267 45 20 från
484 267 58 20 olika
558 267 58 20 delar
631 268 23 19 af
667 267 78 24 landet,
755 270 25 23 ty
792 266 53 21 både
853 268 124 25 jordbruket

215 302 41 20 och
279 302 188 25 stockflottningen
488 303 42 22 äro,
547 301 70 20 såvidt
630 301 39 26 jag
684 302 87 23 känner,
787 301 24 20 så
825 302 58 19 olika
898 303 6 18 i
920 302 57 19 olika

214 336 124 23 landsorter,
355 338 30 17 att
401 343 24 12 en
442 336 57 19 helst
514 337 6 18 i
537 335 71 26 någon
625 336 49 19 mån
689 337 31 18 för
735 337 49 19 hela
800 337 71 18 landet
884 337 92 25 tillämp-

215 371 32 25 lig
263 371 122 25 förordning
401 370 111 26 angående
526 371 101 25 flottning
642 371 47 19 icke
699 371 42 19 kan
753 371 107 19 utarbetas
871 370 27 26 på
910 371 66 25 grund

215 405 24 19 af
252 404 123 21 utlåtanden
392 406 46 18 utaf
451 411 106 20 personer,
573 405 73 19 hvilka
661 405 47 19 icke
723 405 54 19 varit
793 406 6 18 i
814 405 84 20 tillfälle
911 408 30 16 att
951 404 27 27 på

215 439 71 20 skilda
301 440 78 19 trakter
395 440 84 19 studera
496 439 34 26 sig
550 440 22 18 in
588 439 5 19 i
610 439 125 20 hithörande
751 438 153 21 förhållanden.
934 439 43 26 Mig

217 474 99 25 veterligt
339 474 38 19 har
399 474 6 19 i
429 481 25 12 en
478 474 23 19 af
522 474 26 19 de
563 473 109 23 komitéer,
689 480 45 13 som
751 474 60 19 suttit
829 474 3 19 i
848 474 40 19 ock
904 474 31 19 för
950 480 26 13 nu

216 509 145 25 föreliggande
377 507 65 26 fråga,
459 508 47 19 icke
521 509 81 18 funnits
615 508 65 19 andra
691 508 108 25 praktiska
811 508 114 19 affärsmän
938 508 39 19 och

217 541 110 27 sågegare,
343 543 26 19 än
386 543 81 19 Konsul
484 543 100 25 Ahlqvist
600 543 6 18 i
617 542 171 23 Fredrikshamn,
800 549 34 12 om
845 542 85 19 hvilken
939 543 39 25 jag

217 577 70 19 skulle
302 577 65 21 tvifla,
383 578 31 18 att
430 577 47 22 han,
495 575 25 21 så
536 577 93 25 skicklig
644 577 114 19 affärsman
774 577 42 19 han
832 578 27 18 än
875 576 35 20 må
922 583 55 16 vara,

216 610 105 27 någonsin
345 613 41 17 sett
401 618 26 12 en
443 611 163 26 stockflottning
621 611 7 19 i
643 617 61 13 norra
719 611 96 23 Finland,
831 611 37 19 der
884 611 53 19 dock
952 611 26 19 de

217 647 80 18 största
313 644 80 21 sådana
409 646 136 19 förekomma.

287 680 52 18 Herr
355 679 146 25 Cajander:
532 679 48 19 Med
604 679 115 25 anledning
737 680 22 18 af
773 680 51 18 Herr
840 679 138 25 Tengströms

217 714 141 25 anmärkning
373 714 50 19 ville
436 714 39 25 jag
491 714 55 18 fästa
563 713 214 26 uppmärksamheten
794 712 68 27 derpå,
879 716 30 16 att
921 714 57 18 flott-

217 748 53 25 ning
290 748 41 19 kan
347 748 38 19 ske
400 748 63 26 längs
478 748 132 26 vattendrag,
627 749 36 18 der
678 748 138 20 föreskrifven
833 755 40 19 syn
889 749 23 18 är
927 748 51 19 nöd-

217 782 80 26 vändig
319 782 40 19 och
378 782 62 26 längs
456 782 132 26 vattendrag,
605 783 36 19 der
657 782 46 20 icke
719 782 66 19 sådan
801 782 107 20 behöfves.
938 782 41 19 För

219 817 25 18 de
267 817 55 18 förra
346 816 68 19 skulle
437 817 150 25 förordningen
603 817 60 19 träda
678 817 7 18 i
701 816 135 20 verksamhet
852 817 39 19 den
910 817 8 19 1
935 816 41 26 Maj

221 850 60 23 1873,
305 851 31 19 för
357 851 26 19 de
398 852 67 24 öfriga
481 850 26 26 på
523 851 25 19 de
563 851 54 19 tider
630 851 39 25 jag
685 852 54 18 förut
754 850 45 20 haft
815 852 50 18 äran
882 851 96 19 förklara.

219 884 8 19 I
243 885 64 25 öfrigt
322 885 68 19 skulle
398 886 45 25 jag,
460 884 27 20 då
497 886 88 18 ärendet
601 885 84 19 komme
701 887 30 17 att
743 884 74 26 återgå
827 885 33 19 till
871 885 107 23 utskottet,

219 919 52 25 vilja
295 920 51 24 göra
369 926 25 12 en
417 919 158 25 framställning
598 926 41 16 om,
663 921 29 17 att
708 920 103 18 utskottet
827 920 61 18 äfven
904 918 25 26 på
945 918 34 20 så-

219 954 55 18 dana
300 954 75 18 ställen
400 954 7 18 i
432 954 149 22 betänkandet,
607 954 36 18 der
665 954 47 18 icke
734 952 66 27 några
816 954 164 25 anmärkningar

220 987 76 25 gjorts,
313 987 64 20 måtte
393 988 115 25 berättigas
524 990 31 16 att
570 988 7 19 i
589 987 104 26 språkligt
704 988 122 19 hänseende
838 989 51 24 göra
900 986 80 21 sådana

221 1022 119 25 ändringar,
362 1028 46 13 som
431 1022 70 19 kunde
522 1022 70 19 finnas
608 1028 49 13 vara
673 1022 108 26 lämpliga,
797 1024 50 17 utan
863 1024 30 17 att
908 1024 72 17 natur-

219 1056 72 25 ligtvis
308 1056 75 25 sjelfva
399 1057 113 25 meningen
528 1057 124 25 derigenom
667 1056 68 20 blefve
751 1055 70 27 någon
838 1063 76 12 annan.
937 1056 43 19 Här

219 1090 130 20 förekomma
371 1091 106 26 nemligen
501 1091 50 19 flere
573 1090 81 20 sådana
677 1091 82 23 ställen,
782 1093 43 17 mot
848 1090 72 20 hvilka
942 1097 38 13 an-

219 1125 138 25 märkningar
379 1126 46 18 icke
448 1126 68 18 blifvit
537 1125 139 22 framställda,
699 1124 71 20 såsom
792 1129 13 15 t.
823 1132 29 12 ex.
869 1126 30 17 uti
915 1126 65 18 första

219 1165 64 13 mom.
307 1160 22 18 af
349 1160 14 25 &
389 1159 30 23 11,
443 1160 36 19 der
495 1160 34 18 det
545 1159 59 20 heter
621 1160 61 22 ,,böte
698 1160 39 19 ock
753 1159 42 19 han
812 1158 45 20 från
873 1159 60 25 tjugu
948 1159 32 19 till

219 1192 118 21 tvåhundra
353 1194 80 23 mark",
449 1194 81 19 hvilket
544 1194 65 19 borde
624 1200 51 13 vara
691 1209 4 7 ,
697 1193 52 24 från
766 1194 61 25 tjugu
839 1193 33 20 till
882 1193 40 20 och
933 1193 47 20 med

220 1227 120 20 tvåhundra
355 1229 80 18 mark*.

289 1263 52 18 Herr
356 1262 131 26 Procopé:
518 1263 70 19 Jemte
604 1263 35 18 det
653 1263 38 25 jag
707 1263 83 19 förenar
805 1262 45 25 mig
865 1268 34 13 om
915 1263 34 19 det
960 1263 22 19 af

220 1297 53 19 Herr
289 1291 108 31 Öhrnberg
413 1297 131 19 framställda
561 1297 86 25 förslag,
663 1295 31 21 får
707 1297 45 25 jag,
769 1295 26 20 då
805 1303 28 12 nu
845 1297 135 19 förevarande

221 1331 216 26 författningsförslag
459 1331 85 19 komme
563 1333 31 17 att
610 1330 171 23 återremitteras,
797 1331 109 19 vördsamt
920 1331 60 20 hem-

220 1366 70 23 ställa,
313 1366 102 19 huruvida
437 1366 46 19 icke
499 1366 104 19 utskottet
619 1366 70 19 kunde
705 1366 119 25 uppdragas
840 1367 30 18 att
886 1366 34 18 vid
935 1372 45 13 om-

219 1401 148 24 redigeringen
383 1401 22 18 af
419 1401 101 24 förslaget
536 1401 61 19 äfven
614 1401 36 19 der
665 1401 67 19 införa
748 1403 30 16 ett
789 1401 123 24 stadgande,
924 1401 56 19 inom

219 1434 87 19 hvilken
322 1435 29 18 tid
367 1435 134 25 virkesegare
517 1436 23 18 är
556 1435 88 26 skyldig
659 1436 30 17 att
705 1434 141 19 undanskaffa
857 1435 65 22 virke,
935 1441 45 13 som

220 1469 35 18 vid
278 1469 125 25 flottningen
427 1469 101 26 antingen
551 1471 86 17 stannat
653 1468 26 26 på
692 1469 139 26 jordegarens
847 1469 68 25 grund
931 1469 49 19 eller
