1109 1817
239 211 46 18 1802
532 211 41 17 Den
586 211 11 17 3
610 210 47 18 Juni.

215 270 72 19 kunna
303 269 48 20 med
361 269 148 26 noggrannhet
519 269 64 26 följas
595 269 22 19 af
625 269 241 26 polismyndigheterna.
882 262 20 26 Å
912 269 67 19 andra

216 304 61 19 sidan
294 304 69 19 skulle
378 304 26 19 de
419 304 121 23 affärsmän,
557 310 47 13 som
619 304 19 25 ej
655 304 52 25 vilja
723 303 73 26 syssla
806 305 48 19 med
868 303 110 20 bränvins-

216 338 85 23 handel,
327 337 46 20 från
398 337 245 27 polismyndigheternas
669 338 47 19 sida
741 344 50 13 vara
822 337 156 20 underkastade

217 372 89 25 obehag,
323 378 46 13 som
385 379 28 12 nu
429 372 18 25 ej
465 372 96 19 existera.
584 373 41 19 Det
640 378 49 14 vore
704 373 115 25 nemligen,
835 379 35 13 om
885 372 92 20 handeln

216 406 49 20 med
288 406 88 19 bränvin
392 406 69 19 skulle
475 406 142 20 öfverlemnas
633 405 22 21 åt
670 406 86 20 hvilken
772 407 93 26 köpman
880 407 7 19 i
903 407 75 19 staden

217 447 46 13 som
279 440 62 23 helst,
357 447 26 13 en
399 441 92 25 naturlig
506 441 54 25 följd
575 442 32 18 att
622 443 29 17 ett
663 447 148 20 noggrannare
822 441 156 20 öfvervakande

216 473 47 21 från
278 475 244 26 polismyndigheternas
538 475 47 19 sida
601 475 57 20 öfver
674 475 42 19 alla
731 476 54 23 dem,
802 481 46 14 som
859 481 40 20 ega
910 475 69 20 denna

216 509 108 26 rättighet,
348 509 69 19 skulle
438 509 126 23 tillkomma,
587 510 6 18 i
616 509 66 20 likhet
702 510 49 19 med
767 510 40 23 det,
824 516 46 13 som
886 516 27 13 nu
929 515 50 19 eger

217 550 46 13 rum
287 543 57 20 öfver
367 543 42 20 alla
428 543 54 23 dem,
506 550 46 13 som
575 544 96 25 föröfrigt
687 544 67 25 enligt
769 545 70 18 denna
854 544 124 25 författning

217 579 36 18 äro
276 577 131 26 berättigade
430 579 31 18 att
478 577 79 20 handla
573 578 48 19 med
636 578 110 19 brännvin.
777 578 63 20 Emot
856 579 25 18 de
896 578 82 22 Herrar,

217 618 47 13 som
280 611 18 25 ej
316 611 69 20 funnit
400 611 66 26 några
481 612 48 19 skäl
544 613 32 18 för
591 612 151 26 tillstyrkande
757 613 23 19 af
789 613 143 19 betänkandet
942 613 37 18 ber

215 646 40 26 jag
277 645 21 20 få
314 645 106 26 påminna,
441 648 30 17 att
486 647 48 18 med
550 647 59 19 ordet
625 641 18 36 ,,
639 647 105 25 köpman"
761 645 78 22 förstås
855 653 26 13 en
896 653 82 19 person,

219 686 46 13 som
289 680 78 19 drifver
389 680 86 23 handel;
498 680 36 20 det
557 681 23 18 är
602 679 84 21 således
702 681 150 19 företrädesvis
868 680 48 23 han,
932 686 46 14 som

218 714 56 19 skall
289 714 73 26 syssla
377 714 92 23 dermed,
485 714 39 20 och
540 715 19 25 ej
577 714 150 20 allmänheten.

287 748 52 19 Herr
354 748 133 20 Boström:
511 747 33 21 Då
560 747 59 21 såväl
631 749 25 19 de
666 748 254 25 bränvinsförordningar,
932 754 46 14 som

217 782 78 20 hittills
313 783 54 19 varit
382 782 105 26 gällande,
504 789 46 13 som
566 783 40 19 ock
622 783 35 19 det
672 789 28 13 nu
716 782 146 26 föreliggande
877 782 102 26 förslaget

217 818 120 19 bestämma
359 818 30 18 ett
411 818 54 18 visst
485 817 168 26 maximibelopp,
669 823 46 14 som
730 816 32 20 får
777 818 35 18 vid
827 817 73 25 hvarje
916 817 62 19 brän-

217 851 46 20 neri
285 851 115 23 tillverkas,
425 850 24 20 så
472 852 60 19 torde
554 852 41 22 väl,
619 850 71 21 såsom
709 852 65 19 redan
789 852 7 18 i
813 850 89 21 Ståndet
916 852 62 19 äfven

217 886 95 22 uttalats,
328 892 26 13 en
370 886 179 25 monopolisering
565 886 122 26 derigenom
703 886 19 25 ej
739 885 90 27 åsyftas,
845 887 50 18 utan
913 886 67 19 ända-

217 918 66 21 målet
303 920 86 19 dermed
404 926 50 13 vara
469 922 30 17 att
515 919 25 20 så
555 921 44 19 stor
614 920 132 20 konkurrens
762 926 47 14 som
824 920 85 26 möjligt
925 920 55 19 skall

218 952 83 28 uppstå.
331 954 90 25 Följden
436 954 86 20 härutaf
534 954 41 20 blir
589 954 35 20 väl
639 953 66 21 också
721 954 46 23 den,
779 956 31 18 att
820 954 159 20 konkurrensen

218 988 56 20 skall
297 994 50 14 vara
368 988 125 26 tillräckligt
514 990 44 18 stor
569 990 32 18 för
615 989 105 23 behofvet,
736 990 50 18 utan
802 990 31 18 att
848 988 66 26 några
929 988 51 20 flere

219 1023 153 19 konkurrenter
394 1023 91 19 behöfva
505 1024 109 19 anskaffas
637 1024 7 18 i
667 1023 110 20 städernas
793 1023 126 20 handlande.
950 1022 30 20 På

219 1057 64 20 dessa
299 1057 48 19 skäl
362 1064 63 13 anser
437 1058 39 25 jag
492 1059 30 18 att
538 1056 66 27 något
619 1056 75 21 sådant
711 1058 40 19 alls
767 1058 19 25 ej
803 1058 43 19 kan
860 1058 76 25 läggas
947 1057 33 19 till

218 1092 69 25 grund
309 1092 32 19 för
363 1090 148 22 bibehållande
527 1092 23 19 af
563 1092 120 20 Utskottets
703 1092 121 26 föreslagna
840 1092 118 26 stadgande
973 1092 7 19 i

219 1126 136 19 förevarande
377 1132 63 13 mom.
471 1127 38 18 Att
530 1125 45 20 åter
597 1125 27 26 på
646 1126 103 19 brännvin
773 1126 41 19 och
837 1126 143 25 spritdrycker

219 1160 60 25 börja
300 1159 96 26 tillämpa
418 1160 224 26 frihandelssystemet
664 1160 59 20 torde
746 1160 35 20 väl
802 1166 51 13 vara
868 1159 66 26 något
948 1160 32 19 för

219 1194 96 26 mycket;
339 1194 40 19 och
400 1196 30 17 att
446 1201 46 13 som
508 1195 48 19 stöd
571 1195 32 19 för
618 1195 111 19 städernas
745 1194 132 20 handlandes
893 1195 41 18 rätt
950 1196 31 17 att

219 1228 55 25 sälja
290 1228 87 19 bränvin
393 1228 6 19 i
419 1229 54 25 parti
489 1227 90 27 åberopa
594 1229 61 20 deras
671 1229 41 19 rätt
727 1230 31 18 att
773 1229 55 25 sälja
844 1228 80 25 konjak
940 1228 40 20 och

219 1262 66 20 andra
304 1262 114 20 utländska
434 1263 145 26 spritdrycker
593 1263 61 20 torde
669 1263 19 25 ej
705 1269 51 13 vara
771 1263 103 26 lämpligt,
891 1263 89 19 emedan

219 1303 50 13 man
291 1295 26 21 då
332 1297 48 20 med
396 1303 83 13 samma
494 1298 41 19 rätt
550 1298 60 19 torde
625 1297 72 20 kunna
712 1297 69 20 fordra
796 1299 31 18 att
842 1297 26 20 de
884 1297 61 20 skola
959 1296 21 21 få

219 1331 56 26 sälja
297 1331 7 19 i
319 1331 80 20 mindre
415 1331 131 26 gvantiteter,
563 1331 51 20 eller
628 1334 15 17 t.
659 1338 19 13 o.
694 1338 27 13 m.
738 1331 87 26 suptals.
855 1330 74 21 Sävidt
941 1331 39 26 jag

219 1365 42 19 kan
276 1365 64 23 finna,
356 1364 24 21 sä
395 1366 63 25 göres
473 1364 60 21 säväl
548 1366 8 19 i
572 1366 125 19 brännvins-
709 1372 46 13 som
766 1365 214 26 tull-lagstiftningen

219 1405 27 14 en
268 1399 113 26 ovilkorlig
404 1399 84 20 skilnad
511 1399 27 26 pä
560 1400 103 19 brännvin
685 1399 41 20 och
749 1400 66 19 andra
829 1399 150 26 spritdrycker.

219 1432 94 21 Sälunda
329 1434 23 19 är
367 1433 6 20 i
389 1433 212 26 tull-lagstiftningen
618 1434 102 19 brännvin
735 1434 88 19 alldeles
833 1434 105 25 förbjudet
948 1433 33 20 till

219 1467 97 24 införsel;
331 1467 80 26 konjak
426 1468 40 19 och
481 1475 47 14 rom
542 1469 37 19 äro
595 1469 34 19 det
645 1469 94 19 deremot
753 1468 28 25 ej.
811 1468 41 20 För
867 1469 64 25 öfrigt
943 1468 37 19 vill

217 1502 39 26 jag
272 1503 97 25 begagna
385 1503 92 19 tillfället
493 1503 31 20 för
539 1505 31 18 att
585 1503 169 26 tillkännagifva,
770 1504 30 19 att
813 1503 39 26 jag
868 1503 6 19 i
890 1502 90 19 hufvud-
