<?xml version="1.0" encoding="UTF-8"?>
<alto xmlns="http://www.loc.gov/standards/alto/ns-v3#" xmlns:xlink="http://www.w3.org/1999/xlink" xmlns:xsi="http://www.w3.org/2001/XMLSchema-instance" xsi:schemaLocation="http://www.loc.gov/standards/alto/ns-v3# http://www.loc.gov/alto/v3/alto-3-0.xsd">
	<Description>
		<MeasurementUnit>pixel</MeasurementUnit>
		<sourceImageInformation>
			<fileName>/tmp/tess_s2_ea77l_input.PNG</fileName>
		</sourceImageInformation>
		<OCRProcessing ID="OCR_0">
			<ocrProcessingStep>
				<processingSoftware>
					<softwareName>tesseract 5.3.4</softwareName>
				</processingSoftware>
			</ocrProcessingStep>
		</OCRProcessing>
	</Description>
	<Layout>
		<Page WIDTH="1109" HEIGHT="1817" PHYSICAL_IMG_NR="0" ID="page_0">
			<PrintSpace HPOS="0" VPOS="0" WIDTH="1109" HEIGHT="1817">
				<GraphicalElement ID="cblock_0" HPOS="0" VPOS="928" WIDTH="2" HEIGHT="530"></GraphicalElement >
				<ComposedBlock ID="cblock_1" HPOS="249" VPOS="154" WIDTH="425" HEIGHT="22">
					<TextBlock ID="block_0" HPOS="249" VPOS="154" WIDTH="425" HEIGHT="22">
						<TextLine ID="line_0" HPOS="249" VPOS="154" WIDTH="425" HEIGHT="22">
							<String ID="string_0" HPOS="249" VPOS="154" WIDTH="46" HEIGHT="18" WC="0.95" CONTENT="1540"/><SP WIDTH="249" VPOS="154" HPOS="295"/>
							<String ID="string_1" HPOS="544" VPOS="154" WIDTH="41" HEIGHT="17" WC="0.96" CONTENT="Den"/><SP WIDTH="12" VPOS="154" HPOS="585"/>
							<String ID="string_2" HPOS="597" VPOS="154" WIDTH="23" HEIGHT="18" WC="0.96" CONTENT="25"/><SP WIDTH="11" VPOS="154" HPOS="620"/>
							<String ID="string_3" HPOS="631" VPOS="154" WIDTH="43" HEIGHT="22" WC="0.94" CONTENT="Maj."/>
						</TextLine>
					</TextBlock>
				</ComposedBlock>
				<ComposedBlock ID="cblock_2" HPOS="223" VPOS="211" WIDTH="766" HEIGHT="1265">
					<TextBlock ID="block_1" HPOS="224" VPOS="211" WIDTH="765" HEIGHT="578">
						<TextLine ID="line_1" HPOS="226" VPOS="211" WIDTH="762" HEIGHT="28">
							<String ID="string_4" HPOS="226" VPOS="212" WIDTH="49" HEIGHT="20" WC="0.96" CONTENT="icke"/><SP WIDTH="14" VPOS="212" HPOS="275"/>
							<String ID="string_5" HPOS="289" VPOS="212" WIDTH="40" HEIGHT="19" WC="0.97" CONTENT="har"/><SP WIDTH="15" VPOS="212" HPOS="329"/>
							<String ID="string_6" HPOS="344" VPOS="218" WIDTH="49" HEIGHT="13" WC="0.96" CONTENT="man"/><SP WIDTH="16" VPOS="218" HPOS="393"/>
							<String ID="string_7" HPOS="409" VPOS="213" WIDTH="68" HEIGHT="18" WC="0.95" CONTENT="större"/><SP WIDTH="16" VPOS="213" HPOS="477"/>
							<String ID="string_8" HPOS="493" VPOS="212" WIDTH="106" HEIGHT="23" WC="0.96" CONTENT="säkerhet,"/><SP WIDTH="16" VPOS="212" HPOS="599"/>
							<String ID="string_9" HPOS="615" VPOS="213" WIDTH="31" HEIGHT="18" WC="0.96" CONTENT="att"/><SP WIDTH="9" VPOS="213" HPOS="646"/>
							<String ID="string_10" HPOS="655" VPOS="212" WIDTH="130" HEIGHT="20" WC="0.95" CONTENT="kommunen"/><SP WIDTH="12" VPOS="212" HPOS="785"/>
							<String ID="string_11" HPOS="797" VPOS="211" WIDTH="28" HEIGHT="21" WC="0.96" CONTENT="då"/><SP WIDTH="10" VPOS="211" HPOS="825"/>
							<String ID="string_12" HPOS="835" VPOS="212" WIDTH="68" HEIGHT="20" WC="0.96" CONTENT="bättre"/><SP WIDTH="11" VPOS="212" HPOS="903"/>
							<String ID="string_13" HPOS="914" VPOS="212" WIDTH="74" HEIGHT="27" WC="0.96" CONTENT="lyckas"/>
						</TextLine>
						<TextLine ID="line_2" HPOS="225" VPOS="245" WIDTH="764" HEIGHT="28">
							<String ID="string_14" HPOS="225" VPOS="247" WIDTH="8" HEIGHT="19" WC="0.96" CONTENT="i"/><SP WIDTH="15" VPOS="247" HPOS="233"/>
							<String ID="string_15" HPOS="248" VPOS="247" WIDTH="38" HEIGHT="19" WC="0.95" CONTENT="sitt"/><SP WIDTH="15" VPOS="247" HPOS="286"/>
							<String ID="string_16" HPOS="301" VPOS="246" WIDTH="35" HEIGHT="19" WC="0.95" CONTENT="val"/><SP WIDTH="15" VPOS="246" HPOS="336"/>
							<String ID="string_17" HPOS="351" VPOS="247" WIDTH="27" HEIGHT="19" WC="0.95" CONTENT="än"/><SP WIDTH="15" VPOS="247" HPOS="378"/>
							<String ID="string_18" HPOS="393" VPOS="246" WIDTH="36" HEIGHT="19" WC="0.96" CONTENT="vid"/><SP WIDTH="14" VPOS="246" HPOS="429"/>
							<String ID="string_19" HPOS="443" VPOS="246" WIDTH="58" HEIGHT="20" WC="0.96" CONTENT="valet"/><SP WIDTH="15" VPOS="246" HPOS="501"/>
							<String ID="string_20" HPOS="516" VPOS="247" WIDTH="23" HEIGHT="18" WC="0.96" CONTENT="af"/><SP WIDTH="13" VPOS="247" HPOS="539"/>
							<String ID="string_21" HPOS="552" VPOS="246" WIDTH="141" HEIGHT="27" WC="0.96" CONTENT="fullmäktige,"/><SP WIDTH="15" VPOS="246" HPOS="693"/>
							<String ID="string_22" HPOS="708" VPOS="247" WIDTH="51" HEIGHT="19" WC="0.96" CONTENT="eller"/><SP WIDTH="16" VPOS="247" HPOS="759"/>
							<String ID="string_23" HPOS="775" VPOS="245" WIDTH="67" HEIGHT="22" WC="0.96" CONTENT="också"/><SP WIDTH="14" VPOS="245" HPOS="842"/>
							<String ID="string_24" HPOS="856" VPOS="246" WIDTH="69" HEIGHT="21" WC="0.96" CONTENT="måste"/><SP WIDTH="15" VPOS="246" HPOS="925"/>
							<String ID="string_25" HPOS="940" VPOS="253" WIDTH="49" HEIGHT="14" WC="0.96" CONTENT="man"/>
						</TextLine>
						<TextLine ID="line_3" HPOS="225" VPOS="279" WIDTH="764" HEIGHT="28">
							<String ID="string_26" HPOS="225" VPOS="281" WIDTH="90" HEIGHT="20" WC="0.96" CONTENT="omfatta"/><SP WIDTH="22" VPOS="281" HPOS="315"/>
							<String ID="string_27" HPOS="337" VPOS="281" WIDTH="41" HEIGHT="19" WC="0.92" CONTENT="den"/><SP WIDTH="22" VPOS="281" HPOS="378"/>
							<String ID="string_28" HPOS="400" VPOS="279" WIDTH="63" HEIGHT="28" WC="0.92" CONTENT="åsigt,"/><SP WIDTH="22" VPOS="279" HPOS="463"/>
							<String ID="string_29" HPOS="485" VPOS="281" WIDTH="31" HEIGHT="19" WC="0.96" CONTENT="att"/><SP WIDTH="14" VPOS="281" HPOS="516"/>
							<String ID="string_30" HPOS="530" VPOS="280" WIDTH="129" HEIGHT="20" WC="0.96" CONTENT="kommunen"/><SP WIDTH="16" VPOS="280" HPOS="659"/>
							<String ID="string_31" HPOS="675" VPOS="281" WIDTH="69" HEIGHT="19" WC="0.96" CONTENT="skulle"/><SP WIDTH="15" VPOS="281" HPOS="744"/>
							<String ID="string_32" HPOS="759" VPOS="281" WIDTH="37" HEIGHT="19" WC="0.96" CONTENT="vid"/><SP WIDTH="14" VPOS="281" HPOS="796"/>
							<String ID="string_33" HPOS="810" VPOS="281" WIDTH="58" HEIGHT="20" WC="0.96" CONTENT="valet"/><SP WIDTH="14" VPOS="281" HPOS="868"/>
							<String ID="string_34" HPOS="882" VPOS="281" WIDTH="24" HEIGHT="20" WC="0.93" CONTENT="af"/><SP WIDTH="12" VPOS="281" HPOS="906"/>
							<String ID="string_35" HPOS="918" VPOS="281" WIDTH="71" HEIGHT="20" WC="0.91" CONTENT="stads-"/>
						</TextLine>
						<TextLine ID="line_4" HPOS="225" VPOS="314" WIDTH="760" HEIGHT="27">
							<String ID="string_36" HPOS="225" VPOS="315" WIDTH="135" HEIGHT="26" WC="0.96" CONTENT="fullmäktige"/><SP WIDTH="15" VPOS="315" HPOS="360"/>
							<String ID="string_37" HPOS="375" VPOS="315" WIDTH="32" HEIGHT="20" WC="0.96" CONTENT="för"/><SP WIDTH="15" VPOS="315" HPOS="407"/>
							<String ID="string_38" HPOS="422" VPOS="315" WIDTH="64" HEIGHT="20" WC="0.93" CONTENT="dessa"/><SP WIDTH="14" VPOS="315" HPOS="486"/>
							<String ID="string_39" HPOS="500" VPOS="314" WIDTH="193" HEIGHT="27" WC="0.91" CONTENT="undantagsfrågor"/><SP WIDTH="15" VPOS="314" HPOS="693"/>
							<String ID="string_40" HPOS="708" VPOS="315" WIDTH="99" HEIGHT="26" WC="0.93" CONTENT="besparat"/><SP WIDTH="15" VPOS="315" HPOS="807"/>
							<String ID="string_41" HPOS="822" VPOS="315" WIDTH="26" HEIGHT="20" WC="0.96" CONTENT="de"/><SP WIDTH="17" VPOS="315" HPOS="848"/>
							<String ID="string_42" HPOS="865" VPOS="315" WIDTH="61" HEIGHT="20" WC="0.93" CONTENT="bäste"/><SP WIDTH="17" VPOS="315" HPOS="926"/>
							<String ID="string_43" HPOS="943" VPOS="315" WIDTH="42" HEIGHT="20" WC="0.91" CONTENT="för-"/>
						</TextLine>
						<TextLine ID="line_5" HPOS="226" VPOS="348" WIDTH="762" HEIGHT="27">
							<String ID="string_44" HPOS="226" VPOS="348" WIDTH="76" HEIGHT="27" WC="0.89" CONTENT="mågor"/><SP WIDTH="22" VPOS="348" HPOS="302"/>
							<String ID="string_45" HPOS="324" VPOS="349" WIDTH="130" HEIGHT="20" WC="0.96" CONTENT="kommunen"/><SP WIDTH="22" VPOS="349" HPOS="454"/>
							<String ID="string_46" HPOS="476" VPOS="350" WIDTH="58" HEIGHT="19" WC="0.96" CONTENT="inom"/><SP WIDTH="16" VPOS="350" HPOS="534"/>
							<String ID="string_47" HPOS="550" VPOS="349" WIDTH="35" HEIGHT="26" WC="0.96" CONTENT="sig"/><SP WIDTH="14" VPOS="349" HPOS="585"/>
							<String ID="string_48" HPOS="599" VPOS="349" WIDTH="122" HEIGHT="20" WC="0.93" CONTENT="innesluter."/><SP WIDTH="31" VPOS="349" HPOS="721"/>
							<String ID="string_49" HPOS="752" VPOS="349" WIDTH="76" HEIGHT="20" WC="0.92" CONTENT="Dertill"/><SP WIDTH="16" VPOS="349" HPOS="828"/>
							<String ID="string_50" HPOS="844" VPOS="350" WIDTH="95" HEIGHT="19" WC="0.96" CONTENT="kommer"/><SP WIDTH="14" VPOS="350" HPOS="939"/>
							<String ID="string_51" HPOS="953" VPOS="356" WIDTH="35" HEIGHT="17" WC="0.96" CONTENT="nu,"/>
						</TextLine>
						<TextLine ID="line_6" HPOS="226" VPOS="384" WIDTH="762" HEIGHT="23">
							<String ID="string_52" HPOS="226" VPOS="385" WIDTH="31" HEIGHT="19" WC="0.95" CONTENT="att"/><SP WIDTH="21" VPOS="385" HPOS="257"/>
							<String ID="string_53" HPOS="278" VPOS="384" WIDTH="26" HEIGHT="20" WC="0.93" CONTENT="de"/><SP WIDTH="23" VPOS="384" HPOS="304"/>
							<String ID="string_54" HPOS="327" VPOS="384" WIDTH="93" HEIGHT="23" WC="0.92" CONTENT="ärender,"/><SP WIDTH="23" VPOS="384" HPOS="420"/>
							<String ID="string_55" HPOS="443" VPOS="391" WIDTH="47" HEIGHT="13" WC="0.91" CONTENT="som"/><SP WIDTH="22" VPOS="391" HPOS="490"/>
							<String ID="string_56" HPOS="512" VPOS="385" WIDTH="125" HEIGHT="19" WC="0.91" CONTENT="omnämnes"/><SP WIDTH="16" VPOS="385" HPOS="637"/>
							<String ID="string_57" HPOS="653" VPOS="384" WIDTH="66" HEIGHT="20" WC="0.96" CONTENT="under"/><SP WIDTH="15" VPOS="384" HPOS="719"/>
							<String ID="string_58" HPOS="734" VPOS="384" WIDTH="26" HEIGHT="20" WC="0.96" CONTENT="de"/><SP WIDTH="16" VPOS="384" HPOS="760"/>
							<String ID="string_59" HPOS="776" VPOS="384" WIDTH="107" HEIGHT="20" WC="0.95" CONTENT="särskilda"/><SP WIDTH="14" VPOS="384" HPOS="883"/>
							<String ID="string_60" HPOS="897" VPOS="384" WIDTH="69" HEIGHT="20" WC="0.96" CONTENT="littera"/><SP WIDTH="15" VPOS="384" HPOS="966"/>
							<String ID="string_61" HPOS="981" VPOS="385" WIDTH="7" HEIGHT="18" WC="0.95" CONTENT="i"/>
						</TextLine>
						<TextLine ID="line_7" HPOS="226" VPOS="417" WIDTH="762" HEIGHT="28">
							<String ID="string_62" HPOS="226" VPOS="417" WIDTH="14" HEIGHT="28" WC="0.49" CONTENT="&amp;"/><SP WIDTH="22" VPOS="417" HPOS="240"/>
							<String ID="string_63" HPOS="262" VPOS="418" WIDTH="34" HEIGHT="24" WC="0.96" CONTENT="25,"/><SP WIDTH="24" VPOS="418" HPOS="296"/>
							<String ID="string_64" HPOS="320" VPOS="419" WIDTH="71" HEIGHT="19" WC="0.96" CONTENT="kunna"/><SP WIDTH="22" VPOS="419" HPOS="391"/>
							<String ID="string_65" HPOS="413" VPOS="419" WIDTH="34" HEIGHT="26" WC="0.96" CONTENT="sig"/><SP WIDTH="23" VPOS="419" HPOS="447"/>
							<String ID="string_66" HPOS="470" VPOS="419" WIDTH="91" HEIGHT="20" WC="0.96" CONTENT="emellan"/><SP WIDTH="20" VPOS="419" HPOS="561"/>
							<String ID="string_67" HPOS="581" VPOS="425" WIDTH="51" HEIGHT="13" WC="0.96" CONTENT="vara"/><SP WIDTH="15" VPOS="425" HPOS="632"/>
							<String ID="string_68" HPOS="647" VPOS="419" WIDTH="23" HEIGHT="19" WC="0.96" CONTENT="af"/><SP WIDTH="12" VPOS="419" HPOS="670"/>
							<String ID="string_69" HPOS="682" VPOS="418" WIDTH="66" HEIGHT="27" WC="0.95" CONTENT="högst"/><SP WIDTH="15" VPOS="418" HPOS="748"/>
							<String ID="string_70" HPOS="763" VPOS="419" WIDTH="58" HEIGHT="20" WC="0.96" CONTENT="olika"/><SP WIDTH="15" VPOS="419" HPOS="821"/>
							<String ID="string_71" HPOS="836" VPOS="419" WIDTH="46" HEIGHT="26" WC="0.96" CONTENT="vigt"/><SP WIDTH="14" VPOS="419" HPOS="882"/>
							<String ID="string_72" HPOS="896" VPOS="419" WIDTH="40" HEIGHT="20" WC="0.93" CONTENT="och"/><SP WIDTH="15" VPOS="419" HPOS="936"/>
							<String ID="string_73" HPOS="951" VPOS="419" WIDTH="37" HEIGHT="19" WC="0.92" CONTENT="be-"/>
						</TextLine>
						<TextLine ID="line_8" HPOS="226" VPOS="453" WIDTH="762" HEIGHT="24">
							<String ID="string_74" HPOS="226" VPOS="453" WIDTH="121" HEIGHT="20" WC="0.91" CONTENT="skaffenhet"/><SP WIDTH="22" VPOS="453" HPOS="347"/>
							<String ID="string_75" HPOS="369" VPOS="453" WIDTH="40" HEIGHT="20" WC="0.96" CONTENT="och"/><SP WIDTH="23" VPOS="453" HPOS="409"/>
							<String ID="string_76" HPOS="432" VPOS="454" WIDTH="31" HEIGHT="19" WC="0.96" CONTENT="att"/><SP WIDTH="21" VPOS="454" HPOS="463"/>
							<String ID="string_77" HPOS="484" VPOS="455" WIDTH="59" HEIGHT="18" WC="0.96" CONTENT="utom"/><SP WIDTH="23" VPOS="455" HPOS="543"/>
							<String ID="string_78" HPOS="566" VPOS="453" WIDTH="26" HEIGHT="20" WC="0.93" CONTENT="de"/><SP WIDTH="19" VPOS="453" HPOS="592"/>
							<String ID="string_79" HPOS="611" VPOS="453" WIDTH="95" HEIGHT="24" WC="0.92" CONTENT="ärender,"/><SP WIDTH="23" VPOS="453" HPOS="706"/>
							<String ID="string_80" HPOS="729" VPOS="459" WIDTH="47" HEIGHT="14" WC="0.96" CONTENT="som"/><SP WIDTH="15" VPOS="459" HPOS="776"/>
							<String ID="string_81" HPOS="791" VPOS="454" WIDTH="37" HEIGHT="19" WC="0.96" CONTENT="der"/><SP WIDTH="15" VPOS="454" HPOS="828"/>
							<String ID="string_82" HPOS="843" VPOS="455" WIDTH="89" HEIGHT="18" WC="0.96" CONTENT="nämnas"/><SP WIDTH="15" VPOS="455" HPOS="932"/>
							<String ID="string_83" HPOS="947" VPOS="453" WIDTH="41" HEIGHT="20" WC="0.96" CONTENT="och"/>
						</TextLine>
						<TextLine ID="line_9" HPOS="225" VPOS="486" WIDTH="763" HEIGHT="22">
							<String ID="string_84" HPOS="225" VPOS="487" WIDTH="74" HEIGHT="20" WC="0.95" CONTENT="hvilka"/><SP WIDTH="25" VPOS="487" HPOS="299"/>
							<String ID="string_85" HPOS="324" VPOS="487" WIDTH="69" HEIGHT="20" WC="0.95" CONTENT="skulle"/><SP WIDTH="22" VPOS="487" HPOS="393"/>
							<String ID="string_86" HPOS="415" VPOS="487" WIDTH="68" HEIGHT="20" WC="0.95" CONTENT="under"/><SP WIDTH="22" VPOS="487" HPOS="483"/>
							<String ID="string_87" HPOS="505" VPOS="487" WIDTH="43" HEIGHT="20" WC="0.95" CONTENT="alla"/><SP WIDTH="22" VPOS="487" HPOS="548"/>
							<String ID="string_88" HPOS="570" VPOS="486" WIDTH="146" HEIGHT="21" WC="0.95" CONTENT="förhållanden"/><SP WIDTH="16" VPOS="486" HPOS="716"/>
							<String ID="string_89" HPOS="732" VPOS="487" WIDTH="87" HEIGHT="21" WC="0.96" CONTENT="tillhöra"/><SP WIDTH="15" VPOS="487" HPOS="819"/>
							<String ID="string_90" HPOS="834" VPOS="488" WIDTH="26" HEIGHT="19" WC="0.96" CONTENT="de"/><SP WIDTH="15" VPOS="488" HPOS="860"/>
							<String ID="string_91" HPOS="875" VPOS="487" WIDTH="113" HEIGHT="20" WC="0.96" CONTENT="förstärkta"/>
						</TextLine>
						<TextLine ID="line_10" HPOS="225" VPOS="521" WIDTH="763" HEIGHT="27">
							<String ID="string_92" HPOS="225" VPOS="521" WIDTH="202" HEIGHT="27" WC="0.95" CONTENT="stadsfullmäktige,"/><SP WIDTH="20" VPOS="521" HPOS="427"/>
							<String ID="string_93" HPOS="447" VPOS="522" WIDTH="72" HEIGHT="19" WC="0.96" CONTENT="kunna"/><SP WIDTH="22" VPOS="522" HPOS="519"/>
							<String ID="string_94" HPOS="541" VPOS="522" WIDTH="70" HEIGHT="20" WC="0.96" CONTENT="finnas"/><SP WIDTH="22" VPOS="522" HPOS="611"/>
							<String ID="string_95" HPOS="633" VPOS="521" WIDTH="87" HEIGHT="24" WC="0.96" CONTENT="sådana,"/><SP WIDTH="24" VPOS="521" HPOS="720"/>
							<String ID="string_96" HPOS="744" VPOS="529" WIDTH="47" HEIGHT="13" WC="0.96" CONTENT="som"/><SP WIDTH="23" VPOS="529" HPOS="791"/>
							<String ID="string_97" HPOS="814" VPOS="523" WIDTH="32" HEIGHT="19" WC="0.96" CONTENT="för"/><SP WIDTH="14" VPOS="523" HPOS="846"/>
							<String ID="string_98" HPOS="860" VPOS="522" WIDTH="128" HEIGHT="20" WC="0.96" CONTENT="kommunen"/>
						</TextLine>
						<TextLine ID="line_11" HPOS="225" VPOS="555" WIDTH="763" HEIGHT="28">
							<String ID="string_99" HPOS="225" VPOS="555" WIDTH="41" HEIGHT="21" WC="0.96" CONTENT="och"/><SP WIDTH="23" VPOS="555" HPOS="266"/>
							<String ID="string_100" HPOS="289" VPOS="555" WIDTH="50" HEIGHT="20" WC="0.96" CONTENT="dess"/><SP WIDTH="23" VPOS="555" HPOS="339"/>
							<String ID="string_101" HPOS="362" VPOS="555" WIDTH="128" HEIGHT="21" WC="0.96" CONTENT="innevånare"/><SP WIDTH="23" VPOS="555" HPOS="490"/>
							<String ID="string_102" HPOS="513" VPOS="557" WIDTH="37" HEIGHT="19" WC="0.96" CONTENT="äro"/><SP WIDTH="23" VPOS="557" HPOS="550"/>
							<String ID="string_103" HPOS="573" VPOS="557" WIDTH="23" HEIGHT="18" WC="0.93" CONTENT="af"/><SP WIDTH="16" VPOS="557" HPOS="596"/>
							<String ID="string_104" HPOS="612" VPOS="556" WIDTH="131" HEIGHT="26" WC="0.92" CONTENT="ojemförligt"/><SP WIDTH="15" VPOS="556" HPOS="743"/>
							<String ID="string_105" HPOS="758" VPOS="557" WIDTH="88" HEIGHT="26" WC="0.96" CONTENT="mycket"/><SP WIDTH="15" VPOS="557" HPOS="846"/>
							<String ID="string_106" HPOS="861" VPOS="557" WIDTH="67" HEIGHT="19" WC="0.96" CONTENT="större"/><SP WIDTH="15" VPOS="557" HPOS="928"/>
							<String ID="string_107" HPOS="943" VPOS="557" WIDTH="45" HEIGHT="25" WC="0.96" CONTENT="vigt"/>
						</TextLine>
						<TextLine ID="line_12" HPOS="225" VPOS="591" WIDTH="763" HEIGHT="26">
							<String ID="string_108" HPOS="225" VPOS="592" WIDTH="27" HEIGHT="19" WC="0.93" CONTENT="än"/><SP WIDTH="23" VPOS="592" HPOS="252"/>
							<String ID="string_109" HPOS="275" VPOS="592" WIDTH="15" HEIGHT="19" WC="0.87" CONTENT="t."/><SP WIDTH="24" VPOS="592" HPOS="290"/>
							<String ID="string_110" HPOS="314" VPOS="597" WIDTH="31" HEIGHT="14" WC="0.95" CONTENT="ex."/><SP WIDTH="22" VPOS="597" HPOS="345"/>
							<String ID="string_111" HPOS="367" VPOS="591" WIDTH="66" HEIGHT="26" WC="0.96" CONTENT="inköp"/><SP WIDTH="21" VPOS="591" HPOS="433"/>
							<String ID="string_112" HPOS="454" VPOS="592" WIDTH="23" HEIGHT="19" WC="0.96" CONTENT="af"/><SP WIDTH="21" VPOS="592" HPOS="477"/>
							<String ID="string_113" HPOS="498" VPOS="597" WIDTH="26" HEIGHT="14" WC="0.96" CONTENT="en"/><SP WIDTH="23" VPOS="597" HPOS="524"/>
							<String ID="string_114" HPOS="547" VPOS="593" WIDTH="54" HEIGHT="18" WC="0.96" CONTENT="tomt"/><SP WIDTH="14" VPOS="593" HPOS="601"/>
							<String ID="string_115" HPOS="615" VPOS="591" WIDTH="58" HEIGHT="20" WC="0.96" CONTENT="inom"/><SP WIDTH="16" VPOS="591" HPOS="673"/>
							<String ID="string_116" HPOS="689" VPOS="591" WIDTH="76" HEIGHT="20" WC="0.96" CONTENT="staden"/><SP WIDTH="16" VPOS="591" HPOS="765"/>
							<String ID="string_117" HPOS="781" VPOS="591" WIDTH="52" HEIGHT="20" WC="0.96" CONTENT="eller"/><SP WIDTH="15" VPOS="591" HPOS="833"/>
							<String ID="string_118" HPOS="848" VPOS="597" WIDTH="26" HEIGHT="14" WC="0.96" CONTENT="en"/><SP WIDTH="15" VPOS="597" HPOS="874"/>
							<String ID="string_119" HPOS="889" VPOS="591" WIDTH="51" HEIGHT="20" WC="0.93" CONTENT="liten"/><SP WIDTH="14" VPOS="591" HPOS="940"/>
							<String ID="string_120" HPOS="954" VPOS="591" WIDTH="34" HEIGHT="20" WC="0.93" CONTENT="lä-"/>
						</TextLine>
						<TextLine ID="line_13" HPOS="225" VPOS="625" WIDTH="762" HEIGHT="27">
							<String ID="string_121" HPOS="225" VPOS="625" WIDTH="80" HEIGHT="27" WC="0.92" CONTENT="genhet"/><SP WIDTH="15" VPOS="625" HPOS="305"/>
							<String ID="string_122" HPOS="320" VPOS="626" WIDTH="32" HEIGHT="19" WC="0.96" CONTENT="för"/><SP WIDTH="14" VPOS="626" HPOS="352"/>
							<String ID="string_123" HPOS="366" VPOS="625" WIDTH="68" HEIGHT="26" WC="0.97" CONTENT="några"/><SP WIDTH="15" VPOS="625" HPOS="434"/>
							<String ID="string_124" HPOS="449" VPOS="627" WIDTH="62" HEIGHT="19" WC="0.97" CONTENT="tusen"/><SP WIDTH="15" VPOS="627" HPOS="511"/>
							<String ID="string_125" HPOS="526" VPOS="626" WIDTH="68" HEIGHT="23" WC="0.96" CONTENT="mark,"/><SP WIDTH="15" VPOS="626" HPOS="594"/>
							<String ID="string_126" HPOS="609" VPOS="625" WIDTH="74" HEIGHT="20" WC="0.93" CONTENT="hvilka"/><SP WIDTH="14" VPOS="625" HPOS="683"/>
							<String ID="string_127" HPOS="697" VPOS="626" WIDTH="96" HEIGHT="23" WC="0.92" CONTENT="ärender,"/><SP WIDTH="16" VPOS="626" HPOS="793"/>
							<String ID="string_128" HPOS="809" VPOS="625" WIDTH="67" HEIGHT="26" WC="0.96" CONTENT="enligt"/><SP WIDTH="12" VPOS="625" HPOS="876"/>
							<String ID="string_129" HPOS="888" VPOS="625" WIDTH="68" HEIGHT="20" WC="0.96" CONTENT="denna"/><SP WIDTH="10" VPOS="625" HPOS="956"/>
							<String ID="string_130" HPOS="966" VPOS="625" WIDTH="21" HEIGHT="26" WC="0.87" CONTENT="8,"/>
						</TextLine>
						<TextLine ID="line_14" HPOS="225" VPOS="659" WIDTH="763" HEIGHT="26">
							<String ID="string_131" HPOS="225" VPOS="660" WIDTH="61" HEIGHT="19" WC="0.95" CONTENT="alltid"/><SP WIDTH="26" VPOS="660" HPOS="286"/>
							<String ID="string_132" HPOS="312" VPOS="660" WIDTH="69" HEIGHT="20" WC="0.92" CONTENT="skulle"/><SP WIDTH="25" VPOS="660" HPOS="381"/>
							<String ID="string_133" HPOS="406" VPOS="660" WIDTH="142" HEIGHT="20" WC="0.91" CONTENT="öfverlemnas"/><SP WIDTH="26" VPOS="660" HPOS="548"/>
							<String ID="string_134" HPOS="574" VPOS="660" WIDTH="33" HEIGHT="19" WC="0.96" CONTENT="till"/><SP WIDTH="25" VPOS="660" HPOS="607"/>
							<String ID="string_135" HPOS="632" VPOS="660" WIDTH="115" HEIGHT="20" WC="0.96" CONTENT="förstärkta"/><SP WIDTH="22" VPOS="660" HPOS="747"/>
							<String ID="string_136" HPOS="769" VPOS="660" WIDTH="140" HEIGHT="25" WC="0.93" CONTENT="fullmäktige."/><SP WIDTH="37" VPOS="660" HPOS="909"/>
							<String ID="string_137" HPOS="946" VPOS="659" WIDTH="42" HEIGHT="26" WC="0.93" CONTENT="Jag"/>
						</TextLine>
						<TextLine ID="line_15" HPOS="224" VPOS="692" WIDTH="758" HEIGHT="28">
							<String ID="string_138" HPOS="224" VPOS="692" WIDTH="89" HEIGHT="22" WC="0.93" CONTENT="föreslår"/><SP WIDTH="16" VPOS="692" HPOS="313"/>
							<String ID="string_139" HPOS="329" VPOS="694" WIDTH="87" HEIGHT="24" WC="0.92" CONTENT="derföre,"/><SP WIDTH="17" VPOS="694" HPOS="416"/>
							<String ID="string_140" HPOS="433" VPOS="696" WIDTH="30" HEIGHT="18" WC="0.93" CONTENT="att"/><SP WIDTH="16" VPOS="696" HPOS="463"/>
							<String ID="string_141" HPOS="479" VPOS="694" WIDTH="66" HEIGHT="26" WC="0.92" CONTENT="sagde"/><SP WIDTH="16" VPOS="694" HPOS="545"/>
							<String ID="string_142" HPOS="561" VPOS="694" WIDTH="14" HEIGHT="26" WC="0.92" CONTENT="&amp;"/><SP WIDTH="16" VPOS="694" HPOS="575"/>
							<String ID="string_143" HPOS="591" VPOS="694" WIDTH="69" HEIGHT="20" WC="0.96" CONTENT="skulle"/><SP WIDTH="15" VPOS="694" HPOS="660"/>
							<String ID="string_144" HPOS="675" VPOS="700" WIDTH="24" HEIGHT="13" WC="0.96" CONTENT="ur"/><SP WIDTH="15" VPOS="700" HPOS="699"/>
							<String ID="string_145" HPOS="714" VPOS="694" WIDTH="152" HEIGHT="26" WC="0.96" CONTENT="förordningen"/><SP WIDTH="15" VPOS="694" HPOS="866"/>
							<String ID="string_146" HPOS="881" VPOS="692" WIDTH="51" HEIGHT="28" WC="0.96" CONTENT="utgå"/><SP WIDTH="10" VPOS="692" HPOS="932"/>
							<String ID="string_147" HPOS="942" VPOS="694" WIDTH="40" HEIGHT="19" WC="0.96" CONTENT="och"/>
						</TextLine>
						<TextLine ID="line_16" HPOS="226" VPOS="727" WIDTH="761" HEIGHT="28">
							<String ID="string_148" HPOS="226" VPOS="728" WIDTH="26" HEIGHT="20" WC="0.96" CONTENT="de"/><SP WIDTH="22" VPOS="728" HPOS="252"/>
							<String ID="string_149" HPOS="274" VPOS="728" WIDTH="94" HEIGHT="26" WC="0.93" CONTENT="följande"/><SP WIDTH="23" VPOS="728" HPOS="368"/>
							<String ID="string_150" HPOS="391" VPOS="728" WIDTH="49" HEIGHT="27" WC="0.49" CONTENT="88&amp;:s"/><SP WIDTH="21" VPOS="728" HPOS="440"/>
							<String ID="string_151" HPOS="461" VPOS="728" WIDTH="151" HEIGHT="26" WC="0.91" CONTENT="nummerföljd"/><SP WIDTH="15" VPOS="728" HPOS="612"/>
							<String ID="string_152" HPOS="627" VPOS="727" WIDTH="96" HEIGHT="27" WC="0.96" CONTENT="undergå"/><SP WIDTH="16" VPOS="727" HPOS="723"/>
							<String ID="string_153" HPOS="739" VPOS="728" WIDTH="41" HEIGHT="20" WC="0.96" CONTENT="den"/><SP WIDTH="15" VPOS="728" HPOS="780"/>
							<String ID="string_154" HPOS="795" VPOS="728" WIDTH="129" HEIGHT="26" WC="0.96" CONTENT="förändring,"/><SP WIDTH="16" VPOS="728" HPOS="924"/>
							<String ID="string_155" HPOS="940" VPOS="734" WIDTH="47" HEIGHT="14" WC="0.96" CONTENT="som"/>
						</TextLine>
						<TextLine ID="line_17" HPOS="225" VPOS="762" WIDTH="258" HEIGHT="27">
							<String ID="string_156" HPOS="225" VPOS="762" WIDTH="61" HEIGHT="20" WC="0.93" CONTENT="deraf"/><SP WIDTH="13" VPOS="762" HPOS="286"/>
							<String ID="string_157" HPOS="299" VPOS="762" WIDTH="68" HEIGHT="20" WC="0.92" CONTENT="blefve"/><SP WIDTH="16" VPOS="762" HPOS="367"/>
							<String ID="string_158" HPOS="383" VPOS="769" WIDTH="26" HEIGHT="13" WC="0.96" CONTENT="en"/><SP WIDTH="16" VPOS="769" HPOS="409"/>
							<String ID="string_159" HPOS="425" VPOS="762" WIDTH="58" HEIGHT="27" WC="0.95" CONTENT="följd."/>
						</TextLine>
					</TextBlock>
					<TextBlock ID="block_2" HPOS="225" VPOS="795" WIDTH="762" HEIGHT="131">
						<TextLine ID="line_18" HPOS="294" VPOS="795" WIDTH="693" HEIGHT="27">
							<String ID="string_160" HPOS="294" VPOS="797" WIDTH="53" HEIGHT="19" WC="0.96" CONTENT="Herr"/><SP WIDTH="21" VPOS="797" HPOS="347"/>
							<String ID="string_161" HPOS="368" VPOS="797" WIDTH="150" HEIGHT="20" WC="0.96" CONTENT="Lindblom:"/><SP WIDTH="31" VPOS="797" HPOS="518"/>
							<String ID="string_162" HPOS="549" VPOS="796" WIDTH="33" HEIGHT="21" WC="0.95" CONTENT="Då"/><SP WIDTH="21" VPOS="796" HPOS="582"/>
							<String ID="string_163" HPOS="603" VPOS="797" WIDTH="36" HEIGHT="19" WC="0.95" CONTENT="vid"/><SP WIDTH="16" VPOS="797" HPOS="639"/>
							<String ID="string_164" HPOS="655" VPOS="797" WIDTH="151" HEIGHT="20" WC="0.96" CONTENT="diskussionen"/><SP WIDTH="15" VPOS="797" HPOS="806"/>
							<String ID="string_165" HPOS="821" VPOS="797" WIDTH="7" HEIGHT="19" WC="0.96" CONTENT="i"/><SP WIDTH="16" VPOS="797" HPOS="828"/>
							<String ID="string_166" HPOS="844" VPOS="797" WIDTH="69" HEIGHT="19" WC="0.96" CONTENT="denna"/><SP WIDTH="15" VPOS="797" HPOS="913"/>
							<String ID="string_167" HPOS="928" VPOS="795" WIDTH="59" HEIGHT="27" WC="0.95" CONTENT="fråga"/>
						</TextLine>
						<TextLine ID="line_19" HPOS="225" VPOS="830" WIDTH="761" HEIGHT="27">
							<String ID="string_168" HPOS="225" VPOS="831" WIDTH="65" HEIGHT="20" WC="0.96" CONTENT="redan"/><SP WIDTH="24" VPOS="831" HPOS="290"/>
							<String ID="string_169" HPOS="314" VPOS="832" WIDTH="23" HEIGHT="18" WC="0.96" CONTENT="af"/><SP WIDTH="18" VPOS="832" HPOS="337"/>
							<String ID="string_170" HPOS="355" VPOS="831" WIDTH="26" HEIGHT="20" WC="0.95" CONTENT="de"/><SP WIDTH="21" VPOS="831" HPOS="381"/>
							<String ID="string_171" HPOS="402" VPOS="830" WIDTH="128" HEIGHT="27" WC="0.93" CONTENT="föregående"/><SP WIDTH="15" VPOS="830" HPOS="530"/>
							<String ID="string_172" HPOS="545" VPOS="832" WIDTH="94" HEIGHT="19" WC="0.91" CONTENT="talarene"/><SP WIDTH="16" VPOS="832" HPOS="639"/>
							<String ID="string_173" HPOS="655" VPOS="832" WIDTH="128" HEIGHT="25" WC="0.91" CONTENT="frambragts"/><SP WIDTH="16" VPOS="832" HPOS="783"/>
							<String ID="string_174" HPOS="799" VPOS="830" WIDTH="25" HEIGHT="21" WC="0.96" CONTENT="så"/><SP WIDTH="15" VPOS="830" HPOS="824"/>
							<String ID="string_175" HPOS="839" VPOS="831" WIDTH="85" HEIGHT="19" WC="0.96" CONTENT="talande"/><SP WIDTH="15" VPOS="831" HPOS="924"/>
							<String ID="string_176" HPOS="939" VPOS="830" WIDTH="47" HEIGHT="20" WC="0.96" CONTENT="skäl"/>
						</TextLine>
						<TextLine ID="line_20" HPOS="225" VPOS="864" WIDTH="762" HEIGHT="28">
							<String ID="string_177" HPOS="225" VPOS="866" WIDTH="32" HEIGHT="19" WC="0.93" CONTENT="för"/><SP WIDTH="21" VPOS="866" HPOS="257"/>
							<String ID="string_178" HPOS="278" VPOS="865" WIDTH="15" HEIGHT="27" WC="0.91" CONTENT="&amp;"/><SP WIDTH="22" VPOS="865" HPOS="293"/>
							<String ID="string_179" HPOS="315" VPOS="865" WIDTH="141" HEIGHT="24" WC="0.96" CONTENT="uteslutande,"/><SP WIDTH="21" VPOS="865" HPOS="456"/>
							<String ID="string_180" HPOS="477" VPOS="866" WIDTH="36" HEIGHT="19" WC="0.96" CONTENT="ber"/><SP WIDTH="13" VPOS="866" HPOS="513"/>
							<String ID="string_181" HPOS="526" VPOS="866" WIDTH="40" HEIGHT="26" WC="0.96" CONTENT="jag"/><SP WIDTH="15" VPOS="866" HPOS="566"/>
							<String ID="string_182" HPOS="581" VPOS="866" WIDTH="76" HEIGHT="20" WC="0.96" CONTENT="endast"/><SP WIDTH="15" VPOS="866" HPOS="657"/>
							<String ID="string_183" HPOS="672" VPOS="867" WIDTH="31" HEIGHT="18" WC="0.96" CONTENT="att"/><SP WIDTH="14" VPOS="867" HPOS="703"/>
							<String ID="string_184" HPOS="717" VPOS="864" WIDTH="22" HEIGHT="21" WC="0.96" CONTENT="få"/><SP WIDTH="15" VPOS="864" HPOS="739"/>
							<String ID="string_185" HPOS="754" VPOS="866" WIDTH="116" HEIGHT="19" WC="0.96" CONTENT="instämma"/><SP WIDTH="14" VPOS="866" HPOS="870"/>
							<String ID="string_186" HPOS="884" VPOS="865" WIDTH="30" HEIGHT="19" WC="0.96" CONTENT="uti"/><SP WIDTH="16" VPOS="865" HPOS="914"/>
							<String ID="string_187" HPOS="930" VPOS="865" WIDTH="57" HEIGHT="19" WC="0.96" CONTENT="detta"/>
						</TextLine>
						<TextLine ID="line_21" HPOS="225" VPOS="900" WIDTH="103" HEIGHT="26">
							<String ID="string_188" HPOS="225" VPOS="900" WIDTH="103" HEIGHT="26" WC="0.96" CONTENT="yrkande."/>
						</TextLine>
					</TextBlock>
					<TextBlock ID="block_3" HPOS="294" VPOS="934" WIDTH="644" HEIGHT="26">
						<TextLine ID="line_22" HPOS="294" VPOS="934" WIDTH="644" HEIGHT="26">
							<String ID="string_189" HPOS="294" VPOS="934" WIDTH="53" HEIGHT="20" WC="0.93" CONTENT="Herr"/><SP WIDTH="14" VPOS="934" HPOS="347"/>
							<String ID="string_190" HPOS="361" VPOS="934" WIDTH="147" HEIGHT="20" WC="0.87" CONTENT="Wasenius"/><SP WIDTH="16" VPOS="934" HPOS="508"/>
							<String ID="string_191" HPOS="524" VPOS="934" WIDTH="99" HEIGHT="20" WC="0.96" CONTENT="förenade"/><SP WIDTH="16" VPOS="934" HPOS="623"/>
							<String ID="string_192" HPOS="639" VPOS="934" WIDTH="34" HEIGHT="26" WC="0.96" CONTENT="sig"/><SP WIDTH="15" VPOS="934" HPOS="673"/>
							<String ID="string_193" HPOS="688" VPOS="934" WIDTH="49" HEIGHT="20" WC="0.96" CONTENT="med"/><SP WIDTH="16" VPOS="934" HPOS="737"/>
							<String ID="string_194" HPOS="753" VPOS="934" WIDTH="53" HEIGHT="20" WC="0.96" CONTENT="Herr"/><SP WIDTH="15" VPOS="934" HPOS="806"/>
							<String ID="string_195" HPOS="821" VPOS="934" WIDTH="117" HEIGHT="20" WC="0.96" CONTENT="Lindblom."/>
						</TextLine>
					</TextBlock>
					<TextBlock ID="block_4" HPOS="223" VPOS="967" WIDTH="764" HEIGHT="509">
						<TextLine ID="line_23" HPOS="294" VPOS="967" WIDTH="692" HEIGHT="28">
							<String ID="string_196" HPOS="294" VPOS="968" WIDTH="53" HEIGHT="20" WC="0.90" CONTENT="Herr"/><SP WIDTH="21" VPOS="968" HPOS="347"/>
							<String ID="string_197" HPOS="368" VPOS="968" WIDTH="129" HEIGHT="27" WC="0.90" CONTENT="Procopé:"/><SP WIDTH="30" VPOS="968" HPOS="497"/>
							<String ID="string_198" HPOS="527" VPOS="968" WIDTH="9" HEIGHT="20" WC="0.87" CONTENT="I"/><SP WIDTH="20" VPOS="968" HPOS="536"/>
							<String ID="string_199" HPOS="556" VPOS="970" WIDTH="91" HEIGHT="18" WC="0.96" CONTENT="motsats"/><SP WIDTH="15" VPOS="970" HPOS="647"/>
							<String ID="string_200" HPOS="662" VPOS="968" WIDTH="32" HEIGHT="20" WC="0.96" CONTENT="till"/><SP WIDTH="15" VPOS="968" HPOS="694"/>
							<String ID="string_201" HPOS="709" VPOS="969" WIDTH="26" HEIGHT="19" WC="0.96" CONTENT="de"/><SP WIDTH="16" VPOS="969" HPOS="735"/>
							<String ID="string_202" HPOS="751" VPOS="967" WIDTH="128" HEIGHT="27" WC="0.93" CONTENT="föregående"/><SP WIDTH="15" VPOS="967" HPOS="879"/>
							<String ID="string_203" HPOS="894" VPOS="968" WIDTH="92" HEIGHT="20" WC="0.93" CONTENT="talarene"/>
						</TextLine>
						<TextLine ID="line_24" HPOS="225" VPOS="1001" WIDTH="761" HEIGHT="29">
							<String ID="string_204" HPOS="225" VPOS="1009" WIDTH="63" HEIGHT="13" WC="0.96" CONTENT="anser"/><SP WIDTH="12" VPOS="1009" HPOS="288"/>
							<String ID="string_205" HPOS="300" VPOS="1002" WIDTH="40" HEIGHT="27" WC="0.96" CONTENT="jag"/><SP WIDTH="11" VPOS="1002" HPOS="340"/>
							<String ID="string_206" HPOS="351" VPOS="1003" WIDTH="70" HEIGHT="20" WC="0.93" CONTENT="denna"/><SP WIDTH="15" VPOS="1003" HPOS="421"/>
							<String ID="string_207" HPOS="436" VPOS="1003" WIDTH="15" HEIGHT="27" WC="0.91" CONTENT="&amp;"/><SP WIDTH="14" VPOS="1003" HPOS="451"/>
							<String ID="string_208" HPOS="465" VPOS="1009" WIDTH="51" HEIGHT="14" WC="0.97" CONTENT="vara"/><SP WIDTH="16" VPOS="1009" HPOS="516"/>
							<String ID="string_209" HPOS="532" VPOS="1003" WIDTH="89" HEIGHT="20" WC="0.96" CONTENT="alldeles"/><SP WIDTH="15" VPOS="1003" HPOS="621"/>
							<String ID="string_210" HPOS="636" VPOS="1003" WIDTH="123" HEIGHT="26" WC="0.96" CONTENT="nödvändig"/><SP WIDTH="16" VPOS="1003" HPOS="759"/>
							<String ID="string_211" HPOS="775" VPOS="1004" WIDTH="31" HEIGHT="18" WC="0.96" CONTENT="att"/><SP WIDTH="14" VPOS="1004" HPOS="806"/>
							<String ID="string_212" HPOS="820" VPOS="1001" WIDTH="107" HEIGHT="21" WC="0.95" CONTENT="bibehålla"/><SP WIDTH="19" VPOS="1001" HPOS="927"/>
							<String ID="string_213" HPOS="946" VPOS="1002" WIDTH="40" HEIGHT="20" WC="0.96" CONTENT="och"/>
						</TextLine>
						<TextLine ID="line_25" HPOS="225" VPOS="1037" WIDTH="761" HEIGHT="27">
							<String ID="string_214" HPOS="225" VPOS="1038" WIDTH="234" HEIGHT="20" WC="0.90" CONTENT="öfverensstämmande"/><SP WIDTH="14" VPOS="1038" HPOS="459"/>
							<String ID="string_215" HPOS="473" VPOS="1038" WIDTH="49" HEIGHT="20" WC="0.96" CONTENT="med"/><SP WIDTH="16" VPOS="1038" HPOS="522"/>
							<String ID="string_216" HPOS="538" VPOS="1038" WIDTH="26" HEIGHT="20" WC="0.96" CONTENT="de"/><SP WIDTH="18" VPOS="1038" HPOS="564"/>
							<String ID="string_217" HPOS="582" VPOS="1038" WIDTH="110" HEIGHT="26" WC="0.96" CONTENT="principer,"/><SP WIDTH="17" VPOS="1038" HPOS="692"/>
							<String ID="string_218" HPOS="709" VPOS="1044" WIDTH="46" HEIGHT="14" WC="0.96" CONTENT="som"/><SP WIDTH="16" VPOS="1044" HPOS="755"/>
							<String ID="string_219" HPOS="771" VPOS="1038" WIDTH="56" HEIGHT="20" WC="0.96" CONTENT="förut"/><SP WIDTH="14" VPOS="1038" HPOS="827"/>
							<String ID="string_220" HPOS="841" VPOS="1038" WIDTH="69" HEIGHT="19" WC="0.96" CONTENT="finnas"/><SP WIDTH="15" VPOS="1038" HPOS="910"/>
							<String ID="string_221" HPOS="925" VPOS="1037" WIDTH="7" HEIGHT="19" WC="0.93" CONTENT="i"/><SP WIDTH="12" VPOS="1037" HPOS="932"/>
							<String ID="string_222" HPOS="944" VPOS="1037" WIDTH="42" HEIGHT="20" WC="0.92" CONTENT="för-"/>
						</TextLine>
						<TextLine ID="line_26" HPOS="225" VPOS="1071" WIDTH="761" HEIGHT="27">
							<String ID="string_223" HPOS="225" VPOS="1072" WIDTH="118" HEIGHT="26" WC="0.96" CONTENT="ordningen"/><SP WIDTH="15" VPOS="1072" HPOS="343"/>
							<String ID="string_224" HPOS="358" VPOS="1072" WIDTH="103" HEIGHT="20" WC="0.95" CONTENT="uttalade."/><SP WIDTH="30" VPOS="1072" HPOS="461"/>
							<String ID="string_225" HPOS="491" VPOS="1071" WIDTH="33" HEIGHT="21" WC="0.96" CONTENT="Då"/><SP WIDTH="14" VPOS="1071" HPOS="524"/>
							<String ID="string_226" HPOS="538" VPOS="1072" WIDTH="130" HEIGHT="20" WC="0.96" CONTENT="kommunen"/><SP WIDTH="15" VPOS="1072" HPOS="668"/>
							<String ID="string_227" HPOS="683" VPOS="1074" WIDTH="59" HEIGHT="18" WC="0.95" CONTENT="utser"/><SP WIDTH="11" VPOS="1074" HPOS="742"/>
							<String ID="string_228" HPOS="753" VPOS="1072" WIDTH="47" HEIGHT="20" WC="0.92" CONTENT="sina"/><SP WIDTH="10" VPOS="1072" HPOS="800"/>
							<String ID="string_229" HPOS="810" VPOS="1072" WIDTH="176" HEIGHT="22" WC="0.90" CONTENT="förtroendemän,"/>
						</TextLine>
						<TextLine ID="line_27" HPOS="225" VPOS="1105" WIDTH="762" HEIGHT="27">
							<String ID="string_230" HPOS="225" VPOS="1105" WIDTH="25" HEIGHT="21" WC="0.96" CONTENT="så"/><SP WIDTH="15" VPOS="1105" HPOS="250"/>
							<String ID="string_231" HPOS="265" VPOS="1106" WIDTH="63" HEIGHT="20" WC="0.96" CONTENT="söker"/><SP WIDTH="15" VPOS="1106" HPOS="328"/>
							<String ID="string_232" HPOS="343" VPOS="1107" WIDTH="41" HEIGHT="19" WC="0.96" CONTENT="den"/><SP WIDTH="16" VPOS="1107" HPOS="384"/>
							<String ID="string_233" HPOS="400" VPOS="1106" WIDTH="135" HEIGHT="26" WC="0.96" CONTENT="naturligtvis"/><SP WIDTH="15" VPOS="1106" HPOS="535"/>
							<String ID="string_234" HPOS="550" VPOS="1108" WIDTH="31" HEIGHT="18" WC="0.96" CONTENT="att"/><SP WIDTH="16" VPOS="1108" HPOS="581"/>
							<String ID="string_235" HPOS="597" VPOS="1106" WIDTH="57" HEIGHT="26" WC="0.96" CONTENT="välja"/><SP WIDTH="15" VPOS="1106" HPOS="654"/>
							<String ID="string_236" HPOS="669" VPOS="1107" WIDTH="55" HEIGHT="23" WC="0.96" CONTENT="dem,"/><SP WIDTH="16" VPOS="1107" HPOS="724"/>
							<String ID="string_237" HPOS="740" VPOS="1107" WIDTH="33" HEIGHT="19" WC="0.96" CONTENT="för"/><SP WIDTH="14" VPOS="1107" HPOS="773"/>
							<String ID="string_238" HPOS="787" VPOS="1106" WIDTH="87" HEIGHT="20" WC="0.96" CONTENT="hvilken"/><SP WIDTH="16" VPOS="1106" HPOS="874"/>
							<String ID="string_239" HPOS="890" VPOS="1106" WIDTH="40" HEIGHT="19" WC="0.96" CONTENT="den"/><SP WIDTH="18" VPOS="1106" HPOS="930"/>
							<String ID="string_240" HPOS="948" VPOS="1106" WIDTH="39" HEIGHT="19" WC="0.96" CONTENT="har"/>
						</TextLine>
						<TextLine ID="line_28" HPOS="225" VPOS="1140" WIDTH="761" HEIGHT="26">
							<String ID="string_241" HPOS="225" VPOS="1140" WIDTH="36" HEIGHT="20" WC="0.96" CONTENT="det"/><SP WIDTH="15" VPOS="1140" HPOS="261"/>
							<String ID="string_242" HPOS="276" VPOS="1141" WIDTH="79" HEIGHT="19" WC="0.96" CONTENT="största"/><SP WIDTH="14" VPOS="1141" HPOS="355"/>
							<String ID="string_243" HPOS="369" VPOS="1141" WIDTH="132" HEIGHT="23" WC="0.95" CONTENT="förtroende;"/><SP WIDTH="17" VPOS="1141" HPOS="501"/>
							<String ID="string_244" HPOS="518" VPOS="1147" WIDTH="49" HEIGHT="13" WC="0.96" CONTENT="men"/><SP WIDTH="16" VPOS="1147" HPOS="567"/>
							<String ID="string_245" HPOS="583" VPOS="1141" WIDTH="35" HEIGHT="19" WC="0.96" CONTENT="det"/><SP WIDTH="15" VPOS="1141" HPOS="618"/>
							<String ID="string_246" HPOS="633" VPOS="1141" WIDTH="23" HEIGHT="20" WC="0.97" CONTENT="är"/><SP WIDTH="15" VPOS="1141" HPOS="656"/>
							<String ID="string_247" HPOS="671" VPOS="1141" WIDTH="48" HEIGHT="19" WC="0.96" CONTENT="icke"/><SP WIDTH="15" VPOS="1141" HPOS="719"/>
							<String ID="string_248" HPOS="734" VPOS="1140" WIDTH="104" HEIGHT="26" WC="0.96" CONTENT="lämpligt,"/><SP WIDTH="16" VPOS="1140" HPOS="838"/>
							<String ID="string_249" HPOS="854" VPOS="1142" WIDTH="30" HEIGHT="18" WC="0.97" CONTENT="ett"/><SP WIDTH="10" VPOS="1142" HPOS="884"/>
							<String ID="string_250" HPOS="894" VPOS="1141" WIDTH="30" HEIGHT="18" WC="0.93" CONTENT="ett"/><SP WIDTH="10" VPOS="1141" HPOS="924"/>
							<String ID="string_251" HPOS="934" VPOS="1141" WIDTH="52" HEIGHT="18" WC="0.92" CONTENT="onö-"/>
						</TextLine>
						<TextLine ID="line_29" HPOS="225" VPOS="1174" WIDTH="761" HEIGHT="27">
							<String ID="string_252" HPOS="225" VPOS="1175" WIDTH="46" HEIGHT="26" WC="0.96" CONTENT="digt"/><SP WIDTH="15" VPOS="1175" HPOS="271"/>
							<String ID="string_253" HPOS="286" VPOS="1176" WIDTH="53" HEIGHT="19" WC="0.96" CONTENT="stort"/><SP WIDTH="15" VPOS="1176" HPOS="339"/>
							<String ID="string_254" HPOS="354" VPOS="1175" WIDTH="59" HEIGHT="20" WC="0.95" CONTENT="antal"/><SP WIDTH="16" VPOS="1175" HPOS="413"/>
							<String ID="string_255" HPOS="429" VPOS="1175" WIDTH="23" HEIGHT="20" WC="0.96" CONTENT="af"/><SP WIDTH="13" VPOS="1175" HPOS="452"/>
							<String ID="string_256" HPOS="465" VPOS="1175" WIDTH="49" HEIGHT="20" WC="0.96" CONTENT="dem"/><SP WIDTH="14" VPOS="1175" HPOS="514"/>
							<String ID="string_257" HPOS="528" VPOS="1175" WIDTH="103" HEIGHT="20" WC="0.96" CONTENT="besväras"/><SP WIDTH="15" VPOS="1175" HPOS="631"/>
							<String ID="string_258" HPOS="646" VPOS="1175" WIDTH="32" HEIGHT="20" WC="0.96" CONTENT="för"/><SP WIDTH="15" VPOS="1175" HPOS="678"/>
							<String ID="string_259" HPOS="693" VPOS="1175" WIDTH="159" HEIGHT="26" WC="0.96" CONTENT="behandlingen"/><SP WIDTH="16" VPOS="1175" HPOS="852"/>
							<String ID="string_260" HPOS="868" VPOS="1175" WIDTH="22" HEIGHT="19" WC="0.96" CONTENT="af"/><SP WIDTH="14" VPOS="1175" HPOS="890"/>
							<String ID="string_261" HPOS="904" VPOS="1174" WIDTH="41" HEIGHT="19" WC="0.96" CONTENT="alla"/><SP WIDTH="15" VPOS="1174" HPOS="945"/>
							<String ID="string_262" HPOS="960" VPOS="1174" WIDTH="26" HEIGHT="19" WC="0.96" CONTENT="de"/>
						</TextLine>
						<TextLine ID="line_30" HPOS="225" VPOS="1209" WIDTH="761" HEIGHT="26">
							<String ID="string_263" HPOS="225" VPOS="1209" WIDTH="94" HEIGHT="24" WC="0.92" CONTENT="ärender,"/><SP WIDTH="23" VPOS="1209" HPOS="319"/>
							<String ID="string_264" HPOS="342" VPOS="1215" WIDTH="47" HEIGHT="14" WC="0.95" CONTENT="som"/><SP WIDTH="20" VPOS="1215" HPOS="389"/>
							<String ID="string_265" HPOS="409" VPOS="1209" WIDTH="121" HEIGHT="20" WC="0.95" CONTENT="tillkomma"/><SP WIDTH="22" VPOS="1209" HPOS="530"/>
							<String ID="string_266" HPOS="552" VPOS="1209" WIDTH="134" HEIGHT="26" WC="0.94" CONTENT="fullmäktige"/><SP WIDTH="21" VPOS="1209" HPOS="686"/>
							<String ID="string_267" HPOS="707" VPOS="1211" WIDTH="31" HEIGHT="18" WC="0.96" CONTENT="att"/><SP WIDTH="15" VPOS="1211" HPOS="738"/>
							<String ID="string_268" HPOS="753" VPOS="1209" WIDTH="129" HEIGHT="26" WC="0.95" CONTENT="handlägga,"/><SP WIDTH="16" VPOS="1209" HPOS="882"/>
							<String ID="string_269" HPOS="898" VPOS="1210" WIDTH="50" HEIGHT="18" WC="0.95" CONTENT="utan"/><SP WIDTH="15" VPOS="1210" HPOS="948"/>
							<String ID="string_270" HPOS="963" VPOS="1209" WIDTH="23" HEIGHT="19" WC="0.96" CONTENT="är"/>
						</TextLine>
						<TextLine ID="line_31" HPOS="225" VPOS="1243" WIDTH="762" HEIGHT="27">
							<String ID="string_271" HPOS="225" VPOS="1243" WIDTH="35" HEIGHT="20" WC="0.96" CONTENT="det"/><SP WIDTH="22" VPOS="1243" HPOS="260"/>
							<String ID="string_272" HPOS="282" VPOS="1244" WIDTH="36" HEIGHT="19" WC="0.96" CONTENT="väl"/><SP WIDTH="21" VPOS="1244" HPOS="318"/>
							<String ID="string_273" HPOS="339" VPOS="1243" WIDTH="132" HEIGHT="27" WC="0.96" CONTENT="lämpligare,"/><SP WIDTH="24" VPOS="1243" HPOS="471"/>
							<String ID="string_274" HPOS="495" VPOS="1245" WIDTH="31" HEIGHT="18" WC="0.96" CONTENT="att"/><SP WIDTH="23" VPOS="1245" HPOS="526"/>
							<String ID="string_275" HPOS="549" VPOS="1250" WIDTH="26" HEIGHT="13" WC="0.96" CONTENT="en"/><SP WIDTH="16" VPOS="1250" HPOS="575"/>
							<String ID="string_276" HPOS="591" VPOS="1244" WIDTH="82" HEIGHT="19" WC="0.95" CONTENT="mindre"/><SP WIDTH="15" VPOS="1244" HPOS="673"/>
							<String ID="string_277" HPOS="688" VPOS="1244" WIDTH="34" HEIGHT="19" WC="0.95" CONTENT="del"/><SP WIDTH="16" VPOS="1244" HPOS="722"/>
							<String ID="string_278" HPOS="738" VPOS="1245" WIDTH="59" HEIGHT="18" WC="0.96" CONTENT="utses"/><SP WIDTH="16" VPOS="1245" HPOS="797"/>
							<String ID="string_279" HPOS="813" VPOS="1243" WIDTH="33" HEIGHT="20" WC="0.96" CONTENT="till"/><SP WIDTH="15" VPOS="1243" HPOS="846"/>
							<String ID="string_280" HPOS="861" VPOS="1243" WIDTH="126" HEIGHT="26" WC="0.96" CONTENT="beständiga"/>
						</TextLine>
						<TextLine ID="line_32" HPOS="224" VPOS="1277" WIDTH="762" HEIGHT="27">
							<String ID="string_281" HPOS="224" VPOS="1278" WIDTH="134" HEIGHT="26" WC="0.96" CONTENT="fullmäktige"/><SP WIDTH="16" VPOS="1278" HPOS="358"/>
							<String ID="string_282" HPOS="374" VPOS="1278" WIDTH="41" HEIGHT="20" WC="0.96" CONTENT="och"/><SP WIDTH="16" VPOS="1278" HPOS="415"/>
							<String ID="string_283" HPOS="431" VPOS="1279" WIDTH="30" HEIGHT="18" WC="0.96" CONTENT="att"/><SP WIDTH="16" VPOS="1279" HPOS="461"/>
							<String ID="string_284" HPOS="477" VPOS="1278" WIDTH="59" HEIGHT="20" WC="0.96" CONTENT="detta"/><SP WIDTH="15" VPOS="1278" HPOS="536"/>
							<String ID="string_285" HPOS="551" VPOS="1278" WIDTH="59" HEIGHT="20" WC="0.96" CONTENT="antal"/><SP WIDTH="15" VPOS="1278" HPOS="610"/>
							<String ID="string_286" HPOS="625" VPOS="1279" WIDTH="35" HEIGHT="18" WC="0.93" CONTENT="vid"/><SP WIDTH="15" VPOS="1279" HPOS="660"/>
							<String ID="string_287" HPOS="675" VPOS="1279" WIDTH="106" HEIGHT="25" WC="0.91" CONTENT="vigtigare"/><SP WIDTH="15" VPOS="1279" HPOS="781"/>
							<String ID="string_288" HPOS="796" VPOS="1277" WIDTH="82" HEIGHT="27" WC="0.92" CONTENT="frågors"/><SP WIDTH="16" VPOS="1277" HPOS="878"/>
							<String ID="string_289" HPOS="894" VPOS="1277" WIDTH="92" HEIGHT="20" WC="0.92" CONTENT="behand-"/>
						</TextLine>
						<TextLine ID="line_33" HPOS="223" VPOS="1311" WIDTH="763" HEIGHT="28">
							<String ID="string_290" HPOS="223" VPOS="1312" WIDTH="46" HEIGHT="26" WC="0.96" CONTENT="ling"/><SP WIDTH="16" VPOS="1312" HPOS="269"/>
							<String ID="string_291" HPOS="285" VPOS="1313" WIDTH="85" HEIGHT="19" WC="0.96" CONTENT="förökas"/><SP WIDTH="15" VPOS="1313" HPOS="370"/>
							<String ID="string_292" HPOS="385" VPOS="1311" WIDTH="28" HEIGHT="28" WC="0.96" CONTENT="på"/><SP WIDTH="15" VPOS="1311" HPOS="413"/>
							<String ID="string_293" HPOS="428" VPOS="1313" WIDTH="43" HEIGHT="20" WC="0.93" CONTENT="sätt"/><SP WIDTH="14" VPOS="1313" HPOS="471"/>
							<String ID="string_294" HPOS="485" VPOS="1312" WIDTH="15" HEIGHT="27" WC="0.89" CONTENT="&amp;"/><SP WIDTH="15" VPOS="1312" HPOS="500"/>
							<String ID="string_295" HPOS="515" VPOS="1312" WIDTH="125" HEIGHT="21" WC="0.94" CONTENT="innehåller."/><SP WIDTH="31" VPOS="1312" HPOS="640"/>
							<String ID="string_296" HPOS="671" VPOS="1313" WIDTH="31" HEIGHT="20" WC="0.94" CONTENT="De"/><SP WIDTH="21" VPOS="1313" HPOS="702"/>
							<String ID="string_297" HPOS="723" VPOS="1313" WIDTH="37" HEIGHT="19" WC="0.96" CONTENT="der"/><SP WIDTH="22" VPOS="1313" HPOS="760"/>
							<String ID="string_298" HPOS="782" VPOS="1312" WIDTH="136" HEIGHT="27" WC="0.93" CONTENT="uppräknade"/><SP WIDTH="22" VPOS="1312" HPOS="918"/>
							<String ID="string_299" HPOS="940" VPOS="1317" WIDTH="46" HEIGHT="14" WC="0.93" CONTENT="mo-"/>
						</TextLine>
						<TextLine ID="line_34" HPOS="224" VPOS="1345" WIDTH="762" HEIGHT="28">
							<String ID="string_300" HPOS="224" VPOS="1348" WIDTH="85" HEIGHT="19" WC="0.91" CONTENT="menten"/><SP WIDTH="23" VPOS="1348" HPOS="309"/>
							<String ID="string_301" HPOS="332" VPOS="1353" WIDTH="63" HEIGHT="14" WC="0.96" CONTENT="anser"/><SP WIDTH="19" VPOS="1353" HPOS="395"/>
							<String ID="string_302" HPOS="414" VPOS="1347" WIDTH="40" HEIGHT="26" WC="0.96" CONTENT="jag"/><SP WIDTH="22" VPOS="1347" HPOS="454"/>
							<String ID="string_303" HPOS="476" VPOS="1347" WIDTH="62" HEIGHT="20" WC="0.96" CONTENT="äfven"/><SP WIDTH="19" VPOS="1347" HPOS="538"/>
							<String ID="string_304" HPOS="557" VPOS="1347" WIDTH="103" HEIGHT="20" WC="0.96" CONTENT="innefatta"/><SP WIDTH="15" VPOS="1347" HPOS="660"/>
							<String ID="string_305" HPOS="675" VPOS="1347" WIDTH="26" HEIGHT="20" WC="0.93" CONTENT="de"/><SP WIDTH="15" VPOS="1347" HPOS="701"/>
							<String ID="string_306" HPOS="716" VPOS="1347" WIDTH="116" HEIGHT="26" WC="0.91" CONTENT="vigtigaste"/><SP WIDTH="16" VPOS="1347" HPOS="832"/>
							<String ID="string_307" HPOS="848" VPOS="1345" WIDTH="76" HEIGHT="27" WC="0.95" CONTENT="frågor,"/><SP WIDTH="16" VPOS="1345" HPOS="924"/>
							<String ID="string_308" HPOS="940" VPOS="1352" WIDTH="46" HEIGHT="13" WC="0.96" CONTENT="som"/>
						</TextLine>
						<TextLine ID="line_35" HPOS="224" VPOS="1380" WIDTH="762" HEIGHT="27">
							<String ID="string_309" HPOS="224" VPOS="1381" WIDTH="23" HEIGHT="19" WC="0.95" CONTENT="af"/><SP WIDTH="20" VPOS="1381" HPOS="247"/>
							<String ID="string_310" HPOS="267" VPOS="1381" WIDTH="134" HEIGHT="26" WC="0.96" CONTENT="fullmäktige"/><SP WIDTH="21" VPOS="1381" HPOS="401"/>
							<String ID="string_311" HPOS="422" VPOS="1381" WIDTH="72" HEIGHT="20" WC="0.90" CONTENT="kunna"/><SP WIDTH="23" VPOS="1381" HPOS="494"/>
							<String ID="string_312" HPOS="517" VPOS="1382" WIDTH="92" HEIGHT="25" WC="0.90" CONTENT="afgöras,"/><SP WIDTH="22" VPOS="1382" HPOS="609"/>
							<String ID="string_313" HPOS="631" VPOS="1381" WIDTH="109" HEIGHT="26" WC="0.91" CONTENT="nemligen"/><SP WIDTH="26" VPOS="1381" HPOS="740"/>
							<String ID="string_314" HPOS="766" VPOS="1381" WIDTH="80" HEIGHT="20" WC="0.93" CONTENT="allmän"/><SP WIDTH="21" VPOS="1381" HPOS="846"/>
							<String ID="string_315" HPOS="867" VPOS="1380" WIDTH="119" HEIGHT="26" WC="0.90" CONTENT="uttaxering"/>
						</TextLine>
						<TextLine ID="line_36" HPOS="224" VPOS="1414" WIDTH="762" HEIGHT="28">
							<String ID="string_316" HPOS="224" VPOS="1417" WIDTH="56" HEIGHT="18" WC="0.93" CONTENT="samt"/><SP WIDTH="23" VPOS="1417" HPOS="280"/>
							<String ID="string_317" HPOS="303" VPOS="1416" WIDTH="144" HEIGHT="25" WC="0.91" CONTENT="upptagandet"/><SP WIDTH="22" VPOS="1416" HPOS="447"/>
							<String ID="string_318" HPOS="469" VPOS="1416" WIDTH="24" HEIGHT="19" WC="0.96" CONTENT="af"/><SP WIDTH="12" VPOS="1416" HPOS="493"/>
							<String ID="string_319" HPOS="505" VPOS="1415" WIDTH="37" HEIGHT="20" WC="0.96" CONTENT="lån"/><SP WIDTH="15" VPOS="1415" HPOS="542"/>
							<String ID="string_320" HPOS="557" VPOS="1415" WIDTH="27" HEIGHT="27" WC="0.96" CONTENT="på"/><SP WIDTH="15" VPOS="1415" HPOS="584"/>
							<String ID="string_321" HPOS="599" VPOS="1416" WIDTH="75" HEIGHT="25" WC="0.96" CONTENT="längre"/><SP WIDTH="16" VPOS="1416" HPOS="674"/>
							<String ID="string_322" HPOS="690" VPOS="1416" WIDTH="37" HEIGHT="23" WC="0.96" CONTENT="tid,"/><SP WIDTH="16" VPOS="1416" HPOS="727"/>
							<String ID="string_323" HPOS="743" VPOS="1421" WIDTH="46" HEIGHT="14" WC="0.95" CONTENT="som"/><SP WIDTH="16" VPOS="1421" HPOS="789"/>
							<String ID="string_324" HPOS="805" VPOS="1414" WIDTH="67" HEIGHT="21" WC="0.96" CONTENT="också"/><SP WIDTH="14" VPOS="1414" HPOS="872"/>
							<String ID="string_325" HPOS="886" VPOS="1415" WIDTH="100" HEIGHT="26" WC="0.96" CONTENT="vanligen"/>
						</TextLine>
						<TextLine ID="line_37" HPOS="224" VPOS="1449" WIDTH="762" HEIGHT="27">
							<String ID="string_326" HPOS="224" VPOS="1450" WIDTH="80" HEIGHT="19" WC="0.91" CONTENT="medför"/><SP WIDTH="15" VPOS="1450" HPOS="304"/>
							<String ID="string_327" HPOS="319" VPOS="1450" WIDTH="126" HEIGHT="26" WC="0.91" CONTENT="uttaxering."/><SP WIDTH="30" VPOS="1450" HPOS="445"/>
							<String ID="string_328" HPOS="475" VPOS="1450" WIDTH="61" HEIGHT="20" WC="0.96" CONTENT="Hvad"/><SP WIDTH="16" VPOS="1450" HPOS="536"/>
							<String ID="string_329" HPOS="552" VPOS="1449" WIDTH="45" HEIGHT="21" WC="0.96" CONTENT="åter"/><SP WIDTH="14" VPOS="1449" HPOS="597"/>
							<String ID="string_330" HPOS="611" VPOS="1450" WIDTH="100" HEIGHT="20" WC="0.96" CONTENT="beträffar"/><SP WIDTH="15" VPOS="1450" HPOS="711"/>
							<String ID="string_331" HPOS="726" VPOS="1450" WIDTH="128" HEIGHT="26" WC="0.95" CONTENT="försäljning"/><SP WIDTH="15" VPOS="1450" HPOS="854"/>
							<String ID="string_332" HPOS="869" VPOS="1449" WIDTH="40" HEIGHT="20" WC="0.96" CONTENT="och"/><SP WIDTH="12" VPOS="1449" HPOS="909"/>
							<String ID="string_333" HPOS="921" VPOS="1449" WIDTH="65" HEIGHT="26" WC="0.96" CONTENT="inköp"/>
						</TextLine>
					</TextBlock>
				</ComposedBlock>
			</PrintSpace>
		</Page>
	</Layout>
</alto>
