1109 1817
447 176 39 18 Den
499 177 11 17 3
522 177 48 17 Juni.
822 177 44 18 1821

130 235 156 25 sammanhang
309 235 48 19 med
372 234 14 27 &
402 235 27 19 50
445 235 113 26 företagas,
574 234 78 20 tillåter
665 235 39 26 jag
719 235 45 26 mig
779 237 31 18 att
826 236 6 19 i
848 235 42 20 allo

130 269 117 20 äterhemta
263 269 55 19 hvad
331 269 39 26 jag
385 269 84 26 yttrade
485 270 65 19 första
565 268 85 27 gängen
660 264 12 36 &
691 269 12 20 3
715 270 88 23 förevar,
814 270 7 19 i
834 270 57 26 syfte

130 305 31 18 att
176 303 83 26 förhöja
281 303 235 26 tillverkningsskatten
532 304 47 19 med
596 303 26 20 20
639 304 68 25 penni,
723 303 110 20 hvaremot
850 304 40 20 den

130 338 121 25 föreslagna
266 337 242 26 utskänkningsskatten
525 338 68 19 skulle
609 338 96 19 minskas
721 338 48 19 med
781 338 28 19 20
820 339 69 25 penni.

129 372 42 25 Jag
191 371 103 20 vidhåller
309 372 56 19 ännu
381 372 40 19 den
437 371 62 26 äsigt,
516 373 31 18 att
563 371 59 20 såväl
638 372 140 25 minuterings
795 379 47 13 som
857 374 33 18 ut-

129 406 220 25 skänkningsskatten
372 405 69 20 skulle
463 406 130 19 bestämmas
616 406 33 19 till
672 406 75 19 endast
770 406 27 20 20
821 407 69 25 penni,

130 447 47 13 som
200 441 85 19 odeladt
303 440 63 19 borde
381 440 85 19 tillfalla
481 440 88 23 kronan,
585 440 19 25 ej
623 439 72 20 säsom
711 440 108 20 Utskottet
835 441 55 20 före-

130 475 71 26 slagit,
217 475 32 19 till
265 481 26 13 en
307 475 33 18 del
355 475 130 19 kommuner.

199 509 52 19 Herr
266 509 181 25 Tengström:
471 508 45 20 Den
532 507 161 27 ifrägavarande
709 509 106 20 särskilda
830 509 60 20 skat-

128 544 36 18 ten
180 543 31 19 för
227 543 127 26 minutering
369 543 40 20 och
425 543 146 26 utskänkning
587 543 68 19 skulle
669 543 39 25 jag
719 549 51 13 anse
781 550 51 13 vara
843 543 46 20 dels

128 577 89 19 orättvis
233 577 39 20 och
288 577 113 23 irrationel,
417 577 45 20 dels
478 576 66 21 också
559 577 49 20 leda
618 577 32 19 till
661 577 74 19 skada.
758 577 46 20 Den
815 579 75 25 egent-

129 611 44 26 liga
195 612 186 19 bränvinsskatten
404 613 23 18 är
451 611 18 26 ej
486 611 66 26 nägot
568 613 64 18 annat
647 612 28 19 än
691 618 26 13 en
732 612 158 20 konsumtions-

130 645 63 24 skatt,
210 652 46 13 som
271 645 115 26 förskjutes
401 646 23 19 af
437 646 136 19 tillverkaren
585 646 40 19 och
641 646 71 19 vidare
728 645 68 20 hälles
811 647 78 19 honom

128 679 105 20 tillhanda
256 680 23 19 af
299 680 140 19 minuteraren
455 680 51 19 eller
522 680 149 22 utskänkaren,
685 686 46 13 som
747 680 55 26 köpa
817 687 71 13 varan.

128 713 82 20 Genom
226 716 31 17 att
272 714 123 26 ytterligare
410 714 36 19 vid
460 714 165 20 konsumtionen
641 714 92 26 belägga
748 714 40 20 den
804 714 86 26 engäng

128 748 56 20 förut
204 748 125 20 beskattade
353 755 65 13 varan
443 749 48 19 med
517 755 29 19 ny
577 748 62 23 skatt,
668 748 68 20 blefve
764 749 125 19 densamma

128 782 77 26 belagd
228 783 49 19 med
299 783 76 19 dubbel
397 783 222 23 komsumtionsskatt,
643 783 40 19 och
699 784 58 18 detta
773 783 69 20 skulle
858 784 31 19 för

128 817 42 19 den
191 817 82 19 mindre
295 817 123 19 bemedlade
436 818 65 18 blifva
517 817 31 19 till
565 818 43 18 stor
623 819 72 23 tunga,
711 816 27 20 dä
753 818 94 19 deremot
862 818 26 19 de

128 852 119 25 förmögna,
270 858 46 13 som
337 852 55 25 köpa
414 852 110 19 bränvinet
547 852 139 19 annorstädes
709 852 28 19 än
759 852 40 20 hos
819 852 69 20 minu-

128 887 69 18 terare
219 886 40 19 och
281 886 129 19 utskänkare
431 886 18 25 ej
466 886 91 19 behöfde
572 886 87 26 erlägga
675 886 40 19 den
730 886 103 26 förnyade
848 886 40 20 och

129 920 98 25 förhöjda
249 920 91 20 skatten.
372 920 45 20 Den
441 926 49 14 vore
512 919 84 21 säledes
612 922 88 18 orättvis
716 920 40 20 och
771 921 117 23 irrationel;

128 954 42 19 den
186 954 69 20 skulle
270 954 66 20 ocksä
351 954 64 20 blifva
431 954 91 26 skadlig.
545 954 46 20 Den
607 955 74 22 blefve,
698 954 71 20 säsom
780 955 108 20 Utskottet

129 988 52 26 sjelf
203 989 111 19 anmärker
332 995 26 13 en
373 989 78 25 premie
467 989 32 19 för
514 989 155 19 lönnbrännare
685 989 40 19 och
740 989 148 26 lönnkrögare.

130 1022 45 20 Den
198 1023 192 25 omständigheten,
412 1025 31 17 att
465 1024 26 18 de
514 1024 159 25 privilegierade
691 1024 142 19 minuterarne
848 1024 40 19 och

128 1056 145 20 utskänkarne
289 1058 68 18 skulle
372 1058 71 18 kunna
458 1058 72 19 utöfva
546 1058 91 19 kontroll
653 1056 27 27 pä
691 1058 53 22 dem,
757 1064 47 13 som
814 1058 75 26 gjorde

128 1091 49 19 dem
198 1090 83 27 förfäng
295 1092 40 19 och
351 1091 91 26 inträng,
457 1092 38 19 vill
508 1092 39 26 jag
564 1092 88 19 besvara
667 1092 48 19 med
731 1092 26 19 de
772 1092 53 23 skäl,
842 1098 46 14 som

129 1126 64 19 redan
216 1126 23 19 af
260 1132 26 13 en
307 1129 108 16 reservant
431 1126 51 19 Herr
498 1126 111 23 Ehrnroth,
625 1127 87 18 anförts.
743 1126 30 19 De
789 1126 51 26 lyda
856 1126 32 20 sä-

128 1159 75 20 lunda:
235 1160 60 23 ,Men
318 1159 27 26 pä
366 1161 106 25 krögeriet
493 1161 66 19 redan
581 1161 7 18 i
610 1161 113 25 grannbyn
741 1161 75 19 verkar
831 1161 58 19 detta

128 1195 51 25 föga
194 1194 51 19 eller
260 1195 53 18 intet
327 1195 40 19 och
383 1197 30 16 att
429 1195 66 19 drifva
511 1195 162 26 konsegvensen
688 1195 56 19 ända
759 1195 87 22 derhän,
858 1197 32 18 att

128 1228 75 26 hvarje
218 1229 29 26 by
261 1229 64 19 borde
341 1229 67 19 förses
423 1229 49 19 med
487 1235 27 14 en
529 1229 60 25 krog,
605 1229 35 19 det
655 1229 54 19 lärer
725 1229 54 20 dock
794 1228 21 21 fä
825 1235 64 14 anses

128 1264 77 18 nästan
221 1263 31 19 för
267 1262 153 27 öfverdädigt.*
451 1263 40 20 Om
507 1263 41 19 den
564 1262 26 27 pä
606 1263 177 26 utminuteringen
799 1263 41 20 och
855 1265 34 17 ut-

128 1297 150 26 skänkningen
301 1297 63 26 lagda
385 1297 57 20 skatt
462 1297 69 20 blefve
552 1297 33 20 till
606 1298 67 18 större
693 1297 51 20 eller
758 1297 82 20 mindre
855 1297 35 20 del

128 1331 77 26 tillagd
227 1331 135 24 kommunen,
384 1331 24 20 sä
431 1332 69 19 skulle
523 1332 41 19 den
587 1331 66 20 blifva
669 1338 26 13 en
710 1332 95 19 lockelse
820 1333 31 18 att
866 1338 24 13 se

127 1371 79 20 genom
221 1365 107 26 fingrarna
344 1367 47 18 med
406 1367 135 25 oordningar,
557 1372 47 13 som
619 1365 85 20 komme
720 1367 30 18 att
765 1366 86 19 inträffa
863 1365 27 27 pä

128 1400 65 19 dessa
209 1395 150 31 försäljnings-
373 1401 40 19 och
429 1400 243 26 utskänkningsställen,
688 1400 19 25 ej
724 1401 68 25 precis
807 1401 23 18 af
843 1406 47 20 per-

128 1434 72 25 sonlig
215 1436 116 25 egennytta
347 1435 39 20 hos
397 1435 142 20 kommunens
551 1434 143 24 medlemmar,
705 1436 51 18 utan
768 1435 23 19 af
799 1435 91 20 intresse

128 1469 32 19 för
176 1469 140 20 kommunens
332 1469 108 20 allmänna
455 1471 68 24 nyttä,
539 1468 73 21 säsom
621 1469 35 19 det
667 1469 69 20 skulle
746 1469 56 20 heta.
823 1469 67 20 Hvar-
