1109 1817
444 168 38 17 Den
495 169 11 17 5
518 168 47 17 Juni.
819 168 44 18 1983

124 227 34 20 till
180 227 120 19 inrättande
323 227 22 19 af
365 227 111 23 värdshus,
498 227 105 22 kaffehus,
624 227 87 22 källare,
727 227 92 19 traktörs
836 227 51 20 eller

125 268 72 13 annan
213 261 60 26 dylik
288 261 78 20 rörelse
381 261 51 20 eller
447 261 82 25 näring,
545 261 101 19 hvarmed
662 261 92 26 burskap
770 261 19 26 ej
807 262 22 19 är
845 261 42 19 för-

124 297 87 22 enadt*,
226 295 73 20 hvilka
313 295 138 20 resolutioner
466 295 69 20 skulle
550 295 95 20 utfärdas
660 294 27 27 på
702 295 60 19 karta
774 295 46 20 från
825 290 12 36 5
855 295 33 20 till

128 330 40 20 100
194 330 59 19 mark
278 330 39 19 och
340 330 124 26 ytterligare
483 330 67 19 under
565 336 63 13 mom.
645 329 12 20 5
674 329 170 24 ,tillståndsbref
857 331 31 18 att

125 365 52 19 idka
191 365 118 19 handtverk
325 363 26 27 på
366 365 92 18 landet".
490 364 60 19 Hvad
566 364 39 19 här
619 364 7 19 i
642 364 40 19 den
698 363 78 26 nådiga
793 364 95 25 proposi-

125 399 74 20 tionen
222 399 23 19 är
267 399 88 19 nämndt
377 405 34 13 om
435 399 64 18 dessa
522 398 148 26 expeditioner,
690 398 39 19 har
744 399 23 18 af
780 398 108 19 Utskottet

125 433 137 20 oförändradt
283 433 121 26 föreslagits
419 433 33 19 till
467 433 127 26 antagande.
625 433 42 19 Vid
682 433 58 19 detta
755 433 89 23 tillfälle,
861 431 27 21 då

126 468 71 19 denna
212 467 133 26 förteckning
360 468 59 19 öfver
433 467 172 26 expeditionerna
620 467 109 26 upplästes
740 467 29 19 uti
781 467 108 20 Utskottet

126 508 38 13 var
177 503 40 25 jag
232 502 23 19 af
268 502 83 19 enskild
367 501 115 26 anledning
497 501 141 20 frånvarande
653 501 40 20 och
704 501 49 20 kom
764 502 47 19 icke
822 501 66 20 heller

126 537 36 18 vid
186 536 129 26 afgifvandet
338 537 22 18 af
382 536 42 19 min
448 536 130 19 reservation
597 537 31 18 att
643 536 69 19 erinra
727 537 44 24 mig
787 536 39 19 den
843 542 46 13 om-

127 571 157 25 ständigheten,
307 571 30 18 att
357 571 131 18 beträffande
508 570 137 19 landthandel
661 570 40 19 och
717 570 117 20 handtverk
850 577 39 12 nu-

127 611 58 13 mera
200 605 47 19 icke
263 605 93 19 utfärdas
372 603 71 27 någon
458 603 232 23 tillståndsresolution,
706 606 51 18 utan
767 603 121 27 omgången

126 640 25 19 är
173 639 47 23 den,
242 645 46 13 som
311 639 136 19 föreskrifves
466 639 6 19 i
487 639 151 25 förordningen
654 639 23 19 af
690 639 40 19 den
747 639 27 19 24
789 639 100 19 Februari

130 673 60 23 1868,
207 675 31 17 att
253 673 120 25 ansökning
389 673 71 19 derom
476 673 56 19 skall
543 674 64 24 göras
617 673 40 19 hos
667 673 163 25 länestyrelsen,
842 679 47 13 som

126 708 95 19 utfärdar
235 707 78 25 utslag,
328 707 73 19 hvilka
417 707 65 19 sedan
498 707 73 19 kunna
586 714 77 18 genom
679 708 76 18 besvär
766 707 78 25 dragas
854 706 33 20 till

126 742 122 25 Kejserliga
269 741 98 20 Senaten.
398 741 86 19 Samma
507 742 23 18 är
552 740 141 20 förhållandet
716 741 130 19 beträffande
862 741 26 19 de

127 776 67 19 under
216 782 63 13 mom.
301 776 13 18 4
334 776 92 19 nämnda
441 776 148 25 expeditioner,
606 776 36 19 der
658 776 91 25 burskap
764 776 47 19 icke
827 775 61 19 kom-

126 817 46 13 mer
194 811 7 19 i
224 809 65 27 fråga,
312 810 91 20 likasom
424 810 61 20 äfven
509 809 110 27 angående
635 810 117 19 handtverk
767 809 27 26 på
809 810 78 19 landet.

126 844 42 20 Det
189 845 23 19 är
237 846 30 18 ett
289 844 132 26 upprepande
443 845 23 19 af
487 850 82 14 samma
589 844 45 20 sak.
665 844 41 26 Jag
722 844 69 20 skulle
807 844 81 19 derföre

127 878 84 24 föreslå,
235 880 30 18 att
280 879 63 19 dessa
359 879 159 25 bestämningar
533 880 56 24 finge
605 878 46 20 från
667 879 40 19 den
723 879 106 19 blifvande
846 879 42 19 för-

126 914 119 25 ordningen
266 914 128 19 bortlemnas
415 913 40 20 och
481 914 69 19 denna
573 914 6 18 i
603 912 76 21 sådant
695 914 100 19 afseende
810 914 78 18 omfor-

127 948 100 19 muleras.

197 982 52 20 Herr
271 982 180 26 Tengström:
482 981 32 21 Då
538 982 35 20 det
594 989 28 13 nu
643 988 72 20 synes,
731 984 32 17 att
777 982 49 19 hela
842 981 14 27 $
872 982 12 19 5

126 1016 50 20 med
199 1016 69 20 dertill
293 1016 76 26 fogade
393 1016 64 26 långa
481 1017 134 25 förteckning
640 1016 7 20 i
673 1018 30 18 ett
729 1016 158 26 sammanhang

126 1052 63 24 tages
204 1051 66 19 under
285 1051 98 26 pröfning
397 1050 41 20 och
453 1051 48 19 icke
516 1050 119 26 genomgäs
650 1051 67 25 punkt
732 1051 31 19 för
779 1050 72 26 punkt,
864 1049 25 21 sä

127 1084 32 20 får
180 1085 40 26 jag
242 1086 101 19 särskildt
365 1086 47 19 med
428 1086 100 19 afseende
544 1084 13 20 å
572 1085 110 23 certifikat,
698 1084 27 20 dä
741 1085 85 19 dermed
842 1085 47 19 icke

127 1126 74 13 menas
225 1120 193 25 fartygscertifikat,
441 1126 46 13 som
510 1119 67 20 också
599 1120 69 19 kallas
691 1120 72 19 fribref
777 1120 51 19 eller
843 1119 46 19 hel-

126 1153 127 24 frihetsbref,
277 1154 72 19 förena
364 1155 44 24 mig
423 1154 48 19 med
487 1154 53 19 Herr
555 1153 98 20 Boström
668 1160 35 13 om
719 1154 38 19 den
775 1154 22 19 af
811 1153 78 20 honom

127 1187 94 20 uttalade
237 1187 62 27 åsigt.
322 1188 40 19 Det
377 1189 23 18 är
416 1195 25 12 en
457 1188 64 19 bland
537 1188 26 19 de
579 1187 77 27 många
675 1188 151 25 förhöjningar,
843 1194 46 13 som

127 1221 114 24 Utskottet,
264 1222 87 19 oaktadt
374 1223 32 18 sin
429 1223 113 19 financiela
558 1222 192 26 samvetsgranhet,
765 1222 39 19 har
819 1223 71 18 ansett

128 1257 34 24 sig
184 1255 111 21 föranlåtet
317 1258 31 18 att
362 1257 58 25 göra.
451 1257 32 19 En
499 1263 70 13 annan
585 1257 23 19 är
621 1258 30 18 att
666 1256 27 27 på
708 1257 61 19 sidan
787 1256 24 20 13
828 1257 6 18 i
850 1256 41 19 den

128 1289 79 26 nådiga
226 1291 162 25 propositionen,
405 1297 46 13 som
466 1291 7 19 i
489 1291 70 19 denna
574 1291 34 20 del
623 1292 24 19 af
659 1291 104 20 utskottet
777 1287 113 34 godkänts,

127 1324 142 20 förekommer
291 1325 158 20 helfrihetsbref
469 1325 87 26 belagdt
578 1326 49 19 med
651 1325 25 20 10
692 1325 63 26 penni
770 1325 32 20 för
817 1324 74 25 hvarje

127 1359 49 23 läst,
199 1359 81 20 hvilket
303 1360 32 19 för
357 1361 29 18 ett
408 1360 123 19 medelstort
547 1360 72 25 fartyg
633 1366 35 13 om
684 1359 41 20 300
741 1359 66 20 läster
822 1359 69 20 skulle

126 1394 54 25 göra
202 1393 47 20 icke
268 1394 81 19 mindre
365 1395 27 18 än
408 1393 27 20 30
451 1394 67 19 mark.
550 1394 129 26 Härigenom
694 1394 92 23 komme,
802 1393 27 20 då
844 1393 47 20 hel-

127 1427 123 20 frihetsbref
272 1428 55 19 skall
354 1429 99 25 ombytas
478 1428 75 26 hvarje
575 1427 58 27 gång
656 1430 30 18 ett
708 1429 71 25 fartyg
793 1428 98 26 ombyter

127 1468 70 20 egare,
219 1463 52 19 först
291 1463 31 19 för
337 1463 147 26 köpebrefvets
499 1463 109 25 kartering
623 1464 31 18 att
669 1463 81 19 betalas
766 1469 26 13 en
808 1462 83 26 ganska
