1109 1817
250 149 45 17 2132
542 148 38 18 Den
595 148 21 18 12
628 148 47 18 Juni.

225 207 33 20 fär
271 208 39 25 jag
326 208 87 22 derföre,
429 207 48 19 med
492 207 137 20 förkastande
645 208 22 18 af
682 207 117 19 utskottets
821 206 166 27 sammanjemk-

225 241 152 26 ningsförslag,
393 240 93 21 vidhålla
501 241 44 19 min
560 241 7 19 i
583 242 71 19 ämnet
670 241 80 26 afgifna
766 241 136 20 reservation.

295 276 52 19 Herr
362 276 149 19 Molander:
542 270 69 25 Äfven
627 275 36 26 jag
679 281 62 14 anser
756 274 185 27 Borgareständet,
960 273 26 27 pä

225 311 26 18 de
267 310 47 19 skäl
330 309 127 27 föregående
472 309 66 20 talare
554 310 74 23 anfört,
644 310 51 19 böra
711 308 95 21 vidhålla
822 310 37 19 sitt
874 310 55 19 förut
946 309 40 20 fat-

224 344 49 20 tade
289 344 75 19 beslut.

294 379 52 19 Herr
362 378 167 20 Granström:
560 378 69 20 Jemte
645 379 34 19 det
693 377 39 26 jag
747 377 33 20 får
795 379 98 22 förklara,
909 380 30 17 att
947 378 39 26 jag

223 413 48 19 icke
287 413 56 20 inom
359 413 103 19 utskottet
478 413 91 26 bidragit
583 412 33 19 till
631 419 28 12 nu
671 411 163 27 ifrågavarande
845 412 140 25 bestämning,

223 447 50 20 ville
286 448 40 25 jag
340 447 169 26 tillkännagifva,
525 448 31 18 att
569 447 38 25 jag
623 447 47 19 icke
685 447 42 19 kan
743 447 116 25 godkänna
871 447 114 19 utskottets

222 482 119 19 förfarande
357 481 52 20 häri.

292 516 52 19 Herr
359 515 115 20 Kurtén:
504 510 71 25 Äfven
587 515 40 26 jag
642 514 101 23 anhåller,
761 516 32 18 att
807 514 177 27 Borgareståndet

222 549 67 21 måtte
311 550 101 19 vidblifva
435 551 36 18 sitt
493 550 55 19 förut
569 549 26 26 på
610 549 75 26 giltiga
701 549 48 20 skäl
764 550 80 19 fattade
859 549 70 20 beslut
943 549 41 20 och

221 585 48 19 icke
284 585 114 25 godkänna
413 583 70 27 någon
499 584 84 26 förhöjd
599 584 218 25 kartasigillataafgift
833 583 26 26 på
874 583 109 20 helfrihets

221 619 41 20 och
277 619 108 19 mätebref.

291 654 51 19 Herr
363 653 128 20 Masalin:
521 653 41 19 För
585 653 44 18 min
653 652 34 19 del
709 652 71 19 skulle
801 652 39 25 jag
855 651 45 20 åter
914 651 68 20 tillåta

221 688 45 26 mig
287 689 31 18 att
341 688 83 18 förorda
447 687 120 25 antagande
587 687 23 19 af
630 686 115 20 utskottets
769 686 140 20 betänkande.
942 686 40 19 Det

220 728 50 13 vore
286 723 29 18 ett
330 720 186 27 tillmötesgående
531 720 27 26 på
573 727 82 13 samma
676 722 49 21 sätt,
747 726 48 14 som
817 726 53 20 nyss
893 721 23 19 af
931 720 51 20 Bor-

220 755 137 27 gareståndet
377 756 94 26 gjordes,
492 754 27 21 då
542 756 35 19 det
599 755 88 26 medgaf
702 755 94 25 lindring
811 755 7 19 i
833 761 26 13 en
875 756 60 24 afgift
951 756 31 18 för

220 790 107 26 allmogen
343 789 27 27 på
385 790 77 19 landet.

290 825 51 19 Herr
356 824 144 20 Mechelin:
531 822 32 21 Då
579 830 26 13 en
621 824 44 19 röst
679 823 48 26 höjt
743 824 34 25 sig
793 825 44 18 mot
857 824 123 19 vidblifvan-

220 860 35 18 det
271 860 23 18 af
307 858 188 26 Borgareståndets
510 858 75 23 beslut,
601 858 37 19 ber
653 858 37 26 jag
705 859 31 18 att
751 856 22 21 få
789 856 117 24 framhålla,
917 858 63 19 huru-

219 900 47 13 som
289 895 30 18 ett
341 894 132 25 konseqvent
491 892 143 20 vidblifvande
650 892 23 19 af
685 892 112 26 principer,
813 894 30 17 att
858 892 122 26 förhöjning

219 928 23 19 af
264 927 269 26 stämpelpappersafgiften
551 933 28 13 nu
594 926 47 20 icke
657 926 38 20 bör
710 932 41 20 ega
765 933 47 12 rum
827 928 59 17 utom
902 926 24 19 de
942 932 38 13 an-

219 962 37 19 dra
279 962 53 22 skäl,
353 968 46 13 som
415 961 38 19 här
468 962 87 21 anförts,
571 961 54 19 talar
640 961 37 23 för,
693 962 31 18 att
739 959 179 27 Borgareståndet
933 960 47 20 icke

218 996 38 19 bör
271 997 78 24 antaga
365 995 114 20 utskottets
490 995 310 26 sammanjemkningsförslag.
825 995 41 19 Det
877 996 22 18 är
910 997 68 20 sannt,

218 1031 31 18 att
271 1030 100 20 förstärkt
394 1030 214 26 Bevillningsutskott
631 1030 123 25 derigenom
775 1029 111 23 behöfves;
908 1029 70 19 men
966 1025 16 35 i

217 1064 58 20 detta
291 1064 81 20 utskott
387 1063 68 21 måste
471 1063 165 27 tvåtredjedelar
651 1065 58 19 rösta
724 1064 32 19 för
771 1064 116 19 utskottets
905 1064 73 19 betän-

217 1099 76 23 kande,
315 1099 32 19 för
370 1101 30 17 att
423 1099 40 23 det,
487 1097 27 21 då
536 1098 35 20 det
593 1099 55 19 afser
671 1105 26 13 en
720 1098 129 26 förhöjning,
873 1098 55 19 skall
950 1096 28 27 gå

217 1133 93 25 igenom.

285 1167 52 19 Herr
361 1167 160 19 Talmannen
543 1167 132 19 framställde
690 1173 29 13 nu
734 1167 33 18 till
783 1166 89 21 Ståndet
884 1167 92 25 följande

217 1201 163 26 propositioner:

286 1235 125 25 Proposition
432 1235 39 20 N:o
493 1236 17 19 1.
542 1235 127 20 Godkänner
685 1233 89 22 Ståndet
789 1235 115 20 utskottets
920 1241 56 14 sam-

215 1270 261 25 manjemkningsförslag,
499 1269 112 26 angående
634 1270 40 19 den
689 1270 24 19 af
726 1269 90 20 Ståndet
831 1271 31 18 för
878 1270 49 19 dess
943 1270 33 19 del

214 1304 99 19 beslutna
327 1304 101 26 rättighet
443 1304 32 19 för
489 1304 158 19 vederbörande
662 1305 31 18 att
707 1304 7 19 i
730 1304 59 19 vissa
804 1304 37 19 fall
852 1304 32 19 till
895 1304 81 26 fyllnad

214 1339 23 18 af
251 1339 90 25 stadgad
356 1338 116 19 kontrollör
487 1339 98 25 begagna
606 1338 179 26 stämpelmärken
808 1338 32 19 till
863 1339 25 19 de
910 1339 66 19 under

213 1371 30 27 88
258 1372 13 19 5
287 1372 40 19 och
343 1372 12 19 6
372 1373 129 19 omnämnda
516 1373 150 25 expeditioner,
681 1373 8 19 i
704 1373 53 25 följd
767 1372 77 20 hvaraf
852 1373 68 19 denna
932 1374 43 18 rät-

213 1405 69 26 tighet
303 1406 69 19 skulle
393 1407 89 23 förfalla,
504 1407 51 19 eller
576 1413 62 13 anser
661 1407 33 25 sig
715 1405 86 21 ståndet
816 1407 50 19 böra
881 1406 94 21 vidhålla

215 1441 33 20 sin
265 1439 56 28 åsigt
336 1441 7 18 i
359 1441 57 19 detta
431 1441 137 20 hänseende?
