1109 1817
442 179 39 17 Den
493 179 24 18 29
528 179 43 23 Maj.
821 180 45 18 1639

127 238 50 26 diga
197 237 157 26 propositionen
376 243 46 14 som
445 237 116 20 utskottets
577 237 140 23 betänkande,
734 239 31 18 att
780 238 109 25 nemligen

127 271 226 26 taxeringsnämndens
377 271 75 26 åtgärd
474 272 38 19 bör
532 272 109 19 betraktas
657 271 72 20 såsom
745 273 30 18 ett
790 272 100 26 kompro-

126 306 131 26 missutslag,
281 307 58 18 öfver
361 306 82 19 hvilket
463 306 75 19 besvär
553 306 48 19 icke
616 305 32 20 får
663 306 92 23 anföras,
771 306 41 20 och
827 313 63 14 anser

127 341 45 26 mig
187 341 80 19 derföre
282 341 51 19 böra
348 340 109 26 tillstyrka
473 342 29 17 ett
518 341 156 25 godkännande
690 341 23 19 af
726 340 57 20 hvad
801 341 89 20 Utskot-

127 377 42 18 tets
184 375 133 20 betänkande
332 375 7 19 i
355 375 69 19 denna
439 374 14 27 &
469 373 124 21 innehåller.

196 409 52 20 Herr
263 409 140 20 Molander:
429 409 9 19 I
454 409 117 26 anledning
585 409 23 19 af
617 409 52 19 Herr
679 409 104 20 Masalins
795 409 95 20 uttalade

127 444 89 24 önskan,
232 445 31 18 att
277 443 21 20 få
313 444 70 19 denna
397 443 15 27 &
430 443 127 20 formulerad
573 444 6 19 i
595 443 224 20 öfverensstämmelse
842 444 48 19 med

128 478 25 20 de
176 479 138 25 stadganden,
337 485 47 13 som
399 478 58 26 gälla
472 478 90 19 rörande
578 478 123 25 bevillning,
717 480 60 24 tager
790 478 39 26 jag
845 478 45 26 mig

127 513 90 19 friheten
239 513 90 19 hänvisa
351 511 26 27 pä
399 511 50 28 &:ns
470 512 90 26 lydelse.
590 512 9 19 I
622 511 36 27 S:n
681 511 62 26 ingår
764 513 80 26 tydligt
860 514 30 18 ett

128 547 118 26 stadgande
262 548 30 18 att
307 547 129 20 kommunen
452 553 50 20 eger
517 547 42 20 rätt
574 548 31 18 att
620 547 119 19 bestämma
755 547 33 26 sig
803 547 33 20 för
848 547 40 20 den

128 581 181 26 taxeringsgrund,
330 587 47 14 som
399 581 42 20 den
463 581 53 26 sjelf
535 581 68 19 finner
625 581 95 26 lämplig.
758 581 42 20 Der
825 582 64 25 säges

128 615 117 26 nemligen:
262 615 40 24 ,då
317 615 188 26 taxeringsnämnd
521 615 67 26 enligt
604 615 69 19 denna
688 615 37 26 lag
747 615 67 20 första
835 615 55 27 gän-

128 656 41 19 gen
184 652 65 21 utses,
265 650 55 19 skall
335 650 97 25 beloppet
448 650 23 19 af
484 650 41 19 den
540 649 125 26 fattigafgift
680 655 27 14 en
722 649 52 20 hvar
789 650 24 19 af
828 650 63 20 kom-

128 690 89 13 munens
233 684 136 20 medlemmar
385 685 73 18 senast
473 682 88 27 päförts,
576 683 77 26 läggas
669 683 32 19 till
717 684 68 25 grund
801 684 32 19 för
852 684 38 19 be-

128 718 117 26 räkningen
261 718 22 20 af
296 718 54 20 hans
366 718 87 20 röstetal
469 717 89 20 såframt
573 718 18 26 ej
609 718 88 19 stadens
712 718 178 26 röstberättigade

128 752 138 20 medlemmar
288 752 133 20 derförinnan
444 753 82 19 förenat
549 752 34 26 sig
606 758 35 14 om
663 758 71 13 annan
750 752 140 26 beräknings-

128 787 68 26 grund
219 788 39 18 etc.
289 788 30 18 Af
339 787 56 19 detta
419 787 119 25 stadgande
561 788 57 18 visar
636 786 39 26 sig,
692 788 31 18 att
738 787 152 25 författningen

128 820 79 21 tillåter
221 821 143 26 bevillningen
379 822 76 25 utgöra
469 821 70 26 grund
555 821 31 20 för
602 821 169 19 bestämmandet
786 821 23 19 af
823 822 68 18 röste-

129 856 58 19 talet.
217 856 42 26 Jag
273 856 80 19 känner
369 856 109 19 dessutom
493 856 51 19 flere
561 856 77 22 städer,
654 855 65 20 bland
734 856 48 19 dem
801 856 89 26 Björne-

129 890 58 26 borg,
203 890 36 19 der
254 890 143 26 bevillningen
412 890 65 19 redan
492 890 71 26 tjenar
577 890 32 19 till
624 890 69 26 grund
710 890 32 19 för
764 890 127 26 fattigafgif-

129 926 48 18 tens
191 924 141 24 beräknande,
347 924 41 20 och
403 924 6 20 i
425 924 40 20 och
481 924 49 20 med
546 924 119 20 detsamma
680 924 102 23 kommer,
798 923 27 27 på
848 925 42 19 sätt

129 958 52 20 Herr
204 958 89 20 Masalin
316 959 83 22 önskat,
419 958 146 26 bevillningen
581 960 30 18 att
626 959 76 25 utgöra
717 958 95 26 grunden
828 959 63 19 äfven

129 992 32 20 för
183 993 68 25 öfriga
272 992 137 20 kommunala
430 993 91 25 afgifter.
552 992 61 20 Hvad
631 991 45 21 åter
691 992 132 20 vidkommer
838 992 53 20 Herr

128 1026 110 20 Boströms
254 1027 135 25 andragande
404 1027 131 19 beträffande
551 1026 14 27 &
581 1026 34 24 63,
631 1033 62 13 anser
704 1027 39 25 jag
754 1028 37 22 att,
803 1026 27 20 då
840 1033 51 13 man

129 1060 31 20 fär
183 1061 72 19 anföra
276 1062 75 18 besvär
374 1061 58 19 öfver
453 1061 143 25 debiterings-
619 1061 41 20 och
683 1061 207 26 uppbördslängden,

129 1095 67 19 deruti
212 1096 61 19 äfven
288 1096 120 25 inbegripes
423 1096 76 19 besvär
515 1096 58 19 öfver
589 1096 131 25 taxeringen,
745 1095 40 20 För
801 1096 44 19 min
857 1096 35 19 del

129 1129 69 19 skulle
214 1129 42 26 jag,
272 1128 26 27 pä
313 1130 43 19 sätt
371 1130 52 19 Herr
438 1130 94 19 Höckert
546 1130 85 23 önskat,
646 1130 63 19 äfven
725 1135 57 18 anse,
807 1131 31 18 att
860 1130 31 19 uti

128 1161 160 28 ifrägavarande
303 1163 37 20 fall
355 1163 88 20 anförda
459 1163 76 20 besvär
550 1163 64 20 borde
637 1163 86 26 afgöras
743 1163 23 20 af
785 1169 26 14 en
835 1163 57 26 pröf-

130 1197 151 26 ningskomite.

198 1231 51 20 Herr
271 1231 136 20 Masalin:
437 1232 68 19 Innan
519 1232 40 26 jag
573 1231 38 27 gär
626 1233 31 18 att
672 1232 85 20 bemöta
771 1232 26 20 de
813 1232 77 24 inkast,

129 1271 47 14 som
197 1265 69 20 blifvit
288 1266 75 26 gjorda
387 1267 56 18 emot
464 1268 79 17 tvenne
566 1267 23 18 af
601 1267 46 25 mig
661 1267 36 18 vid
713 1267 68 19 denna
797 1265 14 27 &
826 1267 66 19 fram-

129 1299 78 20 ställda
222 1300 85 25 förslag,
323 1300 107 26 nemligen
446 1301 31 18 att
488 1301 31 18 uti
532 1300 69 20 denna
611 1300 124 26 förordning
745 1302 30 18 ett
785 1300 107 20 bestämdt

129 1334 118 26 stadgande
263 1334 69 20 skulle
347 1334 80 20 införas
442 1334 80 23 derom,
538 1336 31 18 att
584 1335 76 19 besvär
672 1335 59 19 öfver
740 1334 95 27 taxering
845 1335 48 19 icko

128 1367 32 21 fär
176 1369 83 19 anföras
275 1368 40 20 och
331 1370 30 18 att
376 1368 69 20 tillika
457 1369 132 19 beträffande
600 1369 95 26 grunden
706 1369 32 20 för
748 1369 144 26 beräkningen

129 1403 22 19 af
165 1403 114 23 röstetalet,
295 1401 28 21 dä
337 1403 218 26 taxeringsnämnden
566 1403 66 20 första
642 1402 86 27 gängen
739 1403 74 26 väljes,
821 1402 71 27 nägon

128 1436 164 27 komplettering
307 1437 23 19 af
343 1437 65 19 andra
423 1439 118 18 momentet
556 1437 30 19 uti
601 1437 70 20 denna
687 1437 14 26 &
717 1437 68 20 skulle
799 1437 45 23 ske,
856 1437 37 20 ber

126 1470 40 27 jag
188 1472 30 19 att
240 1470 21 21 fä
283 1472 93 25 upptaga
399 1470 102 21 Ständets
518 1471 91 26 dyrbara
623 1471 31 20 tid
669 1471 48 20 med
733 1470 66 27 nägra
813 1471 78 26 tillägg
