1109 1817
224 160 51 32 2054
522 165 40 17 Den
576 165 9 17 7
598 164 47 17 Juni.

204 223 97 25 tillägga,
323 224 31 17 att
373 223 40 25 jag
435 223 126 25 visserligen
584 223 69 19 skulle
676 223 63 19 hafva
762 224 82 18 förenat
860 224 43 25 mig
918 224 48 18 med

205 257 53 19 Herr
274 257 73 25 Sjöros
363 263 34 14 om
413 259 30 17 ett
458 256 76 21 sådant
549 257 197 26 uppfattningssätt,
762 257 45 20 ifall
822 264 49 13 man
887 258 79 19 kunnat

204 291 91 20 hänföra
317 297 26 13 en
366 290 60 27 fråga
441 290 24 20 så
481 292 108 25 uppfattad
605 291 32 19 till
653 292 54 23 dem,
723 298 35 13 om
773 292 73 19 hvilka
862 293 35 18 det
912 292 54 19 talas

205 326 30 19 uti
252 325 12 20 6
281 325 14 26 &
311 326 22 18 af
347 326 229 25 expropriationslagen
593 326 50 19 eller
659 328 30 17 att
705 327 36 18 det
756 326 49 25 laga
823 327 55 18 kraft
897 332 70 13 vunna

205 359 95 26 utslaget
321 360 70 19 skulle
410 366 49 13 vara
479 360 43 19 lika
538 361 43 18 fast
597 367 45 12 som
659 360 24 19 H.
699 361 49 18 M:ts
765 362 48 24 eget
828 361 139 19 förordnande

205 401 35 13 om
261 394 132 26 anläggning
413 395 22 18 af
454 401 26 12 en
499 395 242 25 jernvägsfortsättning
757 395 50 19 eller
822 394 66 27 något
904 396 64 18 annat

206 429 77 25 dylikt.
313 429 48 19 Men
387 428 26 20 då
436 429 54 18 hade
513 428 66 20 också
603 429 48 25 följt
667 435 26 12 en
709 430 257 25 expropriationsprocess,

206 470 47 12 som
275 464 24 18 är
321 463 89 19 alldeles
426 463 57 19 olika
496 463 48 19 med
561 463 46 22 den,
624 469 46 13 som
686 463 7 19 i
709 464 12 18 7
737 463 15 26 &
768 463 97 24 omtalas,
882 464 35 19 der
933 463 35 19 det

205 499 24 18 är
245 496 60 27 fräga
321 503 34 13 om
371 497 122 19 afträdande
510 498 22 18 af
546 497 59 19 mark
621 498 32 19 för
668 497 96 20 enskilds
781 497 50 20 eller
848 497 119 26 menighets

207 531 66 20 behof
286 531 39 20 och
341 532 36 19 der
394 530 70 27 nägon
479 531 128 20 hemställan
624 532 46 19 icke
686 532 101 19 behöfver
802 539 40 18 ega
852 539 52 16 rum,
917 533 50 18 utan

207 567 36 18 der
269 567 34 18 det
327 567 75 18 endast
424 567 23 18 är
468 565 59 26 fråga
552 573 34 12 om
608 567 112 24 värdering
743 567 40 19 och
799 567 35 19 det
849 567 49 25 laga
914 567 54 18 kraft

205 607 72 12 vunna
293 600 92 26 utslaget
401 601 73 19 ställes
489 601 44 18 lika
549 601 48 18 med
613 601 77 25 högsta
706 601 97 19 maktens
820 601 50 19 eller
881 601 24 19 H.
919 601 48 19 M:ts

206 635 141 19 förordnande
363 641 35 13 om
414 635 122 19 afträdande
552 635 23 19 af
589 635 66 19 mark.

277 669 69 19 Sedan
369 669 150 19 diskussionen
542 669 87 19 härmed
649 669 104 23 afslutats,
770 669 130 19 framställde
916 669 52 19 Herr

207 703 168 19 Talmannen
393 704 45 18 med
456 703 86 25 ledning
558 704 22 18 af
594 704 25 18 de
633 702 85 26 äsigter,
729 710 46 12 som
789 704 103 18 derunder
904 704 63 18 fram-

208 736 80 24 hållits,
304 737 93 25 följande
413 738 163 25 propositioner:

276 772 125 24 Proposition
416 772 39 18 N:o
472 772 14 18 1.
518 771 128 20 Godkänner
662 770 87 21 Ståndet
766 772 114 19 utskottets
896 772 72 18 betän-

207 806 77 22 kande,
305 806 50 18 eller
375 808 88 23 antager
479 804 88 21 Ståndet
584 806 51 18 Herr
651 805 78 26 Sjöros'
743 806 82 25 förslag
835 808 30 17 att
876 812 25 13 en
913 805 55 20 äter-

207 840 76 18 remiss
307 840 63 19 borde
391 840 38 19 ske
452 840 47 19 med
523 840 95 25 uppdrag
641 840 32 19 till
695 840 104 19 utskottet
815 842 30 17 att
860 840 107 20 omarbeta

207 874 102 26 förslaget
324 874 7 19 i
347 874 35 19 det
397 875 62 25 syfte,
475 876 30 17 att
522 874 117 26 ersättning
656 874 31 19 för
699 874 28 19 all
739 874 65 23 mark,
816 881 46 13 som
873 874 31 20 till
915 875 51 25 väg-

207 908 132 26 anläggning
350 909 94 22 afträdts,
456 908 54 19 skall
524 908 156 20 vederbörande
689 908 113 26 jordegare
815 909 152 19 tillerkännas?

208 943 31 19 De
255 949 47 13 som
318 944 57 18 rösta
391 943 31 19 för
438 943 148 22 betänkandet,
603 949 61 12 svara
675 943 30 25 ja,
722 943 26 19 de
764 949 45 13 som
825 944 79 24 antaga
916 943 52 19 Herr

208 977 80 25 Sjöros'
304 977 85 25 förslag,
406 984 61 12 svara
483 977 36 25 nej.

276 1011 132 19 Besvarades
424 1012 48 18 med
487 1011 156 25 öfvervägande
654 1011 30 25 ja.

277 1046 124 24 Proposition
421 1046 40 19 N:o
483 1046 18 19 2.
532 1046 43 18 Vill
592 1044 87 20 Ståndet
695 1046 114 24 godkänna
824 1045 142 26 inledningen,

208 1078 67 21 sådan
299 1080 39 19 den
357 1080 7 18 i
384 1080 142 19 betänkandet
547 1080 120 22 förefinnes,
694 1080 51 18 eller
767 1083 79 22 antaga
868 1080 100 25 antingen

208 1114 51 19 Herr
276 1114 116 25 Cajanders
409 1114 49 19 eller
474 1114 52 19 Herr
541 1114 139 25 Tengströms
697 1114 79 25 förslag
794 1114 33 19 till
846 1115 122 24 förändring

208 1149 22 18 af
251 1149 138 18 densamma?
426 1148 31 19 De
481 1155 45 12 som
552 1150 78 23 antaga
654 1148 155 19 betänkandets
833 1149 135 25 ordalydelse

208 1189 62 12 svara
291 1183 30 24 ja,
347 1183 26 18 de
399 1189 46 13 som
470 1183 111 25 föredraga
606 1181 117 27 någotdera
747 1183 23 18 af
793 1183 174 19 amendementen

209 1223 62 12 svara
286 1217 37 24 nej.

278 1251 41 18 Vid
335 1251 93 19 anställd
443 1251 97 26 votering
556 1251 74 19 utföllo
646 1251 26 19 15
683 1251 25 25 ja
723 1251 40 19 och
779 1252 24 18 17
817 1251 37 25 nej.

277 1285 125 25 Proposition
424 1285 39 19 N:o
488 1286 18 19 3.
544 1286 96 25 Antager
666 1285 88 20 Ständet
777 1286 52 19 Herr
852 1285 116 25 Cajanders

208 1319 184 26 ändringsförslag
407 1320 7 18 i
430 1320 98 19 afseende
544 1319 13 20 å
572 1320 137 25 inledningen
721 1320 31 19 till
763 1320 205 25 kontraproposition

208 1355 44 18 mot
275 1354 148 22 betänkandet,
447 1354 50 19 eller
515 1355 52 18 Herr
590 1354 139 25 Tengströms
745 1354 112 19 enahanda
872 1355 96 25 förslag?

208 1387 41 20 För
263 1388 36 19 det
313 1389 56 18 förra
384 1389 69 18 röstas
469 1389 48 18 med
528 1389 31 24 ja,
575 1389 32 18 för
623 1389 34 18 det
673 1395 76 13 senare
765 1389 48 19 med
827 1389 37 24 nej.

277 1422 131 20 Besvarades
425 1423 47 19 med
488 1423 155 25 öfvervägande
654 1423 30 25 ja.
