1109 1817
436 178 41 17 Den
489 178 11 17 8
512 178 48 17 Juni.
812 178 46 18 2083

120 235 51 20 dant
193 235 116 26 stadgande
332 237 36 21 att,
391 242 35 13 om
441 236 59 19 virke
516 236 22 19 af
551 236 51 19 flere
617 235 110 26 samtidigt
743 236 71 19 flottas
829 236 8 19 i
852 237 30 18 ett

120 270 131 25 vattendrag,
262 269 127 26 flottningen
399 270 56 19 skall
467 270 129 19 verkställas
608 271 31 18 för
649 276 125 20 gemensam
785 270 96 26 räkning,

120 304 51 19 eller
192 304 40 19 ock
249 305 37 22 att,
301 310 35 13 om
351 303 36 20 två
402 304 51 19 eller
468 305 51 18 flere
535 305 135 25 virkesegare
686 304 72 19 derom
774 305 108 19 öfverens-

120 338 85 19 komma
228 338 51 19 eller
300 339 54 25 yrka
376 337 70 27 derpå,
469 339 101 25 flottning
593 337 27 21 då
636 339 55 18 skall
707 339 128 19 verkställas
850 339 32 20 för

120 379 123 18 gemensam
269 373 96 25 räkning.
395 372 46 20 Den
464 373 23 19 af
507 373 169 25 virkesegarene,
702 379 47 13 som
774 373 46 20 icke
845 373 37 20 vill

120 407 73 19 förena
215 407 39 25 sig,
277 413 34 13 om
333 413 125 19 gemensam
481 407 106 26 flottning,
604 406 35 21 må
655 406 27 20 då
697 406 72 27 åtnöja
785 408 33 25 sig
833 408 49 19 med

120 442 31 17 att
173 441 60 19 flotta
253 441 51 19 efter
325 441 25 19 de
366 441 71 23 andra,
454 447 47 14 som
517 440 69 27 ingått
601 441 70 26 bolag.
702 441 114 20 Dessutom
831 441 51 20 ville

118 475 40 25 jag
180 475 107 23 anmärka,
310 477 30 18 att
359 476 66 19 andra
441 482 63 13 mom.
520 476 7 19 i
543 483 28 12 nu
587 475 162 26 ifrågavarande
765 475 14 27 &
795 477 23 18 är
833 476 49 19 stri-

121 509 68 19 dande
213 511 43 18 mot
277 509 116 20 innehållet
409 510 6 19 i
430 510 65 19 femte
519 516 62 13 mom.
599 511 22 18 af
634 509 14 27 &
664 510 19 20 3.
713 510 42 26 Jag
770 511 50 19 ville
836 511 46 19 der-

120 544 44 19 före
179 544 54 25 yrka
248 543 26 26 på
291 550 24 13 en
331 543 121 20 återremiss
468 545 23 18 af
505 544 14 26 &
536 545 12 18 7
564 545 6 18 i
587 545 35 19 det
636 545 62 26 syfte,
710 546 30 17 att
751 545 26 20 de
789 545 93 20 bestäm-

120 579 81 24 ningar,
225 585 46 13 som
287 579 6 18 i
309 579 40 18 den
371 577 84 26 Nådiga
478 579 159 26 propositionen
655 579 70 19 finnas
741 580 88 25 intagna
844 586 39 13 an-

120 611 82 26 gående
222 613 64 22 virke,
303 619 45 13 som
363 613 36 18 vid
414 613 101 26 flottning
531 613 44 20 står
590 614 7 18 i
612 615 69 24 vägen
696 614 32 19 för
743 616 64 17 annat
817 614 65 23 virke,

120 647 69 19 blefve
211 649 98 24 antagna,
333 647 50 19 eller
405 647 46 24 ock,
476 649 31 18 att
528 648 35 19 det
579 648 6 19 i
601 648 66 19 andra
682 654 63 13 mom.
761 649 122 19 bestämdes

121 683 36 21 att,
181 688 34 13 om
239 681 35 20 två
297 682 50 19 eller
369 682 50 19 flere
437 682 136 26 virkesegare
590 681 75 21 sådant
681 681 86 27 påyrka,
784 682 100 26 flottning

121 716 56 19 skall
193 716 37 19 ske
245 717 32 19 för
291 722 123 20 gemensam
432 717 96 25 räkning.

189 751 53 19 Herr
264 750 149 20 Molander:
445 751 52 19 Herr
518 757 41 13 von
582 750 143 27 Zweygbergs
743 751 141 25 anmärkning

121 791 66 19 synes
208 785 44 25 mig
267 785 49 19 bero
332 784 63 26 derpå
411 786 30 18 att
456 785 43 19 han
515 785 47 19 icke
578 786 74 25 riktigt
667 786 139 25 genomtänkt
821 786 63 18 moti-

120 825 65 13 verna
207 820 32 18 för
260 819 113 19 utskottets
397 819 141 19 betänkande.
569 820 63 19 Detta
653 820 134 19 betänkande
810 819 74 26 skiljer

120 854 34 24 sig
177 852 46 20 från
241 854 40 19 den
297 852 84 27 Nådiga
396 854 159 25 propositionen
570 854 65 19 bland
651 856 64 18 annat
731 854 50 23 deri,
797 856 30 17 att
843 854 40 19 den

119 894 74 13 senare
215 888 36 18 vill
274 888 97 25 förpligta
395 888 150 26 virkesegarne
568 888 32 20 till
625 895 127 19 gemensam
775 889 107 27 flottning,

120 922 81 19 hvilket
223 922 66 26 enligt
310 922 142 19 betänkandet
468 923 6 18 i
491 922 118 20 allmänhet
624 924 23 18 är
662 923 59 19 fallet
736 923 75 19 endast
827 924 5 17 i
849 923 35 19 det

120 956 36 19 fall
179 955 7 27 $
203 956 12 20 3
231 956 40 20 och
288 956 49 20 dess
353 956 12 20 5
381 962 62 14 mom.
461 957 40 19 och
518 957 62 19 häraf
593 957 104 19 förklaras
713 958 62 18 äfven
790 958 94 18 bestäm-

121 992 105 24 ningarna
241 991 6 18 i
263 990 14 26 &
294 991 18 19 7.

189 1025 52 19 Herr
265 1024 140 25 Cajander:
436 1025 121 19 Utskottets
573 1026 134 18 betänkande
722 1026 38 19 har
775 1026 38 19 här
828 1026 56 19 velat

120 1059 71 19 lemna
206 1060 155 18 vederbörande
377 1059 150 26 myndigheter
542 1060 38 18 full
596 1060 103 25 rättighet
714 1062 31 17 att
760 1060 78 19 handla
854 1060 30 19 ef-

119 1095 33 17 ter
173 1093 216 26 omständigheterna,
411 1094 54 18 dock
489 1093 97 23 sälunda,
608 1096 31 17 att
654 1094 47 19 icke
716 1093 67 27 nägra
798 1094 86 26 olofliga

120 1127 97 26 ätgärder
232 1128 97 25 vidtagas
345 1128 40 19 och
403 1128 87 22 derföre,
507 1127 26 20 dä
550 1128 35 19 det
601 1130 23 17 är
640 1129 105 22 tänkbart,
761 1130 30 17 att
806 1128 78 25 mänga

120 1163 65 18 andra
197 1161 103 26 ätgärder,
313 1163 26 18 än
350 1162 48 19 dem
408 1161 84 26 Nädiga
509 1163 156 24 propositionen
681 1162 124 23 innehäller,
821 1163 64 18 blifva

120 1197 22 18 af
155 1196 76 23 nöden,
247 1197 68 18 funnit
329 1196 98 25 lämpligt
442 1198 31 17 att
489 1197 98 25 begagna
598 1203 57 13 mera
670 1197 107 19 allmänna
789 1197 95 25 ordalag.

120 1230 135 20 Beträffande
274 1231 51 18 Herr
341 1237 40 12 von
396 1230 143 26 Zweygbergs
555 1231 147 26 anmärkning,
719 1233 32 17 alt
766 1231 14 26 $
797 1232 11 18 7
825 1231 60 19 stode

119 1265 6 18 i
151 1265 53 18 strid
220 1265 48 19 med
278 1260 12 35 $
313 1265 18 22 3,
347 1265 50 19 ville
410 1264 39 26 jag
465 1265 57 19 fästa
537 1265 215 25 uppmärksamheten
769 1264 69 27 derpä,
854 1267 31 17 att

120 1305 63 13 mom.
207 1299 13 19 5
237 1300 30 18 uti
283 1299 12 25 $
311 1299 12 20 3
340 1299 55 20 afser
414 1299 89 20 alldeles
520 1300 125 23 detsamma,
662 1306 46 13 som
724 1299 14 27 &
755 1300 26 19 20
797 1300 30 19 uti
844 1300 40 19 den

120 1331 85 27 Nädiga
220 1334 163 25 propositionen.

189 1368 52 19 Herr
256 1368 161 19 Fabritius:
448 1369 41 18 Till
506 1369 56 18 hvad
579 1369 76 19 Herrar
670 1369 109 19 Molander
791 1368 39 19 och
844 1367 41 20 Ca-

117 1402 77 25 jander
209 1404 44 17 mot
271 1396 51 26 Herr
332 1409 41 13 von
385 1402 132 27 Zweygberg
528 1403 98 19 anmärkt
637 1403 69 19 skulle
719 1403 44 25 jag,
775 1401 110 27 angäende

120 1437 26 18 de
164 1437 143 25 olägenheter,
326 1443 46 13 som
388 1437 52 19 Herr
455 1443 42 13 von
513 1437 131 26 Zweygberg
660 1439 70 18 ansett
747 1436 75 27 uppstä
838 1437 47 19 der-

120 1471 92 25 igenom,
235 1472 31 18 att
289 1471 39 19 den
351 1477 40 14 ena
413 1471 152 26 virkesegaren
582 1471 68 20 skulle
666 1471 72 19 kunna
753 1471 75 20 hindra
844 1471 40 20 den

171 1509 70 23 Vällofl.
255 1510 155 22 borgareständets
422 1511 89 21 protokoll
524 1510 111 22 landtidagen
648 1510 56 17 1872.
806 1510 33 17 133
