1109 1817
235 190 46 18 1624
530 190 40 18 Den
584 190 23 18 27
619 190 41 23 Maj.

208 248 177 21 husbondevälde
407 249 62 20 äfven
489 247 39 21 fått
543 249 94 20 rösträtt.
667 249 41 20 Det
723 249 23 20 är
761 249 19 25 ej
797 249 23 19 af
833 248 141 21 ekonomiska

211 283 188 24 konsiderationer,
415 289 47 14 som
475 283 40 26 jag
530 283 90 20 anslutit
635 283 45 26 mig
695 283 32 20 till
737 284 169 19 reservationens
917 282 57 27 åsigt

209 323 37 14 om
269 319 30 18 att
315 317 33 24 de,
371 324 46 14 som
432 317 34 20 stå
481 318 67 19 under
563 324 83 13 annans
662 317 178 24 husbondevälde,
856 317 66 20 måtte
936 317 38 20 fri-

210 353 64 24 tagas
289 351 47 20 från
351 352 146 25 beskattning;
514 351 35 20 det
565 353 24 18 är
603 351 54 20 blott
672 352 31 19 för
718 351 181 26 likställighetens
910 352 63 23 skull,

209 385 29 27 på
260 386 35 20 det
318 387 31 19 att
368 387 152 25 författningen
535 386 19 26 ej
571 385 36 20 må
622 386 59 19 halta
696 385 27 27 på
738 387 29 18 ett
783 386 69 23 ställe,
868 385 27 20 då
910 386 41 19 den
966 386 7 19 i

210 420 65 26 öfrigt
297 421 82 19 försökt
401 422 30 18 att
446 427 51 13 vara
515 421 82 19 rättvis.
627 421 42 25 Jag
683 422 34 17 vet
733 420 86 26 mycket
834 420 36 20 väl
885 421 31 18 att
930 420 43 19 för-

210 453 110 21 hållandet
342 461 29 13 nu
393 456 28 22 är,
437 455 41 20 och
493 456 43 18 tror
552 456 31 18 att
599 455 35 19 det
649 455 62 20 äfven
727 455 7 19 i
749 455 113 19 framtiden
878 455 95 19 kommer

210 490 32 18 att
263 489 66 19 blifva
351 488 30 24 så,
403 491 31 18 att
455 489 126 20 husbonden
603 490 24 19 är
645 489 46 24 den,
707 495 47 14 som
769 489 81 20 betalar
864 489 108 26 tjenarens

210 523 68 24 skatt;
293 529 49 14 men
358 524 40 19 den
413 523 187 26 omständigheten
616 523 75 20 verkar
705 523 44 20 lika
764 522 88 27 litet.
831 518 25 35 på
867 524 47 19 mitt
927 529 46 14 om-

210 557 63 20 döme
296 558 7 19 i
325 558 69 19 denna
416 557 66 26 fråga,
506 564 46 13 som
575 564 35 13 om
629 558 35 19 det
679 564 49 13 vore
743 558 76 23 utredt,
834 559 32 18 att
880 557 92 20 nämnda

210 591 163 20 samhällsslass
388 598 49 13 vore
453 592 40 19 den
509 592 80 19 rikaste
605 592 6 19 i
623 592 81 19 staden.
727 587 69 24 Äfven
807 598 35 13 om
853 598 26 13 en
890 598 82 20 person,

210 632 47 13 som
283 625 44 20 står
352 627 66 18 under
442 633 26 13 en
493 632 84 13 annans
601 626 178 23 husbondevälde,
803 626 70 20 skulle
890 633 41 19 ega
946 632 27 13 en

210 660 89 23 million,
315 659 25 21 så
355 667 63 13 anser
430 661 39 25 jag
485 662 31 17 att
532 660 42 19 han
591 660 19 26 ej
628 661 37 19 bör
680 661 109 19 beskattas
805 661 49 19 med
866 667 26 13 en
903 661 69 25 penni,

210 701 35 13 om
261 694 42 20 han
319 695 19 25 ej
355 694 38 20 har
405 696 92 18 rösträtt.
524 694 40 20 Det
580 695 23 19 är
619 701 24 12 ur
658 695 69 19 denna
743 694 115 27 synpunkt,
874 701 46 13 som
933 695 40 25 jag

209 728 62 20 slutit
293 729 44 25 mig
360 729 32 19 till
408 729 163 19 reservationen.
602 728 61 20 Hvad
679 729 40 19 den
735 729 84 19 bismak
833 728 139 23 vidkommer,

211 769 47 13 som
281 763 52 19 Herr
355 763 110 25 Wallgren
487 763 61 25 tyckt
573 763 34 25 sig
630 762 108 26 förspörja,
755 762 24 20 så
795 765 43 17 tror
850 763 40 25 jag
905 763 19 25 ej
942 764 30 18 att

210 797 41 19 den
268 796 143 20 sammanstår
426 797 48 19 med
489 797 70 19 denna
575 796 136 26 ståndpunkt.

281 832 52 19 Herr
347 832 132 19 Masalin:
511 831 41 19 Till
569 832 52 18 först
637 832 36 19 ber
685 832 40 25 jag
740 833 31 17 att
786 830 21 20 få
816 832 115 18 instämma
942 831 30 19 uti

210 866 53 19 Herr
278 866 67 26 Freys
361 867 85 18 senaste
461 866 142 24 andragande.
634 866 91 19 Dernäst
739 866 79 19 önskar
832 866 38 26 jag
885 865 32 20 till
930 866 42 18 för-

210 900 125 26 tydligande
359 900 23 19 af
402 900 44 19 min
466 898 57 28 åsigt
538 901 86 22 nämna,
640 902 30 17 att
686 899 27 20 då
725 900 39 26 jag
780 900 40 19 sist
835 900 91 26 yttrade,
942 901 30 18 att

210 934 133 26 tjenstehjon
365 934 70 23 borde,
458 934 45 19 ifall
519 934 25 19 de
561 936 14 17 t.
592 940 30 13 ex.
639 940 50 14 vore
705 933 129 27 gårdsegare
850 934 51 20 eller
916 934 6 19 i
938 933 33 20 åt-

209 968 113 26 njutandet
347 970 22 18 af
389 969 95 25 pension,
508 968 71 20 skatta
601 969 32 19 för
654 975 26 13 en
696 968 67 20 sådan
778 968 101 24 inkomst,
895 967 25 21 så
935 974 37 14 var

211 1004 35 18 det
261 1004 7 18 i
284 1004 36 18 akt
335 1003 41 20 och
391 1003 86 25 mening
492 1004 31 18 att
538 1003 27 19 de
581 1003 61 19 äfven
658 1003 69 19 skulle
742 1004 59 18 rösta
816 1003 32 19 för
863 1003 40 19 den
915 1002 57 20 skatt

212 1038 27 19 de
255 1036 90 21 sålunda
360 1038 84 19 komme
460 1039 30 17 att
506 1037 76 20 betala.
614 1037 105 26 Slutligen
734 1038 36 18 ber
783 1037 39 25 jag
838 1036 21 20 få
874 1037 98 23 förklara,

211 1074 31 18 att
255 1072 39 26 jag
309 1073 48 19 med
373 1073 34 19 det
423 1072 22 19 af
458 1072 44 26 mig
517 1072 126 26 begagnade
653 1072 108 26 uttrycket
772 1072 100 23 ,,stadens
883 1072 89 25 tjenste-

210 1106 66 26 hjon*
293 1106 120 26 egentligen
429 1105 97 27 åsyftade
542 1106 134 20 nattväktare
691 1106 40 20 och
750 1106 147 26 hvarjehanda
907 1106 65 19 andra

210 1141 74 19 vakter
307 1140 40 20 och
370 1140 79 27 dylika,
465 1147 53 16 som,
534 1141 53 19 efter
603 1140 55 19 hvad
671 1141 40 25 jag
726 1140 39 19 har
780 1141 44 25 mig
840 1141 84 22 bekant,
940 1139 32 20 ät-

210 1175 107 19 minstone
332 1173 27 28 pä
374 1173 66 27 nägra
455 1176 55 18 orter
526 1177 90 24 antagas
632 1174 27 27 pä
673 1174 32 24 är;
726 1173 40 29 jag
781 1177 35 17 vet
832 1175 55 19 dock
902 1175 18 25 ej
938 1181 34 13 om

209 1209 36 20 det
261 1208 141 21 förhällandet
417 1215 50 20 eger
479 1215 46 13 rum
536 1208 97 21 öfverallt
644 1210 6 19 i
661 1209 78 20 landet.
763 1209 60 19 Hvad
831 1209 40 26 jag
881 1209 92 19 nämnde

209 1249 36 14 om
269 1244 48 19 dem
337 1243 55 20 hade
407 1243 99 20 afseende
522 1242 12 21 ä
550 1244 53 19 sista
620 1245 115 18 momentet
750 1244 23 19 af
786 1243 42 26 &:n,
845 1249 47 14 som
907 1241 66 28 angår

210 1278 118 26 utgörande
343 1278 23 19 af
379 1278 120 25 personliga
515 1277 170 26 tjenstbarheter.
715 1278 43 25 Jag
773 1277 49 26 gick
838 1279 22 18 ut
876 1276 45 20 frän
932 1277 41 20 den

211 1312 115 26 synpunkt,
342 1314 31 17 att
388 1312 35 19 det
438 1312 81 19 kanske
535 1313 32 18 för
583 1311 79 27 mänga
677 1314 55 17 orter
747 1312 71 20 kunde
832 1318 50 13 vara
894 1312 80 25 nyttigt

209 1348 32 17 att
256 1346 63 20 hafva
335 1353 104 19 personer,
456 1346 101 26 skyldiga
573 1348 30 17 att
618 1347 36 18 vid
669 1346 167 20 brandtillfällen
852 1346 40 19 och
908 1346 66 19 andra

210 1381 179 25 utomordentliga
404 1380 64 20 behof
482 1379 33 21 stä
530 1380 33 19 till
579 1381 72 25 tjenst.
695 1396 9 9 ,

280 1415 52 20 Herr
347 1414 124 27 Procop6:
493 1415 31 19 Af
537 1414 106 20 särskilda
657 1415 78 19 talares
751 1415 114 26 yttranden
881 1413 93 27 framgår

210 1450 31 18 att
263 1449 27 20 de
312 1455 51 14 anse
386 1448 14 27 &
418 1449 25 20 10
459 1455 51 13 vara
524 1449 24 19 af
561 1448 89 20 Ständet
665 1450 99 25 antagen.
795 1449 48 19 Med
858 1448 116 26 anledning

209 1483 62 20 deraf
292 1482 31 21 fär
343 1483 39 26 jag
401 1483 96 26 upplysa,
514 1485 30 18 att
557 1483 40 26 jag
611 1483 48 20 icke
674 1485 43 18 tror
732 1485 31 17 att
779 1483 40 20 den
835 1484 23 19 är
874 1484 99 25 antagen,
