1109 1817
229 148 46 17 1962
524 148 39 17 Den
576 148 10 17 5
599 148 48 17 Juni.

206 206 75 20 anvisa
304 206 69 19 medel
388 206 32 19 till
436 212 25 13 en
477 206 234 25 vetenskapsakademi,
732 212 46 14 som
797 206 57 20 Hans
870 206 99 26 Majestät

206 241 71 19 kunde
292 240 57 19 finna
365 240 115 25 anledning
496 241 30 18 att
542 239 78 20 föreslä
636 239 25 26 pä
677 241 68 25 grund
761 241 23 18 af
796 241 69 18 denna
876 241 92 25 petition,

207 281 45 13 som
276 281 28 12 nu
327 275 22 18 är
372 273 91 27 äsyftad,
483 273 24 20 sä
522 281 50 12 vore
585 274 39 25 jag
639 276 76 24 genast
731 275 69 25 färdig
816 276 30 18 att
862 275 107 26 tillstyrka

206 309 116 26 petitionen
345 307 66 20 sädan
429 309 52 18 Herr
498 309 105 18 Mechelin
619 309 114 19 framställt
749 309 47 19 den.
827 309 48 19 Men
891 308 27 20 dä
930 309 39 26 jag

206 344 23 19 är
241 343 88 19 alldeles
342 343 125 26 öfvertygad
478 349 34 13 om
524 345 37 20 att,
572 343 6 19 i
589 343 102 19 händelse
710 343 59 19 Hans
785 343 100 25 Majestät
901 343 68 20 skulle

206 377 33 20 till
255 378 62 19 nästa
332 377 102 26 landtdag
449 377 110 26 förelägga
575 383 25 13 en
617 376 66 21 sädan
698 378 131 25 proposition
841 377 39 20 och
892 378 77 25 begära

206 413 23 18 af
249 412 197 25 bevillningsmedel
469 413 29 18 ett
514 411 75 26 anslag
605 411 70 20 dertill
690 412 22 19 af
726 411 77 23 60,000
819 412 66 22 mark,
902 413 68 18 denna

206 446 141 25 ovilkorligen
363 446 68 19 skulle
447 446 85 19 komma
548 447 31 18 att
595 446 88 22 förfalla,
701 445 26 20 dä
743 446 20 19 vi
776 447 34 18 vid
821 446 69 19 denna
900 446 69 19 landt-

207 481 42 25 dag
270 481 45 18 haft
330 481 59 18 bevis
405 479 32 26 pä,
453 482 30 17 att
499 481 62 18 äfven
577 479 166 26 anslagsfrägor,
759 487 46 13 som
822 481 96 19 närmare
933 481 36 18 be-

206 516 44 19 rört
265 515 85 25 menige
365 521 61 13 mans
442 515 6 18 i
464 515 72 18 landet
551 515 104 19 intressen
672 515 39 19 och
727 515 65 19 hvars
808 515 64 19 behof
886 515 22 19 af
922 515 47 19 dem

207 549 40 20 lätt
270 549 81 19 kunnat
373 549 130 22 bedömmas,
520 548 39 20 fätt
581 549 88 22 förfalla,
693 548 24 20 sä
739 550 44 19 tror
799 550 39 25 jag
853 548 66 21 ocksä
934 550 36 22 att,

207 585 38 18 när
269 584 34 19 det
326 583 67 26 gäller
415 585 28 17 ett
467 582 76 20 sådant
559 582 42 20 mål
617 589 46 13 som
679 590 25 13 en
721 584 129 25 vetenskaps
866 583 103 23 akademi,

207 618 64 19 hvars
295 619 78 18 största
396 617 110 26 betydelse
528 618 32 19 för
582 617 72 19 landet
673 617 122 26 egentligen
811 618 47 19 icke
874 619 95 18 närmare

207 653 42 18 kan
266 652 125 25 uppskattas
407 653 22 17 af
443 652 65 19 andra
524 653 26 18 än
567 652 24 19 de
607 651 158 26 vetenskapligt
780 652 91 23 bildade,
887 654 29 17 ett
932 658 37 13 an-

209 687 48 25 slag
278 687 31 19 för
332 688 29 17 ett
384 684 75 21 sådant
481 684 100 21 ändamål
604 685 69 19 skulle
695 686 52 18 röna
763 692 83 13 samma
862 686 45 23 öde,
924 692 45 13 som

208 723 14 17 t.
246 727 31 13 ex.
301 720 97 26 anslaget
422 720 31 19 för
476 720 165 19 blindanstalten
665 720 6 19 i
693 720 140 26 Helsingfors.
865 720 105 20 Särskildt

208 755 51 19 ville
273 755 38 25 jag
327 754 80 26 päpeka
423 754 40 22 det,
480 756 30 17 att
526 753 24 20 sä
561 754 62 26 länge
637 754 83 20 landets
732 754 90 20 Ständer
833 756 56 18 ännu
902 754 68 20 mäste

208 791 61 25 pruta
291 788 27 27 pä
340 789 75 25 anslag
437 788 33 20 till
491 789 214 23 folkskoleväsendet,
721 788 25 20 sä
762 795 62 13 anser
837 790 39 24 jag
892 789 34 19 det
938 789 32 19 för

208 825 63 25 tidigt
294 825 30 18 att
346 824 53 19 offra
421 830 25 12 en
469 822 23 20 sä
510 825 43 17 stor
569 830 82 13 summa
667 830 46 13 som
729 823 78 23 60,000
823 824 60 19 mark
898 824 31 19 för
944 830 26 13 en

208 858 234 26 vetenskapsakademi.
473 857 44 19 Och
534 856 27 20 dä
573 858 40 25 jag
628 864 63 13 anser
705 859 31 17 att
752 858 35 19 det
803 856 48 24 mål,
865 864 45 13 som
922 858 48 19 med

209 893 52 19 Herr
284 892 116 20 Mechelins
418 892 181 25 petitionsförslag
617 893 22 18 är
655 892 75 23 afsedt,
753 898 49 14 vore
817 892 103 23 förfeladt,
936 898 34 14 om

209 928 35 19 det
259 927 48 19 icke
322 926 70 20 kunde
408 926 132 25 fullständigt
557 927 140 24 genomföras,
713 925 25 20 sä
753 926 50 20 ville
815 926 39 26 jag
865 928 57 18 rösta
932 927 38 22 för,

209 963 31 18 att
256 962 42 18 alla
313 961 180 26 petitionsförslag
508 960 7 19 i
531 960 74 26 frägan
621 961 68 19 skulle
707 960 83 20 lemnas
800 962 51 18 utan
864 961 105 19 afseende.

209 996 40 19 Det
265 1002 56 16 vore,
337 1002 34 12 om
387 994 65 26 nägot
468 996 22 18 af
504 995 63 19 dessa
583 995 80 25 förslag
678 995 86 19 framför
779 995 26 19 de
821 995 65 19 andra
901 1002 69 12 vunne

209 1030 106 22 afseende,
339 1031 30 17 att
384 1030 109 24 föredraga
508 1036 26 12 en
550 1029 116 25 vetenskap
682 1029 86 19 framför
783 1036 26 12 en
825 1036 75 16 annan,
916 1030 55 18 hvil-

209 1064 37 20 ket
264 1064 40 26 jag
326 1064 46 19 icke
388 1070 62 13 anser
465 1070 47 13 som
527 1064 91 24 tjenligt.
649 1064 42 25 Jag
706 1064 67 18 finner
789 1064 35 19 det
839 1070 49 13 vara
904 1064 67 19 bättre

210 1100 31 18 att
257 1097 26 20 dä
300 1097 113 27 uppskjuta
428 1098 47 19 med
491 1098 58 19 detta
564 1099 68 21 ämne,
648 1098 32 18 till
697 1098 49 19 dess
758 1098 35 19 det
803 1099 24 18 är
839 1099 66 19 större
916 1098 55 26 möj-

209 1132 68 26 lighet
294 1133 30 18 för
340 1134 30 17 att
386 1132 33 19 det
435 1132 32 19 till
483 1132 41 19 alla
540 1132 58 19 delar
613 1132 55 19 skall
684 1132 72 19 kunna
772 1133 141 24 genomföras.

280 1167 53 19 Herr
354 1166 145 19 Mechelin:
530 1166 53 19 Herr
600 1166 91 19 Kurtens
707 1167 90 24 profetia
812 1167 88 19 rörande
916 1167 55 19 hvad

210 1201 129 20 kommande
361 1200 90 20 Ständer
471 1200 68 20 skulle
555 1201 82 19 besluta
653 1202 6 18 i
675 1201 103 19 händelse
794 1201 109 26 Styrelsen
919 1202 52 19 före-

210 1235 49 20 lade
282 1236 47 19 dem
353 1242 25 12 en
401 1235 129 25 proposition
548 1234 111 27 angäende
675 1237 30 18 ett
720 1235 77 26 anslag
811 1236 32 19 för
858 1242 26 13 en
900 1238 71 17 veten-

211 1270 170 25 skapsakademi,
397 1269 41 19 kan
454 1269 134 26 naturligtvis
603 1270 48 19 icke
663 1270 130 23 bedömmas,
806 1270 91 19 likasom
908 1271 64 19 andra

211 1305 99 25 profetior
332 1305 47 18 icke
401 1304 71 19 kunna
495 1304 41 19 det.
567 1304 42 25 Jag
633 1305 35 18 bör
684 1307 29 16 att
730 1303 21 20 fä
766 1305 69 19 erinra
850 1305 78 22 derom,
941 1307 31 17 att

211 1338 159 21 Bondeständet
390 1340 50 17 utan
458 1339 78 18 tvekan
551 1338 39 19 har
605 1339 88 19 anslutit
709 1339 34 25 sig
758 1339 33 19 till
806 1339 114 19 utskottets
936 1340 36 19 be-

211 1373 113 22 tänkande,
341 1379 46 13 som
402 1373 7 18 i
424 1372 41 19 alla
481 1373 36 18 fall
533 1373 94 19 förordar
643 1374 87 24 ungefär
746 1373 81 20 hälften
842 1374 22 18 af
878 1373 35 20 det
928 1373 46 20 utaf

211 1407 45 26 mig
271 1406 124 27 ifrägasatta
411 1407 80 26 anslag,
508 1407 40 19 och
565 1407 34 19 det
615 1407 60 19 äfven
692 1408 31 19 för
739 1409 30 18 ett
785 1409 44 18 rent
846 1408 126 25 vetenskap-

211 1441 40 26 ligt
266 1440 105 24 ändamål,
387 1442 30 18 ett
432 1440 105 24 ändamål,
553 1447 47 14 som
616 1441 63 20 borde
695 1441 34 20 stä
744 1442 49 19 vida
808 1448 58 13 mera
876 1442 58 19 öfver
947 1441 25 20 de
