1109 1817
443 161 38 17 Den
495 162 11 16 4
518 162 47 16 Juni.
816 161 44 18 1887

124 220 121 26 tillgångar,
266 220 71 19 hvilka
353 220 70 19 härför
438 220 76 22 finnas,
531 219 24 20 så
571 220 41 19 kan
629 226 48 13 man
693 220 83 19 ändock
792 218 13 21 å
821 220 65 19 andra

124 255 68 22 sidan,
216 255 76 18 liksom
313 255 51 18 Herr
380 254 127 25 Tengström
524 254 81 26 antydt,
622 254 50 19 böra
688 255 52 18 först
755 253 40 20 och
811 254 74 19 främst

124 290 53 25 göra
199 289 32 18 för
254 289 33 25 sig
303 289 54 18 klart
375 288 72 19 hvilka
464 295 94 12 resurser
573 295 49 12 man
639 288 43 23 har,
701 289 64 18 innan
783 295 48 12 man
850 288 36 19 be-

125 324 102 19 stämmer
243 323 33 25 sig
291 323 31 19 för
335 324 30 17 att
379 323 69 19 utföra
463 322 72 26 något.
567 322 50 20 Sedt
633 321 45 20 från
695 323 39 18 den
749 323 136 25 synpunkten

126 363 66 20 synes
213 357 35 19 det
263 358 44 25 mig
323 357 46 19 icke
385 363 50 13 vara
450 357 113 26 olämpligt
578 359 36 20 att,
631 356 26 20 då
675 355 88 21 Ståndet
781 357 64 19 redan
864 358 24 18 är

124 391 73 20 beredt
213 390 26 27 på
255 391 154 26 behandlingen
426 392 22 18 af
462 391 175 20 Statsutskottets
653 391 134 19 betänkande
804 391 39 19 N:o
861 391 25 19 10

125 426 40 19 och
190 426 38 19 har
253 425 65 27 några
340 427 71 25 lediga
433 426 85 19 timmar
541 427 30 18 att
593 433 55 18 egna
667 425 64 23 deråt,
748 433 27 12 nu
791 427 96 24 företaga

125 461 130 18 densamma.

195 495 51 18 Herr
269 495 142 19 Molander
432 493 69 27 ansåg
522 495 8 18 i
553 495 67 19 likhet
643 495 48 19 med
707 495 76 18 Herrar
799 494 90 19 Kiseleff

126 529 39 20 och
181 529 110 23 Mechelin,
308 531 29 17 att
353 529 63 19 dessa
432 527 71 27 frågor
518 528 24 20 så
558 530 51 18 nära
624 529 87 19 berörde
727 529 119 18 hvarandra
856 530 31 17 att

126 563 26 20 de
168 563 75 20 endast
258 563 7 19 i
281 564 29 19 ett
325 563 156 26 sammanhang
497 563 71 20 kunde
585 563 122 20 behandlas.

196 598 51 19 Herr
269 597 136 20 Boström:
437 593 69 24 Äfven
527 599 40 25 jag
587 605 62 12 anser
671 600 30 17 att
717 597 43 20 alla
775 598 65 19 dessa
854 599 33 18 tre

127 631 70 26 frågor
218 632 63 19 hafva
304 634 29 18 ett
354 631 76 20 sådant
445 633 99 19 inbördes
561 633 155 24 sammanhang
731 633 30 18 att
777 632 26 19 de
818 632 69 25 omöj-

126 666 58 26 ligen
207 667 71 19 kunna
301 667 75 25 skiljas
399 666 54 20 ifrån
472 667 125 22 hvarandra,
614 669 50 17 utan
681 668 30 17 att
727 667 40 18 den
783 667 67 18 första
864 667 24 17 är

126 700 103 20 beroende
245 701 24 19 af
282 701 40 19 den
337 701 71 23 andra,
424 701 92 19 likasom
532 702 41 18 den
589 702 65 18 andra
665 702 23 18 är
699 700 104 20 beroende
814 700 23 19 af
846 700 40 19 den

127 735 72 19 första.
229 735 42 25 Jag
293 735 68 19 skulle
384 736 80 19 derföre
488 736 73 19 förena
581 736 44 25 mig
648 736 47 18 med
715 735 52 19 Herr
782 734 104 20 Mechelin

127 769 78 23 derom,
229 771 30 17 att
275 770 62 19 dessa
353 770 88 19 ärender
457 770 69 19 skulle
542 770 6 19 i
565 776 88 19 morgon
669 770 112 24 företagas,
798 768 89 20 emedan

127 804 64 25 ingen
207 804 30 18 tid
253 804 121 25 derigenom
389 804 64 26 ginge
469 804 93 20 förlorad
577 804 40 20 och
631 804 25 19 de
669 804 90 22 timmar,
771 810 46 12 som
828 803 7 19 i
846 803 42 25 dag

128 838 35 19 äro
186 838 77 25 lediga,
285 838 70 20 kunde
370 839 86 25 mycket
471 839 35 19 väl
522 839 109 19 användas
647 839 31 19 för
693 838 82 19 diverse
791 836 26 27 på
833 838 55 19 före-

128 872 104 26 dragning
255 873 102 19 beroende
380 874 81 18 mindre
476 874 95 22 ärender,
587 873 84 19 hvilkas
687 872 57 20 antal
760 871 80 27 uppgår
856 872 32 19 till

127 906 99 26 omkring
241 906 68 26 tjugu.

197 941 51 19 Herr
271 941 156 19 Wasenius:
457 941 42 26 Jag
523 942 36 18 ber
574 943 31 17 att
620 940 21 20 få
656 940 118 23 framhålla,
790 942 31 17 att
836 940 52 19 efter

127 975 44 19 min
187 974 57 26 åsigt
259 976 75 18 endast
345 982 25 13 en
381 976 66 25 punkt
457 976 30 18 uti
499 976 58 18 detta
569 975 172 19 Statsutskottets
754 974 134 20 betänkande

127 1009 104 25 möjligen
253 1010 70 19 kunde
345 1010 89 19 behöfva
457 1010 133 25 uppskjutas,
606 1010 7 18 i
627 1010 104 19 händelse
747 1008 88 20 Ståndet
850 1009 38 19 ön-

128 1043 66 19 skade
217 1043 105 20 behandla
345 1044 68 19 denna
429 1043 59 27 fråga
504 1045 30 18 uti
550 1045 30 19 ett
596 1044 157 25 sammanhang
768 1043 48 19 med
829 1043 59 25 jern-

127 1076 129 27 vägsfrågan
279 1078 40 19 och
342 1078 68 20 denna
433 1078 66 26 punkt
516 1080 22 18 är
554 1079 35 19 det
604 1079 30 19 uti
650 1079 67 19 första
732 1084 63 13 mom.
811 1084 48 19 pag.
876 1076 12 20 9

128 1112 132 19 framställda
275 1112 80 26 förslag
371 1119 34 13 om
420 1113 84 25 garanti
520 1114 32 18 för
564 1114 30 18 ett
609 1112 90 20 statslån
712 1113 23 19 af
743 1112 27 20 20
783 1112 106 20 millioner

128 1146 66 19 mark.
225 1146 100 20 Häremot
347 1153 62 13 anser
429 1147 40 26 jag
492 1149 31 17 att
538 1147 120 20 Utskottets
674 1147 80 25 förslag
769 1145 27 27 pä
811 1152 48 19 pag.
876 1145 12 20 6

127 1180 32 19 till
183 1179 100 21 anhällan
304 1181 51 19 eller
369 1181 87 26 petition
471 1187 37 14 om
524 1183 31 18 att
569 1181 57 20 bilda
641 1187 26 14 en
683 1181 93 20 särskild
791 1181 97 18 kommu-

128 1215 165 23 nikationsfond,
309 1215 78 20 liksom
403 1215 66 20 också
484 1216 31 19 uti
532 1216 25 19 de
573 1216 67 25 öfriga
655 1215 118 26 punkterna
789 1214 12 20 å
817 1221 47 19 pag.
876 1213 12 20 9

128 1249 40 19 och
186 1249 25 19 10
227 1249 70 20 kunde
313 1249 39 20 och
368 1250 63 19 borde
447 1257 28 12 nu
491 1251 78 24 genast
584 1251 91 24 afgöras.
698 1249 112 20 Likaledes
826 1254 62 13 anser

125 1283 39 26 jag
179 1285 31 17 att
226 1283 119 20 Utskottets
361 1284 80 26 förslag
457 1285 47 18 med
521 1285 100 18 afseende
637 1283 12 20 å
660 1284 176 25 stämpelskatten
848 1282 40 20 och

128 1317 25 20 de
169 1317 106 20 särskilda
294 1318 128 23 uttalanden,
439 1325 45 13 som
501 1319 31 19 för
548 1319 64 25 öfrigt
627 1319 30 18 uti
673 1318 142 19 betänkandet
831 1316 57 27 ingä,

127 1351 71 20 kunde
221 1351 117 20 oberoende
361 1353 23 18 af
394 1351 180 27 jernvägsfrägan
590 1359 27 12 nu
633 1354 76 24 genast
725 1353 91 24 afgöras.
847 1351 41 26 Jag

127 1385 32 20 fär
175 1386 81 19 derföre
271 1385 84 24 föreslä,
371 1388 31 18 att
418 1385 129 22 ätminstone
563 1387 64 19 dessa
641 1385 71 27 frägor
727 1388 76 24 genast
819 1385 70 20 skulle

128 1421 119 19 diskuteras
269 1421 40 19 och
325 1422 90 25 afgöras.
446 1421 9 19 I
477 1421 101 20 afseende
594 1420 12 20 ä
621 1421 66 19 första
702 1421 93 25 punkten
811 1426 48 19 pag.
876 1419 12 20 9

128 1456 23 18 är
173 1455 36 19 det
231 1454 57 20 svärt
311 1457 30 18 att
357 1456 52 19 fatta
425 1454 66 27 nägot
509 1455 68 20 beslut
592 1461 34 14 om
639 1455 115 26 jernvägar
769 1455 41 19 och
825 1455 63 19 deras
