1109 1817
244 165 45 19 1908
539 166 39 18 Den
591 168 11 16 5
615 167 46 17 Juni.

289 224 52 19 Herr
356 225 152 19 Mechelin:
539 225 132 26 Stadgandet
687 227 5 18 i
709 226 14 26 &
739 226 27 20 50
782 227 23 18 af
821 227 53 19 1772
891 226 34 21 års
941 227 40 19 Re-

219 259 148 25 geringsform,
383 261 31 17 att
429 259 140 20 statsverkets
585 259 97 20 tillständ
697 261 56 18 skall
768 261 32 19 för
811 261 91 20 Riksens
918 261 63 20 Stän-

220 293 48 19 ders
284 293 80 19 utskott
379 294 106 25 uppvisas,
501 293 27 26 pä
544 294 35 19 det
595 295 25 18 de
637 293 34 21 mä
686 295 95 19 inhemta
796 297 31 17 att
843 296 137 19 statsinkom-

220 329 70 17 sterne
305 327 68 20 blifvit
389 328 31 19 till
436 328 83 19 landets
535 335 57 19 gagn
609 329 41 19 och
665 329 62 19 bästa
739 330 104 23 använda,
855 330 38 19 har
903 336 77 19 genom

219 360 14 27 8
249 361 28 20 27
291 361 8 20 i
313 362 99 25 gällande
427 363 216 26 Landtdagsordning
657 363 68 20 blifvit
741 364 6 19 i
763 364 54 19 visst
833 365 99 19 afseende
947 366 33 17 ut-

219 396 99 19 veckladt
341 397 50 19 enär
412 397 57 20 detta
491 397 84 26 lagrum
595 397 123 23 innehåller,
735 400 31 17 att
781 399 141 19 statsverkets
937 399 43 19 till-

219 429 63 20 ständ
305 431 36 19 bör
364 431 101 26 antingen
487 433 77 24 genast
587 432 7 19 i
617 432 74 25 början
707 433 26 22 af,
749 433 52 19 eller
817 433 39 19 sist
874 433 25 19 14
914 433 66 26 dagar

219 465 53 19 efter
294 465 119 26 öppnandet
435 467 23 18 af
476 466 74 25 hvarje
572 466 89 25 lagtima
683 467 104 26 landtdag
809 467 31 19 för
863 467 117 20 Ständerna

219 499 106 26 uppvisas,
348 499 27 26 pä
390 500 35 19 det
440 502 31 17 att
486 501 64 18 dessa
565 499 36 21 mä
615 501 72 19 kunna
701 501 101 23 inhemta,
819 501 52 20 huru
887 502 92 19 kronans

219 533 116 20 inkomster
357 534 68 19 blifvit
443 535 32 19 till
497 535 84 19 landets
604 541 58 20 gagn
683 535 40 20 och
739 535 62 20 bästa
816 536 103 19 använda.
949 535 30 21 Pä

219 568 68 25 grund
309 569 23 18 af
349 569 57 19 detta
421 569 82 26 lagrum
519 569 38 19 har
574 569 23 20 K.
614 569 104 20 Senatens
733 570 198 25 Finansexpedition
947 571 32 18 till

219 609 28 12 nu
269 603 128 20 församlade
420 603 89 20 Ständer
531 604 84 25 afgifvit
638 611 26 12 en
684 604 88 19 relation
788 611 34 13 om
840 605 138 19 statsverkets

218 636 102 24 tillständ,
343 638 88 19 affattad
457 638 66 25 enligt
548 644 83 14 samma
652 638 55 26 plan,
731 645 46 12 som
800 639 26 18 de
845 639 131 20 relationer
967 632 12 36 i

218 672 77 22 ämnet,
311 672 23 19 af
346 671 73 20 hvilka
435 672 26 19 de
475 671 36 21 tvä
526 671 129 27 föregäende
670 673 155 25 landtdagarna
841 672 83 20 erhällit
937 673 40 19 del.

218 705 42 26 Jag
282 707 43 18 tror
345 706 44 26 mig
407 706 117 26 berättigad
539 706 34 20 till
588 707 59 19 detta
662 707 126 25 antagande,
804 708 31 21 att
849 707 68 19 denna
932 714 46 12 om-

217 740 95 19 fattande
327 740 88 20 relation
431 740 54 20 skall
501 741 22 19 af
536 740 80 20 enhvar
631 741 105 19 erkännas
747 748 50 12 vara
807 742 30 18 ett
848 742 23 18 af
879 742 25 18 de
914 742 64 24 vigti-

218 776 61 22 gaste
301 774 40 20 och
362 774 162 20 intressantaste
545 775 135 25 aktstyeken,
703 781 45 13 som
771 775 117 19 Ständerna
904 774 38 20 fått
958 776 22 18 af

219 808 109 26 Styrelsen
344 810 115 25 emottaga;
475 811 24 24 ty
514 810 32 18 för
561 809 74 25 hvarje
651 809 90 19 medlem
754 810 23 18 af
785 810 192 25 representationen

217 842 70 20 mäste
302 843 35 19 det
351 849 50 13 vara
417 844 22 18 af
453 843 110 26 synnerlig
579 844 45 25 vigt
639 845 31 17 att
685 842 21 21 fä
721 842 66 28 nägot
802 844 104 19 orientera
922 844 33 26 sig
970 845 7 19 i

217 877 132 20 finansernas
365 878 102 26 ställning
482 878 79 20 mellan
576 878 160 26 landtdagarna.

286 912 45 19 Den
347 912 86 26 uppgift,
450 918 45 14 som
511 911 49 27 äläg
576 912 163 20 Statsutskottet
749 913 6 19 i
766 913 100 19 afseende
876 912 13 20 å
899 912 78 26 ifräga-

217 946 92 20 varande
332 946 94 24 relation,
446 953 46 13 som
505 947 22 19 af
540 947 101 25 samtliga
657 945 66 21 Ständ
739 947 68 19 blifvit
822 947 32 19 till
870 947 107 19 Utskottet

217 981 126 23 remitterad,
366 981 44 23 har,
432 981 66 25 enligt
520 981 57 19 hvad
599 981 36 19 det
650 981 107 26 förljudes,
773 982 54 18 varit
843 980 87 21 föremäl
946 982 31 18 för

216 1016 57 19 olika
289 1016 102 26 tolkning.
421 1016 60 19 Inom
496 1016 109 19 Utskottet
621 1016 62 19 hafva
699 1016 54 19 dock
769 1014 108 28 äsigterna
892 1016 19 26 ej
923 1016 55 19 varit

217 1050 80 22 delade,
320 1050 40 20 och
382 1050 32 20 för
436 1050 44 19 min
503 1050 98 20 enskilda
622 1050 34 19 del
676 1050 38 19 har
729 1050 37 26 jag
781 1050 19 26 ej
818 1052 30 18 ett
863 1050 113 26 ögonblick

216 1084 81 20 kunnat
312 1086 76 18 stanna
403 1084 7 20 i
425 1084 78 20 tvekan
518 1084 79 23 derom,
613 1086 31 18 att
660 1084 111 20 Utskottet
785 1091 39 13 var
840 1084 95 26 skyldigt
946 1085 30 19 af-

215 1119 58 25 gifva
295 1120 30 18 ett
347 1119 133 19 betänkande
500 1119 7 18 i
523 1119 116 25 anledning
654 1120 23 17 af
691 1119 67 25 sagda
774 1119 97 23 relation,
885 1119 91 24 jemförd

216 1153 48 19 med
280 1153 25 19 de
321 1153 127 25 handlingar
463 1153 40 19 och
518 1153 151 25 räkenskaper,
685 1152 79 27 hvarpå
779 1153 41 19 den
833 1153 93 25 grundar
936 1153 40 26 sig,

216 1187 41 20 och
279 1187 32 19 till
332 1187 73 19 hvilka
427 1187 107 20 Utskottet
557 1187 67 26 enligt
640 1187 14 26 &
670 1187 27 20 36
713 1187 7 19 i
735 1187 241 26 Landtdagsordningen

216 1224 35 23 egt
267 1221 96 26 tillgång.
394 1222 39 19 Att
448 1222 69 19 denna
532 1222 134 25 granskning
681 1222 19 25 ej
717 1222 70 19 kunde
798 1222 41 19 och
851 1222 63 19 borde
927 1229 50 12 vara

215 1257 91 19 likartad
322 1257 48 19 med
385 1256 56 19 hvad
456 1263 50 12 man
521 1255 77 21 förstår
611 1257 48 18 med
671 1263 25 12 en
707 1257 98 22 revision,
817 1257 23 18 är
851 1257 54 18 dock
915 1257 61 23 klart,

216 1291 46 19 dels
285 1291 88 20 emedan
395 1291 139 19 statsverkets
557 1291 144 25 räkenskaper
715 1291 7 19 i
737 1291 43 19 alla
795 1291 51 19 dess
860 1291 116 20 väsendtli-

215 1327 62 24 gaste
299 1325 90 25 detaljer
403 1325 65 20 redan
484 1325 23 19 af
520 1325 203 20 revisionskontoret
738 1325 116 26 granskats
869 1325 40 20 och
924 1326 51 19 kon-

216 1360 130 19 staterandet
361 1360 23 19 af
397 1359 26 20 de
438 1359 100 26 uppgifna
554 1359 110 20 siffrornas
675 1359 100 26 riktighet
785 1360 19 25 ej
817 1359 69 20 skulle
896 1360 81 19 kunnat

215 1395 22 18 af
258 1393 162 20 Statsutskottet
443 1393 134 24 medhinnas,
600 1394 46 19 dels
669 1393 40 20 och
732 1394 86 19 framför
834 1393 38 20 allt
888 1394 88 19 emedan

215 1427 14 27 8
245 1427 27 20 36
288 1428 7 19 i
310 1428 241 25 Landtdagsordningen
566 1428 59 25 gifva
639 1428 36 19 vid
690 1428 90 23 handen,
796 1429 31 18 att
839 1428 137 26 regeringens

215 1462 125 26 skyldighet
362 1463 30 18 att
414 1462 57 25 gifva
495 1462 136 25 redovisning
651 1463 58 19 öfver
725 1463 139 19 statsverkets
880 1461 96 20 tillständ
