1109 1817
231 141 46 17 2040
525 142 39 18 Den
578 143 9 17 7
600 142 49 18 Juni.

207 200 81 19 brefvet
311 200 22 19 af
353 200 40 20 den
409 200 12 20 6
439 200 91 20 Oktober
549 200 52 20 1851
619 207 49 13 vore
684 201 101 25 upphäfdt
801 201 41 19 och
858 201 89 25 troligen
963 200 8 19 i

209 234 53 25 följd
285 234 62 19 häraf
363 233 65 20 också
444 235 26 19 25
487 235 51 25 Kap.
555 235 22 19 B.
593 235 23 19 B.
634 237 61 21 samt,
712 235 64 19 andra
793 234 81 20 sådana
889 235 81 19 författ-

207 268 82 25 ningar,
305 274 46 13 som
367 268 106 20 innehålla
489 269 131 25 detaljerade
636 269 129 20 föreskrifter
782 276 34 13 om
833 268 137 27 vägamälens

207 303 136 25 behandling,
366 303 53 19 huru
443 303 64 19 dessa
526 302 42 20 mål
585 303 61 20 skola
663 303 116 20 behandlas
795 303 27 26 på
838 306 29 17 ett
883 304 31 19 för
929 303 41 19 alla

207 336 196 21 tillfredsställande
419 337 40 20 och
476 338 71 19 säkert
564 339 48 18 sätt.
637 337 50 20 Icke
702 344 36 13 var
754 338 35 19 det
808 338 54 19 1864
878 337 34 20 års
924 337 47 26 lag-

209 371 93 19 stiftares
318 372 86 25 mening
420 374 30 17 att
466 372 105 25 upphäfva
588 372 57 19 detta
661 373 50 18 bref.
737 372 60 19 Dock
814 378 46 13 som
876 372 94 19 tvifvels-

209 405 42 20 mål
274 405 100 26 uppstått,
397 407 103 18 huruvida
519 407 54 19 1864
589 406 34 20 års
640 407 123 26 författning
780 413 49 14 vore
846 407 70 26 tydlig
931 406 39 19 och

208 440 47 19 klar
271 441 66 18 deruti
353 443 30 17 att
399 441 119 25 ersättning
534 440 32 20 fås
583 441 60 19 äfven
660 442 32 19 för
707 443 80 24 utegor,
803 441 117 26 medgifver
932 441 39 24 jag

209 476 30 17 att
255 481 25 12 en
296 475 153 26 lagförklaring
464 475 7 19 i
487 474 77 20 sådant
580 476 57 25 syfte
653 476 23 19 är
691 476 100 25 behöflig.
817 475 72 20 Skulle
905 475 65 19 saken

209 511 76 17 stanna
309 509 78 23 dervid,
410 517 49 12 vore
480 510 35 19 det
530 510 56 19 klart
602 512 31 17 att
649 509 73 26 frågan
738 516 34 13 om
789 511 81 24 vägens
887 509 83 26 lämpli-

208 545 61 24 gaste
293 544 128 25 sträckning,
445 545 119 25 fördelning
586 545 40 18 och
650 543 110 20 underhåll
783 545 23 18 är
822 551 25 12 en
864 545 44 22 sak,
925 550 45 13 som

208 578 53 19 först
275 578 54 19 skall
345 579 92 25 afgöras.
468 578 31 20 Då
515 580 23 18 är
554 579 99 19 behofvet
669 579 74 22 utredt,
761 578 27 20 då
803 580 35 18 vet
854 585 48 12 man
918 579 53 18 huru

208 613 69 24 vägen
293 611 38 27 går
347 613 39 19 och
403 612 27 20 då
446 613 94 20 kommer
557 620 48 12 man
621 614 48 19 icke
685 615 30 17 att
728 613 89 20 värdera
828 612 66 20 sådan
905 613 65 22 mark,

209 647 48 18 med
279 647 99 19 afseende
399 647 66 20 hvarå
481 648 35 19 det
532 648 52 19 först
599 648 53 19 efter
667 647 13 20 5
697 648 50 25 Kap.
765 648 56 19 skall
837 648 83 25 afgöras
936 653 35 13 om

209 680 41 20 den
266 681 55 19 skall
337 681 52 19 höra
404 682 33 18 till
452 683 41 24 väg
509 682 50 19 eller
575 682 26 24 ej.
633 682 73 25 Enligt
721 681 13 27 $
750 682 13 18 4
779 682 103 18 anställes
898 687 72 19 expro-

209 716 150 25 priationssyn,
376 716 67 25 enligt
458 716 12 19 5
486 715 14 27 &
516 716 41 18 kan
574 716 137 19 Guvernören
726 717 53 24 säga
795 718 29 17 att
841 717 67 24 vägen
924 715 46 19 icke

209 748 38 27 går
270 748 27 27 på
319 750 36 19 det
369 750 135 26 lämpligaste
520 750 77 23 stället,
614 752 51 18 utan
681 750 54 19 skall
751 749 28 27 gå
795 752 14 17 t.
826 757 30 13 ex.
875 750 24 19 10
916 749 12 20 a
944 750 26 19 20

209 784 82 18 famnar
306 784 113 26 vestligare
435 784 50 20 eller
500 784 107 26 ostligare.
632 785 89 19 Hvartill
736 784 39 19 har
791 784 26 20 då
833 784 138 25 värderingen

209 818 83 25 tjenat?
308 818 31 19 till
355 818 111 26 ingenting
482 821 64 17 annat
563 820 26 18 än
606 820 31 18 att
653 826 25 12 en
694 826 29 18 ny
739 819 113 25 värdering
868 818 54 20 skall
933 824 37 13 an-

209 852 82 20 ställas.
322 852 41 26 Jag
385 853 116 25 medgifver
524 855 30 17 att
577 860 25 12 en
626 854 116 24 förklaring
764 854 6 18 i
786 853 76 25 antydt
878 853 55 25 syfte
948 853 23 19 är

209 887 123 25 nödvändig
347 887 39 19 och
406 888 35 18 ber
457 889 30 17 att
501 886 21 20 få
538 888 83 19 förorda
637 888 35 19 det
688 888 86 19 ärendet
788 886 66 20 måtte
869 887 31 19 till
916 887 54 25 Lag-

209 921 105 19 utskottet
337 920 169 24 återremitteras,
529 921 26 26 på
576 922 35 19 det
627 924 31 17 att
674 922 102 19 utskottet
793 922 68 19 skulle
877 922 94 18 utarbeta

210 961 26 13 en
259 956 116 25 förklaring
398 962 34 13 om
449 958 30 17 att
494 956 30 19 uti
540 956 41 19 den
597 956 124 26 ersättning,
738 962 46 13 som
801 956 135 19 innehafvare
951 956 23 18 af

207 990 49 25 jord
279 990 40 19 och
341 990 68 26 grund
433 991 22 19 är
478 991 117 25 berättigad
612 992 31 18 att
658 990 21 20 få
694 991 31 19 för
741 990 66 23 mark,
823 997 46 13 som
885 990 32 19 till
933 990 38 18 all-

211 1025 59 18 mänt
293 1024 64 20 behof
378 1025 98 23 afträdes,
500 1025 56 19 skall
571 1024 67 20 också
653 1025 121 25 inbegripas
791 1025 40 19 den
847 1025 124 25 ersättning,

210 1064 47 13 som
280 1059 38 19 bör
337 1058 32 20 fås
385 1060 32 18 för
433 1060 122 18 afträdande
571 1060 23 18 af
607 1060 61 18 mark
684 1060 31 18 till
731 1059 111 25 landsväg,
857 1059 47 19 icke
919 1058 53 20 blott

210 1092 79 20 allmän
307 1092 72 20 sådan.
398 1093 41 25 Jag
455 1093 41 19 kan
512 1094 47 18 icke
575 1094 115 25 godkänna
706 1094 34 18 det
756 1094 86 25 förslag,
859 1100 46 13 som
921 1093 51 19 Herr

212 1126 106 26 Cajander
329 1127 37 19 har
381 1128 62 25 gjort,
460 1126 27 20 då
501 1128 133 19 villervallan
650 1128 47 19 icke
713 1134 66 19 synes
795 1128 45 25 mig
850 1128 121 25 derigenom

210 1161 65 19 blifva
299 1161 86 20 mindre.
417 1161 32 20 Då
472 1161 38 20 här
529 1161 55 20 talas
600 1168 35 13 om
651 1161 79 20 allmän
746 1161 111 26 landsväg,
873 1167 49 14 vore
938 1161 34 19 det

209 1195 36 20 väl
268 1197 79 18 vunnet
369 1198 31 17 att
416 1202 48 13 man
485 1196 68 19 skulle
569 1196 64 19 hafva
649 1195 112 20 enahanda
776 1195 195 26 behandlingssätt;

210 1236 49 13 men
270 1229 40 26 jag
325 1229 122 20 hemställer
466 1230 32 19 till
515 1229 100 20 Ståndets
632 1230 147 25 bepröfvande,
791 1230 103 19 huruvida
905 1230 34 19 det
950 1231 22 18 är

210 1265 212 25 sammanhängande
447 1265 48 18 med
517 1265 231 25 expropriationslagen
764 1266 31 17 att
810 1265 73 25 afgöra
899 1263 73 27 frågan

210 1305 35 13 om
261 1300 77 25 vägars
354 1299 135 25 lämpligaste
506 1299 131 25 sträckning.

280 1333 52 19 Herr
355 1333 162 25 Tengstöm:
548 1333 41 19 Det
611 1333 147 26 föreliggande
781 1333 139 26 lagförslaget
935 1333 38 19 har

210 1365 36 21 två
269 1366 47 21 från
339 1367 118 19 hvarandra
473 1367 69 19 skilda
559 1367 68 20 sidor:
649 1368 40 19 den
705 1373 40 14 ena
760 1368 56 18 afser
831 1369 31 17 att
877 1368 95 19 närmare

210 1401 120 19 bestämma
343 1401 140 26 jordegarens
498 1401 102 26 rättighet
615 1401 32 20 till
664 1402 118 25 ersättning
798 1402 31 19 för
845 1401 65 23 mark,
927 1407 46 14 som

209 1435 94 20 afträdes
326 1435 32 20 till
380 1435 78 20 allmän
475 1435 110 26 landsväg,
603 1436 39 19 den
660 1436 77 19 andras
753 1435 100 27 syftemål
868 1437 24 18 är
907 1437 30 18 att
952 1434 21 21 få
