<?xml version="1.0" encoding="UTF-8"?>
<alto xmlns="http://www.loc.gov/standards/alto/ns-v3#" xmlns:xlink="http://www.w3.org/1999/xlink" xmlns:xsi="http://www.w3.org/2001/XMLSchema-instance" xsi:schemaLocation="http://www.loc.gov/standards/alto/ns-v3# http://www.loc.gov/alto/v3/alto-3-0.xsd">
	<Description>
		<MeasurementUnit>pixel</MeasurementUnit>
		<sourceImageInformation>
			<fileName>/tmp/tess_h1xv2h5r_input.PNG</fileName>
		</sourceImageInformation>
		<OCRProcessing ID="OCR_0">
			<ocrProcessingStep>
				<processingSoftware>
					<softwareName>tesseract 5.3.4</softwareName>
				</processingSoftware>
			</ocrProcessingStep>
		</OCRProcessing>
	</Description>
	<Layout>
		<Page WIDTH="1109" HEIGHT="1817" PHYSICAL_IMG_NR="0" ID="page_0">
			<PrintSpace HPOS="0" VPOS="0" WIDTH="1109" HEIGHT="1817">
				<ComposedBlock ID="cblock_0" HPOS="240" VPOS="163" WIDTH="421" HEIGHT="18">
					<TextBlock ID="block_0" HPOS="240" VPOS="163" WIDTH="421" HEIGHT="18">
						<TextLine ID="line_0" HPOS="240" VPOS="163" WIDTH="421" HEIGHT="18">
							<String ID="string_0" HPOS="240" VPOS="163" WIDTH="46" HEIGHT="17" WC="0.96" CONTENT="2138"/><SP WIDTH="242" VPOS="163" HPOS="286"/>
							<String ID="string_1" HPOS="528" VPOS="164" WIDTH="39" HEIGHT="17" WC="0.75" CONTENT="Deu"/><SP WIDTH="14" VPOS="164" HPOS="567"/>
							<String ID="string_2" HPOS="581" VPOS="164" WIDTH="21" HEIGHT="17" WC="0.95" CONTENT="12"/><SP WIDTH="12" VPOS="164" HPOS="602"/>
							<String ID="string_3" HPOS="614" VPOS="164" WIDTH="47" HEIGHT="17" WC="0.94" CONTENT="Juni."/>
						</TextLine>
					</TextBlock>
				</ComposedBlock>
				<ComposedBlock ID="cblock_1" HPOS="215" VPOS="222" WIDTH="766" HEIGHT="1260">
					<TextBlock ID="block_1" HPOS="217" VPOS="222" WIDTH="763" HEIGHT="59">
						<TextLine ID="line_1" HPOS="285" VPOS="222" WIDTH="695" HEIGHT="26">
							<String ID="string_4" HPOS="285" VPOS="222" WIDTH="42" HEIGHT="19" WC="0.90" CONTENT="Vid"/><SP WIDTH="24" VPOS="222" HPOS="327"/>
							<String ID="string_5" HPOS="351" VPOS="222" WIDTH="66" HEIGHT="19" WC="0.90" CONTENT="skedd"/><SP WIDTH="25" VPOS="222" HPOS="417"/>
							<String ID="string_6" HPOS="442" VPOS="222" WIDTH="158" HEIGHT="26" WC="0.92" CONTENT="framställning"/><SP WIDTH="23" VPOS="222" HPOS="600"/>
							<String ID="string_7" HPOS="623" VPOS="222" WIDTH="44" HEIGHT="19" WC="0.92" CONTENT="blef"/><SP WIDTH="16" VPOS="222" HPOS="667"/>
							<String ID="string_8" HPOS="683" VPOS="222" WIDTH="161" HEIGHT="26" WC="0.92" CONTENT="ifrägavarande"/><SP WIDTH="16" VPOS="222" HPOS="844"/>
							<String ID="string_9" HPOS="860" VPOS="223" WIDTH="82" HEIGHT="24" WC="0.96" CONTENT="förslag"/><SP WIDTH="15" VPOS="223" HPOS="942"/>
							<String ID="string_10" HPOS="957" VPOS="222" WIDTH="23" HEIGHT="18" WC="0.96" CONTENT="af"/>
						</TextLine>
						<TextLine ID="line_2" HPOS="217" VPOS="255" WIDTH="316" HEIGHT="26">
							<String ID="string_11" HPOS="217" VPOS="255" WIDTH="90" HEIGHT="20" WC="0.92" CONTENT="Ständet"/><SP WIDTH="16" VPOS="255" HPOS="307"/>
							<String ID="string_12" HPOS="323" VPOS="256" WIDTH="102" HEIGHT="25" WC="0.92" CONTENT="enhälligt"/><SP WIDTH="15" VPOS="256" HPOS="425"/>
							<String ID="string_13" HPOS="440" VPOS="257" WIDTH="93" HEIGHT="24" WC="0.92" CONTENT="antaget."/>
						</TextLine>
					</TextBlock>
					<TextBlock ID="block_2" HPOS="217" VPOS="289" WIDTH="762" HEIGHT="62">
						<TextLine ID="line_3" HPOS="288" VPOS="289" WIDTH="691" HEIGHT="28">
							<String ID="string_14" HPOS="288" VPOS="290" WIDTH="39" HEIGHT="19" WC="0.96" CONTENT="Om"/><SP WIDTH="22" VPOS="290" HPOS="327"/>
							<String ID="string_15" HPOS="349" VPOS="290" WIDTH="41" HEIGHT="19" WC="0.93" CONTENT="alla"/><SP WIDTH="16" VPOS="290" HPOS="390"/>
							<String ID="string_16" HPOS="406" VPOS="289" WIDTH="99" HEIGHT="20" WC="0.92" CONTENT="Ständets"/><SP WIDTH="17" VPOS="289" HPOS="505"/>
							<String ID="string_17" HPOS="522" VPOS="291" WIDTH="156" HEIGHT="19" WC="0.92" CONTENT="ofvannämnde"/><SP WIDTH="15" VPOS="291" HPOS="678"/>
							<String ID="string_18" HPOS="693" VPOS="291" WIDTH="69" HEIGHT="19" WC="0.96" CONTENT="beslut"/><SP WIDTH="17" VPOS="291" HPOS="762"/>
							<String ID="string_19" HPOS="779" VPOS="291" WIDTH="70" HEIGHT="19" WC="0.93" CONTENT="skulle"/><SP WIDTH="15" VPOS="291" HPOS="849"/>
							<String ID="string_20" HPOS="864" VPOS="291" WIDTH="76" HEIGHT="26" WC="0.93" CONTENT="utdrag"/><SP WIDTH="15" VPOS="291" HPOS="940"/>
							<String ID="string_21" HPOS="955" VPOS="297" WIDTH="24" HEIGHT="12" WC="0.96" CONTENT="ur"/>
						</TextLine>
						<TextLine ID="line_4" HPOS="217" VPOS="324" WIDTH="636" HEIGHT="27">
							<String ID="string_22" HPOS="217" VPOS="324" WIDTH="127" HEIGHT="25" WC="0.92" CONTENT="protokollet"/><SP WIDTH="16" VPOS="324" HPOS="344"/>
							<String ID="string_23" HPOS="360" VPOS="325" WIDTH="107" HEIGHT="19" WC="0.91" CONTENT="meddelas"/><SP WIDTH="16" VPOS="325" HPOS="467"/>
							<String ID="string_24" HPOS="483" VPOS="324" WIDTH="140" HEIGHT="20" WC="0.92" CONTENT="Medständen"/><SP WIDTH="16" VPOS="324" HPOS="623"/>
							<String ID="string_25" HPOS="639" VPOS="325" WIDTH="40" HEIGHT="20" WC="0.93" CONTENT="och"/><SP WIDTH="16" VPOS="325" HPOS="679"/>
							<String ID="string_26" HPOS="695" VPOS="332" WIDTH="53" HEIGHT="19" WC="0.92" CONTENT="resp."/><SP WIDTH="17" VPOS="332" HPOS="748"/>
							<String ID="string_27" HPOS="765" VPOS="325" WIDTH="88" HEIGHT="20" WC="0.92" CONTENT="utskott."/>
						</TextLine>
					</TextBlock>
					<TextBlock ID="block_3" HPOS="217" VPOS="358" WIDTH="761" HEIGHT="55">
						<TextLine ID="line_5" HPOS="287" VPOS="358" WIDTH="691" HEIGHT="27">
							<String ID="string_28" HPOS="287" VPOS="358" WIDTH="118" HEIGHT="27" WC="0.96" CONTENT="Föredrogs"/><SP WIDTH="22" VPOS="358" HPOS="405"/>
							<String ID="string_29" HPOS="427" VPOS="359" WIDTH="40" HEIGHT="20" WC="0.93" CONTENT="och"/><SP WIDTH="23" VPOS="359" HPOS="467"/>
							<String ID="string_30" HPOS="490" VPOS="359" WIDTH="112" HEIGHT="19" WC="0.86" CONTENT="bordlades"/><SP WIDTH="21" VPOS="359" HPOS="602"/>
							<String ID="string_31" HPOS="623" VPOS="359" WIDTH="34" HEIGHT="26" WC="0.80" CONTENT="jill"/><SP WIDTH="23" VPOS="359" HPOS="657"/>
							<String ID="string_32" HPOS="680" VPOS="359" WIDTH="166" HEIGHT="20" WC="0.96" CONTENT="sammanträdet"/><SP WIDTH="22" VPOS="359" HPOS="846"/>
							<String ID="string_33" HPOS="868" VPOS="359" WIDTH="7" HEIGHT="19" WC="0.93" CONTENT="i"/><SP WIDTH="15" VPOS="359" HPOS="875"/>
							<String ID="string_34" HPOS="890" VPOS="365" WIDTH="88" HEIGHT="20" WC="0.96" CONTENT="morgon"/>
						</TextLine>
						<TextLine ID="line_6" HPOS="217" VPOS="391" WIDTH="317" HEIGHT="22">
							<String ID="string_35" HPOS="217" VPOS="391" WIDTH="160" HEIGHT="21" WC="0.91" CONTENT="nedanstäende"/><SP WIDTH="15" VPOS="391" HPOS="377"/>
							<String ID="string_36" HPOS="392" VPOS="393" WIDTH="142" HEIGHT="20" WC="0.93" CONTENT="betänkande:"/>
						</TextLine>
					</TextBlock>
					<TextBlock ID="block_4" HPOS="218" VPOS="426" WIDTH="761" HEIGHT="130">
						<TextLine ID="line_7" HPOS="288" VPOS="426" WIDTH="691" HEIGHT="27">
							<String ID="string_37" HPOS="288" VPOS="427" WIDTH="174" HEIGHT="20" WC="0.91" CONTENT="Bankutskottets"/><SP WIDTH="19" VPOS="427" HPOS="462"/>
							<String ID="string_38" HPOS="481" VPOS="428" WIDTH="134" HEIGHT="19" WC="0.91" CONTENT="betänkande"/><SP WIDTH="23" VPOS="428" HPOS="615"/>
							<String ID="string_39" HPOS="638" VPOS="428" WIDTH="7" HEIGHT="19" WC="0.93" CONTENT="i"/><SP WIDTH="23" VPOS="428" HPOS="645"/>
							<String ID="string_40" HPOS="668" VPOS="427" WIDTH="115" HEIGHT="26" WC="0.92" CONTENT="anledning"/><SP WIDTH="22" VPOS="427" HPOS="783"/>
							<String ID="string_41" HPOS="805" VPOS="428" WIDTH="23" HEIGHT="19" WC="0.93" CONTENT="af"/><SP WIDTH="13" VPOS="428" HPOS="828"/>
							<String ID="string_42" HPOS="841" VPOS="428" WIDTH="63" HEIGHT="19" WC="0.92" CONTENT="väckt"/><SP WIDTH="15" VPOS="428" HPOS="904"/>
							<String ID="string_43" HPOS="919" VPOS="426" WIDTH="60" HEIGHT="26" WC="0.92" CONTENT="fräga"/>
						</TextLine>
						<TextLine ID="line_8" HPOS="218" VPOS="461" WIDTH="760" HEIGHT="26">
							<String ID="string_44" HPOS="218" VPOS="468" WIDTH="35" HEIGHT="13" WC="0.93" CONTENT="om"/><SP WIDTH="23" VPOS="468" HPOS="253"/>
							<String ID="string_45" HPOS="276" VPOS="462" WIDTH="91" HEIGHT="25" WC="0.94" CONTENT="ändring"/><SP WIDTH="22" VPOS="462" HPOS="367"/>
							<String ID="string_46" HPOS="389" VPOS="463" WIDTH="22" HEIGHT="18" WC="0.96" CONTENT="af"/><SP WIDTH="20" VPOS="463" HPOS="411"/>
							<String ID="string_47" HPOS="431" VPOS="469" WIDTH="62" HEIGHT="12" WC="0.96" CONTENT="mom."/><SP WIDTH="25" VPOS="469" HPOS="493"/>
							<String ID="string_48" HPOS="518" VPOS="467" WIDTH="28" HEIGHT="16" WC="0.96" CONTENT="m)"/><SP WIDTH="17" VPOS="467" HPOS="546"/>
							<String ID="string_49" HPOS="563" VPOS="463" WIDTH="23" HEIGHT="18" WC="0.93" CONTENT="af"/><SP WIDTH="13" VPOS="463" HPOS="586"/>
							<String ID="string_50" HPOS="599" VPOS="461" WIDTH="84" HEIGHT="26" WC="0.92" CONTENT="Nädiga"/><SP WIDTH="15" VPOS="461" HPOS="683"/>
							<String ID="string_51" HPOS="698" VPOS="462" WIDTH="154" HEIGHT="25" WC="0.92" CONTENT="Kungörelsen,"/><SP WIDTH="16" VPOS="462" HPOS="852"/>
							<String ID="string_52" HPOS="868" VPOS="461" WIDTH="110" HEIGHT="26" WC="0.91" CONTENT="angäende"/>
						</TextLine>
						<TextLine ID="line_9" HPOS="218" VPOS="496" WIDTH="760" HEIGHT="26">
							<String ID="string_53" HPOS="218" VPOS="496" WIDTH="40" HEIGHT="19" WC="0.96" CONTENT="den"/><SP WIDTH="24" VPOS="496" HPOS="258"/>
							<String ID="string_54" HPOS="282" VPOS="497" WIDTH="23" HEIGHT="18" WC="0.93" CONTENT="af"/><SP WIDTH="21" VPOS="497" HPOS="305"/>
							<String ID="string_55" HPOS="326" VPOS="496" WIDTH="117" HEIGHT="20" WC="0.92" CONTENT="Ständerna"/><SP WIDTH="22" VPOS="496" HPOS="443"/>
							<String ID="string_56" HPOS="465" VPOS="498" WIDTH="93" HEIGHT="24" WC="0.91" CONTENT="antagna"/><SP WIDTH="23" VPOS="498" HPOS="558"/>
							<String ID="string_57" HPOS="581" VPOS="497" WIDTH="128" HEIGHT="19" WC="0.92" CONTENT="instruktion"/><SP WIDTH="20" VPOS="497" HPOS="709"/>
							<String ID="string_58" HPOS="729" VPOS="497" WIDTH="32" HEIGHT="18" WC="0.93" CONTENT="för"/><SP WIDTH="16" VPOS="497" HPOS="761"/>
							<String ID="string_59" HPOS="777" VPOS="496" WIDTH="201" HEIGHT="25" WC="0.92" CONTENT="Bankfullmäktige,"/>
						</TextLine>
						<TextLine ID="line_10" HPOS="218" VPOS="530" WIDTH="367" HEIGHT="26">
							<String ID="string_60" HPOS="218" VPOS="531" WIDTH="72" HEIGHT="25" WC="0.92" CONTENT="gifven"/><SP WIDTH="17" VPOS="531" HPOS="290"/>
							<String ID="string_61" HPOS="307" VPOS="530" WIDTH="40" HEIGHT="19" WC="0.96" CONTENT="den"/><SP WIDTH="16" VPOS="530" HPOS="347"/>
							<String ID="string_62" HPOS="363" VPOS="530" WIDTH="12" HEIGHT="19" WC="0.96" CONTENT="9"/><SP WIDTH="16" VPOS="530" HPOS="375"/>
							<String ID="string_63" HPOS="391" VPOS="531" WIDTH="115" HEIGHT="19" WC="0.96" CONTENT="December"/><SP WIDTH="18" VPOS="531" HPOS="506"/>
							<String ID="string_64" HPOS="524" VPOS="530" WIDTH="61" HEIGHT="20" WC="0.96" CONTENT="1867."/>
						</TextLine>
					</TextBlock>
					<TextBlock ID="block_5" HPOS="217" VPOS="564" WIDTH="761" HEIGHT="92">
						<TextLine ID="line_11" HPOS="288" VPOS="564" WIDTH="690" HEIGHT="26">
							<String ID="string_65" HPOS="288" VPOS="564" WIDTH="86" HEIGHT="20" WC="0.93" CONTENT="Samma"/><SP WIDTH="23" VPOS="564" HPOS="374"/>
							<String ID="string_66" HPOS="397" VPOS="565" WIDTH="92" HEIGHT="20" WC="0.96" CONTENT="utskotts"/><SP WIDTH="23" VPOS="565" HPOS="489"/>
							<String ID="string_67" HPOS="512" VPOS="565" WIDTH="134" HEIGHT="19" WC="0.96" CONTENT="betänkande"/><SP WIDTH="21" VPOS="565" HPOS="646"/>
							<String ID="string_68" HPOS="667" VPOS="565" WIDTH="7" HEIGHT="19" WC="0.96" CONTENT="i"/><SP WIDTH="16" VPOS="565" HPOS="674"/>
							<String ID="string_69" HPOS="690" VPOS="565" WIDTH="115" HEIGHT="25" WC="0.96" CONTENT="anledning"/><SP WIDTH="16" VPOS="565" HPOS="805"/>
							<String ID="string_70" HPOS="821" VPOS="565" WIDTH="23" HEIGHT="19" WC="0.93" CONTENT="af"/><SP WIDTH="14" VPOS="565" HPOS="844"/>
							<String ID="string_71" HPOS="858" VPOS="566" WIDTH="120" HEIGHT="24" WC="0.69" CONTENT="emottagen"/>
						</TextLine>
						<TextLine ID="line_12" HPOS="219" VPOS="598" WIDTH="759" HEIGHT="27">
							<String ID="string_72" HPOS="219" VPOS="598" WIDTH="123" HEIGHT="21" WC="0.96" CONTENT="återremiss"/><SP WIDTH="25" VPOS="598" HPOS="342"/>
							<String ID="string_73" HPOS="367" VPOS="600" WIDTH="23" HEIGHT="18" WC="0.96" CONTENT="af"/><SP WIDTH="20" VPOS="600" HPOS="390"/>
							<String ID="string_74" HPOS="410" VPOS="600" WIDTH="13" HEIGHT="19" WC="0.96" CONTENT="4"/><SP WIDTH="23" VPOS="600" HPOS="423"/>
							<String ID="string_75" HPOS="446" VPOS="599" WIDTH="14" HEIGHT="26" WC="0.88" CONTENT="&amp;"/><SP WIDTH="23" VPOS="599" HPOS="460"/>
							<String ID="string_76" HPOS="483" VPOS="600" WIDTH="6" HEIGHT="19" WC="0.94" CONTENT="i"/><SP WIDTH="25" VPOS="600" HPOS="489"/>
							<String ID="string_77" HPOS="514" VPOS="600" WIDTH="101" HEIGHT="25" WC="0.94" CONTENT="förslaget"/><SP WIDTH="22" VPOS="600" HPOS="615"/>
							<String ID="string_78" HPOS="637" VPOS="599" WIDTH="33" HEIGHT="20" WC="0.96" CONTENT="till"/><SP WIDTH="15" VPOS="599" HPOS="670"/>
							<String ID="string_79" HPOS="685" VPOS="599" WIDTH="130" HEIGHT="26" WC="0.96" CONTENT="reglemente"/><SP WIDTH="16" VPOS="599" HPOS="815"/>
							<String ID="string_80" HPOS="831" VPOS="599" WIDTH="31" HEIGHT="20" WC="0.96" CONTENT="för"/><SP WIDTH="16" VPOS="599" HPOS="862"/>
							<String ID="string_81" HPOS="878" VPOS="599" WIDTH="100" HEIGHT="19" WC="0.96" CONTENT="Finlands"/>
						</TextLine>
						<TextLine ID="line_13" HPOS="217" VPOS="633" WIDTH="140" HEIGHT="23">
							<String ID="string_82" HPOS="217" VPOS="633" WIDTH="68" HEIGHT="23" WC="0.96" CONTENT="Bank,"/><SP WIDTH="17" VPOS="633" HPOS="285"/>
							<String ID="string_83" HPOS="302" VPOS="635" WIDTH="55" HEIGHT="17" WC="0.96" CONTENT="samt"/>
						</TextLine>
					</TextBlock>
					<TextBlock ID="block_6" HPOS="217" VPOS="667" WIDTH="761" HEIGHT="129">
						<TextLine ID="line_14" HPOS="288" VPOS="667" WIDTH="690" HEIGHT="26">
							<String ID="string_84" HPOS="288" VPOS="667" WIDTH="85" HEIGHT="19" WC="0.96" CONTENT="Samma"/><SP WIDTH="16" VPOS="667" HPOS="373"/>
							<String ID="string_85" HPOS="389" VPOS="667" WIDTH="92" HEIGHT="19" WC="0.95" CONTENT="utskotts"/><SP WIDTH="13" VPOS="667" HPOS="481"/>
							<String ID="string_86" HPOS="494" VPOS="667" WIDTH="81" HEIGHT="26" WC="0.96" CONTENT="förslag"/><SP WIDTH="10" VPOS="667" HPOS="575"/>
							<String ID="string_87" HPOS="585" VPOS="667" WIDTH="32" HEIGHT="19" WC="0.93" CONTENT="till"/><SP WIDTH="12" VPOS="667" HPOS="617"/>
							<String ID="string_88" HPOS="629" VPOS="667" WIDTH="210" HEIGHT="26" WC="0.91" CONTENT="sammanjemkning"/><SP WIDTH="11" VPOS="667" HPOS="839"/>
							<String ID="string_89" HPOS="850" VPOS="668" WIDTH="22" HEIGHT="19" WC="0.96" CONTENT="af"/><SP WIDTH="9" VPOS="668" HPOS="872"/>
							<String ID="string_90" HPOS="881" VPOS="668" WIDTH="25" HEIGHT="18" WC="0.93" CONTENT="de"/><SP WIDTH="11" VPOS="668" HPOS="906"/>
							<String ID="string_91" HPOS="917" VPOS="667" WIDTH="61" HEIGHT="25" WC="0.92" CONTENT="skilj-"/>
						</TextLine>
						<TextLine ID="line_15" HPOS="218" VPOS="700" WIDTH="760" HEIGHT="27">
							<String ID="string_92" HPOS="218" VPOS="702" WIDTH="73" HEIGHT="25" WC="0.92" CONTENT="aktiga"/><SP WIDTH="23" VPOS="702" HPOS="291"/>
							<String ID="string_93" HPOS="314" VPOS="702" WIDTH="75" HEIGHT="22" WC="0.92" CONTENT="beslut,"/><SP WIDTH="16" VPOS="702" HPOS="389"/>
							<String ID="string_94" HPOS="405" VPOS="702" WIDTH="59" HEIGHT="18" WC="0.91" CONTENT="hvari"/><SP WIDTH="16" VPOS="702" HPOS="464"/>
							<String ID="string_95" HPOS="480" VPOS="700" WIDTH="89" HEIGHT="21" WC="0.92" CONTENT="Ståndet"/><SP WIDTH="16" VPOS="700" HPOS="569"/>
							<String ID="string_96" HPOS="585" VPOS="704" WIDTH="85" HEIGHT="17" WC="0.96" CONTENT="stannat"/><SP WIDTH="15" VPOS="704" HPOS="670"/>
							<String ID="string_97" HPOS="685" VPOS="702" WIDTH="35" HEIGHT="19" WC="0.96" CONTENT="vid"/><SP WIDTH="16" VPOS="702" HPOS="720"/>
							<String ID="string_98" HPOS="736" VPOS="702" WIDTH="157" HEIGHT="25" WC="0.96" CONTENT="behandlingen"/><SP WIDTH="16" VPOS="702" HPOS="893"/>
							<String ID="string_99" HPOS="909" VPOS="702" WIDTH="23" HEIGHT="18" WC="0.93" CONTENT="af"/><SP WIDTH="13" VPOS="702" HPOS="932"/>
							<String ID="string_100" HPOS="945" VPOS="703" WIDTH="33" HEIGHT="17" WC="0.90" CONTENT="ut-"/>
						</TextLine>
						<TextLine ID="line_16" HPOS="218" VPOS="735" WIDTH="760" HEIGHT="26">
							<String ID="string_101" HPOS="218" VPOS="736" WIDTH="91" HEIGHT="19" WC="0.91" CONTENT="skottets"/><SP WIDTH="16" VPOS="736" HPOS="309"/>
							<String ID="string_102" HPOS="325" VPOS="736" WIDTH="132" HEIGHT="19" WC="0.96" CONTENT="betänkande"/><SP WIDTH="15" VPOS="736" HPOS="457"/>
							<String ID="string_103" HPOS="472" VPOS="736" WIDTH="7" HEIGHT="18" WC="0.96" CONTENT="i"/><SP WIDTH="16" VPOS="736" HPOS="479"/>
							<String ID="string_104" HPOS="495" VPOS="736" WIDTH="116" HEIGHT="25" WC="0.96" CONTENT="anledning"/><SP WIDTH="16" VPOS="736" HPOS="611"/>
							<String ID="string_105" HPOS="627" VPOS="736" WIDTH="22" HEIGHT="19" WC="0.96" CONTENT="af"/><SP WIDTH="8" VPOS="736" HPOS="649"/>
							<String ID="string_106" HPOS="657" VPOS="736" WIDTH="36" HEIGHT="19" WC="0.96" CONTENT="det"/><SP WIDTH="14" VPOS="736" HPOS="693"/>
							<String ID="string_107" HPOS="707" VPOS="736" WIDTH="47" HEIGHT="19" WC="0.93" CONTENT="utaf"/><SP WIDTH="14" VPOS="736" HPOS="754"/>
							<String ID="string_108" HPOS="768" VPOS="735" WIDTH="129" HEIGHT="20" WC="0.92" CONTENT="Ständernas"/><SP WIDTH="11" VPOS="735" HPOS="897"/>
							<String ID="string_109" HPOS="908" VPOS="736" WIDTH="70" HEIGHT="19" WC="0.89" CONTENT="Bank-"/>
						</TextLine>
						<TextLine ID="line_17" HPOS="217" VPOS="770" WIDTH="760" HEIGHT="26">
							<String ID="string_110" HPOS="217" VPOS="770" WIDTH="135" HEIGHT="26" WC="0.96" CONTENT="fullmäktige"/><SP WIDTH="11" VPOS="770" HPOS="352"/>
							<String ID="string_111" HPOS="363" VPOS="770" WIDTH="115" HEIGHT="26" WC="0.96" CONTENT="uppgjorda"/><SP WIDTH="11" VPOS="770" HPOS="478"/>
							<String ID="string_112" HPOS="489" VPOS="770" WIDTH="81" HEIGHT="25" WC="0.96" CONTENT="förslag"/><SP WIDTH="12" VPOS="770" HPOS="570"/>
							<String ID="string_113" HPOS="582" VPOS="770" WIDTH="32" HEIGHT="19" WC="0.96" CONTENT="till"/><SP WIDTH="11" VPOS="770" HPOS="614"/>
							<String ID="string_114" HPOS="625" VPOS="770" WIDTH="128" HEIGHT="26" WC="0.96" CONTENT="reglemente"/><SP WIDTH="8" VPOS="770" HPOS="753"/>
							<String ID="string_115" HPOS="761" VPOS="770" WIDTH="33" HEIGHT="19" WC="0.96" CONTENT="för"/><SP WIDTH="8" VPOS="770" HPOS="794"/>
							<String ID="string_116" HPOS="802" VPOS="770" WIDTH="101" HEIGHT="19" WC="0.96" CONTENT="Finlands"/><SP WIDTH="8" VPOS="770" HPOS="903"/>
							<String ID="string_117" HPOS="911" VPOS="770" WIDTH="66" HEIGHT="19" WC="0.96" CONTENT="Bank."/>
						</TextLine>
					</TextBlock>
					<TextBlock ID="block_7" HPOS="215" VPOS="804" WIDTH="765" HEIGHT="164">
						<TextLine ID="line_18" HPOS="287" VPOS="804" WIDTH="691" HEIGHT="26">
							<String ID="string_118" HPOS="287" VPOS="804" WIDTH="118" HEIGHT="26" WC="0.96" CONTENT="Föredrogs"/><SP WIDTH="22" VPOS="804" HPOS="405"/>
							<String ID="string_119" HPOS="427" VPOS="806" WIDTH="155" HEIGHT="18" WC="0.93" CONTENT="sammansatta"/><SP WIDTH="23" VPOS="806" HPOS="582"/>
							<String ID="string_120" HPOS="605" VPOS="804" WIDTH="69" HEIGHT="19" WC="0.92" CONTENT="Stats-"/><SP WIDTH="23" VPOS="804" HPOS="674"/>
							<String ID="string_121" HPOS="697" VPOS="804" WIDTH="38" HEIGHT="20" WC="0.92" CONTENT="och"/><SP WIDTH="23" VPOS="804" HPOS="735"/>
							<String ID="string_122" HPOS="758" VPOS="804" WIDTH="220" HEIGHT="20" WC="0.91" CONTENT="Ekonomiutskottets"/>
						</TextLine>
						<TextLine ID="line_19" HPOS="218" VPOS="838" WIDTH="761" HEIGHT="26">
							<String ID="string_123" HPOS="218" VPOS="839" WIDTH="111" HEIGHT="19" WC="0.89" CONTENT="skrifvelse"/><SP WIDTH="24" VPOS="839" HPOS="329"/>
							<String ID="string_124" HPOS="353" VPOS="839" WIDTH="22" HEIGHT="19" WC="0.96" CONTENT="af"/><SP WIDTH="21" VPOS="839" HPOS="375"/>
							<String ID="string_125" HPOS="396" VPOS="839" WIDTH="39" HEIGHT="19" WC="0.96" CONTENT="den"/><SP WIDTH="23" VPOS="839" HPOS="435"/>
							<String ID="string_126" HPOS="458" VPOS="839" WIDTH="14" HEIGHT="19" WC="0.96" CONTENT="4"/><SP WIDTH="22" VPOS="839" HPOS="472"/>
							<String ID="string_127" HPOS="494" VPOS="838" WIDTH="49" HEIGHT="20" WC="0.93" CONTENT="Juni"/><SP WIDTH="16" VPOS="838" HPOS="543"/>
							<String ID="string_128" HPOS="559" VPOS="838" WIDTH="150" HEIGHT="20" WC="0.91" CONTENT="innehällande"/><SP WIDTH="19" VPOS="838" HPOS="709"/>
							<String ID="string_129" HPOS="728" VPOS="838" WIDTH="81" HEIGHT="26" WC="0.96" CONTENT="förslag"/><SP WIDTH="14" VPOS="838" HPOS="809"/>
							<String ID="string_130" HPOS="823" VPOS="838" WIDTH="33" HEIGHT="20" WC="0.93" CONTENT="till"/><SP WIDTH="16" VPOS="838" HPOS="856"/>
							<String ID="string_131" HPOS="872" VPOS="844" WIDTH="107" HEIGHT="14" WC="0.92" CONTENT="samman-"/>
						</TextLine>
						<TextLine ID="line_20" HPOS="215" VPOS="872" WIDTH="765" HEIGHT="26">
							<String ID="string_132" HPOS="215" VPOS="873" WIDTH="114" HEIGHT="25" WC="0.92" CONTENT="jemkning"/><SP WIDTH="25" VPOS="873" HPOS="329"/>
							<String ID="string_133" HPOS="354" VPOS="874" WIDTH="22" HEIGHT="18" WC="0.93" CONTENT="af"/><SP WIDTH="24" VPOS="874" HPOS="376"/>
							<String ID="string_134" HPOS="400" VPOS="872" WIDTH="99" HEIGHT="20" WC="0.93" CONTENT="Ständets"/><SP WIDTH="26" VPOS="872" HPOS="499"/>
							<String ID="string_135" HPOS="525" VPOS="873" WIDTH="58" HEIGHT="19" WC="0.96" CONTENT="olika"/><SP WIDTH="22" VPOS="873" HPOS="583"/>
							<String ID="string_136" HPOS="605" VPOS="873" WIDTH="70" HEIGHT="19" WC="0.96" CONTENT="beslut"/><SP WIDTH="23" VPOS="873" HPOS="675"/>
							<String ID="string_137" HPOS="698" VPOS="874" WIDTH="6" HEIGHT="18" WC="0.93" CONTENT="i"/><SP WIDTH="24" VPOS="874" HPOS="704"/>
							<String ID="string_138" HPOS="728" VPOS="873" WIDTH="116" HEIGHT="25" WC="0.91" CONTENT="anledning"/><SP WIDTH="16" VPOS="873" HPOS="844"/>
							<String ID="string_139" HPOS="860" VPOS="874" WIDTH="22" HEIGHT="18" WC="0.93" CONTENT="af"/><SP WIDTH="13" VPOS="874" HPOS="882"/>
							<String ID="string_140" HPOS="895" VPOS="872" WIDTH="85" HEIGHT="26" WC="0.92" CONTENT="Nädiga"/>
						</TextLine>
						<TextLine ID="line_21" HPOS="217" VPOS="907" WIDTH="761" HEIGHT="27">
							<String ID="string_141" HPOS="217" VPOS="908" WIDTH="158" HEIGHT="26" WC="0.96" CONTENT="propositionen"/><SP WIDTH="15" VPOS="908" HPOS="375"/>
							<String ID="string_142" HPOS="390" VPOS="914" WIDTH="35" HEIGHT="13" WC="0.93" CONTENT="om"/><SP WIDTH="15" VPOS="914" HPOS="425"/>
							<String ID="string_143" HPOS="440" VPOS="908" WIDTH="121" HEIGHT="25" WC="0.92" CONTENT="riktningen"/><SP WIDTH="16" VPOS="908" HPOS="561"/>
							<String ID="string_144" HPOS="577" VPOS="908" WIDTH="23" HEIGHT="19" WC="0.93" CONTENT="af"/><SP WIDTH="8" VPOS="908" HPOS="600"/>
							<String ID="string_145" HPOS="608" VPOS="908" WIDTH="123" HEIGHT="19" WC="0.90" CONTENT="stambanor"/><SP WIDTH="10" VPOS="908" HPOS="731"/>
							<String ID="string_146" HPOS="741" VPOS="908" WIDTH="36" HEIGHT="18" WC="0.93" CONTENT="vid"/><SP WIDTH="8" VPOS="908" HPOS="777"/>
							<String ID="string_147" HPOS="785" VPOS="907" WIDTH="193" HEIGHT="26" WC="0.92" CONTENT="jernvägsanlägg-"/>
						</TextLine>
						<TextLine ID="line_22" HPOS="217" VPOS="942" WIDTH="209" HEIGHT="26">
							<String ID="string_148" HPOS="217" VPOS="942" WIDTH="77" HEIGHT="26" WC="0.91" CONTENT="ningar"/><SP WIDTH="15" VPOS="942" HPOS="294"/>
							<String ID="string_149" HPOS="309" VPOS="942" WIDTH="6" HEIGHT="19" WC="0.96" CONTENT="i"/><SP WIDTH="16" VPOS="942" HPOS="315"/>
							<String ID="string_150" HPOS="331" VPOS="942" WIDTH="95" HEIGHT="19" WC="0.96" CONTENT="Finland."/>
						</TextLine>
					</TextBlock>
					<TextBlock ID="block_8" HPOS="216" VPOS="975" WIDTH="765" HEIGHT="232">
						<TextLine ID="line_23" HPOS="288" VPOS="975" WIDTH="693" HEIGHT="26">
							<String ID="string_151" HPOS="288" VPOS="977" WIDTH="51" HEIGHT="19" WC="0.93" CONTENT="Herr"/><SP WIDTH="22" VPOS="977" HPOS="339"/>
							<String ID="string_152" HPOS="361" VPOS="976" WIDTH="159" HEIGHT="20" WC="0.93" CONTENT="Wasenius:"/><SP WIDTH="31" VPOS="976" HPOS="520"/>
							<String ID="string_153" HPOS="551" VPOS="975" WIDTH="33" HEIGHT="20" WC="0.96" CONTENT="Då"/><SP WIDTH="20" VPOS="975" HPOS="584"/>
							<String ID="string_154" HPOS="604" VPOS="976" WIDTH="39" HEIGHT="25" WC="0.96" CONTENT="jag"/><SP WIDTH="23" VPOS="976" HPOS="643"/>
							<String ID="string_155" HPOS="666" VPOS="976" WIDTH="32" HEIGHT="20" WC="0.96" CONTENT="för"/><SP WIDTH="22" VPOS="976" HPOS="698"/>
							<String ID="string_156" HPOS="720" VPOS="976" WIDTH="43" HEIGHT="19" WC="0.96" CONTENT="min"/><SP WIDTH="24" VPOS="976" HPOS="763"/>
							<String ID="string_157" HPOS="787" VPOS="976" WIDTH="34" HEIGHT="20" WC="0.96" CONTENT="del"/><SP WIDTH="21" VPOS="976" HPOS="821"/>
							<String ID="string_158" HPOS="842" VPOS="982" WIDTH="62" HEIGHT="13" WC="0.71" CONTENT="anser"/><SP WIDTH="13" VPOS="982" HPOS="904"/>
							<String ID="string_159" HPOS="917" VPOS="976" WIDTH="25" HEIGHT="19" WC="0.71" CONTENT="de"/><SP WIDTH="16" VPOS="976" HPOS="942"/>
							<String ID="string_160" HPOS="958" VPOS="976" WIDTH="23" HEIGHT="19" WC="0.96" CONTENT="af"/>
						</TextLine>
						<TextLine ID="line_24" HPOS="217" VPOS="1009" WIDTH="761" HEIGHT="27">
							<String ID="string_161" HPOS="217" VPOS="1010" WIDTH="154" HEIGHT="26" WC="0.91" CONTENT="Ridderskapet"/><SP WIDTH="22" VPOS="1010" HPOS="371"/>
							<String ID="string_162" HPOS="393" VPOS="1010" WIDTH="40" HEIGHT="20" WC="0.93" CONTENT="och"/><SP WIDTH="22" VPOS="1010" HPOS="433"/>
							<String ID="string_163" HPOS="455" VPOS="1010" WIDTH="70" HEIGHT="20" WC="0.89" CONTENT="Adeln"/><SP WIDTH="16" VPOS="1010" HPOS="525"/>
							<String ID="string_164" HPOS="541" VPOS="1012" WIDTH="56" HEIGHT="17" WC="0.93" CONTENT="samt"/><SP WIDTH="15" VPOS="1012" HPOS="597"/>
							<String ID="string_165" HPOS="612" VPOS="1009" WIDTH="179" HEIGHT="27" WC="0.92" CONTENT="Borgareständet"/><SP WIDTH="15" VPOS="1009" HPOS="791"/>
							<String ID="string_166" HPOS="806" VPOS="1010" WIDTH="7" HEIGHT="19" WC="0.95" CONTENT="i"/><SP WIDTH="16" VPOS="1010" HPOS="813"/>
							<String ID="string_167" HPOS="829" VPOS="1010" WIDTH="57" HEIGHT="20" WC="0.93" CONTENT="detta"/><SP WIDTH="15" VPOS="1010" HPOS="886"/>
							<String ID="string_168" HPOS="901" VPOS="1010" WIDTH="77" HEIGHT="20" WC="0.92" CONTENT="ärende"/>
						</TextLine>
						<TextLine ID="line_25" HPOS="217" VPOS="1043" WIDTH="763" HEIGHT="27">
							<String ID="string_169" HPOS="217" VPOS="1045" WIDTH="80" HEIGHT="19" WC="0.96" CONTENT="fattade"/><SP WIDTH="16" VPOS="1045" HPOS="297"/>
							<String ID="string_170" HPOS="313" VPOS="1045" WIDTH="67" HEIGHT="19" WC="0.96" CONTENT="beslut"/><SP WIDTH="16" VPOS="1045" HPOS="380"/>
							<String ID="string_171" HPOS="396" VPOS="1051" WIDTH="50" HEIGHT="13" WC="0.96" CONTENT="vara"/><SP WIDTH="15" VPOS="1051" HPOS="446"/>
							<String ID="string_172" HPOS="461" VPOS="1045" WIDTH="23" HEIGHT="19" WC="0.96" CONTENT="af"/><SP WIDTH="13" VPOS="1045" HPOS="484"/>
							<String ID="string_173" HPOS="497" VPOS="1045" WIDTH="41" HEIGHT="19" WC="0.93" CONTENT="den"/><SP WIDTH="15" VPOS="1045" HPOS="538"/>
							<String ID="string_174" HPOS="553" VPOS="1045" WIDTH="52" HEIGHT="25" WC="0.92" CONTENT="vigt,"/><SP WIDTH="16" VPOS="1045" HPOS="605"/>
							<String ID="string_175" HPOS="621" VPOS="1046" WIDTH="31" HEIGHT="18" WC="0.96" CONTENT="att"/><SP WIDTH="15" VPOS="1046" HPOS="652"/>
							<String ID="string_176" HPOS="667" VPOS="1045" WIDTH="26" HEIGHT="19" WC="0.93" CONTENT="de"/><SP WIDTH="15" VPOS="1045" HPOS="693"/>
							<String ID="string_177" HPOS="708" VPOS="1044" WIDTH="47" HEIGHT="20" WC="0.92" CONTENT="icke"/><SP WIDTH="16" VPOS="1044" HPOS="755"/>
							<String ID="string_178" HPOS="771" VPOS="1044" WIDTH="64" HEIGHT="20" WC="0.93" CONTENT="borde"/><SP WIDTH="15" VPOS="1044" HPOS="835"/>
							<String ID="string_179" HPOS="850" VPOS="1043" WIDTH="93" HEIGHT="27" WC="0.91" CONTENT="frängäs,"/><SP WIDTH="11" VPOS="1043" HPOS="943"/>
							<String ID="string_180" HPOS="954" VPOS="1043" WIDTH="26" HEIGHT="21" WC="0.97" CONTENT="sä"/>
						</TextLine>
						<TextLine ID="line_26" HPOS="217" VPOS="1078" WIDTH="763" HEIGHT="27">
							<String ID="string_181" HPOS="217" VPOS="1081" WIDTH="60" HEIGHT="23" WC="0.93" CONTENT="tager"/><SP WIDTH="20" VPOS="1081" HPOS="277"/>
							<String ID="string_182" HPOS="297" VPOS="1080" WIDTH="39" HEIGHT="25" WC="0.96" CONTENT="jag"/><SP WIDTH="23" VPOS="1080" HPOS="336"/>
							<String ID="string_183" HPOS="359" VPOS="1079" WIDTH="44" HEIGHT="25" WC="0.93" CONTENT="mig"/><SP WIDTH="22" VPOS="1079" HPOS="403"/>
							<String ID="string_184" HPOS="425" VPOS="1079" WIDTH="89" HEIGHT="19" WC="0.92" CONTENT="friheten"/><SP WIDTH="16" VPOS="1079" HPOS="514"/>
							<String ID="string_185" HPOS="530" VPOS="1079" WIDTH="109" HEIGHT="19" WC="0.93" CONTENT="vördsamt"/><SP WIDTH="16" VPOS="1079" HPOS="639"/>
							<String ID="string_186" HPOS="655" VPOS="1078" WIDTH="83" HEIGHT="24" WC="0.91" CONTENT="föreslä,"/><SP WIDTH="17" VPOS="1078" HPOS="738"/>
							<String ID="string_187" HPOS="755" VPOS="1080" WIDTH="31" HEIGHT="18" WC="0.93" CONTENT="att"/><SP WIDTH="15" VPOS="1080" HPOS="786"/>
							<String ID="string_188" HPOS="801" VPOS="1078" WIDTH="179" HEIGHT="26" WC="0.91" CONTENT="Borgareständet"/>
						</TextLine>
						<TextLine ID="line_27" HPOS="217" VPOS="1113" WIDTH="762" HEIGHT="25">
							<String ID="string_189" HPOS="217" VPOS="1114" WIDTH="70" HEIGHT="19" WC="0.91" CONTENT="skulle"/><SP WIDTH="22" VPOS="1114" HPOS="287"/>
							<String ID="string_190" HPOS="309" VPOS="1114" WIDTH="72" HEIGHT="19" WC="0.92" CONTENT="förena"/><SP WIDTH="24" VPOS="1114" HPOS="381"/>
							<String ID="string_191" HPOS="405" VPOS="1114" WIDTH="33" HEIGHT="24" WC="0.96" CONTENT="sig"/><SP WIDTH="22" VPOS="1114" HPOS="438"/>
							<String ID="string_192" HPOS="460" VPOS="1119" WIDTH="35" HEIGHT="13" WC="0.96" CONTENT="om"/><SP WIDTH="15" VPOS="1119" HPOS="495"/>
							<String ID="string_193" HPOS="510" VPOS="1113" WIDTH="41" HEIGHT="19" WC="0.93" CONTENT="den"/><SP WIDTH="16" VPOS="1113" HPOS="551"/>
							<String ID="string_194" HPOS="567" VPOS="1113" WIDTH="143" HEIGHT="25" WC="0.93" CONTENT="formulering,"/><SP WIDTH="16" VPOS="1113" HPOS="710"/>
							<String ID="string_195" HPOS="726" VPOS="1119" WIDTH="47" HEIGHT="13" WC="0.96" CONTENT="som"/><SP WIDTH="16" VPOS="1119" HPOS="773"/>
							<String ID="string_196" HPOS="789" VPOS="1113" WIDTH="20" HEIGHT="19" WC="0.93" CONTENT="af"/><SP WIDTH="16" VPOS="1113" HPOS="809"/>
							<String ID="string_197" HPOS="825" VPOS="1113" WIDTH="154" HEIGHT="25" WC="0.92" CONTENT="Ridderskapet"/>
						</TextLine>
						<TextLine ID="line_28" HPOS="216" VPOS="1145" WIDTH="764" HEIGHT="28">
							<String ID="string_198" HPOS="216" VPOS="1148" WIDTH="41" HEIGHT="20" WC="0.92" CONTENT="och"/><SP WIDTH="22" VPOS="1148" HPOS="257"/>
							<String ID="string_199" HPOS="279" VPOS="1147" WIDTH="70" HEIGHT="20" WC="0.81" CONTENT="Adeln"/><SP WIDTH="22" VPOS="1147" HPOS="349"/>
							<String ID="string_200" HPOS="371" VPOS="1147" WIDTH="74" HEIGHT="26" WC="0.96" CONTENT="gjorts,"/><SP WIDTH="24" VPOS="1147" HPOS="445"/>
							<String ID="string_201" HPOS="469" VPOS="1149" WIDTH="55" HEIGHT="17" WC="0.93" CONTENT="samt"/><SP WIDTH="22" VPOS="1149" HPOS="524"/>
							<String ID="string_202" HPOS="546" VPOS="1147" WIDTH="88" HEIGHT="26" WC="0.96" CONTENT="inbjuda"/><SP WIDTH="23" VPOS="1147" HPOS="634"/>
							<String ID="string_203" HPOS="657" VPOS="1147" WIDTH="26" HEIGHT="19" WC="0.93" CONTENT="de"/><SP WIDTH="21" VPOS="1147" HPOS="683"/>
							<String ID="string_204" HPOS="704" VPOS="1146" WIDTH="35" HEIGHT="20" WC="0.96" CONTENT="två"/><SP WIDTH="16" VPOS="1146" HPOS="739"/>
							<String ID="string_205" HPOS="755" VPOS="1147" WIDTH="68" HEIGHT="26" WC="0.93" CONTENT="öfriga"/><SP WIDTH="16" VPOS="1147" HPOS="823"/>
							<String ID="string_206" HPOS="839" VPOS="1145" WIDTH="93" HEIGHT="21" WC="0.92" CONTENT="Ständen"/><SP WIDTH="16" VPOS="1145" HPOS="932"/>
							<String ID="string_207" HPOS="948" VPOS="1149" WIDTH="32" HEIGHT="17" WC="0.97" CONTENT="att"/>
						</TextLine>
						<TextLine ID="line_29" HPOS="217" VPOS="1181" WIDTH="450" HEIGHT="26">
							<String ID="string_208" HPOS="217" VPOS="1183" WIDTH="62" HEIGHT="18" WC="0.92" CONTENT="äfven"/><SP WIDTH="16" VPOS="1183" HPOS="279"/>
							<String ID="string_209" HPOS="295" VPOS="1189" WIDTH="34" HEIGHT="12" WC="0.96" CONTENT="om"/><SP WIDTH="16" VPOS="1189" HPOS="329"/>
							<String ID="string_210" HPOS="345" VPOS="1188" WIDTH="82" HEIGHT="13" WC="0.96" CONTENT="samma"/><SP WIDTH="16" VPOS="1188" HPOS="427"/>
							<String ID="string_211" HPOS="443" VPOS="1181" WIDTH="80" HEIGHT="26" WC="0.96" CONTENT="förslag"/><SP WIDTH="16" VPOS="1181" HPOS="523"/>
							<String ID="string_212" HPOS="539" VPOS="1181" WIDTH="34" HEIGHT="26" WC="0.93" CONTENT="sig"/><SP WIDTH="16" VPOS="1181" HPOS="573"/>
							<String ID="string_213" HPOS="589" VPOS="1182" WIDTH="78" HEIGHT="19" WC="0.90" CONTENT="förena."/>
						</TextLine>
					</TextBlock>
					<TextBlock ID="block_9" HPOS="215" VPOS="1215" WIDTH="764" HEIGHT="267">
						<TextLine ID="line_30" HPOS="286" VPOS="1215" WIDTH="693" HEIGHT="26">
							<String ID="string_214" HPOS="286" VPOS="1217" WIDTH="53" HEIGHT="18" WC="0.96" CONTENT="Herr"/><SP WIDTH="14" VPOS="1217" HPOS="339"/>
							<String ID="string_215" HPOS="353" VPOS="1216" WIDTH="150" HEIGHT="19" WC="0.96" CONTENT="Mechelin:"/><SP WIDTH="24" VPOS="1216" HPOS="503"/>
							<String ID="string_216" HPOS="527" VPOS="1216" WIDTH="53" HEIGHT="19" WC="0.93" CONTENT="Herr"/><SP WIDTH="15" VPOS="1216" HPOS="580"/>
							<String ID="string_217" HPOS="595" VPOS="1216" WIDTH="97" HEIGHT="19" WC="0.93" CONTENT="Wasenii"/><SP WIDTH="16" VPOS="1216" HPOS="692"/>
							<String ID="string_218" HPOS="708" VPOS="1215" WIDTH="81" HEIGHT="26" WC="0.93" CONTENT="förslag"/><SP WIDTH="11" VPOS="1215" HPOS="789"/>
							<String ID="string_219" HPOS="800" VPOS="1222" WIDTH="66" HEIGHT="19" WC="0.92" CONTENT="synes"/><SP WIDTH="11" VPOS="1222" HPOS="866"/>
							<String ID="string_220" HPOS="877" VPOS="1215" WIDTH="44" HEIGHT="26" WC="0.93" CONTENT="mig"/><SP WIDTH="11" VPOS="1215" HPOS="921"/>
							<String ID="string_221" HPOS="932" VPOS="1215" WIDTH="47" HEIGHT="20" WC="0.91" CONTENT="icke"/>
						</TextLine>
						<TextLine ID="line_31" HPOS="216" VPOS="1249" WIDTH="762" HEIGHT="27">
							<String ID="string_222" HPOS="216" VPOS="1257" WIDTH="51" HEIGHT="13" WC="0.93" CONTENT="vara"/><SP WIDTH="15" VPOS="1257" HPOS="267"/>
							<String ID="string_223" HPOS="282" VPOS="1251" WIDTH="47" HEIGHT="19" WC="0.93" CONTENT="fullt"/><SP WIDTH="15" VPOS="1251" HPOS="329"/>
							<String ID="string_224" HPOS="344" VPOS="1250" WIDTH="102" HEIGHT="26" WC="0.96" CONTENT="lämpligt."/><SP WIDTH="25" VPOS="1250" HPOS="446"/>
							<String ID="string_225" HPOS="471" VPOS="1250" WIDTH="39" HEIGHT="20" WC="0.90" CONTENT="Om"/><SP WIDTH="15" VPOS="1250" HPOS="510"/>
							<String ID="string_226" HPOS="525" VPOS="1251" WIDTH="15" HEIGHT="18" WC="0.90" CONTENT="t."/><SP WIDTH="17" VPOS="1251" HPOS="540"/>
							<String ID="string_227" HPOS="557" VPOS="1256" WIDTH="30" HEIGHT="13" WC="0.93" CONTENT="ex."/><SP WIDTH="16" VPOS="1256" HPOS="587"/>
							<String ID="string_228" HPOS="603" VPOS="1250" WIDTH="154" HEIGHT="25" WC="0.92" CONTENT="Ridderskapet"/><SP WIDTH="16" VPOS="1250" HPOS="757"/>
							<String ID="string_229" HPOS="773" VPOS="1249" WIDTH="40" HEIGHT="20" WC="0.93" CONTENT="och"/><SP WIDTH="16" VPOS="1249" HPOS="813"/>
							<String ID="string_230" HPOS="829" VPOS="1249" WIDTH="69" HEIGHT="20" WC="0.92" CONTENT="Adeln"/><SP WIDTH="15" VPOS="1249" HPOS="898"/>
							<String ID="string_231" HPOS="913" VPOS="1250" WIDTH="65" HEIGHT="19" WC="0.96" CONTENT="redan"/>
						</TextLine>
						<TextLine ID="line_32" HPOS="215" VPOS="1283" WIDTH="763" HEIGHT="27">
							<String ID="string_232" HPOS="215" VPOS="1285" WIDTH="78" HEIGHT="20" WC="0.79" CONTENT="bifallit"/><SP WIDTH="15" VPOS="1285" HPOS="293"/>
							<String ID="string_233" HPOS="308" VPOS="1285" WIDTH="32" HEIGHT="19" WC="0.93" CONTENT="till"/><SP WIDTH="16" VPOS="1285" HPOS="340"/>
							<String ID="string_234" HPOS="356" VPOS="1285" WIDTH="114" HEIGHT="19" WC="0.92" CONTENT="utskottets"/><SP WIDTH="16" VPOS="1285" HPOS="470"/>
							<String ID="string_235" HPOS="486" VPOS="1284" WIDTH="310" HEIGHT="26" WC="0.89" CONTENT="sammanjemkningsförslag,"/><SP WIDTH="16" VPOS="1284" HPOS="796"/>
							<String ID="string_236" HPOS="812" VPOS="1283" WIDTH="25" HEIGHT="20" WC="0.97" CONTENT="sä"/><SP WIDTH="11" VPOS="1283" HPOS="837"/>
							<String ID="string_237" HPOS="848" VPOS="1284" WIDTH="69" HEIGHT="19" WC="0.93" CONTENT="skulle"/><SP WIDTH="10" VPOS="1284" HPOS="917"/>
							<String ID="string_238" HPOS="927" VPOS="1284" WIDTH="51" HEIGHT="19" WC="0.92" CONTENT="Bor-"/>
						</TextLine>
						<TextLine ID="line_33" HPOS="215" VPOS="1317" WIDTH="763" HEIGHT="28">
							<String ID="string_239" HPOS="215" VPOS="1319" WIDTH="138" HEIGHT="26" WC="0.91" CONTENT="gareständet"/><SP WIDTH="22" VPOS="1319" HPOS="353"/>
							<String ID="string_240" HPOS="375" VPOS="1319" WIDTH="48" HEIGHT="19" WC="0.95" CONTENT="med"/><SP WIDTH="23" VPOS="1319" HPOS="423"/>
							<String ID="string_241" HPOS="446" VPOS="1325" WIDTH="25" HEIGHT="13" WC="0.93" CONTENT="en"/><SP WIDTH="24" VPOS="1325" HPOS="471"/>
							<String ID="string_242" HPOS="495" VPOS="1317" WIDTH="67" HEIGHT="21" WC="0.92" CONTENT="sådan"/><SP WIDTH="21" VPOS="1317" HPOS="562"/>
							<String ID="string_243" HPOS="583" VPOS="1319" WIDTH="127" HEIGHT="25" WC="0.92" CONTENT="inbjudning"/><SP WIDTH="19" VPOS="1319" HPOS="710"/>
							<String ID="string_244" HPOS="729" VPOS="1319" WIDTH="87" HEIGHT="19" WC="0.96" CONTENT="komma"/><SP WIDTH="15" VPOS="1319" HPOS="816"/>
							<String ID="string_245" HPOS="831" VPOS="1319" WIDTH="47" HEIGHT="25" WC="0.93" CONTENT="post"/><SP WIDTH="16" VPOS="1319" HPOS="878"/>
							<String ID="string_246" HPOS="894" VPOS="1319" WIDTH="84" HEIGHT="20" WC="0.92" CONTENT="festum."/>
						</TextLine>
						<TextLine ID="line_34" HPOS="215" VPOS="1352" WIDTH="764" HEIGHT="27">
							<String ID="string_247" HPOS="215" VPOS="1354" WIDTH="42" HEIGHT="19" WC="0.90" CONTENT="För"/><SP WIDTH="22" VPOS="1354" HPOS="257"/>
							<String ID="string_248" HPOS="279" VPOS="1355" WIDTH="64" HEIGHT="24" WC="0.90" CONTENT="öfrigt"/><SP WIDTH="22" VPOS="1355" HPOS="343"/>
							<String ID="string_249" HPOS="365" VPOS="1360" WIDTH="65" HEIGHT="19" WC="0.92" CONTENT="synes"/><SP WIDTH="23" VPOS="1360" HPOS="430"/>
							<String ID="string_250" HPOS="453" VPOS="1353" WIDTH="34" HEIGHT="20" WC="0.96" CONTENT="det"/><SP WIDTH="23" VPOS="1353" HPOS="487"/>
							<String ID="string_251" HPOS="510" VPOS="1353" WIDTH="50" HEIGHT="26" WC="0.96" CONTENT="mig,"/><SP WIDTH="24" VPOS="1353" HPOS="560"/>
							<String ID="string_252" HPOS="584" VPOS="1355" WIDTH="31" HEIGHT="17" WC="0.93" CONTENT="att"/><SP WIDTH="22" VPOS="1355" HPOS="615"/>
							<String ID="string_253" HPOS="637" VPOS="1352" WIDTH="178" HEIGHT="27" WC="0.91" CONTENT="Borgareständet"/><SP WIDTH="16" VPOS="1352" HPOS="815"/>
							<String ID="string_254" HPOS="831" VPOS="1353" WIDTH="69" HEIGHT="19" WC="0.93" CONTENT="skulle"/><SP WIDTH="14" VPOS="1353" HPOS="900"/>
							<String ID="string_255" HPOS="914" VPOS="1353" WIDTH="65" HEIGHT="19" WC="0.92" CONTENT="hafva"/>
						</TextLine>
						<TextLine ID="line_35" HPOS="216" VPOS="1387" WIDTH="762" HEIGHT="26">
							<String ID="string_256" HPOS="216" VPOS="1389" WIDTH="67" HEIGHT="18" WC="0.96" CONTENT="större"/><SP WIDTH="17" VPOS="1389" HPOS="283"/>
							<String ID="string_257" HPOS="300" VPOS="1388" WIDTH="47" HEIGHT="19" WC="0.96" CONTENT="skäl"/><SP WIDTH="13" VPOS="1388" HPOS="347"/>
							<String ID="string_258" HPOS="360" VPOS="1389" WIDTH="30" HEIGHT="18" WC="0.93" CONTENT="att"/><SP WIDTH="15" VPOS="1389" HPOS="390"/>
							<String ID="string_259" HPOS="405" VPOS="1388" WIDTH="87" HEIGHT="25" WC="0.91" CONTENT="inbjuda"/><SP WIDTH="16" VPOS="1388" HPOS="492"/>
							<String ID="string_260" HPOS="508" VPOS="1388" WIDTH="32" HEIGHT="19" WC="0.96" CONTENT="till"/><SP WIDTH="16" VPOS="1388" HPOS="540"/>
							<String ID="string_261" HPOS="556" VPOS="1394" WIDTH="27" HEIGHT="13" WC="0.96" CONTENT="en"/><SP WIDTH="15" VPOS="1394" HPOS="583"/>
							<String ID="string_262" HPOS="598" VPOS="1387" WIDTH="75" HEIGHT="26" WC="0.93" CONTENT="början"/><SP WIDTH="11" VPOS="1387" HPOS="673"/>
							<String ID="string_263" HPOS="684" VPOS="1388" WIDTH="154" HEIGHT="25" WC="0.92" CONTENT="Ridderskapet"/><SP WIDTH="11" VPOS="1388" HPOS="838"/>
							<String ID="string_264" HPOS="849" VPOS="1387" WIDTH="40" HEIGHT="20" WC="0.93" CONTENT="och"/><SP WIDTH="13" VPOS="1387" HPOS="889"/>
							<String ID="string_265" HPOS="902" VPOS="1387" WIDTH="76" HEIGHT="23" WC="0.92" CONTENT="Adeln,"/>
						</TextLine>
						<TextLine ID="line_36" HPOS="216" VPOS="1420" WIDTH="762" HEIGHT="27">
							<String ID="string_266" HPOS="216" VPOS="1424" WIDTH="31" HEIGHT="17" WC="0.90" CONTENT="att"/><SP WIDTH="20" VPOS="1424" HPOS="247"/>
							<String ID="string_267" HPOS="267" VPOS="1423" WIDTH="73" HEIGHT="18" WC="0.90" CONTENT="förena"/><SP WIDTH="23" VPOS="1423" HPOS="340"/>
							<String ID="string_268" HPOS="363" VPOS="1422" WIDTH="33" HEIGHT="25" WC="0.96" CONTENT="sig"/><SP WIDTH="15" VPOS="1422" HPOS="396"/>
							<String ID="string_269" HPOS="411" VPOS="1428" WIDTH="34" HEIGHT="13" WC="0.93" CONTENT="om"/><SP WIDTH="15" VPOS="1428" HPOS="445"/>
							<String ID="string_270" HPOS="460" VPOS="1421" WIDTH="191" HEIGHT="26" WC="0.91" CONTENT="Borgareständets"/><SP WIDTH="15" VPOS="1421" HPOS="651"/>
							<String ID="string_271" HPOS="666" VPOS="1422" WIDTH="70" HEIGHT="19" WC="0.96" CONTENT="beslut"/><SP WIDTH="14" VPOS="1422" HPOS="736"/>
							<String ID="string_272" HPOS="750" VPOS="1422" WIDTH="7" HEIGHT="19" WC="0.96" CONTENT="i"/><SP WIDTH="16" VPOS="1422" HPOS="757"/>
							<String ID="string_273" HPOS="773" VPOS="1429" WIDTH="28" HEIGHT="12" WC="0.93" CONTENT="nu"/><SP WIDTH="16" VPOS="1429" HPOS="801"/>
							<String ID="string_274" HPOS="817" VPOS="1420" WIDTH="161" HEIGHT="27" WC="0.92" CONTENT="ifrägavarande"/>
						</TextLine>
						<TextLine ID="line_37" HPOS="216" VPOS="1456" WIDTH="763" HEIGHT="26">
							<String ID="string_275" HPOS="216" VPOS="1457" WIDTH="34" HEIGHT="19" WC="0.92" CONTENT="del"/><SP WIDTH="25" VPOS="1457" HPOS="250"/>
							<String ID="string_276" HPOS="275" VPOS="1457" WIDTH="51" HEIGHT="19" WC="0.92" CONTENT="eller"/><SP WIDTH="23" VPOS="1457" HPOS="326"/>
							<String ID="string_277" HPOS="349" VPOS="1457" WIDTH="62" HEIGHT="25" WC="0.60" CONTENT="sjette"/><SP WIDTH="23" VPOS="1457" HPOS="411"/>
							<String ID="string_278" HPOS="434" VPOS="1463" WIDTH="63" HEIGHT="13" WC="0.93" CONTENT="mom."/><SP WIDTH="23" VPOS="1463" HPOS="497"/>
							<String ID="string_279" HPOS="520" VPOS="1457" WIDTH="90" HEIGHT="19" WC="0.96" CONTENT="emedan"/><SP WIDTH="16" VPOS="1457" HPOS="610"/>
							<String ID="string_280" HPOS="626" VPOS="1457" WIDTH="57" HEIGHT="19" WC="0.96" CONTENT="detta"/><SP WIDTH="15" VPOS="1457" HPOS="683"/>
							<String ID="string_281" HPOS="698" VPOS="1456" WIDTH="69" HEIGHT="19" WC="0.96" CONTENT="beslut"/><SP WIDTH="16" VPOS="1456" HPOS="767"/>
							<String ID="string_282" HPOS="783" VPOS="1456" WIDTH="48" HEIGHT="19" WC="0.93" CONTENT="bäst"/><SP WIDTH="16" VPOS="1456" HPOS="831"/>
							<String ID="string_283" HPOS="847" VPOS="1456" WIDTH="81" HEIGHT="25" WC="0.96" CONTENT="egnade"/><SP WIDTH="16" VPOS="1456" HPOS="928"/>
							<String ID="string_284" HPOS="944" VPOS="1456" WIDTH="35" HEIGHT="25" WC="0.96" CONTENT="sig"/>
						</TextLine>
					</TextBlock>
				</ComposedBlock>
			</PrintSpace>
		</Page>
	</Layout>
</alto>
