1109 1817
442 157 39 17 Den
495 157 11 17 6
518 157 47 17 Juni.
817 158 45 18 2003

124 215 34 25 sig
168 214 33 20 till
211 214 48 23 last,
275 214 26 19 då
316 214 43 19 han
374 216 70 17 ansett
459 215 72 19 finska
546 216 69 18 staten
631 215 18 25 ej
667 222 50 12 vara
733 222 74 12 ensam
823 222 64 19 egare

124 249 32 19 till
175 249 31 19 S:t
221 248 271 26 Petersburg—Riihimäki
506 249 97 26 jernväg.
626 249 63 19 Detta
701 250 22 19 är
739 251 30 18 ett
785 250 102 25 misstag;

124 283 67 26 ryska
213 284 70 18 staten
305 283 23 19 är
350 282 19 25 ej
392 289 63 19 egare
470 283 34 19 till
519 282 70 27 någon
606 283 34 20 del
655 284 23 18 af
691 284 131 23 densamma,
839 290 49 13 men

124 317 34 20 väl
171 317 38 19 har
222 317 41 19 den
273 317 124 19 understödt
407 317 220 26 byggnadsföretaget
644 318 49 19 med
710 317 25 20 10
751 318 53 25 milj.
820 319 68 23 mark,

125 351 51 20 eller
192 350 27 27 /,
235 351 22 19 af
271 351 40 19 den
325 351 120 20 beräknade
456 351 126 24 kostnaden,
595 351 49 20 med
655 352 35 19 det
700 352 69 19 vilkor
780 354 31 18 att
823 351 66 21 undfä

125 385 27 26 1/3
169 386 22 19 af
204 386 81 19 banans
301 385 127 26 afkastning.
459 386 50 19 Men
524 392 63 19 egare
602 386 33 19 till
651 387 66 18 större
733 386 52 20 eller
806 387 83 20 mindre

126 420 34 19 del
183 420 22 19 af
226 420 69 19 banan
313 421 22 18 är
350 420 67 25 ryska
431 420 83 19 kronan
530 420 18 25 ej
567 420 66 26 enligt
649 421 26 19 do
691 421 72 19 derom
779 421 110 20 utfärdade

125 455 134 24 handlingar.
290 454 104 25 Slutligen
413 455 36 19 ber
465 455 41 25 jag
521 456 30 18 att
567 454 20 20 fä
602 455 56 19 fästa
674 455 216 26 uppmärksamheten

126 487 26 27 pä
176 489 29 18 ett
226 488 43 23 ord,
286 495 46 12 som
347 489 140 19 förekommer
503 489 7 19 i
526 489 65 19 första
607 491 116 18 momentet
738 490 23 18 af
774 490 116 19 utskottets

126 523 140 22 betänkande,
289 523 106 25 nemligen
419 523 135 26 ,Lempälä.*
585 523 41 27 Jag
648 523 39 20 har
709 531 54 19 nyss
782 525 23 18 af
818 523 36 21 två
867 524 26 20 af

127 556 100 20 Ständets
251 557 142 23 medlemmar,
416 557 32 20 till
471 557 86 20 hvilkas
579 559 76 24 utsago
676 559 40 25 jag
740 557 69 21 mäste
835 560 56 19 sätta

128 592 78 18 största
221 591 124 23 förtroende,
362 590 27 21 dä
402 592 39 25 jag
456 593 43 18 tror
515 593 31 18 att
557 592 25 19 de
595 599 56 19 noga
664 593 71 19 känna
746 593 63 20 dessa
819 593 72 20 lokala

128 624 152 25 förhållanden,
303 625 68 20 blifvit
392 626 61 25 gjord
476 627 151 25 uppmärksam
649 625 32 27 pä,
697 628 30 18 att
743 627 85 23 Wiiala,
844 633 47 14 som

128 659 69 20 finnes
221 661 124 18 omnämndt
367 660 7 19 i
397 660 109 19 allmänna
531 661 204 19 besvärsutskottets
757 661 135 19 betänkande

129 692 71 21 säsom
223 687 47 27 Äbo
291 694 80 20 banans
386 695 179 25 föreningspunkt
579 695 48 20 med
643 695 69 19 banan
729 695 163 20 Tavastehus—

128 728 149 23 Tammerfors,
301 729 18 25 ej
337 729 54 19 skall
406 729 59 26 ligga
484 730 3 18 i
503 730 106 25 Lempälä,
626 731 50 17 utan
692 730 7 18 i
714 730 75 19 Akkas
805 730 87 23 socken,

128 762 98 20 hvarföre
248 763 39 19 här
304 770 49 12 vore
373 764 75 25 nödigt
463 765 31 18 att
510 764 75 26 utbyta
601 764 126 26 ,Lempälä*
745 765 56 19 emot
817 764 75 20 Akkas

130 796 50 20 eller
195 799 56 17 emot
267 797 84 19 Wiiala.

199 832 53 19 Herr
267 832 149 26 Wallgr6n:
446 832 41 20 Det
504 833 22 19 är
542 833 47 19 med
606 832 115 26 anledning
737 832 22 19 af
772 832 53 20 Herr
840 832 53 20 Wa-

132 866 53 18 senii
207 866 134 26 andragande
361 866 38 26 jag
415 867 74 25 begärt
504 867 65 19 ordet.
600 867 52 19 Herr
667 867 115 19 Wasenius
798 866 44 24 har,
858 873 36 13 om

129 900 39 25 jag
191 900 18 25 ej
233 900 156 26 missuppfattat
407 901 86 23 honom,
507 901 110 19 definierat
633 907 25 13 en
675 901 111 19 stambana
801 902 31 18 för
847 900 47 20 värt

131 934 50 19 land
204 933 72 21 såsom
298 935 46 23 den,
366 935 87 19 hvilken
475 936 70 18 direkt
565 935 114 19 förmedlar
693 935 89 19 trafiken
798 936 49 18 med
863 934 31 20 S:t

132 968 135 26 Petersburg;
283 969 73 26 hvarje
372 976 69 12 annan
457 970 56 19 bana
528 976 49 13 vore
593 976 26 13 en
635 970 82 18 bibana.
741 968 87 21 Säledes
844 976 50 13 vore

132 1003 73 26 hvarje
221 1004 60 23 bana,
298 1010 45 13 som
358 1004 57 19 inom
431 1004 132 20 vidsträckta
578 1004 83 19 kretsar
675 1004 107 19 befordrar
798 1004 40 19 den
849 1004 45 19 inre

132 1038 92 19 handeln
247 1038 40 19 och
310 1038 145 23 samfärdseln,
477 1044 28 14 en
520 1038 83 19 bibana.
634 1038 152 25 Understödjer
801 1044 49 13 man
866 1045 29 13 nu

132 1078 26 14 en
181 1071 67 21 sädän
270 1072 82 24 bibana,
375 1071 24 20 sä
421 1072 54 20 talar
491 1079 50 13 man
557 1073 22 19 af
592 1072 71 20 lokala
678 1072 117 23 intressen;
818 1072 77 20 under-

133 1107 80 25 stödjer
235 1113 50 13 man
303 1113 26 13 en
345 1107 117 23 stambana,
479 1106 25 20 sä
520 1108 38 24 gör
574 1113 49 13 man
639 1107 34 19 det
689 1104 26 29 ej.
746 1106 40 20 Det
801 1108 23 18 är
840 1106 55 20 dock

133 1147 26 13 en
182 1141 156 25 representants
360 1141 117 19 förnämsta
500 1141 125 26 skyldighet
643 1142 31 17 att
695 1140 64 19 hafva
775 1141 35 18 det
825 1140 71 19 finska

133 1175 77 19 folkets
226 1175 35 19 väl
277 1174 71 20 säsom
363 1175 37 19 sitt
415 1175 162 19 hufvudmärke.
607 1174 113 26 Beskylles
735 1181 49 12 man
799 1181 29 12 nu
844 1175 52 19 hvar

133 1210 41 19 och
196 1216 33 16 en,
252 1216 46 13 som
320 1210 93 19 förordar
435 1209 71 20 banan
529 1202 66 27 Äbo—
607 1209 85 23 Wiiala,
708 1209 31 19 för
755 1210 30 18 att
799 1209 61 19 ledas
876 1209 23 19 af

132 1243 72 20 lokala
227 1244 110 23 intressen,
360 1243 25 20 sä
406 1245 39 24 gör
467 1250 51 13 man
541 1250 26 13 en
589 1243 84 26 ganska
688 1242 49 21 svår
751 1243 145 26 beskyllning.

133 1278 42 25 Jag
197 1278 38 19 har
255 1279 92 18 förordat
369 1279 70 19 banan
461 1271 72 26 Äbo—
542 1278 77 19 Wiiala
642 1278 18 25 ej
677 1278 53 19 blott
746 1278 87 22 derföre,
850 1283 47 14 som

134 1312 53 19 Herr
201 1312 116 20 Wasenius
333 1314 54 24 sagt,
403 1314 31 17 att
449 1313 48 19 Abo
514 1313 23 19 är
552 1319 26 12 en
593 1312 93 26 gammal
702 1312 127 23 kulturstad,
845 1313 52 18 utan

134 1347 62 19 äfven
215 1347 81 19 derföre
313 1348 31 18 att
359 1347 40 19 den
415 1347 23 19 är
453 1347 141 19 hufvudorten
609 1347 29 18 uti
655 1346 48 20 hela
719 1347 112 26 sydvestra
847 1345 51 20 Fin-

134 1381 56 22 land,
206 1381 63 19 hvars
285 1382 44 25 vigt
345 1381 40 20 och
397 1381 111 26 betydelse
520 1380 77 26 mänga
607 1381 66 19 talare
684 1381 65 19 redan
759 1380 64 20 hafva
833 1380 65 19 fram-

136 1415 63 20 ställt.
231 1415 42 19 Har
293 1416 39 25 jag
354 1414 27 21 dä
403 1415 54 19 varit
479 1415 96 26 partisk?
605 1415 56 20 Vore
677 1415 39 26 jag
731 1415 42 23 det,
789 1413 24 21 sä
829 1414 69 20 skulle

132 1450 40 25 jag
194 1449 41 23 väl,
258 1448 72 21 säsom
347 1451 145 24 representant
508 1450 32 19 för
556 1448 74 27 Borgä,
646 1449 41 20 och
701 1449 8 20 i
724 1449 138 20 betraktande
878 1449 24 19 af

185 1488 71 22 Vällofl.
269 1488 154 23 borgareständets
433 1489 93 21 protokoll
538 1489 109 22 landidagen
659 1488 57 17 1872.
819 1487 33 18 128
