1109 1817
256 148 47 32 1554
552 152 39 17 Den
604 152 21 18 23
638 152 42 22 Maj.

232 212 27 19 de
282 210 107 21 särskilda
404 211 146 19 valkretsarne
566 211 47 18 icke
628 217 51 12 vara
694 211 23 18 af
731 209 66 27 något
812 217 63 19 gagn,
891 213 50 17 utan
958 217 37 14 en-

232 246 49 19 dast
297 245 94 20 medföra
406 243 118 28 omgångar
539 245 40 19 och
597 243 136 27 svårigheter.

303 279 52 20 Herr
370 279 130 26 Procopé:
527 279 9 19 I
552 279 55 19 förra
623 285 62 14 mom.
702 279 22 19 af
737 278 162 27 ifrågavarande
914 278 14 27 &
944 285 51 20 upp-

233 314 78 19 räknas
335 314 26 19 de
384 313 53 24 skäl,
460 319 47 14 som
526 313 140 26 ovilkorligen
690 313 95 20 medföra
800 313 102 26 rättighet
917 313 32 19 till
964 313 32 19 af-

233 348 86 26 sägelse
341 349 23 18 af
385 347 236 26 stadsfullmäktigskap
644 347 40 20 och
707 348 30 19 uti
762 353 74 14 senare
852 354 62 13 mom.
930 347 66 20 andra

232 383 109 25 tillfälliga
363 382 93 23 orsaker,
480 382 40 19 och
543 381 28 20 dä
586 383 23 18 är
624 382 35 19 det
675 382 68 19 tillika
760 383 30 18 uti
806 382 57 19 detta
878 388 62 13 mom.
958 388 38 13 an-

232 417 73 26 gifvet,
327 417 31 18 att
373 417 32 22 de,
422 422 46 14 som
484 416 68 26 väljas
569 416 32 19 till
616 416 141 25 fullmäktige,
773 422 48 13 men
836 417 32 18 tro
884 417 34 25 sig
933 415 63 20 hafva

233 451 26 20 de
275 451 37 19 der
327 451 136 25 uppräknade
479 451 114 19 orsakerne
608 450 33 19 till
657 450 114 26 skiljande,
787 450 61 19 skola
864 449 83 20 anmäla
962 449 34 20 sin

233 484 101 21 anhällan
350 486 31 18 att
396 484 45 21 frän
457 485 57 20 detta
530 485 216 25 förtroendeuppdrag
761 485 65 19 blifva
837 485 86 19 befriad.
944 484 52 20 Tro-

232 520 59 25 ligen
313 519 38 20 har
374 519 35 20 det
431 519 53 20 varit
508 519 120 20 Utskottets
650 519 70 26 afsigt,
737 520 32 18 att
784 519 43 20 alla
842 519 154 26 afsägelseskäl

233 554 62 19 skola
318 554 85 25 pröfvas
425 554 23 19 af
469 553 26 20 de
517 553 59 20 äldre
599 553 202 26 stadsfullmäktige,
822 555 24 24 ty
862 559 34 14 om
912 553 40 20 ock
967 555 30 18 ett

233 589 131 25 ovillkorligt
387 589 47 19 skäl
456 589 33 19 till
510 588 107 26 afsägelse
632 589 120 23 förefinnes,
769 587 24 21 sä
809 587 68 21 mäste
892 589 35 19 det
942 589 54 20 dock

233 623 86 26 pröfvas
335 623 22 19 af
370 622 77 27 nägon,
463 623 40 20 och
519 623 40 19 den
576 629 46 14 som
637 623 80 19 önskar
731 623 98 26 begagna
841 623 33 26 sig
884 623 64 23 deraf,
959 623 38 20 bör

233 659 49 18 veta
304 657 52 19 hvar
371 657 42 19 han
429 657 56 19 skall
501 657 84 19 anmäla
601 657 69 20 denna
686 658 33 19 sin
735 657 107 20 anhållan.
872 657 40 26 Jag
928 657 68 20 skulle

233 692 74 19 anföra
323 698 52 12 anse
391 697 74 13 senare
481 697 63 13 mom.
561 692 50 19 böra
627 690 21 20 fä
663 693 30 18 ett
708 691 78 26 tillägg
797 692 6 19 i
815 692 56 25 syfte
882 693 30 17 att
922 691 74 20 härom

233 726 71 20 lemna
319 726 136 26 upplysning.
479 726 41 25 Jag
535 726 92 19 biträder
641 726 32 19 för
685 726 64 26 öfrigt
764 726 119 20 Utskottets
896 724 56 28 äsigt
967 727 30 18 att

234 760 36 20 det
284 760 131 19 tillkommer
431 760 194 25 stadsfullmäktige
642 762 31 17 att
688 760 73 26 pröfva
777 760 64 20 dessa
856 760 53 19 skäl.

304 794 52 19 Herr
379 793 113 21 Kurtén:
524 794 42 26 Jag
588 794 50 20 ville
659 794 48 19 icke
729 793 107 24 fasthälla,
857 796 31 18 att
904 794 39 20 den
959 801 37 13 nu-

234 828 93 20 varande
343 828 137 20 redaktionen
495 828 23 19 af
532 828 69 20 denna
616 827 14 27 &
645 834 50 14 vore
711 828 40 20 den
767 828 129 26 lyckligaste
908 828 40 20 och
958 828 38 20 vill

235 862 19 26 ej
279 862 66 20 heller
368 863 101 19 motsätta
492 862 44 26 mig
552 862 95 20 hvarken
663 863 52 19 Herr
729 862 107 26 Procopes
851 862 80 26 förslag
946 863 50 19 eller

234 897 103 25 förslaget
360 898 31 18 att
406 896 177 26 afsägelseskälet
598 896 27 27 pä
639 897 69 25 grund
723 898 23 18 af
760 897 150 25 boningsorten
926 897 70 19 kunde

235 930 51 26 ingä
309 932 7 18 i
339 937 75 13 senare
435 938 63 12 mom.
515 932 88 18 emedan
617 932 40 25 jag
672 938 68 16 anser,
757 933 30 17 att
803 932 26 19 de
844 932 66 25 öfrige
926 932 70 19 stads-

234 965 136 26 fullmäktige
392 964 66 21 också
481 966 71 18 kunna
575 966 73 25 pröfva
671 966 127 25 giltigheten
821 966 23 19 af
863 966 68 19 denna
950 966 45 19 sak.

235 1000 48 19 Men
299 998 66 27 något
381 1006 46 17 som
439 1000 40 26 jag
494 1000 66 19 likväl
576 999 68 21 måste
660 1001 101 19 motsätta
772 1000 45 26 mig
827 1001 23 18 är
860 1000 52 19 Herr
928 994 68 26 Öhrn-

234 1034 64 26 bergs
314 1034 86 26 förslag,
416 1036 30 17 att
461 1034 126 26 pröfningen
602 1035 23 19 af
639 1034 118 26 afsägelser
773 1034 68 20 skulle
856 1034 140 20 öfverlemnas

234 1067 23 21 ät
272 1068 26 20 de
313 1068 105 26 väljande,
434 1068 47 20 icke
497 1069 88 23 derföre,
601 1070 32 18 att
645 1069 39 25 jag
700 1075 69 17 anser,
785 1070 30 18 att
831 1069 25 19 de
872 1069 46 19 icke
928 1069 68 19 skulle

234 1103 72 19 kunna
331 1103 72 25 pröfva
429 1103 54 23 dem,
506 1110 48 13 men
576 1104 89 19 emedan
688 1104 35 19 det
744 1104 7 18 i
774 1103 104 26 praktiskt
898 1104 98 19 afseende

234 1137 86 19 komme
343 1139 32 17 att
396 1137 48 19 leda
459 1137 33 19 till
508 1137 83 26 ganska
607 1139 58 18 stora
680 1137 143 26 olägenheter,
840 1137 72 20 hvilka
928 1137 68 20 skulle

234 1171 64 19 hafva
313 1171 32 19 till
361 1171 52 26 följd
429 1173 31 18 att
475 1173 88 18 uttrötta
579 1172 26 19 de
617 1172 105 25 väljande.
748 1172 50 19 Icke
810 1172 38 19 bör
858 1178 49 13 man
919 1178 77 19 genom

234 1207 31 18 att
288 1205 106 26 uppställa
416 1206 83 23 former,
522 1212 46 13 som
591 1207 36 19 äro
646 1207 71 18 alltför
731 1207 118 25 obegväma
864 1207 31 18 för
910 1206 26 19 de
951 1206 45 19 väl-

231 1240 74 25 jande,
321 1240 118 19 motarbeta
454 1240 40 19 den
505 1240 186 23 kommunalanda,
703 1247 46 13 som
761 1241 101 25 möjligen
872 1241 45 25 just
928 1241 68 19 denna

233 1281 44 19 nya
300 1274 125 25 förordning
441 1275 69 19 skulle
529 1275 72 19 kunna
617 1275 65 19 värka
697 1275 58 20 inom
771 1275 157 19 kommunerna.
958 1276 38 18 Att

234 1309 78 24 stadga
335 1309 35 18 det
392 1307 179 24 rädhusstämma,
589 1309 69 20 blefve
674 1309 41 19 den
731 1309 132 26 myndighet,
880 1315 46 14 som
940 1309 56 26 pröf-

234 1343 53 18 vade
303 1342 118 26 afsägelser
437 1343 22 19 af
473 1343 237 26 stadsfullmäktigskap
721 1349 50 14 vore
782 1343 87 26 mycket
879 1343 116 26 olämpligt.

233 1376 42 20 Det
290 1377 23 19 är
329 1377 107 25 nemligen
451 1378 84 25 ganska
551 1378 72 19 säkert
639 1379 30 18 alt
685 1379 52 18 efter
752 1379 31 18 ett
793 1378 23 19 af
825 1377 171 20 rädhusstämma

234 1411 95 19 anstäldt
343 1411 35 19 val
394 1411 23 19 af
429 1413 14 18 t.
461 1418 30 13 ex.
508 1413 77 25 fyratio
602 1412 195 26 stadsfullmäktige
813 1412 42 19 alla
866 1412 63 19 dessa
939 1413 57 25 fyra-

233 1445 30 20 tio
285 1445 62 20 valde
370 1445 47 20 icke
439 1447 77 24 genast
537 1447 72 19 kunna
624 1445 21 21 fä
661 1447 154 19 underrättelse
831 1453 34 13 om
880 1447 68 19 valets
963 1449 33 17 ut-
