1109 1817
258 170 44 18 1446
552 170 39 17 Den
606 170 22 17 24
640 170 41 22 Maj.

234 228 41 19 och
299 228 74 25 sjöfart
395 228 68 19 blifvit
478 228 152 26 borgerskapet
645 228 40 20 och
702 229 99 19 städerna
816 229 127 20 tillerkända
957 234 38 20 ge-

235 269 50 13 nom
309 262 76 26 Kongl.
408 263 97 25 Majest:s
528 261 84 27 Nådiga
634 263 111 19 försäkran
761 263 22 19 af
797 263 41 19 den
854 263 26 20 23
897 263 98 20 Februari

237 296 54 20 1789
307 296 14 26 &
340 297 19 23 1;
382 297 41 20 och
442 297 53 19 efter
510 297 35 19 det
561 297 203 26 Sjölagsutskottets
779 297 133 20 betänkande
928 297 6 20 i
950 298 45 19 äm-

234 333 36 17 net
293 331 118 25 inkommit,
433 331 39 19 har
487 330 178 27 Borgareständet
681 332 68 19 denne
765 331 42 26 dag
822 331 6 20 i
844 332 152 19 ofvannämndt

235 365 56 26 syfte
307 365 116 20 remitterat
439 366 87 19 ärendet
541 365 33 20 till
589 366 102 19 Enskilda
707 365 201 20 Besvärsutskottet.

303 399 71 20 Ehuru
397 400 99 19 städerne
519 401 6 18 i
540 400 73 19 landet
628 401 6 18 i
650 401 68 24 grund
734 401 23 18 af
771 400 105 20 särskilda
892 401 47 18 dem
954 401 40 18 för-

234 434 84 19 unnade
342 435 121 25 privilegier
486 435 123 19 tillkommit
632 435 136 19 uteslutande
784 435 101 25 rättighet
900 436 30 17 att
945 435 50 18 idka

235 469 106 25 seglation
365 468 12 20 å
398 469 81 19 utrikes
502 471 55 18 orter
580 471 55 17 samt
659 471 30 17 att
710 469 32 19 till
758 469 72 19 landet
845 469 94 20 inhemta
954 469 40 19 och

237 502 90 20 derifrän
349 503 69 20 utföra
440 509 67 14 varor,
528 503 40 20 och
584 504 69 19 denna
668 503 83 20 förmän
767 502 84 21 erhällit
866 503 127 26 grundlags-

235 537 108 26 egenskap
359 544 77 19 genom
452 538 26 19 de
494 538 147 19 stadfästelser
656 537 13 20 ä
684 539 110 18 städernes
810 538 119 26 privilegier
940 539 55 18 samt

234 572 36 19 fri-
286 571 40 20 och
342 572 131 25 rättigheter,
489 579 46 12 som
551 573 7 18 i
575 573 54 19 1772
645 571 34 21 ärs
695 573 164 25 regeringsform
868 573 39 19 och
919 572 75 25 Kongl.

237 606 110 19 försäkran
371 607 22 18 af
413 607 40 18 den
477 606 27 20 23
524 607 99 19 Februari
641 607 54 19 1789
711 607 124 23 meddelats,
851 607 63 19 hafva
929 606 65 19 likväl

236 641 30 18 tid
289 641 52 18 efter
363 647 70 13 annan
456 641 112 19 enahanda
593 641 130 26 rättigheter,
747 641 45 20 dels
817 640 177 27 Bargareständet

235 675 95 19 ohördan
351 675 23 19 af
392 675 132 25 Regeringen
541 676 98 25 ensidigt,
655 676 45 18 dels
717 675 26 26 pä
758 675 95 25 lagenlig
868 677 41 23 väg
924 675 70 19 tillde-

235 709 42 19 lats
292 709 62 19 äfven
369 710 66 18 andra
451 710 26 19 än
494 710 110 19 städernes
619 708 188 28 burskapsegande
823 710 134 25 borgerskap.

303 743 73 19 Redan
399 744 63 25 tidigt
485 744 86 19 undfick
587 744 154 26 Ridderskapet
756 744 41 19 och
813 744 69 19 Adeln
898 742 95 21 tillständ

236 778 31 18 att
289 779 108 24 exportera
413 778 46 19 sina
475 778 252 26 landtmannaprodukter
742 778 40 20 och
798 778 196 19 brukstillverknin-

234 818 39 19 gar
288 810 72 21 säsom
376 812 40 20 ock
431 814 30 18 att
477 813 32 19 till
525 814 49 24 eget
589 813 64 19 behof
667 813 134 19 införskrifva
817 812 129 20 fremmande
956 818 37 12 va-

234 852 40 17 ror,
291 846 40 19 och
346 846 69 20 denna
426 847 81 19 förmon
516 847 143 19 stadfästades
670 847 81 25 jemväl
761 847 6 19 i
778 847 163 25 Ridderskapets
953 846 40 20 och

235 880 82 20 Adelns
333 881 119 25 privilegier
468 882 22 18 af
504 880 22 20 är
543 881 61 19 1723.
622 893 24 2 —
663 881 46 19 Den
727 882 26 18 14
766 881 92 25 Augusti
872 880 54 20 1830
935 881 58 19 med-

233 914 49 26 gafs
298 914 177 26 ständspersoner
489 915 41 20 och
545 916 107 25 allmogen
669 914 12 20 ä
696 916 73 18 landet
785 914 100 20 tillätelse
900 917 31 17 att
946 915 48 19 med

234 949 95 19 däckade
345 950 72 26 fartyg
431 950 23 19 af
467 950 65 26 högst
547 950 27 20 50
590 950 77 19 lästers
678 950 61 26 drägt
749 950 33 18 till
790 951 56 18 orter
855 950 57 19 inom
923 944 71 24 Öster-

234 983 49 25 sjön
299 985 107 24 exportera
421 984 149 20 landtmanna-
585 984 41 20 och
642 984 181 26 skogsprodukter
838 985 55 18 samt
904 984 90 19 smides-

234 1018 161 26 tillverkningar
417 1018 42 20 och
481 1018 146 26 hvarjehanda
649 1019 66 19 andra
730 1018 71 23 alster,
817 1018 55 20 dock
888 1020 49 17 utan
952 1019 42 18 rätt

234 1054 31 17 att
288 1051 53 20 ifrän
360 1052 80 20 utrikes
457 1055 54 17 orter
526 1053 95 19 inhemta
638 1058 65 18 varor,
720 1053 51 19 eller
787 1054 30 18 att
833 1054 50 24 taga
898 1052 54 19 frakt
968 1051 26 27 pä

234 1086 97 20 Finland.
369 1086 67 20 Ofvan
461 1087 94 19 nämnda
577 1087 101 26 rättighet
703 1088 129 18 utsträcktes
857 1087 71 19 vidare
954 1086 40 20 den

235 1120 12 19 6
263 1121 42 25 Maj
324 1121 60 22 1835,
400 1128 78 18 genom
493 1120 115 21 tillätolsen
624 1123 31 17 att
670 1122 35 18 vid
716 1122 87 19 berörde
811 1122 77 19 handel
896 1122 98 24 begagna

234 1155 48 19 icke
305 1155 90 20 allenast
418 1156 101 22 däckade,
534 1158 51 17 utan
601 1156 41 19 ock
658 1157 69 24 öppna
743 1156 41 19 och
799 1156 109 19 odäckade
923 1156 71 25 fartyg

234 1190 23 18 af
277 1189 42 20 alla
341 1190 92 19 lästetal.
464 1190 31 19 De
517 1191 7 18 i
547 1191 57 18 detta
627 1191 100 19 afseende
748 1191 108 25 medgifna
871 1189 123 26 rättigheter

234 1224 135 19 bekräftades
385 1225 124 25 ytterligare
526 1231 78 19 genom
621 1225 237 26 seglationsordningen
874 1225 22 18 af
910 1224 39 19 den
966 1224 27 19 28

234 1258 42 26 Maj
301 1258 60 20 1839.
385 1271 27 2 —
433 1259 67 19 Bland
519 1258 98 27 ätgärder
632 1259 33 19 till
681 1259 155 26 upphjelpande
852 1259 23 19 af
888 1259 83 18 landets
987 1259 7 18 i

234 1293 53 25 följd
309 1293 23 19 af
351 1295 86 18 senaste
452 1293 137 20 orientaliska
605 1294 48 25 krig
668 1294 105 19 förstörda
788 1293 76 26 sjöfart
879 1293 115 25 stadgades

235 1327 40 19 den
299 1327 27 20 27
349 1327 41 26 Maj
416 1327 54 20 1856
494 1329 30 18 att
548 1328 99 19 städerna
671 1328 54 25 egde
740 1327 55 20 intill
811 1327 109 26 utgängen
936 1327 22 19 af
972 1326 22 20 är

236 1362 54 19 1858
306 1362 97 19 använda
418 1362 211 26 landtmannafartyg
645 1363 31 19 för
691 1363 73 25 export
779 1361 40 20 och
835 1362 76 25 import
926 1362 23 18 af
957 1367 37 13 va-

234 1401 34 14 ror
283 1394 12 21 ä
311 1395 90 20 flertalet
421 1397 24 18 af
457 1402 61 13 norra
534 1397 95 25 Europas
644 1397 96 22 hamnar,
757 1397 109 19 äfvensom
882 1397 31 18 för
928 1395 66 20 frakt-

235 1431 40 18 fart
297 1430 78 19 mellan
398 1431 25 19 de
446 1431 79 19 Finska
544 1431 100 20 städerna
659 1431 40 20 och
715 1430 13 21 ä
743 1431 74 26 Ryska
832 1431 90 19 hamnar
936 1431 58 19 inom

234 1459 117 31 Östersjön,
367 1465 71 19 hvilka
455 1465 164 26 medgifvanden
635 1466 40 19 den
691 1465 12 19 2
719 1465 56 20 Mars
793 1465 54 20 1859
864 1465 130 19 förklarades
