1109 1817
443 162 39 17 Den
495 162 11 18 6
518 162 47 17 Juni.
816 162 45 18 2017

121 219 102 27 låningen
247 219 68 20 måste
335 220 24 26 ju
381 221 125 18 förutsättas
527 220 65 19 redan
613 220 36 19 vid
665 220 57 19 detta
737 220 76 19 beslut.
844 220 42 26 Jag

121 255 37 19 ber
174 253 84 21 således
273 255 31 18 att
320 253 21 20 få
356 254 107 26 tillstyrka
479 256 32 17 att
526 255 41 18 den
583 255 66 18 första
664 253 102 26 åtgärden
782 255 49 18 med
847 261 38 12 an-

121 289 88 25 ledning
225 289 22 18 af
255 288 115 19 Allmänna
380 288 208 20 Besvärsutskottets
600 289 133 19 betänkande
743 288 40 20 N:o
795 288 12 20 5
819 287 66 22 måtte

121 323 65 20 blifva
206 324 36 21 att,
259 323 31 19 för
305 323 40 19 den
361 323 102 19 händelse
479 324 31 18 att
525 323 156 19 koncessionen
697 323 114 23 förverkas,
825 324 60 25 jern-

121 358 94 25 vägarna
233 357 307 20 Tavastehus—Tammerfors
558 357 40 20 och
613 350 157 27 Åbo—Wiiala
785 357 66 20 måtte
864 358 23 19 af

122 393 69 18 staten
214 391 79 20 utföras
316 391 48 20 med
386 391 23 19 af
423 391 118 20 Ständerna
556 391 136 26 garanteradt
707 390 42 21 lån.
777 391 40 20 Om
832 392 53 19 Herr

121 425 98 20 Wasenii
241 425 80 26 förslag
338 425 89 20 rörande
442 426 150 19 användandet
607 426 23 19 af
643 432 28 13 nu
687 424 124 27 ifrågasatte
824 426 60 25 jern-

120 459 91 27 vägslån
234 460 35 19 ber
282 461 39 24 jag
337 462 30 17 att
382 459 21 20 få
418 459 118 20 återhemta
551 460 57 19 hvad
621 460 39 25 jag
675 460 64 19 redan
755 459 27 26 på
797 461 87 19 förmid-

121 495 69 25 dagen
206 494 7 19 i
229 501 82 12 samma
326 495 62 18 ämne
403 495 84 25 yttrade
501 495 49 18 med
567 495 116 25 anledning
693 495 22 18 af
725 495 50 19 Herr
786 495 98 20 Wasenii

121 527 27 21 då
162 529 81 25 afgifna
258 529 105 25 yttrande.
387 529 40 25 Jag
443 529 67 19 finner
526 529 45 25 mig
585 529 48 19 icke
645 529 115 25 lämpligen
773 529 111 20 föranledd

120 563 23 19 af
163 563 58 19 detta
244 563 139 23 betänkande,
399 563 6 19 i
421 563 116 26 anledning
559 563 24 19 af
601 563 106 20 särskilda
722 563 111 26 petitioner
848 570 35 13 om

120 597 263 26 jernvägsanläggringar,
403 599 30 18 att
451 597 79 20 föreslå
546 599 29 18 ett
591 597 69 20 beslut
675 603 34 14 om
726 604 25 13 en
767 597 66 20 sådan
850 597 32 20 ät-

120 632 59 25 gärd,
196 638 46 13 som
258 632 40 19 den
315 632 22 19 af
351 632 51 19 Herr
418 632 116 19 Wasenius
550 639 28 12 nu
594 632 121 19 omordade.
739 631 39 21 Om
794 633 35 18 det
845 639 38 12 an-

120 672 35 13 ses
178 666 97 26 lämpligt
297 667 30 18 att
350 673 35 16 nu,
407 667 65 18 innan
495 667 53 18 Herr
571 666 132 19 Talmannen
726 666 37 19 har
779 666 104 20 inhemtat

120 699 100 21 Ständets
243 700 69 20 beslut
335 700 88 20 rörande
448 700 32 20 1:a
503 700 136 26 afdelningen
656 700 23 19 af
692 700 63 20 dessa
767 700 115 26 jernvägs-

119 734 117 26 petitioner,
259 734 106 26 nemligen
381 741 34 13 om
430 735 115 25 byggande
561 735 23 19 af
596 734 114 26 jernvägar
725 734 32 20 till
772 734 110 20 Tammer-

119 769 43 19 fors
177 769 40 19 och
234 762 53 30 Äbo,
302 769 65 19 redan
382 768 51 26 ingä
447 770 7 18 i
470 769 107 19 eventuelt
593 769 80 25 förslag
688 775 35 13 om
738 769 71 19 vidare
822 769 60 25 jern-

119 803 212 26 vägsanläggningar
351 804 31 18 för
405 804 40 19 den
463 804 104 19 händelse
583 805 31 17 att
629 804 204 19 koncessionärerna
848 805 33 18 ut-

118 838 45 19 föra
179 838 142 19 Tammerfors
336 838 40 19 och
392 830 147 31 Äbobanorna,
556 837 24 20 sä
595 839 24 18 är
631 838 40 25 jag
686 838 77 19 beredd
778 839 31 18 att
819 838 62 20 äfven

118 872 7 19 i
148 872 41 19 den
211 872 62 19 delen
295 872 79 26 afgifva
397 874 30 18 ett
449 872 105 26 yitrande,
578 878 48 13 men
642 872 123 20 hemställer
780 872 33 20 till
828 872 53 20 Herr

119 906 138 22 Talmannen,
278 906 103 20 huruvida
399 906 87 20 ärendet
502 906 57 20 skall
574 906 100 26 punktvis
691 906 50 20 eller
755 907 8 19 i
778 908 30 18 ett
823 913 58 13 sam-

118 940 109 26 manhang
243 940 122 20 behandlas.

189 974 69 20 Sedan
283 975 52 19 Herr
360 975 168 19 Talmannen
552 975 101 19 förklarat
676 976 52 18 intet
750 975 75 19 hinder
848 975 33 19 för

118 1008 99 20 ärendets
233 1008 122 20 diskussion
371 1009 7 19 i
393 1010 30 18 ett
439 1009 156 26 sammanhang
611 1010 64 22 möta,
691 1009 96 19 fortsatte

187 1043 52 19 Herr
254 1043 147 19 Mechelin:
432 1043 41 26 Jag
488 1043 39 19 har
542 1044 33 19 för
585 1044 44 18 min
641 1043 34 19 del
687 1043 18 25 ej
718 1043 80 19 kunnat
808 1042 72 27 undgå

117 1078 31 18 att
169 1077 66 19 tänka
257 1077 44 25 mig
324 1077 41 19 den
388 1077 107 23 situation,
518 1084 47 13 som
580 1078 99 22 inträder,
695 1078 70 19 derest
780 1078 40 19 den
836 1078 44 19 ofta

117 1110 88 20 berörda
227 1111 155 20 koncessionen
405 1112 68 19 skulle
497 1112 86 19 komma
600 1114 30 17 att
645 1112 87 19 utföras.
763 1111 33 20 Då
811 1112 69 19 blefve

116 1145 82 25 privata
217 1145 66 20 banor
297 1144 46 21 från
359 1145 133 20 Tavastehus
508 1146 32 19 till
557 1146 142 19 Tammerfors
715 1145 40 20 och
770 1145 46 20 från
831 1139 48 26 Åbo

115 1179 33 19 till
164 1179 80 19 Wiiala
267 1179 92 26 anlagda
381 1180 40 19 och
441 1179 72 26 någon
529 1180 128 19 medverkan
673 1179 46 20 från
735 1181 81 18 statens
832 1180 47 19 sida

116 1213 31 19 för
162 1213 64 19 dessa
237 1213 76 20 banors
325 1213 190 20 åstadkommande
526 1215 69 19 skulle
607 1213 27 21 då
644 1215 19 25 ej
676 1215 108 19 behöfvas.
808 1214 71 19 Emel-

115 1247 62 20 lertid
200 1247 113 26 föreligger
336 1248 35 19 det
385 1249 7 18 i
408 1247 45 20 vårt
476 1249 50 19 land
550 1249 18 26 ej
593 1249 25 19 så
641 1249 86 26 vanliga
749 1249 81 19 faktum
848 1250 32 18 att

115 1281 119 20 Ständerna
254 1284 42 17 sett
311 1283 34 24 sig
360 1283 7 18 i
382 1283 83 19 tillfälle
481 1285 31 17 att
527 1283 77 19 bereda
620 1282 115 27 tillgångar
749 1283 32 19 till
797 1284 30 18 ett
842 1283 36 18 be-

114 1315 80 26 tydligt
213 1315 147 27 jernvägslån,
380 1317 40 19 och
436 1319 30 17 att
482 1317 43 19 alla
541 1317 64 20 dessa
620 1324 95 13 resurser
729 1317 82 20 lemnas
826 1323 53 13 oan-

114 1350 70 19 vända
206 1351 66 18 under
295 1351 41 19 fem
359 1350 34 20 års
416 1351 36 20 tid.
483 1351 41 20 Det
546 1352 43 19 kan
608 1358 49 13 vara
673 1358 26 13 en
714 1351 109 26 betänklig
839 1351 39 19 sak

115 1385 30 19 att
162 1383 71 27 någon
250 1385 131 26 anläggning
397 1386 22 19 af
432 1386 112 19 stambana
561 1386 22 19 af
597 1385 118 20 Ständerna
729 1386 93 19 beslutes
838 1385 40 20 och

114 1421 131 24 garanteras,
269 1421 50 18 utan
343 1422 30 17 att
391 1426 26 13 en
432 1421 100 25 pröfning
547 1421 7 18 i
570 1421 64 25 detalj
651 1421 23 18 af
688 1421 81 18 banans
784 1420 95 26 riktning

113 1453 39 20 har
174 1453 82 20 kunnat
274 1454 137 20 förekomma.
442 1455 41 25 Jag
499 1455 38 19 har
553 1455 65 19 redan
633 1455 48 19 hört
697 1461 26 13 en
739 1455 51 19 ärad
805 1455 72 22 talare,
