1109 1817
442 152 39 17 Den
494 152 10 17 5
518 152 47 17 Juni.
816 152 46 18 1915

126 211 79 25 speciel
227 211 141 24 användning.
404 209 118 26 Angående
546 217 25 12 en
594 210 56 22 fond,
675 210 132 23 skolfonden,
832 211 55 19 hade

126 245 103 19 utskottet
252 245 29 18 uti
304 245 37 18 sitt
363 245 134 18 betänkande
518 243 47 20 låtit
580 243 49 26 ingå
645 246 30 17 ett
690 245 106 25 yttrande.
827 245 60 19 Hvad

127 279 66 20 sedan
215 279 25 18 de
260 279 67 25 öfriga
343 279 92 25 speciela
451 279 103 18 fonderna
570 279 104 22 beträffar,
691 277 24 20 så
730 279 38 18 har
784 279 104 20 utskottet

126 314 97 19 omfattat
246 313 40 19 den
309 311 62 27 åsigt,
393 314 30 18 att
445 312 73 26 någon
540 313 123 26 ytterligare
684 313 91 26 begäran
792 319 35 14 om
842 313 45 20 del-

126 346 76 20 fående
217 347 23 19 af
253 347 146 25 räkenskaper,
416 348 27 18 än
459 347 55 23 dem,
531 353 45 14 som
593 347 52 20 först
661 350 36 23 egt
712 354 51 16 rum,
780 348 19 24 ej
823 348 64 19 borde

127 381 44 23 ske,
187 380 27 21 då
229 388 48 13 man
294 388 35 12 var
345 382 126 25 öfvertygad
487 387 36 14 om
539 383 30 18 att
585 381 64 26 något
665 382 105 25 praktiskt
786 388 57 19 gagn
866 383 19 25 ej

127 415 60 20 deraf
200 416 68 19 skulle
284 415 56 24 följa.
371 415 40 26 Jag
428 416 66 19 slutar
511 416 47 19 med
574 417 30 18 att
624 415 12 20 å
652 416 57 19 mina
729 423 55 18 egna
799 416 41 19 och
856 417 31 18 öf-

127 451 45 24 riga
188 450 147 19 medlemmars
351 451 22 18 af
387 449 175 20 Statsutskottets
578 451 80 25 vägnar
673 451 79 25 betyga
768 451 42 18 min
826 451 61 18 tack-

127 484 83 20 samhet
225 485 32 19 för
272 485 35 19 det
321 485 109 25 välvilliga
445 485 143 22 erkännande,
605 491 46 13 som
667 485 89 19 kommit
771 485 115 20 utskottets

128 519 131 19 betänkande
275 519 31 19 till
322 519 39 19 del.

196 553 69 20 Sedan
289 554 147 19 diskussionen
452 554 7 19 i
475 555 72 18 ämnet
571 554 111 19 förklarats
704 554 97 23 afslutad,
817 554 69 19 beslöt

128 587 88 20 Ståndet
238 587 26 26 på
287 588 155 25 framställning
465 589 23 18 af
511 588 50 19 Herr
584 588 157 19 Talmannen
765 590 36 21 att,
819 589 67 25 enligt

128 623 113 19 utskottets
257 623 79 25 förslag
351 622 117 19 Ständerne
485 623 69 18 skulle
570 623 30 18 uti
620 621 131 27 underdånig
775 623 111 19 skrifvelse

128 657 32 19 till
182 657 58 19 Hans
263 657 117 25 Keiserliga
399 657 100 24 Majestät
514 656 112 20 framhålla
641 657 171 19 önskvärdheten
828 657 60 19 deraf

128 692 30 18 att
179 692 39 18 den
239 691 122 19 tillämnade
384 692 103 18 reformen
512 692 22 18 af
555 692 81 18 statens
659 691 227 25 räkenskapsväsende

128 728 58 16 snart
201 724 65 20 måtte
282 726 63 18 blifva
360 724 87 20 föremål
464 726 31 18 för
512 725 73 26 slutlig
601 726 103 24 pröfning.

197 760 52 19 Herr
271 760 156 19 Talmannen
450 760 98 25 föredrog
571 758 52 21 härå
638 760 248 25 Bevillningsutskottets

128 794 115 26 bordlagda
265 794 138 23 betänkande,
419 794 6 19 i
441 794 117 26 anledning
581 795 22 18 af
622 793 85 27 Nådiga
729 794 157 26 propositionen

128 828 110 26 angående
254 835 29 19 ny
298 829 122 25 förordning
435 835 35 13 om
481 828 180 26 stämpelpappers
673 829 88 25 afgiften
772 829 6 19 i
789 828 97 20 Finland.

197 863 8 18 I
221 862 73 26 frågan
309 863 84 25 yttrade
409 864 43 24 sig:

197 897 52 19 Herr
263 897 76 26 Frey:
370 896 32 20 Då
417 898 36 18 det
468 897 68 25 ligger
552 898 57 18 inom
625 897 151 25 möjlighetens
794 896 92 24 område,

128 932 30 18 att
166 931 243 25 Bevillningsutskottets
416 930 161 26 ifrågavarande
583 932 134 19 betänkande
724 932 69 19 kunde
801 932 86 19 komma

127 967 30 18 att
173 966 134 19 oförändradt
321 968 90 23 antagas
427 966 40 19 och
483 966 35 19 det
534 966 34 19 vid
585 965 76 20 sådant
677 965 131 21 förhållande
819 966 67 26 enligt

128 1002 43 18 min
186 1001 63 19 tanke
265 1007 48 13 vore
329 1002 54 18 orätt
399 1002 30 18 att
446 1002 82 18 förnöta
544 1000 70 26 någon
631 1001 34 19 del
681 1001 23 19 af
717 1001 39 19 den
773 1001 32 19 för
823 1000 63 20 Stån-

127 1036 35 18 det
185 1034 24 20 så
231 1036 90 25 dyrbara
343 1036 57 19 tiden
423 1034 26 27 på
471 1042 26 13 en
514 1036 129 22 diskussion,
660 1042 46 13 som
722 1036 83 19 ändock
821 1036 65 18 under

126 1070 40 19 den
188 1070 155 26 förutsättning,
365 1070 39 25 jag
427 1070 82 22 uttalat,
532 1070 47 19 icke
601 1070 70 19 skulle
689 1070 64 19 lända
768 1070 31 19 till
815 1069 70 26 någon

126 1105 122 25 förändring
263 1105 6 18 i
285 1104 147 23 betänkandet,
456 1104 24 20 så
503 1104 66 26 vågar
588 1104 39 26 jag
643 1105 108 19 vördsamt
766 1104 120 24 hemställa,

126 1145 34 13 om
176 1139 46 18 icke
238 1139 52 19 Herr
305 1139 138 22 Talmannen,
459 1139 69 19 förrän
546 1137 88 20 Ståndet
649 1137 97 27 öfvergår
756 1139 33 18 till
800 1139 85 18 diskus-

126 1173 47 20 sion
188 1174 22 18 af
224 1173 97 20 ärendets
337 1173 97 19 enskilda
450 1173 96 26 detaljer,
563 1173 49 19 ville
628 1173 118 19 framställa
756 1173 129 25 proposition

126 1207 77 23 derom,
228 1207 102 19 huruvida
353 1207 48 20 icke
426 1207 143 20 betänkandet
593 1207 136 20 oförändradt
753 1207 131 26 godkännes.

125 1241 41 26 Jag
189 1244 42 17 tror
254 1242 43 25 mig
320 1241 62 20 hafva
401 1241 24 20 så
441 1242 87 25 mycket
544 1248 57 13 mera
617 1242 47 19 skäl
680 1244 30 17 att
726 1242 118 19 framställa
859 1248 25 13 en

125 1275 67 20 sådan
208 1276 98 25 begäran,
322 1282 46 13 som
381 1276 40 25 jag
436 1275 45 20 från
498 1276 63 19 säker
576 1276 56 19 hand
648 1276 48 19 hört
714 1277 117 24 uppgifvas,
854 1278 30 17 att

124 1309 158 20 Bondeståndet
297 1311 6 18 i
319 1309 37 27 går
372 1311 55 18 skall
443 1310 63 19 hafva
522 1311 82 25 antagit
619 1311 150 19 betänkandet.

193 1344 53 19 Herr
269 1344 167 20 Granström:
467 1343 33 21 Då
524 1345 66 25 enligt
613 1345 55 18 hvad
681 1345 40 25 jag
736 1345 38 19 har
790 1345 45 25 mig
850 1345 34 19 be-

124 1379 57 22 kant,
197 1380 77 18 tvenne
290 1378 64 20 Stånd
371 1379 64 19 redan
451 1379 83 26 antagit
549 1379 143 20 betänkandet
705 1381 49 17 utan
766 1379 118 20 förändrin-

124 1420 44 19 gar,
184 1413 49 19 ville
246 1413 39 26 jag
300 1413 113 20 hemställa
428 1420 34 13 om
479 1413 47 20 icke
542 1414 61 19 äfven
619 1413 178 26 Borgareståndet
813 1414 71 19 kunde

125 1449 50 18 utan
190 1446 70 27 någon
276 1448 122 19 diskussion
413 1448 115 25 godkänna
544 1448 124 19 detsamma.
