1109 1817
436 170 39 18 Den
489 171 19 17 31
523 170 42 22 Maj.
816 171 45 17 1765

123 230 200 20 öfverensstämmer
338 229 35 19 det
387 229 47 19 icke
450 229 48 19 med
514 229 44 18 min
574 227 57 27 åsigt
646 235 34 13 om
697 228 34 19 det
753 228 102 26 lämpliga
878 229 7 18 i

124 265 73 22 saken,
219 265 51 18 utan
293 269 62 13 anser
375 263 39 26 jag
437 263 35 19 det
495 263 51 19 böra
569 263 130 19 bestämmas
719 262 56 19 hvad
792 269 46 13 som
854 263 31 18 för

122 298 104 20 hvardera
241 298 23 19 af
277 297 64 20 dessa
355 297 142 26 inrättningar
512 295 80 24 anslås,
607 297 67 19 likväl
690 297 48 18 med
761 297 35 18 det
818 297 67 19 förbe-

123 331 50 24 håll,
199 334 30 17 att
251 332 139 19 öfverskottet
413 331 45 20 från
482 332 36 19 det
533 337 40 13 ena
589 331 72 20 stället
677 330 35 20 må
727 331 109 20 användas
852 331 33 19 till

123 367 95 26 fyllande
241 367 23 19 af
285 368 29 18 ett
337 367 66 18 större
418 366 65 19 behof
497 365 27 26 på
539 366 36 19 det
590 366 72 19 andra.
693 365 40 20 Det
749 366 23 19 är
787 366 76 19 endast
878 366 7 19 i

124 401 80 20 sådana
225 401 42 23 fall,
291 402 38 18 när
348 401 119 19 Ständerna
482 401 6 18 i
505 399 170 26 underdånighet
690 399 86 20 anhålla
791 407 35 12 om
842 400 43 19 till-

124 436 97 19 sättande
244 436 23 19 af
287 441 26 13 en
328 434 85 24 komité,
430 435 51 19 eller
497 441 25 13 en
538 435 161 25 undersökning
715 435 22 18 af
751 434 134 25 sakkunnige

124 471 56 22 män,
203 477 46 12 som
273 470 34 19 det
330 470 47 19 icke
400 471 23 18 är
445 470 42 19 rätt
502 471 32 17 att
548 469 66 19 redan
630 470 6 18 i
653 469 74 26 förväg
742 469 64 19 binda
822 469 63 19 dessa

123 511 78 20 genom
224 504 118 25 fördelning
365 505 22 18 af
408 504 98 25 anslaget
521 503 27 26 på
563 503 58 20 olika
637 503 64 20 delar.
731 503 33 19 Nu
780 503 51 23 åter,
848 504 37 18 när

124 538 60 26 fråga
206 539 23 19 är
251 545 34 13 om
309 538 82 26 slutligt
413 538 122 25 afgörande,
560 537 25 20 så
599 538 38 19 bör
653 537 185 26 anslagsbeloppet
854 538 32 19 för

124 573 103 19 hvardera
249 573 102 25 förslaget
374 572 119 25 särskiljas,
518 573 47 18 med
590 572 58 19 bifall
671 572 32 19 till
719 572 39 19 den
772 572 113 25 jemkning

125 613 46 14 som
184 608 39 25 jag
238 607 64 20 redan
321 608 79 18 nämnt.

194 642 52 19 Herr
261 641 107 19 Kurtén:
398 641 41 26 Jag
455 643 61 23 tager
531 641 44 25 mig
590 641 90 18 friheten
703 641 30 18 att
747 641 7 18 i
770 641 116 25 anledning

125 677 22 19 af
160 676 53 19 Herr
228 676 139 25 Tengströms
382 676 99 25 yttrande
497 676 79 22 derom,
593 677 31 17 att
639 674 160 26 ifrågavarande
815 676 70 24 bygg-

124 711 65 19 nader
205 710 71 20 kunna
291 710 38 19 ske
345 710 116 25 samtidigt,
477 710 69 19 erinra
562 716 34 13 om
607 710 40 18 den
662 708 107 26 svårighet
782 716 46 12 som
840 710 45 18 mö-

124 747 32 17 ter
179 746 57 18 detta
258 745 86 25 förslag,
367 744 122 26 derigenom
506 746 30 18 att
552 744 73 19 landet
640 744 47 19 icke
703 744 38 19 har
757 750 44 13 mer
816 744 28 19 än
860 750 25 13 en

125 780 97 22 arkitekt,
238 786 46 13 som
300 779 107 19 användes
423 780 32 18 för
470 778 170 26 båkbyggnader
656 778 40 20 och
712 780 36 21 att,
761 785 34 13 om
807 778 42 20 han
863 779 23 18 är

125 814 115 26 sysselsatt
261 814 48 19 med
332 820 26 12 en
379 812 145 27 båkbyggnad
540 814 6 18 i
562 813 93 25 Ladoga,
671 813 42 19 han
729 813 37 19 har
782 812 58 20 svårt
855 814 30 18 att

125 849 110 24 samtidigt
255 848 48 19 leda
326 848 79 19 arbetet
421 848 35 19 vid
472 854 26 13 en
515 848 102 25 byggnad
633 848 7 18 i
656 842 117 30 Östersjön.
804 847 81 19 Hittills

124 882 39 20 har
186 883 35 19 det
243 882 128 20 åtminstone
393 882 54 19 varit
469 881 65 23 fallet,
555 883 32 18 att
610 888 48 12 man
679 882 22 18 af
715 882 92 18 nämnda
821 882 65 18 orsak

124 918 48 18 icke
187 918 81 18 kunnat
283 916 26 26 på
325 923 82 13 samma
421 917 31 19 tid
468 917 73 25 bygga
556 915 37 20 två
608 915 71 20 båkar.
707 916 48 19 Med
770 916 116 25 anledning

125 952 23 19 af
161 952 41 19 den
217 952 67 19 större
300 951 80 25 sjöfart,
397 957 46 13 som
459 951 62 19 idkas
537 951 7 18 i
560 950 102 26 nejderna
683 950 22 19 af
725 950 97 25 Bogskär
845 950 39 19 och

125 986 41 19 den
187 986 79 25 mängd
289 986 76 25 fartyg,
387 992 46 12 som
448 986 7 18 i
471 985 82 19 saknad
570 986 23 18 af
606 986 33 24 fyr
660 984 26 26 på
708 984 93 20 nämnda
823 984 62 20 ställe

125 1021 35 19 äro
177 1022 94 24 tvungna
287 1021 30 18 att
332 1019 58 20 hålla
407 1020 33 25 sig
455 1019 32 19 till
504 1020 93 18 svenska
613 1019 78 23 landet,
707 1019 50 19 vind
767 1018 41 20 och
819 1019 67 19 ström

125 1054 34 20 må
175 1061 50 13 vara
240 1054 53 20 huru
309 1060 142 20 ogynsamma
467 1060 47 13 som
530 1054 57 19 helst
602 1054 32 19 för
649 1059 26 14 en
691 1052 66 21 sådan
773 1053 112 25 seglation,

125 1095 63 13 anser
201 1089 39 26 jag
255 1089 35 19 det
305 1095 50 13 vara
371 1089 22 19 af
406 1088 78 26 högsta
499 1088 47 25 vigt
561 1089 31 18 att
607 1088 60 26 fyren
683 1087 27 26 på
725 1088 97 25 Bogskär
840 1086 46 21 må-

126 1125 31 18 ste
181 1124 53 18 först
256 1123 40 19 och
319 1122 24 20 så
367 1124 58 18 snart
441 1129 46 12 som
504 1122 85 25 möjligt
604 1123 105 24 uppföras,
726 1122 40 19 och
781 1122 105 19 förefaller

125 1158 35 19 det
176 1157 50 26 mig,
242 1163 35 14 om
293 1157 69 19 denna
377 1157 90 25 ordning
482 1157 36 18 vid
535 1157 124 25 byggandet
674 1158 89 23 antages
782 1162 46 13 som
851 1162 34 13 om

125 1191 71 26 någon
218 1191 54 20 våda
294 1191 47 20 icke
362 1191 69 20 skulle
452 1191 59 26 ligga
534 1191 50 22 deri,
600 1193 31 17 att
647 1191 184 25 anslagsbeloppet
846 1190 40 19 blir

124 1227 140 24 gemensamt,
293 1225 42 26 Jag
350 1225 49 20 ville
416 1226 94 19 deremot
525 1225 96 26 tillägga,
637 1227 30 17 att
683 1225 35 19 det
733 1223 66 21 måtte
814 1223 72 26 åligga

125 1261 107 25 styrelsen
247 1262 37 21 att,
301 1261 52 18 efter
369 1261 30 18 att
414 1260 63 19 hafva
492 1259 49 20 hört
556 1260 7 19 i
579 1259 67 20 saken
662 1259 162 19 hemmastadda
839 1265 47 19 per-

125 1301 68 16 soner,
208 1295 73 26 bygga
296 1293 161 27 ifrågavarande
472 1293 43 20 båk
530 1293 27 27 på
573 1294 35 19 det
624 1294 194 25 skyndsammaste.

194 1329 52 19 Herr
261 1329 146 19 Wasenius:
438 1329 42 25 Jag
495 1328 39 19 har
549 1329 75 24 begärt
639 1328 60 19 ordet
714 1328 31 19 för
761 1329 30 18 att
809 1327 77 20 under-

126 1363 71 26 stödja
220 1363 52 20 Herr
294 1363 139 26 Tengströms
456 1363 87 25 förslag,
564 1364 31 17 att
610 1362 187 25 anslagssumman
812 1361 33 20 till
861 1362 25 19 de

125 1398 70 19 skilda
217 1397 93 20 båkarne
332 1397 69 20 skulle
423 1397 23 20 af
465 1396 90 20 Ståndet
578 1397 118 19 fastställas
716 1396 41 19 och
772 1397 31 18 att
818 1397 68 18 öfver-

125 1433 80 19 skottet
220 1431 45 20 från
281 1432 41 19 den
337 1438 40 13 ena
392 1432 57 25 finge
465 1431 110 20 användas
590 1431 33 19 till
638 1431 95 26 fyllande
748 1431 23 19 af
784 1431 102 25 möjligen

125 1467 169 26 uppkommande
317 1466 53 19 brist
391 1466 35 19 vid
449 1466 40 19 den
513 1465 78 20 andras
606 1465 121 26 byggande.
758 1465 128 25 Härigenom
