1109 1817
259 168 44 18 1538
552 168 38 16 Den
603 168 22 17 25
638 167 41 23 Maj.

339 226 14 26 8
370 225 30 20 25.

305 260 52 19 Herr
373 259 136 26 Procop6:
539 259 9 19 I
565 259 64 20 slutet
644 259 23 20 af
680 259 35 26 &:n
732 260 64 25 säges
813 274 10 8 ,
826 259 38 20 bör
879 259 52 20 det
922 254 14 35 i
944 258 52 27 248

234 295 111 19 bestämda
368 294 80 20 antalet
463 294 23 19 af
499 293 196 26 stadsfullmäktige
711 294 53 19 ökas
779 293 48 20 med
843 293 80 20 hälften
940 294 56 23 eller,

233 335 36 13 om
292 329 58 18 detta
372 329 30 19 tal
425 328 47 19 icke
495 329 23 18 är
534 329 76 24 jemnt,
626 329 49 18 med
690 328 35 19 det
741 334 46 14 som
802 329 23 18 är
841 329 94 18 närmast
950 328 47 20 der-

233 363 80 20 öfver."
344 363 42 26 Jag
409 363 31 20 för
456 363 43 19 min
516 363 34 19 del
565 363 68 20 finner
647 363 48 19 icke
710 363 97 19 hvarföre
822 363 36 19 det
873 362 55 20 skall
944 363 52 19 ökas

235 397 48 20 med
311 398 108 19 närmaste
445 397 30 19 tal
500 397 102 23 deröfver,
628 403 34 14 om
682 397 80 20 hälften
783 397 20 19 af
819 397 79 19 antalet
913 397 39 18 blir
968 398 30 18 ett

234 432 56 19 udda
311 432 30 19 tal
364 437 50 14 utan
437 431 70 20 skulle
527 431 40 26 jag
581 438 52 13 anse
649 431 35 20 det
699 432 50 19 böra
765 431 49 20 heta
830 437 48 18 ,,om
894 431 57 20 detta
966 431 30 19 tal

233 467 25 18 är
273 466 75 23 brutet,
372 467 48 18 med
436 467 108 18 närmaste
559 466 50 19 hela
624 466 29 19 tal
669 466 109 19 deröfver*
795 465 40 20 och
850 465 50 20 ville
915 465 81 20 derföre

234 499 79 21 föreslä
329 499 121 21 äterremiss
466 501 23 18 af
502 501 70 18 denna
587 499 14 28 &
615 501 31 19 för
661 502 31 17 att
707 501 150 24 omredigeras.

304 535 52 18 Herr
372 535 134 19 Höckert:
537 534 44 20 Mot
597 535 34 19 det
648 534 74 23 beslut,
739 534 60 19 hvari
814 534 108 19 Utskottet
938 536 58 18 stan-

234 570 37 17 nat
293 567 111 27 angäende
427 568 14 27 &
463 569 26 19 25
505 569 38 19 har
556 569 40 26 jag
611 569 81 19 anmält
707 569 135 22 reservation,
858 568 86 20 hvilken
957 568 39 26 jag

234 603 37 20 ber
293 605 31 17 att
347 602 20 20 fä
389 602 96 27 äberopa.
516 603 30 20 Pä
568 603 25 20 de
617 603 46 20 skäl
683 603 39 25 jag
737 603 7 19 i
760 603 157 20 reservationen
932 603 64 19 fram-

234 636 62 20 hällit
311 643 63 14 anser
387 637 38 26 jag
441 637 48 20 hela
505 638 70 19 denna
589 637 15 26 &
619 638 51 19 böra
685 644 24 12 ur
724 637 144 20 betänkandet
882 635 61 28 utgä;
957 637 39 26 jag

234 671 43 19 kan
297 671 107 26 nemligen
425 671 48 19 icke
488 672 58 18 finna
562 671 70 26 nägon
647 672 66 19 fördel
729 672 65 22 deraf,
809 673 31 17 att
855 671 32 19 för
902 671 94 19 behand-

234 705 73 26 lingen
333 706 23 18 af
381 712 26 13 en
432 706 114 19 kommuns
569 706 53 19 allra
643 706 116 26 vigtigaste
775 705 179 26 angelägenheter
970 711 26 13 en

235 740 144 26 förstärkning
395 740 22 19 af
431 740 194 26 stadsfullmäktige
641 740 55 19 skall
712 742 65 20 utses,
793 739 87 20 hvilken
894 740 102 19 förstärk-

234 774 53 26 ning
309 774 7 19 i
339 774 26 20 de
381 774 53 20 allra
455 774 63 20 flesta
532 774 38 20 fall
586 774 74 23 mäste,
677 774 128 20 ätminstone
821 774 74 23 delvis,
911 774 85 20 komma

236 810 31 18 att
282 807 61 21 bestä
358 809 23 19 af
394 815 105 19 personer,
515 808 74 20 hvilka
604 809 47 19 icke
667 809 54 19 varit
736 809 6 19 i
758 808 83 20 tillfälle
856 810 30 18 att
897 808 47 20 med
956 808 40 20 den

236 842 149 26 noggrannhet
393 842 52 26 följa
452 843 142 19 kommunens
607 843 184 26 angelägenheter,
808 849 46 13 som
867 843 130 25 nödvändigt

236 883 51 13 vore
303 878 32 18 för
357 878 30 18 att
405 878 26 19 de
447 877 69 19 skulle
531 878 72 18 kunna
619 878 72 19 säkert
705 877 41 20 och
761 878 132 25 konsegvent
908 877 90 20 bedöma

237 912 26 18 de
284 910 77 26 frägor,
377 918 46 13 som
439 912 48 19 dem
503 912 128 25 föreläggas.
661 912 42 25 Jag
718 913 43 18 tror
777 912 34 18 det
827 917 85 13 snarare
928 911 69 20 skulle

236 946 87 19 komma
345 947 30 18 att
395 946 64 19 blifva
477 952 27 13 en
518 948 73 17 utvext
606 945 27 27 pä
647 946 49 19 hela
711 945 285 26 fullmäktigsinstitutionen,

237 986 35 14 om
288 980 69 19 denna
368 975 12 36 8
403 980 68 20 blefve
487 980 105 23 behällen,
608 980 40 20 och
657 981 40 25 jag
709 979 78 21 tillåter
797 980 44 25 mig
852 980 80 20 derföre
942 980 56 20 före-

237 1013 39 24 slä,
293 1016 30 18 att
338 1014 41 20 den
395 1014 68 20 skulle
479 1014 46 20 frän
541 1015 102 25 förslaget
657 1013 57 27 utgä.

307 1048 52 20 Herr
375 1048 80 27 Frey:
485 1049 42 26 Jag
543 1050 31 19 för
589 1050 44 18 min
649 1049 34 19 del
697 1049 42 19 kan
755 1049 47 19 icke
817 1048 67 20 heller
899 1050 52 22 inse,
967 1050 31 18 att

237 1083 42 19 den
301 1083 121 26 föreslagna
441 1083 142 26 tillökningen
599 1084 22 19 af
635 1083 205 26 stadsfullmäktiges
856 1083 58 19 antal
929 1084 69 19 skulle

237 1117 65 19 lända
324 1117 32 19 till
378 1116 71 26 nägon
475 1116 88 25 bätnad;
586 1124 49 13 men
651 1118 39 25 jag
706 1124 63 13 anser
784 1118 64 19 dessa
862 1116 71 27 frägor
948 1124 50 13 vara

237 1151 23 19 af
283 1151 40 20 den
349 1152 79 19 största
452 1151 46 26 vigt
518 1151 41 20 och
580 1152 39 25 jag
639 1152 37 19 ber
699 1152 80 19 derföre
795 1150 26 27 pä
837 1151 47 20 skäl
900 1158 46 13 som
959 1152 39 25 jag

237 1185 66 20 redan
318 1185 55 20 förut
389 1186 74 23 anfört,
479 1185 21 20 fä
514 1185 85 24 föreslä,
615 1187 30 19 att
661 1186 109 19 desamma
785 1186 57 25 finge
858 1186 140 19 öfverlemnas

237 1219 32 20 till
293 1219 130 26 behandling
443 1221 24 18 af
480 1219 178 24 rädhusstämma,
674 1220 30 19 dit
719 1219 195 26 stadsfullmäktige
930 1220 68 19 skulle

237 1260 41 20 ega
294 1255 41 18 rätt
350 1256 31 17 att
396 1254 116 26 hänskjuta
528 1255 55 19 dem.

307 1289 52 18 Herr
381 1289 129 19 Kiseleff:
540 1289 95 19 Emedan
657 1289 36 26 jag
714 1295 69 17 anser,
799 1290 31 18 att
846 1289 108 19 Utskottet
968 1289 30 19 uti

237 1321 14 27 8
273 1322 28 20 25
324 1321 93 27 frängätt
433 1323 40 19 den
489 1323 134 26 grundtanke
638 1323 7 20 i
660 1323 109 26 förslaget,
785 1329 46 14 som
845 1323 39 26 jag
899 1323 99 20 fullkom-

237 1356 40 26 ligt
291 1357 69 26 gillar,
376 1357 113 26 nemligen,
506 1359 30 18 att
551 1358 130 19 kommunen
696 1358 37 19 bör
743 1358 21 19 af
773 1358 46 19 sina
829 1358 170 19 förtroendemän

237 1391 72 19 kunna
332 1391 69 20 fordra
424 1397 25 14 en
473 1391 126 26 fullständig
621 1392 138 25 ansvarighet
781 1393 32 18 för
835 1391 56 20 hvad
906 1392 26 19 de
947 1393 52 24 göra

237 1425 41 20 och
299 1424 44 21 låta
358 1426 7 18 i
380 1425 141 21 kommunens
537 1432 71 17 namn,
624 1425 25 20 sä
664 1427 82 19 förenar
759 1427 40 25 jag
814 1426 44 26 mig
873 1432 35 14 om
923 1427 40 18 den
979 1427 23 18 af
