1109 1817
238 179 46 17 1816
532 178 40 18 Den
585 179 10 17 3
607 178 48 18 Juni.

285 235 32 21 Då
340 237 149 19 diskussionen
505 236 88 20 härmed
608 243 37 12 var
661 236 98 23 afslutad,
776 237 132 20 framställde
924 237 53 19 Herr

216 271 133 20 Talmannen
365 271 42 19 Till
423 270 88 20 Ståndet
526 271 95 25 följande
878 269 2 2 |

285 305 136 25 Proposition:
451 305 127 20 Godkänner
594 304 89 21 Ständet
698 311 64 14 mom.
778 312 12 13 a
805 306 7 19 i
827 305 15 27 &
858 306 26 19 45
901 307 23 18 af
940 305 38 20 Ut-

216 339 91 20 skottets
323 339 133 20 betänkande
475 339 51 20 eller
548 339 38 19 vill
605 338 89 21 Ständet
712 340 74 19 förena
802 341 34 25 sig
852 347 34 13 om
902 341 40 18 den
958 340 22 19 af

216 373 107 20 särskilda
345 372 96 21 ständets
464 373 138 20 medlemmar
624 374 94 19 uttalade
742 373 63 27 äsigt,
821 376 31 18 att
866 375 112 19 bränvins-

215 408 237 26 utskänkningsställen
469 408 18 25 ej
504 408 57 26 finge
576 407 27 27 pä
618 409 72 19 landet
700 409 106 19 inrättas?
821 409 41 20 För
871 409 41 20 den
922 410 56 18 förra

217 441 84 28 äsigten
317 443 69 19 röstas
401 443 48 19 med
460 443 31 24 ja,
507 443 32 19 för
554 443 41 19 den
611 449 75 13 senare
702 443 48 19 med
765 443 37 26 nej.

287 477 160 26 Propositionen
464 477 127 19 besvarades
606 477 49 20 med
670 477 156 26 öfvervägande
841 478 38 25 nej.

286 511 46 20 Den
356 511 68 26 öfriga
446 511 62 20 delen
531 512 22 18 af
567 511 14 26 &
596 511 27 20 45
639 511 126 26 godkändes
781 513 50 18 utan
847 512 129 19 diskussion.

287 545 171 20 Sammanträdet
473 545 106 26 upphörde
595 546 28 19 kl.
641 545 50 27 21/,
707 552 16 13 e.
742 552 27 13 m.

446 744 134 28 Mändagen
597 744 47 22 den
659 744 14 23 3
690 744 60 23 Juni

218 821 29 19 kl.
271 820 48 27 1/,6
343 826 17 14 e.
384 827 27 13 m.
435 820 171 20 sammanträdde
628 820 33 19 till
683 820 86 26 plenum
788 819 189 27 Borgareständets

217 855 100 26 samtlige
332 854 143 24 medlemmar,
490 855 48 19 med
554 855 109 25 undantag
678 855 23 19 af
714 854 77 20 Herrar
802 854 125 20 Gummerus
938 854 40 20 och

217 889 121 23 Wendelin,
353 888 74 20 hvilka
441 889 23 19 af
477 889 55 19 förut
547 889 131 19 antecknade
693 888 88 20 orsaker
795 895 51 13 voro
856 889 48 19 med
915 888 63 20 Stän-

219 924 47 20 dets
281 923 126 26 begifvande
423 922 145 21 frånvarande.

288 958 114 26 Upplästes
424 958 33 18 till
477 958 108 25 justering
607 957 106 20 särskilda
735 957 76 26 utdrag
833 964 25 12 ur
876 957 103 26 Borgare-

219 991 96 21 ständets
330 992 105 26 protokoll
450 992 31 20 för
496 992 69 20 denna
581 992 48 25 dag.

287 1026 118 26 Föredrogs
432 1026 7 19 i
461 1026 100 20 afseende
584 1025 13 20 å
618 1026 120 19 kännedom
761 1026 77 25 utdrag
858 1032 24 13 ur
896 1026 83 20 Bonde-

219 1060 96 21 ståndets
336 1060 105 26 protokoll
463 1061 31 19 för
517 1061 41 19 den
580 1060 27 20 25
630 1060 41 26 Maj
696 1059 111 27 angående
822 1060 36 20 val
873 1060 23 20 af
908 1060 72 20 Bank-

219 1095 121 25 fullmäktig
355 1095 41 19 och
411 1095 140 19 Bankrevisor
564 1095 67 26 jemte
647 1094 142 26 suppleanter.

287 1130 119 25 Föredrogs
421 1129 40 20 och
477 1129 112 20 bordlades
604 1129 33 19 till
647 1129 167 19 sammanträdet
825 1129 40 19 den
876 1128 12 20 6
900 1129 79 19 dennes

218 1163 95 26 följande
328 1163 32 19 till
376 1162 88 21 Ståndet
479 1163 102 20 inkomna
595 1163 160 20 betänkanden:

291 1197 31 20 1:0
345 1197 159 20 Sammansatta
528 1197 69 20 Stats-
612 1197 41 20 och
668 1197 221 20 Ekonomiutskottets
905 1197 75 20 betän-

219 1231 70 20 kande
303 1232 8 19 i
326 1231 115 26 anledning
464 1232 23 19 af
499 1230 85 27 Nådiga
599 1231 158 26 propositionen
773 1237 34 14 om
823 1231 121 26 riktningen
960 1231 22 19 af

219 1267 122 19 stambanor
356 1266 35 19 vid
404 1266 261 25 jernvägsanläggningar
680 1266 7 19 i
703 1265 96 20 Finland.

289 1301 34 19 2:o
345 1300 162 26 Lagutskottets
529 1300 134 19 betänkande
684 1301 7 18 i
707 1300 116 25 anledning
838 1300 23 19 af
874 1299 106 20 särskilda

219 1335 58 19 inom
300 1335 121 25 Höglofliga
444 1334 153 26 Ridderskapet
619 1334 41 20 och
683 1334 69 19 Adeln
773 1336 56 17 samt
844 1334 137 26 Högvördiga

219 1367 160 22 Presteståndet
394 1369 77 19 väckta
485 1369 82 26 förslag
582 1367 110 28 angående
705 1367 133 27 underdånig
848 1368 87 26 petition
946 1375 34 13 om

219 1402 76 27 åtgärd
319 1403 86 23 derhän,
427 1404 31 18 att
481 1403 40 20 den
544 1403 6 19 i
573 1403 100 20 afseende
692 1401 13 21 å
720 1403 86 19 makars
821 1403 96 25 giftorätt
932 1403 8 19 i
954 1403 26 19 bo

219 1439 57 18 samt
301 1438 77 25 arftägt
400 1438 52 19 efter
475 1437 77 20 afliden
575 1443 77 20 person
676 1444 29 12 nu
732 1436 116 21 bestående
873 1437 108 20 olikheten

219 1472 92 19 emellan
325 1472 105 19 landsrätt
445 1471 41 21 och
501 1473 97 18 statsrätt
613 1472 71 19 kunde
699 1471 100 26 upphöra.
