1109 1817
257 162 45 18 1972
552 163 41 17 Den
605 164 10 16 5
628 163 48 17 Juni.

233 227 99 20 sagorna.
362 222 10 18 I
387 222 65 19 andra
468 227 63 14 mom.
548 223 89 18 nämnes
652 221 45 20 åter
712 228 34 13 om
762 224 31 17 att
809 223 63 23 ,,med
887 223 107 19 anlitande

233 255 24 19 af
277 255 64 20 redan
364 254 141 21 åstadkomna
527 255 41 20 och
584 256 27 19 än
626 256 72 19 vidare
713 256 93 19 skeende
822 257 136 25 besparingar
974 256 23 19 af

232 289 288 26 lagmanstingsgästningen
536 290 92 19 anställa
644 296 26 13 en
685 290 95 25 lagfaren
801 291 96 19 bisittare
917 290 77 20 åtmin-

232 324 62 18 stone
309 323 7 19 i
331 323 74 26 hvarje
421 323 67 20 sådan
503 323 128 24 häradsrätt,
647 330 46 13 som
709 325 84 18 komme
809 326 31 18 att
855 325 64 19 blifva
935 325 59 19 stän-

232 357 58 26 dig.*
320 357 43 20 Vid
378 358 177 25 genomläsandet
571 359 22 18 af
607 359 64 19 dessa
686 359 36 19 ord
738 358 69 20 måste
817 365 50 14 man
878 359 64 20 tänka
954 359 39 26 sig,

232 393 31 18 att
287 392 68 19 denna
375 392 114 26 besparing
504 393 24 19 af
540 393 288 26 lagmanstingsgästningen
845 393 69 20 skulle
929 393 64 20 blifva

232 432 26 13 en
275 426 56 23 fond,
347 426 60 20 deraf
420 427 26 19 de
462 433 43 20 nya
520 427 97 25 lagfarna
632 427 122 20 bisittarnes
769 427 95 26 aflöning
877 428 69 19 kunde
956 428 37 19 be-

232 460 85 20 stridas.
347 461 41 19 Det
410 467 37 13 var
469 462 44 19 mot
534 463 31 18 ett
588 460 76 20 sådant
685 463 42 18 sätt
750 463 31 18 att
803 462 98 19 använda
924 462 69 19 denna

232 501 84 13 summa
331 501 46 13 som
393 495 44 19 min
453 495 142 26 anmärkning
610 495 178 26 hufvudsakligen
803 502 38 13 var
856 496 80 24 riktad;
952 496 40 20 den

232 528 61 27 afsåg
309 530 30 18 att
355 528 161 27 ifrågavarande
537 530 114 25 besparing
672 530 47 19 icke
741 530 68 19 skulle
832 531 106 25 uppoffras
961 531 32 18 för

231 564 30 19 ett
282 563 124 26 ytterligare
430 563 47 24 mål,
501 566 51 17 utan
575 566 30 17 att
621 564 40 19 den
680 563 27 20 då
725 564 66 20 hellre
806 565 64 19 borde
886 565 106 26 uppoffras

230 597 33 19 för
285 598 175 25 genomförandet
482 599 23 18 af
524 599 41 18 den
581 599 23 18 af
617 598 98 20 behofvet
730 600 55 17 mest
800 598 112 26 påkallade
927 599 65 20 refor-

230 638 56 17 men.
317 631 93 20 Oaktadt
424 639 29 12 nu
469 633 76 19 endast
561 633 56 19 afses
633 634 30 18 ett
678 631 115 24 utlåtande,
809 633 76 26 tyckes
901 633 35 20 det
948 633 44 26 mig

231 666 55 19 dock
301 666 51 19 böra
367 667 126 25 öfvervägas
508 667 49 19 med
573 673 82 13 samma
671 667 148 25 noggrannhet
834 673 47 13 som
896 669 29 17 ett
941 667 51 19 defi-

230 700 63 19 nitivt
315 700 76 23 beslut,
407 700 125 26 isynnerhet
555 707 46 13 som
625 701 34 19 det
680 701 47 19 icke
747 702 23 18 är
785 700 64 26 något
866 701 125 25 detaljeradt

229 734 106 26 yttrande,
351 736 51 18 utan
419 735 75 19 endast
510 735 89 26 antyder
615 742 25 12 en
656 735 151 25 hufvudsaklig
822 736 95 25 aktning.

301 768 69 20 Sedan
386 769 151 19 diskussionen
553 769 112 19 förklarats
681 769 98 23 afslutad,
795 770 131 19 framställde
939 770 53 20 Herr

230 802 165 20 Talmannen
412 803 32 19 till
460 802 89 21 Ståndet
564 803 105 25 följande:

301 836 134 26 Proposition:
465 837 128 20 Godkänner
611 836 88 21 Ständet
721 838 115 19 utskottets
859 838 133 26 betänkande

229 871 52 19 eller
297 872 83 18 förenar
395 871 34 25 sig
445 870 89 21 Ståndet
549 878 35 13 om
595 872 40 19 den
647 872 22 19 af
678 872 51 19 Herr
741 872 72 25 Sjöros
825 872 85 26 yttrade
920 871 71 27 åsigt?

229 905 32 20 för
277 905 35 20 det
327 906 56 18 förra
398 906 134 19 alternativet
547 907 70 18 röstas
627 906 86 25 jakande
727 907 32 19 för
770 906 35 20 det
815 913 75 13 senare
900 906 90 21 nekande,

299 939 160 26 Propositionen
475 940 128 20 besvarades
614 940 48 20 med
672 941 155 25 öfvervägande
839 941 151 25 röstpluralitet

224 974 93 25 jakande,
341 974 40 19 och
404 974 131 20 förklarades
559 974 31 20 till
613 974 53 26 följd
681 975 60 19 deraf
755 974 89 20 Ståndet
859 975 63 19 hafva
936 975 54 25 god-

228 1008 53 19 känt
296 1008 115 19 utskottets
427 1008 141 20 betänkande.

298 1042 131 26 Föredrogos
453 1042 40 20 och
516 1043 125 25 godkändes
664 1045 50 17 utan
736 1043 123 19 diskussion
874 1043 115 20 Allmänna

228 1076 207 20 Besvärsutskottets
458 1078 77 18 tvenne
559 1077 106 20 särskilda
683 1078 154 22 betänkanden,
854 1078 48 19 med
917 1078 71 20 anled-

228 1111 53 25 ning
295 1111 23 19 af
331 1111 77 19 väckta
419 1111 116 25 petitioner,
547 1110 110 27 angående
668 1111 129 20 Ständernas
808 1112 94 19 hörande
912 1112 7 19 i
929 1111 60 27 fråga

227 1150 36 14 om
278 1145 136 19 universitets
429 1145 168 26 lagstiftningen,
613 1145 40 20 och
664 1146 88 19 rörande
763 1145 227 21 teaterförhållandena

228 1179 7 18 i
249 1178 164 20 hufvudstaden.

298 1213 119 25 Föredrogs
432 1213 72 20 vidare
522 1213 203 26 Sjölagsutskottets
745 1214 133 19 betänkande
894 1215 6 19 i
916 1215 72 20 anled-

227 1247 52 26 ning
302 1247 23 19 af
345 1247 59 20 Hans
427 1247 120 26 Kejserliga
570 1248 111 26 Majestäts
702 1247 83 27 Nädiga
806 1250 128 24 proposition
950 1256 38 13 an-

227 1280 83 26 gäende
332 1282 71 19 stads-
421 1281 40 20 och
477 1282 222 27 landtmannafartygs
714 1283 137 19 likställande
867 1284 6 18 i
888 1284 100 19 afseende

227 1314 13 21 ä
255 1315 128 26 rättigheten
399 1316 32 19 till
447 1316 61 19 deras
524 1317 147 26 begagnande.

296 1349 10 20 I
321 1349 114 26 anledning
451 1350 62 19 häraf
525 1351 85 26 yttrade
626 1351 44 26 sig:

297 1384 51 19 Herr
363 1384 165 26 Tengström:
560 1385 71 20 Ehuru
643 1386 40 25 jag
698 1393 28 12 nu
742 1387 18 24 ej
777 1386 39 19 har
831 1387 101 19 tillhands
954 1389 33 17 ut-

227 1417 91 20 skottets
341 1418 133 20 betänkande
495 1419 70 20 tillika
585 1420 48 19 med
653 1421 40 18 den
709 1419 84 27 Nådiga
808 1421 179 26 propositionen
975 1413 16 38 i

225 1451 76 27 frågan
316 1452 41 20 och
369 1452 40 26 jag
424 1453 47 20 icke
487 1460 37 13 var
539 1454 77 19 beredd
632 1453 32 27 på,
681 1456 30 18 att
731 1455 87 19 ärendet
841 1455 69 20 skulle
932 1456 55 19 före-
