<?xml version="1.0" encoding="UTF-8"?>
<alto xmlns="http://www.loc.gov/standards/alto/ns-v3#" xmlns:xlink="http://www.w3.org/1999/xlink" xmlns:xsi="http://www.w3.org/2001/XMLSchema-instance" xsi:schemaLocation="http://www.loc.gov/standards/alto/ns-v3# http://www.loc.gov/alto/v3/alto-3-0.xsd">
	<Description>
		<MeasurementUnit>pixel</MeasurementUnit>
		<sourceImageInformation>
			<fileName>/tmp/tess_4sttrux2_input.PNG</fileName>
		</sourceImageInformation>
		<OCRProcessing ID="OCR_0">
			<ocrProcessingStep>
				<processingSoftware>
					<softwareName>tesseract 5.3.4</softwareName>
				</processingSoftware>
			</ocrProcessingStep>
		</OCRProcessing>
	</Description>
	<Layout>
		<Page WIDTH="1109" HEIGHT="1817" PHYSICAL_IMG_NR="0" ID="page_0">
			<PrintSpace HPOS="0" VPOS="0" WIDTH="1109" HEIGHT="1817">
				<ComposedBlock ID="cblock_0" HPOS="455" VPOS="192" WIDTH="424" HEIGHT="22">
					<TextBlock ID="block_0" HPOS="455" VPOS="192" WIDTH="424" HEIGHT="22">
						<TextLine ID="line_0" HPOS="455" VPOS="192" WIDTH="424" HEIGHT="22">
							<String ID="string_0" HPOS="455" VPOS="192" WIDTH="39" HEIGHT="17" WC="0.96" CONTENT="Den"/><SP WIDTH="14" VPOS="192" HPOS="494"/>
							<String ID="string_1" HPOS="508" VPOS="192" WIDTH="21" HEIGHT="17" WC="0.96" CONTENT="29"/><SP WIDTH="14" VPOS="192" HPOS="529"/>
							<String ID="string_2" HPOS="543" VPOS="192" WIDTH="42" HEIGHT="22" WC="0.96" CONTENT="Maj."/><SP WIDTH="250" VPOS="192" HPOS="585"/>
							<String ID="string_3" HPOS="835" VPOS="192" WIDTH="44" HEIGHT="18" WC="0.95" CONTENT="1689"/>
						</TextLine>
					</TextBlock>
				</ComposedBlock>
				<ComposedBlock ID="cblock_1" HPOS="138" VPOS="249" WIDTH="770" HEIGHT="1260">
					<TextBlock ID="block_1" HPOS="138" VPOS="249" WIDTH="769" HEIGHT="1048">
						<TextLine ID="line_1" HPOS="138" VPOS="249" WIDTH="764" HEIGHT="27">
							<String ID="string_4" HPOS="138" VPOS="251" WIDTH="68" HEIGHT="19" WC="0.96" CONTENT="tolkat"/><SP WIDTH="23" VPOS="251" HPOS="206"/>
							<String ID="string_5" HPOS="229" VPOS="252" WIDTH="114" HEIGHT="17" WC="0.93" CONTENT="momentet"/><SP WIDTH="22" VPOS="252" HPOS="343"/>
							<String ID="string_6" HPOS="365" VPOS="250" WIDTH="20" HEIGHT="25" WC="0.96" CONTENT="b)"/><SP WIDTH="23" VPOS="250" HPOS="385"/>
							<String ID="string_7" HPOS="408" VPOS="251" WIDTH="23" HEIGHT="18" WC="0.96" CONTENT="af"/><SP WIDTH="17" VPOS="251" HPOS="431"/>
							<String ID="string_8" HPOS="448" VPOS="251" WIDTH="70" HEIGHT="18" WC="0.93" CONTENT="denna"/><SP WIDTH="16" VPOS="251" HPOS="518"/>
							<String ID="string_9" HPOS="534" VPOS="249" WIDTH="14" HEIGHT="27" WC="0.92" CONTENT="&amp;"/><SP WIDTH="16" VPOS="249" HPOS="548"/>
							<String ID="string_10" HPOS="564" VPOS="250" WIDTH="75" HEIGHT="26" WC="0.96" CONTENT="tyckes"/><SP WIDTH="16" VPOS="250" HPOS="639"/>
							<String ID="string_11" HPOS="655" VPOS="250" WIDTH="64" HEIGHT="19" WC="0.96" CONTENT="hafva"/><SP WIDTH="15" VPOS="250" HPOS="719"/>
							<String ID="string_12" HPOS="734" VPOS="250" WIDTH="7" HEIGHT="19" WC="0.93" CONTENT="i"/><SP WIDTH="16" VPOS="250" HPOS="741"/>
							<String ID="string_13" HPOS="757" VPOS="250" WIDTH="66" HEIGHT="25" WC="0.92" CONTENT="sagde"/><SP WIDTH="16" VPOS="250" HPOS="823"/>
							<String ID="string_14" HPOS="839" VPOS="256" WIDTH="63" HEIGHT="13" WC="0.96" CONTENT="mom."/>
						</TextLine>
						<TextLine ID="line_2" HPOS="139" VPOS="279" WIDTH="764" HEIGHT="32">
							<String ID="string_15" HPOS="139" VPOS="285" WIDTH="86" HEIGHT="26" WC="0.95" CONTENT="inrymt."/><SP WIDTH="31" VPOS="285" HPOS="225"/>
							<String ID="string_16" HPOS="256" VPOS="279" WIDTH="68" HEIGHT="25" WC="0.96" CONTENT="Äfven"/><SP WIDTH="21" VPOS="279" HPOS="324"/>
							<String ID="string_17" HPOS="345" VPOS="285" WIDTH="39" HEIGHT="25" WC="0.96" CONTENT="jag"/><SP WIDTH="22" VPOS="285" HPOS="384"/>
							<String ID="string_18" HPOS="406" VPOS="285" WIDTH="39" HEIGHT="18" WC="0.93" CONTENT="har"/><SP WIDTH="21" VPOS="285" HPOS="445"/>
							<String ID="string_19" HPOS="466" VPOS="285" WIDTH="42" HEIGHT="19" WC="0.96" CONTENT="fäst"/><SP WIDTH="23" VPOS="285" HPOS="508"/>
							<String ID="string_20" HPOS="531" VPOS="284" WIDTH="186" HEIGHT="25" WC="0.96" CONTENT="uppmärksamhet"/><SP WIDTH="24" VPOS="284" HPOS="717"/>
							<String ID="string_21" HPOS="741" VPOS="284" WIDTH="34" HEIGHT="19" WC="0.96" CONTENT="vid"/><SP WIDTH="22" VPOS="284" HPOS="775"/>
							<String ID="string_22" HPOS="797" VPOS="284" WIDTH="69" HEIGHT="19" WC="0.95" CONTENT="denna"/><SP WIDTH="16" VPOS="284" HPOS="866"/>
							<String ID="string_23" HPOS="882" VPOS="283" WIDTH="21" HEIGHT="27" WC="0.95" CONTENT="8,"/>
						</TextLine>
						<TextLine ID="line_3" HPOS="144" VPOS="317" WIDTH="759" HEIGHT="27">
							<String ID="string_24" HPOS="144" VPOS="325" WIDTH="48" HEIGHT="13" WC="0.96" CONTENT="men"/><SP WIDTH="23" VPOS="325" HPOS="192"/>
							<String ID="string_25" HPOS="215" VPOS="319" WIDTH="75" HEIGHT="19" WC="0.96" CONTENT="tänker"/><SP WIDTH="22" VPOS="319" HPOS="290"/>
							<String ID="string_26" HPOS="312" VPOS="320" WIDTH="31" HEIGHT="18" WC="0.96" CONTENT="att"/><SP WIDTH="22" VPOS="320" HPOS="343"/>
							<String ID="string_27" HPOS="365" VPOS="319" WIDTH="40" HEIGHT="19" WC="0.96" CONTENT="den"/><SP WIDTH="23" VPOS="319" HPOS="405"/>
							<String ID="string_28" HPOS="428" VPOS="319" WIDTH="69" HEIGHT="25" WC="0.96" CONTENT="aldrig"/><SP WIDTH="15" VPOS="319" HPOS="497"/>
							<String ID="string_29" HPOS="512" VPOS="319" WIDTH="56" HEIGHT="18" WC="0.93" CONTENT="skall"/><SP WIDTH="15" VPOS="319" HPOS="568"/>
							<String ID="string_30" HPOS="583" VPOS="317" WIDTH="78" HEIGHT="21" WC="0.92" CONTENT="förstäs"/><SP WIDTH="16" VPOS="317" HPOS="661"/>
							<String ID="string_31" HPOS="677" VPOS="319" WIDTH="130" HEIGHT="19" WC="0.93" CONTENT="annorlunda"/><SP WIDTH="16" VPOS="319" HPOS="807"/>
							<String ID="string_32" HPOS="823" VPOS="319" WIDTH="27" HEIGHT="19" WC="0.96" CONTENT="än"/><SP WIDTH="16" VPOS="319" HPOS="850"/>
							<String ID="string_33" HPOS="866" VPOS="320" WIDTH="37" HEIGHT="22" WC="0.96" CONTENT="att,"/>
						</TextLine>
						<TextLine ID="line_4" HPOS="141" VPOS="352" WIDTH="762" HEIGHT="26">
							<String ID="string_34" HPOS="141" VPOS="352" WIDTH="27" HEIGHT="20" WC="0.96" CONTENT="dä"/><SP WIDTH="13" VPOS="352" HPOS="168"/>
							<String ID="string_35" HPOS="181" VPOS="355" WIDTH="30" HEIGHT="17" WC="0.96" CONTENT="ett"/><SP WIDTH="10" VPOS="355" HPOS="211"/>
							<String ID="string_36" HPOS="221" VPOS="352" WIDTH="35" HEIGHT="20" WC="0.96" CONTENT="län"/><SP WIDTH="13" VPOS="352" HPOS="256"/>
							<String ID="string_37" HPOS="269" VPOS="353" WIDTH="47" HEIGHT="19" WC="0.96" CONTENT="med"/><SP WIDTH="17" VPOS="353" HPOS="316"/>
							<String ID="string_38" HPOS="333" VPOS="353" WIDTH="11" HEIGHT="18" WC="0.93" CONTENT="2"/><SP WIDTH="17" VPOS="353" HPOS="344"/>
							<String ID="string_39" HPOS="361" VPOS="352" WIDTH="34" HEIGHT="20" WC="0.90" CONTENT="års"/><SP WIDTH="16" VPOS="352" HPOS="395"/>
							<String ID="string_40" HPOS="411" VPOS="352" WIDTH="199" HEIGHT="26" WC="0.91" CONTENT="äterbetalningstid"/><SP WIDTH="15" VPOS="352" HPOS="610"/>
							<String ID="string_41" HPOS="625" VPOS="355" WIDTH="112" HEIGHT="23" WC="0.92" CONTENT="upptages,"/><SP WIDTH="15" VPOS="355" HPOS="737"/>
							<String ID="string_42" HPOS="752" VPOS="353" WIDTH="67" HEIGHT="25" WC="0.92" CONTENT="utsigt"/><SP WIDTH="16" VPOS="353" HPOS="819"/>
							<String ID="string_43" HPOS="835" VPOS="352" WIDTH="68" HEIGHT="20" WC="0.95" CONTENT="måste"/>
						</TextLine>
						<TextLine ID="line_5" HPOS="139" VPOS="387" WIDTH="764" HEIGHT="23">
							<String ID="string_44" HPOS="139" VPOS="387" WIDTH="114" HEIGHT="20" WC="0.92" CONTENT="förefinnas"/><SP WIDTH="23" VPOS="387" HPOS="253"/>
							<String ID="string_45" HPOS="276" VPOS="389" WIDTH="31" HEIGHT="18" WC="0.96" CONTENT="att"/><SP WIDTH="22" VPOS="389" HPOS="307"/>
							<String ID="string_46" HPOS="329" VPOS="388" WIDTH="57" HEIGHT="22" WC="0.96" CONTENT="inom"/><SP WIDTH="23" VPOS="388" HPOS="386"/>
							<String ID="string_47" HPOS="409" VPOS="388" WIDTH="40" HEIGHT="19" WC="0.91" CONTENT="den"/><SP WIDTH="23" VPOS="388" HPOS="449"/>
							<String ID="string_48" HPOS="472" VPOS="388" WIDTH="111" HEIGHT="19" WC="0.90" CONTENT="bestämde"/><SP WIDTH="23" VPOS="388" HPOS="583"/>
							<String ID="string_49" HPOS="606" VPOS="387" WIDTH="58" HEIGHT="20" WC="0.93" CONTENT="tiden"/><SP WIDTH="22" VPOS="387" HPOS="664"/>
							<String ID="string_50" HPOS="686" VPOS="387" WIDTH="89" HEIGHT="20" WC="0.91" CONTENT="betäcka"/><SP WIDTH="20" VPOS="387" HPOS="775"/>
							<String ID="string_51" HPOS="795" VPOS="387" WIDTH="58" HEIGHT="20" WC="0.96" CONTENT="detta"/><SP WIDTH="15" VPOS="387" HPOS="853"/>
							<String ID="string_52" HPOS="868" VPOS="387" WIDTH="35" HEIGHT="20" WC="0.96" CONTENT="län"/>
						</TextLine>
						<TextLine ID="line_6" HPOS="140" VPOS="422" WIDTH="764" HEIGHT="25">
							<String ID="string_53" HPOS="140" VPOS="422" WIDTH="48" HEIGHT="19" WC="0.94" CONTENT="med"/><SP WIDTH="23" VPOS="422" HPOS="188"/>
							<String ID="string_54" HPOS="211" VPOS="422" WIDTH="87" HEIGHT="19" WC="0.92" CONTENT="stadens"/><SP WIDTH="23" VPOS="422" HPOS="298"/>
							<String ID="string_55" HPOS="321" VPOS="422" WIDTH="104" HEIGHT="19" WC="0.92" CONTENT="ordinarie"/><SP WIDTH="16" VPOS="422" HPOS="425"/>
							<String ID="string_56" HPOS="441" VPOS="422" WIDTH="124" HEIGHT="23" WC="0.96" CONTENT="inkomster,"/><SP WIDTH="16" VPOS="422" HPOS="565"/>
							<String ID="string_57" HPOS="581" VPOS="422" WIDTH="41" HEIGHT="19" WC="0.96" CONTENT="och"/><SP WIDTH="14" VPOS="422" HPOS="622"/>
							<String ID="string_58" HPOS="636" VPOS="422" WIDTH="39" HEIGHT="25" WC="0.96" CONTENT="jag"/><SP WIDTH="16" VPOS="422" HPOS="675"/>
							<String ID="string_59" HPOS="691" VPOS="422" WIDTH="39" HEIGHT="19" WC="0.93" CONTENT="har"/><SP WIDTH="15" VPOS="422" HPOS="730"/>
							<String ID="string_60" HPOS="745" VPOS="422" WIDTH="81" HEIGHT="19" WC="0.92" CONTENT="derföre"/><SP WIDTH="16" VPOS="422" HPOS="826"/>
							<String ID="string_61" HPOS="842" VPOS="422" WIDTH="62" HEIGHT="19" WC="0.92" CONTENT="äfven"/>
						</TextLine>
						<TextLine ID="line_7" HPOS="140" VPOS="455" WIDTH="765" HEIGHT="27">
							<String ID="string_62" HPOS="140" VPOS="457" WIDTH="61" HEIGHT="25" WC="0.90" CONTENT="tyckt"/><SP WIDTH="23" VPOS="457" HPOS="201"/>
							<String ID="string_63" HPOS="224" VPOS="456" WIDTH="43" HEIGHT="25" WC="0.96" CONTENT="mig"/><SP WIDTH="22" VPOS="456" HPOS="267"/>
							<String ID="string_64" HPOS="289" VPOS="456" WIDTH="64" HEIGHT="23" WC="0.95" CONTENT="finna,"/><SP WIDTH="22" VPOS="456" HPOS="353"/>
							<String ID="string_65" HPOS="375" VPOS="458" WIDTH="30" HEIGHT="17" WC="0.93" CONTENT="att"/><SP WIDTH="23" VPOS="458" HPOS="405"/>
							<String ID="string_66" HPOS="428" VPOS="455" WIDTH="65" HEIGHT="26" WC="0.91" CONTENT="nägot"/><SP WIDTH="23" VPOS="455" HPOS="493"/>
							<String ID="string_67" HPOS="516" VPOS="456" WIDTH="106" HEIGHT="19" WC="0.92" CONTENT="missbruk"/><SP WIDTH="21" VPOS="456" HPOS="622"/>
							<String ID="string_68" HPOS="643" VPOS="457" WIDTH="23" HEIGHT="18" WC="0.96" CONTENT="af"/><SP WIDTH="14" VPOS="457" HPOS="666"/>
							<String ID="string_69" HPOS="680" VPOS="457" WIDTH="40" HEIGHT="18" WC="0.96" CONTENT="den"/><SP WIDTH="17" VPOS="457" HPOS="720"/>
							<String ID="string_70" HPOS="737" VPOS="458" WIDTH="37" HEIGHT="21" WC="0.96" CONTENT="art,"/><SP WIDTH="16" VPOS="458" HPOS="774"/>
							<String ID="string_71" HPOS="790" VPOS="463" WIDTH="47" HEIGHT="13" WC="0.96" CONTENT="som"/><SP WIDTH="15" VPOS="463" HPOS="837"/>
							<String ID="string_72" HPOS="852" VPOS="456" WIDTH="53" HEIGHT="19" WC="0.96" CONTENT="Herr"/>
						</TextLine>
						<TextLine ID="line_8" HPOS="140" VPOS="489" WIDTH="765" HEIGHT="27">
							<String ID="string_73" HPOS="140" VPOS="491" WIDTH="93" HEIGHT="19" WC="0.92" CONTENT="Höckert"/><SP WIDTH="15" VPOS="491" HPOS="233"/>
							<String ID="string_74" HPOS="248" VPOS="491" WIDTH="91" HEIGHT="19" WC="0.92" CONTENT="nämnde"/><SP WIDTH="16" VPOS="491" HPOS="339"/>
							<String ID="string_75" HPOS="355" VPOS="491" WIDTH="46" HEIGHT="19" WC="0.91" CONTENT="icke"/><SP WIDTH="24" VPOS="491" HPOS="401"/>
							<String ID="string_76" HPOS="425" VPOS="490" WIDTH="69" HEIGHT="20" WC="0.96" CONTENT="skulle"/><SP WIDTH="24" VPOS="490" HPOS="494"/>
							<String ID="string_77" HPOS="518" VPOS="491" WIDTH="72" HEIGHT="18" WC="0.93" CONTENT="kunna"/><SP WIDTH="23" VPOS="491" HPOS="590"/>
							<String ID="string_78" HPOS="613" VPOS="491" WIDTH="44" HEIGHT="18" WC="0.91" CONTENT="ske."/><SP WIDTH="31" VPOS="491" HPOS="657"/>
							<String ID="string_79" HPOS="688" VPOS="489" WIDTH="119" HEIGHT="27" WC="0.92" CONTENT="Angäende"/><SP WIDTH="18" VPOS="489" HPOS="807"/>
							<String ID="string_80" HPOS="825" VPOS="491" WIDTH="80" HEIGHT="19" WC="0.96" CONTENT="allmän"/>
						</TextLine>
						<TextLine ID="line_9" HPOS="140" VPOS="524" WIDTH="764" HEIGHT="27">
							<String ID="string_81" HPOS="140" VPOS="525" WIDTH="119" HEIGHT="25" WC="0.91" CONTENT="uttaxering"/><SP WIDTH="22" VPOS="525" HPOS="259"/>
							<String ID="string_82" HPOS="281" VPOS="525" WIDTH="68" HEIGHT="19" WC="0.96" CONTENT="finnes"/><SP WIDTH="16" VPOS="525" HPOS="349"/>
							<String ID="string_83" HPOS="365" VPOS="525" WIDTH="30" HEIGHT="18" WC="0.93" CONTENT="uti"/><SP WIDTH="16" VPOS="525" HPOS="395"/>
							<String ID="string_84" HPOS="411" VPOS="524" WIDTH="14" HEIGHT="27" WC="0.80" CONTENT="&amp;"/><SP WIDTH="16" VPOS="524" HPOS="425"/>
							<String ID="string_85" HPOS="441" VPOS="525" WIDTH="26" HEIGHT="19" WC="0.95" CONTENT="25"/><SP WIDTH="17" VPOS="525" HPOS="467"/>
							<String ID="string_86" HPOS="484" VPOS="526" WIDTH="30" HEIGHT="18" WC="0.93" CONTENT="ett"/><SP WIDTH="16" VPOS="526" HPOS="514"/>
							<String ID="string_87" HPOS="530" VPOS="525" WIDTH="119" HEIGHT="25" WC="0.96" CONTENT="stadgande"/><SP WIDTH="16" VPOS="525" HPOS="649"/>
							<String ID="string_88" HPOS="665" VPOS="531" WIDTH="34" HEIGHT="13" WC="0.96" CONTENT="om"/><SP WIDTH="17" VPOS="531" HPOS="699"/>
							<String ID="string_89" HPOS="716" VPOS="527" WIDTH="31" HEIGHT="17" WC="0.96" CONTENT="att"/><SP WIDTH="15" VPOS="527" HPOS="747"/>
							<String ID="string_90" HPOS="762" VPOS="525" WIDTH="40" HEIGHT="19" WC="0.96" CONTENT="den"/><SP WIDTH="16" VPOS="525" HPOS="802"/>
							<String ID="string_91" HPOS="818" VPOS="525" WIDTH="39" HEIGHT="19" WC="0.96" CONTENT="hör"/><SP WIDTH="15" VPOS="525" HPOS="857"/>
							<String ID="string_92" HPOS="872" VPOS="525" WIDTH="32" HEIGHT="19" WC="0.95" CONTENT="till"/>
						</TextLine>
						<TextLine ID="line_10" HPOS="142" VPOS="559" WIDTH="763" HEIGHT="25">
							<String ID="string_93" HPOS="142" VPOS="559" WIDTH="27" HEIGHT="19" WC="0.92" CONTENT="de"/><SP WIDTH="22" VPOS="559" HPOS="169"/>
							<String ID="string_94" HPOS="191" VPOS="559" WIDTH="94" HEIGHT="22" WC="0.90" CONTENT="ärender,"/><SP WIDTH="26" VPOS="559" HPOS="285"/>
							<String ID="string_95" HPOS="311" VPOS="559" WIDTH="30" HEIGHT="19" WC="0.90" CONTENT="uti"/><SP WIDTH="25" VPOS="559" HPOS="341"/>
							<String ID="string_96" HPOS="366" VPOS="559" WIDTH="72" HEIGHT="19" WC="0.90" CONTENT="hvilka"/><SP WIDTH="25" VPOS="559" HPOS="438"/>
							<String ID="string_97" HPOS="463" VPOS="559" WIDTH="208" HEIGHT="25" WC="0.91" CONTENT="stadsfullmäktiges"/><SP WIDTH="24" VPOS="559" HPOS="671"/>
							<String ID="string_98" HPOS="695" VPOS="559" WIDTH="58" HEIGHT="19" WC="0.93" CONTENT="antal"/><SP WIDTH="25" VPOS="559" HPOS="753"/>
							<String ID="string_99" HPOS="778" VPOS="559" WIDTH="53" HEIGHT="19" WC="0.93" CONTENT="ökas"/><SP WIDTH="26" VPOS="559" HPOS="831"/>
							<String ID="string_100" HPOS="857" VPOS="559" WIDTH="48" HEIGHT="20" WC="0.96" CONTENT="med"/>
						</TextLine>
						<TextLine ID="line_11" HPOS="141" VPOS="592" WIDTH="763" HEIGHT="27">
							<String ID="string_101" HPOS="141" VPOS="593" WIDTH="88" HEIGHT="19" WC="0.93" CONTENT="hälften."/><SP WIDTH="23" VPOS="593" HPOS="229"/>
							<String ID="string_102" HPOS="252" VPOS="593" WIDTH="73" HEIGHT="20" WC="0.92" CONTENT="Skulle"/><SP WIDTH="16" VPOS="593" HPOS="325"/>
							<String ID="string_103" HPOS="341" VPOS="592" WIDTH="24" HEIGHT="20" WC="0.97" CONTENT="sä"/><SP WIDTH="11" VPOS="592" HPOS="365"/>
							<String ID="string_104" HPOS="376" VPOS="599" WIDTH="50" HEIGHT="13" WC="0.93" CONTENT="vara"/><SP WIDTH="13" VPOS="599" HPOS="426"/>
							<String ID="string_105" HPOS="439" VPOS="593" WIDTH="59" HEIGHT="20" WC="0.93" CONTENT="fallet"/><SP WIDTH="16" VPOS="593" HPOS="498"/>
							<String ID="string_106" HPOS="514" VPOS="595" WIDTH="30" HEIGHT="17" WC="0.96" CONTENT="att"/><SP WIDTH="11" VPOS="595" HPOS="544"/>
							<String ID="string_107" HPOS="555" VPOS="593" WIDTH="26" HEIGHT="20" WC="0.93" CONTENT="de"/><SP WIDTH="11" VPOS="593" HPOS="581"/>
							<String ID="string_108" HPOS="592" VPOS="593" WIDTH="105" HEIGHT="20" WC="0.93" CONTENT="ordinarie"/><SP WIDTH="13" VPOS="593" HPOS="697"/>
							<String ID="string_109" HPOS="710" VPOS="593" WIDTH="194" HEIGHT="26" WC="0.92" CONTENT="stadsfullmäktige"/>
						</TextLine>
						<TextLine ID="line_12" HPOS="141" VPOS="627" WIDTH="764" HEIGHT="26">
							<String ID="string_110" HPOS="141" VPOS="629" WIDTH="93" HEIGHT="24" WC="0.92" CONTENT="upptaga"/><SP WIDTH="16" VPOS="629" HPOS="234"/>
							<String ID="string_111" HPOS="250" VPOS="629" WIDTH="29" HEIGHT="18" WC="0.96" CONTENT="ett"/><SP WIDTH="15" VPOS="629" HPOS="279"/>
							<String ID="string_112" HPOS="294" VPOS="627" WIDTH="36" HEIGHT="20" WC="0.96" CONTENT="län"/><SP WIDTH="16" VPOS="627" HPOS="330"/>
							<String ID="string_113" HPOS="346" VPOS="629" WIDTH="50" HEIGHT="18" WC="0.93" CONTENT="utan"/><SP WIDTH="15" VPOS="629" HPOS="396"/>
							<String ID="string_114" HPOS="411" VPOS="628" WIDTH="68" HEIGHT="25" WC="0.92" CONTENT="utsigt"/><SP WIDTH="16" VPOS="628" HPOS="479"/>
							<String ID="string_115" HPOS="495" VPOS="629" WIDTH="31" HEIGHT="18" WC="0.96" CONTENT="att"/><SP WIDTH="16" VPOS="629" HPOS="526"/>
							<String ID="string_116" HPOS="542" VPOS="628" WIDTH="47" HEIGHT="19" WC="0.93" CONTENT="med"/><SP WIDTH="16" VPOS="628" HPOS="589"/>
							<String ID="string_117" HPOS="605" VPOS="628" WIDTH="86" HEIGHT="25" WC="0.91" CONTENT="vanliga"/><SP WIDTH="16" VPOS="628" HPOS="691"/>
							<String ID="string_118" HPOS="707" VPOS="628" WIDTH="117" HEIGHT="19" WC="0.93" CONTENT="inkomster"/><SP WIDTH="10" VPOS="628" HPOS="824"/>
							<String ID="string_119" HPOS="834" VPOS="628" WIDTH="71" HEIGHT="19" WC="0.92" CONTENT="betala"/>
						</TextLine>
						<TextLine ID="line_13" HPOS="141" VPOS="661" WIDTH="764" HEIGHT="26">
							<String ID="string_120" HPOS="141" VPOS="662" WIDTH="36" HEIGHT="19" WC="0.96" CONTENT="det"/><SP WIDTH="23" VPOS="662" HPOS="177"/>
							<String ID="string_121" HPOS="200" VPOS="661" WIDTH="27" HEIGHT="26" WC="0.93" CONTENT="pä"/><SP WIDTH="22" VPOS="661" HPOS="227"/>
							<String ID="string_122" HPOS="249" VPOS="661" WIDTH="36" HEIGHT="20" WC="0.96" CONTENT="två"/><SP WIDTH="22" VPOS="661" HPOS="285"/>
							<String ID="string_123" HPOS="307" VPOS="661" WIDTH="29" HEIGHT="24" WC="0.96" CONTENT="år,"/><SP WIDTH="25" VPOS="661" HPOS="336"/>
							<String ID="string_124" HPOS="361" VPOS="661" WIDTH="24" HEIGHT="20" WC="0.96" CONTENT="sä"/><SP WIDTH="22" VPOS="661" HPOS="385"/>
							<String ID="string_125" HPOS="407" VPOS="662" WIDTH="69" HEIGHT="19" WC="0.96" CONTENT="skulle"/><SP WIDTH="23" VPOS="662" HPOS="476"/>
							<String ID="string_126" HPOS="499" VPOS="663" WIDTH="26" HEIGHT="18" WC="0.93" CONTENT="de"/><SP WIDTH="22" VPOS="663" HPOS="525"/>
							<String ID="string_127" HPOS="547" VPOS="662" WIDTH="80" HEIGHT="18" WC="0.96" CONTENT="handla"/><SP WIDTH="21" VPOS="662" HPOS="627"/>
							<String ID="string_128" HPOS="648" VPOS="662" WIDTH="7" HEIGHT="18" WC="0.93" CONTENT="i"/><SP WIDTH="15" VPOS="662" HPOS="655"/>
							<String ID="string_129" HPOS="670" VPOS="663" WIDTH="107" HEIGHT="24" WC="0.96" CONTENT="uppenbar"/><SP WIDTH="16" VPOS="663" HPOS="777"/>
							<String ID="string_130" HPOS="793" VPOS="663" WIDTH="52" HEIGHT="18" WC="0.96" CONTENT="strid"/><SP WIDTH="16" VPOS="663" HPOS="845"/>
							<String ID="string_131" HPOS="861" VPOS="664" WIDTH="44" HEIGHT="18" WC="0.96" CONTENT="mot"/>
						</TextLine>
						<TextLine ID="line_14" HPOS="141" VPOS="696" WIDTH="763" HEIGHT="26">
							<String ID="string_132" HPOS="141" VPOS="696" WIDTH="59" HEIGHT="19" WC="0.89" CONTENT="detta"/><SP WIDTH="23" VPOS="696" HPOS="200"/>
							<String ID="string_133" HPOS="223" VPOS="696" WIDTH="117" HEIGHT="26" WC="0.96" CONTENT="stadgande"/><SP WIDTH="23" VPOS="696" HPOS="340"/>
							<String ID="string_134" HPOS="363" VPOS="696" WIDTH="30" HEIGHT="19" WC="0.93" CONTENT="uti"/><SP WIDTH="23" VPOS="696" HPOS="393"/>
							<String ID="string_135" HPOS="416" VPOS="696" WIDTH="14" HEIGHT="26" WC="0.85" CONTENT="&amp;"/><SP WIDTH="22" VPOS="696" HPOS="430"/>
							<String ID="string_136" HPOS="452" VPOS="696" WIDTH="33" HEIGHT="23" WC="0.96" CONTENT="25,"/><SP WIDTH="17" VPOS="696" HPOS="485"/>
							<String ID="string_137" HPOS="502" VPOS="702" WIDTH="46" HEIGHT="13" WC="0.93" CONTENT="som"/><SP WIDTH="17" VPOS="702" HPOS="548"/>
							<String ID="string_138" HPOS="565" VPOS="696" WIDTH="127" HEIGHT="19" WC="0.96" CONTENT="bestämmer"/><SP WIDTH="16" VPOS="696" HPOS="692"/>
							<String ID="string_139" HPOS="708" VPOS="697" WIDTH="31" HEIGHT="18" WC="0.96" CONTENT="att"/><SP WIDTH="14" VPOS="697" HPOS="739"/>
							<String ID="string_140" HPOS="753" VPOS="697" WIDTH="49" HEIGHT="25" WC="0.96" CONTENT="nytt"/><SP WIDTH="15" VPOS="697" HPOS="802"/>
							<String ID="string_141" HPOS="817" VPOS="696" WIDTH="87" HEIGHT="26" WC="0.96" CONTENT="företag,"/>
						</TextLine>
						<TextLine ID="line_15" HPOS="142" VPOS="730" WIDTH="764" HEIGHT="26">
							<String ID="string_142" HPOS="142" VPOS="730" WIDTH="81" HEIGHT="20" WC="0.89" CONTENT="hvilket"/><SP WIDTH="23" VPOS="730" HPOS="223"/>
							<String ID="string_143" HPOS="246" VPOS="730" WIDTH="102" HEIGHT="20" WC="0.89" CONTENT="erfordrar"/><SP WIDTH="22" VPOS="730" HPOS="348"/>
							<String ID="string_144" HPOS="370" VPOS="730" WIDTH="79" HEIGHT="20" WC="0.93" CONTENT="allmän"/><SP WIDTH="23" VPOS="730" HPOS="449"/>
							<String ID="string_145" HPOS="472" VPOS="731" WIDTH="125" HEIGHT="25" WC="0.91" CONTENT="uttaxering,"/><SP WIDTH="18" VPOS="731" HPOS="597"/>
							<String ID="string_146" HPOS="615" VPOS="730" WIDTH="54" HEIGHT="19" WC="0.92" CONTENT="skall"/><SP WIDTH="24" VPOS="730" HPOS="669"/>
							<String ID="string_147" HPOS="693" VPOS="730" WIDTH="116" HEIGHT="20" WC="0.91" CONTENT="behandlas"/><SP WIDTH="24" VPOS="730" HPOS="809"/>
							<String ID="string_148" HPOS="833" VPOS="730" WIDTH="23" HEIGHT="19" WC="0.96" CONTENT="af"/><SP WIDTH="20" VPOS="730" HPOS="856"/>
							<String ID="string_149" HPOS="876" VPOS="732" WIDTH="30" HEIGHT="18" WC="0.96" CONTENT="ett"/>
						</TextLine>
						<TextLine ID="line_16" HPOS="142" VPOS="764" WIDTH="763" HEIGHT="26">
							<String ID="string_150" HPOS="142" VPOS="765" WIDTH="65" HEIGHT="19" WC="0.78" CONTENT="ökadt"/><SP WIDTH="23" VPOS="765" HPOS="207"/>
							<String ID="string_151" HPOS="230" VPOS="765" WIDTH="57" HEIGHT="19" WC="0.93" CONTENT="antal"/><SP WIDTH="19" VPOS="765" HPOS="287"/>
							<String ID="string_152" HPOS="306" VPOS="764" WIDTH="201" HEIGHT="26" WC="0.94" CONTENT="stadsfullmäktige."/><SP WIDTH="31" VPOS="764" HPOS="507"/>
							<String ID="string_153" HPOS="538" VPOS="764" WIDTH="31" HEIGHT="20" WC="0.96" CONTENT="De"/><SP WIDTH="16" VPOS="764" HPOS="569"/>
							<String ID="string_154" HPOS="585" VPOS="764" WIDTH="70" HEIGHT="20" WC="0.93" CONTENT="skulle"/><SP WIDTH="15" VPOS="764" HPOS="655"/>
							<String ID="string_155" HPOS="670" VPOS="765" WIDTH="48" HEIGHT="19" WC="0.96" CONTENT="icke"/><SP WIDTH="15" VPOS="765" HPOS="718"/>
							<String ID="string_156" HPOS="733" VPOS="764" WIDTH="72" HEIGHT="20" WC="0.93" CONTENT="kunna"/><SP WIDTH="16" VPOS="764" HPOS="805"/>
							<String ID="string_157" HPOS="821" VPOS="764" WIDTH="84" HEIGHT="24" WC="0.96" CONTENT="förbise,"/>
						</TextLine>
						<TextLine ID="line_17" HPOS="142" VPOS="798" WIDTH="763" HEIGHT="27">
							<String ID="string_158" HPOS="142" VPOS="800" WIDTH="31" HEIGHT="18" WC="0.96" CONTENT="att"/><SP WIDTH="16" VPOS="800" HPOS="173"/>
							<String ID="string_159" HPOS="189" VPOS="799" WIDTH="78" HEIGHT="19" WC="0.93" CONTENT="allmän"/><SP WIDTH="16" VPOS="799" HPOS="267"/>
							<String ID="string_160" HPOS="283" VPOS="800" WIDTH="118" HEIGHT="25" WC="0.91" CONTENT="uttaxering"/><SP WIDTH="16" VPOS="800" HPOS="401"/>
							<String ID="string_161" HPOS="417" VPOS="798" WIDTH="68" HEIGHT="21" WC="0.92" CONTENT="mäste"/><SP WIDTH="15" VPOS="798" HPOS="485"/>
							<String ID="string_162" HPOS="500" VPOS="799" WIDTH="65" HEIGHT="19" WC="0.92" CONTENT="blifva"/><SP WIDTH="16" VPOS="799" HPOS="565"/>
							<String ID="string_163" HPOS="581" VPOS="799" WIDTH="86" HEIGHT="25" WC="0.91" CONTENT="följden,"/><SP WIDTH="18" VPOS="799" HPOS="667"/>
							<String ID="string_164" HPOS="685" VPOS="798" WIDTH="27" HEIGHT="20" WC="0.93" CONTENT="dä"/><SP WIDTH="15" VPOS="798" HPOS="712"/>
							<String ID="string_165" HPOS="727" VPOS="798" WIDTH="58" HEIGHT="20" WC="0.92" CONTENT="länet"/><SP WIDTH="15" VPOS="798" HPOS="785"/>
							<String ID="string_166" HPOS="800" VPOS="799" WIDTH="47" HEIGHT="19" WC="0.91" CONTENT="icke"/><SP WIDTH="15" VPOS="799" HPOS="847"/>
							<String ID="string_167" HPOS="862" VPOS="798" WIDTH="43" HEIGHT="20" WC="0.96" CONTENT="kan"/>
						</TextLine>
						<TextLine ID="line_18" HPOS="143" VPOS="833" WIDTH="762" HEIGHT="25">
							<String ID="string_168" HPOS="143" VPOS="833" WIDTH="48" HEIGHT="19" WC="0.95" CONTENT="med"/><SP WIDTH="24" VPOS="833" HPOS="191"/>
							<String ID="string_169" HPOS="215" VPOS="834" WIDTH="86" HEIGHT="18" WC="0.93" CONTENT="stadens"/><SP WIDTH="23" VPOS="834" HPOS="301"/>
							<String ID="string_170" HPOS="324" VPOS="834" WIDTH="104" HEIGHT="19" WC="0.92" CONTENT="ordinarie"/><SP WIDTH="23" VPOS="834" HPOS="428"/>
							<String ID="string_171" HPOS="451" VPOS="834" WIDTH="117" HEIGHT="19" WC="0.93" CONTENT="inkomster"/><SP WIDTH="17" VPOS="834" HPOS="568"/>
							<String ID="string_172" HPOS="585" VPOS="833" WIDTH="108" HEIGHT="19" WC="0.92" CONTENT="betäckas."/><SP WIDTH="31" VPOS="833" HPOS="693"/>
							<String ID="string_173" HPOS="724" VPOS="833" WIDTH="58" HEIGHT="19" WC="0.94" CONTENT="Efter"/><SP WIDTH="15" VPOS="833" HPOS="782"/>
							<String ID="string_174" HPOS="797" VPOS="833" WIDTH="40" HEIGHT="19" WC="0.93" CONTENT="den"/><SP WIDTH="17" VPOS="833" HPOS="837"/>
							<String ID="string_175" HPOS="854" VPOS="840" WIDTH="51" HEIGHT="18" WC="0.92" CONTENT="upp-"/>
						</TextLine>
						<TextLine ID="line_19" HPOS="144" VPOS="866" WIDTH="762" HEIGHT="28">
							<String ID="string_176" HPOS="144" VPOS="868" WIDTH="93" HEIGHT="25" WC="0.92" CONTENT="fattning"/><SP WIDTH="18" VPOS="868" HPOS="237"/>
							<String ID="string_177" HPOS="255" VPOS="868" WIDTH="40" HEIGHT="25" WC="0.93" CONTENT="jag"/><SP WIDTH="22" VPOS="868" HPOS="295"/>
							<String ID="string_178" HPOS="317" VPOS="866" WIDTH="85" HEIGHT="21" WC="0.91" CONTENT="erhällit"/><SP WIDTH="22" VPOS="866" HPOS="402"/>
							<String ID="string_179" HPOS="424" VPOS="868" WIDTH="23" HEIGHT="18" WC="0.93" CONTENT="af"/><SP WIDTH="20" VPOS="868" HPOS="447"/>
							<String ID="string_180" HPOS="467" VPOS="868" WIDTH="151" HEIGHT="25" WC="0.90" CONTENT="lagförslagets"/><SP WIDTH="23" VPOS="868" HPOS="618"/>
							<String ID="string_181" HPOS="641" VPOS="868" WIDTH="88" HEIGHT="26" WC="0.90" CONTENT="lydelse,"/><SP WIDTH="24" VPOS="868" HPOS="729"/>
							<String ID="string_182" HPOS="753" VPOS="866" WIDTH="115" HEIGHT="27" WC="0.92" CONTENT="(mähända"/><SP WIDTH="15" VPOS="866" HPOS="868"/>
							<String ID="string_183" HPOS="883" VPOS="868" WIDTH="23" HEIGHT="18" WC="0.96" CONTENT="är"/>
						</TextLine>
						<TextLine ID="line_20" HPOS="144" VPOS="901" WIDTH="762" HEIGHT="27">
							<String ID="string_184" HPOS="144" VPOS="902" WIDTH="70" HEIGHT="19" WC="0.96" CONTENT="denna"/><SP WIDTH="15" VPOS="902" HPOS="214"/>
							<String ID="string_185" HPOS="229" VPOS="902" WIDTH="134" HEIGHT="25" WC="0.93" CONTENT="uppfattning"/><SP WIDTH="14" VPOS="902" HPOS="363"/>
							<String ID="string_186" HPOS="377" VPOS="902" WIDTH="79" HEIGHT="25" WC="0.92" CONTENT="origtig"/><SP WIDTH="15" VPOS="902" HPOS="456"/>
							<String ID="string_187" HPOS="471" VPOS="902" WIDTH="41" HEIGHT="19" WC="0.93" CONTENT="och"/><SP WIDTH="15" VPOS="902" HPOS="512"/>
							<String ID="string_188" HPOS="527" VPOS="902" WIDTH="47" HEIGHT="19" WC="0.92" CONTENT="icke"/><SP WIDTH="16" VPOS="902" HPOS="574"/>
							<String ID="string_189" HPOS="590" VPOS="902" WIDTH="125" HEIGHT="26" WC="0.68" CONTENT="tillräckligt"/><SP WIDTH="14" VPOS="902" HPOS="715"/>
							<String ID="string_190" HPOS="729" VPOS="901" WIDTH="123" HEIGHT="26" WC="0.90" CONTENT="öfvervägd)"/><SP WIDTH="16" VPOS="901" HPOS="852"/>
							<String ID="string_191" HPOS="868" VPOS="901" WIDTH="38" HEIGHT="19" WC="0.96" CONTENT="har"/>
						</TextLine>
						<TextLine ID="line_21" HPOS="142" VPOS="928" WIDTH="764" HEIGHT="34">
							<String ID="string_192" HPOS="142" VPOS="936" WIDTH="40" HEIGHT="26" WC="0.92" CONTENT="jag"/><SP WIDTH="22" VPOS="936" HPOS="182"/>
							<String ID="string_193" HPOS="204" VPOS="936" WIDTH="69" HEIGHT="25" WC="0.91" CONTENT="dragit"/><SP WIDTH="15" VPOS="936" HPOS="273"/>
							<String ID="string_194" HPOS="288" VPOS="936" WIDTH="40" HEIGHT="19" WC="0.96" CONTENT="den"/><SP WIDTH="16" VPOS="936" HPOS="328"/>
							<String ID="string_195" HPOS="344" VPOS="928" WIDTH="95" HEIGHT="30" WC="0.96" CONTENT="slutsats,"/><SP WIDTH="16" VPOS="928" HPOS="439"/>
							<String ID="string_196" HPOS="455" VPOS="937" WIDTH="36" HEIGHT="22" WC="0.93" CONTENT="att,"/><SP WIDTH="17" VPOS="937" HPOS="491"/>
							<String ID="string_197" HPOS="508" VPOS="936" WIDTH="61" HEIGHT="19" WC="0.96" CONTENT="äfven"/><SP WIDTH="16" VPOS="936" HPOS="569"/>
							<String ID="string_198" HPOS="585" VPOS="942" WIDTH="35" HEIGHT="13" WC="0.97" CONTENT="om"/><SP WIDTH="15" VPOS="942" HPOS="620"/>
							<String ID="string_199" HPOS="635" VPOS="938" WIDTH="30" HEIGHT="18" WC="0.96" CONTENT="ett"/><SP WIDTH="16" VPOS="938" HPOS="665"/>
							<String ID="string_200" HPOS="681" VPOS="935" WIDTH="41" HEIGHT="24" WC="0.93" CONTENT="län,"/><SP WIDTH="16" VPOS="935" HPOS="722"/>
							<String ID="string_201" HPOS="738" VPOS="942" WIDTH="49" HEIGHT="13" WC="0.96" CONTENT="vare"/><SP WIDTH="16" VPOS="942" HPOS="787"/>
							<String ID="string_202" HPOS="803" VPOS="936" WIDTH="34" HEIGHT="25" WC="0.96" CONTENT="sig"/><SP WIDTH="15" VPOS="936" HPOS="837"/>
							<String ID="string_203" HPOS="852" VPOS="935" WIDTH="54" HEIGHT="19" WC="0.96" CONTENT="huru"/>
						</TextLine>
						<TextLine ID="line_22" HPOS="144" VPOS="970" WIDTH="762" HEIGHT="22">
							<String ID="string_204" HPOS="144" VPOS="971" WIDTH="54" HEIGHT="18" WC="0.94" CONTENT="stort"/><SP WIDTH="23" VPOS="971" HPOS="198"/>
							<String ID="string_205" HPOS="221" VPOS="976" WIDTH="46" HEIGHT="14" WC="0.96" CONTENT="som"/><SP WIDTH="22" VPOS="976" HPOS="267"/>
							<String ID="string_206" HPOS="289" VPOS="970" WIDTH="62" HEIGHT="22" WC="0.96" CONTENT="helst,"/><SP WIDTH="24" VPOS="970" HPOS="351"/>
							<String ID="string_207" HPOS="375" VPOS="970" WIDTH="32" HEIGHT="19" WC="0.93" CONTENT="till"/><SP WIDTH="17" VPOS="970" HPOS="407"/>
							<String ID="string_208" HPOS="424" VPOS="970" WIDTH="64" HEIGHT="19" WC="0.93" CONTENT="hvars"/><SP WIDTH="16" VPOS="970" HPOS="488"/>
							<String ID="string_209" HPOS="504" VPOS="970" WIDTH="131" HEIGHT="20" WC="0.72" CONTENT="betäckande"/><SP WIDTH="16" VPOS="970" HPOS="635"/>
							<String ID="string_210" HPOS="651" VPOS="970" WIDTH="57" HEIGHT="20" WC="0.96" CONTENT="inom"/><SP WIDTH="16" VPOS="970" HPOS="708"/>
							<String ID="string_211" HPOS="724" VPOS="970" WIDTH="40" HEIGHT="19" WC="0.93" CONTENT="den"/><SP WIDTH="16" VPOS="970" HPOS="764"/>
							<String ID="string_212" HPOS="780" VPOS="970" WIDTH="126" HEIGHT="19" WC="0.90" CONTENT="föreskrifna"/>
						</TextLine>
						<TextLine ID="line_23" HPOS="144" VPOS="1004" WIDTH="762" HEIGHT="26">
							<String ID="string_213" HPOS="144" VPOS="1004" WIDTH="58" HEIGHT="20" WC="0.96" CONTENT="tiden"/><SP WIDTH="11" VPOS="1004" HPOS="202"/>
							<String ID="string_214" HPOS="213" VPOS="1004" WIDTH="86" HEIGHT="20" WC="0.93" CONTENT="stadens"/><SP WIDTH="16" VPOS="1004" HPOS="299"/>
							<String ID="string_215" HPOS="315" VPOS="1004" WIDTH="105" HEIGHT="20" WC="0.92" CONTENT="ordinarie"/><SP WIDTH="15" VPOS="1004" HPOS="420"/>
							<String ID="string_216" HPOS="435" VPOS="1004" WIDTH="79" HEIGHT="26" WC="0.93" CONTENT="budget"/><SP WIDTH="15" VPOS="1004" HPOS="514"/>
							<String ID="string_217" HPOS="529" VPOS="1004" WIDTH="86" HEIGHT="20" WC="0.92" CONTENT="anvisar"/><SP WIDTH="15" VPOS="1004" HPOS="615"/>
							<String ID="string_218" HPOS="630" VPOS="1004" WIDTH="75" HEIGHT="23" WC="0.93" CONTENT="medel,"/><SP WIDTH="16" VPOS="1004" HPOS="705"/>
							<String ID="string_219" HPOS="721" VPOS="1004" WIDTH="47" HEIGHT="19" WC="0.92" CONTENT="icke"/><SP WIDTH="15" VPOS="1004" HPOS="768"/>
							<String ID="string_220" HPOS="783" VPOS="1004" WIDTH="42" HEIGHT="19" WC="0.93" CONTENT="kan"/><SP WIDTH="16" VPOS="1004" HPOS="825"/>
							<String ID="string_221" HPOS="841" VPOS="1004" WIDTH="65" HEIGHT="19" WC="0.91" CONTENT="innan"/>
						</TextLine>
						<TextLine ID="line_24" HPOS="144" VPOS="1038" WIDTH="762" HEIGHT="26">
							<String ID="string_222" HPOS="144" VPOS="1038" WIDTH="58" HEIGHT="20" WC="0.93" CONTENT="tiden"/><SP WIDTH="20" VPOS="1038" HPOS="202"/>
							<String ID="string_223" HPOS="222" VPOS="1038" WIDTH="141" HEIGHT="26" WC="0.93" CONTENT="tilländalupit"/><SP WIDTH="15" VPOS="1038" HPOS="363"/>
							<String ID="string_224" HPOS="378" VPOS="1038" WIDTH="89" HEIGHT="23" WC="0.93" CONTENT="betalas,"/><SP WIDTH="16" VPOS="1038" HPOS="467"/>
							<String ID="string_225" HPOS="483" VPOS="1038" WIDTH="207" HEIGHT="26" WC="0.92" CONTENT="stadsfullmäktiges"/><SP WIDTH="16" VPOS="1038" HPOS="690"/>
							<String ID="string_226" HPOS="706" VPOS="1038" WIDTH="119" HEIGHT="20" WC="0.93" CONTENT="förfarande"/><SP WIDTH="15" VPOS="1038" HPOS="825"/>
							<String ID="string_227" HPOS="840" VPOS="1038" WIDTH="66" HEIGHT="19" WC="0.92" CONTENT="likväl"/>
						</TextLine>
						<TextLine ID="line_25" HPOS="143" VPOS="1071" WIDTH="763" HEIGHT="27">
							<String ID="string_228" HPOS="143" VPOS="1074" WIDTH="24" HEIGHT="18" WC="0.95" CONTENT="är"/><SP WIDTH="22" VPOS="1074" HPOS="167"/>
							<String ID="string_229" HPOS="189" VPOS="1072" WIDTH="82" HEIGHT="26" WC="0.93" CONTENT="lagligt."/><SP WIDTH="31" VPOS="1072" HPOS="271"/>
							<String ID="string_230" HPOS="302" VPOS="1065" WIDTH="19" HEIGHT="27" WC="0.88" CONTENT="Ä"/><SP WIDTH="16" VPOS="1065" HPOS="321"/>
							<String ID="string_231" HPOS="337" VPOS="1073" WIDTH="66" HEIGHT="19" WC="0.96" CONTENT="andra"/><SP WIDTH="17" VPOS="1073" HPOS="403"/>
							<String ID="string_232" HPOS="420" VPOS="1073" WIDTH="61" HEIGHT="19" WC="0.93" CONTENT="sidan"/><SP WIDTH="16" VPOS="1073" HPOS="481"/>
							<String ID="string_233" HPOS="497" VPOS="1072" WIDTH="62" HEIGHT="20" WC="0.96" CONTENT="hafva"/><SP WIDTH="16" VPOS="1072" HPOS="559"/>
							<String ID="string_234" HPOS="575" VPOS="1072" WIDTH="194" HEIGHT="26" WC="0.96" CONTENT="stadsfullmäktige"/><SP WIDTH="16" VPOS="1072" HPOS="769"/>
							<String ID="string_235" HPOS="785" VPOS="1071" WIDTH="46" HEIGHT="27" WC="0.96" CONTENT="gått"/><SP WIDTH="15" VPOS="1071" HPOS="831"/>
							<String ID="string_236" HPOS="846" VPOS="1071" WIDTH="60" HEIGHT="27" WC="0.96" CONTENT="långt"/>
						</TextLine>
						<TextLine ID="line_26" HPOS="144" VPOS="1106" WIDTH="763" HEIGHT="26">
							<String ID="string_237" HPOS="144" VPOS="1107" WIDTH="82" HEIGHT="19" WC="0.89" CONTENT="utöfver"/><SP WIDTH="23" VPOS="1107" HPOS="226"/>
							<String ID="string_238" HPOS="249" VPOS="1107" WIDTH="33" HEIGHT="19" WC="0.96" CONTENT="sin"/><SP WIDTH="23" VPOS="1107" HPOS="282"/>
							<String ID="string_239" HPOS="305" VPOS="1107" WIDTH="132" HEIGHT="25" WC="0.96" CONTENT="befogenhet,"/><SP WIDTH="24" VPOS="1107" HPOS="437"/>
							<String ID="string_240" HPOS="461" VPOS="1113" WIDTH="34" HEIGHT="13" WC="0.96" CONTENT="om"/><SP WIDTH="19" VPOS="1113" HPOS="495"/>
							<String ID="string_241" HPOS="514" VPOS="1107" WIDTH="26" HEIGHT="19" WC="0.96" CONTENT="de"/><SP WIDTH="15" VPOS="1107" HPOS="540"/>
							<String ID="string_242" HPOS="555" VPOS="1107" WIDTH="32" HEIGHT="19" WC="0.96" CONTENT="för"/><SP WIDTH="15" VPOS="1107" HPOS="587"/>
							<String ID="string_243" HPOS="602" VPOS="1107" WIDTH="87" HEIGHT="19" WC="0.96" CONTENT="stadens"/><SP WIDTH="15" VPOS="1107" HPOS="689"/>
							<String ID="string_244" HPOS="704" VPOS="1106" WIDTH="91" HEIGHT="26" WC="0.96" CONTENT="räkning"/><SP WIDTH="15" VPOS="1106" HPOS="795"/>
							<String ID="string_245" HPOS="810" VPOS="1106" WIDTH="97" HEIGHT="26" WC="0.96" CONTENT="upptagit"/>
						</TextLine>
						<TextLine ID="line_27" HPOS="144" VPOS="1139" WIDTH="762" HEIGHT="27">
							<String ID="string_246" HPOS="144" VPOS="1142" WIDTH="30" HEIGHT="18" WC="0.96" CONTENT="ett"/><SP WIDTH="10" VPOS="1142" HPOS="174"/>
							<String ID="string_247" HPOS="184" VPOS="1140" WIDTH="35" HEIGHT="20" WC="0.96" CONTENT="lån"/><SP WIDTH="17" VPOS="1140" HPOS="219"/>
							<String ID="string_248" HPOS="236" VPOS="1141" WIDTH="47" HEIGHT="19" WC="0.96" CONTENT="med"/><SP WIDTH="15" VPOS="1141" HPOS="283"/>
							<String ID="string_249" HPOS="298" VPOS="1139" WIDTH="36" HEIGHT="21" WC="0.96" CONTENT="två"/><SP WIDTH="15" VPOS="1139" HPOS="334"/>
							<String ID="string_250" HPOS="349" VPOS="1140" WIDTH="34" HEIGHT="20" WC="0.93" CONTENT="års"/><SP WIDTH="17" VPOS="1140" HPOS="383"/>
							<String ID="string_251" HPOS="400" VPOS="1140" WIDTH="203" HEIGHT="26" WC="0.90" CONTENT="återbetalningstid,"/><SP WIDTH="16" VPOS="1140" HPOS="603"/>
							<String ID="string_252" HPOS="619" VPOS="1143" WIDTH="51" HEIGHT="17" WC="0.96" CONTENT="utan"/><SP WIDTH="16" VPOS="1143" HPOS="670"/>
							<String ID="string_253" HPOS="686" VPOS="1142" WIDTH="30" HEIGHT="17" WC="0.96" CONTENT="att"/><SP WIDTH="15" VPOS="1142" HPOS="716"/>
							<String ID="string_254" HPOS="731" VPOS="1140" WIDTH="64" HEIGHT="19" WC="0.93" CONTENT="hafva"/><SP WIDTH="15" VPOS="1140" HPOS="795"/>
							<String ID="string_255" HPOS="810" VPOS="1140" WIDTH="96" HEIGHT="19" WC="0.91" CONTENT="tillräck-"/>
						</TextLine>
						<TextLine ID="line_28" HPOS="144" VPOS="1174" WIDTH="762" HEIGHT="27">
							<String ID="string_256" HPOS="144" VPOS="1175" WIDTH="57" HEIGHT="26" WC="0.93" CONTENT="ligen"/><SP WIDTH="16" VPOS="1175" HPOS="201"/>
							<String ID="string_257" HPOS="217" VPOS="1175" WIDTH="68" HEIGHT="25" WC="0.92" CONTENT="sörjdt"/><SP WIDTH="15" VPOS="1175" HPOS="285"/>
							<String ID="string_258" HPOS="300" VPOS="1175" WIDTH="31" HEIGHT="20" WC="0.96" CONTENT="för"/><SP WIDTH="16" VPOS="1175" HPOS="331"/>
							<String ID="string_259" HPOS="347" VPOS="1175" WIDTH="49" HEIGHT="20" WC="0.96" CONTENT="dess"/><SP WIDTH="16" VPOS="1175" HPOS="396"/>
							<String ID="string_260" HPOS="412" VPOS="1174" WIDTH="161" HEIGHT="27" WC="0.96" CONTENT="återbetalning,"/><SP WIDTH="16" VPOS="1174" HPOS="573"/>
							<String ID="string_261" HPOS="589" VPOS="1176" WIDTH="49" HEIGHT="18" WC="0.93" CONTENT="utan"/><SP WIDTH="16" VPOS="1176" HPOS="638"/>
							<String ID="string_262" HPOS="654" VPOS="1175" WIDTH="80" HEIGHT="19" WC="0.93" CONTENT="lemnat"/><SP WIDTH="15" VPOS="1175" HPOS="734"/>
							<String ID="string_263" HPOS="749" VPOS="1175" WIDTH="38" HEIGHT="19" WC="0.96" CONTENT="allt"/><SP WIDTH="15" VPOS="1175" HPOS="787"/>
							<String ID="string_264" HPOS="802" VPOS="1175" WIDTH="104" HEIGHT="19" WC="0.96" CONTENT="beroende"/>
						</TextLine>
						<TextLine ID="line_29" HPOS="144" VPOS="1208" WIDTH="762" HEIGHT="27">
							<String ID="string_265" HPOS="144" VPOS="1209" WIDTH="27" HEIGHT="26" WC="0.96" CONTENT="på"/><SP WIDTH="10" VPOS="1209" HPOS="171"/>
							<String ID="string_266" HPOS="181" VPOS="1216" WIDTH="26" HEIGHT="13" WC="0.96" CONTENT="en"/><SP WIDTH="16" VPOS="1216" HPOS="207"/>
							<String ID="string_267" HPOS="223" VPOS="1210" WIDTH="58" HEIGHT="19" WC="0.96" CONTENT="oviss"/><SP WIDTH="16" VPOS="1210" HPOS="281"/>
							<String ID="string_268" HPOS="297" VPOS="1210" WIDTH="91" HEIGHT="19" WC="0.96" CONTENT="framtid."/><SP WIDTH="23" VPOS="1210" HPOS="388"/>
							<String ID="string_269" HPOS="411" VPOS="1209" WIDTH="42" HEIGHT="26" WC="0.96" CONTENT="Jag"/><SP WIDTH="14" VPOS="1209" HPOS="453"/>
							<String ID="string_270" HPOS="467" VPOS="1211" WIDTH="41" HEIGHT="21" WC="0.96" CONTENT="vet,"/><SP WIDTH="17" VPOS="1211" HPOS="508"/>
							<String ID="string_271" HPOS="525" VPOS="1208" WIDTH="72" HEIGHT="21" WC="0.96" CONTENT="såsom"/><SP WIDTH="13" VPOS="1208" HPOS="597"/>
							<String ID="string_272" HPOS="610" VPOS="1209" WIDTH="39" HEIGHT="26" WC="0.96" CONTENT="jag"/><SP WIDTH="15" VPOS="1209" HPOS="649"/>
							<String ID="string_273" HPOS="664" VPOS="1209" WIDTH="65" HEIGHT="20" WC="0.96" CONTENT="redan"/><SP WIDTH="15" VPOS="1209" HPOS="729"/>
							<String ID="string_274" HPOS="744" VPOS="1209" WIDTH="99" HEIGHT="23" WC="0.96" CONTENT="nämnde,"/><SP WIDTH="16" VPOS="1209" HPOS="843"/>
							<String ID="string_275" HPOS="859" VPOS="1209" WIDTH="47" HEIGHT="19" WC="0.96" CONTENT="icke"/>
						</TextLine>
						<TextLine ID="line_30" HPOS="144" VPOS="1242" WIDTH="763" HEIGHT="27">
							<String ID="string_276" HPOS="144" VPOS="1250" WIDTH="35" HEIGHT="13" WC="0.96" CONTENT="om"/><SP WIDTH="16" VPOS="1250" HPOS="179"/>
							<String ID="string_277" HPOS="195" VPOS="1244" WIDTH="69" HEIGHT="19" WC="0.96" CONTENT="denna"/><SP WIDTH="15" VPOS="1244" HPOS="264"/>
							<String ID="string_278" HPOS="279" VPOS="1244" WIDTH="134" HEIGHT="25" WC="0.95" CONTENT="uppfattning"/><SP WIDTH="16" VPOS="1244" HPOS="413"/>
							<String ID="string_279" HPOS="429" VPOS="1245" WIDTH="23" HEIGHT="18" WC="0.96" CONTENT="är"/><SP WIDTH="15" VPOS="1245" HPOS="452"/>
							<String ID="string_280" HPOS="467" VPOS="1243" WIDTH="73" HEIGHT="26" WC="0.96" CONTENT="rigtig;"/><SP WIDTH="18" VPOS="1243" HPOS="540"/>
							<String ID="string_281" HPOS="558" VPOS="1249" WIDTH="47" HEIGHT="14" WC="0.96" CONTENT="men"/><SP WIDTH="16" VPOS="1249" HPOS="605"/>
							<String ID="string_282" HPOS="621" VPOS="1244" WIDTH="7" HEIGHT="19" WC="0.96" CONTENT="i"/><SP WIDTH="16" VPOS="1244" HPOS="628"/>
							<String ID="string_283" HPOS="644" VPOS="1249" WIDTH="26" HEIGHT="14" WC="0.96" CONTENT="en"/><SP WIDTH="16" VPOS="1249" HPOS="670"/>
							<String ID="string_284" HPOS="686" VPOS="1242" WIDTH="66" HEIGHT="21" WC="0.96" CONTENT="sådan"/><SP WIDTH="16" VPOS="1242" HPOS="752"/>
							<String ID="string_285" HPOS="768" VPOS="1245" WIDTH="32" HEIGHT="18" WC="0.96" CONTENT="tro"/><SP WIDTH="16" VPOS="1245" HPOS="800"/>
							<String ID="string_286" HPOS="816" VPOS="1243" WIDTH="39" HEIGHT="19" WC="0.96" CONTENT="har"/><SP WIDTH="13" VPOS="1243" HPOS="855"/>
							<String ID="string_287" HPOS="868" VPOS="1243" WIDTH="39" HEIGHT="26" WC="0.96" CONTENT="jag"/>
						</TextLine>
						<TextLine ID="line_31" HPOS="145" VPOS="1277" WIDTH="215" HEIGHT="20">
							<String ID="string_288" HPOS="145" VPOS="1277" WIDTH="129" HEIGHT="20" WC="0.95" CONTENT="åtminstone"/><SP WIDTH="15" VPOS="1277" HPOS="274"/>
							<String ID="string_289" HPOS="289" VPOS="1277" WIDTH="71" HEIGHT="20" WC="0.96" CONTENT="lefvat."/>
						</TextLine>
					</TextBlock>
					<TextBlock ID="block_2" HPOS="141" VPOS="1306" WIDTH="767" HEIGHT="203">
						<TextLine ID="line_32" HPOS="213" VPOS="1306" WIDTH="694" HEIGHT="31">
							<String ID="string_290" HPOS="213" VPOS="1312" WIDTH="52" HEIGHT="19" WC="0.92" CONTENT="Herr"/><SP WIDTH="15" VPOS="1312" HPOS="265"/>
							<String ID="string_291" HPOS="280" VPOS="1312" WIDTH="147" HEIGHT="19" WC="0.91" CONTENT="Mechelin:"/><SP WIDTH="31" VPOS="1312" HPOS="427"/>
							<String ID="string_292" HPOS="458" VPOS="1312" WIDTH="31" HEIGHT="19" WC="0.96" CONTENT="Af"/><SP WIDTH="15" VPOS="1312" HPOS="489"/>
							<String ID="string_293" HPOS="504" VPOS="1312" WIDTH="52" HEIGHT="19" WC="0.93" CONTENT="Herr"/><SP WIDTH="16" VPOS="1312" HPOS="556"/>
							<String ID="string_294" HPOS="572" VPOS="1306" WIDTH="121" HEIGHT="31" WC="0.90" CONTENT="Öhrnbergs"/><SP WIDTH="16" VPOS="1306" HPOS="693"/>
							<String ID="string_295" HPOS="709" VPOS="1318" WIDTH="54" HEIGHT="19" WC="0.96" CONTENT="nyss"/><SP WIDTH="16" VPOS="1318" HPOS="763"/>
							<String ID="string_296" HPOS="779" VPOS="1310" WIDTH="73" HEIGHT="21" WC="0.93" CONTENT="hållna"/><SP WIDTH="17" VPOS="1310" HPOS="852"/>
							<String ID="string_297" HPOS="869" VPOS="1317" WIDTH="38" HEIGHT="13" WC="0.92" CONTENT="an-"/>
						</TextLine>
						<TextLine ID="line_33" HPOS="144" VPOS="1341" WIDTH="763" HEIGHT="31">
							<String ID="string_298" HPOS="144" VPOS="1346" WIDTH="107" HEIGHT="26" WC="0.92" CONTENT="dragande"/><SP WIDTH="23" VPOS="1346" HPOS="251"/>
							<String ID="string_299" HPOS="274" VPOS="1347" WIDTH="49" HEIGHT="18" WC="0.96" CONTENT="fann"/><SP WIDTH="21" VPOS="1347" HPOS="323"/>
							<String ID="string_300" HPOS="344" VPOS="1347" WIDTH="39" HEIGHT="25" WC="0.96" CONTENT="jag"/><SP WIDTH="22" VPOS="1347" HPOS="383"/>
							<String ID="string_301" HPOS="405" VPOS="1346" WIDTH="53" HEIGHT="19" WC="0.93" CONTENT="Herr"/><SP WIDTH="23" VPOS="1346" HPOS="458"/>
							<String ID="string_302" HPOS="481" VPOS="1341" WIDTH="110" HEIGHT="30" WC="0.92" CONTENT="Öhrnberg"/><SP WIDTH="14" VPOS="1341" HPOS="591"/>
							<String ID="string_303" HPOS="605" VPOS="1346" WIDTH="52" HEIGHT="25" WC="0.96" CONTENT="vilja"/><SP WIDTH="16" VPOS="1346" HPOS="657"/>
							<String ID="string_304" HPOS="673" VPOS="1346" WIDTH="58" HEIGHT="20" WC="0.93" CONTENT="tolka"/><SP WIDTH="16" VPOS="1346" HPOS="731"/>
							<String ID="string_305" HPOS="747" VPOS="1345" WIDTH="14" HEIGHT="26" WC="0.85" CONTENT="&amp;"/><SP WIDTH="18" VPOS="1345" HPOS="761"/>
							<String ID="string_306" HPOS="779" VPOS="1345" WIDTH="26" HEIGHT="20" WC="0.96" CONTENT="74"/><SP WIDTH="16" VPOS="1345" HPOS="805"/>
							<String ID="string_307" HPOS="821" VPOS="1344" WIDTH="24" HEIGHT="21" WC="0.96" CONTENT="så"/><SP WIDTH="16" VPOS="1344" HPOS="845"/>
							<String ID="string_308" HPOS="861" VPOS="1351" WIDTH="46" HEIGHT="14" WC="0.96" CONTENT="som"/>
						</TextLine>
						<TextLine ID="line_34" HPOS="141" VPOS="1379" WIDTH="767" HEIGHT="27">
							<String ID="string_309" HPOS="141" VPOS="1381" WIDTH="40" HEIGHT="25" WC="0.91" CONTENT="jag"/><SP WIDTH="15" VPOS="1381" HPOS="181"/>
							<String ID="string_310" HPOS="196" VPOS="1382" WIDTH="37" HEIGHT="24" WC="0.96" CONTENT="tog"/><SP WIDTH="14" VPOS="1382" HPOS="233"/>
							<String ID="string_311" HPOS="247" VPOS="1381" WIDTH="46" HEIGHT="25" WC="0.95" CONTENT="mig"/><SP WIDTH="14" VPOS="1381" HPOS="293"/>
							<String ID="string_312" HPOS="307" VPOS="1380" WIDTH="90" HEIGHT="20" WC="0.96" CONTENT="friheten"/><SP WIDTH="15" VPOS="1380" HPOS="397"/>
							<String ID="string_313" HPOS="412" VPOS="1379" WIDTH="78" HEIGHT="21" WC="0.96" CONTENT="föreslå"/><SP WIDTH="16" VPOS="1379" HPOS="490"/>
							<String ID="string_314" HPOS="506" VPOS="1382" WIDTH="30" HEIGHT="17" WC="0.96" CONTENT="att"/><SP WIDTH="15" VPOS="1382" HPOS="536"/>
							<String ID="string_315" HPOS="551" VPOS="1381" WIDTH="41" HEIGHT="19" WC="0.96" CONTENT="den"/><SP WIDTH="15" VPOS="1381" HPOS="592"/>
							<String ID="string_316" HPOS="607" VPOS="1381" WIDTH="64" HEIGHT="19" WC="0.96" CONTENT="borde"/><SP WIDTH="16" VPOS="1381" HPOS="671"/>
							<String ID="string_317" HPOS="687" VPOS="1386" WIDTH="50" HEIGHT="13" WC="0.93" CONTENT="vara"/><SP WIDTH="15" VPOS="1386" HPOS="737"/>
							<String ID="string_318" HPOS="752" VPOS="1380" WIDTH="90" HEIGHT="19" WC="0.92" CONTENT="affattad"/><SP WIDTH="15" VPOS="1380" HPOS="842"/>
							<String ID="string_319" HPOS="857" VPOS="1379" WIDTH="51" HEIGHT="20" WC="0.96" CONTENT="eller"/>
						</TextLine>
						<TextLine ID="line_35" HPOS="144" VPOS="1413" WIDTH="764" HEIGHT="27">
							<String ID="string_320" HPOS="144" VPOS="1413" WIDTH="25" HEIGHT="21" WC="0.96" CONTENT="så"/><SP WIDTH="15" VPOS="1413" HPOS="169"/>
							<String ID="string_321" HPOS="184" VPOS="1416" WIDTH="31" HEIGHT="18" WC="0.93" CONTENT="att"/><SP WIDTH="15" VPOS="1416" HPOS="215"/>
							<String ID="string_322" HPOS="230" VPOS="1414" WIDTH="103" HEIGHT="20" WC="0.92" CONTENT="Senatens"/><SP WIDTH="16" VPOS="1414" HPOS="333"/>
							<String ID="string_323" HPOS="349" VPOS="1415" WIDTH="278" HEIGHT="25" WC="0.90" CONTENT="Ekonomie-Departement"/><SP WIDTH="16" VPOS="1415" HPOS="627"/>
							<String ID="string_324" HPOS="643" VPOS="1414" WIDTH="54" HEIGHT="26" WC="0.93" CONTENT="egde"/><SP WIDTH="15" VPOS="1414" HPOS="697"/>
							<String ID="string_325" HPOS="712" VPOS="1415" WIDTH="30" HEIGHT="18" WC="0.96" CONTENT="att"/><SP WIDTH="16" VPOS="1415" HPOS="742"/>
							<String ID="string_326" HPOS="758" VPOS="1414" WIDTH="35" HEIGHT="19" WC="0.95" CONTENT="vid"/><SP WIDTH="12" VPOS="1414" HPOS="793"/>
							<String ID="string_327" HPOS="805" VPOS="1414" WIDTH="33" HEIGHT="19" WC="0.93" CONTENT="sin"/><SP WIDTH="13" VPOS="1414" HPOS="838"/>
							<String ID="string_328" HPOS="851" VPOS="1414" WIDTH="57" HEIGHT="25" WC="0.91" CONTENT="pröf-"/>
						</TextLine>
						<TextLine ID="line_36" HPOS="144" VPOS="1447" WIDTH="764" HEIGHT="28">
							<String ID="string_329" HPOS="144" VPOS="1449" WIDTH="52" HEIGHT="26" WC="0.96" CONTENT="ning"/><SP WIDTH="21" VPOS="1449" HPOS="196"/>
							<String ID="string_330" HPOS="217" VPOS="1449" WIDTH="53" HEIGHT="20" WC="0.96" CONTENT="blott"/><SP WIDTH="22" VPOS="1449" HPOS="270"/>
							<String ID="string_331" HPOS="292" VPOS="1451" WIDTH="79" HEIGHT="24" WC="0.95" CONTENT="antaga"/><SP WIDTH="23" VPOS="1451" HPOS="371"/>
							<String ID="string_332" HPOS="394" VPOS="1449" WIDTH="51" HEIGHT="20" WC="0.94" CONTENT="eller"/><SP WIDTH="22" VPOS="1449" HPOS="445"/>
							<String ID="string_333" HPOS="467" VPOS="1449" WIDTH="100" HEIGHT="20" WC="0.95" CONTENT="förkasta."/><SP WIDTH="31" VPOS="1449" HPOS="567"/>
							<String ID="string_334" HPOS="598" VPOS="1447" WIDTH="33" HEIGHT="21" WC="0.96" CONTENT="Då"/><SP WIDTH="22" VPOS="1447" HPOS="631"/>
							<String ID="string_335" HPOS="653" VPOS="1449" WIDTH="117" HEIGHT="19" WC="0.93" CONTENT="emellertid"/><SP WIDTH="20" VPOS="1449" HPOS="770"/>
							<String ID="string_336" HPOS="790" VPOS="1447" WIDTH="15" HEIGHT="27" WC="0.90" CONTENT="&amp;"/><SP WIDTH="17" VPOS="1447" HPOS="805"/>
							<String ID="string_337" HPOS="822" VPOS="1447" WIDTH="26" HEIGHT="20" WC="0.96" CONTENT="76"/><SP WIDTH="14" VPOS="1447" HPOS="848"/>
							<String ID="string_338" HPOS="862" VPOS="1448" WIDTH="46" HEIGHT="25" WC="0.96" CONTENT="just"/>
						</TextLine>
						<TextLine ID="line_37" HPOS="143" VPOS="1481" WIDTH="765" HEIGHT="28">
							<String ID="string_339" HPOS="143" VPOS="1483" WIDTH="144" HEIGHT="26" WC="0.96" CONTENT="uttryckligen"/><SP WIDTH="23" VPOS="1483" HPOS="287"/>
							<String ID="string_340" HPOS="310" VPOS="1483" WIDTH="87" HEIGHT="26" WC="0.96" CONTENT="stadgar"/><SP WIDTH="24" VPOS="1483" HPOS="397"/>
							<String ID="string_341" HPOS="421" VPOS="1482" WIDTH="76" HEIGHT="21" WC="0.96" CONTENT="sådant"/><SP WIDTH="15" VPOS="1482" HPOS="497"/>
							<String ID="string_342" HPOS="512" VPOS="1483" WIDTH="7" HEIGHT="20" WC="0.96" CONTENT="i"/><SP WIDTH="16" VPOS="1483" HPOS="519"/>
							<String ID="string_343" HPOS="535" VPOS="1483" WIDTH="100" HEIGHT="20" WC="0.93" CONTENT="afseende"/><SP WIDTH="16" VPOS="1483" HPOS="635"/>
							<String ID="string_344" HPOS="651" VPOS="1481" WIDTH="12" HEIGHT="21" WC="0.92" CONTENT="å"/><SP WIDTH="16" VPOS="1481" HPOS="663"/>
							<String ID="string_345" HPOS="679" VPOS="1482" WIDTH="148" HEIGHT="21" WC="0.91" CONTENT="Guvernörens"/><SP WIDTH="24" VPOS="1482" HPOS="827"/>
							<String ID="string_346" HPOS="851" VPOS="1483" WIDTH="57" HEIGHT="25" WC="0.92" CONTENT="pröf-"/>
						</TextLine>
					</TextBlock>
				</ComposedBlock>
			</PrintSpace>
		</Page>
	</Layout>
</alto>
