1109 1817
247 144 46 18 1734
541 144 40 18 Den
593 144 20 18 31
627 144 42 23 Maj.

223 203 96 20 ansedda
341 202 98 26 tillägget
462 203 23 19 af
507 218 5 8 ,
513 203 154 25 borgmästare
689 203 41 20 och
753 202 89 21 rådmän
858 204 7 19 i
880 204 68 23 stad",
964 202 24 20 så

223 237 38 20 ber
281 237 40 26 jag
342 235 21 21 få
381 237 74 23 erinra,
472 238 31 18 att
518 237 39 19 här
572 237 65 20 redan
653 237 68 20 finnes
737 238 89 19 nämndt
842 244 34 13 om
892 238 53 23 dem,
961 236 27 20 då

224 271 36 20 det
282 271 60 20 heter
365 286 5 8 ,
371 271 58 24 eller
452 271 66 20 andra
540 277 107 20 personer,
663 277 46 14 som
725 272 6 19 i
747 271 54 26 följd
822 272 24 19 af
865 271 123 20 ombetrodd

224 305 74 26 syssla
321 305 72 20 kunna
414 306 87 19 komma
524 307 31 18 att
577 306 86 25 deltaga
678 306 7 19 i
701 306 70 19 beslut
793 312 36 13 om
845 306 143 19 bränvinstill-

224 340 105 25 verkning
345 340 51 19 eller
411 340 53 19 böra
479 340 126 20 densamma
620 340 135 20 öfvervaka'.

293 375 52 19 Herr
367 374 82 20 Julin:
480 375 48 19 Med
552 374 115 26 anledning
690 375 23 18 af
733 375 42 19 den
797 375 123 25 förändring
942 381 46 13 som

223 409 105 20 utskottet
343 407 72 21 tillåtit
431 409 35 26 sig
481 407 78 21 föreslå
574 409 30 18 uti
620 409 54 19 sista
689 415 64 13 mom.
770 409 23 19 af
806 408 145 27 föreliggande
966 407 22 27 8,

225 443 36 20 ber
282 444 40 25 jag
343 442 22 21 få
385 444 85 23 nämna,
493 445 31 18 att
546 450 28 12 nu
597 443 100 26 gällande
718 443 124 26 förordning
856 444 7 19 i
879 443 57 20 detta
951 443 37 19 fall

225 478 96 25 stadgar:
345 470 34 31 JA
389 477 107 26 lägenhet,
508 477 95 26 tillhörig
613 477 72 26 nägon
695 478 23 19 af
729 478 137 19 förenämnde
882 483 105 20 personer,

224 511 32 20 fär
268 512 239 26 bränvinstillverkning
521 512 67 19 under
603 512 41 19 den
659 518 77 19 genom
753 512 100 19 kontrakt
868 512 120 19 fastställda

223 546 32 19 tid
278 546 83 19 utöfvas
378 546 76 19 endast
469 546 7 19 i
491 546 35 19 det
541 546 44 23 fall,
601 547 31 18 att
647 546 43 19 han
706 547 52 18 efter
773 546 133 20 kontraktets
922 546 65 19 afslu-

223 580 65 19 tande
310 586 79 19 genom
411 581 33 18 arf
464 581 51 19 eller
537 582 128 18 testamente
688 581 60 19 deraf
762 581 68 19 blifvit
846 587 71 19 egare;
933 581 55 19 dock

223 613 36 21 mä
280 614 165 27 tillverkningen
467 615 47 19 icke
530 615 38 19 ske
583 615 32 19 för
630 615 54 19 hans
699 615 112 26 räkning.*
840 615 62 19 Detta
918 615 69 20 skulle

223 649 49 20 leda
285 649 79 20 derhän
375 651 36 21 att,
426 649 36 20 der
473 655 25 14 en
509 649 101 26 lägenhet
628 649 23 19 af
664 648 161 27 ifrägavarande
841 649 147 20 beskaffenhet

223 689 79 19 genom
325 683 33 19 arf
379 683 50 20 eller
450 685 127 18 testamento
599 682 84 20 tillfölle
706 690 26 12 en
755 689 83 19 person,
862 682 21 20 ät
901 683 86 19 hvilken

223 718 220 25 bränningsrättighet
466 718 66 25 enligt
555 718 58 19 detta
635 718 119 25 stadgande
777 718 18 25 ej
819 718 43 18 kan
884 716 103 27 upplätas,

223 752 44 19 han
289 752 52 19 efter
355 752 133 19 kontraktets
504 750 81 28 utgäng
601 758 49 13 vore
666 752 87 26 skyldig
769 754 31 17 att
815 752 95 20 nedrifva
924 752 63 19 brän-

225 786 68 20 neriet
317 786 51 20 eller
393 786 88 25 försälja
506 786 134 26 lägenheten.
672 786 114 20 Anseende
809 786 57 20 detta
889 792 49 13 vara
961 792 26 14 en

224 821 103 19 orättvisa
342 822 43 18 mot
401 827 26 13 en
443 820 67 20 sädan
525 827 83 19 person,
623 821 74 19 trodde
713 821 34 25 sig
757 821 103 19 utskottet
871 821 49 19 böra
933 821 55 19 före-

225 854 38 24 slä,
280 856 31 18 att
326 855 120 19 bränneriet
462 855 68 19 skulle
546 856 129 18 fortfarande
690 854 21 20 fä
726 855 86 24 drifvas,
828 862 49 12 men
892 855 47 19 icke
956 856 32 18 för

224 889 138 19 oftanämnda
374 896 88 19 persons
481 889 97 20 enskilda
593 890 98 25 räkning,
706 891 51 18 utan
772 896 50 13 vore
837 889 43 19 han
894 891 94 24 tvungen

224 925 31 18 att
276 930 78 19 genom
369 924 88 19 arrende
479 922 86 28 uppläta
588 924 35 19 det
646 923 21 20 ät
690 930 77 13 annan.
798 922 32 21 Dä
848 922 70 28 nägon
934 922 54 22 väda

224 958 123 26 derigenom
370 958 47 19 icke
441 958 59 20 torde
522 958 82 26 uppstä,
628 965 63 13 anser
701 958 39 26 jag
756 959 44 25 mig
815 957 66 21 ocksä
896 958 7 19 i
919 958 69 20 denna

224 992 34 20 del
274 993 52 19 böra
341 992 108 26 tillstyrka
465 993 154 19 betänkandets
635 993 126 25 antagande.

293 1027 53 19 Herr
361 1027 133 19 Masalin:
524 1027 42 26 Jag
577 1026 96 20 anhåller
683 1028 76 18 endast
775 1028 30 18 att
821 1026 21 21 få
856 1028 73 19 förena
944 1027 44 26 mig

224 1061 49 19 med
296 1061 51 19 Herr
371 1061 127 26 Tengström
514 1062 6 18 i
536 1060 74 27 frägan
632 1068 35 13 om
682 1062 161 19 utmönstrande
858 1062 23 19 af
894 1062 40 19 den
950 1062 38 19 än-

224 1096 63 25 dring
310 1095 103 19 utskottet
436 1095 39 20 här
496 1096 117 25 föreslagit,
636 1097 56 18 samt
714 1094 79 21 föreslä
815 1097 31 18 att
862 1096 126 26 stadgandet

223 1129 75 20 härom
322 1128 117 21 bibehälles
463 1128 75 21 sädant
559 1130 34 19 det
609 1130 61 25 lyder
685 1130 7 19 i
707 1137 28 12 nu
751 1130 99 25 gällande
866 1130 122 26 förordning

226 1163 41 20 och
289 1164 62 19 äfven
374 1164 23 19 är
413 1164 98 19 affattadt
526 1164 30 19 uti
573 1164 40 19 den
629 1163 84 26 Nädiga
728 1165 164 25 propositionen.

294 1198 51 19 Herr
367 1198 136 20 Boström:
534 1199 41 19 För
599 1199 43 18 min
659 1199 34 19 del
707 1199 43 19 kan
763 1199 39 25 jag
818 1199 47 19 icke
880 1199 58 19 finna
953 1199 35 19 det

223 1239 51 12 vara
295 1231 71 27 nägon
389 1233 68 19 större
478 1233 102 19 orättvisa
596 1233 51 23 deri,
663 1235 30 17 att
709 1239 26 13 en
750 1239 83 20 person,
850 1239 45 13 som
911 1239 77 20 genom

224 1267 33 19 arf
278 1267 51 19 eller
344 1268 128 18 testamente
488 1266 84 20 erhällit
588 1268 41 19 rätt
644 1267 33 19 till
692 1269 30 18 ett
737 1267 104 23 bränneri,
856 1267 48 20 icke
920 1267 68 20 skulle

224 1299 21 21 fä
262 1301 99 26 begagna
377 1301 35 20 det
427 1301 52 20 eller
493 1302 83 25 nödgas
592 1302 90 19 indrifva
698 1302 41 23 det,
755 1303 27 18 än
798 1303 31 18 att
844 1308 82 13 samma
942 1308 46 19 per-

224 1341 39 13 son
281 1336 23 18 är
319 1335 62 20 totalt
396 1336 112 25 förbjuden
524 1337 31 18 att
570 1336 73 26 syssla
658 1336 49 19 med
736 1336 139 25 tillverkning
890 1336 23 19 af
926 1336 62 20 brän-

223 1369 42 19 vin.
297 1369 140 20 Fördenskull
448 1370 49 19 ville
508 1371 62 18 äfven
584 1371 39 25 jag
639 1371 72 19 förena
727 1371 44 25 mig
787 1371 48 18 med
850 1371 52 19 Herr
918 1370 70 26 Teng-

223 1404 67 19 ström
303 1403 40 20 och
359 1403 84 24 föreslå,
459 1406 30 17 att
505 1405 158 25 slutmeningen
679 1405 6 18 i
701 1404 14 27 &
731 1405 12 19 6
760 1403 65 21 måtte
841 1405 97 19 förblifva
953 1405 35 19 vid

223 1438 40 19 den
279 1438 141 26 ordalydelse,
437 1445 47 13 som
499 1439 41 19 den
555 1437 85 28 Nädiga
655 1439 157 26 propositionen
827 1438 124 21 innehäller.
