1109 1817
439 170 39 17 Den
491 170 21 17 31
525 170 42 22 Maj.
816 170 46 18 1763

122 228 67 21 mätte
211 229 110 19 förändras
343 228 40 20 och
405 227 70 27 någon
492 229 59 18 siffra
566 229 47 18 icke
629 228 102 19 särskildt
746 229 92 18 utsättas
854 229 31 18 för

122 263 53 20 hvar
190 263 41 20 och
246 269 32 17 en,
295 264 50 18 utan
361 269 26 13 en
403 269 83 13 summa
502 261 73 21 anslås
591 263 32 19 till
639 263 35 19 det
685 263 92 19 nämnda
787 263 99 26 beloppet

122 298 23 19 af
166 297 91 23 300,000
281 297 66 23 mark,
371 297 136 26 naturligtvis
528 297 48 19 med
592 297 125 26 skyldighet
732 297 31 19 för
779 297 106 26 styrelsen

123 333 31 18 att
170 331 31 20 för
217 331 40 20 den
273 331 97 20 redovisa
385 331 93 20 likasom
494 331 32 20 för
541 331 43 19 alla
600 331 68 26 öfriga
679 331 205 26 bevillningsmedel.

123 365 61 20 Hvad
199 366 131 19 vidkommer
345 366 165 25 formuleringen
526 366 22 19 af
562 365 130 20 Ständernas
709 371 54 17 svar,
775 365 111 26 angående

124 400 36 20 det
175 401 48 21 sätt,
239 399 79 27 hvarpå
334 401 69 18 denna
417 400 118 26 bevillning
550 400 70 19 skulle
636 399 57 26 utgå,
709 398 24 21 så
744 400 95 19 ansluter
846 401 40 24 jag

124 435 46 26 mig
193 435 33 19 till
249 435 34 19 det
309 435 22 19 af
353 434 163 20 Statsutskottet
538 435 7 18 i
567 435 50 19 dess
640 435 133 19 betänkande
795 434 41 20 N:o
861 434 25 20 10

124 469 127 26 föreslagna.

193 503 52 20 Herr
266 503 153 26 Nylander:
450 503 159 20 Sammansatta
624 503 70 19 Stats-
715 503 40 20 och
770 503 116 20 Ekonomi-

125 537 103 20 utskottet
243 537 38 20 har
296 538 7 19 i
319 538 40 19 den
375 537 65 26 fräga,
457 544 46 13 som
519 545 28 12 nu
563 538 136 22 diskuterats,
716 539 106 24 noggrant
839 537 48 26 följt

126 572 133 26 sakkunnige
284 571 114 20 komiteers
421 572 40 20 och
487 573 150 19 auktoriteters
659 573 99 25 yttrande
781 573 6 18 i
809 573 77 22 ämnet,

126 612 46 13 som
187 607 33 18 till
235 607 118 19 Utskottets
369 607 123 26 förfogande
508 607 68 19 blifvit
589 606 84 20 ställda.
699 606 108 19 Utskottet
816 607 71 19 kunde

126 641 47 19 icke
195 647 64 20 gerna
275 641 70 20 afvika
360 640 45 21 från
421 641 111 20 fackmäns
547 641 121 26 yttranden,
685 647 46 14 som
747 647 77 20 genom
840 642 47 25 sty-

126 675 69 19 relsen
218 675 68 19 blifvit
304 675 99 24 tillsatta;
427 682 48 13 men
491 676 67 19 likväl
573 675 70 19 blefvo
658 674 109 26 åtskilliga
783 675 105 25 uppgifter

126 709 111 26 angående
259 710 142 20 kostnaderna
417 710 32 20 för
464 710 128 26 fyrbåkarne
608 710 7 19 i
630 710 87 26 Ladoga
731 709 157 20 underkastade

126 744 139 26 granskning,
288 751 46 13 som
356 744 108 20 medförde
487 745 35 19 det
538 744 94 24 resultat,
649 746 31 18 att
695 744 35 20 det
745 744 23 19 af
781 744 106 26 styrelsen

126 778 93 26 begärda
242 779 97 25 anslaget
361 780 96 18 nedsatts
480 780 49 18 med
545 780 97 18 närmare
657 778 78 24 30,000
751 778 66 20 mark.
848 778 40 20 Det

126 813 43 19 kan
191 814 54 18 visst
263 813 76 23 hända,
355 815 30 17 att
401 814 25 19 de
442 814 23 18 af
478 813 53 20 Herr
546 814 91 25 Krogius
653 820 29 12 nu
697 813 128 26 frambragta
841 813 47 19 skäl

127 847 70 19 kunde
220 848 90 25 förtjena
333 854 26 13 en
381 849 97 18 närmare
501 848 143 26 granskning;
667 854 49 13 men
734 847 69 20 dertill
819 847 69 20 skulle

127 882 82 18 fordras
231 882 134 26 sakkunnige
387 888 106 20 personer,
517 889 46 13 som
586 882 58 20 inom
667 881 85 21 ståndet
766 882 47 20 icke
829 882 59 20 torde

127 916 120 20 förefinnas.
278 917 49 19 Icke
342 917 67 19 heller
424 917 39 19 har
479 916 89 21 Ständet
583 917 26 19 de
625 916 127 26 handlingar
767 916 40 20 och
817 917 72 19 kartor

127 950 32 19 till
175 950 75 24 hands,
267 958 45 12 som
328 952 70 19 kunde
413 952 129 19 kontrollera
553 952 26 19 de
591 952 24 18 af
625 951 52 19 Herr
687 951 91 26 Krogius
791 948 109 22 lemnade'

127 985 140 25 uppgifterna.
297 984 94 21 Sälunda
413 986 71 19 kunde
508 986 35 19 det
566 992 51 13 vara
637 986 47 19 skäl
699 987 31 18 att
745 985 40 20 hos
801 984 89 21 Ständet

127 1019 109 20 vördsamt
251 1019 83 24 föreslä,
351 1022 30 18 att
397 1021 34 19 det
447 1020 50 20 ville
514 1020 84 20 ansluta
614 1020 34 26 sig
663 1020 32 19 till
711 1026 26 13 en
753 1019 66 20 sädan
830 1026 60 13 mera

128 1053 79 19 allmän
223 1054 136 26 formulering
375 1055 46 19 utaf
434 1054 241 26 anslagsbevillningen,
691 1060 46 14 som
752 1054 47 19 utaf
812 1054 42 20 den
869 1054 23 19 af

128 1088 45 25 mig
193 1088 44 20 ofta
259 1089 92 19 nämnda
373 1090 64 18 ärade
460 1089 82 20 talaren
558 1089 39 19 har
611 1088 129 26 föreslagits.
770 1088 42 26 Jag
827 1094 63 14 anser

128 1122 45 25 mig
188 1122 87 23 derföre,
291 1123 66 19 ehuru
370 1124 40 25 jag
426 1123 74 20 säsom
515 1124 92 18 medlem
623 1123 22 18 af
658 1123 109 22 utskottet,
783 1122 107 26 deltagit
880 1118 12 36 i

128 1156 36 19 det
179 1163 28 12 nu
218 1157 134 20 diskuterade
363 1157 155 20 betänkandets
529 1157 94 20 slutords
634 1157 121 23 affattande,
768 1155 27 27 pä
807 1163 83 13 samma

128 1191 55 22 skäl,
202 1191 73 20 hvilka
295 1191 39 26 jag
356 1192 131 25 begagnade,
504 1191 27 20 dä
546 1192 36 19 det
596 1198 38 13 var
649 1190 60 27 fråga
723 1197 35 14 om
773 1191 117 26 bevillning

128 1225 31 19 för
182 1224 117 21 därvärden
321 1227 7 18 i
346 1226 79 23 landet,
441 1226 72 19 kunna
528 1226 90 23 förorda,
635 1227 30 18 att
681 1226 61 19 äfven
757 1225 8 20 i
780 1225 57 19 detta
853 1225 37 19 fall

128 1259 139 28 sakkunnige
285 1267 111 19 personers
420 1260 100 26 ätgärder
542 1261 47 19 icke
608 1259 65 20 mätte
688 1259 128 20 inskränkas
832 1260 58 19 inom

128 1295 26 18 de
177 1295 94 25 gränser,
295 1301 47 14 som
364 1295 31 19 uti
418 1295 121 20 Utskottets
558 1295 134 20 betänkande
706 1294 69 19 blifvit
789 1295 101 24 antagna.

128 1329 42 25 Jag
185 1329 70 20 skulle
270 1330 108 19 vördsamt
393 1329 84 23 föreslä,
494 1331 31 18 att
541 1328 88 21 Ständet
644 1329 106 26 beviljade
765 1335 26 13 en
807 1335 84 12 summa

129 1364 23 19 af
172 1363 91 23 300,000
285 1364 60 19 mark
360 1365 31 18 att
406 1363 52 26 utgä
473 1365 23 18 af
510 1363 239 27 sjöfartsbevillningen,
764 1363 33 19 till
813 1363 77 19 fördel-

128 1398 53 25 ning
203 1399 52 19 efter
277 1399 98 19 framtida
398 1399 151 20 bestämmelse
572 1398 91 20 emellan
683 1398 84 26 fyrarne
782 1397 7 20 i
805 1397 86 26 Ladoga

128 1432 41 20 och
184 1431 27 28 pä
226 1433 107 26 Bogskärs
349 1433 78 26 klippa.

180 1505 70 23 Vällofl.
263 1506 156 23 borgareständets
430 1506 90 23 protokoll
532 1506 109 22 landidagen
654 1505 57 18 1872.
811 1505 34 17 113
