<?xml version="1.0" encoding="UTF-8"?>
<alto xmlns="http://www.loc.gov/standards/alto/ns-v3#" xmlns:xlink="http://www.w3.org/1999/xlink" xmlns:xsi="http://www.w3.org/2001/XMLSchema-instance" xsi:schemaLocation="http://www.loc.gov/standards/alto/ns-v3# http://www.loc.gov/alto/v3/alto-3-0.xsd">
	<Description>
		<MeasurementUnit>pixel</MeasurementUnit>
		<sourceImageInformation>
			<fileName>/tmp/tess_sru0jb_x_input.PNG</fileName>
		</sourceImageInformation>
		<OCRProcessing ID="OCR_0">
			<ocrProcessingStep>
				<processingSoftware>
					<softwareName>tesseract 5.3.4</softwareName>
				</processingSoftware>
			</ocrProcessingStep>
		</OCRProcessing>
	</Description>
	<Layout>
		<Page WIDTH="1109" HEIGHT="1817" PHYSICAL_IMG_NR="0" ID="page_0">
			<PrintSpace HPOS="0" VPOS="0" WIDTH="1109" HEIGHT="1817">
				<ComposedBlock ID="cblock_0" HPOS="455" VPOS="166" WIDTH="421" HEIGHT="18">
					<TextBlock ID="block_0" HPOS="455" VPOS="166" WIDTH="421" HEIGHT="18">
						<TextLine ID="line_0" HPOS="455" VPOS="166" WIDTH="421" HEIGHT="18">
							<String ID="string_0" HPOS="455" VPOS="166" WIDTH="38" HEIGHT="18" WC="0.96" CONTENT="Den"/><SP WIDTH="13" VPOS="166" HPOS="493"/>
							<String ID="string_1" HPOS="506" VPOS="167" WIDTH="11" HEIGHT="17" WC="0.96" CONTENT="4"/><SP WIDTH="12" VPOS="167" HPOS="517"/>
							<String ID="string_2" HPOS="529" VPOS="166" WIDTH="47" HEIGHT="18" WC="0.95" CONTENT="Juni."/><SP WIDTH="255" VPOS="166" HPOS="576"/>
							<String ID="string_3" HPOS="831" VPOS="166" WIDTH="45" HEIGHT="18" WC="0.96" CONTENT="1879"/>
						</TextLine>
					</TextBlock>
				</ComposedBlock>
				<ComposedBlock ID="cblock_1" HPOS="138" VPOS="225" WIDTH="765" HEIGHT="1225">
					<TextBlock ID="block_1" HPOS="138" VPOS="225" WIDTH="764" HEIGHT="609">
						<TextLine ID="line_1" HPOS="138" VPOS="225" WIDTH="760" HEIGHT="25">
							<String ID="string_4" HPOS="138" VPOS="225" WIDTH="53" HEIGHT="19" WC="0.96" CONTENT="Herr"/><SP WIDTH="22" VPOS="225" HPOS="191"/>
							<String ID="string_5" HPOS="213" VPOS="225" WIDTH="126" HEIGHT="24" WC="0.96" CONTENT="Tengström"/><SP WIDTH="23" VPOS="225" HPOS="339"/>
							<String ID="string_6" HPOS="362" VPOS="231" WIDTH="49" HEIGHT="12" WC="0.95" CONTENT="vara"/><SP WIDTH="23" VPOS="231" HPOS="411"/>
							<String ID="string_7" HPOS="434" VPOS="225" WIDTH="32" HEIGHT="19" WC="0.95" CONTENT="för"/><SP WIDTH="22" VPOS="225" HPOS="466"/>
							<String ID="string_8" HPOS="488" VPOS="226" WIDTH="30" HEIGHT="18" WC="0.95" CONTENT="ett"/><SP WIDTH="23" VPOS="226" HPOS="518"/>
							<String ID="string_9" HPOS="541" VPOS="225" WIDTH="142" HEIGHT="25" WC="0.96" CONTENT="särskiljande"/><SP WIDTH="23" VPOS="225" HPOS="683"/>
							<String ID="string_10" HPOS="706" VPOS="226" WIDTH="23" HEIGHT="18" WC="0.96" CONTENT="af"/><SP WIDTH="22" VPOS="226" HPOS="729"/>
							<String ID="string_11" HPOS="751" VPOS="225" WIDTH="64" HEIGHT="19" WC="0.96" CONTENT="dessa"/><SP WIDTH="18" VPOS="225" HPOS="815"/>
							<String ID="string_12" HPOS="833" VPOS="225" WIDTH="65" HEIGHT="20" WC="0.95" CONTENT="delar."/>
						</TextLine>
						<TextLine ID="line_2" HPOS="138" VPOS="258" WIDTH="761" HEIGHT="27">
							<String ID="string_13" HPOS="138" VPOS="259" WIDTH="114" HEIGHT="25" WC="0.96" CONTENT="Ingenting"/><SP WIDTH="15" VPOS="259" HPOS="252"/>
							<String ID="string_14" HPOS="267" VPOS="259" WIDTH="23" HEIGHT="19" WC="0.96" CONTENT="är"/><SP WIDTH="15" VPOS="259" HPOS="290"/>
							<String ID="string_15" HPOS="305" VPOS="265" WIDTH="58" HEIGHT="13" WC="0.96" CONTENT="mera"/><SP WIDTH="14" VPOS="265" HPOS="363"/>
							<String ID="string_16" HPOS="377" VPOS="259" WIDTH="105" HEIGHT="23" WC="0.96" CONTENT="tänkbart,"/><SP WIDTH="17" VPOS="259" HPOS="482"/>
							<String ID="string_17" HPOS="499" VPOS="265" WIDTH="49" HEIGHT="13" WC="0.96" CONTENT="vare"/><SP WIDTH="17" VPOS="265" HPOS="548"/>
							<String ID="string_18" HPOS="565" VPOS="259" WIDTH="34" HEIGHT="26" WC="0.96" CONTENT="sig"/><SP WIDTH="14" VPOS="259" HPOS="599"/>
							<String ID="string_19" HPOS="613" VPOS="259" WIDTH="8" HEIGHT="19" WC="0.96" CONTENT="i"/><SP WIDTH="15" VPOS="259" HPOS="621"/>
							<String ID="string_20" HPOS="636" VPOS="258" WIDTH="100" HEIGHT="21" WC="0.92" CONTENT="afseende"/><SP WIDTH="16" VPOS="258" HPOS="736"/>
							<String ID="string_21" HPOS="752" VPOS="258" WIDTH="12" HEIGHT="20" WC="0.92" CONTENT="å"/><SP WIDTH="16" VPOS="258" HPOS="764"/>
							<String ID="string_22" HPOS="780" VPOS="259" WIDTH="119" HEIGHT="19" WC="0.96" CONTENT="kontrollen"/>
						</TextLine>
						<TextLine ID="line_3" HPOS="139" VPOS="293" WIDTH="761" HEIGHT="26">
							<String ID="string_23" HPOS="139" VPOS="293" WIDTH="52" HEIGHT="19" WC="0.95" CONTENT="eller"/><SP WIDTH="22" VPOS="293" HPOS="191"/>
							<String ID="string_24" HPOS="213" VPOS="293" WIDTH="64" HEIGHT="19" WC="0.96" CONTENT="andra"/><SP WIDTH="22" VPOS="293" HPOS="277"/>
							<String ID="string_25" HPOS="299" VPOS="293" WIDTH="187" HEIGHT="25" WC="0.95" CONTENT="omständigheter,"/><SP WIDTH="21" VPOS="293" HPOS="486"/>
							<String ID="string_26" HPOS="507" VPOS="294" WIDTH="26" HEIGHT="19" WC="0.96" CONTENT="än"/><SP WIDTH="22" VPOS="294" HPOS="533"/>
							<String ID="string_27" HPOS="555" VPOS="295" WIDTH="31" HEIGHT="17" WC="0.93" CONTENT="att"/><SP WIDTH="22" VPOS="295" HPOS="586"/>
							<String ID="string_28" HPOS="608" VPOS="293" WIDTH="114" HEIGHT="20" WC="0.92" CONTENT="klokheten"/><SP WIDTH="21" VPOS="293" HPOS="722"/>
							<String ID="string_29" HPOS="743" VPOS="293" WIDTH="69" HEIGHT="20" WC="0.96" CONTENT="skulle"/><SP WIDTH="16" VPOS="293" HPOS="812"/>
							<String ID="string_30" HPOS="828" VPOS="293" WIDTH="72" HEIGHT="26" WC="0.96" CONTENT="bjuda,"/>
						</TextLine>
						<TextLine ID="line_4" HPOS="139" VPOS="326" WIDTH="760" HEIGHT="27">
							<String ID="string_31" HPOS="139" VPOS="329" WIDTH="31" HEIGHT="17" WC="0.96" CONTENT="att"/><SP WIDTH="23" VPOS="329" HPOS="170"/>
							<String ID="string_32" HPOS="193" VPOS="326" WIDTH="69" HEIGHT="27" WC="0.96" CONTENT="någon"/><SP WIDTH="23" VPOS="326" HPOS="262"/>
							<String ID="string_33" HPOS="285" VPOS="327" WIDTH="122" HEIGHT="26" WC="0.96" CONTENT="förändring"/><SP WIDTH="22" VPOS="327" HPOS="407"/>
							<String ID="string_34" HPOS="429" VPOS="328" WIDTH="30" HEIGHT="19" WC="0.96" CONTENT="uti"/><SP WIDTH="24" VPOS="328" HPOS="459"/>
							<String ID="string_35" HPOS="483" VPOS="328" WIDTH="63" HEIGHT="19" WC="0.96" CONTENT="dessa"/><SP WIDTH="20" VPOS="328" HPOS="546"/>
							<String ID="string_36" HPOS="566" VPOS="328" WIDTH="133" HEIGHT="25" WC="0.93" CONTENT="stadganden"/><SP WIDTH="17" VPOS="328" HPOS="699"/>
							<String ID="string_37" HPOS="716" VPOS="327" WIDTH="68" HEIGHT="20" WC="0.90" CONTENT="blefve"/><SP WIDTH="15" VPOS="327" HPOS="784"/>
							<String ID="string_38" HPOS="799" VPOS="328" WIDTH="100" HEIGHT="25" WC="0.92" CONTENT="vidtagen"/>
						</TextLine>
						<TextLine ID="line_5" HPOS="138" VPOS="361" WIDTH="761" HEIGHT="26">
							<String ID="string_39" HPOS="138" VPOS="361" WIDTH="67" HEIGHT="20" WC="0.95" CONTENT="under"/><SP WIDTH="20" VPOS="361" HPOS="205"/>
							<String ID="string_40" HPOS="225" VPOS="361" WIDTH="101" HEIGHT="26" WC="0.95" CONTENT="förloppet"/><SP WIDTH="23" VPOS="361" HPOS="326"/>
							<String ID="string_41" HPOS="349" VPOS="362" WIDTH="23" HEIGHT="19" WC="0.96" CONTENT="af"/><SP WIDTH="20" VPOS="362" HPOS="372"/>
							<String ID="string_42" HPOS="392" VPOS="362" WIDTH="42" HEIGHT="19" WC="0.96" CONTENT="fem"/><SP WIDTH="22" VPOS="362" HPOS="434"/>
							<String ID="string_43" HPOS="456" VPOS="361" WIDTH="29" HEIGHT="20" WC="0.94" CONTENT="år."/><SP WIDTH="32" VPOS="361" HPOS="485"/>
							<String ID="string_44" HPOS="517" VPOS="361" WIDTH="80" HEIGHT="20" WC="0.76" CONTENT="Sådant"/><SP WIDTH="20" VPOS="361" HPOS="597"/>
							<String ID="string_45" HPOS="617" VPOS="362" WIDTH="42" HEIGHT="19" WC="0.96" CONTENT="kan"/><SP WIDTH="16" VPOS="362" HPOS="659"/>
							<String ID="string_46" HPOS="675" VPOS="361" WIDTH="117" HEIGHT="20" WC="0.95" CONTENT="emellertid"/><SP WIDTH="16" VPOS="361" HPOS="792"/>
							<String ID="string_47" HPOS="808" VPOS="362" WIDTH="47" HEIGHT="19" WC="0.96" CONTENT="icke"/><SP WIDTH="16" VPOS="362" HPOS="855"/>
							<String ID="string_48" HPOS="871" VPOS="369" WIDTH="28" HEIGHT="12" WC="0.97" CONTENT="nu"/>
						</TextLine>
						<TextLine ID="line_6" HPOS="139" VPOS="396" WIDTH="761" HEIGHT="25">
							<String ID="string_49" HPOS="139" VPOS="396" WIDTH="45" HEIGHT="23" WC="0.94" CONTENT="ske,"/><SP WIDTH="16" VPOS="396" HPOS="184"/>
							<String ID="string_50" HPOS="200" VPOS="397" WIDTH="38" HEIGHT="18" WC="0.96" CONTENT="när"/><SP WIDTH="15" VPOS="397" HPOS="238"/>
							<String ID="string_51" HPOS="253" VPOS="396" WIDTH="26" HEIGHT="19" WC="0.96" CONTENT="de"/><SP WIDTH="16" VPOS="396" HPOS="279"/>
							<String ID="string_52" HPOS="295" VPOS="396" WIDTH="138" HEIGHT="19" WC="0.96" CONTENT="ekonomiska"/><SP WIDTH="15" VPOS="396" HPOS="433"/>
							<String ID="string_53" HPOS="448" VPOS="396" WIDTH="41" HEIGHT="19" WC="0.96" CONTENT="och"/><SP WIDTH="16" VPOS="396" HPOS="489"/>
							<String ID="string_54" HPOS="505" VPOS="396" WIDTH="170" HEIGHT="20" WC="0.95" CONTENT="administrativa"/><SP WIDTH="18" VPOS="396" HPOS="675"/>
							<String ID="string_55" HPOS="693" VPOS="396" WIDTH="116" HEIGHT="25" WC="0.96" CONTENT="detaljerna"/><SP WIDTH="22" VPOS="396" HPOS="809"/>
							<String ID="string_56" HPOS="831" VPOS="396" WIDTH="69" HEIGHT="19" WC="0.95" CONTENT="blifvit"/>
						</TextLine>
						<TextLine ID="line_7" HPOS="140" VPOS="429" WIDTH="760" HEIGHT="28">
							<String ID="string_57" HPOS="140" VPOS="431" WIDTH="157" HEIGHT="19" WC="0.92" CONTENT="sammanförda"/><SP WIDTH="21" VPOS="431" HPOS="297"/>
							<String ID="string_58" HPOS="318" VPOS="431" WIDTH="29" HEIGHT="18" WC="0.96" CONTENT="uti"/><SP WIDTH="24" VPOS="431" HPOS="347"/>
							<String ID="string_59" HPOS="371" VPOS="437" WIDTH="26" HEIGHT="13" WC="0.96" CONTENT="en"/><SP WIDTH="20" VPOS="437" HPOS="397"/>
							<String ID="string_60" HPOS="417" VPOS="431" WIDTH="129" HEIGHT="26" WC="0.96" CONTENT="författning,"/><SP WIDTH="17" VPOS="431" HPOS="546"/>
							<String ID="string_61" HPOS="563" VPOS="437" WIDTH="47" HEIGHT="13" WC="0.96" CONTENT="som"/><SP WIDTH="15" VPOS="437" HPOS="610"/>
							<String ID="string_62" HPOS="625" VPOS="431" WIDTH="69" HEIGHT="19" WC="0.96" CONTENT="berott"/><SP WIDTH="15" VPOS="431" HPOS="694"/>
							<String ID="string_63" HPOS="709" VPOS="429" WIDTH="26" HEIGHT="27" WC="0.96" CONTENT="på"/><SP WIDTH="15" VPOS="429" HPOS="735"/>
							<String ID="string_64" HPOS="750" VPOS="431" WIDTH="69" HEIGHT="25" WC="0.93" CONTENT="begge"/><SP WIDTH="16" VPOS="431" HPOS="819"/>
							<String ID="string_65" HPOS="835" VPOS="432" WIDTH="65" HEIGHT="18" WC="0.90" CONTENT="stats-"/>
						</TextLine>
						<TextLine ID="line_8" HPOS="139" VPOS="465" WIDTH="761" HEIGHT="26">
							<String ID="string_66" HPOS="139" VPOS="465" WIDTH="122" HEIGHT="19" WC="0.92" CONTENT="makternas"/><SP WIDTH="16" VPOS="465" HPOS="261"/>
							<String ID="string_67" HPOS="277" VPOS="465" WIDTH="134" HEIGHT="23" WC="0.96" CONTENT="medverkan,"/><SP WIDTH="16" VPOS="465" HPOS="411"/>
							<String ID="string_68" HPOS="427" VPOS="467" WIDTH="24" HEIGHT="24" WC="0.96" CONTENT="ty"/><SP WIDTH="16" VPOS="467" HPOS="451"/>
							<String ID="string_69" HPOS="467" VPOS="465" WIDTH="67" HEIGHT="20" WC="0.96" CONTENT="sedan"/><SP WIDTH="15" VPOS="465" HPOS="534"/>
							<String ID="string_70" HPOS="549" VPOS="465" WIDTH="70" HEIGHT="20" WC="0.96" CONTENT="denna"/><SP WIDTH="10" VPOS="465" HPOS="619"/>
							<String ID="string_71" HPOS="629" VPOS="465" WIDTH="125" HEIGHT="26" WC="0.96" CONTENT="författning"/><SP WIDTH="12" VPOS="465" HPOS="754"/>
							<String ID="string_72" HPOS="766" VPOS="466" WIDTH="23" HEIGHT="18" WC="0.96" CONTENT="är"/><SP WIDTH="12" VPOS="466" HPOS="789"/>
							<String ID="string_73" HPOS="801" VPOS="467" WIDTH="99" HEIGHT="24" WC="0.96" CONTENT="antagen,"/>
						</TextLine>
						<TextLine ID="line_9" HPOS="140" VPOS="498" WIDTH="760" HEIGHT="27">
							<String ID="string_74" HPOS="140" VPOS="499" WIDTH="42" HEIGHT="19" WC="0.96" CONTENT="kan"/><SP WIDTH="21" VPOS="499" HPOS="182"/>
							<String ID="string_75" HPOS="203" VPOS="499" WIDTH="47" HEIGHT="20" WC="0.96" CONTENT="icke"/><SP WIDTH="23" VPOS="499" HPOS="250"/>
							<String ID="string_76" HPOS="273" VPOS="505" WIDTH="38" HEIGHT="14" WC="0.96" CONTENT="ens"/><SP WIDTH="22" VPOS="505" HPOS="311"/>
							<String ID="string_77" HPOS="333" VPOS="501" WIDTH="30" HEIGHT="18" WC="0.96" CONTENT="ett"/><SP WIDTH="12" VPOS="501" HPOS="363"/>
							<String ID="string_78" HPOS="375" VPOS="499" WIDTH="47" HEIGHT="26" WC="0.96" CONTENT="jota"/><SP WIDTH="21" VPOS="499" HPOS="422"/>
							<String ID="string_79" HPOS="443" VPOS="499" WIDTH="61" HEIGHT="20" WC="0.96" CONTENT="deraf"/><SP WIDTH="20" VPOS="499" HPOS="504"/>
							<String ID="string_80" HPOS="524" VPOS="499" WIDTH="91" HEIGHT="20" WC="0.96" CONTENT="emellan"/><SP WIDTH="20" VPOS="499" HPOS="615"/>
							<String ID="string_81" HPOS="635" VPOS="499" WIDTH="26" HEIGHT="20" WC="0.96" CONTENT="de"/><SP WIDTH="16" VPOS="499" HPOS="661"/>
							<String ID="string_82" HPOS="677" VPOS="498" WIDTH="54" HEIGHT="20" WC="0.93" CONTENT="båda"/><SP WIDTH="15" VPOS="498" HPOS="731"/>
							<String ID="string_83" HPOS="746" VPOS="499" WIDTH="154" HEIGHT="26" WC="0.90" CONTENT="landtdagarne"/>
						</TextLine>
						<TextLine ID="line_10" HPOS="140" VPOS="532" WIDTH="761" HEIGHT="21">
							<String ID="string_84" HPOS="140" VPOS="533" WIDTH="84" HEIGHT="20" WC="0.88" CONTENT="ändras."/><SP WIDTH="30" VPOS="533" HPOS="224"/>
							<String ID="string_85" HPOS="254" VPOS="534" WIDTH="71" HEIGHT="19" WC="0.96" CONTENT="Annat"/><SP WIDTH="15" VPOS="534" HPOS="325"/>
							<String ID="string_86" HPOS="340" VPOS="540" WIDTH="49" HEIGHT="13" WC="0.96" CONTENT="vore"/><SP WIDTH="16" VPOS="540" HPOS="389"/>
							<String ID="string_87" HPOS="405" VPOS="532" WIDTH="142" HEIGHT="21" WC="0.96" CONTENT="förhållandet"/><SP WIDTH="15" VPOS="532" HPOS="547"/>
							<String ID="string_88" HPOS="562" VPOS="540" WIDTH="35" HEIGHT="13" WC="0.96" CONTENT="om"/><SP WIDTH="15" VPOS="540" HPOS="597"/>
							<String ID="string_89" HPOS="612" VPOS="540" WIDTH="26" HEIGHT="13" WC="0.96" CONTENT="en"/><SP WIDTH="16" VPOS="540" HPOS="638"/>
							<String ID="string_90" HPOS="654" VPOS="533" WIDTH="34" HEIGHT="20" WC="0.96" CONTENT="del"/><SP WIDTH="21" VPOS="533" HPOS="688"/>
							<String ID="string_91" HPOS="709" VPOS="534" WIDTH="60" HEIGHT="19" WC="0.96" CONTENT="deraf"/><SP WIDTH="20" VPOS="534" HPOS="769"/>
							<String ID="string_92" HPOS="789" VPOS="534" WIDTH="56" HEIGHT="19" WC="0.93" CONTENT="hade"/><SP WIDTH="22" VPOS="534" HPOS="845"/>
							<String ID="string_93" HPOS="867" VPOS="536" WIDTH="34" HEIGHT="17" WC="0.89" CONTENT="ut-"/>
						</TextLine>
						<TextLine ID="line_11" HPOS="140" VPOS="567" WIDTH="761" HEIGHT="26">
							<String ID="string_94" HPOS="140" VPOS="567" WIDTH="90" HEIGHT="20" WC="0.96" CONTENT="kommit"/><SP WIDTH="15" VPOS="567" HPOS="230"/>
							<String ID="string_95" HPOS="245" VPOS="567" WIDTH="72" HEIGHT="20" WC="0.96" CONTENT="såsom"/><SP WIDTH="16" VPOS="567" HPOS="317"/>
							<String ID="string_96" HPOS="333" VPOS="574" WIDTH="25" HEIGHT="13" WC="0.96" CONTENT="en"/><SP WIDTH="17" VPOS="574" HPOS="358"/>
							<String ID="string_97" HPOS="375" VPOS="568" WIDTH="91" HEIGHT="19" WC="0.96" CONTENT="särskild"/><SP WIDTH="11" VPOS="568" HPOS="466"/>
							<String ID="string_98" HPOS="477" VPOS="568" WIDTH="130" HEIGHT="25" WC="0.95" CONTENT="författning,"/><SP WIDTH="12" VPOS="568" HPOS="607"/>
							<String ID="string_99" HPOS="619" VPOS="567" WIDTH="110" HEIGHT="26" WC="0.96" CONTENT="angående"/><SP WIDTH="11" VPOS="567" HPOS="729"/>
							<String ID="string_100" HPOS="740" VPOS="568" WIDTH="86" HEIGHT="20" WC="0.93" CONTENT="hvilken"/><SP WIDTH="12" VPOS="568" HPOS="826"/>
							<String ID="string_101" HPOS="838" VPOS="568" WIDTH="63" HEIGHT="20" WC="0.92" CONTENT="Stän-"/>
						</TextLine>
						<TextLine ID="line_12" HPOS="140" VPOS="602" WIDTH="761" HEIGHT="27">
							<String ID="string_102" HPOS="140" VPOS="602" WIDTH="76" HEIGHT="19" WC="0.91" CONTENT="dernes"/><SP WIDTH="23" VPOS="602" HPOS="216"/>
							<String ID="string_103" HPOS="239" VPOS="602" WIDTH="98" HEIGHT="26" WC="0.93" CONTENT="yttrande"/><SP WIDTH="20" VPOS="602" HPOS="337"/>
							<String ID="string_104" HPOS="357" VPOS="602" WIDTH="85" HEIGHT="25" WC="0.92" CONTENT="jemlikt"/><SP WIDTH="24" VPOS="602" HPOS="442"/>
							<String ID="string_105" HPOS="466" VPOS="602" WIDTH="25" HEIGHT="19" WC="0.93" CONTENT="75"/><SP WIDTH="17" VPOS="602" HPOS="491"/>
							<String ID="string_106" HPOS="508" VPOS="602" WIDTH="14" HEIGHT="27" WC="0.92" CONTENT="&amp;"/><SP WIDTH="16" VPOS="602" HPOS="522"/>
							<String ID="string_107" HPOS="538" VPOS="603" WIDTH="23" HEIGHT="18" WC="0.93" CONTENT="af"/><SP WIDTH="13" VPOS="603" HPOS="561"/>
							<String ID="string_108" HPOS="574" VPOS="603" WIDTH="242" HEIGHT="25" WC="0.92" CONTENT="Landtdagsordningen"/><SP WIDTH="16" VPOS="603" HPOS="816"/>
							<String ID="string_109" HPOS="832" VPOS="603" WIDTH="69" HEIGHT="19" WC="0.96" CONTENT="blifvit"/>
						</TextLine>
						<TextLine ID="line_13" HPOS="141" VPOS="635" WIDTH="760" HEIGHT="28">
							<String ID="string_110" HPOS="141" VPOS="636" WIDTH="125" HEIGHT="25" WC="0.91" CONTENT="inhemtadt,"/><SP WIDTH="25" VPOS="636" HPOS="266"/>
							<String ID="string_111" HPOS="291" VPOS="637" WIDTH="118" HEIGHT="25" WC="0.95" CONTENT="möjligtvis"/><SP WIDTH="21" VPOS="637" HPOS="409"/>
							<String ID="string_112" HPOS="430" VPOS="635" WIDTH="131" HEIGHT="28" WC="0.96" CONTENT="någongång"/><SP WIDTH="23" VPOS="635" HPOS="561"/>
							<String ID="string_113" HPOS="584" VPOS="637" WIDTH="61" HEIGHT="19" WC="0.96" CONTENT="äfven"/><SP WIDTH="22" VPOS="637" HPOS="645"/>
							<String ID="string_114" HPOS="667" VPOS="639" WIDTH="50" HEIGHT="17" WC="0.96" CONTENT="utan"/><SP WIDTH="16" VPOS="639" HPOS="717"/>
							<String ID="string_115" HPOS="733" VPOS="638" WIDTH="30" HEIGHT="18" WC="0.96" CONTENT="att"/><SP WIDTH="16" VPOS="638" HPOS="763"/>
							<String ID="string_116" HPOS="779" VPOS="639" WIDTH="29" HEIGHT="18" WC="0.96" CONTENT="ett"/><SP WIDTH="17" VPOS="639" HPOS="808"/>
							<String ID="string_117" HPOS="825" VPOS="636" WIDTH="76" HEIGHT="20" WC="0.96" CONTENT="sådant"/>
						</TextLine>
						<TextLine ID="line_14" HPOS="140" VPOS="670" WIDTH="761" HEIGHT="26">
							<String ID="string_118" HPOS="140" VPOS="671" WIDTH="99" HEIGHT="25" WC="0.96" CONTENT="yttrande"/><SP WIDTH="24" VPOS="671" HPOS="239"/>
							<String ID="string_119" HPOS="263" VPOS="671" WIDTH="90" HEIGHT="25" WC="0.94" CONTENT="begärts."/><SP WIDTH="31" VPOS="671" HPOS="353"/>
							<String ID="string_120" HPOS="384" VPOS="671" WIDTH="41" HEIGHT="19" WC="0.95" CONTENT="Vid"/><SP WIDTH="24" VPOS="671" HPOS="425"/>
							<String ID="string_121" HPOS="449" VPOS="670" WIDTH="77" HEIGHT="20" WC="0.96" CONTENT="sådant"/><SP WIDTH="22" VPOS="670" HPOS="526"/>
							<String ID="string_122" HPOS="548" VPOS="671" WIDTH="133" HEIGHT="19" WC="0.96" CONTENT="förhållande"/><SP WIDTH="15" VPOS="671" HPOS="681"/>
							<String ID="string_123" HPOS="696" VPOS="671" WIDTH="55" HEIGHT="19" WC="0.96" CONTENT="hade"/><SP WIDTH="16" VPOS="671" HPOS="751"/>
							<String ID="string_124" HPOS="767" VPOS="671" WIDTH="134" HEIGHT="25" WC="0.96" CONTENT="Regeringen"/>
						</TextLine>
						<TextLine ID="line_15" HPOS="140" VPOS="704" WIDTH="762" HEIGHT="27">
							<String ID="string_125" HPOS="140" VPOS="705" WIDTH="54" HEIGHT="19" WC="0.95" CONTENT="varit"/><SP WIDTH="15" VPOS="705" HPOS="194"/>
							<String ID="string_126" HPOS="209" VPOS="706" WIDTH="7" HEIGHT="18" WC="0.96" CONTENT="i"/><SP WIDTH="15" VPOS="706" HPOS="216"/>
							<String ID="string_127" HPOS="231" VPOS="705" WIDTH="84" HEIGHT="19" WC="0.96" CONTENT="tillfälle"/><SP WIDTH="21" VPOS="705" HPOS="315"/>
							<String ID="string_128" HPOS="336" VPOS="706" WIDTH="35" HEIGHT="21" WC="0.96" CONTENT="att,"/><SP WIDTH="24" VPOS="706" HPOS="371"/>
							<String ID="string_129" HPOS="395" VPOS="711" WIDTH="34" HEIGHT="13" WC="0.92" CONTENT="om"/><SP WIDTH="24" VPOS="711" HPOS="429"/>
							<String ID="string_130" HPOS="453" VPOS="704" WIDTH="188" HEIGHT="27" WC="0.89" CONTENT="maktpåliggande"/><SP WIDTH="23" VPOS="704" HPOS="641"/>
							<String ID="string_131" HPOS="664" VPOS="705" WIDTH="182" HEIGHT="25" WC="0.93" CONTENT="omständigheter"/><SP WIDTH="18" VPOS="705" HPOS="846"/>
							<String ID="string_132" HPOS="864" VPOS="704" WIDTH="38" HEIGHT="26" WC="0.92" CONTENT="på-"/>
						</TextLine>
						<TextLine ID="line_16" HPOS="140" VPOS="738" WIDTH="761" HEIGHT="27">
							<String ID="string_133" HPOS="140" VPOS="739" WIDTH="64" HEIGHT="23" WC="0.96" CONTENT="kalla,"/><SP WIDTH="22" VPOS="739" HPOS="204"/>
							<String ID="string_134" HPOS="226" VPOS="740" WIDTH="87" HEIGHT="24" WC="0.95" CONTENT="vidtaga"/><SP WIDTH="22" VPOS="740" HPOS="313"/>
							<String ID="string_135" HPOS="335" VPOS="738" WIDTH="66" HEIGHT="26" WC="0.95" CONTENT="några"/><SP WIDTH="22" VPOS="738" HPOS="401"/>
							<String ID="string_136" HPOS="423" VPOS="740" WIDTH="148" HEIGHT="25" WC="0.95" CONTENT="förändringar"/><SP WIDTH="15" VPOS="740" HPOS="571"/>
							<String ID="string_137" HPOS="586" VPOS="740" WIDTH="30" HEIGHT="19" WC="0.96" CONTENT="uti"/><SP WIDTH="16" VPOS="740" HPOS="616"/>
							<String ID="string_138" HPOS="632" VPOS="740" WIDTH="63" HEIGHT="19" WC="0.96" CONTENT="dessa"/><SP WIDTH="16" VPOS="740" HPOS="695"/>
							<String ID="string_139" HPOS="711" VPOS="739" WIDTH="94" HEIGHT="26" WC="0.95" CONTENT="detaljer,"/><SP WIDTH="16" VPOS="739" HPOS="805"/>
							<String ID="string_140" HPOS="821" VPOS="739" WIDTH="80" HEIGHT="23" WC="0.96" CONTENT="hvilka,"/>
						</TextLine>
						<TextLine ID="line_17" HPOS="138" VPOS="772" WIDTH="764" HEIGHT="28">
							<String ID="string_141" HPOS="138" VPOS="773" WIDTH="40" HEIGHT="26" WC="0.96" CONTENT="jag"/><SP WIDTH="23" VPOS="773" HPOS="178"/>
							<String ID="string_142" HPOS="201" VPOS="774" WIDTH="35" HEIGHT="19" WC="0.96" CONTENT="ber"/><SP WIDTH="23" VPOS="774" HPOS="236"/>
							<String ID="string_143" HPOS="259" VPOS="775" WIDTH="30" HEIGHT="17" WC="0.96" CONTENT="att"/><SP WIDTH="21" VPOS="775" HPOS="289"/>
							<String ID="string_144" HPOS="310" VPOS="775" WIDTH="56" HEIGHT="18" WC="0.96" CONTENT="ännu"/><SP WIDTH="21" VPOS="775" HPOS="366"/>
							<String ID="string_145" HPOS="387" VPOS="772" WIDTH="20" HEIGHT="20" WC="0.96" CONTENT="få"/><SP WIDTH="16" VPOS="772" HPOS="407"/>
							<String ID="string_146" HPOS="423" VPOS="780" WIDTH="91" HEIGHT="19" WC="0.96" CONTENT="upprepa"/><SP WIDTH="16" VPOS="780" HPOS="514"/>
							<String ID="string_147" HPOS="530" VPOS="774" WIDTH="41" HEIGHT="22" WC="0.96" CONTENT="det,"/><SP WIDTH="16" VPOS="774" HPOS="571"/>
							<String ID="string_148" HPOS="587" VPOS="780" WIDTH="67" HEIGHT="20" WC="0.95" CONTENT="synas"/><SP WIDTH="16" VPOS="780" HPOS="654"/>
							<String ID="string_149" HPOS="670" VPOS="774" WIDTH="45" HEIGHT="25" WC="0.93" CONTENT="mig"/><SP WIDTH="14" VPOS="774" HPOS="715"/>
							<String ID="string_150" HPOS="729" VPOS="774" WIDTH="122" HEIGHT="25" WC="0.89" CONTENT="oegentliga"/><SP WIDTH="15" VPOS="774" HPOS="851"/>
							<String ID="string_151" HPOS="866" VPOS="774" WIDTH="36" HEIGHT="19" WC="0.96" CONTENT="vid"/>
						</TextLine>
						<TextLine ID="line_18" HPOS="141" VPOS="807" WIDTH="687" HEIGHT="27">
							<String ID="string_152" HPOS="141" VPOS="814" WIDTH="25" HEIGHT="13" WC="0.93" CONTENT="en"/><SP WIDTH="16" VPOS="814" HPOS="166"/>
							<String ID="string_153" HPOS="182" VPOS="807" WIDTH="223" HEIGHT="27" WC="0.90" CONTENT="lagstiftningsåtgärd"/><SP WIDTH="15" VPOS="807" HPOS="405"/>
							<String ID="string_154" HPOS="420" VPOS="809" WIDTH="23" HEIGHT="18" WC="0.96" CONTENT="af"/><SP WIDTH="13" VPOS="809" HPOS="443"/>
							<String ID="string_155" HPOS="456" VPOS="814" WIDTH="28" HEIGHT="13" WC="0.96" CONTENT="nu"/><SP WIDTH="16" VPOS="814" HPOS="484"/>
							<String ID="string_156" HPOS="500" VPOS="807" WIDTH="160" HEIGHT="27" WC="0.96" CONTENT="ifrågavarande"/><SP WIDTH="16" VPOS="807" HPOS="660"/>
							<String ID="string_157" HPOS="676" VPOS="808" WIDTH="152" HEIGHT="20" WC="0.95" CONTENT="beskaffenhet."/>
						</TextLine>
					</TextBlock>
					<TextBlock ID="block_2" HPOS="141" VPOS="842" WIDTH="761" HEIGHT="226">
						<TextLine ID="line_19" HPOS="211" VPOS="842" WIDTH="691" HEIGHT="26">
							<String ID="string_158" HPOS="211" VPOS="842" WIDTH="52" HEIGHT="20" WC="0.92" CONTENT="Herr"/><SP WIDTH="23" VPOS="842" HPOS="263"/>
							<String ID="string_159" HPOS="286" VPOS="842" WIDTH="123" HEIGHT="26" WC="0.90" CONTENT="Procopé:"/><SP WIDTH="31" VPOS="842" HPOS="409"/>
							<String ID="string_160" HPOS="440" VPOS="842" WIDTH="42" HEIGHT="26" WC="0.96" CONTENT="Jag"/><SP WIDTH="22" VPOS="842" HPOS="482"/>
							<String ID="string_161" HPOS="504" VPOS="842" WIDTH="31" HEIGHT="20" WC="0.96" CONTENT="får"/><SP WIDTH="15" VPOS="842" HPOS="535"/>
							<String ID="string_162" HPOS="550" VPOS="843" WIDTH="7" HEIGHT="18" WC="0.93" CONTENT="i"/><SP WIDTH="16" VPOS="843" HPOS="557"/>
							<String ID="string_163" HPOS="573" VPOS="842" WIDTH="42" HEIGHT="20" WC="0.91" CONTENT="allo"/><SP WIDTH="24" VPOS="842" HPOS="615"/>
							<String ID="string_164" HPOS="639" VPOS="843" WIDTH="72" HEIGHT="19" WC="0.96" CONTENT="förena"/><SP WIDTH="15" VPOS="843" HPOS="711"/>
							<String ID="string_165" HPOS="726" VPOS="842" WIDTH="44" HEIGHT="25" WC="0.96" CONTENT="mig"/><SP WIDTH="16" VPOS="842" HPOS="770"/>
							<String ID="string_166" HPOS="786" VPOS="842" WIDTH="47" HEIGHT="20" WC="0.96" CONTENT="med"/><SP WIDTH="17" VPOS="842" HPOS="833"/>
							<String ID="string_167" HPOS="850" VPOS="842" WIDTH="52" HEIGHT="20" WC="0.95" CONTENT="Herr"/>
						</TextLine>
						<TextLine ID="line_20" HPOS="141" VPOS="876" WIDTH="761" HEIGHT="26">
							<String ID="string_168" HPOS="141" VPOS="876" WIDTH="105" HEIGHT="20" WC="0.92" CONTENT="Mechelin"/><SP WIDTH="17" VPOS="876" HPOS="246"/>
							<String ID="string_169" HPOS="263" VPOS="877" WIDTH="76" HEIGHT="23" WC="0.96" CONTENT="derom,"/><SP WIDTH="16" VPOS="877" HPOS="339"/>
							<String ID="string_170" HPOS="355" VPOS="878" WIDTH="31" HEIGHT="18" WC="0.93" CONTENT="att"/><SP WIDTH="16" VPOS="878" HPOS="386"/>
							<String ID="string_171" HPOS="402" VPOS="876" WIDTH="118" HEIGHT="20" WC="0.92" CONTENT="Ständerna"/><SP WIDTH="15" VPOS="876" HPOS="520"/>
							<String ID="string_172" HPOS="535" VPOS="878" WIDTH="51" HEIGHT="18" WC="0.96" CONTENT="böra"/><SP WIDTH="16" VPOS="878" HPOS="586"/>
							<String ID="string_173" HPOS="602" VPOS="877" WIDTH="66" HEIGHT="19" WC="0.95" CONTENT="uttala"/><SP WIDTH="17" VPOS="877" HPOS="668"/>
							<String ID="string_174" HPOS="685" VPOS="877" WIDTH="33" HEIGHT="25" WC="0.96" CONTENT="sig"/><SP WIDTH="15" VPOS="877" HPOS="718"/>
							<String ID="string_175" HPOS="733" VPOS="877" WIDTH="7" HEIGHT="19" WC="0.96" CONTENT="i"/><SP WIDTH="16" VPOS="877" HPOS="740"/>
							<String ID="string_176" HPOS="756" VPOS="877" WIDTH="35" HEIGHT="19" WC="0.96" CONTENT="det"/><SP WIDTH="10" VPOS="877" HPOS="791"/>
							<String ID="string_177" HPOS="801" VPOS="877" WIDTH="101" HEIGHT="19" WC="0.96" CONTENT="afseende"/>
						</TextLine>
						<TextLine ID="line_21" HPOS="141" VPOS="910" WIDTH="761" HEIGHT="27">
							<String ID="string_178" HPOS="141" VPOS="912" WIDTH="36" HEIGHT="22" WC="0.95" CONTENT="att,"/><SP WIDTH="17" VPOS="912" HPOS="177"/>
							<String ID="string_179" HPOS="194" VPOS="910" WIDTH="27" HEIGHT="20" WC="0.96" CONTENT="då"/><SP WIDTH="15" VPOS="910" HPOS="221"/>
							<String ID="string_180" HPOS="236" VPOS="918" WIDTH="26" HEIGHT="12" WC="0.93" CONTENT="en"/><SP WIDTH="15" VPOS="918" HPOS="262"/>
							<String ID="string_181" HPOS="277" VPOS="910" WIDTH="70" HEIGHT="26" WC="0.91" CONTENT="Nådig"/><SP WIDTH="15" VPOS="910" HPOS="347"/>
							<String ID="string_182" HPOS="362" VPOS="912" WIDTH="129" HEIGHT="25" WC="0.96" CONTENT="proposition"/><SP WIDTH="16" VPOS="912" HPOS="491"/>
							<String ID="string_183" HPOS="507" VPOS="912" WIDTH="7" HEIGHT="18" WC="0.93" CONTENT="i"/><SP WIDTH="15" VPOS="912" HPOS="514"/>
							<String ID="string_184" HPOS="529" VPOS="910" WIDTH="176" HEIGHT="27" WC="0.91" CONTENT="bränvinsfrågan"/><SP WIDTH="12" VPOS="910" HPOS="705"/>
							<String ID="string_185" HPOS="717" VPOS="911" WIDTH="118" HEIGHT="19" WC="0.90" CONTENT="Ständerna"/><SP WIDTH="12" VPOS="911" HPOS="835"/>
							<String ID="string_186" HPOS="847" VPOS="912" WIDTH="55" HEIGHT="18" WC="0.90" CONTENT="före-"/>
						</TextLine>
						<TextLine ID="line_22" HPOS="141" VPOS="944" WIDTH="760" HEIGHT="27">
							<String ID="string_187" HPOS="141" VPOS="945" WIDTH="82" HEIGHT="26" WC="0.93" CONTENT="lägges,"/><SP WIDTH="27" VPOS="945" HPOS="223"/>
							<String ID="string_188" HPOS="250" VPOS="944" WIDTH="90" HEIGHT="20" WC="0.92" CONTENT="derifrån"/><SP WIDTH="26" VPOS="944" HPOS="340"/>
							<String ID="string_189" HPOS="366" VPOS="944" WIDTH="64" HEIGHT="20" WC="0.93" CONTENT="måtte"/><SP WIDTH="26" VPOS="944" HPOS="430"/>
							<String ID="string_190" HPOS="456" VPOS="946" WIDTH="131" HEIGHT="19" WC="0.92" CONTENT="utmönstras"/><SP WIDTH="30" VPOS="946" HPOS="587"/>
							<String ID="string_191" HPOS="617" VPOS="946" WIDTH="25" HEIGHT="19" WC="0.96" CONTENT="de"/><SP WIDTH="30" VPOS="946" HPOS="642"/>
							<String ID="string_192" HPOS="672" VPOS="946" WIDTH="23" HEIGHT="18" WC="0.96" CONTENT="af"/><SP WIDTH="24" VPOS="946" HPOS="695"/>
							<String ID="string_193" HPOS="719" VPOS="946" WIDTH="52" HEIGHT="18" WC="0.92" CONTENT="Herr"/><SP WIDTH="25" VPOS="946" HPOS="771"/>
							<String ID="string_194" HPOS="796" VPOS="945" WIDTH="105" HEIGHT="19" WC="0.92" CONTENT="Mechelin"/>
						</TextLine>
						<TextLine ID="line_23" HPOS="141" VPOS="978" WIDTH="761" HEIGHT="28">
							<String ID="string_195" HPOS="141" VPOS="980" WIDTH="129" HEIGHT="19" WC="0.96" CONTENT="omnämnda"/><SP WIDTH="15" VPOS="980" HPOS="270"/>
							<String ID="string_196" HPOS="285" VPOS="980" WIDTH="58" HEIGHT="19" WC="0.96" CONTENT="delar"/><SP WIDTH="15" VPOS="980" HPOS="343"/>
							<String ID="string_197" HPOS="358" VPOS="980" WIDTH="45" HEIGHT="22" WC="0.96" CONTENT="och,"/><SP WIDTH="17" VPOS="980" HPOS="403"/>
							<String ID="string_198" HPOS="420" VPOS="986" WIDTH="34" HEIGHT="13" WC="0.96" CONTENT="om"/><SP WIDTH="17" VPOS="986" HPOS="454"/>
							<String ID="string_199" HPOS="471" VPOS="979" WIDTH="24" HEIGHT="20" WC="0.96" CONTENT="så"/><SP WIDTH="18" VPOS="979" HPOS="495"/>
							<String ID="string_200" HPOS="513" VPOS="986" WIDTH="65" HEIGHT="20" WC="0.93" CONTENT="synes"/><SP WIDTH="16" VPOS="986" HPOS="578"/>
							<String ID="string_201" HPOS="594" VPOS="980" WIDTH="80" HEIGHT="26" WC="0.92" CONTENT="nödigt,"/><SP WIDTH="21" VPOS="980" HPOS="674"/>
							<String ID="string_202" HPOS="695" VPOS="980" WIDTH="128" HEIGHT="20" WC="0.89" CONTENT="Ständernas"/><SP WIDTH="23" VPOS="980" HPOS="823"/>
							<String ID="string_203" HPOS="846" VPOS="978" WIDTH="56" HEIGHT="21" WC="0.88" CONTENT="utlå-"/>
						</TextLine>
						<TextLine ID="line_24" HPOS="141" VPOS="1014" WIDTH="761" HEIGHT="26">
							<String ID="string_204" HPOS="141" VPOS="1014" WIDTH="64" HEIGHT="19" WC="0.92" CONTENT="tande"/><SP WIDTH="22" VPOS="1014" HPOS="205"/>
							<String ID="string_205" HPOS="227" VPOS="1014" WIDTH="104" HEIGHT="20" WC="0.90" CONTENT="infordras"/><SP WIDTH="22" VPOS="1014" HPOS="331"/>
							<String ID="string_206" HPOS="353" VPOS="1014" WIDTH="58" HEIGHT="20" WC="0.95" CONTENT="öfver"/><SP WIDTH="23" VPOS="1014" HPOS="411"/>
							<String ID="string_207" HPOS="434" VPOS="1014" WIDTH="39" HEIGHT="19" WC="0.96" CONTENT="den"/><SP WIDTH="24" VPOS="1014" HPOS="473"/>
							<String ID="string_208" HPOS="497" VPOS="1014" WIDTH="27" HEIGHT="26" WC="0.96" CONTENT="på"/><SP WIDTH="23" VPOS="1014" HPOS="524"/>
							<String ID="string_209" HPOS="547" VPOS="1014" WIDTH="133" HEIGHT="26" WC="0.96" CONTENT="Regeringen"/><SP WIDTH="30" VPOS="1014" HPOS="680"/>
							<String ID="string_210" HPOS="710" VPOS="1014" WIDTH="104" HEIGHT="20" WC="0.96" CONTENT="beroende"/><SP WIDTH="26" VPOS="1014" HPOS="814"/>
							<String ID="string_211" HPOS="840" VPOS="1014" WIDTH="62" HEIGHT="19" WC="0.96" CONTENT="sidan"/>
						</TextLine>
						<TextLine ID="line_25" HPOS="141" VPOS="1048" WIDTH="106" HEIGHT="20">
							<String ID="string_212" HPOS="141" VPOS="1048" WIDTH="23" HEIGHT="20" WC="0.96" CONTENT="af"/><SP WIDTH="10" VPOS="1048" HPOS="164"/>
							<String ID="string_213" HPOS="174" VPOS="1048" WIDTH="73" HEIGHT="20" WC="0.95" CONTENT="saken."/>
						</TextLine>
					</TextBlock>
					<TextBlock ID="block_3" HPOS="141" VPOS="1082" WIDTH="761" HEIGHT="61">
						<TextLine ID="line_26" HPOS="211" VPOS="1082" WIDTH="691" HEIGHT="27">
							<String ID="string_214" HPOS="211" VPOS="1082" WIDTH="69" HEIGHT="20" WC="0.96" CONTENT="Sedan"/><SP WIDTH="24" VPOS="1082" HPOS="280"/>
							<String ID="string_215" HPOS="304" VPOS="1083" WIDTH="149" HEIGHT="19" WC="0.96" CONTENT="diskussionen"/><SP WIDTH="23" VPOS="1083" HPOS="453"/>
							<String ID="string_216" HPOS="476" VPOS="1084" WIDTH="59" HEIGHT="18" WC="0.95" CONTENT="öfver"/><SP WIDTH="24" VPOS="1084" HPOS="535"/>
							<String ID="string_217" HPOS="559" VPOS="1084" WIDTH="68" HEIGHT="18" WC="0.93" CONTENT="denna"/><SP WIDTH="22" VPOS="1084" HPOS="627"/>
							<String ID="string_218" HPOS="649" VPOS="1082" WIDTH="15" HEIGHT="27" WC="0.92" CONTENT="&amp;"/><SP WIDTH="22" VPOS="1082" HPOS="664"/>
							<String ID="string_219" HPOS="686" VPOS="1083" WIDTH="88" HEIGHT="19" WC="0.93" CONTENT="härmed"/><SP WIDTH="23" VPOS="1083" HPOS="774"/>
							<String ID="string_220" HPOS="797" VPOS="1083" WIDTH="105" HEIGHT="23" WC="0.92" CONTENT="afslutats,"/>
						</TextLine>
						<TextLine ID="line_27" HPOS="141" VPOS="1117" WIDTH="488" HEIGHT="26">
							<String ID="string_221" HPOS="141" VPOS="1117" WIDTH="132" HEIGHT="19" WC="0.96" CONTENT="framställde"/><SP WIDTH="15" VPOS="1117" HPOS="273"/>
							<String ID="string_222" HPOS="288" VPOS="1117" WIDTH="51" HEIGHT="19" WC="0.96" CONTENT="Herr"/><SP WIDTH="16" VPOS="1117" HPOS="339"/>
							<String ID="string_223" HPOS="355" VPOS="1117" WIDTH="164" HEIGHT="20" WC="0.96" CONTENT="Talmannen"/><SP WIDTH="15" VPOS="1117" HPOS="519"/>
							<String ID="string_224" HPOS="534" VPOS="1118" WIDTH="95" HEIGHT="25" WC="0.96" CONTENT="följande"/>
						</TextLine>
					</TextBlock>
					<TextBlock ID="block_4" HPOS="141" VPOS="1151" WIDTH="762" HEIGHT="197">
						<TextLine ID="line_28" HPOS="211" VPOS="1151" WIDTH="691" HEIGHT="26">
							<String ID="string_225" HPOS="211" VPOS="1151" WIDTH="134" HEIGHT="25" WC="0.72" CONTENT="Proposition:"/><SP WIDTH="30" VPOS="1151" HPOS="345"/>
							<String ID="string_226" HPOS="375" VPOS="1152" WIDTH="96" HEIGHT="25" WC="0.71" CONTENT="Antager"/><SP WIDTH="16" VPOS="1152" HPOS="471"/>
							<String ID="string_227" HPOS="487" VPOS="1151" WIDTH="89" HEIGHT="20" WC="0.91" CONTENT="Ståndet"/><SP WIDTH="16" VPOS="1151" HPOS="576"/>
							<String ID="string_228" HPOS="592" VPOS="1151" WIDTH="115" HEIGHT="20" WC="0.96" CONTENT="utskottets"/><SP WIDTH="16" VPOS="1151" HPOS="707"/>
							<String ID="string_229" HPOS="723" VPOS="1151" WIDTH="133" HEIGHT="19" WC="0.96" CONTENT="betänkande"/><SP WIDTH="16" VPOS="1151" HPOS="856"/>
							<String ID="string_230" HPOS="872" VPOS="1151" WIDTH="30" HEIGHT="19" WC="0.96" CONTENT="uti"/>
						</TextLine>
						<TextLine ID="line_29" HPOS="141" VPOS="1185" WIDTH="761" HEIGHT="26">
							<String ID="string_231" HPOS="141" VPOS="1185" WIDTH="70" HEIGHT="19" WC="0.93" CONTENT="denna"/><SP WIDTH="15" VPOS="1185" HPOS="211"/>
							<String ID="string_232" HPOS="226" VPOS="1185" WIDTH="14" HEIGHT="26" WC="0.51" CONTENT="&amp;"/><SP WIDTH="19" VPOS="1185" HPOS="240"/>
							<String ID="string_233" HPOS="259" VPOS="1185" WIDTH="50" HEIGHT="20" WC="0.93" CONTENT="eller"/><SP WIDTH="22" VPOS="1185" HPOS="309"/>
							<String ID="string_234" HPOS="331" VPOS="1186" WIDTH="121" HEIGHT="25" WC="0.89" CONTENT="föredrager"/><SP WIDTH="21" VPOS="1186" HPOS="452"/>
							<String ID="string_235" HPOS="473" VPOS="1185" WIDTH="90" HEIGHT="20" WC="0.92" CONTENT="Ständet"/><SP WIDTH="15" VPOS="1185" HPOS="563"/>
							<String ID="string_236" HPOS="578" VPOS="1186" WIDTH="35" HEIGHT="19" WC="0.96" CONTENT="det"/><SP WIDTH="16" VPOS="1186" HPOS="613"/>
							<String ID="string_237" HPOS="629" VPOS="1186" WIDTH="22" HEIGHT="19" WC="0.96" CONTENT="af"/><SP WIDTH="14" VPOS="1186" HPOS="651"/>
							<String ID="string_238" HPOS="665" VPOS="1186" WIDTH="52" HEIGHT="19" WC="0.96" CONTENT="Herr"/><SP WIDTH="15" VPOS="1186" HPOS="717"/>
							<String ID="string_239" HPOS="732" VPOS="1185" WIDTH="89" HEIGHT="19" WC="0.93" CONTENT="Masalin"/><SP WIDTH="18" VPOS="1185" HPOS="821"/>
							<String ID="string_240" HPOS="839" VPOS="1185" WIDTH="63" HEIGHT="19" WC="0.92" CONTENT="fram-"/>
						</TextLine>
						<TextLine ID="line_30" HPOS="142" VPOS="1219" WIDTH="760" HEIGHT="26">
							<String ID="string_241" HPOS="142" VPOS="1219" WIDTH="77" HEIGHT="20" WC="0.91" CONTENT="ställda"/><SP WIDTH="16" VPOS="1219" HPOS="219"/>
							<String ID="string_242" HPOS="235" VPOS="1220" WIDTH="80" HEIGHT="25" WC="0.95" CONTENT="förslag"/><SP WIDTH="16" VPOS="1220" HPOS="315"/>
							<String ID="string_243" HPOS="331" VPOS="1226" WIDTH="34" HEIGHT="13" WC="0.92" CONTENT="om"/><SP WIDTH="16" VPOS="1226" HPOS="365"/>
							<String ID="string_244" HPOS="381" VPOS="1219" WIDTH="129" HEIGHT="24" WC="0.92" CONTENT="äterremiss,"/><SP WIDTH="16" VPOS="1219" HPOS="510"/>
							<String ID="string_245" HPOS="526" VPOS="1219" WIDTH="26" HEIGHT="26" WC="0.96" CONTENT="pä"/><SP WIDTH="16" VPOS="1219" HPOS="552"/>
							<String ID="string_246" HPOS="568" VPOS="1221" WIDTH="36" HEIGHT="18" WC="0.96" CONTENT="det"/><SP WIDTH="15" VPOS="1221" HPOS="604"/>
							<String ID="string_247" HPOS="619" VPOS="1221" WIDTH="30" HEIGHT="18" WC="0.96" CONTENT="att"/><SP WIDTH="16" VPOS="1221" HPOS="649"/>
							<String ID="string_248" HPOS="665" VPOS="1220" WIDTH="69" HEIGHT="19" WC="0.93" CONTENT="denna"/><SP WIDTH="15" VPOS="1220" HPOS="734"/>
							<String ID="string_249" HPOS="749" VPOS="1219" WIDTH="15" HEIGHT="26" WC="0.91" CONTENT="&amp;"/><SP WIDTH="11" VPOS="1219" HPOS="764"/>
							<String ID="string_250" HPOS="775" VPOS="1219" WIDTH="69" HEIGHT="20" WC="0.93" CONTENT="skulle"/><SP WIDTH="12" VPOS="1219" HPOS="844"/>
							<String ID="string_251" HPOS="856" VPOS="1225" WIDTH="46" HEIGHT="13" WC="0.92" CONTENT="om-"/>
						</TextLine>
						<TextLine ID="line_31" HPOS="141" VPOS="1252" WIDTH="762" HEIGHT="28">
							<String ID="string_252" HPOS="141" VPOS="1254" WIDTH="108" HEIGHT="25" WC="0.91" CONTENT="redigeras"/><SP WIDTH="16" VPOS="1254" HPOS="249"/>
							<String ID="string_253" HPOS="265" VPOS="1254" WIDTH="6" HEIGHT="19" WC="0.96" CONTENT="i"/><SP WIDTH="16" VPOS="1254" HPOS="271"/>
							<String ID="string_254" HPOS="287" VPOS="1255" WIDTH="35" HEIGHT="18" WC="0.96" CONTENT="det"/><SP WIDTH="15" VPOS="1255" HPOS="322"/>
							<String ID="string_255" HPOS="337" VPOS="1255" WIDTH="62" HEIGHT="25" WC="0.96" CONTENT="syfte,"/><SP WIDTH="17" VPOS="1255" HPOS="399"/>
							<String ID="string_256" HPOS="416" VPOS="1254" WIDTH="39" HEIGHT="19" WC="0.92" CONTENT="den"/><SP WIDTH="16" VPOS="1254" HPOS="455"/>
							<String ID="string_257" HPOS="471" VPOS="1253" WIDTH="86" HEIGHT="27" WC="0.92" CONTENT="Nädiga"/><SP WIDTH="15" VPOS="1253" HPOS="557"/>
							<String ID="string_258" HPOS="572" VPOS="1254" WIDTH="156" HEIGHT="26" WC="0.93" CONTENT="propositionen"/><SP WIDTH="16" VPOS="1254" HPOS="728"/>
							<String ID="string_259" HPOS="744" VPOS="1252" WIDTH="105" HEIGHT="21" WC="0.92" CONTENT="föreslär?"/><SP WIDTH="22" VPOS="1252" HPOS="849"/>
							<String ID="string_260" HPOS="871" VPOS="1253" WIDTH="32" HEIGHT="20" WC="0.96" CONTENT="De"/>
						</TextLine>
						<TextLine ID="line_32" HPOS="142" VPOS="1287" WIDTH="761" HEIGHT="26">
							<String ID="string_261" HPOS="142" VPOS="1293" WIDTH="46" HEIGHT="14" WC="0.92" CONTENT="som"/><SP WIDTH="23" VPOS="1293" HPOS="188"/>
							<String ID="string_262" HPOS="211" VPOS="1288" WIDTH="114" HEIGHT="25" WC="0.94" CONTENT="godkänna"/><SP WIDTH="22" VPOS="1288" HPOS="325"/>
							<String ID="string_263" HPOS="347" VPOS="1288" WIDTH="143" HEIGHT="19" WC="0.95" CONTENT="betänkandet"/><SP WIDTH="24" VPOS="1288" HPOS="490"/>
							<String ID="string_264" HPOS="514" VPOS="1294" WIDTH="62" HEIGHT="13" WC="0.96" CONTENT="svara"/><SP WIDTH="17" VPOS="1294" HPOS="576"/>
							<String ID="string_265" HPOS="593" VPOS="1289" WIDTH="36" HEIGHT="24" WC="0.96" CONTENT="ja;"/><SP WIDTH="18" VPOS="1289" HPOS="629"/>
							<String ID="string_266" HPOS="647" VPOS="1288" WIDTH="26" HEIGHT="19" WC="0.96" CONTENT="de"/><SP WIDTH="16" VPOS="1288" HPOS="673"/>
							<String ID="string_267" HPOS="689" VPOS="1294" WIDTH="46" HEIGHT="13" WC="0.93" CONTENT="som"/><SP WIDTH="15" VPOS="1294" HPOS="735"/>
							<String ID="string_268" HPOS="750" VPOS="1287" WIDTH="111" HEIGHT="26" WC="0.92" CONTENT="föredraga"/><SP WIDTH="16" VPOS="1287" HPOS="861"/>
							<String ID="string_269" HPOS="877" VPOS="1293" WIDTH="26" HEIGHT="14" WC="0.96" CONTENT="en"/>
						</TextLine>
						<TextLine ID="line_33" HPOS="141" VPOS="1320" WIDTH="369" HEIGHT="28">
							<String ID="string_270" HPOS="141" VPOS="1320" WIDTH="122" HEIGHT="21" WC="0.95" CONTENT="återremiss"/><SP WIDTH="16" VPOS="1320" HPOS="263"/>
							<String ID="string_271" HPOS="279" VPOS="1323" WIDTH="7" HEIGHT="18" WC="0.93" CONTENT="i"/><SP WIDTH="15" VPOS="1323" HPOS="286"/>
							<String ID="string_272" HPOS="301" VPOS="1323" WIDTH="84" HEIGHT="19" WC="0.93" CONTENT="anfördt"/><SP WIDTH="14" VPOS="1323" HPOS="385"/>
							<String ID="string_273" HPOS="399" VPOS="1323" WIDTH="56" HEIGHT="25" WC="0.96" CONTENT="syfte"/><SP WIDTH="17" VPOS="1323" HPOS="455"/>
							<String ID="string_274" HPOS="472" VPOS="1323" WIDTH="38" HEIGHT="24" WC="0.91" CONTENT="nej."/>
						</TextLine>
					</TextBlock>
					<TextBlock ID="block_5" HPOS="141" VPOS="1356" WIDTH="761" HEIGHT="94">
						<TextLine ID="line_34" HPOS="211" VPOS="1356" WIDTH="691" HEIGHT="26">
							<String ID="string_275" HPOS="211" VPOS="1356" WIDTH="159" HEIGHT="26" WC="0.90" CONTENT="Propositionen"/><SP WIDTH="23" VPOS="1356" HPOS="370"/>
							<String ID="string_276" HPOS="393" VPOS="1357" WIDTH="129" HEIGHT="19" WC="0.90" CONTENT="besvarades"/><SP WIDTH="23" VPOS="1357" HPOS="522"/>
							<String ID="string_277" HPOS="545" VPOS="1357" WIDTH="48" HEIGHT="19" WC="0.93" CONTENT="med"/><SP WIDTH="23" VPOS="1357" HPOS="593"/>
							<String ID="string_278" HPOS="616" VPOS="1357" WIDTH="156" HEIGHT="25" WC="0.90" CONTENT="öfvervägande"/><SP WIDTH="23" VPOS="1357" HPOS="772"/>
							<String ID="string_279" HPOS="795" VPOS="1356" WIDTH="57" HEIGHT="19" WC="0.96" CONTENT="antal"/><SP WIDTH="19" VPOS="1356" HPOS="852"/>
							<String ID="string_280" HPOS="871" VPOS="1356" WIDTH="31" HEIGHT="25" WC="0.96" CONTENT="ja,"/>
						</TextLine>
						<TextLine ID="line_35" HPOS="141" VPOS="1389" WIDTH="761" HEIGHT="27">
							<String ID="string_281" HPOS="141" VPOS="1390" WIDTH="41" HEIGHT="20" WC="0.92" CONTENT="och"/><SP WIDTH="23" VPOS="1390" HPOS="182"/>
							<String ID="string_282" HPOS="205" VPOS="1391" WIDTH="118" HEIGHT="19" WC="0.96" CONTENT="förklarade"/><SP WIDTH="23" VPOS="1391" HPOS="323"/>
							<String ID="string_283" HPOS="346" VPOS="1391" WIDTH="51" HEIGHT="19" WC="0.93" CONTENT="Herr"/><SP WIDTH="23" VPOS="1391" HPOS="397"/>
							<String ID="string_284" HPOS="420" VPOS="1391" WIDTH="167" HEIGHT="19" WC="0.95" CONTENT="Talmannen"/><SP WIDTH="16" VPOS="1391" HPOS="587"/>
							<String ID="string_285" HPOS="603" VPOS="1391" WIDTH="7" HEIGHT="18" WC="0.96" CONTENT="i"/><SP WIDTH="16" VPOS="1391" HPOS="610"/>
							<String ID="string_286" HPOS="626" VPOS="1390" WIDTH="95" HEIGHT="26" WC="0.93" CONTENT="enlighet"/><SP WIDTH="15" VPOS="1390" HPOS="721"/>
							<String ID="string_287" HPOS="736" VPOS="1390" WIDTH="87" HEIGHT="20" WC="0.96" CONTENT="härmed"/><SP WIDTH="15" VPOS="1390" HPOS="823"/>
							<String ID="string_288" HPOS="838" VPOS="1389" WIDTH="14" HEIGHT="27" WC="0.59" CONTENT="$"/><SP WIDTH="17" VPOS="1389" HPOS="852"/>
							<String ID="string_289" HPOS="869" VPOS="1389" WIDTH="33" HEIGHT="24" WC="0.96" CONTENT="98,"/>
						</TextLine>
						<TextLine ID="line_36" HPOS="142" VPOS="1423" WIDTH="651" HEIGHT="27">
							<String ID="string_290" HPOS="142" VPOS="1425" WIDTH="68" HEIGHT="25" WC="0.93" CONTENT="enligt"/><SP WIDTH="15" VPOS="1425" HPOS="210"/>
							<String ID="string_291" HPOS="225" VPOS="1425" WIDTH="114" HEIGHT="20" WC="0.93" CONTENT="utskottets"/><SP WIDTH="16" VPOS="1425" HPOS="339"/>
							<String ID="string_292" HPOS="355" VPOS="1425" WIDTH="116" HEIGHT="23" WC="0.90" CONTENT="redaktion,"/><SP WIDTH="16" VPOS="1425" HPOS="471"/>
							<String ID="string_293" HPOS="487" VPOS="1431" WIDTH="52" HEIGHT="13" WC="0.96" CONTENT="vara"/><SP WIDTH="15" VPOS="1431" HPOS="539"/>
							<String ID="string_294" HPOS="554" VPOS="1425" WIDTH="23" HEIGHT="19" WC="0.93" CONTENT="af"/><SP WIDTH="14" VPOS="1425" HPOS="577"/>
							<String ID="string_295" HPOS="591" VPOS="1423" WIDTH="88" HEIGHT="21" WC="0.93" CONTENT="Ständet"/><SP WIDTH="16" VPOS="1423" HPOS="679"/>
							<String ID="string_296" HPOS="695" VPOS="1426" WIDTH="98" HEIGHT="24" WC="0.92" CONTENT="antagen."/>
						</TextLine>
					</TextBlock>
				</ComposedBlock>
			</PrintSpace>
		</Page>
	</Layout>
</alto>
