1109 1817
249 162 44 17 1840
542 161 40 17 Den
594 162 11 16 3
617 161 47 17 Juni.

222 219 35 20 års
272 220 129 25 författning,
419 218 24 20 så
458 219 59 19 heter
533 220 35 18 det
584 219 50 23 deri,
651 220 30 18 att
696 220 7 18 i
719 218 82 20 sådana
816 219 37 19 fall
869 220 37 18 bör
921 219 62 19 äfven

222 254 111 25 uppgifvas
349 253 78 23 stället,
443 253 36 20 der
495 259 48 13 man
560 254 73 19 ämnar
648 253 78 19 inrätta
742 253 33 19 sin
791 253 132 26 försäljning.
942 253 42 19 Det

222 289 23 18 är
261 288 18 25 ej
297 288 145 25 magistraten,
459 294 45 13 som
520 286 26 27 på
562 287 89 20 förhand
666 288 129 19 bestämmer
811 288 41 19 det.

291 322 53 19 Herr
359 322 136 19 Jaatinen:
527 321 32 20 Då
582 328 62 13 mom,
664 322 8 19 1
690 322 6 19 i
712 322 144 19 betänkandet
878 321 40 20 och
942 321 40 20 den

222 355 84 26 Nådiga
321 356 156 25 propositionen
492 356 137 19 tillerkänner
644 356 165 19 landskommun
833 356 99 25 rättighet
954 357 31 18 att

223 391 100 25 antingen
347 392 94 24 mottaga
457 390 203 26 försäljningsställe
675 390 51 19 eller
742 391 27 24 ej,
785 397 63 13 anser
869 397 34 19 ag,
919 391 6 18 i
940 390 43 19 lik-

223 425 36 19 het
275 425 47 19 med
338 425 52 19 Herr
405 425 103 22 Boström,
525 425 35 18 det
576 431 49 12 vara
640 425 141 25 ovilkorligen
797 425 136 25 nödvändigt,
951 426 33 17 att

223 459 112 20 enahanda
350 459 101 25 rättighet
467 459 61 20 äfven
544 459 138 19 tillerkännes
698 459 169 23 stadskommun,
883 459 40 19 och
944 465 40 12 an-

223 493 68 20 håller
303 494 40 25 jag
359 494 80 19 derföre
455 495 30 18 att
500 493 34 26 &:n
552 492 27 20 dä
595 493 40 19 den
651 492 165 21 återremitteras
832 493 32 20 till
874 493 110 23 utskottet,

224 527 65 20 måtte
305 529 6 18 i
327 527 76 20 sådant
419 528 56 25 syfte
491 528 128 19 omarbetas.

294 562 51 19 Herr
361 563 141 24 Lundberg
517 562 98 19 förenade
632 562 33 25 sig
681 562 48 19 med
745 562 52 19 Herr
813 562 104 19 Jaatinen.

293 596 58 19 Efter
371 597 34 18 det
427 597 150 18 diskussionen
600 595 51 20 härå
676 596 113 19 förklarats
805 596 98 23 afslutad,
919 597 65 18 fram-

227 631 75 19 ställde
318 631 52 19 Herr
385 631 161 19 Talmannen
563 630 93 25 följande
673 631 164 25 propositioner:

294 665 123 25 Proposition
432 665 40 19 N:o
487 665 17 19 1.
534 659 31 24 Är
589 663 88 21 Ständet
699 671 52 13 ense
773 671 35 13 om
827 664 120 20 återremiss
963 665 23 18 af

225 698 14 26 S
254 699 32 19 till
302 699 102 19 utskottet
419 699 48 19 med
483 699 114 25 anledning
613 700 22 18 af
649 699 34 19 det
699 705 34 13 om
745 698 14 26 &
770 699 27 19 45
809 699 78 19 fattade
901 698 85 20 beslut?

294 732 55 20 Härå
365 734 101 18 svarades
482 733 105 25 enhälligt
597 733 30 25 ja.

295 768 122 24 Proposition
433 768 39 18 N:o
489 768 18 18 2.
540 767 31 19 De
587 773 45 13 som
648 767 114 25 godkänna
782 773 63 13 mom.
864 768 9 18 1
890 767 22 19 af
926 766 13 26 8
956 767 28 19 47

225 802 67 25 enligt
307 802 114 19 utskottets
436 802 140 21 betänkande,
592 802 57 18 rösta
661 802 30 24 ja,
708 802 25 18 de
750 808 46 12 som
809 802 73 18 förena
893 802 33 24 sig
937 802 48 18 med

226 836 52 19 Herr
300 836 127 26 Tengström
450 836 71 19 derom
544 837 30 18 att
589 836 52 19 efter
656 836 59 19 ordet
731 835 119 24 ,derifrän*
868 836 67 19 skulle
950 836 34 18 in-

227 871 67 19 sättas
311 886 9 7 ,
324 870 51 20 eller
391 870 44 19 från
451 870 81 26 kyrka"
549 871 58 18 rösta
623 870 36 25 ncj.

295 899 68 25 Äfven
387 905 68 19 denna
478 905 129 25 proposition
622 905 128 19 besvarades
767 905 46 19 med
830 904 155 26 öfvervägande

226 939 151 25 röstpluralitet
388 939 91 25 jakande.

294 974 125 24 Proposition
433 973 40 19 N:o
489 974 19 18 3.
538 973 31 19 De
585 979 46 13 som
647 980 52 12 anse
715 973 34 19 det
760 973 7 19 i
777 973 131 25 ofvansagde
919 979 62 13 mom.

225 1006 105 27 ingående
345 1008 74 19 förbud
434 1009 45 18 mot
493 1007 214 26 försäljningsställes
725 1008 120 19 inrättande
860 1008 7 18 i
883 1007 100 20 närheten

225 1042 23 19 af
261 1042 97 19 bränneri
374 1048 27 13 m.
418 1048 26 13 m.
460 1042 50 19 böra
526 1041 125 23 bibehållas,
668 1043 56 18 rösta
735 1042 38 25 ja;
789 1042 25 19 de
833 1048 46 13 som
895 1042 6 19 i
916 1042 68 19 likhet

226 1076 48 19 med
290 1076 51 19 Herr
356 1076 79 19 Kurtén
451 1082 52 13 anse
518 1076 58 20 detta
591 1076 118 26 stadgande
725 1076 51 20 böra
791 1083 24 12 ur
828 1076 41 20 den
880 1076 104 19 blifvande

225 1111 150 24 förordningen
391 1110 56 25 utgå,
463 1112 58 18 rösta
536 1111 37 24 nej.

295 1144 74 20 Svaret
383 1143 52 21 härå
451 1145 60 19 utföll
527 1145 48 19 med
591 1145 156 24 öfvervägande
759 1145 30 25 ja.

297 1179 121 25 Proposition
433 1179 39 19 N:o
496 1179 18 19 4.
545 1179 127 20 Godkänner
695 1178 89 21 Ståndet
807 1179 25 19 de
855 1179 6 19 i
883 1185 63 13 mom.
971 1179 13 18 2

225 1212 105 27 ingående
346 1213 151 26 stadgandena,
514 1215 30 17 att
559 1213 112 26 magistrat
687 1213 50 20 eller
752 1213 146 26 ordningsrätt
916 1213 69 19 skulle

225 1248 58 19 inom
299 1248 54 19 förra
368 1247 80 20 hälften
464 1248 23 19 af
497 1247 116 20 December
624 1247 77 20 månad
713 1247 40 20 hos
764 1247 156 26 länestyrelsen
931 1248 54 19 före-

226 1281 33 20 slå
274 1282 79 20 antalet
369 1282 174 25 utminuterings-
559 1282 40 19 och
614 1282 237 25 utskänkningsställen
861 1283 55 18 samt
927 1282 57 19 inom

225 1316 87 19 Januari
328 1315 89 20 månads
432 1315 82 27 utgång
529 1315 26 27 på
571 1317 96 25 offentlig
683 1317 86 18 auktion
791 1316 89 26 utbjuda
902 1316 84 26 försälj-

226 1350 231 26 ningsrättigheterna?
477 1351 51 19 eller
550 1351 83 19 förenar
652 1351 33 25 sig
701 1349 89 21 Ståndet
805 1357 35 13 om
856 1351 26 18 de
897 1351 23 18 af
933 1351 52 19 Herr

226 1385 55 26 Frey
303 1385 7 19 i
333 1383 76 21 sådant
429 1385 100 20 afseende
552 1385 121 25 föreslagna
695 1385 221 25 tidsbestämningar?
945 1385 41 19 För

226 1419 41 20 den
282 1420 55 19 förra
352 1418 83 27 åsigten
451 1421 69 18 röstas
536 1420 48 19 med
595 1419 31 26 ja,
642 1420 31 19 för
689 1420 40 19 den
745 1425 76 14 senare
837 1419 48 20 med
901 1419 37 25 nej.

295 1453 159 26 Propositionen
470 1454 128 19 besvarades
613 1454 48 19 med
677 1454 156 25 öfvervägande
844 1454 30 25 ja.
