1109 1817
233 164 46 31 1884
534 168 40 17 Den
586 168 11 17 4
609 168 46 17 Juni.

208 225 29 20 då
251 226 177 26 jernvägsfrågan
444 227 57 19 ännu
516 227 48 19 icke
579 227 68 19 blifvit
663 227 57 19 inom
736 226 88 20 Ståndet
840 226 128 20 diskuterad.

209 260 176 20 Statsutskottets
407 260 26 27 pä
449 267 48 20 pag.
514 261 12 20 9
542 261 133 20 framställda
691 261 80 26 förslag
786 261 88 20 rörande
890 261 80 19 använ-

208 295 71 19 dande
295 295 22 18 af
330 295 41 19 den
387 295 54 20 förut
453 295 123 26 föreslagna
586 295 274 20 kommunikationsfonden
871 295 41 20 och
924 295 45 18 sär-

209 329 67 19 skildt
295 329 34 19 det
345 329 79 26 förslag
439 331 31 18 att
486 329 119 20 Ständerna
621 329 68 20 skulle
704 330 32 19 för
749 330 173 25 jernvägsnätets
938 330 31 18 ut-

208 363 126 26 sträckning
349 366 112 23 garantera
477 366 29 17 ett
521 363 35 20 lån
573 364 32 19 till
621 364 74 25 belopp
711 365 23 18 af
747 364 27 19 20
790 364 105 19 millioner
910 363 59 20 mark

207 397 62 20 torde
283 398 116 25 verkligen,
415 400 30 17 att
459 399 38 25 jag
513 397 25 20 så
553 397 35 21 må
603 399 59 25 säga,
679 397 88 20 framstå
777 405 42 18 nog
829 398 90 19 enstaka
929 397 40 20 och

207 431 108 20 isoleradt.
344 432 33 26 Ty
401 433 52 18 huru
474 433 56 18 skall
545 434 31 18 ett
591 433 70 19 beslut
676 433 71 18 kunna
762 433 70 22 fattas,
849 433 64 18 innan
929 431 40 20 den

207 472 60 13 mera
290 467 117 19 materiella
429 467 61 20 sidan
514 468 22 18 af
552 467 67 20 saken
635 467 68 19 blifvit
718 467 59 20 inom
793 466 88 20 Ståndet
897 467 72 18 disku-

207 501 61 18 terad
283 501 40 19 och
339 502 110 19 besluten?
465 502 114 19 Alltsedan
595 508 44 13 mer
655 503 27 18 än
697 508 26 13 en
740 501 77 20 månad
827 500 142 26 tillbaka,
934 496 39 34 jag

207 536 44 18 tror
274 534 45 21 från
343 536 41 19 den
409 536 24 19 13
457 536 51 19 eller
534 537 25 18 14
573 536 61 25 April
650 536 67 25 ligger
733 536 117 19 emellertid
866 535 103 20 beroende

207 569 116 20 Allmänna
349 570 206 20 Besvärsutskottets
581 570 134 19 betänkande
736 570 7 19 i
766 570 115 25 anledning
903 569 22 19 af
943 569 26 19 de

207 603 113 26 petitioner
335 611 35 12 om
386 605 105 19 särskilda
504 605 266 25 jernvägsanläggningar,
779 611 44 12 som
836 599 63 36 under
909 604 60 19 inne-

207 638 94 19 varande
316 639 102 26 landtdag
429 639 67 20 blifvit
507 639 77 20 väckta
594 639 40 20 och
647 639 67 25 enligt
723 639 157 19 vederbörande
891 637 77 20 Stånds

208 672 95 20 deremot
319 673 79 20 fattade
413 674 70 19 beslut
497 674 33 19 till
547 674 108 19 Utskottet
671 673 140 19 remitterade.
837 672 131 26 Afgörandet

208 706 23 19 af
245 706 70 20 denna
329 706 61 27 fråga
405 707 79 27 ansågs
500 708 50 19 böra
562 708 48 19 bero
624 707 26 26 pä
661 708 39 19 den
711 708 118 24 utredning,
842 713 46 13 som
900 706 68 20 Stats-

208 740 105 20 utskottet
335 742 70 20 kunde
428 742 70 20 lemna
520 741 110 27 angående
653 742 26 19 de
702 747 99 17 resurser,
817 741 65 19 hvika
898 741 71 19 kunna

207 776 66 24 göras
289 776 120 26 disponibla
424 777 31 19 för
469 777 116 25 jenvägars
602 776 119 26 byggande.
753 776 163 19 Statsutskottet
930 774 38 20 har

208 809 48 19 icke
279 810 35 19 vid
337 811 130 25 afgifvandet
490 812 22 18 af
533 812 36 19 det
588 811 86 25 förslag,
690 810 87 20 hvarom
790 810 39 26 jag
846 816 27 12 nu
888 810 80 22 nämnt,

207 843 47 19 haft
277 843 70 27 nägon
363 851 69 13 annan
449 846 81 25 uppgift
545 846 34 25 sig
594 845 95 25 förelagd
705 845 26 19 än
747 846 30 17 att
793 844 79 22 utreda,
888 844 80 18 hvilket

207 877 77 27 belopp
307 879 22 19 af
350 885 93 13 resurser
466 880 68 18 finnes
558 880 31 19 för
613 879 117 19 annuiteter
746 885 27 12 m.
790 885 34 17 m.;
840 884 48 13 men
904 878 64 18 innan

207 912 72 19 beslut
301 913 42 19 kan
367 914 64 18 fattas
447 920 34 13 om
497 916 31 17 att
543 915 112 24 garantera
671 915 30 17 ett
715 912 42 23 län,
771 912 69 20 mäste
855 912 35 20 väl
905 912 62 19 Stän-

207 946 67 20 derna
289 948 124 26 öfverlägga
428 948 40 19 och
483 948 84 20 besluta
582 949 32 18 för
629 948 72 19 hvilka
716 946 99 21 ändamål
831 946 57 20 lånet
900 946 68 20 skulle

208 980 110 22 behöfvas.
349 982 44 26 Mig
415 982 106 20 förefaller
544 983 35 19 det
601 983 6 18 i
631 982 76 25 sjelfva
728 982 73 18 verket
817 987 46 13 som
878 987 36 13 om
929 980 39 20 all-

209 1016 78 19 männa
310 1016 202 20 besvärsutskottets
531 1017 138 19 förenämnda
685 1016 132 19 betänkande
832 1016 64 19 borde
912 1015 56 19 bilda

208 1052 31 17 ett
255 1050 103 26 underlag
373 1052 31 18 för
420 1051 157 26 behandlingen
588 1051 21 19 af
617 1049 178 27 jernvägsfrågan
806 1050 40 20 och
857 1052 36 20 att,
902 1050 66 19 sedan

207 1084 42 20 den
273 1085 68 19 blifvit
364 1086 89 26 afgjord,
477 1086 189 25 handläggningen
690 1086 21 18 af
725 1085 58 19 detta
798 1084 170 20 statsutskottets

207 1119 135 20 betänkande
365 1120 69 19 skulle
450 1120 107 19 slutföras.
583 1120 54 19 Hela
652 1120 40 19 den
708 1126 75 12 senare
798 1119 62 19 delen
876 1119 22 18 af
911 1119 57 18 detta

207 1153 141 23 betänkande,
371 1160 46 13 som
437 1154 46 19 icke
498 1154 69 19 blifvit
583 1154 88 25 afgjord,
688 1154 59 19 berör
760 1153 45 26 just
821 1153 147 20 kommunika-

207 1187 195 24 tionsanstalterne,
425 1195 48 12 men
495 1189 36 18 det
552 1188 69 25 gäller
639 1189 44 18 deri
706 1188 53 19 blott
779 1187 143 26 tillgångarna
937 1187 31 19 för

207 1221 88 24 sådana,
312 1222 39 19 och
368 1223 46 18 icke
430 1223 25 18 de
471 1223 71 25 vägar,
559 1222 73 19 hvilka
648 1223 49 19 böra
713 1222 86 19 komma
814 1222 6 19 i
836 1221 65 26 fråga,
917 1221 51 20 eller

207 1256 42 19 den
272 1257 96 25 ordning,
391 1257 7 18 i
414 1257 86 19 hvilken
516 1257 26 19 de
557 1257 64 19 borde
637 1257 118 19 realiseras.
786 1256 40 19 Till
842 1256 126 25 torsdagens

207 1290 87 26 plenum
313 1291 22 19 är
351 1291 108 19 dessutom
475 1291 112 25 bordlagdt
603 1293 154 17 sammansatta
773 1290 69 20 Stats-
856 1290 40 20 och
912 1290 56 19 Eko-

207 1325 188 19 nomieutskottets
417 1325 133 20 betänkande
573 1331 35 14 om
624 1325 120 26 rigtningen
760 1325 23 19 af
796 1325 122 19 stambanor
932 1325 36 19 vid

203 1359 270 26 jernvägsanläggningar,
490 1360 30 19 uti
535 1359 82 20 hvilket
632 1360 133 19 betänkande
781 1359 129 20 förekomma
926 1360 42 19 för-

207 1393 49 26 slag
279 1394 88 19 rörande
390 1394 149 19 användandet
554 1395 23 18 af
590 1394 84 20 medlen
697 1394 32 19 till
747 1393 222 26 jernvägsundersök-

207 1428 82 25 ningar,
312 1428 81 19 hvilket
414 1427 65 20 också
500 1429 30 18 uti
553 1429 57 19 detta
626 1428 133 20 betänkande
775 1428 91 19 beröres.
896 1427 72 26 Enligt
