1109 1817
241 158 46 18 1798
537 158 39 17 Den
589 158 11 17 3
611 158 47 17 Juni.

217 218 38 25 got
272 216 87 26 förslag.
390 216 42 25 Jag
447 216 85 26 yttrade
546 216 55 19 blott
615 216 171 26 betänkligheter
801 216 6 19 i
823 216 36 19 det
874 216 104 22 afseende,

217 253 31 18 att
270 257 35 14 om
328 249 25 21 så
376 251 69 19 skulle
469 251 45 22 ske,
530 251 31 18 att
577 251 88 25 afgiften
681 251 18 25 ej
716 251 105 19 erkännes
838 251 22 19 af
874 249 105 28 styrelsen

217 284 73 21 såsom
313 291 26 13 en
363 285 124 26 bevillning,
510 285 26 19 de
557 283 106 25 ändamål,
685 285 32 19 för
738 284 74 20 hvilka
827 285 84 20 medlen
926 284 54 19 varit

216 319 113 26 beviljade,
345 319 19 26 ej
381 319 71 20 kunde
468 319 85 20 komma
568 319 33 19 till
617 317 62 21 stånd
695 319 65 19 under
775 319 70 20 denna
855 319 124 26 landtdags-

216 353 79 27 period.

287 387 69 20 Sedan
373 387 150 20 diskussionen
538 387 89 20 härmed
642 387 105 22 afslutats,
763 387 69 20 beslöt
848 386 94 24 Ståndet,
952 386 27 27 på

217 423 22 19 af
253 422 52 19 Herr
321 422 158 19 Talmannen
493 422 119 19 framställd
629 421 135 26 proposition,
781 421 103 26 enhälligt
900 424 30 17 att
941 427 37 13 an-

216 458 51 25 taga
283 457 66 19 första
365 463 63 13 mom.
444 457 24 18 af
481 456 114 19 utskottets
609 456 133 19 betänkande
753 455 111 26 angående
874 455 104 27 åtagande

217 492 24 18 af
254 497 27 14 en
296 491 91 19 indirekt
402 489 78 28 pålaga
495 491 66 18 under
577 497 64 12 namn
657 491 22 19 af
693 491 211 25 sjöfartsbevillning,
919 491 7 18 i
942 496 36 13 en-

217 525 68 26 lighet
306 525 101 19 hvarmed
430 525 70 19 skulle
523 525 32 19 till
578 525 237 25 Bevillningsutskottet
838 525 140 20 öfverlemnas

217 561 31 18 att
262 559 75 20 härom
353 560 96 19 utarbeta
465 561 29 18 ett
510 559 76 26 tillägg
598 559 33 20 till
641 559 41 20 den
693 559 212 26 bevillningsstadga,
916 559 60 19 hvar-

217 595 58 18 öfver
297 594 104 19 utskottet
424 601 50 18 eger
495 594 79 25 afgifva
596 594 142 23 betänkande;
758 593 103 20 skolande
876 594 102 25 Borgare-

217 627 86 21 ståndet
317 628 114 20 framdeles
446 628 33 19 till
494 628 131 26 behandling
635 630 92 24 upptaga
737 628 68 25 öfriga
816 628 58 19 delar
884 629 22 18 af
915 629 63 18 först-

217 663 93 19 nämnda
325 663 140 19 betänkande.

286 696 197 26 Protokollsutdrag
499 696 74 20 härom
589 696 68 20 skulle
673 696 122 26 expedieras
814 696 33 19 till
870 695 107 21 Medstån-

218 731 40 20 den
274 732 56 18 samt
346 730 69 20 Stats-
431 731 41 19 och
487 730 248 26 Bevillningsutskotten.

286 765 53 19 Herr
357 765 158 19 Talmannen
536 765 98 25 föredrog
654 764 52 20 härå
727 765 7 19 i
755 765 100 19 afseende
870 763 12 21 å
898 765 79 19 känne-

217 800 49 19 dom
288 799 94 25 följande
405 798 44 21 från
473 800 122 25 Höglofliga
616 799 154 25 Ridderskapet
792 799 41 19 och
855 799 68 19 Adeln
939 805 37 13 an-

217 834 78 19 komna
311 834 199 25 protokollsutdrag.

289 868 31 19 1:0
335 868 23 19 af
372 868 40 19 den
428 868 27 19 29
472 868 40 26 Maj
529 868 7 19 i
552 868 115 25 anledning
683 868 22 19 af
718 867 22 27 a)
756 867 103 26 förslaget
870 874 34 13 om
914 868 63 19 brän-

217 902 146 20 vinsskattens
378 902 140 20 användande
533 902 40 20 och
589 902 118 26 fördelning
723 904 56 17 samt
795 902 20 25 b)
831 901 83 27 Nådiga
929 908 48 19 pro-

217 936 118 26 positionen
358 942 36 14 om
416 937 117 19 anvisande
553 937 23 19 af
589 936 69 20 medel
673 936 32 19 till
720 936 137 20 bestridande
872 937 22 19 af
908 936 69 19 landt-

217 971 179 25 dagskostnader;

286 1004 33 20 2:0
335 1005 23 19 af
372 1011 83 13 samma
471 1005 42 25 dag
528 1004 110 26 angående
653 1005 120 19 inrättande
789 1006 35 18 vid
835 1006 83 19 landets
930 1005 48 19 uni-

217 1039 87 19 versitet
326 1040 23 18 af
369 1045 27 13 en
418 1039 90 20 lärostat
522 1039 7 19 i
544 1039 93 19 svenska
659 1039 40 20 och
720 1040 148 20 fornnordiska
888 1038 89 27 språken

217 1073 40 20 och
272 1074 141 23 litteraturen;

285 1108 34 20 3:o
334 1108 23 19 af
371 1114 82 14 samma
469 1108 41 26 dag
526 1108 6 19 i
550 1108 116 26 anledning
681 1109 23 18 af
717 1108 41 20 den
781 1108 121 26 föreslagna
924 1108 53 26 peti-

216 1142 72 20 tionen
304 1148 35 13 om
354 1142 126 19 förändrade
495 1142 92 25 grunder
602 1142 31 19 för
654 1143 322 25 räntepersedleomsättningen.

286 1176 95 20 Härefter
396 1176 75 25 vidtog
486 1177 40 19 den
542 1175 46 20 från
605 1177 166 19 sammanträdet
787 1177 40 19 den
839 1176 27 20 31
880 1176 97 20 sistlidne

216 1211 41 25 Maj
282 1211 147 25 förmiddagen
451 1210 130 26 uppskjutna
603 1211 161 26 granskningen
784 1211 23 19 af
827 1211 150 20 Ekonomieut-

217 1245 91 19 skottets
323 1245 134 19 betänkande
473 1245 7 18 i
496 1245 115 26 anledning
627 1245 22 19 af
663 1244 82 27 Nådiga
761 1245 157 26 propositionen
940 1251 37 14 an-

216 1278 83 27 gående
309 1279 143 26 tillverkning,
464 1279 134 26 försäljning,
608 1279 79 26 upplag
697 1279 41 20 och
749 1280 90 25 forsling
851 1280 23 19 af
882 1280 94 19 bränvin.

319 1313 14 26 8
349 1312 32 21 45.

285 1347 51 20 Herr
352 1347 127 20 Kiseleff:
510 1347 32 20 Dä
557 1348 102 19 utskottet
675 1348 6 19 i
697 1347 36 20 tvä
748 1348 114 19 afseenden
885 1347 93 27 frängätt

215 1381 41 20 den
271 1380 84 27 Nädiga
371 1382 170 25 propositionens
557 1382 27 19 45
601 1382 20 26 &,
636 1382 108 26 nemligen
760 1389 78 18 genom
854 1384 30 18 att
900 1381 21 21 ät
934 1383 44 18 stä-

215 1415 77 20 dernas
307 1415 122 20 handlande
445 1417 107 26 inrymma
568 1417 128 25 rättigheten
712 1418 30 17 att
753 1417 80 19 handla
846 1417 6 19 i
863 1417 53 26 parti
929 1416 49 19 med

215 1449 88 20 bränvin
325 1450 41 20 och
387 1457 78 19 genom
489 1451 149 26 medgifvande
661 1451 22 20 af
696 1450 98 21 tillständ
809 1451 33 20 till
858 1451 119 20 inrättande
