1109 1817
247 188 46 18 2126
540 189 39 17 Den
593 188 22 18 12
626 188 47 18 Juni.

448 280 129 27 Onsdagen
594 280 48 21 den
657 280 28 21 12
701 279 61 22 Juni

222 349 93 20 klockan
325 349 53 19 elfva
387 350 43 19 före
438 350 114 25 middagen
561 349 172 19 sammanträdde
741 349 33 19 till
785 349 85 26 plenum
882 349 103 25 Borgare-

223 382 96 21 ståndets
335 384 98 25 samtlige
449 384 144 23 medlemmar,
609 384 48 19 med
673 384 108 25 undantag
797 384 23 19 af
833 383 76 20 Herrar
920 383 64 20 Gum-

222 424 71 13 merus
309 418 40 19 och
365 419 118 22 Wendelin,
499 418 74 19 hvilka
589 419 22 18 af
625 419 54 18 förut
697 418 128 19 omnämnda
836 418 87 19 orsaker
934 423 51 14 voro

222 451 145 20 frånvarande.

292 487 53 19 Herr
367 487 159 19 Talmannen
543 487 124 18 meddelade
683 487 35 22 att,
735 486 67 25 enligt
817 485 168 20 talmanskonfe-

222 527 89 13 rensens
333 521 75 22 beslut,
431 521 85 26 plenum
532 521 109 25 plenorum
657 520 93 25 följande
766 521 43 25 dag
823 521 91 18 klockan
930 519 55 20 elfva

222 555 45 19 före
280 555 112 26 middagen
403 555 84 20 komme
499 557 30 17 att
541 561 40 19 ega
593 562 44 12 rum
653 555 7 19 i
675 555 165 25 Ridderskapets
852 555 40 19 och
902 554 83 19 Adelns

223 589 142 19 sessionsrum
381 588 13 20 å
408 589 149 22 Riddarhuset,
574 589 36 19 der
626 589 99 25 samtlige
736 588 101 20 Ständets
848 589 137 19 medlemmar

222 623 36 19 vid
281 623 66 26 sagde
369 623 30 19 tid
415 623 54 26 egde
484 623 81 19 infinna
581 624 40 25 sig,
637 625 55 17 samt
708 625 30 17 att
754 622 63 27 derpä
834 623 93 25 följande
943 623 42 25 dag

222 657 42 20 alla
280 657 67 20 Ständ
363 657 68 20 skulle
447 658 158 19 sammanträda
622 657 91 20 klockan
731 657 41 20 tolf
781 657 119 25 middagen,
911 657 74 25 hvarje

223 692 66 18 skildt
311 690 66 20 Stånd
399 692 53 19 dock
475 692 99 24 obetaget
597 693 36 21 att,
649 698 34 12 om
700 690 23 20 sä
739 691 75 25 nödigt
829 692 82 22 funnes,
926 690 59 20 hålla

223 726 157 19 sammanträde
396 726 60 19 äfven
472 724 27 27 pä
514 726 167 25 eftermiddagen
698 726 107 25 sistsagde
821 726 47 24 dag.

292 760 41 19 Till
353 760 107 26 justering
482 760 109 25 upplästes
608 760 105 19 särskilda
728 760 77 25 utdrag
819 766 25 12 ur
859 759 126 26 protokollet

222 795 31 19 för
269 795 41 19 den
328 794 23 19 11
368 794 7 19 i
390 794 68 19 denna
475 793 83 21 mänad.

293 828 117 26 Föredrogs
429 828 174 20 Statsutskottets
620 828 110 19 skrifvelse
746 828 23 19 af
782 828 41 19 den
842 828 22 19 11
881 828 50 19 Juni
946 834 38 13 an-

223 862 83 27 gående
327 863 99 25 samtliga
441 863 35 19 vid
493 862 54 20 1872
564 862 34 20 års
614 862 102 26 landtdag
731 862 106 26 beviljade
853 862 75 26 anslag
943 862 40 19 och

223 898 139 18 anskaffande
378 898 22 18 af
413 897 69 20 medel
497 897 76 19 dertill.

294 932 51 19 Herr
360 932 131 19 Mechelin
507 932 68 19 erhöll
590 932 59 19 ordet
665 931 40 19 och
720 931 93 26 yttrade:
837 931 41 25 Jag
889 930 96 20 anhäller

223 967 31 18 att
269 965 22 20 fä
306 967 31 18 för
353 964 88 21 Ständet
456 965 113 20 framhälla
585 966 174 19 Statsutskottets
775 966 89 22 önskan,
880 967 30 17 att
926 965 58 19 detta

223 1000 78 20 ärende
316 999 64 20 mätte
396 1000 55 20 helst
466 1002 51 17 utan
532 1000 157 26 bordläggning
704 1000 130 19 omedelbart
849 1000 83 25 pröfvas
944 999 40 20 och

223 1035 92 25 afgöras,
339 1034 88 20 emedan
451 1034 34 20 det
500 1041 50 13 voro
566 1035 22 18 af
603 1034 110 26 synnerlig
728 1034 45 26 vigt
789 1034 31 19 för
836 1034 102 19 utskottet
953 1035 31 18 att

222 1069 66 19 redan
303 1068 8 20 i
326 1068 41 26 dag
389 1068 72 19 kunna
483 1070 95 24 mottaga
593 1067 190 27 Borgareständets
798 1068 70 19 beslut
882 1068 48 19 med
946 1074 38 13 an-

223 1103 88 25 ledning
333 1103 22 19 af
375 1102 108 26 förslaget,
506 1102 27 20 dä
555 1103 58 19 tiden
636 1104 23 18 är
680 1102 24 20 sä
719 1103 47 19 kort
781 1102 41 20 och
838 1102 25 20 de
879 1101 105 27 ätgärder,

223 1143 47 13 som
293 1137 70 18 kunde
386 1137 109 22 erfordras,
512 1137 6 18 i
534 1137 104 19 händelse
660 1137 102 25 förslaget
784 1137 48 18 icke
852 1137 131 24 godkändes,

223 1177 78 13 annars
317 1171 46 18 icke
379 1171 68 19 skulle
463 1171 133 19 medhinnas.

293 1205 30 19 Af
344 1205 51 19 Herr
418 1205 168 20 Talmannen
609 1204 52 21 härä
682 1205 63 26 gjord
766 1205 163 26 framställning,
949 1211 35 14 om

223 1238 90 21 Ständet
333 1239 123 26 godkänner
475 1239 174 20 Statsutskottets
665 1247 28 12 nu
708 1240 98 26 upplästa
821 1239 163 26 framställning,

222 1274 129 19 besvarades
367 1273 102 26 enhälligt
479 1274 92 25 jakande.

292 1308 119 25 Föredrogs
435 1308 81 25 förslag
543 1308 32 19 till
601 1308 209 26 sammanjemkning
836 1309 22 18 af
879 1307 105 20 Ständens

223 1342 126 25 skiljaktiga
371 1342 69 19 beslut
459 1342 7 19 i
484 1342 116 26 anledning
623 1343 22 18 af
664 1341 84 26 Nädiga
770 1342 157 26 propositionen
949 1349 35 13 om

222 1376 281 25 kommunalförvaltningen
518 1377 7 18 i
542 1377 53 22 stad,
612 1377 86 25 afgifvet
717 1377 22 19 af
759 1377 35 19 det
816 1377 32 19 för
869 1377 116 25 beredning

223 1411 23 18 af
267 1411 57 19 detta
346 1411 77 19 ärende
445 1411 91 18 tillsatta
559 1411 106 19 särskilda
687 1411 88 22 utskott,
798 1411 41 19 och
860 1410 124 26 godkändes

223 1445 92 19 nämnde
331 1445 79 25 förslag
423 1446 51 18 utan
489 1445 124 20 diskussion
629 1445 32 19 till
677 1445 42 19 alla
735 1445 63 19 delar.

293 1479 64 20 Ordet
372 1479 103 26 begärdes
490 1478 52 21 härä
558 1479 23 20 af
