1109 1817
239 162 45 18 1946
538 162 39 18 Den
590 163 10 16 5
612 162 47 18 Juni.

284 222 52 18 Herr
351 220 124 27 Procopé:
506 222 31 18 Af
553 221 53 19 Herr
621 221 96 19 Wasenii
733 222 131 19 reservation
880 219 98 26 framgår,

213 257 32 18 att
261 255 43 20 han
319 255 69 20 skulle
403 255 115 26 godkänna
534 255 40 20 den
586 254 83 27 Nådiga
680 255 158 26 propositionen
848 254 130 21 beträffande

214 290 66 19 andra
303 296 62 13 mom.
386 290 66 19 under
467 289 61 20 titeln
545 290 164 25 ,förskrifning'
727 305 10 8 ,
741 291 56 18 samt
813 289 119 20 derutöfver
946 289 32 19 för

214 324 75 25 hvarje
310 323 51 20 fulla
377 323 41 20 200
434 324 60 19 mark
507 324 56 19 ända
578 324 32 19 till
630 323 59 24 1,000
705 324 81 19 mark."
817 324 108 19 Utskottet
940 323 39 20 har

214 358 109 20 förändrat
345 358 58 19 detta
421 358 85 26 uttryck
522 358 33 19 till
573 360 68 24 ,samt
657 359 119 18 derutöfver
792 359 31 18 för
838 358 74 25 hvarje
928 358 50 19 fulla

214 392 43 20 200
275 393 60 18 mark
350 393 32 18 till
398 393 39 19 och
453 393 49 19 med
519 393 62 22 1,000
597 393 82 22 mark",
694 392 87 19 hvilken
797 393 128 25 förändring,
941 399 37 13 en-

214 427 41 26 ligt
277 427 52 20 Herr
352 427 96 19 Wasenii
471 427 113 26 yttrande"
609 427 21 19 af
651 427 78 19 honom
748 427 19 24 ej
785 427 80 19 kunnat
882 429 96 23 antagas.

215 462 53 19 Herr
287 462 114 19 Wasenius
424 462 38 19 har
477 462 48 19 icke
540 462 122 19 observerat
678 463 29 17 att
723 461 68 26 enligt
805 461 84 26 Nådiga
904 467 74 20 propo-

215 497 104 19 sitionens
335 497 134 25 ordalydelse
487 503 25 13 en
526 497 137 24 förskrifning
674 495 25 27 på
713 496 60 22 1,000
785 497 60 18 mark
856 497 123 25 härigenom

214 531 48 19 icke
278 531 69 19 skulle
363 531 90 19 behöfva
469 531 40 18 alls
525 531 104 25 beläggas
645 531 48 18 med
709 531 67 18 karta.

285 565 52 19 Herr
359 565 144 20 Boström:
534 565 31 19 En
589 565 121 25 grundsats,
734 571 47 13 som
799 564 117 27 genomgår
930 565 50 19 hela

215 599 157 26 förordningen,
389 600 22 19 är
427 600 46 22 den,
489 601 31 17 att
533 599 25 26 ju
575 601 66 18 större
659 606 96 12 summan
774 600 29 22 är,
819 600 7 18 i
842 600 60 19 desto
913 600 67 18 större

215 633 122 26 proportion
360 635 23 18 är
398 633 65 20 också
479 633 181 26 stämpelafgiften
676 633 90 26 förhöjd,
783 633 40 20 och
840 634 68 19 denna
923 634 57 25 prin-

216 669 33 24 cip
272 669 23 18 är
310 669 7 17 i
333 668 116 19 allmänhet
464 668 84 25 ganska
570 668 132 26 konseqvent
724 668 132 25 genomförd,
878 670 50 16 utan
949 669 31 17 att

215 702 58 26 gifva
297 702 114 26 anledning
433 702 33 19 till
488 701 67 26 några
576 701 135 23 tvifvelsmål,
727 701 72 20 såsom
815 702 6 18 i
838 708 27 13 nu
880 702 100 25 gällande

216 737 123 25 förordning
353 737 54 19 varit
422 736 64 20 fallet.
517 736 68 19 Bland
601 738 64 17 annat
680 736 38 19 har
734 736 69 19 denna
816 736 66 26 punkt
893 742 34 14 om
938 736 41 19 för-

216 771 106 25 skrifning
337 770 40 20 och
393 770 123 20 skuldsedel
531 771 62 25 gifvit
609 770 115 26 anledning
742 770 32 19 till
785 770 57 20 olika
853 770 126 26 tolkningar,

216 806 7 18 i
239 805 35 19 det
289 807 31 17 att
334 805 35 19 vid
384 805 109 25 kartering
508 806 22 18 af
544 805 75 25 belopp
635 805 58 19 öfver
711 804 60 24 1,000
788 805 60 19 mark
864 805 34 19 det
914 805 66 19 första

216 839 116 20 tusentalet
349 840 23 18 af
385 846 26 12 en
427 839 33 20 del
476 841 82 17 ansetts
574 840 51 19 böra
640 840 103 25 beläggas
759 840 48 18 med
823 846 25 12 en
865 840 78 22 marks,
959 840 24 18 af

217 874 66 19 andra
299 872 44 21 åter
358 874 48 19 med
421 872 36 21 två
473 874 71 19 marks
561 874 66 19 karta.
655 874 45 19 Den
716 880 75 13 senare
807 874 22 18 af
843 874 63 19 dessa
922 872 58 27 åsig-

216 909 33 19 ter
271 908 60 20 torde
353 908 55 20 dock
425 914 51 14 vara
492 908 40 20 den
548 910 67 24 rätta;
631 908 81 20 hvilket
728 908 61 20 äfven
806 909 23 18 af
843 908 136 26 prokuratorn

216 943 8 19 i
239 942 55 20 hans
309 942 113 20 berättelse
438 943 48 19 med
501 943 116 25 anledning
634 943 23 19 af
670 942 53 20 hans
744 944 85 18 senaste
850 943 131 19 embetsresa

217 977 112 19 uttalades.
360 977 40 19 För
423 977 43 19 min
488 977 34 19 del
539 984 63 13 anser
617 976 66 21 också
696 978 39 24 jag
751 977 58 19 detta
824 983 50 13 vara
889 977 7 19 i
911 977 69 19 denna

217 1012 123 25 förordning
363 1012 128 25 fullkomligt
514 1012 79 26 tydligt
617 1012 90 19 uttaladt
730 1012 40 19 och
794 1012 42 18 kan
859 1011 47 19 icke
921 1012 59 22 fatta,

216 1045 55 20 huru
286 1045 52 19 Herr
354 1046 114 19 Wasenius
483 1046 82 19 kunnat
581 1052 52 14 anse
651 1046 60 23 1,100
727 1046 61 19 mark
804 1046 51 19 böra
878 1046 102 25 beläggas

217 1080 47 20 med
281 1080 61 19 karta
357 1080 32 19 till
404 1080 13 19 2
433 1081 60 19 mark
510 1080 26 20 20
552 1081 71 25 penni.

287 1114 52 20 Herr
361 1114 157 20 Wasenius:
549 1115 48 19 Med
620 1114 115 26 anledning
757 1115 22 19 af
800 1115 53 19 Herr
875 1113 105 26 Procopés

217 1148 142 26 anmärkning
382 1149 35 18 ber
440 1149 37 25 jag
499 1148 21 20 få
539 1150 85 21 nämna,
646 1151 31 17 att
699 1149 44 19 min
759 1149 130 19 reservation
906 1149 75 18 endast

217 1182 69 27 gäller
307 1182 68 26 tredje
397 1189 63 14 mom.
483 1183 90 20 rörande
597 1183 144 26 förskrifning,
761 1182 96 23 sålunda,
873 1184 30 17 att
919 1183 61 19 orda-

217 1217 98 26 lydelsen
331 1217 7 19 i
353 1217 40 19 den
416 1224 28 13 nu
464 1217 101 26 gällande
589 1218 150 25 förordningen
763 1217 69 20 skulle
852 1215 128 24 bibehållas;

217 1251 42 20 och
281 1251 39 20 har
342 1251 35 20 det
399 1251 88 20 alldeles
510 1252 48 19 icke
579 1253 54 18 varit
656 1252 42 19 min
720 1252 65 25 afsigt
801 1253 30 18 att
847 1251 92 20 utesluta
954 1251 26 20 de

218 1285 127 27 föregående
361 1286 147 25 stadgandena
523 1287 6 18 i
545 1287 116 19 utskottets
677 1287 88 24 förslag.
791 1286 151 25 Principenligt
957 1287 24 18 är

218 1321 35 19 det
269 1322 31 17 att
313 1321 24 25 ju
352 1320 66 25 högre
438 1321 177 25 förskrifningens
638 1321 75 25 belopp
735 1321 73 25 stiger,
831 1321 61 18 desto
914 1320 67 26 högre

218 1355 56 19 skall
290 1355 40 19 den
346 1353 65 21 också
427 1355 105 23 karteras;
548 1361 49 14 men
613 1354 27 20 då
655 1361 27 14 en
697 1355 67 26 högre
779 1356 133 25 procentsats
922 1354 58 21 åsät-

217 1390 33 18 tes
273 1389 167 25 förskrifningar,
464 1388 25 21 så
509 1391 60 18 snart
583 1390 26 19 de
625 1390 56 25 stiga
696 1389 33 20 till
745 1391 30 18 ett
790 1389 54 19 visst
860 1389 80 26 belopp,
956 1387 26 21 så

218 1423 70 20 skulle
304 1423 160 26 konseqvensen
480 1424 76 23 fordra,
573 1425 30 18 att
619 1424 36 19 det
669 1424 60 25 lägre
744 1423 98 26 beloppet
857 1424 53 19 först
925 1423 56 19 skall

219 1458 100 25 afdragas
341 1458 39 19 och
403 1458 95 19 karteras
520 1459 49 19 med
593 1459 40 19 den
655 1460 92 24 procent,
768 1465 46 12 som
830 1459 24 18 är
869 1459 65 18 utsatt
949 1458 32 19 för
