<?xml version="1.0" encoding="UTF-8"?>
<alto xmlns="http://www.loc.gov/standards/alto/ns-v3#" xmlns:xlink="http://www.w3.org/1999/xlink" xmlns:xsi="http://www.w3.org/2001/XMLSchema-instance" xsi:schemaLocation="http://www.loc.gov/standards/alto/ns-v3# http://www.loc.gov/alto/v3/alto-3-0.xsd">
	<Description>
		<MeasurementUnit>pixel</MeasurementUnit>
		<sourceImageInformation>
			<fileName>/tmp/tess_77sp3wtd_input.PNG</fileName>
		</sourceImageInformation>
		<OCRProcessing ID="OCR_0">
			<ocrProcessingStep>
				<processingSoftware>
					<softwareName>tesseract 5.3.4</softwareName>
				</processingSoftware>
			</ocrProcessingStep>
		</OCRProcessing>
	</Description>
	<Layout>
		<Page WIDTH="1109" HEIGHT="1817" PHYSICAL_IMG_NR="0" ID="page_0">
			<PrintSpace HPOS="0" VPOS="0" WIDTH="1109" HEIGHT="1817">
				<ComposedBlock ID="cblock_0" HPOS="230" VPOS="172" WIDTH="416" HEIGHT="18">
					<TextBlock ID="block_0" HPOS="230" VPOS="172" WIDTH="416" HEIGHT="18">
						<TextLine ID="line_0" HPOS="230" VPOS="172" WIDTH="416" HEIGHT="18">
							<String ID="string_0" HPOS="230" VPOS="172" WIDTH="45" HEIGHT="18" WC="0.96" CONTENT="1818"/><SP WIDTH="249" VPOS="172" HPOS="275"/>
							<String ID="string_1" HPOS="524" VPOS="172" WIDTH="39" HEIGHT="17" WC="0.96" CONTENT="Den"/><SP WIDTH="14" VPOS="172" HPOS="563"/>
							<String ID="string_2" HPOS="577" VPOS="172" WIDTH="10" HEIGHT="17" WC="0.96" CONTENT="3"/><SP WIDTH="12" VPOS="172" HPOS="587"/>
							<String ID="string_3" HPOS="599" VPOS="172" WIDTH="47" HEIGHT="17" WC="0.96" CONTENT="Juni."/>
						</TextLine>
					</TextBlock>
				</ComposedBlock>
				<ComposedBlock ID="cblock_1" HPOS="205" VPOS="229" WIDTH="771" HEIGHT="1227">
					<TextBlock ID="block_1" HPOS="205" VPOS="229" WIDTH="767" HEIGHT="678">
						<TextLine ID="line_1" HPOS="206" VPOS="229" WIDTH="762" HEIGHT="27">
							<String ID="string_4" HPOS="206" VPOS="230" WIDTH="166" HEIGHT="25" WC="0.96" CONTENT="uteslutningen,"/><SP WIDTH="23" VPOS="230" HPOS="372"/>
							<String ID="string_5" HPOS="395" VPOS="229" WIDTH="24" HEIGHT="20" WC="0.93" CONTENT="så"/><SP WIDTH="18" VPOS="229" HPOS="419"/>
							<String ID="string_6" HPOS="437" VPOS="230" WIDTH="83" HEIGHT="26" WC="0.92" CONTENT="nödgas"/><SP WIDTH="12" VPOS="230" HPOS="520"/>
							<String ID="string_7" HPOS="532" VPOS="230" WIDTH="41" HEIGHT="25" WC="0.96" CONTENT="jag"/><SP WIDTH="15" VPOS="230" HPOS="573"/>
							<String ID="string_8" HPOS="588" VPOS="231" WIDTH="107" HEIGHT="22" WC="0.96" CONTENT="anmärka,"/><SP WIDTH="16" VPOS="231" HPOS="695"/>
							<String ID="string_9" HPOS="711" VPOS="231" WIDTH="31" HEIGHT="18" WC="0.96" CONTENT="att"/><SP WIDTH="13" VPOS="231" HPOS="742"/>
							<String ID="string_10" HPOS="755" VPOS="230" WIDTH="39" HEIGHT="26" WC="0.96" CONTENT="jag"/><SP WIDTH="15" VPOS="230" HPOS="794"/>
							<String ID="string_11" HPOS="809" VPOS="230" WIDTH="18" HEIGHT="26" WC="0.93" CONTENT="ej"/><SP WIDTH="19" VPOS="230" HPOS="827"/>
							<String ID="string_12" HPOS="846" VPOS="229" WIDTH="69" HEIGHT="21" WC="0.92" CONTENT="såvidt"/><SP WIDTH="13" VPOS="229" HPOS="915"/>
							<String ID="string_13" HPOS="928" VPOS="231" WIDTH="40" HEIGHT="25" WC="0.96" CONTENT="jag"/>
						</TextLine>
						<TextLine ID="line_2" HPOS="205" VPOS="263" WIDTH="762" HEIGHT="28">
							<String ID="string_14" HPOS="205" VPOS="265" WIDTH="82" HEIGHT="19" WC="0.96" CONTENT="kunnat"/><SP WIDTH="16" VPOS="265" HPOS="287"/>
							<String ID="string_15" HPOS="303" VPOS="265" WIDTH="94" HEIGHT="25" WC="0.96" CONTENT="uppfatta"/><SP WIDTH="16" VPOS="265" HPOS="397"/>
							<String ID="string_16" HPOS="413" VPOS="265" WIDTH="72" HEIGHT="22" WC="0.96" CONTENT="saken,"/><SP WIDTH="16" VPOS="265" HPOS="485"/>
							<String ID="string_17" HPOS="501" VPOS="271" WIDTH="64" HEIGHT="13" WC="0.96" CONTENT="anser"/><SP WIDTH="15" VPOS="271" HPOS="565"/>
							<String ID="string_18" HPOS="580" VPOS="265" WIDTH="67" HEIGHT="19" WC="0.93" CONTENT="denna"/><SP WIDTH="16" VPOS="265" HPOS="647"/>
							<String ID="string_19" HPOS="663" VPOS="264" WIDTH="15" HEIGHT="27" WC="0.93" CONTENT="&amp;"/><SP WIDTH="16" VPOS="264" HPOS="678"/>
							<String ID="string_20" HPOS="694" VPOS="263" WIDTH="33" HEIGHT="21" WC="0.96" CONTENT="stä"/><SP WIDTH="15" VPOS="263" HPOS="727"/>
							<String ID="string_21" HPOS="742" VPOS="265" WIDTH="41" HEIGHT="19" WC="0.96" CONTENT="rätt"/><SP WIDTH="14" VPOS="265" HPOS="783"/>
							<String ID="string_22" HPOS="797" VPOS="265" WIDTH="3" HEIGHT="19" WC="0.96" CONTENT="i"/><SP WIDTH="11" VPOS="265" HPOS="800"/>
							<String ID="string_23" HPOS="811" VPOS="265" WIDTH="156" HEIGHT="25" WC="0.96" CONTENT="sammanhang"/>
						</TextLine>
						<TextLine ID="line_3" HPOS="206" VPOS="298" WIDTH="762" HEIGHT="27">
							<String ID="string_24" HPOS="206" VPOS="299" WIDTH="49" HEIGHT="19" WC="0.93" CONTENT="med"/><SP WIDTH="16" VPOS="299" HPOS="255"/>
							<String ID="string_25" HPOS="271" VPOS="298" WIDTH="14" HEIGHT="27" WC="0.77" CONTENT="&amp;"/><SP WIDTH="16" VPOS="298" HPOS="285"/>
							<String ID="string_26" HPOS="301" VPOS="299" WIDTH="34" HEIGHT="19" WC="0.96" CONTENT="56."/><SP WIDTH="31" VPOS="299" HPOS="335"/>
							<String ID="string_27" HPOS="366" VPOS="299" WIDTH="41" HEIGHT="19" WC="0.95" CONTENT="Det"/><SP WIDTH="14" VPOS="299" HPOS="407"/>
							<String ID="string_28" HPOS="421" VPOS="299" WIDTH="60" HEIGHT="19" WC="0.96" CONTENT="heter"/><SP WIDTH="14" VPOS="299" HPOS="481"/>
							<String ID="string_29" HPOS="495" VPOS="299" WIDTH="48" HEIGHT="19" WC="0.93" CONTENT="här:"/><SP WIDTH="20" VPOS="299" HPOS="543"/>
							<String ID="string_30" HPOS="563" VPOS="299" WIDTH="118" HEIGHT="19" WC="0.91" CONTENT="Brännvins"/><SP WIDTH="16" VPOS="299" HPOS="681"/>
							<String ID="string_31" HPOS="697" VPOS="299" WIDTH="120" HEIGHT="19" WC="0.96" CONTENT="tillverkare"/><SP WIDTH="15" VPOS="299" HPOS="817"/>
							<String ID="string_32" HPOS="832" VPOS="299" WIDTH="51" HEIGHT="19" WC="0.93" CONTENT="eller"/><SP WIDTH="16" VPOS="299" HPOS="883"/>
							<String ID="string_33" HPOS="899" VPOS="299" WIDTH="69" HEIGHT="19" WC="0.92" CONTENT="distil-"/>
						</TextLine>
						<TextLine ID="line_4" HPOS="206" VPOS="332" WIDTH="762" HEIGHT="27">
							<String ID="string_34" HPOS="206" VPOS="333" WIDTH="79" HEIGHT="20" WC="0.92" CONTENT="latörer"/><SP WIDTH="16" VPOS="333" HPOS="285"/>
							<String ID="string_35" HPOS="301" VPOS="332" WIDTH="34" HEIGHT="20" WC="0.96" CONTENT="mä"/><SP WIDTH="15" VPOS="332" HPOS="335"/>
							<String ID="string_36" HPOS="350" VPOS="333" WIDTH="36" HEIGHT="19" WC="0.93" CONTENT="vid"/><SP WIDTH="15" VPOS="333" HPOS="386"/>
							<String ID="string_37" HPOS="401" VPOS="333" WIDTH="98" HEIGHT="23" WC="0.92" CONTENT="fabriker,"/><SP WIDTH="17" VPOS="333" HPOS="499"/>
							<String ID="string_38" HPOS="516" VPOS="333" WIDTH="40" HEIGHT="20" WC="0.96" CONTENT="och"/><SP WIDTH="16" VPOS="333" HPOS="556"/>
							<String ID="string_39" HPOS="572" VPOS="333" WIDTH="7" HEIGHT="19" WC="0.96" CONTENT="i"/><SP WIDTH="16" VPOS="333" HPOS="579"/>
							<String ID="string_40" HPOS="595" VPOS="333" WIDTH="54" HEIGHT="23" WC="0.96" CONTENT="stad,"/><SP WIDTH="12" VPOS="333" HPOS="649"/>
							<String ID="string_41" HPOS="661" VPOS="333" WIDTH="50" HEIGHT="20" WC="0.96" CONTENT="eller"/><SP WIDTH="13" VPOS="333" HPOS="711"/>
							<String ID="string_42" HPOS="724" VPOS="334" WIDTH="3" HEIGHT="18" WC="0.93" CONTENT="i"/><SP WIDTH="12" VPOS="334" HPOS="727"/>
							<String ID="string_43" HPOS="739" VPOS="333" WIDTH="85" HEIGHT="26" WC="0.93" CONTENT="köping,"/><SP WIDTH="12" VPOS="333" HPOS="824"/>
							<String ID="string_44" HPOS="836" VPOS="339" WIDTH="45" HEIGHT="14" WC="0.96" CONTENT="som"/><SP WIDTH="12" VPOS="339" HPOS="881"/>
							<String ID="string_45" HPOS="893" VPOS="333" WIDTH="7" HEIGHT="19" WC="0.93" CONTENT="i"/><SP WIDTH="11" VPOS="333" HPOS="900"/>
							<String ID="string_46" HPOS="911" VPOS="333" WIDTH="57" HEIGHT="20" WC="0.93" CONTENT="detta"/>
						</TextLine>
						<TextLine ID="line_5" HPOS="207" VPOS="367" WIDTH="761" HEIGHT="26">
							<String ID="string_47" HPOS="207" VPOS="367" WIDTH="101" HEIGHT="20" WC="0.92" CONTENT="afseende"/><SP WIDTH="22" VPOS="367" HPOS="308"/>
							<String ID="string_48" HPOS="330" VPOS="368" WIDTH="23" HEIGHT="19" WC="0.94" CONTENT="är"/><SP WIDTH="22" VPOS="368" HPOS="353"/>
							<String ID="string_49" HPOS="375" VPOS="368" WIDTH="48" HEIGHT="19" WC="0.96" CONTENT="med"/><SP WIDTH="22" VPOS="368" HPOS="423"/>
							<String ID="string_50" HPOS="445" VPOS="368" WIDTH="48" HEIGHT="19" WC="0.91" CONTENT="stad"/><SP WIDTH="23" VPOS="368" HPOS="493"/>
							<String ID="string_51" HPOS="516" VPOS="367" WIDTH="103" HEIGHT="24" WC="0.91" CONTENT="likställd,"/><SP WIDTH="20" VPOS="367" HPOS="619"/>
							<String ID="string_52" HPOS="639" VPOS="367" WIDTH="26" HEIGHT="26" WC="0.93" CONTENT="pä"/><SP WIDTH="15" VPOS="367" HPOS="665"/>
							<String ID="string_53" HPOS="680" VPOS="369" WIDTH="48" HEIGHT="24" WC="0.92" CONTENT="torg"/><SP WIDTH="15" VPOS="369" HPOS="728"/>
							<String ID="string_54" HPOS="743" VPOS="367" WIDTH="52" HEIGHT="20" WC="0.93" CONTENT="eller"/><SP WIDTH="15" VPOS="367" HPOS="795"/>
							<String ID="string_55" HPOS="810" VPOS="367" WIDTH="102" HEIGHT="20" WC="0.93" CONTENT="särskildt"/><SP WIDTH="14" VPOS="367" HPOS="912"/>
							<String ID="string_56" HPOS="926" VPOS="368" WIDTH="42" HEIGHT="19" WC="0.92" CONTENT="för-"/>
						</TextLine>
						<TextLine ID="line_6" HPOS="208" VPOS="401" WIDTH="760" HEIGHT="26">
							<String ID="string_57" HPOS="208" VPOS="401" WIDTH="177" HEIGHT="26" WC="0.91" CONTENT="säljningsställe,"/><SP WIDTH="22" VPOS="401" HPOS="385"/>
							<String ID="string_58" HPOS="407" VPOS="402" WIDTH="86" HEIGHT="19" WC="0.91" CONTENT="hvartill"/><SP WIDTH="22" VPOS="402" HPOS="493"/>
							<String ID="string_59" HPOS="515" VPOS="401" WIDTH="97" HEIGHT="20" WC="0.91" CONTENT="tillständ"/><SP WIDTH="23" VPOS="401" HPOS="612"/>
							<String ID="string_60" HPOS="635" VPOS="402" WIDTH="122" HEIGHT="25" WC="0.92" CONTENT="medgifvits"/><SP WIDTH="19" VPOS="402" HPOS="757"/>
							<String ID="string_61" HPOS="776" VPOS="403" WIDTH="23" HEIGHT="18" WC="0.96" CONTENT="af"/><SP WIDTH="13" VPOS="403" HPOS="799"/>
							<String ID="string_62" HPOS="812" VPOS="402" WIDTH="156" HEIGHT="19" WC="0.96" CONTENT="vederbörande"/>
						</TextLine>
						<TextLine ID="line_7" HPOS="207" VPOS="436" WIDTH="761" HEIGHT="26">
							<String ID="string_63" HPOS="207" VPOS="436" WIDTH="113" HEIGHT="25" WC="0.91" CONTENT="Magistrat"/><SP WIDTH="23" VPOS="436" HPOS="320"/>
							<String ID="string_64" HPOS="343" VPOS="436" WIDTH="50" HEIGHT="19" WC="0.92" CONTENT="eller"/><SP WIDTH="24" VPOS="436" HPOS="393"/>
							<String ID="string_65" HPOS="417" VPOS="436" WIDTH="156" HEIGHT="26" WC="0.92" CONTENT="Ordningsrätt,"/><SP WIDTH="22" VPOS="436" HPOS="573"/>
							<String ID="string_66" HPOS="595" VPOS="436" WIDTH="55" HEIGHT="26" WC="0.91" CONTENT="sälja"/><SP WIDTH="22" VPOS="436" HPOS="650"/>
							<String ID="string_67" HPOS="672" VPOS="437" WIDTH="104" HEIGHT="18" WC="0.92" CONTENT="brännvin"/><SP WIDTH="23" VPOS="437" HPOS="776"/>
							<String ID="string_68" HPOS="799" VPOS="436" WIDTH="32" HEIGHT="19" WC="0.93" CONTENT="till"/><SP WIDTH="21" VPOS="436" HPOS="831"/>
							<String ID="string_69" HPOS="852" VPOS="436" WIDTH="63" HEIGHT="19" WC="0.92" CONTENT="ofvan"/><SP WIDTH="15" VPOS="436" HPOS="915"/>
							<String ID="string_70" HPOS="930" VPOS="442" WIDTH="38" HEIGHT="13" WC="0.92" CONTENT="an-"/>
						</TextLine>
						<TextLine ID="line_8" HPOS="207" VPOS="469" WIDTH="762" HEIGHT="27">
							<String ID="string_71" HPOS="207" VPOS="471" WIDTH="60" HEIGHT="25" WC="0.91" CONTENT="gifna"/><SP WIDTH="22" VPOS="471" HPOS="267"/>
							<String ID="string_72" HPOS="289" VPOS="470" WIDTH="75" HEIGHT="26" WC="0.91" CONTENT="belopp"/><SP WIDTH="23" VPOS="470" HPOS="364"/>
							<String ID="string_73" HPOS="387" VPOS="471" WIDTH="22" HEIGHT="18" WC="0.95" CONTENT="af"/><SP WIDTH="20" VPOS="471" HPOS="409"/>
							<String ID="string_74" HPOS="429" VPOS="471" WIDTH="66" HEIGHT="19" WC="0.96" CONTENT="minst"/><SP WIDTH="23" VPOS="471" HPOS="495"/>
							<String ID="string_75" HPOS="518" VPOS="471" WIDTH="42" HEIGHT="18" WC="0.93" CONTENT="fem"/><SP WIDTH="22" VPOS="471" HPOS="560"/>
							<String ID="string_76" HPOS="582" VPOS="471" WIDTH="86" HEIGHT="22" WC="0.92" CONTENT="kannor,"/><SP WIDTH="15" VPOS="471" HPOS="668"/>
							<String ID="string_77" HPOS="683" VPOS="470" WIDTH="74" HEIGHT="19" WC="0.92" CONTENT="hvilka"/><SP WIDTH="15" VPOS="470" HPOS="757"/>
							<String ID="string_78" HPOS="772" VPOS="469" WIDTH="27" HEIGHT="27" WC="0.96" CONTENT="pä"/><SP WIDTH="15" VPOS="469" HPOS="799"/>
							<String ID="string_79" HPOS="814" VPOS="477" WIDTH="82" HEIGHT="12" WC="0.91" CONTENT="samma"/><SP WIDTH="15" VPOS="477" HPOS="896"/>
							<String ID="string_80" HPOS="911" VPOS="469" WIDTH="58" HEIGHT="27" WC="0.91" CONTENT="gäng"/>
						</TextLine>
						<TextLine ID="line_9" HPOS="208" VPOS="504" WIDTH="761" HEIGHT="27">
							<String ID="string_81" HPOS="208" VPOS="505" WIDTH="41" HEIGHT="19" WC="0.94" CONTENT="och"/><SP WIDTH="22" VPOS="505" HPOS="249"/>
							<String ID="string_82" HPOS="271" VPOS="505" WIDTH="32" HEIGHT="18" WC="0.94" CONTENT="till"/><SP WIDTH="24" VPOS="505" HPOS="303"/>
							<String ID="string_83" HPOS="327" VPOS="511" WIDTH="82" HEIGHT="13" WC="0.96" CONTENT="samma"/><SP WIDTH="15" VPOS="511" HPOS="409"/>
							<String ID="string_84" HPOS="424" VPOS="511" WIDTH="76" HEIGHT="19" WC="0.92" CONTENT="person"/><SP WIDTH="16" VPOS="511" HPOS="500"/>
							<String ID="string_85" HPOS="516" VPOS="505" WIDTH="51" HEIGHT="19" WC="0.93" CONTENT="böra"/><SP WIDTH="16" VPOS="505" HPOS="567"/>
							<String ID="string_86" HPOS="583" VPOS="505" WIDTH="122" HEIGHT="19" WC="0.78" CONTENT="aflemnas*."/><SP WIDTH="31" VPOS="505" HPOS="705"/>
							<String ID="string_87" HPOS="736" VPOS="504" WIDTH="35" HEIGHT="20" WC="0.93" CONTENT="Uti"/><SP WIDTH="16" VPOS="504" HPOS="771"/>
							<String ID="string_88" HPOS="787" VPOS="504" WIDTH="14" HEIGHT="27" WC="0.90" CONTENT="&amp;"/><SP WIDTH="16" VPOS="504" HPOS="801"/>
							<String ID="string_89" HPOS="817" VPOS="504" WIDTH="27" HEIGHT="20" WC="0.96" CONTENT="56"/><SP WIDTH="16" VPOS="504" HPOS="844"/>
							<String ID="string_90" HPOS="860" VPOS="504" WIDTH="59" HEIGHT="20" WC="0.96" CONTENT="heter"/><SP WIDTH="15" VPOS="504" HPOS="919"/>
							<String ID="string_91" HPOS="934" VPOS="504" WIDTH="35" HEIGHT="19" WC="0.96" CONTENT="det"/>
						</TextLine>
						<TextLine ID="line_10" HPOS="209" VPOS="537" WIDTH="761" HEIGHT="28">
							<String ID="string_92" HPOS="209" VPOS="537" WIDTH="46" HEIGHT="26" WC="0.88" CONTENT="»Då"/><SP WIDTH="23" VPOS="537" HPOS="255"/>
							<String ID="string_93" HPOS="278" VPOS="539" WIDTH="121" HEIGHT="19" WC="0.96" CONTENT="tillverkare"/><SP WIDTH="22" VPOS="539" HPOS="399"/>
							<String ID="string_94" HPOS="421" VPOS="539" WIDTH="52" HEIGHT="20" WC="0.93" CONTENT="eller"/><SP WIDTH="20" VPOS="539" HPOS="473"/>
							<String ID="string_95" HPOS="493" VPOS="539" WIDTH="120" HEIGHT="23" WC="0.92" CONTENT="distillatör,"/><SP WIDTH="18" VPOS="539" HPOS="613"/>
							<String ID="string_96" HPOS="631" VPOS="538" WIDTH="27" HEIGHT="26" WC="0.96" CONTENT="pä"/><SP WIDTH="15" VPOS="538" HPOS="658"/>
							<String ID="string_97" HPOS="673" VPOS="539" WIDTH="68" HEIGHT="26" WC="0.96" CONTENT="grund"/><SP WIDTH="15" VPOS="539" HPOS="741"/>
							<String ID="string_98" HPOS="756" VPOS="539" WIDTH="23" HEIGHT="19" WC="0.93" CONTENT="af"/><SP WIDTH="13" VPOS="539" HPOS="779"/>
							<String ID="string_99" HPOS="792" VPOS="539" WIDTH="121" HEIGHT="26" WC="0.91" CONTENT="medgifven"/><SP WIDTH="16" VPOS="539" HPOS="913"/>
							<String ID="string_100" HPOS="929" VPOS="539" WIDTH="41" HEIGHT="19" WC="0.96" CONTENT="rätt"/>
						</TextLine>
						<TextLine ID="line_11" HPOS="209" VPOS="573" WIDTH="761" HEIGHT="26">
							<String ID="string_101" HPOS="209" VPOS="575" WIDTH="30" HEIGHT="18" WC="0.96" CONTENT="att"/><SP WIDTH="16" VPOS="575" HPOS="239"/>
							<String ID="string_102" HPOS="255" VPOS="573" WIDTH="32" HEIGHT="19" WC="0.93" CONTENT="till"/><SP WIDTH="16" VPOS="573" HPOS="287"/>
							<String ID="string_103" HPOS="303" VPOS="573" WIDTH="75" HEIGHT="26" WC="0.93" CONTENT="belopp"/><SP WIDTH="15" VPOS="573" HPOS="378"/>
							<String ID="string_104" HPOS="393" VPOS="574" WIDTH="23" HEIGHT="18" WC="0.96" CONTENT="af"/><SP WIDTH="13" VPOS="574" HPOS="416"/>
							<String ID="string_105" HPOS="429" VPOS="574" WIDTH="65" HEIGHT="18" WC="0.96" CONTENT="minst"/><SP WIDTH="16" VPOS="574" HPOS="494"/>
							<String ID="string_106" HPOS="510" VPOS="574" WIDTH="41" HEIGHT="19" WC="0.93" CONTENT="fem"/><SP WIDTH="16" VPOS="574" HPOS="551"/>
							<String ID="string_107" HPOS="567" VPOS="573" WIDTH="82" HEIGHT="20" WC="0.91" CONTENT="kannor"/><SP WIDTH="15" VPOS="573" HPOS="649"/>
							<String ID="string_108" HPOS="664" VPOS="574" WIDTH="89" HEIGHT="25" WC="0.91" CONTENT="föryttra"/><SP WIDTH="15" VPOS="574" HPOS="753"/>
							<String ID="string_109" HPOS="768" VPOS="573" WIDTH="110" HEIGHT="23" WC="0.91" CONTENT="brännvin,"/><SP WIDTH="11" VPOS="573" HPOS="878"/>
							<String ID="string_110" HPOS="889" VPOS="573" WIDTH="81" HEIGHT="20" WC="0.92" CONTENT="utöfver"/>
						</TextLine>
						<TextLine ID="line_12" HPOS="209" VPOS="606" WIDTH="761" HEIGHT="27">
							<String ID="string_111" HPOS="209" VPOS="606" WIDTH="68" HEIGHT="21" WC="0.93" CONTENT="sädan"/><SP WIDTH="16" VPOS="606" HPOS="277"/>
							<String ID="string_112" HPOS="293" VPOS="607" WIDTH="127" HEIGHT="26" WC="0.95" CONTENT="försäljning"/><SP WIDTH="15" VPOS="607" HPOS="420"/>
							<String ID="string_113" HPOS="435" VPOS="608" WIDTH="6" HEIGHT="19" WC="0.96" CONTENT="i"/><SP WIDTH="16" VPOS="608" HPOS="441"/>
							<String ID="string_114" HPOS="457" VPOS="608" WIDTH="54" HEIGHT="22" WC="0.95" CONTENT="stad,"/><SP WIDTH="16" VPOS="608" HPOS="511"/>
							<String ID="string_115" HPOS="527" VPOS="606" WIDTH="36" HEIGHT="21" WC="0.93" CONTENT="mä"/><SP WIDTH="15" VPOS="606" HPOS="563"/>
							<String ID="string_116" HPOS="578" VPOS="608" WIDTH="97" HEIGHT="25" WC="0.92" CONTENT="mätning"/><SP WIDTH="15" VPOS="608" HPOS="675"/>
							<String ID="string_117" HPOS="690" VPOS="608" WIDTH="23" HEIGHT="19" WC="0.97" CONTENT="af"/><SP WIDTH="13" VPOS="608" HPOS="713"/>
							<String ID="string_118" HPOS="726" VPOS="614" WIDTH="65" HEIGHT="13" WC="0.91" CONTENT="varan"/><SP WIDTH="16" VPOS="614" HPOS="791"/>
							<String ID="string_119" HPOS="807" VPOS="607" WIDTH="18" HEIGHT="26" WC="0.91" CONTENT="ej"/><SP WIDTH="17" VPOS="607" HPOS="825"/>
							<String ID="string_120" HPOS="842" VPOS="607" WIDTH="128" HEIGHT="20" WC="0.92" CONTENT="verkställas"/>
						</TextLine>
						<TextLine ID="line_13" HPOS="209" VPOS="641" WIDTH="761" HEIGHT="26">
							<String ID="string_121" HPOS="209" VPOS="641" WIDTH="13" HEIGHT="20" WC="0.93" CONTENT="å"/><SP WIDTH="23" VPOS="641" HPOS="222"/>
							<String ID="string_122" HPOS="245" VPOS="643" WIDTH="48" HEIGHT="24" WC="0.96" CONTENT="torg"/><SP WIDTH="15" VPOS="643" HPOS="293"/>
							<String ID="string_123" HPOS="308" VPOS="641" WIDTH="51" HEIGHT="20" WC="0.93" CONTENT="eller"/><SP WIDTH="15" VPOS="641" HPOS="359"/>
							<String ID="string_124" HPOS="374" VPOS="644" WIDTH="55" HEIGHT="23" WC="0.96" CONTENT="gata,"/><SP WIDTH="17" VPOS="644" HPOS="429"/>
							<String ID="string_125" HPOS="446" VPOS="643" WIDTH="51" HEIGHT="18" WC="0.96" CONTENT="utan"/><SP WIDTH="16" VPOS="643" HPOS="497"/>
							<String ID="string_126" HPOS="513" VPOS="642" WIDTH="56" HEIGHT="19" WC="0.93" CONTENT="skall"/><SP WIDTH="15" VPOS="642" HPOS="569"/>
							<String ID="string_127" HPOS="584" VPOS="642" WIDTH="125" HEIGHT="19" WC="0.91" CONTENT="brännvinet"/><SP WIDTH="15" VPOS="642" HPOS="709"/>
							<String ID="string_128" HPOS="724" VPOS="642" WIDTH="78" HEIGHT="19" WC="0.92" CONTENT="afföras"/><SP WIDTH="15" VPOS="642" HPOS="802"/>
							<String ID="string_129" HPOS="817" VPOS="641" WIDTH="33" HEIGHT="20" WC="0.93" CONTENT="till"/><SP WIDTH="16" VPOS="641" HPOS="850"/>
							<String ID="string_130" HPOS="866" VPOS="642" WIDTH="104" HEIGHT="25" WC="0.96" CONTENT="köparens"/>
						</TextLine>
						<TextLine ID="line_14" HPOS="209" VPOS="675" WIDTH="762" HEIGHT="27">
							<String ID="string_131" HPOS="209" VPOS="676" WIDTH="94" HEIGHT="19" WC="0.96" CONTENT="hemvist"/><SP WIDTH="22" VPOS="676" HPOS="303"/>
							<String ID="string_132" HPOS="325" VPOS="676" WIDTH="40" HEIGHT="19" WC="0.96" CONTENT="och"/><SP WIDTH="16" VPOS="676" HPOS="365"/>
							<String ID="string_133" HPOS="381" VPOS="676" WIDTH="36" HEIGHT="19" WC="0.93" CONTENT="der"/><SP WIDTH="15" VPOS="676" HPOS="417"/>
							<String ID="string_134" HPOS="432" VPOS="676" WIDTH="114" HEIGHT="25" WC="0.70" CONTENT="utgifvas*."/><SP WIDTH="29" VPOS="676" HPOS="546"/>
							<String ID="string_135" HPOS="575" VPOS="675" WIDTH="32" HEIGHT="20" WC="0.95" CONTENT="Då"/><SP WIDTH="16" VPOS="675" HPOS="607"/>
							<String ID="string_136" HPOS="623" VPOS="676" WIDTH="35" HEIGHT="19" WC="0.80" CONTENT="det"/><SP WIDTH="15" VPOS="676" HPOS="658"/>
							<String ID="string_137" HPOS="673" VPOS="676" WIDTH="6" HEIGHT="18" WC="0.80" CONTENT="i"/><SP WIDTH="16" VPOS="676" HPOS="679"/>
							<String ID="string_138" HPOS="695" VPOS="675" WIDTH="14" HEIGHT="27" WC="0.85" CONTENT="&amp;"/><SP WIDTH="16" VPOS="675" HPOS="709"/>
							<String ID="string_139" HPOS="725" VPOS="676" WIDTH="27" HEIGHT="19" WC="0.96" CONTENT="46"/><SP WIDTH="16" VPOS="676" HPOS="752"/>
							<String ID="string_140" HPOS="768" VPOS="676" WIDTH="60" HEIGHT="19" WC="0.96" CONTENT="heter"/><SP WIDTH="15" VPOS="676" HPOS="828"/>
							<String ID="string_141" HPOS="843" VPOS="677" WIDTH="31" HEIGHT="18" WC="0.97" CONTENT="att"/><SP WIDTH="16" VPOS="677" HPOS="874"/>
							<String ID="string_142" HPOS="890" VPOS="676" WIDTH="34" HEIGHT="19" WC="0.93" CONTENT="det"/><SP WIDTH="15" VPOS="676" HPOS="924"/>
							<String ID="string_143" HPOS="939" VPOS="675" WIDTH="32" HEIGHT="20" WC="0.96" CONTENT="får"/>
						</TextLine>
						<TextLine ID="line_15" HPOS="209" VPOS="708" WIDTH="761" HEIGHT="28">
							<String ID="string_144" HPOS="209" VPOS="709" WIDTH="27" HEIGHT="27" WC="0.96" CONTENT="pä"/><SP WIDTH="16" VPOS="709" HPOS="236"/>
							<String ID="string_145" HPOS="252" VPOS="711" WIDTH="69" HEIGHT="24" WC="0.93" CONTENT="torget"/><SP WIDTH="16" VPOS="711" HPOS="321"/>
							<String ID="string_146" HPOS="337" VPOS="710" WIDTH="109" HEIGHT="22" WC="0.92" CONTENT="aflemnas,"/><SP WIDTH="17" VPOS="710" HPOS="446"/>
							<String ID="string_147" HPOS="463" VPOS="708" WIDTH="24" HEIGHT="21" WC="0.93" CONTENT="sä"/><SP WIDTH="15" VPOS="708" HPOS="487"/>
							<String ID="string_148" HPOS="502" VPOS="709" WIDTH="119" HEIGHT="20" WC="0.92" CONTENT="innehäller"/><SP WIDTH="14" VPOS="709" HPOS="621"/>
							<String ID="string_149" HPOS="635" VPOS="709" WIDTH="14" HEIGHT="27" WC="0.93" CONTENT="&amp;"/><SP WIDTH="16" VPOS="709" HPOS="649"/>
							<String ID="string_150" HPOS="665" VPOS="710" WIDTH="27" HEIGHT="19" WC="0.93" CONTENT="56"/><SP WIDTH="17" VPOS="710" HPOS="692"/>
							<String ID="string_151" HPOS="709" VPOS="709" WIDTH="44" HEIGHT="20" WC="0.93" CONTENT="äter"/><SP WIDTH="13" VPOS="709" HPOS="753"/>
							<String ID="string_152" HPOS="766" VPOS="712" WIDTH="30" HEIGHT="17" WC="0.96" CONTENT="att"/><SP WIDTH="11" VPOS="712" HPOS="796"/>
							<String ID="string_153" HPOS="807" VPOS="710" WIDTH="35" HEIGHT="19" WC="0.93" CONTENT="det"/><SP WIDTH="11" VPOS="710" HPOS="842"/>
							<String ID="string_154" HPOS="853" VPOS="710" WIDTH="19" HEIGHT="24" WC="0.93" CONTENT="ej"/><SP WIDTH="12" VPOS="710" HPOS="872"/>
							<String ID="string_155" HPOS="884" VPOS="708" WIDTH="31" HEIGHT="21" WC="0.92" CONTENT="fär"/><SP WIDTH="11" VPOS="708" HPOS="915"/>
							<String ID="string_156" HPOS="926" VPOS="710" WIDTH="44" HEIGHT="22" WC="0.93" CONTENT="ske,"/>
						</TextLine>
						<TextLine ID="line_16" HPOS="209" VPOS="744" WIDTH="761" HEIGHT="26">
							<String ID="string_157" HPOS="209" VPOS="746" WIDTH="52" HEIGHT="18" WC="0.96" CONTENT="utan"/><SP WIDTH="24" VPOS="746" HPOS="261"/>
							<String ID="string_158" HPOS="285" VPOS="746" WIDTH="30" HEIGHT="18" WC="0.96" CONTENT="att"/><SP WIDTH="23" VPOS="746" HPOS="315"/>
							<String ID="string_159" HPOS="338" VPOS="744" WIDTH="35" HEIGHT="19" WC="0.96" CONTENT="det"/><SP WIDTH="23" VPOS="744" HPOS="373"/>
							<String ID="string_160" HPOS="396" VPOS="744" WIDTH="55" HEIGHT="19" WC="0.93" CONTENT="skall"/><SP WIDTH="23" VPOS="744" HPOS="451"/>
							<String ID="string_161" HPOS="474" VPOS="744" WIDTH="56" HEIGHT="19" WC="0.93" CONTENT="föras"/><SP WIDTH="23" VPOS="744" HPOS="530"/>
							<String ID="string_162" HPOS="553" VPOS="744" WIDTH="32" HEIGHT="19" WC="0.93" CONTENT="till"/><SP WIDTH="16" VPOS="744" HPOS="585"/>
							<String ID="string_163" HPOS="601" VPOS="744" WIDTH="104" HEIGHT="26" WC="0.93" CONTENT="köparens"/><SP WIDTH="16" VPOS="744" HPOS="705"/>
							<String ID="string_164" HPOS="721" VPOS="744" WIDTH="93" HEIGHT="20" WC="0.92" CONTENT="hemvist"/><SP WIDTH="15" VPOS="744" HPOS="814"/>
							<String ID="string_165" HPOS="829" VPOS="744" WIDTH="41" HEIGHT="20" WC="0.96" CONTENT="och"/><SP WIDTH="16" VPOS="744" HPOS="870"/>
							<String ID="string_166" HPOS="886" VPOS="744" WIDTH="36" HEIGHT="19" WC="0.93" CONTENT="der"/><SP WIDTH="14" VPOS="744" HPOS="922"/>
							<String ID="string_167" HPOS="936" VPOS="746" WIDTH="34" HEIGHT="16" WC="0.92" CONTENT="ut-"/>
						</TextLine>
						<TextLine ID="line_17" HPOS="210" VPOS="778" WIDTH="760" HEIGHT="26">
							<String ID="string_168" HPOS="210" VPOS="779" WIDTH="77" HEIGHT="25" WC="0.90" CONTENT="gifvas."/><SP WIDTH="30" VPOS="779" HPOS="287"/>
							<String ID="string_169" HPOS="317" VPOS="778" WIDTH="42" HEIGHT="26" WC="0.96" CONTENT="Jag"/><SP WIDTH="22" VPOS="778" HPOS="359"/>
							<String ID="string_170" HPOS="381" VPOS="778" WIDTH="42" HEIGHT="20" WC="0.96" CONTENT="kan"/><SP WIDTH="22" VPOS="778" HPOS="423"/>
							<String ID="string_171" HPOS="445" VPOS="778" WIDTH="32" HEIGHT="20" WC="0.96" CONTENT="för"/><SP WIDTH="22" VPOS="778" HPOS="477"/>
							<String ID="string_172" HPOS="499" VPOS="778" WIDTH="44" HEIGHT="19" WC="0.96" CONTENT="min"/><SP WIDTH="24" VPOS="778" HPOS="543"/>
							<String ID="string_173" HPOS="567" VPOS="778" WIDTH="34" HEIGHT="20" WC="0.93" CONTENT="del"/><SP WIDTH="22" VPOS="778" HPOS="601"/>
							<String ID="string_174" HPOS="623" VPOS="778" WIDTH="19" HEIGHT="26" WC="0.92" CONTENT="ej"/><SP WIDTH="24" VPOS="778" HPOS="642"/>
							<String ID="string_175" HPOS="666" VPOS="779" WIDTH="41" HEIGHT="19" WC="0.96" CONTENT="rätt"/><SP WIDTH="18" VPOS="779" HPOS="707"/>
							<String ID="string_176" HPOS="725" VPOS="779" WIDTH="52" HEIGHT="19" WC="0.93" CONTENT="fatta"/><SP WIDTH="16" VPOS="779" HPOS="777"/>
							<String ID="string_177" HPOS="793" VPOS="778" WIDTH="177" HEIGHT="25" WC="0.91" CONTENT="sammanhanget"/>
						</TextLine>
						<TextLine ID="line_18" HPOS="210" VPOS="812" WIDTH="760" HEIGHT="26">
							<String ID="string_178" HPOS="210" VPOS="813" WIDTH="77" HEIGHT="23" WC="0.92" CONTENT="häruti,"/><SP WIDTH="16" VPOS="813" HPOS="287"/>
							<String ID="string_179" HPOS="303" VPOS="815" WIDTH="50" HEIGHT="17" WC="0.96" CONTENT="utan"/><SP WIDTH="16" VPOS="815" HPOS="353"/>
							<String ID="string_180" HPOS="369" VPOS="813" WIDTH="68" HEIGHT="19" WC="0.93" CONTENT="skulle"/><SP WIDTH="16" VPOS="813" HPOS="437"/>
							<String ID="string_181" HPOS="453" VPOS="819" WIDTH="52" HEIGHT="13" WC="0.92" CONTENT="anse"/><SP WIDTH="16" VPOS="819" HPOS="505"/>
							<String ID="string_182" HPOS="521" VPOS="814" WIDTH="31" HEIGHT="18" WC="0.96" CONTENT="att"/><SP WIDTH="15" VPOS="814" HPOS="552"/>
							<String ID="string_183" HPOS="567" VPOS="819" WIDTH="26" HEIGHT="13" WC="0.93" CONTENT="en"/><SP WIDTH="16" VPOS="819" HPOS="593"/>
							<String ID="string_184" HPOS="609" VPOS="813" WIDTH="122" HEIGHT="25" WC="0.92" CONTENT="förändring"/><SP WIDTH="16" VPOS="813" HPOS="731"/>
							<String ID="string_185" HPOS="747" VPOS="812" WIDTH="26" HEIGHT="26" WC="0.96" CONTENT="pä"/><SP WIDTH="16" VPOS="812" HPOS="773"/>
							<String ID="string_186" HPOS="789" VPOS="819" WIDTH="40" HEIGHT="13" WC="0.96" CONTENT="ena"/><SP WIDTH="15" VPOS="819" HPOS="829"/>
							<String ID="string_187" HPOS="844" VPOS="812" WIDTH="52" HEIGHT="20" WC="0.96" CONTENT="eller"/><SP WIDTH="10" VPOS="812" HPOS="896"/>
							<String ID="string_188" HPOS="906" VPOS="812" WIDTH="64" HEIGHT="20" WC="0.96" CONTENT="andra"/>
						</TextLine>
						<TextLine ID="line_19" HPOS="211" VPOS="847" WIDTH="761" HEIGHT="26">
							<String ID="string_189" HPOS="211" VPOS="847" WIDTH="72" HEIGHT="20" WC="0.91" CONTENT="stället"/><SP WIDTH="23" VPOS="847" HPOS="283"/>
							<String ID="string_190" HPOS="306" VPOS="848" WIDTH="63" HEIGHT="18" WC="0.93" CONTENT="borde"/><SP WIDTH="16" VPOS="848" HPOS="369"/>
							<String ID="string_191" HPOS="385" VPOS="853" WIDTH="40" HEIGHT="19" WC="0.92" CONTENT="ega"/><SP WIDTH="15" VPOS="853" HPOS="425"/>
							<String ID="string_192" HPOS="440" VPOS="854" WIDTH="55" HEIGHT="16" WC="0.96" CONTENT="rum;"/><SP WIDTH="25" VPOS="854" HPOS="495"/>
							<String ID="string_193" HPOS="520" VPOS="853" WIDTH="49" HEIGHT="13" WC="0.96" CONTENT="men"/><SP WIDTH="15" VPOS="853" HPOS="569"/>
							<String ID="string_194" HPOS="584" VPOS="847" WIDTH="57" HEIGHT="19" WC="0.96" CONTENT="helst"/><SP WIDTH="16" VPOS="847" HPOS="641"/>
							<String ID="string_195" HPOS="657" VPOS="847" WIDTH="69" HEIGHT="19" WC="0.96" CONTENT="skulle"/><SP WIDTH="16" VPOS="847" HPOS="726"/>
							<String ID="string_196" HPOS="742" VPOS="847" WIDTH="36" HEIGHT="26" WC="0.96" CONTENT="jag"/><SP WIDTH="15" VPOS="847" HPOS="778"/>
							<String ID="string_197" HPOS="793" VPOS="853" WIDTH="24" HEIGHT="13" WC="0.96" CONTENT="se"/><SP WIDTH="15" VPOS="853" HPOS="817"/>
							<String ID="string_198" HPOS="832" VPOS="848" WIDTH="32" HEIGHT="18" WC="0.93" CONTENT="att"/><SP WIDTH="14" VPOS="848" HPOS="864"/>
							<String ID="string_199" HPOS="878" VPOS="847" WIDTH="94" HEIGHT="19" WC="0.92" CONTENT="bestäm-"/>
						</TextLine>
						<TextLine ID="line_20" HPOS="210" VPOS="880" WIDTH="761" HEIGHT="27">
							<String ID="string_200" HPOS="210" VPOS="882" WIDTH="79" HEIGHT="25" WC="0.96" CONTENT="ningen"/><SP WIDTH="24" VPOS="882" HPOS="289"/>
							<String ID="string_201" HPOS="313" VPOS="888" WIDTH="34" HEIGHT="13" WC="0.93" CONTENT="om"/><SP WIDTH="22" VPOS="888" HPOS="347"/>
							<String ID="string_202" HPOS="369" VPOS="882" WIDTH="100" HEIGHT="18" WC="0.87" CONTENT="bränvins"/><SP WIDTH="19" VPOS="882" HPOS="469"/>
							<String ID="string_203" HPOS="488" VPOS="881" WIDTH="130" HEIGHT="26" WC="0.92" CONTENT="försäljande"/><SP WIDTH="16" VPOS="881" HPOS="618"/>
							<String ID="string_204" HPOS="634" VPOS="880" WIDTH="13" HEIGHT="21" WC="0.92" CONTENT="å"/><SP WIDTH="14" VPOS="880" HPOS="647"/>
							<String ID="string_205" HPOS="661" VPOS="883" WIDTH="48" HEIGHT="24" WC="0.96" CONTENT="torg"/><SP WIDTH="14" VPOS="883" HPOS="709"/>
							<String ID="string_206" HPOS="723" VPOS="888" WIDTH="25" HEIGHT="12" WC="0.96" CONTENT="ur"/><SP WIDTH="15" VPOS="888" HPOS="748"/>
							<String ID="string_207" HPOS="763" VPOS="882" WIDTH="69" HEIGHT="19" WC="0.93" CONTENT="denna"/><SP WIDTH="16" VPOS="882" HPOS="832"/>
							<String ID="string_208" HPOS="848" VPOS="880" WIDTH="14" HEIGHT="27" WC="0.49" CONTENT="$"/><SP WIDTH="16" VPOS="880" HPOS="862"/>
							<String ID="string_209" HPOS="878" VPOS="882" WIDTH="93" HEIGHT="25" WC="0.92" CONTENT="utginge."/>
						</TextLine>
					</TextBlock>
					<TextBlock ID="block_2" HPOS="211" VPOS="914" WIDTH="765" HEIGHT="542">
						<TextLine ID="line_21" HPOS="281" VPOS="914" WIDTH="691" HEIGHT="27">
							<String ID="string_210" HPOS="281" VPOS="916" WIDTH="52" HEIGHT="19" WC="0.96" CONTENT="Herr"/><SP WIDTH="15" VPOS="916" HPOS="333"/>
							<String ID="string_211" HPOS="348" VPOS="915" WIDTH="88" HEIGHT="20" WC="0.93" CONTENT="Julin:"/><SP WIDTH="31" VPOS="915" HPOS="436"/>
							<String ID="string_212" HPOS="467" VPOS="916" WIDTH="60" HEIGHT="19" WC="0.88" CONTENT="Hvad"/><SP WIDTH="23" VPOS="916" HPOS="527"/>
							<String ID="string_213" HPOS="550" VPOS="916" WIDTH="128" HEIGHT="25" WC="0.91" CONTENT="rättigheten"/><SP WIDTH="16" VPOS="916" HPOS="678"/>
							<String ID="string_214" HPOS="694" VPOS="917" WIDTH="31" HEIGHT="18" WC="0.93" CONTENT="att"/><SP WIDTH="14" VPOS="917" HPOS="725"/>
							<String ID="string_215" HPOS="739" VPOS="916" WIDTH="89" HEIGHT="25" WC="0.92" CONTENT="försälja"/><SP WIDTH="15" VPOS="916" HPOS="828"/>
							<String ID="string_216" HPOS="843" VPOS="916" WIDTH="87" HEIGHT="19" WC="0.93" CONTENT="bränvin"/><SP WIDTH="16" VPOS="916" HPOS="930"/>
							<String ID="string_217" HPOS="946" VPOS="914" WIDTH="26" HEIGHT="27" WC="0.96" CONTENT="pä"/>
						</TextLine>
						<TextLine ID="line_22" HPOS="211" VPOS="948" WIDTH="761" HEIGHT="28">
							<String ID="string_218" HPOS="211" VPOS="951" WIDTH="70" HEIGHT="25" WC="0.96" CONTENT="torget"/><SP WIDTH="15" VPOS="951" HPOS="281"/>
							<String ID="string_219" HPOS="296" VPOS="950" WIDTH="104" HEIGHT="23" WC="0.95" CONTENT="beträffar,"/><SP WIDTH="17" VPOS="950" HPOS="400"/>
							<String ID="string_220" HPOS="417" VPOS="948" WIDTH="24" HEIGHT="21" WC="0.93" CONTENT="sä"/><SP WIDTH="15" VPOS="948" HPOS="441"/>
							<String ID="string_221" HPOS="456" VPOS="949" WIDTH="61" HEIGHT="26" WC="0.96" CONTENT="ingår"/><SP WIDTH="15" VPOS="949" HPOS="517"/>
							<String ID="string_222" HPOS="532" VPOS="950" WIDTH="102" HEIGHT="26" WC="0.96" CONTENT="förslaget"/><SP WIDTH="16" VPOS="950" HPOS="634"/>
							<String ID="string_223" HPOS="650" VPOS="950" WIDTH="71" HEIGHT="20" WC="0.96" CONTENT="derom"/><SP WIDTH="16" VPOS="950" HPOS="721"/>
							<String ID="string_224" HPOS="737" VPOS="950" WIDTH="6" HEIGHT="19" WC="0.77" CONTENT="i"/><SP WIDTH="12" VPOS="950" HPOS="743"/>
							<String ID="string_225" HPOS="755" VPOS="950" WIDTH="40" HEIGHT="19" WC="0.77" CONTENT="den"/><SP WIDTH="9" VPOS="950" HPOS="795"/>
							<String ID="string_226" HPOS="804" VPOS="949" WIDTH="83" HEIGHT="27" WC="0.92" CONTENT="Nädiga"/><SP WIDTH="11" VPOS="949" HPOS="887"/>
							<String ID="string_227" HPOS="898" VPOS="956" WIDTH="74" HEIGHT="20" WC="0.92" CONTENT="propo-"/>
						</TextLine>
						<TextLine ID="line_23" HPOS="213" VPOS="984" WIDTH="759" HEIGHT="26">
							<String ID="string_228" HPOS="213" VPOS="984" WIDTH="98" HEIGHT="23" WC="0.92" CONTENT="sitionen,"/><SP WIDTH="16" VPOS="984" HPOS="311"/>
							<String ID="string_229" HPOS="327" VPOS="984" WIDTH="40" HEIGHT="20" WC="0.93" CONTENT="och"/><SP WIDTH="15" VPOS="984" HPOS="367"/>
							<String ID="string_230" HPOS="382" VPOS="984" WIDTH="107" HEIGHT="20" WC="0.92" CONTENT="Utskottet"/><SP WIDTH="16" VPOS="984" HPOS="489"/>
							<String ID="string_231" HPOS="505" VPOS="984" WIDTH="39" HEIGHT="19" WC="0.93" CONTENT="har"/><SP WIDTH="15" VPOS="984" HPOS="544"/>
							<String ID="string_232" HPOS="559" VPOS="986" WIDTH="71" HEIGHT="18" WC="0.91" CONTENT="ansett"/><SP WIDTH="15" VPOS="986" HPOS="630"/>
							<String ID="string_233" HPOS="645" VPOS="984" WIDTH="34" HEIGHT="26" WC="0.93" CONTENT="sig"/><SP WIDTH="15" VPOS="984" HPOS="679"/>
							<String ID="string_234" HPOS="694" VPOS="985" WIDTH="51" HEIGHT="19" WC="0.92" CONTENT="böra"/><SP WIDTH="15" VPOS="985" HPOS="745"/>
							<String ID="string_235" HPOS="760" VPOS="985" WIDTH="7" HEIGHT="19" WC="0.93" CONTENT="i"/><SP WIDTH="16" VPOS="985" HPOS="767"/>
							<String ID="string_236" HPOS="783" VPOS="984" WIDTH="143" HEIGHT="20" WC="0.91" CONTENT="betänkandet"/><SP WIDTH="14" VPOS="984" HPOS="926"/>
							<String ID="string_237" HPOS="940" VPOS="984" WIDTH="32" HEIGHT="20" WC="0.92" CONTENT="bi-"/>
						</TextLine>
						<TextLine ID="line_24" HPOS="212" VPOS="1018" WIDTH="761" HEIGHT="26">
							<String ID="string_238" HPOS="212" VPOS="1018" WIDTH="85" HEIGHT="20" WC="0.89" CONTENT="behälla"/><SP WIDTH="22" VPOS="1018" HPOS="297"/>
							<String ID="string_239" HPOS="319" VPOS="1019" WIDTH="163" HEIGHT="25" WC="0.89" CONTENT="bestämningen"/><SP WIDTH="22" VPOS="1019" HPOS="482"/>
							<String ID="string_240" HPOS="504" VPOS="1019" WIDTH="79" HEIGHT="19" WC="0.92" CONTENT="derom."/><SP WIDTH="28" VPOS="1019" HPOS="583"/>
							<String ID="string_241" HPOS="611" VPOS="1019" WIDTH="73" HEIGHT="25" WC="0.93" CONTENT="Enligt"/><SP WIDTH="23" VPOS="1019" HPOS="684"/>
							<String ID="string_242" HPOS="707" VPOS="1019" WIDTH="43" HEIGHT="19" WC="0.93" CONTENT="min"/><SP WIDTH="24" VPOS="1019" HPOS="750"/>
							<String ID="string_243" HPOS="774" VPOS="1020" WIDTH="31" HEIGHT="18" WC="0.92" CONTENT="tro"/><SP WIDTH="24" VPOS="1020" HPOS="805"/>
							<String ID="string_244" HPOS="829" VPOS="1019" WIDTH="59" HEIGHT="19" WC="0.96" CONTENT="torde"/><SP WIDTH="16" VPOS="1019" HPOS="888"/>
							<String ID="string_245" HPOS="904" VPOS="1019" WIDTH="69" HEIGHT="19" WC="0.96" CONTENT="denna"/>
						</TextLine>
						<TextLine ID="line_25" HPOS="212" VPOS="1052" WIDTH="761" HEIGHT="27">
							<String ID="string_246" HPOS="212" VPOS="1053" WIDTH="102" HEIGHT="26" WC="0.96" CONTENT="rättighet"/><SP WIDTH="24" VPOS="1053" HPOS="314"/>
							<String ID="string_247" HPOS="338" VPOS="1054" WIDTH="19" HEIGHT="25" WC="0.94" CONTENT="ej"/><SP WIDTH="22" VPOS="1054" HPOS="357"/>
							<String ID="string_248" HPOS="379" VPOS="1054" WIDTH="94" HEIGHT="18" WC="0.96" CONTENT="medföra"/><SP WIDTH="15" VPOS="1054" HPOS="473"/>
							<String ID="string_249" HPOS="488" VPOS="1054" WIDTH="67" HEIGHT="18" WC="0.93" CONTENT="större"/><SP WIDTH="15" VPOS="1054" HPOS="555"/>
							<String ID="string_250" HPOS="570" VPOS="1052" WIDTH="55" HEIGHT="20" WC="0.92" CONTENT="väda"/><SP WIDTH="15" VPOS="1052" HPOS="625"/>
							<String ID="string_251" HPOS="640" VPOS="1060" WIDTH="28" HEIGHT="12" WC="0.96" CONTENT="nu"/><SP WIDTH="15" VPOS="1060" HPOS="668"/>
							<String ID="string_252" HPOS="683" VPOS="1054" WIDTH="28" HEIGHT="19" WC="0.93" CONTENT="än"/><SP WIDTH="15" VPOS="1054" HPOS="711"/>
							<String ID="string_253" HPOS="726" VPOS="1054" WIDTH="61" HEIGHT="22" WC="0.96" CONTENT="förut,"/><SP WIDTH="17" VPOS="1054" HPOS="787"/>
							<String ID="string_254" HPOS="804" VPOS="1052" WIDTH="27" HEIGHT="20" WC="0.92" CONTENT="dä"/><SP WIDTH="15" VPOS="1052" HPOS="831"/>
							<String ID="string_255" HPOS="846" VPOS="1053" WIDTH="127" HEIGHT="19" WC="0.91" CONTENT="husbehofs-"/>
						</TextLine>
						<TextLine ID="line_26" HPOS="211" VPOS="1088" WIDTH="763" HEIGHT="26">
							<String ID="string_256" HPOS="211" VPOS="1088" WIDTH="234" HEIGHT="25" WC="0.86" CONTENT="bränvinsbränningen"/><SP WIDTH="16" VPOS="1088" HPOS="445"/>
							<String ID="string_257" HPOS="461" VPOS="1088" WIDTH="123" HEIGHT="23" WC="0.96" CONTENT="existerade,"/><SP WIDTH="16" VPOS="1088" HPOS="584"/>
							<String ID="string_258" HPOS="600" VPOS="1088" WIDTH="40" HEIGHT="20" WC="0.93" CONTENT="och"/><SP WIDTH="16" VPOS="1088" HPOS="640"/>
							<String ID="string_259" HPOS="656" VPOS="1088" WIDTH="107" HEIGHT="26" WC="0.96" CONTENT="allmogen"/><SP WIDTH="15" VPOS="1088" HPOS="763"/>
							<String ID="string_260" HPOS="778" VPOS="1088" WIDTH="82" HEIGHT="19" WC="0.96" CONTENT="införde"/><SP WIDTH="16" VPOS="1088" HPOS="860"/>
							<String ID="string_261" HPOS="876" VPOS="1088" WIDTH="32" HEIGHT="19" WC="0.96" CONTENT="sin"/><SP WIDTH="16" VPOS="1088" HPOS="908"/>
							<String ID="string_262" HPOS="924" VPOS="1094" WIDTH="50" HEIGHT="12" WC="0.96" CONTENT="vara"/>
						</TextLine>
						<TextLine ID="line_27" HPOS="212" VPOS="1121" WIDTH="761" HEIGHT="26">
							<String ID="string_263" HPOS="212" VPOS="1122" WIDTH="33" HEIGHT="19" WC="0.93" CONTENT="till"/><SP WIDTH="23" VPOS="1122" HPOS="245"/>
							<String ID="string_264" HPOS="268" VPOS="1123" WIDTH="65" HEIGHT="24" WC="0.90" CONTENT="torgs."/><SP WIDTH="31" VPOS="1123" HPOS="333"/>
							<String ID="string_265" HPOS="364" VPOS="1122" WIDTH="115" HEIGHT="19" WC="0.90" CONTENT="Bränvinet"/><SP WIDTH="18" VPOS="1122" HPOS="479"/>
							<String ID="string_266" HPOS="497" VPOS="1128" WIDTH="37" HEIGHT="13" WC="0.96" CONTENT="var"/><SP WIDTH="16" VPOS="1128" HPOS="534"/>
							<String ID="string_267" HPOS="550" VPOS="1121" WIDTH="27" HEIGHT="20" WC="0.96" CONTENT="dä"/><SP WIDTH="16" VPOS="1121" HPOS="577"/>
							<String ID="string_268" HPOS="593" VPOS="1128" WIDTH="25" HEIGHT="13" WC="0.93" CONTENT="en"/><SP WIDTH="17" VPOS="1128" HPOS="618"/>
							<String ID="string_269" HPOS="635" VPOS="1123" WIDTH="93" HEIGHT="24" WC="0.92" CONTENT="torgförd"/><SP WIDTH="15" VPOS="1123" HPOS="728"/>
							<String ID="string_270" HPOS="743" VPOS="1128" WIDTH="50" HEIGHT="13" WC="0.93" CONTENT="vara"/><SP WIDTH="15" VPOS="1128" HPOS="793"/>
							<String ID="string_271" HPOS="808" VPOS="1122" WIDTH="78" HEIGHT="19" WC="0.92" CONTENT="liksom"/><SP WIDTH="16" VPOS="1122" HPOS="886"/>
							<String ID="string_272" HPOS="902" VPOS="1122" WIDTH="71" HEIGHT="22" WC="0.96" CONTENT="andra,"/>
						</TextLine>
						<TextLine ID="line_28" HPOS="213" VPOS="1155" WIDTH="761" HEIGHT="26">
							<String ID="string_273" HPOS="213" VPOS="1155" WIDTH="66" HEIGHT="20" WC="0.96" CONTENT="ehuru"/><SP WIDTH="23" VPOS="1155" HPOS="279"/>
							<String ID="string_274" HPOS="302" VPOS="1156" WIDTH="96" HEIGHT="25" WC="0.96" CONTENT="mätning"/><SP WIDTH="23" VPOS="1156" HPOS="398"/>
							<String ID="string_275" HPOS="421" VPOS="1155" WIDTH="18" HEIGHT="26" WC="0.95" CONTENT="ej"/><SP WIDTH="23" VPOS="1155" HPOS="439"/>
							<String ID="string_276" HPOS="462" VPOS="1156" WIDTH="43" HEIGHT="19" WC="0.93" CONTENT="fick"/><SP WIDTH="21" VPOS="1156" HPOS="505"/>
							<String ID="string_277" HPOS="526" VPOS="1156" WIDTH="39" HEIGHT="19" WC="0.96" CONTENT="ske"/><SP WIDTH="16" VPOS="1156" HPOS="565"/>
							<String ID="string_278" HPOS="581" VPOS="1155" WIDTH="26" HEIGHT="26" WC="0.96" CONTENT="pä"/><SP WIDTH="15" VPOS="1155" HPOS="607"/>
							<String ID="string_279" HPOS="622" VPOS="1158" WIDTH="75" HEIGHT="23" WC="0.96" CONTENT="torget,"/><SP WIDTH="16" VPOS="1158" HPOS="697"/>
							<String ID="string_280" HPOS="713" VPOS="1158" WIDTH="50" HEIGHT="17" WC="0.93" CONTENT="utan"/><SP WIDTH="16" VPOS="1158" HPOS="763"/>
							<String ID="string_281" HPOS="779" VPOS="1156" WIDTH="111" HEIGHT="19" WC="0.92" CONTENT="bränvinet"/><SP WIDTH="15" VPOS="1156" HPOS="890"/>
							<String ID="string_282" HPOS="905" VPOS="1155" WIDTH="69" HEIGHT="20" WC="0.96" CONTENT="skulle"/>
						</TextLine>
						<TextLine ID="line_29" HPOS="213" VPOS="1189" WIDTH="761" HEIGHT="26">
							<String ID="string_283" HPOS="213" VPOS="1190" WIDTH="79" HEIGHT="19" WC="0.91" CONTENT="afföras"/><SP WIDTH="24" VPOS="1190" HPOS="292"/>
							<String ID="string_284" HPOS="316" VPOS="1190" WIDTH="32" HEIGHT="19" WC="0.93" CONTENT="till"/><SP WIDTH="21" VPOS="1190" HPOS="348"/>
							<String ID="string_285" HPOS="369" VPOS="1190" WIDTH="104" HEIGHT="25" WC="0.92" CONTENT="köparens"/><SP WIDTH="21" VPOS="1190" HPOS="473"/>
							<String ID="string_286" HPOS="494" VPOS="1190" WIDTH="93" HEIGHT="19" WC="0.92" CONTENT="hemvist"/><SP WIDTH="16" VPOS="1190" HPOS="587"/>
							<String ID="string_287" HPOS="603" VPOS="1190" WIDTH="40" HEIGHT="19" WC="0.96" CONTENT="och"/><SP WIDTH="16" VPOS="1190" HPOS="643"/>
							<String ID="string_288" HPOS="659" VPOS="1191" WIDTH="36" HEIGHT="18" WC="0.93" CONTENT="der"/><SP WIDTH="15" VPOS="1191" HPOS="695"/>
							<String ID="string_289" HPOS="710" VPOS="1191" WIDTH="99" HEIGHT="24" WC="0.92" CONTENT="utgifvas."/><SP WIDTH="31" VPOS="1191" HPOS="809"/>
							<String ID="string_290" HPOS="840" VPOS="1189" WIDTH="134" HEIGHT="20" WC="0.92" CONTENT="Beträffande"/>
						</TextLine>
						<TextLine ID="line_30" HPOS="213" VPOS="1223" WIDTH="761" HEIGHT="28">
							<String ID="string_291" HPOS="213" VPOS="1223" WIDTH="45" HEIGHT="20" WC="0.96" CONTENT="åter"/><SP WIDTH="23" VPOS="1223" HPOS="258"/>
							<String ID="string_292" HPOS="281" VPOS="1224" WIDTH="52" HEIGHT="19" WC="0.93" CONTENT="Herr"/><SP WIDTH="21" VPOS="1224" HPOS="333"/>
							<String ID="string_293" HPOS="354" VPOS="1224" WIDTH="109" HEIGHT="19" WC="0.96" CONTENT="Boströms"/><SP WIDTH="17" VPOS="1224" HPOS="463"/>
							<String ID="string_294" HPOS="480" VPOS="1225" WIDTH="141" HEIGHT="25" WC="0.96" CONTENT="anmärkning"/><SP WIDTH="16" VPOS="1225" HPOS="621"/>
							<String ID="string_295" HPOS="637" VPOS="1226" WIDTH="30" HEIGHT="18" WC="0.93" CONTENT="att"/><SP WIDTH="15" VPOS="1226" HPOS="667"/>
							<String ID="string_296" HPOS="682" VPOS="1224" WIDTH="29" HEIGHT="27" WC="0.80" CONTENT="$$"/><SP WIDTH="16" VPOS="1224" HPOS="711"/>
							<String ID="string_297" HPOS="727" VPOS="1224" WIDTH="26" HEIGHT="20" WC="0.97" CONTENT="46"/><SP WIDTH="17" VPOS="1224" HPOS="753"/>
							<String ID="string_298" HPOS="770" VPOS="1224" WIDTH="39" HEIGHT="20" WC="0.96" CONTENT="och"/><SP WIDTH="17" VPOS="1224" HPOS="809"/>
							<String ID="string_299" HPOS="826" VPOS="1224" WIDTH="27" HEIGHT="20" WC="0.93" CONTENT="56"/><SP WIDTH="17" VPOS="1224" HPOS="853"/>
							<String ID="string_300" HPOS="870" VPOS="1224" WIDTH="18" HEIGHT="25" WC="0.92" CONTENT="ej"/><SP WIDTH="18" VPOS="1224" HPOS="888"/>
							<String ID="string_301" HPOS="906" VPOS="1225" WIDTH="68" HEIGHT="18" WC="0.91" CONTENT="öfver-"/>
						</TextLine>
						<TextLine ID="line_31" HPOS="213" VPOS="1257" WIDTH="761" HEIGHT="28">
							<String ID="string_302" HPOS="213" VPOS="1259" WIDTH="138" HEIGHT="22" WC="0.89" CONTENT="ensstämma,"/><SP WIDTH="17" VPOS="1259" HPOS="351"/>
							<String ID="string_303" HPOS="368" VPOS="1257" WIDTH="24" HEIGHT="21" WC="0.96" CONTENT="sä"/><SP WIDTH="15" VPOS="1257" HPOS="392"/>
							<String ID="string_304" HPOS="407" VPOS="1259" WIDTH="36" HEIGHT="19" WC="0.96" CONTENT="ber"/><SP WIDTH="13" VPOS="1259" HPOS="443"/>
							<String ID="string_305" HPOS="456" VPOS="1259" WIDTH="39" HEIGHT="25" WC="0.96" CONTENT="jag"/><SP WIDTH="15" VPOS="1259" HPOS="495"/>
							<String ID="string_306" HPOS="510" VPOS="1260" WIDTH="31" HEIGHT="17" WC="0.93" CONTENT="att"/><SP WIDTH="16" VPOS="1260" HPOS="541"/>
							<String ID="string_307" HPOS="557" VPOS="1257" WIDTH="21" HEIGHT="21" WC="0.96" CONTENT="få"/><SP WIDTH="15" VPOS="1257" HPOS="578"/>
							<String ID="string_308" HPOS="593" VPOS="1260" WIDTH="84" HEIGHT="22" WC="0.96" CONTENT="nämna,"/><SP WIDTH="16" VPOS="1260" HPOS="677"/>
							<String ID="string_309" HPOS="693" VPOS="1260" WIDTH="31" HEIGHT="18" WC="0.93" CONTENT="att"/><SP WIDTH="15" VPOS="1260" HPOS="724"/>
							<String ID="string_310" HPOS="739" VPOS="1258" WIDTH="14" HEIGHT="27" WC="0.91" CONTENT="&amp;"/><SP WIDTH="16" VPOS="1258" HPOS="753"/>
							<String ID="string_311" HPOS="769" VPOS="1259" WIDTH="27" HEIGHT="19" WC="0.93" CONTENT="46"/><SP WIDTH="16" VPOS="1259" HPOS="796"/>
							<String ID="string_312" HPOS="812" VPOS="1257" WIDTH="118" HEIGHT="21" WC="0.96" CONTENT="innehåller"/><SP WIDTH="18" VPOS="1257" HPOS="930"/>
							<String ID="string_313" HPOS="948" VPOS="1264" WIDTH="26" HEIGHT="13" WC="0.96" CONTENT="en"/>
						</TextLine>
						<TextLine ID="line_32" HPOS="213" VPOS="1293" WIDTH="761" HEIGHT="26">
							<String ID="string_314" HPOS="213" VPOS="1293" WIDTH="80" HEIGHT="19" WC="0.93" CONTENT="allmän"/><SP WIDTH="23" VPOS="1293" HPOS="293"/>
							<String ID="string_315" HPOS="316" VPOS="1293" WIDTH="141" HEIGHT="26" WC="0.96" CONTENT="bestämning,"/><SP WIDTH="24" VPOS="1293" HPOS="457"/>
							<String ID="string_316" HPOS="481" VPOS="1293" WIDTH="86" HEIGHT="20" WC="0.93" CONTENT="hvarest"/><SP WIDTH="22" VPOS="1293" HPOS="567"/>
							<String ID="string_317" HPOS="589" VPOS="1293" WIDTH="223" HEIGHT="20" WC="0.51" CONTENT="bränvinstillverkare"/><SP WIDTH="15" VPOS="1293" HPOS="812"/>
							<String ID="string_318" HPOS="827" VPOS="1293" WIDTH="41" HEIGHT="20" WC="0.93" CONTENT="och"/><SP WIDTH="16" VPOS="1293" HPOS="868"/>
							<String ID="string_319" HPOS="884" VPOS="1293" WIDTH="90" HEIGHT="19" WC="0.93" CONTENT="distilla-"/>
						</TextLine>
						<TextLine ID="line_33" HPOS="213" VPOS="1327" WIDTH="762" HEIGHT="26">
							<String ID="string_320" HPOS="213" VPOS="1327" WIDTH="56" HEIGHT="19" WC="0.91" CONTENT="törer"/><SP WIDTH="16" VPOS="1327" HPOS="269"/>
							<String ID="string_321" HPOS="285" VPOS="1328" WIDTH="36" HEIGHT="19" WC="0.92" CONTENT="äro"/><SP WIDTH="15" VPOS="1328" HPOS="321"/>
							<String ID="string_322" HPOS="336" VPOS="1327" WIDTH="131" HEIGHT="26" WC="0.92" CONTENT="berättigade"/><SP WIDTH="15" VPOS="1327" HPOS="467"/>
							<String ID="string_323" HPOS="482" VPOS="1329" WIDTH="30" HEIGHT="17" WC="0.93" CONTENT="att"/><SP WIDTH="16" VPOS="1329" HPOS="512"/>
							<String ID="string_324" HPOS="528" VPOS="1327" WIDTH="88" HEIGHT="26" WC="0.92" CONTENT="försälja"/><SP WIDTH="16" VPOS="1327" HPOS="616"/>
							<String ID="string_325" HPOS="632" VPOS="1328" WIDTH="32" HEIGHT="19" WC="0.96" CONTENT="sin"/><SP WIDTH="15" VPOS="1328" HPOS="664"/>
							<String ID="string_326" HPOS="679" VPOS="1334" WIDTH="50" HEIGHT="13" WC="0.96" CONTENT="vara"/><SP WIDTH="16" VPOS="1334" HPOS="729"/>
							<String ID="string_327" HPOS="745" VPOS="1327" WIDTH="32" HEIGHT="20" WC="0.97" CONTENT="till"/><SP WIDTH="17" VPOS="1327" HPOS="777"/>
							<String ID="string_328" HPOS="794" VPOS="1327" WIDTH="65" HEIGHT="19" WC="0.96" CONTENT="minst"/><SP WIDTH="10" VPOS="1327" HPOS="859"/>
							<String ID="string_329" HPOS="869" VPOS="1327" WIDTH="42" HEIGHT="19" WC="0.93" CONTENT="fem"/><SP WIDTH="11" VPOS="1327" HPOS="911"/>
							<String ID="string_330" HPOS="922" VPOS="1327" WIDTH="53" HEIGHT="19" WC="0.91" CONTENT="kan-"/>
						</TextLine>
						<TextLine ID="line_34" HPOS="213" VPOS="1360" WIDTH="762" HEIGHT="27">
							<String ID="string_331" HPOS="213" VPOS="1367" WIDTH="46" HEIGHT="13" WC="0.91" CONTENT="nor."/><SP WIDTH="30" VPOS="1367" HPOS="259"/>
							<String ID="string_332" HPOS="289" VPOS="1361" WIDTH="14" HEIGHT="26" WC="0.87" CONTENT="&amp;"/><SP WIDTH="24" VPOS="1361" HPOS="303"/>
							<String ID="string_333" HPOS="327" VPOS="1361" WIDTH="26" HEIGHT="20" WC="0.93" CONTENT="56"/><SP WIDTH="24" VPOS="1361" HPOS="353"/>
							<String ID="string_334" HPOS="377" VPOS="1360" WIDTH="45" HEIGHT="21" WC="0.95" CONTENT="åter"/><SP WIDTH="22" VPOS="1360" HPOS="422"/>
							<String ID="string_335" HPOS="444" VPOS="1360" WIDTH="119" HEIGHT="21" WC="0.96" CONTENT="innehåller"/><SP WIDTH="15" VPOS="1360" HPOS="563"/>
							<String ID="string_336" HPOS="578" VPOS="1368" WIDTH="26" HEIGHT="13" WC="0.92" CONTENT="en"/><SP WIDTH="15" VPOS="1368" HPOS="604"/>
							<String ID="string_337" HPOS="619" VPOS="1363" WIDTH="97" HEIGHT="18" WC="0.92" CONTENT="närmare"/><SP WIDTH="16" VPOS="1363" HPOS="716"/>
							<String ID="string_338" HPOS="732" VPOS="1361" WIDTH="123" HEIGHT="26" WC="0.92" CONTENT="stipulation"/><SP WIDTH="16" VPOS="1361" HPOS="855"/>
							<String ID="string_339" HPOS="871" VPOS="1361" WIDTH="53" HEIGHT="20" WC="0.96" CONTENT="huru"/><SP WIDTH="15" VPOS="1361" HPOS="924"/>
							<String ID="string_340" HPOS="939" VPOS="1361" WIDTH="36" HEIGHT="19" WC="0.96" CONTENT="vid"/>
						</TextLine>
						<TextLine ID="line_35" HPOS="214" VPOS="1395" WIDTH="761" HEIGHT="26">
							<String ID="string_341" HPOS="214" VPOS="1395" WIDTH="129" HEIGHT="26" WC="0.96" CONTENT="försäljning"/><SP WIDTH="22" VPOS="1395" HPOS="343"/>
							<String ID="string_342" HPOS="365" VPOS="1396" WIDTH="23" HEIGHT="19" WC="0.93" CONTENT="af"/><SP WIDTH="20" VPOS="1396" HPOS="388"/>
							<String ID="string_343" HPOS="408" VPOS="1396" WIDTH="89" HEIGHT="19" WC="0.93" CONTENT="bränvin"/><SP WIDTH="22" VPOS="1396" HPOS="497"/>
							<String ID="string_344" HPOS="519" VPOS="1395" WIDTH="12" HEIGHT="20" WC="0.91" CONTENT="å"/><SP WIDTH="23" VPOS="1395" HPOS="531"/>
							<String ID="string_345" HPOS="554" VPOS="1397" WIDTH="48" HEIGHT="24" WC="0.96" CONTENT="torg"/><SP WIDTH="19" VPOS="1397" HPOS="602"/>
							<String ID="string_346" HPOS="621" VPOS="1396" WIDTH="36" HEIGHT="19" WC="0.91" CONTENT="bör"/><SP WIDTH="15" VPOS="1396" HPOS="657"/>
							<String ID="string_347" HPOS="672" VPOS="1395" WIDTH="67" HEIGHT="26" WC="0.96" CONTENT="tillgå."/><SP WIDTH="32" VPOS="1395" HPOS="739"/>
							<String ID="string_348" HPOS="771" VPOS="1396" WIDTH="62" HEIGHT="19" WC="0.73" CONTENT="Deti"/><SP WIDTH="16" VPOS="1396" HPOS="833"/>
							<String ID="string_349" HPOS="849" VPOS="1395" WIDTH="14" HEIGHT="26" WC="0.73" CONTENT="&amp;"/><SP WIDTH="15" VPOS="1395" HPOS="863"/>
							<String ID="string_350" HPOS="878" VPOS="1395" WIDTH="27" HEIGHT="20" WC="0.92" CONTENT="46"/><SP WIDTH="17" VPOS="1395" HPOS="905"/>
							<String ID="string_351" HPOS="922" VPOS="1396" WIDTH="53" HEIGHT="19" WC="0.92" CONTENT="före-"/>
						</TextLine>
						<TextLine ID="line_36" HPOS="214" VPOS="1429" WIDTH="762" HEIGHT="27">
							<String ID="string_352" HPOS="214" VPOS="1429" WIDTH="129" HEIGHT="20" WC="0.95" CONTENT="kommande"/><SP WIDTH="22" VPOS="1429" HPOS="343"/>
							<String ID="string_353" HPOS="365" VPOS="1430" WIDTH="59" HEIGHT="19" WC="0.92" CONTENT="ordet"/><SP WIDTH="19" VPOS="1430" HPOS="424"/>
							<String ID="string_354" HPOS="443" VPOS="1445" WIDTH="5" HEIGHT="8" WC="0.52" CONTENT=","/><SP WIDTH="1" VPOS="1445" HPOS="448"/>
							<String ID="string_355" HPOS="449" VPOS="1430" WIDTH="112" HEIGHT="23" WC="0.52" CONTENT="fabriker&quot;"/><SP WIDTH="16" VPOS="1430" HPOS="561"/>
							<String ID="string_356" HPOS="577" VPOS="1431" WIDTH="60" HEIGHT="19" WC="0.96" CONTENT="torde"/><SP WIDTH="15" VPOS="1431" HPOS="637"/>
							<String ID="string_357" HPOS="652" VPOS="1437" WIDTH="50" HEIGHT="13" WC="0.97" CONTENT="vara"/><SP WIDTH="16" VPOS="1437" HPOS="702"/>
							<String ID="string_358" HPOS="718" VPOS="1432" WIDTH="30" HEIGHT="18" WC="0.93" CONTENT="ett"/><SP WIDTH="15" VPOS="1432" HPOS="748"/>
							<String ID="string_359" HPOS="763" VPOS="1430" WIDTH="91" HEIGHT="26" WC="0.96" CONTENT="tryckfel"/><SP WIDTH="16" VPOS="1430" HPOS="854"/>
							<String ID="string_360" HPOS="870" VPOS="1429" WIDTH="40" HEIGHT="20" WC="0.93" CONTENT="och"/><SP WIDTH="15" VPOS="1429" HPOS="910"/>
							<String ID="string_361" HPOS="925" VPOS="1429" WIDTH="51" HEIGHT="20" WC="0.96" CONTENT="böra"/>
						</TextLine>
					</TextBlock>
				</ComposedBlock>
			</PrintSpace>
		</Page>
	</Layout>
</alto>
