1109 1817
441 157 38 17 Den
492 158 20 16 31
527 157 40 22 Maj.
818 158 44 17 1127

126 216 33 19 till
175 216 96 19 skattens
286 216 122 25 förhöjning
425 222 34 13 ser
471 215 40 26 jag
522 216 45 25 mig
583 216 54 19 dock
651 214 116 21 föranlåten
779 216 109 22 anmärka,

127 252 31 17 att
179 250 130 23 densamma,
331 249 68 20 sådan
422 249 108 20 Utskottet
552 249 111 26 föreslagit
679 249 46 23 den,
740 251 73 24 tyvärr
828 250 59 19 torde

127 285 86 18 komma
227 286 30 17 att
273 283 148 20 åstadkomma
437 284 86 25 mycket
538 284 57 19 ondt.
617 283 42 26 Jag
675 290 77 16 menar,
769 286 30 17 att
812 291 25 12 en
854 283 34 20 så-

128 319 41 18 dan
191 317 135 25 behandling,
350 324 46 13 som
419 317 108 20 Utskottet
549 318 117 25 föreslagit,
689 318 55 19 skall
762 317 45 20 låta
822 319 26 18 de
864 317 24 21 så

127 353 122 25 förderfliga
274 353 155 25 lönnkrogarne
455 359 93 18 uppvexa
575 352 40 19 likt
637 359 98 18 svampar
758 359 24 12 ur
803 353 84 25 jorden.

128 385 84 21 Sådana
226 387 69 19 finnas
311 387 34 19 väl
361 387 64 19 redan
441 393 34 16 nu,
491 393 48 13 men
555 387 90 19 orsaken
662 387 69 19 dertill
747 387 38 19 har
796 387 92 20 förnäm-

127 421 66 26 ligast
207 422 54 18 varit
276 422 46 22 den,
339 423 31 17 att
385 421 32 22 de,
434 427 46 13 som
495 421 78 19 önskat
589 420 20 20 få
625 421 108 22 brännvin,
749 421 48 20 icke
813 423 53 18 varit
882 423 6 18 i

127 455 84 20 tillfälle
225 457 31 18 att
272 455 25 26 på
313 456 65 19 andra
393 455 77 20 ställen
486 456 27 19 än
529 455 157 26 lönnkrogarna
701 455 21 20 få
737 451 32 34 det
781 455 33 20 iså
827 457 60 24 ringa

128 490 109 25 qvaliteter
260 490 25 19 de
308 490 83 19 önskat.
422 489 40 20 Om
485 496 25 13 en
534 489 25 20 så
581 490 43 25 hög
645 490 57 19 skatt
717 497 46 12 som
780 490 108 20 Utskottet

128 524 115 25 föreslagit,
260 524 75 25 lägges
350 523 27 26 på
392 524 179 25 utskänkningen,
588 524 61 19 skola
664 524 155 26 lönnkrogarne
836 531 52 19 upp-

130 557 39 24 stå,
193 559 22 18 af
235 558 40 19 den
298 558 69 22 orsak,
391 560 30 17 att
445 559 102 18 brännvin
570 559 37 18 der
627 559 42 18 kan
685 557 92 20 erhållas
793 559 30 19 för
839 559 48 19 vida

128 593 97 25 billigare
248 594 26 18 än
296 591 25 27 på
345 593 24 19 de
392 592 160 26 privilegierade
568 581 255 42 utskänkningsställena.
854 593 31 19 En

130 627 57 19 skatt
202 627 22 19 af
237 627 27 19 40
280 627 62 26 penni
359 633 35 19 per
410 627 76 22 kanna,
503 633 45 13 som
565 627 107 20 Utskottet
688 626 93 24 föreslår,
797 628 22 19 är
834 633 54 20 gan-

130 661 39 19 ska
191 661 101 25 betydlig.
323 661 72 25 Enligt
418 661 55 19 hvad
492 661 39 25 jag
546 662 35 18 vid
598 661 156 25 ransakningen
770 662 23 18 af
808 661 81 19 sådana

131 694 43 20 mål
197 696 73 22 funnit,
293 702 66 19 synes
382 695 35 19 det
432 695 86 25 vanliga
534 694 80 24 måttet,
631 702 46 12 som
693 695 39 20 hos
747 696 141 24 lönnkrögare

130 730 74 25 gifves,
230 736 49 12 vara
304 731 29 17 ett
358 731 88 24 qvarter.
476 730 32 18 En
529 730 58 19 skatt
609 731 22 18 af
644 730 27 19 40
688 730 62 24 penni
766 736 35 19 per
817 730 71 19 kanna

130 764 69 19 skulle
220 764 64 19 blifva
309 765 41 19 fem
373 764 62 25 penni
451 764 31 19 för
497 766 111 24 qvarteret,
623 764 41 19 och
680 765 37 18 när
733 764 155 26 lönnkrögaren

131 797 90 20 sålunda
243 798 41 20 kan
308 798 54 26 sälja
385 799 102 19 brännvin
510 798 32 19 till
557 799 42 19 fem
615 799 63 25 penni
693 798 96 26 billigare
805 800 26 18 än
848 799 40 19 den

131 832 80 26 lagliga
233 833 150 22 utskänkaren,
402 832 23 20 så
439 834 42 18 tror
494 833 39 25 jag
549 834 30 18 att
595 839 47 13 man
660 833 55 19 skall
730 834 51 24 göra
797 833 43 23 allt,
857 833 31 19 för

130 868 30 18 att
183 866 20 20 få
226 868 37 18 sitt
279 867 64 19 behof
356 867 157 19 tillfredsstäldt
528 867 40 19 hos
583 867 162 25 lönnkrögaren,
762 869 23 23 ty
801 867 40 19 den
857 873 32 13 ar-

130 901 89 19 betande
235 901 86 19 klassen
337 902 66 19 sätter
418 902 82 24 ganska
517 902 91 25 mycken
624 902 45 25 vigt
685 900 26 27 på
727 908 24 12 en
767 902 42 18 fem
820 902 68 24 penni.

130 935 42 26 Jag
187 942 62 13 anser
264 936 33 19 väl
313 936 32 19 för
360 936 43 19 min
419 936 40 22 del,
475 938 31 16 att
521 936 125 19 brännvinet
662 936 63 19 borde
741 936 108 19 beskattas
865 935 25 20 så

131 970 52 25 högt
206 976 45 14 som
274 970 106 20 Utskottet
404 970 116 25 föreslagit,
544 976 47 13 men
611 970 40 25 jag
674 970 84 23 önskar,
775 972 30 17 att
820 970 70 19 denna

130 1004 58 19 skatt
210 1004 68 20 skulle
301 1004 91 20 fördelas
415 1003 96 24 sålunda,
534 1006 29 17 att
587 1004 82 20 hälften
692 1005 23 18 af
733 1005 64 18 dessa
812 1004 78 26 fyratio

130 1039 62 25 penni
208 1039 76 25 läggas
299 1038 27 26 på
341 1039 164 25 tillverkningen
521 1038 40 20 och
577 1039 66 19 andra
658 1038 81 20 hälften
750 1037 26 27 på
786 1039 104 19 utskänk-

130 1073 85 25 ningen.
246 1073 39 19 Det
308 1074 23 18 är
353 1073 120 25 föreslaget,
497 1075 31 17 att
550 1073 81 19 hälften
655 1073 22 19 af
698 1073 190 25 utskänkningsut-

130 1107 84 19 skatten
238 1108 69 18 skulle
332 1108 83 18 tillfalla
439 1108 135 19 kommunen.
602 1107 63 19 Detta
689 1107 58 19 torde
770 1107 47 19 icke
839 1107 50 19 böra

130 1141 85 19 komma
230 1141 6 19 i
253 1140 66 27 fråga.
350 1141 40 20 Det
406 1141 68 19 skulle
489 1141 66 20 blifva
570 1148 26 13 en
613 1141 86 26 mycket
711 1142 65 18 större
786 1141 103 25 jemnhet,

130 1181 34 14 om
189 1175 63 20 dessa
277 1175 27 20 20
327 1176 68 25 penni,
418 1176 102 19 hvarmed
542 1175 241 26 utskänkningsskatten
801 1174 88 21 sålunda

130 1209 84 20 komme
229 1212 30 17 att
275 1210 101 22 minskas,
393 1210 68 19 skulle
477 1211 68 18 sättas
558 1209 26 26 på
595 1209 172 26 tillverkningen;
783 1209 27 20 då
821 1209 69 20 skulle

130 1244 111 19 frestelsen
265 1245 30 19 för
319 1245 155 25 lönnkrögaren
498 1245 47 19 icke
569 1244 66 19 heller
658 1250 51 13 vara
730 1243 24 20 så
770 1245 49 18 stor.
850 1243 40 20 Om

131 1279 80 19 derföre
234 1279 233 26 tillverkningsskatten
491 1279 76 26 höjdes
586 1279 33 19 till
635 1285 25 13 en
677 1279 59 18 mark
752 1279 60 25 tjugu
827 1279 63 25 penni

130 1313 41 19 och
193 1313 243 26 utskänkningsskatten
453 1313 68 20 blefve
536 1313 61 26 tjugu
613 1313 70 26 penni,
699 1312 25 20 så
739 1319 48 14 vore
803 1313 35 19 det
854 1319 36 13 en-

131 1347 39 26 ligt
185 1347 43 19 min
244 1347 57 26 åsigt
316 1348 40 19 den
372 1347 217 26 ändamålsenligaste
606 1347 147 26 fördelningen
769 1348 22 18 af
800 1347 90 19 skatten.

199 1381 52 20 Herr
267 1381 148 26 Cajander:
446 1382 74 19 Denna
536 1381 59 26 fråga
611 1383 23 18 är
650 1388 25 13 en
692 1382 23 19 af
728 1382 26 19 de
767 1383 54 18 mest
832 1380 59 21 svår-

130 1416 55 19 lösta
201 1416 40 19 och
257 1416 36 26 jag
309 1416 75 19 tilltror
400 1417 44 25 mig
459 1417 82 18 derföre
557 1416 46 19 icke
614 1416 67 19 heller
691 1417 30 18 att
732 1416 118 25 framlägga
862 1418 30 17 ett

131 1451 85 25 förslag,
233 1457 45 13 som
294 1457 49 13 vore
359 1451 34 19 det
409 1451 143 25 lämpligaste.
576 1451 59 19 Dock
651 1457 63 12 anser
726 1450 39 25 jag
776 1452 29 17 ett
816 1450 74 23 medel,
