1109 1817
253 149 46 18 1650
545 148 39 18 Den
597 148 22 18 29
631 148 42 23 Maj.

227 209 33 18 att
283 208 44 19 deri
350 208 53 19 söka
421 207 93 22 rättelse,
529 207 37 19 ber
579 207 40 26 jag
634 208 31 18 att
679 206 22 20 få
715 207 98 26 tillägga,
829 209 31 18 att
875 208 58 19 detta
947 207 44 20 till-

227 242 50 19 fälle
300 243 29 22 är,
352 242 51 19 efter
425 241 56 20 hvad
493 241 39 26 jag
547 241 43 20 kan
605 240 74 25 förstå,
696 241 79 20 honom
791 242 78 19 beredd
884 248 77 20 genom
976 241 14 27 &

227 276 35 20 63.
293 275 32 20 Då
346 275 42 20 han
411 275 107 26 nemligen
541 275 68 20 finner
633 276 34 25 sig
681 276 31 19 uti
728 276 140 25 debiterings-
884 276 40 20 och
939 282 52 20 upp-

227 310 157 26 bördslängden
407 311 106 25 upptagen
534 310 41 19 och
596 310 43 19 han
661 310 43 19 kan
727 309 140 27 ådagalägga,
891 312 30 18 att
942 317 49 13 man

227 344 58 26 gjort
307 345 34 26 sig
357 345 87 26 skyldig
459 345 33 19 till
508 345 29 19 ett
552 345 99 24 misstag,
667 343 27 20 då
709 351 50 13 man
775 345 75 19 räknat
866 345 78 20 honom
958 345 34 19 till

227 379 130 20 kommunen
378 379 51 20 eller
450 378 68 27 påfört
533 379 79 20 honom
628 379 52 19 först
696 379 110 19 skattören
821 379 41 20 och
878 379 66 20 sedan
959 381 33 17 ut-

227 413 96 26 skylder,
345 414 38 19 bör
405 413 42 20 han
470 413 72 20 kunna
563 413 41 20 hos
619 413 147 26 magistraten,
782 413 87 20 hvilken
884 413 28 20 då
926 412 66 21 också

227 454 51 13 vore
301 448 35 19 det
358 448 135 26 lämpligaste
516 448 75 22 forum,
612 448 53 19 söka
680 447 93 20 rättelse.
805 447 71 26 Något
891 447 101 21 särskildt

227 483 84 25 tillägg,
333 483 32 19 för
387 483 31 18 att
436 482 116 26 förtydliga
567 482 58 19 detta
641 488 65 20 synes
721 482 46 26 mig
783 482 81 19 derföre
880 482 46 20 icke
941 488 51 13 vara

228 517 139 25 erforderligt.
397 517 41 19 För
461 517 63 25 öfrigt
546 517 37 18 ber
603 517 46 25 jag,
672 515 27 20 då
717 517 41 25 jag
773 515 85 27 engång
873 516 39 19 har
926 517 66 22 ordet,

227 550 22 20 få
272 552 85 22 nämna,
381 553 37 21 att,
441 557 36 14 om
499 551 84 19 tillfälle
602 551 56 19 skall
674 551 88 19 beredas
779 552 30 18 att
823 557 78 20 genom
917 551 75 20 besvär

228 585 52 20 eller
302 585 79 25 klagan
404 585 53 20 söka
479 585 91 26 ändring
591 585 30 19 uti
644 585 228 26 taxeringsnämndens
888 584 104 27 åtgärder,

225 619 46 26 jag,
287 619 7 19 i
310 619 100 20 afseende
426 618 13 21 å
453 619 41 20 den
510 619 89 22 instans,
615 619 86 19 hvilken
717 619 126 26 pröfningen
859 620 23 19 af
890 620 102 19 besvären

229 653 69 20 skulle
317 653 125 23 tillkomma,
457 653 38 19 vill
510 653 82 20 biträda
608 653 52 20 Herr
675 653 140 26 Tengströms
830 654 80 25 förslag
925 653 27 26 på
967 654 25 19 de

229 688 55 22 skäl,
308 694 46 13 som
375 688 43 19 han
441 688 74 22 anfört,
537 687 136 25 naturligtvis
696 688 55 18 dock
775 688 47 19 med
842 688 110 25 undantag
972 688 22 18 af

228 722 105 25 förslaget
348 724 30 17 att
394 723 30 18 uti
447 722 7 26 &
471 722 26 19 77
513 722 68 19 införa
597 724 30 17 ett
642 722 119 26 stadgande
777 722 80 19 härom.

299 756 52 20 Herr
373 756 177 26 Tengström:
581 756 42 26 Jag
646 756 38 19 har
706 756 75 26 begärt
796 756 60 20 ordet
871 756 75 19 endast
961 756 31 19 för

229 792 32 18 att
284 792 53 18 rätta
359 792 30 18 ett
411 791 46 19 litet
477 791 97 25 misstag,
590 797 47 13 som
650 791 39 25 jag
704 791 29 19 uti
750 791 47 19 mitt
813 790 126 26 föregående
954 796 38 13 an-

231 825 108 24 dragande
350 826 57 25 gjort
419 825 40 19 och
471 831 46 13 som
528 831 76 19 genom
620 825 53 19 Herr
685 819 112 31 Öhnbergs
813 825 53 19 sista
881 825 37 19 ord
928 824 65 20 redan

230 859 69 19 blifvit
319 858 110 27 påpekadt.
460 859 41 26 Jag
521 860 36 18 ber
572 859 108 26 nemligen
695 861 31 17 att
741 858 22 21 få
778 858 96 27 återtaga
888 859 48 19 mitt
951 859 42 19 för-

231 894 53 25 slag,
296 895 31 18 att
337 894 30 19 uti
386 893 6 27 &
409 894 26 19 77
451 894 73 25 intaga
539 895 30 18 ett
585 894 118 25 stadgande
719 900 35 13 om
769 893 223 27 pröfningsnämnden.

230 927 99 20 Nämnda
345 927 14 27 8
375 928 56 19 visar
446 928 107 25 nemligen
569 929 69 25 vägen
653 929 32 19 för
705 928 88 20 besvärs
816 928 114 19 anförande
953 927 39 20 hos

231 962 137 20 Guvernören
381 962 40 20 och
433 962 91 20 Senaten
535 962 40 20 och
587 962 56 20 detta
654 969 37 13 var
699 962 47 20 icke
755 962 237 23 öfverensstämmande,

230 999 52 17 utan
297 996 89 20 alldeles
403 996 108 20 stridande
526 999 57 17 emot
599 997 43 19 min
658 997 93 25 mening.

300 1031 52 19 Herr
367 1030 113 20 Kurtén:
510 1031 41 25 Jag
561 1030 104 20 vidhåller
676 1032 43 18 min
730 1032 55 19 förut
795 1032 83 25 yttrade
890 1030 62 27 åsigt,
963 1033 30 18 att

230 1065 77 19 besvär
329 1066 58 19 öfver
409 1066 79 25 origtig
510 1066 95 25 taxering
628 1066 51 19 böra
701 1064 20 20 få
737 1066 85 19 anföras
838 1066 39 19 och
893 1066 37 19 vill
945 1066 48 20 med

231 1100 100 19 afseende
353 1099 52 20 härå
428 1101 78 18 nämna
528 1099 67 27 några
616 1100 43 20 ord.
690 1100 43 19 När
749 1106 26 14 en
791 1106 76 20 person
882 1107 62 13 anser
960 1101 34 25 sig

230 1140 51 13 vara
292 1134 87 25 origtigt
391 1134 91 23 taxerad,
493 1134 60 19 faller
564 1135 35 18 det
610 1135 23 18 af
641 1134 34 25 sig
691 1134 58 25 sjelft
765 1136 37 22 att,
817 1141 34 13 om
867 1134 42 20 han
919 1135 75 20 härom

230 1169 40 24 gör
291 1175 26 12 en
333 1168 142 26 anmärkning
490 1168 39 19 hos
546 1168 145 26 magistraten,
706 1168 43 19 han
765 1169 62 19 äfven
842 1175 77 19 genom
935 1169 59 19 klara

231 1202 40 19 och
294 1202 85 26 tydliga
400 1203 60 19 bevis
483 1203 37 19 bör
542 1203 73 19 kunna
637 1203 74 19 utreda
731 1204 31 17 att
778 1201 65 27 något
858 1203 90 26 misstag
963 1203 31 19 uti

230 1237 127 26 taxeringen
368 1238 35 25 egt
416 1243 52 13 rum.
492 1237 47 19 Han
552 1237 100 19 behöfver
665 1235 27 21 då
705 1237 46 19 icke
765 1243 26 13 en
804 1237 92 19 särskild
908 1237 86 24 nämnd,

230 1271 32 20 för
285 1273 30 17 att
339 1272 73 25 pröfva
434 1271 54 20 hans
511 1271 100 23 inkomst,
627 1273 50 17 utan
693 1277 26 13 en
735 1271 98 23 domstol,
850 1277 46 14 som
911 1272 83 25 pröfvar

230 1305 128 26 giltigheten
381 1306 23 19 af
424 1306 26 19 de
473 1305 47 20 skäl
535 1305 43 20 han
594 1306 69 19 anfört
678 1305 31 20 för
725 1305 91 26 ändring
831 1306 30 19 uti
876 1306 118 25 taxerings-

230 1340 119 19 nämndens
369 1339 153 26 uppskattning
538 1340 23 19 af
574 1339 55 20 hans
644 1339 123 20 inkomster.
798 1340 39 19 Att
851 1340 31 19 uti
895 1340 99 19 städerna

230 1374 53 25 vilja
291 1374 67 19 införa
367 1380 25 13 en
401 1373 196 26 pröfningskomité,
607 1380 46 13 som
663 1374 68 19 skulle
741 1374 62 19 döma
811 1374 58 19 öfver
877 1374 117 25 taxerings-

230 1408 115 24 nämnden,
369 1415 62 12 anser
452 1408 40 26 jag
514 1415 50 13 vara
585 1409 118 25 olämpligt,
725 1410 52 17 utan
793 1408 69 20 skulle
877 1408 37 26 jag
929 1408 66 20 hellre

230 1442 53 26 vilja
305 1443 52 25 göra
380 1443 35 19 det
436 1441 108 25 förbehåll,
568 1444 31 18 att
621 1449 35 13 om
675 1449 26 13 en
724 1449 77 19 person
817 1449 61 13 anser
894 1443 34 26 sig
944 1449 50 13 vara
