1109 1817
245 151 46 18 2224
560 152 85 22 Register.

221 214 194 29 Augmenträntornas
443 216 128 25 indragning
595 216 32 19 till
651 216 86 19 kronan.
776 217 27 19 Se
826 219 155 17 sammansatta

306 246 64 17 stats-
386 244 40 20 och
442 245 214 19 ekonomiutskottets
672 245 133 20 betänkande
819 245 41 20 N:o
875 246 19 19 4.

580 317 54 38 B.

221 376 58 25 Bank,
295 377 107 19 Finlands.

323 405 51 26 råga
389 412 35 13 om
439 407 48 24 nytt
503 406 129 25 reglemente
648 407 36 18 för.
716 406 13 19 I.
761 406 219 23 56—57,104—105,

308 434 117 20 138--145.
456 434 22 19 B.
509 434 25 19 IL
564 434 145 20 1258—1259.
732 436 26 18 A.
782 435 24 19 II.
833 435 146 23 1268—1293,

309 463 145 22 1295—1338,
473 463 148 23 1339—1379,
640 463 145 20 1352—1423.

221 503 69 2 —
306 491 68 26 Fräga
397 498 34 13 om
450 493 47 24 nytt
512 491 40 20 hus
568 492 37 19 för.
636 492 15 19 I.
682 492 33 22 57,
734 492 45 23 105,
797 492 47 23 109,
863 492 115 19 145—146.

305 520 23 19 B.
359 520 34 19 NII.
426 520 60 19 1882.
519 521 23 18 A
575 520 62 19 2060.

222 560 47 1 —
305 549 175 19 Bankutskottets
497 549 112 19 berättelse
625 549 57 19 öfver
697 549 107 20 verkstäld
815 549 133 26 granskning
960 550 22 19 af

305 577 102 20 Finlands
425 577 71 20 Banks
513 577 91 26 styrelse
619 578 40 19 och
676 577 117 20 tillståndet
809 578 47 19 med
872 579 26 18 de
915 578 65 19 under

305 607 125 18 ständernas
457 607 82 24 garanti
565 606 40 19 och
630 605 50 20 vård
707 607 68 18 stälda
800 607 80 19 fonder.
911 607 22 19 B.
964 607 15 19 I.

306 634 47 20 506.
384 636 26 18 A.
441 635 14 18 I
501 634 120 20 559—573.

221 661 180 29 Bankfullmäktiges
417 663 110 19 skrifvelse
543 664 46 18 med
607 663 79 25 förslag
701 663 32 19 till
748 664 129 25 reglemente
889 664 32 19 för
930 664 50 19 Fin-

305 692 61 19 lands
389 692 65 21 Bank,
478 693 55 17 samt
557 692 47 19 med
625 692 79 25 förslag
719 692 32 19 till
767 694 47 24 nytt
829 692 104 20 bankhus.
963 692 15 19 I.

305 720 91 22 56—57,
417 720 117 23 104—105,
552 720 45 23 109,
617 720 116 23 138—145,
753 721 117 19 145—146.
900 721 22 19 B.
954 721 18 19 II

308 749 145 23 1258--1259,
484 749 22 19 B.
537 749 35 19 III.
606 749 59 19 1882.
699 750 26 18 A.
756 749 33 19 III.
821 749 62 19 2060.

306 777 67 26 Fråga
397 784 33 13 om
455 778 63 18 sättet
541 778 31 18 för
595 778 34 18 val
652 778 22 18 af
709 778 24 19 II.
767 778 146 19 1422—1423.
944 778 34 18 III.

305 806 146 23 1591—1593,
471 806 52 19 1710
534 806 83 19 —1716.

218 846 69 1 —
303 835 81 19 Valaf.
416 835 33 19 HL
484 834 146 20 1716—1717.

223 874 63 2 —>
304 864 39 18 Val
359 864 23 18 af
395 864 134 25 suppleanter
544 864 38 19 för.
613 864 28 18 III
681 863 148 19 1718—1719.

218 890 87 24 Bankhus
321 892 30 19 för
367 892 101 19 Finlands
483 892 66 22 Bank,
566 892 58 26 Nytt.
656 892 13 18 I.
701 892 90 22 56—57,
810 892 47 22 105,
878 892 44 23 109,
938 892 38 19 145

303 920 74 20 —146.
410 921 15 19 B
463 920 34 19 III.
532 920 59 20 188.
623 921 24 19 A
679 921 34 19 IIL
745 920 62 20 2060.

218 948 156 23 Bankrevisorer.
394 949 27 20 Se
436 949 200 25 Bankfullmäktige.

218 977 149 23 Bankutskottet.

217 1024 68 2 mm.
302 1013 47 19 ang.
370 1007 34 19 val
419 1008 23 18 af
455 1007 116 19 ledamöter
586 1006 40 20 och
642 1007 133 25 suppleanter
791 1007 12 19 i.
833 1007 16 19 I.
880 1007 33 23 31,
929 1007 48 19 444.

301 1036 50 18 dess
373 1036 112 18 skrifvelse
507 1036 6 18 i
531 1034 59 26 fråga
608 1042 34 12 om
658 1035 101 19 Finlands
775 1035 203 26 hypoteksförening

301 1064 31 19 till
343 1064 103 19 utskottet
457 1064 69 19 stälda
536 1064 61 19 skrift
608 1064 48 19 med
667 1064 156 25 framställning
833 1070 35 13 om
876 1064 102 26 antingen

301 1093 147 33 konvertering
464 1094 23 18 af
499 1092 216 26 hypoteksförenings
725 1091 34 20 län
772 1099 23 12 ur
806 1092 101 20 Finlands
918 1093 60 19 Bank

301 1128 11 12 ä
327 1121 87 23 150,000
425 1121 58 19 rubel
494 1121 72 19 silfver
574 1122 31 17 till
615 1123 29 17 ett
653 1120 174 26 amorteringslän
837 1122 48 18 med
893 1122 85 19 nedsatt

300 1128 59 41 ränta
383 1150 50 19 eller
456 1149 90 20 anstånd
570 1150 48 19 med
640 1149 69 20 länets
730 1149 138 26 inbetalning.
905 1150 23 19 B.
961 1150 15 19 I

299 1178 41 19 290
353 1178 65 19 —291.
432 1178 23 19 R.
466 1179 16 18 I.
494 1178 67 19 350
567 1178 47 19 —354.
628 1178 23 19 B.
665 1178 34 19 III.
714 1178 59 19 1557.
787 1179 26 18 A.
829 1178 147 20 1968-—1669.

216 1218 69 2 —
301 1207 48 19 dess
370 1207 112 19 berättelse
500 1207 59 19 öfver
571 1207 107 19 verkstäld
694 1207 132 25 granskning
843 1207 22 19 af
876 1207 101 19 Finlands

299 1235 71 20 Banks
386 1235 91 26 styrelse
492 1235 40 20 och
547 1235 117 20 tillständet
679 1235 46 20 med
739 1235 26 19 de
776 1236 66 19 under
852 1236 125 19 ständernas

299 1264 82 25 garanti
403 1264 40 19 och
466 1263 51 20 värd
539 1264 70 19 stälda
630 1265 79 18 fonder.
739 1264 176 19 Bankutskottets
936 1265 40 19 bet.

299 1293 38 19 N:o
356 1293 16 19 1.
403 1293 22 19 B.
456 1293 15 18 I.
501 1293 49 19 506.
581 1293 25 19 A.
637 1293 15 18 I.
683 1292 119 20 559—573.

215 1333 69 1 —
300 1321 48 20 dess
365 1321 110 19 skrifvelse
490 1327 48 20 ang.
555 1321 138 20 meddelande
709 1322 22 18 af
745 1321 105 24 décharge
866 1320 21 20 ät
903 1321 74 20 Direk-

299 1350 70 19 tionen
386 1351 31 18 för
432 1350 101 19 Finlands
549 1350 66 19 Bank.
646 1350 24 19 II.
704 1349 72 20 1028—
790 1349 60 20 1029.

298 1379 39 19 N:o
353 1379 12 18 2
381 1379 6 18 i
404 1379 41 18 anl.
469 1379 22 18 af
510 1385 20 12 n.
551 1385 56 19 prop.
624 1379 39 18 N:o
682 1378 30 23 15,
728 1385 35 13 om
779 1378 76 25 tillägg
871 1378 32 19 till
919 1379 57 18 stad-

381 1407 79 26 gandet
483 1408 39 19 rör.
544 1407 95 26 grunden
656 1407 31 19 för
703 1407 100 19 Finlands
819 1407 73 19 Banks
908 1407 68 19 sedel-

381 1436 166 25 utgifningsrätt.
586 1436 21 19 B.
645 1436 25 19 II.
701 1435 48 20 906.
781 1436 24 19 A.
837 1435 24 19 II.
893 1435 48 20 948.
