1109 1817
433 170 38 18 Den
484 170 22 18 25
519 170 42 22 Maj.
811 170 46 18 1529

116 228 186 26 kommunallagen
326 229 47 19 icke
394 227 70 27 nägon
487 227 68 20 sädan
579 228 92 25 mening,
695 229 24 25 ty
741 228 36 19 vid
800 228 80 20 allmän

117 262 173 21 rädhusstämma
305 263 82 19 utöfvar
403 262 72 26 hvarje
491 263 166 25 röstberättigad
673 262 33 19 sin
721 263 94 23 rösträtt,
831 269 49 13 men

117 297 139 26 Magistraten
271 296 128 20 tillkommer
415 297 36 19 der
466 297 48 19 icke
529 297 174 19 beslutanderätt.

186 331 53 19 Herr
254 331 175 26 Tengström:
459 331 46 20 Den
529 331 93 26 mening,
646 337 46 13 som
710 331 38 26 jag
763 331 36 20 ber
814 333 31 18 att
860 330 22 21 fä

117 367 64 24 yttra,
196 366 63 25 utgör
275 371 25 13 en
316 365 112 26 medelväg
443 365 91 20 emellan
550 365 27 20 de
593 367 120 21 motsatser,
729 371 47 14 som
787 364 46 21 frän
844 365 36 20 tvä

118 400 57 19 sidor
197 399 69 20 blifvit
288 399 124 20 förfäktade.
442 399 48 20 Med
514 399 108 20 Utskottet
643 400 24 19 är
679 400 40 25 jag
733 406 52 13 ense
801 400 79 23 derom,

118 436 30 18 att
171 434 168 25 bestämningen,
364 449 5 8 ,
370 433 188 24 Rådhusstämma
578 433 76 24 hålles,
677 435 58 18 utom
751 433 13 20 å
779 435 101 19 ofvanbe-

117 469 85 20 stämda
224 469 60 22 tider,
305 469 81 25 jämväl
409 467 26 21 då
451 469 139 25 Magistraten
606 469 36 18 det
657 469 74 25 nödigt
746 469 68 19 finner
829 469 52 19 eller

118 503 136 20 Guvernören
279 503 69 19 dertill
371 503 128 23 förordnar",
522 503 69 19 blifvit
611 503 119 26 uppflyttad
757 503 33 20 till
815 504 66 19 första

118 544 71 17 mom,,
211 537 138 26 hvarigenom
372 537 69 20 denna
463 537 87 26 mening
570 537 68 26 gäller
661 537 75 20 endast
759 538 26 19 de
801 538 79 23 städer,

119 573 37 18 der
171 571 194 26 stadsfullmäktige
381 572 46 19 icke
438 572 76 23 finnas,
525 571 41 20 och
577 572 36 19 det
623 578 63 13 anser
696 571 39 26 jag
747 578 51 13 vara
809 572 73 26 riktigt

118 607 179 25 hufvudsakligen
319 605 27 27 pä
368 607 35 18 det
423 606 52 23 skäl,
499 608 31 17 att
546 606 14 26 &
576 606 27 20 33
619 606 135 19 föreskrifver
769 606 53 19 huru
839 606 43 20 Gu-

118 643 76 18 vernör
219 641 51 20 eller
297 641 112 26 Magistrat
432 641 63 20 hafva
518 643 30 17 att
571 640 28 27 gä
622 641 32 19 till
677 642 55 25 väga
747 640 27 20 dä
790 641 25 20 de
831 641 52 26 vilja

120 675 97 20 meddela
239 675 166 26 stadsstyrelsen
421 674 65 26 nägot
501 675 78 19 ärende
595 675 52 20 eller
661 675 158 19 kommunicera
834 676 49 19 med

120 710 40 20 den
176 710 7 19 i
198 709 65 27 nägot
279 710 105 19 afseende.
415 710 40 19 Det
471 710 23 19 är
510 710 107 25 nemligen
633 710 32 19 till
681 710 202 26 stadsfullmäktige,

120 751 46 13 som
189 744 26 20 de
236 744 67 25 enligt
318 744 93 20 nämnda
426 743 15 27 &
456 744 51 20 böra
522 744 71 20 vända
608 744 40 26 sig,
664 744 40 20 och
720 744 123 26 derigenom
859 745 23 19 är

120 779 49 19 hela
184 778 99 20 behofvet
298 778 143 26 tillgodosedt.
468 778 100 20 Deremot
583 778 51 20 ville
647 778 39 26 jag
697 779 71 19 förena
780 779 45 25 mig
836 779 47 19 med

120 813 53 19 Herr
195 813 56 25 Frey
273 813 30 19 uti
319 813 40 19 den
374 813 166 25 omständighet,
556 814 31 18 att
603 812 195 26 stadsfullmäktige
814 813 69 19 skulle

121 853 50 14 vara
194 847 130 26 berättigade
348 849 31 17 att
399 848 7 18 i
429 847 147 25 tvifvelaktiga
595 847 42 23 fall,
654 848 38 18 när
707 847 26 19 de
748 847 32 19 till
795 847 89 26 ledning

121 882 32 19 för
177 880 69 27 nägon
269 882 33 18 sin
325 880 75 27 ätgärd
422 881 52 26 vilja
495 881 111 19 konferera
629 882 48 18 med
699 881 78 20 allmän
792 880 91 21 rädhus-

122 917 98 22 stämma,
241 914 21 21 fä
285 922 26 13 en
326 914 67 21 sädan
409 915 171 20 sammankallad
595 916 32 19 för
643 917 30 17 att
688 915 94 20 inhemta
797 916 87 20 hvilken

122 950 107 20 allmänna
252 950 113 26 meningen
388 950 40 19 och
449 950 131 19 tänkesättet
600 950 7 19 i
630 950 76 19 staden
729 951 28 22 är,
773 950 111 20 stadsfull-

122 985 106 25 mäktiges
253 984 167 20 beslutanderätt
443 984 54 20 dock
520 984 7 19 i
548 984 43 20 alla
607 984 36 20 fall
659 984 129 23 oförkränkt,
805 986 31 18 att
851 986 33 18 ut-

122 1020 67 22 öfvas,
212 1019 65 19 sedan
300 1019 141 19 konferensen
456 1018 52 20 eller
523 1018 191 26 öfverläggningen
729 1019 48 19 med
793 1018 90 20 rädhus-

122 1054 91 19 stämma
236 1053 95 26 upphört,
354 1059 50 13 vare
427 1053 33 26 sig
481 1059 83 13 samma
579 1052 52 20 eller
645 1059 70 13 annan
731 1053 48 25 dag.
810 1052 74 20 Stads-

122 1088 133 24 fullmäktige
271 1087 69 19 skulle
356 1088 123 25 derigenom
494 1086 21 20 fä
531 1087 40 19 den
587 1087 88 26 ledning
685 1087 51 19 eller
746 1087 137 26 upplysning,

122 1128 47 13 som
185 1122 22 19 af
221 1128 26 12 en
263 1121 112 20 konferens
391 1121 48 20 med
455 1122 30 18 ett
500 1122 68 18 större
584 1121 58 19 antal
653 1122 22 18 af
686 1122 127 25 röstegande
825 1121 60 20 med-

122 1156 89 19 lemmar
233 1155 60 19 alltid
309 1156 23 19 är
347 1157 31 17 att
393 1154 100 27 päräkna,
510 1161 26 13 en
552 1155 45 23 sak,
614 1161 47 14 som
676 1161 49 14 man
741 1155 59 19 alltid
816 1154 69 21 mäste

123 1196 52 13 anse
189 1195 51 14 vara
255 1189 133 26 fördelaktig.
419 1189 35 19 Ett
469 1189 62 19 lands
547 1189 99 26 regering
661 1189 38 20 har
712 1189 25 26 ju
752 1189 84 20 tillfälle
852 1189 34 26 sig

122 1224 73 19 beredt
217 1225 31 18 att
263 1223 110 20 konferera
389 1223 48 20 med
454 1223 139 20 medlemmar
608 1223 23 19 af
645 1223 35 20 det
695 1223 111 23 samhälle,
821 1223 65 20 hvar-

123 1259 58 19 öfver
196 1258 40 19 den
252 1258 82 19 utöfvar
350 1258 33 19 sin
399 1257 91 27 styrelse
506 1257 41 20 och
563 1263 82 14 samma
661 1257 83 20 tillfälle
759 1258 64 19 borde
839 1257 47 20 der-

123 1293 43 20 före
181 1293 62 19 äfven
259 1292 88 20 beredas
363 1298 26 14 en
405 1292 59 19 stads
480 1292 98 26 styrelse.

193 1327 52 19 Herr
267 1325 110 26 Sjöros:
400 1326 42 26 Jag
465 1325 39 20 har
526 1325 61 20 räkat
610 1327 6 18 i
636 1325 129 20 tvifvelsmäl
781 1332 35 13 om
831 1327 55 18 rätta

123 1359 117 22 förståndet
263 1361 22 18 af
306 1367 75 13 senare
396 1366 64 14 mom.
476 1360 7 19 i
499 1360 70 20 denna
585 1359 14 27 &
615 1360 37 20 der
667 1360 36 20 det
717 1360 60 20 heter
793 1359 40 25 ,,dä
848 1359 38 21 nä-

123 1401 43 20 gon
186 1395 23 19 af
229 1395 26 20 de
275 1395 7 19 i
298 1394 33 23 25,
348 1394 27 20 30
391 1394 41 20 och
448 1394 25 20 31
492 1393 30 28 88
537 1394 129 20 omnämnda
681 1394 114 20 händelser
810 1393 77 21 sådant

123 1428 105 27 påkalla."
259 1428 15 27 &
297 1429 27 20 25
343 1429 90 20 omtalar
448 1429 51 20 flere
514 1429 115 19 händelser
644 1429 51 19 eller
711 1429 47 26 slag
773 1429 23 19 af
809 1427 77 28 frågor,

124 1463 109 20 deribland
248 1469 34 14 om
298 1462 35 21 län
349 1463 40 20 och
405 1463 128 26 försäljning
549 1463 23 20 af
585 1463 103 26 fastighet
703 1465 56 18 samt
774 1463 110 24 derjemte,
