1109 1817
455 156 39 17 Den
509 156 22 18 15
543 156 48 17 Juni.
834 157 45 17 2185

139 221 36 14 om
190 214 189 26 Borgareståndets
394 215 30 18 uti
441 215 19 24 ej
478 214 81 19 mindre
576 215 139 18 nästnämnde
731 215 26 18 än
773 214 128 26 föregående

139 249 90 20 ärender
244 249 7 18 i
267 249 41 25 dag
323 249 79 18 fattade
418 248 76 19 beslut.

211 282 88 20 Ständet
323 283 32 19 till
380 283 120 19 kännedom
524 283 108 25 upplästes
656 283 94 25 följande
775 283 127 26 protokolls-

140 318 77 25 utdrag
239 316 45 21 från
307 317 34 19 det
364 317 136 26 Högvördiga
524 316 169 20 Presteståndet:
717 317 23 19 af
753 317 40 19 den
812 317 24 20 12
852 318 49 19 Juni

140 351 111 26 angående
275 351 20 27 a)
311 351 100 20 Ståndets
433 351 70 20 beslut
519 352 6 18 i
541 351 174 26 petitionsfrågan
731 358 35 13 om
782 352 120 20 inrättande

139 387 24 19 af
177 393 26 13 en
218 387 233 25 Vetenskapsakademi
467 393 26 12 m.
511 393 27 12 m.
569 386 22 26 b)
607 385 190 26 Borgareståndets
817 387 85 25 inbjud-

140 421 52 25 ning
207 421 129 19 beträffande
352 421 114 25 petitionen
479 427 35 13 om
530 421 118 19 inrättande
663 421 23 19 af
699 422 30 18 ett
739 422 48 25 nytt
798 421 104 20 folkskol-

138 455 80 20 lärare-
240 455 40 20 och
301 455 249 22 lärarinneseminarium,
574 454 19 27 c)
617 457 154 17 sammansatta
787 455 58 20 Stats
860 455 41 20 och

139 490 220 19 Ekonomiutskottets
382 489 128 26 inbjudning
527 490 7 18 i
549 489 75 26 frågan
639 495 34 14 om
689 488 84 27 Nädiga
788 490 113 25 propsitio-

139 531 41 12 nen
204 523 109 26 angäende
336 524 122 25 riktningen
481 524 23 19 af
517 523 126 20 Stambanor
658 524 34 19 vid
705 524 195 26 jernvägsanlägg-

140 559 75 25 ningar
238 559 6 19 i
267 559 94 22 Finland,
385 559 20 24 d)
422 559 91 24 ändring
528 559 23 18 af
564 558 75 25 lagens
655 559 117 25 stadgande
787 565 34 12 om
837 559 64 20 oäkta

139 593 64 20 barns
226 593 90 22 arfsrätt,
339 592 21 26 e)
375 593 173 18 bankutskottets
571 593 133 19 betänkande
727 593 6 18 i
749 593 116 26 anledning
880 593 22 20 af

138 629 123 23 emottagen
282 626 121 20 återremiss
425 627 22 18 af
467 626 15 26 &
501 627 13 18 4
530 627 6 18 i
552 627 101 25 förslaget
669 627 32 19 till
717 627 136 26 Reglemente
869 628 32 19 för

138 662 103 19 Finlands
263 662 62 22 bank,
345 662 16 24 f)
377 661 324 25 sammanjemkningsförslaget
723 662 89 19 rörande
827 663 36 18 det
878 663 24 18 af

139 696 130 20 Ständernas
285 696 190 24 bankfullmäktige
491 696 117 25 uppgjorda
623 696 81 25 förslag
719 696 33 18 till
763 696 137 26 Reglemente

139 731 32 19 för
186 730 101 20 Finlands
303 730 61 23 bank,
381 730 21 25 g)
418 730 90 25 ändring
524 730 22 19 af
560 736 62 14 mom.
639 737 27 12 m.
683 730 5 19 i
701 730 155 20 instruktionen
869 730 31 20 för

139 764 130 20 Ständernas
286 764 197 26 bankfullmäktige,
506 764 22 23 h)
551 764 116 26 utgörande
691 765 22 18 af
734 764 116 26 bevillning
868 765 32 19 för

142 799 54 19 1873
216 799 40 19 och
278 799 93 25 följande
387 798 28 24 är,
431 798 16 23 i)
464 799 324 25 sammanjemkningsförslaget
803 799 6 19 i
825 798 75 26 frägan

138 840 36 13 om
196 833 136 25 tillverkning
355 833 126 25 försäljning
501 833 80 25 upplag
603 833 39 19 och
665 833 90 25 forsling
775 834 23 18 af
811 834 89 19 bränvin

139 869 56 18 samt
205 866 22 28 k)
239 867 324 26 sammanjemkningsförslaget
573 874 34 13 om
618 868 71 18 stads-
699 867 40 20 och
750 868 150 19 landtmanna-

139 902 82 26 fartygs
243 902 136 19 likställande
400 902 7 18 i
430 902 100 19 afseende
552 900 13 21 å
587 902 128 25 rättigheten
737 902 32 19 till
786 902 61 19 deras
862 902 38 20 be-

138 936 119 26 gagnande.

208 970 103 26 Samtliga
327 971 62 19 dessa
405 970 154 20 meddelanden
575 969 92 27 ansägos
683 970 47 20 icke
746 970 108 20 föranleda
866 970 33 20 till

138 1004 71 27 nägon
222 1004 81 26 ätgärd.

208 1038 87 21 Ständet
311 1038 103 21 ätskildes
429 1038 52 20 härä
496 1039 29 19 kl.
542 1038 27 27 1/,
584 1039 33 19 till
633 1039 13 20 8
662 1046 17 13 e.
696 1046 27 12 m.

361 1215 129 27 Lördagen
506 1215 47 22 den
569 1215 27 22 15
611 1215 61 21 Juni

136 1278 93 20 klockan
252 1280 31 19 tre
305 1280 60 25 gvart
386 1279 33 19 till
434 1279 41 19 tolf
488 1279 44 19 före
547 1279 115 25 middagen
678 1278 172 20 sammanträdde
865 1277 34 21 till

136 1312 86 26 plenum
237 1312 190 27 Borgareständets
442 1313 100 26 samtliga
558 1313 143 23 medlemmar,
722 1313 48 20 med
789 1312 110 25 undantag

136 1347 24 19 af
181 1347 76 20 Herrar
279 1347 132 24 Gummerus,
434 1347 114 20 Wendelin
571 1347 41 20 och
627 1347 118 26 Lundberg,
761 1346 73 20 hvilka
850 1346 49 20 med

136 1379 102 22 Ständets
260 1382 126 25 begifvande
407 1387 50 14 voro
479 1381 46 20 frän
548 1381 75 20 staden
645 1381 78 20 afreste
744 1382 56 18 samt
821 1381 78 19 Herrar

136 1415 111 26 Nylander
275 1416 41 19 och
345 1415 131 24 Granström,
507 1416 31 19 för
563 1415 72 20 hvilka
660 1415 70 20 förfall
755 1415 47 20 icke
828 1415 71 20 blifvit

137 1450 102 19 anmäldt.
