1109 1817
413 166 38 17 Den
465 166 22 16 24
500 166 41 22 Maj.
789 166 44 17 1487

98 224 66 19 vistas
189 224 100 25 ostadigt,
309 224 40 19 och
372 224 32 23 de,
425 230 45 13 som
491 224 29 19 uti
536 224 75 19 staden
627 224 63 19 hafva
706 224 79 25 stadigt
800 224 60 19 hem-

98 259 48 22 vist,
169 258 69 19 skulle
261 259 36 18 der
319 258 63 19 hafva
405 260 30 17 ett
451 258 89 26 olagligt
555 258 98 23 hemvist,
669 257 81 20 hvilket
765 264 50 13 vore
831 259 29 18 ett

98 298 93 13 nonsens
207 293 22 18 af
243 293 35 18 det
298 292 139 25 befängdaste
459 292 53 26 slag.
543 292 56 19 Vore
616 292 113 25 meningen
744 292 48 19 med
808 292 52 19 Herr

98 326 79 26 Sjöros”
193 327 80 26 förslag
288 328 30 18 att
334 327 95 25 upprifva
444 327 57 19 hvad
518 333 45 13 som
579 327 35 18 vid
630 326 14 26 &
659 326 12 20 3
684 327 68 19 blifvit
762 327 98 22 beslutet,

98 360 24 20 så
138 361 69 20 skulle
223 361 34 20 det
272 361 47 20 icke
334 361 102 19 behöfvas
453 364 65 16 annat
528 362 27 18 än
569 363 31 17 att
611 361 148 19 omformulera
768 361 92 19 nämnde

98 395 14 26 $
129 394 30 24 så,
175 397 31 18 att
221 396 40 19 den
280 395 115 20 omfattade
417 394 54 21 både
493 395 53 23 dem,
570 401 46 14 som
631 395 94 26 lagligen
741 395 40 20 och
797 395 63 19 dessa

99 436 45 13 som
161 431 80 25 stadigt
256 431 35 18 äro
307 430 6 19 i
329 430 48 19 stad
393 430 89 19 bosatta.
512 430 45 25 Mig
572 435 66 20 synes
653 430 32 19 för
699 429 64 26 öfrigt
778 431 30 18 att
824 429 36 20 be-

98 471 92 19 greppen
207 464 130 26 ,laglighet"
353 464 40 19 och
410 479 5 8 ,
417 464 128 25 stadighet*
562 465 36 18 äro
613 464 130 25 beslägtade,
755 470 47 13 men
813 464 47 19 icke

99 502 53 16 mot:
167 499 119 19 hvarandra
309 499 113 22 stridande,
448 498 97 20 hvarföre
571 499 25 19 de
623 499 86 25 mycket
733 498 34 19 väl
790 499 70 19 kunde

100 533 90 19 förenas.
221 533 68 25 Ginge
313 532 72 26 Sjöros
404 533 80 25 förslag
500 532 77 20 sådant
598 533 36 19 det
653 539 28 12 nu
697 533 23 19 är
735 533 125 23 framstäldt,

100 567 91 25 igenom,
207 566 24 20 så
247 567 68 20 skulle
331 567 26 20 de
371 567 7 19 i
394 567 47 19 stad
462 567 94 26 lagligen
577 567 82 20 bosatta
674 567 69 19 kallas
759 567 102 19 medlem-

100 607 44 13 mar
160 602 23 18 af
197 602 193 23 stadskommunen,
412 608 49 13 men
480 602 32 23 de,
528 608 46 13 som
595 601 64 20 hafva
675 601 79 26 stadigt
768 601 93 20 hemvist

99 636 7 19 i
122 636 75 19 staden
210 636 39 25 jag
264 638 35 17 vet
314 636 47 19 icke
380 636 62 23 hvad,
459 635 24 20 så
498 638 30 17 att
544 635 27 26 på
587 642 39 13 ena
641 635 72 20 stället
728 635 69 20 skulle
813 635 48 20 med

100 670 75 26 lagligt
198 671 83 18 bosatta
304 669 77 20 förstås
405 685 9 8 ,
420 670 192 23 mantalsskrifven,
635 675 48 14 men
703 669 27 26 på
745 670 35 19 det
796 670 65 18 andra

100 704 71 19 stället
196 704 93 26 ,stadigt
311 704 110 19 vistande*
445 704 79 26 betyda
543 703 66 27 något
627 704 44 19 helt
687 706 70 21 annat,
772 704 41 19 och
828 703 33 19 till

100 739 80 25 stadigt
201 739 97 19 vistande
321 745 99 19 personer
443 738 69 20 skulle
535 738 27 20 då
583 739 60 19 äfven
659 738 100 20 hänföras
775 737 86 21 stånds-

100 779 105 19 personer,
222 780 46 12 som
287 772 26 26 på
332 773 149 25 landsbygden
504 779 41 19 ega
560 773 147 25 possessioner
721 772 40 20 och
777 773 32 19 för
824 773 38 19 sitt

100 808 61 25 nöjes
177 807 56 19 skull
248 807 107 26 tillbringa
370 808 83 18 vintern
469 808 6 18 i
491 808 54 22 stad,
564 819 23 2 —
602 814 25 13 en
644 808 69 22 oreda,
730 813 46 13 som
792 806 69 20 skulle

101 842 63 19 blifva
181 842 88 19 alldeles
285 842 137 26 besynnerlig
437 842 41 19 och
489 842 129 25 oförklarlig.

169 875 53 20 Herr
245 875 126 20 Höckert:
397 876 50 19 Herr
467 876 128 26 Tengström
620 876 39 18 har
674 874 27 27 på
715 876 43 19 sätt
773 875 40 20 och
828 876 33 18 vis

100 910 134 19 förekommit
257 910 49 25 mig,
329 910 123 25 derigenom
475 912 31 17 att
528 910 42 20 han
591 910 75 26 antydt
686 910 98 19 behofvet
799 910 23 19 af
836 916 25 13 en

100 944 178 26 omformulering,
294 944 85 19 hvilken
393 944 39 26 jag
447 944 64 20 redan
527 945 55 19 förut
597 944 46 20 haft
657 945 52 19 äran
721 944 82 20 betona.
820 944 42 25 Jag

99 978 84 26 yttrade
199 979 43 25 mig
258 978 106 26 nemligen
380 978 102 20 särskildt
497 985 35 13 om
548 985 105 19 personer,
669 978 79 23 hvilka,
763 980 51 18 utan
830 980 31 17 att

99 1012 7 19 i
122 1012 74 20 staden
212 1019 50 13 vara
278 1012 179 23 mantalsskrifna,
473 1014 36 18 äro
525 1014 37 18 der
577 1013 84 19 bosatta
671 1012 40 20 och
722 1012 72 20 hvilka
805 1011 55 21 såle-

100 1047 37 19 des
153 1046 69 20 skulle
238 1048 73 24 utgöra
330 1053 26 13 en
379 1049 90 17 motsats
491 1047 33 19 till
540 1048 54 22 dem,
611 1054 46 13 som
673 1048 36 18 äro
725 1047 137 19 medlemmar

100 1081 22 19 af
136 1081 188 19 stadskommunen
339 1081 41 19 och
396 1088 46 13 som
459 1080 26 27 på
499 1082 69 25 grund
584 1082 23 19 af
618 1082 185 25 mantalskrifning
814 1082 46 25 lag-

100 1115 56 26 ligen
172 1115 27 19 bo
214 1115 40 19 och
270 1116 66 18 vistas
351 1116 7 18 i
374 1116 81 19 staden.

169 1148 69 20 Sedan
260 1149 149 20 diskussionen
432 1149 74 20 härvid
527 1150 106 23 afslutats,
648 1149 131 20 framställde
795 1150 66 19 Herr

99 1183 169 20 Talmannen
284 1184 92 25 följande
389 1185 161 24 propositioner:

167 1217 179 26 Proposition
363 1218 46 20 N:o
425 1219 16 19 1.
457 1218 128 20 Godkänner
595 1217 89 21 Ståndet
694 1218 119 20 Utskottets
824 1219 36 19 be-

102 1252 108 19 tänkande
225 1253 135 19 oförändradt
375 1253 6 18 i
397 1253 40 19 den
449 1253 40 22 del,
506 1259 45 14 som
568 1253 35 19 det
618 1253 23 19 af
649 1253 53 19 Herr
714 1253 72 25 Sjöros
797 1253 63 19 fram-

100 1287 68 18 stälda
184 1287 80 25 förslag
285 1287 60 23 afser,
361 1287 51 19 eller
427 1287 38 20 vill
481 1286 84 21 ståndet
581 1288 72 19 förena
669 1288 34 25 sig
717 1293 34 14 om
767 1287 93 20 nämnda

99 1321 96 25 förslag?
210 1321 31 19 De
257 1327 45 14 som
318 1321 67 20 önska
402 1322 35 19 det
452 1322 56 19 förra
523 1328 62 13 svara
595 1322 30 25 ja,
642 1322 26 19 de
684 1328 46 13 som
746 1321 68 20 önska
825 1321 35 20 det

99 1361 74 14 senare
189 1361 62 13 svara
265 1355 37 26 nej.

168 1389 74 20 Svaret
257 1389 61 20 utföll
334 1390 47 19 med
397 1390 156 25 öfvervägande
567 1390 30 25 ja.

168 1423 167 26 Proposition
356 1423 46 20 N:o
426 1424 19 19 2.
476 1424 45 19 Den
533 1431 46 12 som
590 1424 124 25 godkänner
729 1423 14 27 &
761 1424 12 19 6
793 1424 66 26 enligt

98 1457 120 20 Utskottets
234 1458 132 19 beiänkande
375 1458 56 19 hvad
442 1457 68 27 angår
517 1459 107 25 uttrycket
636 1459 50 22 ,,der
697 1459 18 25 ej
728 1459 131 19 annorlunda
