1109 1817
251 148 46 18 1824
546 148 40 18 Den
599 148 11 18 3
622 148 47 18 Juni.

227 206 78 20 Herrar
320 206 127 25 Tengström
463 206 41 20 och
519 206 98 20 Boström
632 205 128 21 framhållits
777 207 35 19 det
827 206 65 26 högst
904 206 85 25 vådliga

227 241 41 20 och
293 241 130 19 omoraliska
445 241 74 22 deruti,
538 242 31 18 att
584 241 146 26 utskänkning
745 240 41 20 och
801 241 153 26 utminutering
968 241 25 18 af

227 275 89 20 bränvin
338 275 117 20 beskattas.
485 275 42 25 Jag
550 276 23 18 är
588 275 61 22 dock,
665 281 46 14 som
725 275 40 26 jag
780 275 45 19 haft
840 276 50 19 äran
906 276 84 22 nämna,

227 309 24 19 af
271 315 26 13 en
320 309 89 19 alldeles
424 310 89 18 motsatt
528 308 63 27 åsigt.
621 311 39 18 Att
676 315 26 14 en
717 309 168 26 utskänknings-
900 309 40 20 och
956 311 33 18 ut-

227 343 200 26 minuteringsskatt
443 343 69 19 skulle
528 349 51 14 vara
594 350 26 13 en
635 343 80 26 premie
731 344 32 19 för
777 343 158 26 lönnkrögeriet
947 343 42 20 kan

225 377 40 26 jag
287 377 32 20 för
341 377 44 20 min
409 377 34 20 del
466 377 19 26 ej
510 378 59 19 fatta.
601 377 50 20 Som
672 377 53 20 hvar
740 377 41 20 och
797 383 25 14 en
838 378 59 19 torde
912 377 77 24 känna,

227 411 106 26 undergår
355 412 168 25 bränvinspriset
537 412 88 25 mycket
637 412 44 19 ofta
696 418 26 13 en
739 413 67 18 större
821 412 125 19 fluktuation
962 412 27 19 än

228 446 41 19 den
291 446 39 19 här
347 445 92 26 pålagda
455 446 92 23 skatten,
563 446 81 19 hvilket
657 446 39 26 jag
711 453 64 12 anser
790 453 50 13 vara
856 453 42 19 nog
913 447 31 18 för
959 448 30 17 att

227 481 137 19 tillbakavisa
379 481 93 19 nämnda
487 479 122 27 påstående.
633 481 78 19 Vidare
727 481 38 19 vill
773 481 39 26 jag
823 481 56 20 fästa
890 480 100 20 Ståndets

227 515 188 25 uppmärksamhet
437 513 70 28 derpå,
531 516 31 18 att
583 515 182 19 värdshusvärdar
780 515 7 19 i
803 515 116 20 allmänhet
934 515 56 19 ännu

227 550 37 19 äro
287 549 131 26 berättigade
441 551 30 18 att
494 548 21 21 få
537 549 107 20 utskänka
666 550 88 19 bränvin
777 551 50 18 utan
850 549 65 26 något
931 549 59 26 slags

229 583 63 20 skatt.
323 583 41 26 Jag
386 584 36 19 ber
445 585 30 18 att
491 583 21 20 få
527 583 114 20 hemställa
657 583 32 20 till
705 583 90 20 Ståndet
809 583 103 20 huruvida
928 583 18 26 ej
964 590 25 13 en

227 618 139 25 beskattning
387 617 26 26 på
437 624 26 13 en
484 618 59 26 dylik
568 618 78 19 rörelse
661 625 50 12 vore
726 619 49 18 med
791 618 38 19 full
845 619 88 18 rättvisa
948 619 42 18 för-

228 652 63 25 enlig.
315 652 52 19 Herr
382 652 98 19 Boström
495 652 39 19 har
549 652 102 25 derjemte
666 651 67 20 också
748 654 88 17 motsatt
848 653 34 25 sig
896 653 93 18 bestäm-

228 686 79 25 ningen
323 687 30 17 att
367 686 175 26 utminuterings-
558 686 40 19 och
614 686 249 26 utskänkningrättighet
878 686 68 19 skulle
956 688 33 17 ut-

227 720 77 26 bjudas
327 719 27 27 på
377 720 93 20 auktion.
501 720 72 26 Enligt
594 721 43 19 min
652 721 64 19 tanke
733 721 23 19 är
771 721 36 19 det
822 720 76 20 endast
912 726 77 20 genom

228 755 93 22 auktion,
345 761 46 13 som
414 755 41 19 den
478 755 64 19 borde
558 755 106 25 utbjudas.
696 756 97 24 Antager
809 754 88 20 Ständet
912 755 35 19 det
962 755 28 25 ej,

229 788 24 20 så
269 795 62 13 anser
344 789 39 26 jag
399 789 35 19 det
449 796 50 12 vara
515 790 74 22 bättre,
605 791 30 17 att
650 788 44 21 låta
709 789 50 20 hela
774 790 70 19 denna
860 790 56 18 skatt
932 789 56 19 falla.

229 823 27 19 Vi
279 823 61 19 skola
363 825 13 18 t.
399 830 31 13 ex.
451 825 78 24 antaga
545 825 37 22 att,
598 822 72 21 såsom
683 824 39 26 jag
737 825 50 22 tror,
804 824 132 25 Helsingfors
951 823 39 19 har

231 857 24 20 15
279 858 51 19 eller
355 857 24 20 16
403 858 188 25 minutförsäljare;
615 858 7 19 i
645 850 47 28 Åbo
711 858 64 19 hafva
790 858 21 19 vi
827 864 82 13 samma
925 858 63 19 antal.

229 892 41 19 Det
292 892 59 20 beror
371 892 25 26 ju
419 891 26 27 på
468 892 129 20 kommunen
613 894 30 17 att
659 892 119 20 bestämma
793 892 55 19 huru
863 891 78 27 många
956 894 33 17 ut-

229 926 212 26 skänkningsställen
467 933 26 13 en
516 927 48 19 stad
586 926 38 20 vill
645 926 64 20 hålla.
739 927 41 19 Det
803 927 24 19 är
850 925 83 21 således
949 926 40 20 den

229 961 66 19 första
310 961 80 25 följden
405 961 23 19 af
441 962 31 18 att
487 960 70 20 åsätta
573 968 26 12 en
615 960 66 20 sådan
695 961 64 19 skatt.
790 960 132 20 Bestämmer
932 962 14 18 t.
958 966 30 14 ex.

229 995 133 25 Helsingfors
385 995 101 19 kommun
510 996 33 25 sig
566 996 32 19 för
622 997 31 17 att
668 994 69 20 tillåta
753 996 76 19 endast
847 994 24 20 10
887 995 103 19 utskänk-

229 1029 148 25 ningsställen,
396 1028 24 20 så
435 1031 43 18 tror
491 1030 39 25 jag
546 1031 30 17 att
592 1030 35 19 det
642 1028 27 21 då
685 1029 18 26 ej
721 1030 57 18 skall
793 1030 65 18 fattas
874 1030 54 22 dem,
944 1035 46 14 som

229 1064 62 19 skola
314 1063 87 25 erbjuda
417 1064 58 19 skatt
490 1063 27 27 på
532 1064 36 19 det
583 1064 78 26 högsta
677 1064 129 20 kannetalet.
838 1064 114 19 Dessutom
967 1064 24 19 är

229 1098 129 19 kommunen
382 1098 19 25 ej
425 1098 87 26 skyldig
530 1100 31 17 att
577 1098 56 20 fästa
649 1098 34 26 sig
697 1098 36 19 vid
749 1098 35 20 det
799 1098 79 26 högsta
893 1098 97 23 anbudet,

229 1133 51 18 utan
303 1132 37 19 bör
362 1133 61 18 äfven
447 1133 73 24 pröfva
542 1133 41 18 den
606 1139 83 19 person,
709 1139 45 13 som
770 1133 58 25 gjort
844 1132 91 19 anbudet
950 1132 40 19 och

229 1165 85 20 således
329 1166 38 19 har
382 1167 129 19 kommunen
527 1173 82 12 samma
625 1167 46 22 rätt,
683 1173 47 13 som
741 1167 67 25 enligt
818 1167 53 19 Herr
882 1166 108 19 Boströms

230 1200 80 26 förslag
326 1199 110 27 angående
452 1201 102 25 skriftligt
569 1201 120 19 inlemnade
705 1201 77 19 anbud.
805 1201 43 19 Vid
864 1207 26 13 en
905 1201 86 19 auktion

229 1235 40 19 blir
284 1235 129 19 kommunen
417 1231 14 35 i
451 1235 83 19 tillfälle
546 1237 31 17 att
588 1236 72 25 pröfva
671 1235 25 20 de
707 1235 76 26 gjorda
793 1235 98 20 anbuden
902 1235 43 19 lika
956 1235 36 19 väl

229 1275 47 13 som
291 1275 34 13 om
337 1269 25 19 de
373 1269 68 26 gjorts
453 1269 108 26 skriftligt.
581 1269 72 20 Skulle
665 1270 54 19 dock
730 1269 90 20 Ståndet
831 1270 117 19 bestämma
957 1269 34 26 sig

230 1303 31 19 för
284 1305 30 17 att
337 1303 18 25 ej
381 1305 77 24 antaga
479 1310 26 13 en
520 1304 175 25 utminuterings-
711 1304 41 19 och
768 1304 223 25 utskänkningsskatt,

229 1343 64 14 anser
303 1338 38 25 jag
357 1338 35 19 det
407 1338 54 19 enda
477 1338 65 19 blifva
557 1340 31 17 att
603 1337 51 26 höja
670 1338 84 19 skatten
771 1337 26 26 på
807 1338 95 22 bränvin,
914 1338 19 19 d.
942 1345 18 12 v.
973 1344 17 13 s.

229 1371 242 26 tillverkningsskatten,
483 1372 32 19 till
535 1372 2 19 1
555 1373 36 18 mk
607 1372 26 19 20
650 1373 69 25 penni,
735 1371 72 26 något,
824 1378 46 13 som
886 1372 54 19 dock
953 1372 39 25 jag

230 1406 31 19 för
283 1406 44 19 min
351 1406 33 19 del
403 1413 78 19 ogerna
497 1406 70 19 skulle
582 1407 58 25 göra,
657 1407 88 19 emedan
759 1407 40 25 jag
814 1413 63 13 anser
893 1406 34 19 det
942 1412 50 13 vara

232 1440 144 26 olämpligare.
407 1440 41 26 Jag
470 1441 23 19 är
509 1441 107 25 nemligen
632 1441 19 25 ej
669 1441 62 19 säker
746 1447 41 16 om,
803 1440 103 19 huruvida
922 1440 34 19 det
971 1440 19 25 ej
