1109 1817
428 191 39 19 Den
480 192 23 18 27
515 192 42 22 Maj.
806 192 46 18 1629

110 250 38 25 hit,
164 252 51 18 utan
231 251 61 19 äfven
307 250 14 27 &
337 250 34 24 30,
386 250 74 20 hvilka
475 249 56 21 båda
545 249 80 21 handla
640 256 34 14 om
691 265 5 8 ,
697 256 114 20 personer,
827 257 48 13 som

109 284 35 21 stå
159 285 66 20 under
243 291 80 14 annans
339 284 195 20 husbondevälde*.
565 284 27 20 32
609 283 48 28 &:ns
673 284 90 20 sednare
779 286 95 19 moment

111 317 124 25 innehåller,
259 321 30 18 att
304 319 7 19 i
327 319 100 20 afseende
442 317 13 21 å
471 317 142 21 förhållandet
628 318 91 20 emellan
735 319 139 26 yrkesidkare

110 353 42 20 och
167 353 62 20 deras
244 353 96 20 biträden
355 353 67 26 gäller
435 353 37 19 der
481 353 18 26 ej
513 353 216 20 öfverenskommelse
743 353 132 20 annorlunda

111 387 134 24 bestämmer,
267 387 56 20 hvad
345 387 142 26 legostadgan
510 387 8 20 i
533 387 127 26 tillämpliga
676 387 59 20 delar
749 386 125 21 innehåller.

110 421 49 20 Men
174 422 69 20 dertill
258 423 95 19 kommer
368 421 27 20 30
411 421 20 27 &,
448 428 47 13 som
511 421 72 26 lyder:
600 421 72 24 ,,öfver
687 421 81 20 biträde
784 421 41 20 och
841 428 33 13 ar-

109 456 73 20 betare
205 463 50 20 eger
277 456 153 26 yrkesidkaren
445 456 51 25 laga
512 455 180 24 husbondevälde,
709 455 36 20 der
760 455 19 26 ej
797 462 77 14 annor-

110 489 66 21 lunda
198 490 219 20 öfverenskommits".
448 490 44 19 När
516 489 83 20 således
625 490 114 25 begreppet
761 505 4 8 ,
767 497 108 18 personer

110 525 67 19 under
200 531 81 13 annans
304 524 187 20 husbondevälde*
515 525 23 19 är
561 524 24 20 så
607 524 123 23 vidsträckt,
747 531 46 13 som
809 531 24 13 ur
848 525 26 20 de

111 559 98 26 upplästa
231 559 62 26 &:nas
308 558 94 21 innehåll
417 558 89 27 framgå,
523 558 24 21 sä
562 559 62 25 följer
640 559 81 19 derutaf
737 561 30 17 att
783 559 91 20 fabriks-

111 593 40 20 och
166 593 183 24 bruksförvaltare,
365 593 221 20 handelskontorister
601 593 48 20 med
665 593 50 20 flere
731 592 80 21 sädane
828 594 46 23 ,bi-

110 627 76 20 träden
209 628 40 19 och
271 628 108 19 arbetare*
399 628 70 19 skulle
484 628 87 19 komma
587 629 30 18 att
632 627 104 20 uteslutas
752 627 45 20 från
813 628 61 26 skyl-

111 661 101 26 digheten
235 663 31 18 att
288 662 87 26 bidraga
397 662 32 19 till
449 662 142 19 kommunens
607 661 69 20 behof.
708 662 32 19 Nu
756 663 23 18 är
794 661 80 21 förhäl-

111 695 73 20 landet
206 695 77 21 sädant
305 698 30 17 att
358 697 63 19 dessa
444 702 101 19 personer
567 696 65 20 oftast
655 696 63 19 hafva
733 696 36 20 lön
785 696 40 20 och
842 696 32 20 in-

111 730 100 24 komster,
228 737 46 13 som
291 731 114 25 öfverstiga
420 731 89 19 stadens
525 730 122 26 löntagares
663 730 40 20 och
717 737 46 13 som
779 731 43 19 ofta
838 732 35 18 äro

110 764 88 20 dubbelt
213 764 25 20 sä
253 767 57 18 stora
325 772 46 12 som
387 765 112 19 läkarenes
515 765 41 19 och
567 765 198 23 tullförvaltarenes,
776 767 31 17 tre
820 764 54 26 gän-

111 805 38 19 ger
171 800 68 19 större
261 800 27 19 än
303 799 202 26 postförvaltarenes
522 801 55 17 samt
593 800 47 25 fyra
655 799 86 19 dubbelt
757 801 43 17 mot
816 799 58 19 skol-

111 833 114 24 lärarenes,
246 833 41 20 och
302 834 25 19 de
343 834 68 19 skulle
427 833 84 20 ändock
527 834 65 19 blifva
607 834 92 25 fritagna
714 832 46 20 frän
776 833 98 27 skyldig-

110 867 65 20 heten
191 870 30 17 att
235 868 88 26 bidraga
338 868 32 19 till
386 868 142 20 kommunens
544 868 73 20 behof!
635 868 44 20 Och
696 868 35 19 det
746 868 81 19 derföre
843 869 31 18 att

111 902 27 20 de
160 902 7 19 i
189 908 26 14 en
237 908 69 14 annan
319 898 13 35 &
357 902 69 20 blifvit
441 902 96 20 befriade
552 902 46 20 från
615 909 26 13 en
657 908 70 14 annan
743 902 130 26 skyldighet.

112 936 40 20 Det
174 936 69 20 kallas
259 938 30 18 att
304 937 26 19 de
345 937 68 19 blifvit
428 937 114 19 beröfvade
558 943 26 13 en
600 936 107 26 rättighet,
723 936 26 20 dä
765 937 26 19 de
806 936 69 20 blifvit

112 970 111 20 frikallade
245 969 46 21 frän
314 971 151 27 skyldigheten
486 973 32 17 att
532 971 78 19 bivista
625 970 178 20 rädhusstämma.
833 970 41 20 Det

110 1004 40 20 har
172 1006 87 23 anförts,
282 1007 31 17 att
335 1006 35 19 det
389 1012 50 13 vore
455 1004 64 25 svärt,
536 1012 47 13 men
597 1006 40 25 jag
652 1012 63 13 anser
730 1006 35 18 det
780 1007 15 17 t.
811 1011 18 13 o.
846 1012 28 12 m.

111 1040 32 18 för
168 1046 27 13 en
219 1040 126 26 omöjlighet
367 1041 30 18 att
420 1039 21 20 fä
463 1040 82 20 hälften
567 1040 24 19 af
610 1040 26 19 de
652 1040 35 18 vid
703 1038 172 21 rädhusstämma

109 1074 180 26 röstberättigado
312 1074 149 20 tillsammans.
493 1074 75 20 Denna
591 1073 102 27 rättighet
715 1074 108 19 betraktas
839 1072 35 21 sä-

111 1108 60 19 ledes
193 1108 88 20 alldeles
302 1108 47 20 icke
371 1107 72 21 säsom
457 1114 26 14 en
499 1107 89 24 förmän,
603 1108 41 20 och
659 1108 108 20 befrielser
783 1106 91 22 derifrän

110 1142 25 19 är
150 1141 81 20 derföre
247 1141 71 27 något,
335 1149 45 13 som
396 1143 25 18 de
437 1143 95 19 befriade
548 1142 72 19 säkert
635 1143 36 18 äro
687 1142 133 19 tacksamma
836 1142 37 19 för.

111 1175 47 20 Man
182 1176 71 20 kunde
272 1177 7 18 i
295 1177 40 19 den
351 1177 68 25 vägen
436 1177 75 19 anföra
526 1177 87 26 mycket
628 1183 50 16 mer,
695 1183 48 12 men
759 1176 58 19 detta
831 1176 43 19 kan

111 1216 50 14 vara
176 1217 49 19 nog.
255 1211 42 26 Jag
312 1211 71 20 stöder
398 1212 44 25 mig
457 1211 7 19 i
480 1211 64 26 öfrigt
560 1210 27 27 på
602 1211 25 19 de
643 1211 23 19 af
674 1211 76 19 Herrar
763 1210 111 25 Wallgren

110 1244 42 20 och
175 1245 79 20 Kurtén
277 1245 87 20 anförda
387 1245 48 20 skäl
456 1245 42 20 och
521 1244 95 21 anhåller
639 1247 30 17 att
685 1244 36 27 S:n
736 1243 71 23 måtte,
824 1246 50 17 utan

112 1279 99 20 afseende
237 1278 26 27 på
287 1279 76 26 gjorda
386 1279 155 20 reservationer
563 1279 41 20 och
627 1279 171 25 anmärkningar,
820 1278 54 26 god-

111 1313 92 24 kännas;
227 1320 34 13 om
283 1314 54 19 dock
359 1314 35 19 det
413 1314 19 25 ej
449 1312 55 21 låter
519 1314 34 25 sig
568 1315 52 24 göra
636 1315 30 18 att
682 1311 88 21 Ståndet
787 1313 88 25 antager

108 1347 44 20 och
174 1348 63 25 gillar
259 1348 40 19 den
318 1348 6 19 i
340 1348 69 19 denna
424 1348 60 23 form,
501 1347 25 20 så
541 1348 94 19 förordar
648 1348 39 25 jag
703 1346 128 21 åtminstone
844 1347 30 19 att

111 1382 108 26 uttrycket
243 1381 46 25 ,stä
304 1383 66 19 under
385 1389 82 13 annans
483 1382 176 20 husbondevälde
673 1382 7 19 i
697 1382 40 19 den
752 1381 122 26 föreslagna

109 1417 128 19 förändrade
252 1417 137 19 redaktionen
404 1415 67 21 måtte
487 1417 94 26 utbytas,
597 1415 73 21 såsom
685 1416 53 19 Herr
753 1415 56 26 Frey
819 1415 55 20 före-

110 1451 71 26 slagit,
205 1453 56 18 emot
285 1451 135 26 ,legohjon",
439 1457 48 14 som
503 1457 58 14 mera
577 1450 232 21 öfverensstämmande
825 1449 49 20 med

110 1485 107 26 lagstilen,
233 1486 27 19 än
277 1501 5 8 ,
283 1485 160 26 tjenstehjon*.
