1109 1817
453 149 40 17 Den
507 150 21 16 15
540 149 47 17 Juni.
830 150 45 18 2201

141 208 49 26 diga
206 208 147 25 förordningen
369 208 40 19 den
426 208 27 19 24
468 208 101 19 Februari
587 207 54 20 1868
657 208 79 19 derhän
751 210 30 17 att
797 208 103 21 lärotiden

140 243 37 19 vid
192 241 198 20 handtverkerierne
406 242 19 25 ej
441 241 36 20 må
491 242 117 25 öfverstiga
623 243 42 18 fem
681 241 29 21 år.

419 346 37 18 6:0.
488 345 38 19 Om
541 345 100 24 åtgärders
656 345 113 25 vidtagande
779 345 80 25 derhän,
873 348 28 18 att

347 379 189 25 mantalslängderne
554 379 33 25 för
602 379 103 20 ständerne
720 379 75 20 komme
810 382 27 17 att
851 386 49 19 upp-

347 415 44 23 laga
405 414 62 19 desses
482 413 85 25 verkliga
582 413 150 20 innevänaretal.

210 481 188 26 Borgareständets
421 483 188 24 uppmärksamhet
632 483 38 19 har
693 484 75 19 fästats
795 482 51 20 derä
870 484 31 19 att

141 517 162 25 folkmängdens
325 517 96 25 verkliga
443 517 75 25 belopp
541 517 7 19 i
571 516 110 26 ätskilliga
696 517 23 19 af
731 517 83 19 landets
830 517 71 20 städer

140 552 57 19 visat
217 552 34 25 sig
274 551 46 19 icke
342 551 191 20 öfverensstämmä
548 551 48 20 med
612 551 220 26 mantalslängdernes
848 558 52 19 upp-

140 586 69 25 gifter,
225 585 80 20 hvilket
320 584 137 24 förhällande,
473 587 51 18 enär
540 586 209 25 mantalslängderne
764 586 66 26 enligt
848 586 24 19 12
886 585 14 27 &

141 620 7 19 i
171 619 83 26 Nädiga
276 620 231 25 landtdagsordningen
531 620 23 19 af
575 620 40 19 den
638 620 25 19 15
679 620 60 26 April
756 620 53 20 1869
825 621 75 25 utgöra

140 655 224 25 beräkningsgrunden
388 655 31 18 för
442 654 80 19 antalet
544 655 23 18 af
587 655 110 19 städernes
718 655 132 25 deputerade,
865 661 35 14 om

140 689 119 19 detsamma
278 688 57 26 finge
351 689 85 19 fortfara
451 689 85 19 komme
552 690 31 18 att
598 689 99 19 störande
713 689 86 19 inverka
814 688 27 27 pä
856 690 44 19 stä-

139 723 78 19 dernes
232 723 227 25 representationsrätt.

210 757 69 19 Sedan
299 764 77 19 genom
401 757 101 19 Kammar
526 757 90 26 Collegii
631 758 136 19 circulärbref
781 758 22 19 af
816 758 40 20 den
872 758 27 20 20

139 792 57 19 Mars
222 792 52 19 1765
294 792 67 19 blifvit
376 792 106 19 bestämdt
498 794 30 17 att
544 792 209 26 mantalslängderne
768 792 64 20 borde
848 799 52 19 upp-

139 828 51 24 taga
208 826 48 20 hela
271 826 150 26 befolkningen
437 827 5 18 i
458 826 78 22 landet,
552 826 64 20 hafva
631 827 91 19 medelst
737 827 105 19 särskilda
858 827 42 19 för-

139 860 116 26 fattningar
279 860 40 20 och
341 861 86 19 sednast
449 861 31 19 uti
504 860 79 26 Nädigt
605 861 48 19 bref
673 862 22 18 af
708 862 40 18 den
766 861 24 19 11
807 862 93 25 Augusti

141 894 54 20 1826
211 895 143 26 omständliga
369 896 129 19 föreskrifter
514 896 68 18 blifvit
597 896 124 19 meddelade
737 896 88 19 rörande
836 897 64 19 sättet

139 930 32 19 för
192 929 161 27 ifrågavarande
376 930 164 26 förrättningars
562 930 158 20 verkställande
743 930 40 20 och
798 930 102 20 hvarmed

138 964 77 20 afsetts
237 966 31 18 att
290 965 207 25 mantalslängderne
521 964 109 26 verkligen
645 965 86 19 komme
746 966 30 18 att
792 964 108 20 innehälla

139 998 138 26 fullständiga
299 1000 104 24 uppgifter
425 998 12 20 å
459 999 160 25 folkmängden.
649 999 49 19 Man
717 999 69 19 skulle
801 1005 52 13 anse
869 1000 31 18 att

138 1033 27 19 de
180 1032 27 26 pä
221 1034 134 18 omförmäldt
371 1034 42 18 sätt
427 1034 59 25 gifna
502 1039 125 20 noggranna
642 1033 157 20 föreskrifterne
810 1033 7 19 i
827 1034 72 19 ämnet

139 1067 54 19 hade
209 1068 46 19 bort
270 1067 47 20 leda
332 1068 33 19 till
380 1068 35 19 det
431 1068 48 19 med
494 1068 48 19 dem
559 1066 98 27 äsyftade
673 1067 94 19 resultat.
797 1068 103 25 Isynner-

138 1101 37 20 het
197 1108 71 20 synes,
284 1101 27 20 dä
326 1102 157 26 presterskapet
498 1102 67 26 enligt
581 1102 174 26 författningarne
771 1100 83 28 åligger
869 1103 31 18 att

134 1136 93 25 jemföra
242 1136 208 25 mantalslängderne
466 1137 47 18 med
529 1136 146 23 tabellverket,
691 1137 31 18 att
737 1135 71 26 nägon
818 1135 82 20 olikhet

137 1170 48 19 dem
209 1170 90 19 emellan
321 1171 18 25 ej
361 1171 60 19 bordt
443 1170 73 19 kunna
536 1170 121 19 förefinnas.
687 1170 124 19 Emellertid
825 1171 24 18 är
864 1170 36 19 det

137 1205 105 19 notoriskt
263 1206 30 18 att
313 1211 26 13 en
355 1207 44 17 stor
415 1205 84 19 skilnad
515 1204 60 19 alltid
591 1211 50 19 eger
656 1211 47 12 rum
718 1204 78 19 mellan
811 1210 88 20 person-

136 1239 53 20 talet
211 1240 6 18 i
240 1239 208 26 mantalslängderne
468 1239 41 20 och
525 1239 26 20 de
567 1240 23 18 af
603 1239 157 26 presterskapet
775 1239 125 26 upprättade

136 1273 257 26 gvingvenniitabellerne,
418 1273 73 20 hvilka
521 1272 109 21 innehålla
659 1273 50 20 vida
738 1273 162 25 fullständigare

136 1307 248 26 folkmängdsuppgifter.
415 1307 94 20 Sålunda
529 1307 99 26 utgjorde
651 1307 102 20 Finlands
768 1306 132 21 invänaretal

136 1340 24 21 är
185 1342 54 19 1870
262 1343 51 18 efter
332 1342 208 26 mantalslängderne
559 1341 111 24 1,709,254
685 1341 40 20 och
741 1342 52 19 efter
808 1343 92 24 prester-

136 1376 87 25 skapets
243 1376 88 20 tabeller
355 1376 111 23 1,732,582
488 1382 100 20 personer
611 1377 52 19 efter
682 1376 26 20 de
725 1382 74 14 senare
814 1375 85 21 säledes

136 1410 78 23 23,328
233 1417 100 19 personer
347 1417 58 13 mera
421 1412 27 18 än
463 1411 53 19 efter
532 1411 26 19 de
573 1411 62 19 förra.
666 1409 233 21 Stadsinnevänarenes

135 1445 59 19 antal
215 1443 44 22 åter
281 1445 92 26 uppgick
395 1451 83 14 samma
499 1444 23 21 är
545 1445 67 26 enligt
634 1445 210 26 mantalslängderne
866 1444 34 20 till
