1109 1817
436 159 39 17 Den
488 160 21 16 31
523 159 41 23 Maj.
812 160 44 18 1779

119 216 185 27 tillmötesgående
326 216 46 21 från
395 217 130 20 Ständernas
548 218 53 23 sida,
625 216 24 21 då
663 219 42 18 -ett
727 218 77 25 anslag
819 218 23 19 af
856 224 26 14 en

119 252 82 19 million
227 251 60 19 mark
312 251 125 26 medgifves,
459 253 53 18 utan
534 253 31 18 att
587 258 51 13 vara
654 252 57 19 stödt
727 251 26 26 på
769 252 113 20 kostnads-

119 283 87 28 förslag.
229 286 38 19 Att
282 285 44 20 åter
341 285 66 26 något
423 286 76 25 anslag
515 285 65 20 måtte
596 286 97 25 beviljas,
703 286 39 19 har
753 287 33 19 sin
799 287 83 25 ganska

118 321 78 25 giltiga
211 320 68 26 grund
295 320 50 23 deri,
361 321 31 18 att
408 320 64 19 redan
486 321 55 19 förut
552 321 77 25 anslag
639 321 32 19 för
682 321 200 26 fängelseväsendet

119 354 69 20 blifvit
204 355 22 18 af
241 354 118 20 Ständerna
374 354 123 26 medgifvet,
514 355 65 19 ehuru
595 355 36 19 det
646 355 47 19 icke
708 354 77 27 utgått,
801 355 40 20 och
852 357 31 18 att

120 388 119 20 Ständerna
261 389 61 19 äfven
343 389 124 19 medverkat
489 389 33 19 till
538 389 40 19 den
593 395 44 20 nya
653 389 229 26 strafflagstiftningen,

120 429 46 14 som
189 429 29 13 nu
239 423 6 19 i
264 423 41 19 allo
321 423 56 19 skall
391 423 116 25 tillämpas.
538 423 41 20 Det
594 424 23 19 är
633 423 81 20 derföre
730 430 26 13 en
771 424 32 19 för
818 424 64 19 rätts-

120 457 91 20 vårdens
235 457 105 19 anseende
363 457 68 26 vigtig
447 457 46 23 sak,
510 459 30 18 att
556 457 211 26 fängelseväsendets
783 458 100 19 reforme-

119 492 66 19 rande
206 491 101 26 vidtager.
339 491 40 20 För
401 491 63 26 öfrigt
487 492 115 19 förenande
622 492 45 25 mig
683 492 48 19 med
746 492 53 19 Herr
814 487 69 25 Öhrn-

120 526 57 25 berg,
201 524 68 21 måste
289 526 45 25 jag,
359 525 86 20 oaktadt
468 525 57 20 hvad
545 526 40 26 jag
600 527 23 18 af
637 528 85 17 senaste
738 527 63 20 ärade
817 527 66 20 talare

120 560 54 23 hört,
189 560 101 19 vidblifva
304 561 48 18 mitt
367 561 55 18 förra
437 560 103 26 yrkande,
557 562 30 18 att
603 560 90 23 200,000
705 561 60 19 mark
776 567 49 14 men
836 561 47 20 icke

120 601 44 12 mer
181 593 64 20 måtte
261 594 88 26 beviljas
365 595 32 19 för
412 601 28 12 nu
455 593 163 28 ifrågavarande
633 594 106 20 ändamål.

190 629 52 19 Herr
265 629 151 20 Molander:
446 629 42 19 För
511 629 44 19 min
579 629 34 19 del
635 629 42 20 kan
691 630 39 25 jag
745 629 47 20 icke
808 629 75 26 frångå

120 663 48 19 mitt
193 662 127 26 föregående
344 663 105 26 yttrande,
475 665 52 17 utan
550 663 105 19 vidhåller
677 665 44 17 min
739 663 27 20 då
789 664 94 19 uttalade

120 696 58 27 åsigt
199 699 30 17 att
251 698 84 19 ansluta
355 697 45 26 mig
425 697 32 19 till
482 697 53 20 Herr
562 698 160 26 Montgomerys
747 698 135 20 reservation.

120 732 53 19 Herr
188 732 147 26 Montgomery
350 731 95 23 föreslår,
461 733 32 18 att
509 732 34 20 det
559 732 23 19 af
595 732 79 20 honom
685 732 112 20 förordade
807 732 77 26 anslag

120 766 71 20 kunde
206 767 109 19 användas
331 766 47 20 icke
389 766 54 20 blott
453 766 33 19 till
497 767 27 19 de
534 767 75 19 främst
620 766 107 26 behöfliga
737 767 147 25 fängelsernas

120 801 157 25 uppbyggande
293 800 40 20 och
348 801 32 19 till
395 801 39 19 den
450 801 68 19 första
532 801 167 25 uppsättningen
714 802 23 18 af
751 802 133 19 arbetsverk-

120 835 72 19 städer
207 835 41 19 och
263 835 77 23 skolor,
356 837 51 17 utan
422 835 68 23 äfven,
506 834 24 20 så
545 836 63 18 framt
624 836 139 19 statsverkets
779 836 105 19 ordinarie

120 868 116 26 tillgångar
251 869 70 19 dertill
336 870 47 19 icke
394 869 99 26 försloge,
505 870 31 19 för
547 870 118 19 ordnandet
675 870 22 19 af
706 870 178 26 öfveruppsigten,

120 903 181 26 undervisningen
320 904 40 19 och
378 903 136 26 själavården
532 904 36 19 vid
584 904 136 26 fängelserna
735 910 18 14 o.
771 910 16 14 s.
804 911 19 13 v.
854 903 30 21 På

121 938 40 18 den
177 938 75 25 grund,
268 939 31 18 att
314 938 64 20 orden
392 954 10 7 ,,
405 937 88 24 såframt
505 938 140 20 statsverkets
656 938 105 20 ordinarie
769 938 115 26 tillgångar

121 972 69 19 dertill
213 972 48 20 icke
283 972 107 26 försloge*
413 972 70 20 finnas
507 973 36 19 der
565 973 93 25 intagne,
681 973 37 19 ber
730 973 40 25 jag
785 975 31 17 att
832 973 52 19 fort-

121 1006 86 19 farande
223 1005 21 20 fä
260 1007 84 19 ansluta
360 1007 43 25 mig
419 1007 31 19 till
466 1008 166 19 reservationen.

191 1040 52 20 Herr
259 1040 110 27 Sjöros:
399 1041 155 20 Förekommen
570 1042 23 19 af
606 1042 53 19 Herr
674 1041 105 26 Cajander
794 1042 39 19 har
845 1042 40 26 jag

120 1074 48 20 icke
192 1075 87 26 mycket
301 1077 30 18 att
353 1076 97 25 tillägga,
468 1082 50 13 men
533 1076 50 20 ville
599 1076 55 20 dock
669 1076 48 20 med
733 1076 115 26 anledning
864 1076 22 20 af

121 1109 52 19 Herr
197 1104 121 30 Öhrnbergs
341 1110 99 25 yttrande
461 1116 36 14 om
520 1110 81 20 bristen
622 1110 27 26 pä
664 1110 146 25 föreliggande
826 1111 59 19 fakta

121 1143 31 19 för
164 1141 88 28 frägans
268 1144 161 23 bedömmande,
444 1144 82 20 hvilket
542 1143 132 21 förhällande
687 1145 39 25 jag
741 1145 7 18 i
758 1145 68 19 likhet
837 1145 48 19 med

120 1177 86 20 honom:
221 1177 106 26 beklagar,
349 1179 120 24 omnämna,
485 1180 31 18 att
532 1177 129 21 ätminstone
676 1178 67 27 nägra
758 1179 59 26 slags
832 1185 53 20 upp-

121 1211 63 26 gifter
206 1211 69 20 mäste
296 1212 63 20 hafva
375 1213 126 19 förefunnits
515 1213 31 20 för
562 1213 113 23 Utskottet,
692 1213 130 20 beträffande
838 1213 46 20 fän-

120 1245 99 26 gelserna
234 1246 7 19 i
264 1239 53 31 Åbo,
334 1247 185 23 Willmanstrand,
534 1247 109 24 Kexholm,
660 1247 89 26 Wiborg
764 1247 41 20 och
821 1246 64 21 Uleä-

121 1280 58 26 borg,
203 1281 59 18 öfver
281 1281 84 19 hvilkas
381 1281 231 26 byggnadskostnader
627 1281 109 20 Utskottet
751 1281 38 20 har
804 1281 82 20 kunnat

120 1315 101 25 uppgifva
236 1313 129 22 ätminstone
381 1316 165 25 approximativa
562 1316 75 20 siffror.
661 1316 109 19 Utskottet
784 1316 39 19 har
838 1316 47 19 der-

118 1349 68 26 jemte
202 1348 117 21 framhällit
334 1350 67 19 andra
416 1350 208 26 fängelseanstalter,
641 1357 46 13 som
703 1351 64 19 borde
779 1351 106 25 uppföras,

121 1389 50 14 men
193 1384 32 19 för
249 1383 48 21 dem
315 1384 47 19 icke
378 1384 105 26 uppgifvit
497 1383 68 27 några
580 1385 193 26 kostnadsförslag.
803 1385 10 18 I
827 1385 59 19 detta

120 1416 133 21 förhällande
277 1425 65 19 synes
365 1419 45 25 mig
430 1419 71 19 finnas
524 1419 125 26 ytterligare
665 1419 115 26 anledning
795 1421 31 18 att
841 1419 44 19 till-

121 1452 76 26 styrka
219 1452 93 26 höjande
336 1453 23 19 af
379 1453 97 26 anslaget
498 1453 34 20 till
547 1453 92 23 250,000
655 1453 61 20 mark
731 1452 88 27 ärligen,
835 1453 51 20 eller

171 1490 72 23 Vällofl.
256 1491 155 22 borgareständets
421 1491 91 22 protokoll
523 1492 111 23 landidagen
646 1492 57 18 1872.
806 1492 34 17 114
