1109 1817
247 184 47 18 1982
544 184 39 18 Den
597 185 10 17 6
619 184 47 18 Juni.

224 243 103 26 sendtligt
343 243 118 26 inflytande
477 242 26 26 på
519 243 82 19 banans
617 243 130 25 sträckning,
763 243 27 19 än
806 242 27 26 på
848 249 26 13 en
885 242 101 26 ingeniör,

224 283 47 14 som
293 277 35 19 väl
351 277 79 26 knappt
453 277 126 20 annorledes
601 278 26 18 än
644 276 45 20 från
705 277 133 25 landsvägen
854 277 53 19 varit
923 277 6 18 i
945 276 42 19 till-

224 311 50 20 fälle
297 313 30 17 att
350 312 95 25 iakttaga
465 311 254 26 terrängförhållandena.
750 311 41 25 Jag
807 311 36 20 ber
859 310 83 21 således
957 312 31 17 att

224 345 21 20 få
260 345 109 26 tillstyrka
385 347 114 19 utskottets
515 346 134 19 betänkande
665 346 7 19 i
688 346 69 19 denna
773 346 40 19 del.
830 357 23 2 —
865 345 123 20 Sedermera

223 380 38 19 ber
275 379 38 26 jag
328 381 31 18 att
374 379 20 20 få
410 381 85 18 komma
511 380 33 19 till
559 381 82 18 banans
655 380 126 25 sträckning
791 379 45 20 från
848 380 139 19 Tammerfors

223 416 80 17 norrut.
334 414 8 19 I
358 415 35 19 det
409 415 109 18 afseendet
533 414 66 26 hyser
613 414 39 25 jag
667 415 20 24 ej
704 413 71 26 någon
786 413 63 26 åsigt,
862 420 46 13 som
919 413 69 20 skulle

224 449 35 19 det
282 449 78 18 minsta
383 447 33 21 stå
437 449 7 19 i
467 449 52 18 strid
543 449 49 19 med
615 449 56 19 hvad
693 450 155 18 sammansatta
864 448 68 19 Stats-
948 448 40 19 och

224 483 207 20 Ekonomiutskottet
453 483 38 19 har
507 483 82 19 uttalat.
620 483 42 25 Jag
678 483 37 19 har
731 481 72 21 såsom
819 483 92 19 ledamot
927 483 6 19 i
949 483 39 18 all-

225 518 78 18 männa
319 518 192 19 besvärsutskottet
526 517 102 20 förfäktat
644 523 82 13 samma
742 516 57 27 åsigt
815 517 51 20 eller
876 519 30 17 att
916 512 72 25 Öster-

224 552 72 19 botten
317 552 37 19 bör
369 552 108 19 förbindas
493 552 47 19 med
557 551 64 20 södra
637 552 90 19 Finland
743 558 77 19 genom
837 558 25 13 en
879 552 110 19 stambana

224 585 46 20 från
287 585 142 20 Tammerfors
444 586 40 19 och
500 586 133 25 ändpunkter
648 587 7 18 i
671 586 133 19 Nikolaistad
820 586 40 19 och
877 585 110 26 Uleåborg.

225 620 46 19 Den
287 621 97 18 närmare
400 621 121 25 rigtningen
538 621 23 18 af
574 620 70 19 denna
660 621 54 18 bana
731 632 24 2 -—
773 626 34 13 om
823 620 41 19 den
876 620 53 19 skall
941 620 47 19 dra-

225 661 40 19 gas
289 655 96 19 närmare
404 655 32 18 till
452 655 51 18 eller
518 655 99 24 fjermare
633 653 46 20 från
695 655 76 18 kusten
788 666 26 2 —
831 653 68 20 måste
917 656 71 17 natur-

225 688 74 26 ligtvis
322 688 60 19 alltid
405 689 48 19 bero
474 688 25 26 på
516 695 25 13 en
557 687 131 27 föregången
704 694 110 20 noggrann
831 688 158 19 instrumental-

225 723 161 25 undersökning
402 722 39 20 och
455 723 40 25 jag
511 724 41 18 tror
569 724 30 18 att
615 729 49 13 man
680 723 39 25 gör
735 722 86 20 klokast
836 724 30 17 att
882 723 19 25 ej
912 722 38 19 här
960 729 28 12 nu

225 757 68 19 uttala
315 757 34 25 sig
364 758 95 18 närmare
476 758 78 21 derom,
570 757 39 19 och
627 756 89 20 sålunda
732 759 50 17 utan
799 757 73 25 nödigt
888 756 101 26 underlag

225 792 58 25 gifva
299 792 34 24 sig
348 791 21 19 in
385 790 26 26 på
427 791 170 19 bestämmandet
613 792 22 18 af
649 792 63 18 dessa
727 792 78 18 banors
820 791 100 25 riktning.
948 791 41 25 Jag

225 826 37 19 ber
285 824 84 20 således
393 826 61 19 äfven
471 827 30 17 att
516 824 21 20 få
552 826 111 25 tillstyrka
678 826 121 19 utförandet
814 826 24 18 af
851 826 68 19 denna
934 826 54 18 bana

225 860 8 19 i
249 860 40 18 den
305 858 49 21 mån
369 860 89 25 utvägar
473 860 40 19 och
530 860 69 19 medel
615 860 69 19 dertill
699 860 121 19 förefinnas.
851 860 9 18 I
873 860 63 25 öfrigt
946 860 42 18 för-

226 894 62 20 ordar
310 894 36 25 jag
362 893 66 20 också
444 895 5 17 i
465 894 68 19 likhet
549 894 48 19 med
612 894 109 22 utskottet,
738 896 31 17 att
784 894 26 19 de
825 894 72 19 vidare
912 894 76 19 under-

226 928 123 26 sökningar,
365 934 46 14 som
427 928 103 19 utskottet
546 930 71 18 ansett
632 929 84 25 nödiga,
733 928 70 20 skulle
814 928 103 20 anställas
928 929 6 18 i
947 928 40 20 den

226 962 91 26 ordning
332 962 103 20 utskottet
450 963 6 18 i
472 962 64 26 öfrigt
552 963 109 25 föreslagit
677 962 40 20 och
730 964 31 18 att
771 963 79 25 nödiga
863 962 67 20 medel
942 963 46 19 der-

226 997 33 19 till
275 997 22 19 af
311 996 118 20 Ständerna
445 997 91 19 anvisas.

296 1031 52 19 Herr
366 1031 138 19 Boström:
527 1030 32 20 Då
571 1031 40 23 det,
621 1030 72 20 såsom
702 1030 66 20 också
777 1026 168 31 Öfverstyrelsen
957 1032 31 18 för

226 1066 53 25 väg-
295 1066 40 18 och
351 1066 308 19 vattenkommunikationerna
675 1066 38 18 har
723 1065 82 23 uttalat,
817 1065 39 20 hos
868 1072 36 13 oss
915 1065 18 25 ej
946 1066 42 19 kan

226 1100 86 19 komma
328 1100 6 18 i
350 1098 59 27 fråga
425 1101 30 18 att
471 1099 26 26 på
508 1100 111 26 möjligast
630 1100 60 19 korta
702 1100 122 25 vägalängd
835 1100 95 19 förbinda
940 1100 48 18 med

226 1134 119 19 hvarandra
356 1133 36 20 två
403 1134 50 19 eller
464 1134 50 19 flere
525 1141 77 18 genom
611 1135 90 18 industri
710 1134 40 19 och
763 1134 77 19 handel
852 1134 136 25 synnerligen

226 1167 143 20 framstående
384 1170 55 17 orter
454 1170 31 17 att
500 1169 6 18 i
522 1169 52 24 följd
591 1169 60 19 deraf
665 1169 64 25 draga
742 1169 116 25 jernvägar
872 1175 77 18 genom
962 1168 26 19 de

227 1204 55 18 mest
297 1202 126 26 folkfattiga,
439 1203 40 18 öde.
494 1203 85 22 trakter,
591 1209 46 13 som
649 1203 68 19 finnas
729 1203 5 18 i
747 1203 77 22 landet,
836 1201 25 21 så
872 1209 61 12 anser
943 1202 45 25 jag,

226 1238 31 18 att
268 1237 26 19 de
305 1239 54 17 mest
371 1237 122 25 uppodlade,
505 1237 90 19 folkrika
606 1237 40 20 och
655 1237 114 26 bebyggda
777 1239 55 17 orter
840 1237 50 19 böra
898 1243 50 13 vara
956 1237 32 22 de,

227 1277 46 14 som
287 1271 6 19 i
306 1271 88 19 främsta
406 1273 90 18 rummet
506 1271 151 26 ihågkommas
669 1272 48 19 med
728 1271 132 26 anläggning
871 1272 23 18 af
902 1270 86 24 sådana,

227 1306 88 19 emedan
336 1305 46 26 just
405 1306 121 25 derigenom
549 1306 88 19 beredes
657 1308 69 17 staten
742 1305 115 26 tillgångar
873 1307 30 18 att
918 1307 70 18 seder-

226 1346 59 13 mera
308 1340 71 19 kunna
399 1340 92 25 anlägga
507 1340 66 19 banor
588 1341 31 18 uti
635 1341 65 18 andra
716 1340 124 25 riktningar,
856 1346 47 13 som
918 1340 71 19 kunna

226 1380 51 13 vara
300 1375 23 18 af
340 1374 99 19 behofvet
455 1373 118 26 påkallade.
603 1373 33 20 Då
649 1375 39 25 jag
703 1373 63 27 utgår
781 1373 45 20 från
842 1375 68 18 denna
926 1374 62 26 åsigt,

227 1407 25 20 så
274 1408 41 19 kan
337 1409 39 24 jag
399 1408 18 25 ej
438 1410 64 17 annat
518 1410 26 18 än
560 1409 7 18 i
583 1409 88 19 främsta
687 1411 90 17 rummet
793 1409 83 19 förorda
892 1410 30 17 att
936 1409 52 26 syd-

226 1444 71 17 vestra
319 1442 91 19 Finland
433 1441 148 27 ihågkommes
598 1443 48 19 med
662 1449 26 13 en
701 1443 98 26 jernväg.
830 1443 74 19 Denna
919 1444 32 18 ort
966 1443 23 18 är

226 1476 41 20 den
290 1478 55 17 mest
368 1476 116 24 befolkade,
507 1477 49 20 bäst
578 1477 76 20 odlade
676 1477 40 20 och
737 1477 90 26 troligen
849 1477 140 19 fruktbaraste
