<?xml version="1.0" encoding="UTF-8"?>
<alto xmlns="http://www.loc.gov/standards/alto/ns-v3#" xmlns:xlink="http://www.w3.org/1999/xlink" xmlns:xsi="http://www.w3.org/2001/XMLSchema-instance" xsi:schemaLocation="http://www.loc.gov/standards/alto/ns-v3# http://www.loc.gov/alto/v3/alto-3-0.xsd">
	<Description>
		<MeasurementUnit>pixel</MeasurementUnit>
		<sourceImageInformation>
			<fileName>/tmp/tess_gw1ycruo_input.PNG</fileName>
		</sourceImageInformation>
		<OCRProcessing ID="OCR_0">
			<ocrProcessingStep>
				<processingSoftware>
					<softwareName>tesseract 5.3.4</softwareName>
				</processingSoftware>
			</ocrProcessingStep>
		</OCRProcessing>
	</Description>
	<Layout>
		<Page WIDTH="1109" HEIGHT="1817" PHYSICAL_IMG_NR="0" ID="page_0">
			<PrintSpace HPOS="0" VPOS="0" WIDTH="1109" HEIGHT="1817">
				<ComposedBlock ID="cblock_0" HPOS="237" VPOS="158" WIDTH="421" HEIGHT="18">
					<TextBlock ID="block_0" HPOS="237" VPOS="158" WIDTH="421" HEIGHT="18">
						<TextLine ID="line_0" HPOS="237" VPOS="158" WIDTH="421" HEIGHT="18">
							<String ID="string_0" HPOS="237" VPOS="158" WIDTH="46" HEIGHT="18" WC="0.96" CONTENT="2186"/><SP WIDTH="242" VPOS="158" HPOS="283"/>
							<String ID="string_1" HPOS="525" VPOS="158" WIDTH="39" HEIGHT="18" WC="0.96" CONTENT="Den"/><SP WIDTH="13" VPOS="158" HPOS="564"/>
							<String ID="string_2" HPOS="577" VPOS="158" WIDTH="22" HEIGHT="18" WC="0.96" CONTENT="15"/><SP WIDTH="12" VPOS="158" HPOS="599"/>
							<String ID="string_3" HPOS="611" VPOS="158" WIDTH="47" HEIGHT="18" WC="0.96" CONTENT="Juni."/>
						</TextLine>
					</TextBlock>
				</ComposedBlock>
				<ComposedBlock ID="cblock_1" HPOS="207" VPOS="216" WIDTH="768" HEIGHT="1261">
					<TextBlock ID="block_1" HPOS="212" VPOS="216" WIDTH="763" HEIGHT="95">
						<TextLine ID="line_1" HPOS="282" VPOS="216" WIDTH="693" HEIGHT="27">
							<String ID="string_4" HPOS="282" VPOS="217" WIDTH="41" HEIGHT="19" WC="0.95" CONTENT="Till"/><SP WIDTH="20" VPOS="217" HPOS="323"/>
							<String ID="string_5" HPOS="343" VPOS="217" WIDTH="108" HEIGHT="26" WC="0.93" CONTENT="justering"/><SP WIDTH="21" VPOS="217" HPOS="451"/>
							<String ID="string_6" HPOS="472" VPOS="216" WIDTH="110" HEIGHT="26" WC="0.92" CONTENT="upplästes"/><SP WIDTH="23" VPOS="216" HPOS="582"/>
							<String ID="string_7" HPOS="605" VPOS="217" WIDTH="34" HEIGHT="19" WC="0.96" CONTENT="det"/><SP WIDTH="18" VPOS="217" HPOS="639"/>
							<String ID="string_8" HPOS="657" VPOS="216" WIDTH="36" HEIGHT="19" WC="0.96" CONTENT="vid"/><SP WIDTH="15" VPOS="216" HPOS="693"/>
							<String ID="string_9" HPOS="708" VPOS="217" WIDTH="168" HEIGHT="19" WC="0.96" CONTENT="sammanträdet"/><SP WIDTH="15" VPOS="217" HPOS="876"/>
							<String ID="string_10" HPOS="891" VPOS="217" WIDTH="40" HEIGHT="19" WC="0.96" CONTENT="den"/><SP WIDTH="18" VPOS="217" HPOS="931"/>
							<String ID="string_11" HPOS="949" VPOS="216" WIDTH="26" HEIGHT="19" WC="0.96" CONTENT="14"/>
						</TextLine>
						<TextLine ID="line_2" HPOS="212" VPOS="249" WIDTH="762" HEIGHT="27">
							<String ID="string_12" HPOS="212" VPOS="251" WIDTH="81" HEIGHT="20" WC="0.93" CONTENT="dennes"/><SP WIDTH="22" VPOS="251" HPOS="293"/>
							<String ID="string_13" HPOS="315" VPOS="251" WIDTH="97" HEIGHT="19" WC="0.89" CONTENT="beslutne"/><SP WIDTH="23" VPOS="251" HPOS="412"/>
							<String ID="string_14" HPOS="435" VPOS="251" WIDTH="194" HEIGHT="25" WC="0.91" CONTENT="protokollsutdrag"/><SP WIDTH="16" VPOS="251" HPOS="629"/>
							<String ID="string_15" HPOS="645" VPOS="251" WIDTH="6" HEIGHT="18" WC="0.96" CONTENT="i"/><SP WIDTH="16" VPOS="251" HPOS="651"/>
							<String ID="string_16" HPOS="667" VPOS="251" WIDTH="114" HEIGHT="25" WC="0.96" CONTENT="anledning"/><SP WIDTH="24" VPOS="251" HPOS="781"/>
							<String ID="string_17" HPOS="805" VPOS="251" WIDTH="22" HEIGHT="19" WC="0.93" CONTENT="af"/><SP WIDTH="14" VPOS="251" HPOS="827"/>
							<String ID="string_18" HPOS="841" VPOS="249" WIDTH="133" HEIGHT="21" WC="0.89" CONTENT="Prestestän-"/>
						</TextLine>
						<TextLine ID="line_3" HPOS="212" VPOS="285" WIDTH="760" HEIGHT="26">
							<String ID="string_19" HPOS="212" VPOS="286" WIDTH="48" HEIGHT="19" WC="0.89" CONTENT="dets"/><SP WIDTH="22" VPOS="286" HPOS="260"/>
							<String ID="string_20" HPOS="282" VPOS="285" WIDTH="127" HEIGHT="26" WC="0.91" CONTENT="inbjudning"/><SP WIDTH="21" VPOS="285" HPOS="409"/>
							<String ID="string_21" HPOS="430" VPOS="285" WIDTH="89" HEIGHT="20" WC="0.92" CONTENT="rörande"/><SP WIDTH="16" VPOS="285" HPOS="519"/>
							<String ID="string_22" HPOS="535" VPOS="285" WIDTH="121" HEIGHT="26" WC="0.91" CONTENT="riktningen"/><SP WIDTH="16" VPOS="285" HPOS="656"/>
							<String ID="string_23" HPOS="672" VPOS="285" WIDTH="23" HEIGHT="19" WC="0.93" CONTENT="af"/><SP WIDTH="13" VPOS="285" HPOS="695"/>
							<String ID="string_24" HPOS="708" VPOS="285" WIDTH="151" HEIGHT="19" WC="0.91" CONTENT="stambanorna"/><SP WIDTH="15" VPOS="285" HPOS="859"/>
							<String ID="string_25" HPOS="874" VPOS="285" WIDTH="6" HEIGHT="19" WC="0.96" CONTENT="i"/><SP WIDTH="15" VPOS="285" HPOS="880"/>
							<String ID="string_26" HPOS="895" VPOS="285" WIDTH="77" HEIGHT="19" WC="0.94" CONTENT="landet."/>
						</TextLine>
					</TextBlock>
					<TextBlock ID="block_2" HPOS="209" VPOS="318" WIDTH="765" HEIGHT="61">
						<TextLine ID="line_4" HPOS="282" VPOS="318" WIDTH="692" HEIGHT="27">
							<String ID="string_27" HPOS="282" VPOS="319" WIDTH="52" HEIGHT="20" WC="0.93" CONTENT="Herr"/><SP WIDTH="15" VPOS="319" HPOS="334"/>
							<String ID="string_28" HPOS="349" VPOS="319" WIDTH="164" HEIGHT="20" WC="0.92" CONTENT="Talmannen"/><SP WIDTH="16" VPOS="319" HPOS="513"/>
							<String ID="string_29" HPOS="529" VPOS="319" WIDTH="98" HEIGHT="26" WC="0.91" CONTENT="föredrog"/><SP WIDTH="16" VPOS="319" HPOS="627"/>
							<String ID="string_30" HPOS="643" VPOS="319" WIDTH="32" HEIGHT="20" WC="0.93" CONTENT="till"/><SP WIDTH="16" VPOS="319" HPOS="675"/>
							<String ID="string_31" HPOS="691" VPOS="318" WIDTH="100" HEIGHT="21" WC="0.93" CONTENT="Ständets"/><SP WIDTH="12" VPOS="318" HPOS="791"/>
							<String ID="string_32" HPOS="803" VPOS="319" WIDTH="121" HEIGHT="20" WC="0.91" CONTENT="kännedom"/><SP WIDTH="10" VPOS="319" HPOS="924"/>
							<String ID="string_33" HPOS="934" VPOS="319" WIDTH="40" HEIGHT="20" WC="0.92" CONTENT="föl-"/>
						</TextLine>
						<TextLine ID="line_5" HPOS="209" VPOS="352" WIDTH="627" HEIGHT="27">
							<String ID="string_34" HPOS="209" VPOS="354" WIDTH="67" HEIGHT="25" WC="0.91" CONTENT="jande"/><SP WIDTH="15" VPOS="354" HPOS="276"/>
							<String ID="string_35" HPOS="291" VPOS="352" WIDTH="46" HEIGHT="21" WC="0.93" CONTENT="från"/><SP WIDTH="15" VPOS="352" HPOS="337"/>
							<String ID="string_36" HPOS="352" VPOS="352" WIDTH="140" HEIGHT="21" WC="0.92" CONTENT="Medständen"/><SP WIDTH="16" VPOS="352" HPOS="492"/>
							<String ID="string_37" HPOS="508" VPOS="353" WIDTH="107" HEIGHT="20" WC="0.92" CONTENT="ankomna"/><SP WIDTH="16" VPOS="353" HPOS="615"/>
							<String ID="string_38" HPOS="631" VPOS="353" WIDTH="205" HEIGHT="26" WC="0.79" CONTENT="protokollsutdrag"/><SP WIDTH="-13" VPOS="353" HPOS="836"/>
							<String ID="string_39" HPOS="823" VPOS="348" WIDTH="15" HEIGHT="35" WC="0.79" CONTENT=":"/>
						</TextLine>
					</TextBlock>
					<TextBlock ID="block_3" HPOS="282" VPOS="387" WIDTH="278" HEIGHT="25">
						<TextLine ID="line_6" HPOS="282" VPOS="387" WIDTH="278" HEIGHT="25">
							<String ID="string_40" HPOS="282" VPOS="388" WIDTH="21" HEIGHT="24" WC="0.93" CONTENT="a)"/><SP WIDTH="16" VPOS="388" HPOS="303"/>
							<String ID="string_41" HPOS="319" VPOS="387" WIDTH="56" HEIGHT="20" WC="0.92" CONTENT="Frän"/><SP WIDTH="15" VPOS="387" HPOS="375"/>
							<String ID="string_42" HPOS="390" VPOS="387" WIDTH="170" HEIGHT="20" WC="0.89" CONTENT="Presteständet:"/>
						</TextLine>
					</TextBlock>
					<TextBlock ID="block_4" HPOS="211" VPOS="421" WIDTH="764" HEIGHT="124">
						<TextLine ID="line_7" HPOS="283" VPOS="421" WIDTH="690" HEIGHT="27">
							<String ID="string_43" HPOS="283" VPOS="422" WIDTH="32" HEIGHT="19" WC="0.81" CONTENT="1:0"/><SP WIDTH="16" VPOS="422" HPOS="315"/>
							<String ID="string_44" HPOS="331" VPOS="423" WIDTH="22" HEIGHT="18" WC="0.96" CONTENT="af"/><SP WIDTH="14" VPOS="423" HPOS="353"/>
							<String ID="string_45" HPOS="367" VPOS="423" WIDTH="40" HEIGHT="18" WC="0.96" CONTENT="den"/><SP WIDTH="27" VPOS="423" HPOS="407"/>
							<String ID="string_46" HPOS="434" VPOS="422" WIDTH="25" HEIGHT="19" WC="0.95" CONTENT="13"/><SP WIDTH="16" VPOS="422" HPOS="459"/>
							<String ID="string_47" HPOS="475" VPOS="422" WIDTH="7" HEIGHT="19" WC="0.95" CONTENT="i"/><SP WIDTH="16" VPOS="422" HPOS="482"/>
							<String ID="string_48" HPOS="498" VPOS="422" WIDTH="69" HEIGHT="19" WC="0.93" CONTENT="denne"/><SP WIDTH="23" VPOS="422" HPOS="567"/>
							<String ID="string_49" HPOS="590" VPOS="421" WIDTH="83" HEIGHT="24" WC="0.96" CONTENT="månad,"/><SP WIDTH="23" VPOS="421" HPOS="673"/>
							<String ID="string_50" HPOS="696" VPOS="421" WIDTH="111" HEIGHT="27" WC="0.96" CONTENT="angående"/><SP WIDTH="22" VPOS="421" HPOS="807"/>
							<String ID="string_51" HPOS="829" VPOS="423" WIDTH="68" HEIGHT="19" WC="0.93" CONTENT="skedd"/><SP WIDTH="22" VPOS="423" HPOS="897"/>
							<String ID="string_52" HPOS="919" VPOS="423" WIDTH="54" HEIGHT="19" WC="0.92" CONTENT="före-"/>
						</TextLine>
						<TextLine ID="line_8" HPOS="211" VPOS="456" WIDTH="762" HEIGHT="27">
							<String ID="string_53" HPOS="211" VPOS="457" WIDTH="107" HEIGHT="26" WC="0.92" CONTENT="dragning"/><SP WIDTH="15" VPOS="457" HPOS="318"/>
							<String ID="string_54" HPOS="333" VPOS="457" WIDTH="22" HEIGHT="19" WC="0.93" CONTENT="af"/><SP WIDTH="14" VPOS="457" HPOS="355"/>
							<String ID="string_55" HPOS="369" VPOS="457" WIDTH="158" HEIGHT="19" WC="0.92" CONTENT="Sammansatta"/><SP WIDTH="17" VPOS="457" HPOS="527"/>
							<String ID="string_56" HPOS="544" VPOS="456" WIDTH="69" HEIGHT="20" WC="0.92" CONTENT="Stats-"/><SP WIDTH="20" VPOS="456" HPOS="613"/>
							<String ID="string_57" HPOS="633" VPOS="457" WIDTH="40" HEIGHT="19" WC="0.93" CONTENT="och"/><SP WIDTH="23" VPOS="457" HPOS="673"/>
							<String ID="string_58" HPOS="696" VPOS="457" WIDTH="220" HEIGHT="19" WC="0.91" CONTENT="Ekonomiutskottets"/><SP WIDTH="22" VPOS="457" HPOS="916"/>
							<String ID="string_59" HPOS="938" VPOS="457" WIDTH="35" HEIGHT="18" WC="0.96" CONTENT="vid"/>
						</TextLine>
						<TextLine ID="line_9" HPOS="211" VPOS="491" WIDTH="764" HEIGHT="26">
							<String ID="string_60" HPOS="211" VPOS="492" WIDTH="86" HEIGHT="25" WC="0.89" CONTENT="plenum"/><SP WIDTH="23" VPOS="492" HPOS="297"/>
							<String ID="string_61" HPOS="320" VPOS="491" WIDTH="108" HEIGHT="26" WC="0.92" CONTENT="plenorum"/><SP WIDTH="22" VPOS="491" HPOS="428"/>
							<String ID="string_62" HPOS="450" VPOS="491" WIDTH="133" HEIGHT="20" WC="0.91" CONTENT="behandlade"/><SP WIDTH="24" VPOS="491" HPOS="583"/>
							<String ID="string_63" HPOS="607" VPOS="491" WIDTH="131" HEIGHT="20" WC="0.92" CONTENT="betänkande"/><SP WIDTH="20" VPOS="491" HPOS="738"/>
							<String ID="string_64" HPOS="758" VPOS="497" WIDTH="35" HEIGHT="14" WC="0.93" CONTENT="om"/><SP WIDTH="15" VPOS="497" HPOS="793"/>
							<String ID="string_65" HPOS="808" VPOS="491" WIDTH="128" HEIGHT="26" WC="0.91" CONTENT="uppförande"/><SP WIDTH="16" VPOS="491" HPOS="936"/>
							<String ID="string_66" HPOS="952" VPOS="491" WIDTH="23" HEIGHT="19" WC="0.96" CONTENT="af"/>
						</TextLine>
						<TextLine ID="line_10" HPOS="211" VPOS="525" WIDTH="184" HEIGHT="20">
							<String ID="string_67" HPOS="211" VPOS="527" WIDTH="31" HEIGHT="18" WC="0.93" CONTENT="ett"/><SP WIDTH="15" VPOS="527" HPOS="242"/>
							<String ID="string_68" HPOS="257" VPOS="525" WIDTH="138" HEIGHT="20" WC="0.92" CONTENT="Ständerhus."/>
						</TextLine>
					</TextBlock>
					<TextBlock ID="block_5" HPOS="211" VPOS="559" WIDTH="762" HEIGHT="123">
						<TextLine ID="line_11" HPOS="282" VPOS="559" WIDTH="691" HEIGHT="26">
							<String ID="string_69" HPOS="282" VPOS="560" WIDTH="33" HEIGHT="19" WC="0.91" CONTENT="2:0"/><SP WIDTH="16" VPOS="560" HPOS="315"/>
							<String ID="string_70" HPOS="331" VPOS="560" WIDTH="22" HEIGHT="19" WC="0.96" CONTENT="af"/><SP WIDTH="21" VPOS="560" HPOS="353"/>
							<String ID="string_71" HPOS="374" VPOS="566" WIDTH="82" HEIGHT="13" WC="0.95" CONTENT="samma"/><SP WIDTH="23" VPOS="566" HPOS="456"/>
							<String ID="string_72" HPOS="479" VPOS="560" WIDTH="49" HEIGHT="25" WC="0.93" CONTENT="dag,"/><SP WIDTH="16" VPOS="560" HPOS="528"/>
							<String ID="string_73" HPOS="544" VPOS="559" WIDTH="110" HEIGHT="26" WC="0.96" CONTENT="angående"/><SP WIDTH="15" VPOS="559" HPOS="654"/>
							<String ID="string_74" HPOS="669" VPOS="559" WIDTH="150" HEIGHT="26" WC="0.96" CONTENT="föredragning"/><SP WIDTH="16" VPOS="559" HPOS="819"/>
							<String ID="string_75" HPOS="835" VPOS="560" WIDTH="22" HEIGHT="18" WC="0.93" CONTENT="af"/><SP WIDTH="13" VPOS="560" HPOS="857"/>
							<String ID="string_76" HPOS="870" VPOS="559" WIDTH="103" HEIGHT="26" WC="0.92" CONTENT="Borgare-"/>
						</TextLine>
						<TextLine ID="line_12" HPOS="211" VPOS="593" WIDTH="761" HEIGHT="26">
							<String ID="string_77" HPOS="211" VPOS="593" WIDTH="97" HEIGHT="21" WC="0.91" CONTENT="ständets"/><SP WIDTH="21" VPOS="593" HPOS="308"/>
							<String ID="string_78" HPOS="329" VPOS="594" WIDTH="133" HEIGHT="25" WC="0.92" CONTENT="inbjudning,"/><SP WIDTH="23" VPOS="594" HPOS="462"/>
							<String ID="string_79" HPOS="485" VPOS="594" WIDTH="48" HEIGHT="19" WC="0.93" CONTENT="med"/><SP WIDTH="24" VPOS="594" HPOS="533"/>
							<String ID="string_80" HPOS="557" VPOS="594" WIDTH="114" HEIGHT="25" WC="0.91" CONTENT="anledning"/><SP WIDTH="23" VPOS="594" HPOS="671"/>
							<String ID="string_81" HPOS="694" VPOS="594" WIDTH="23" HEIGHT="19" WC="0.93" CONTENT="af"/><SP WIDTH="13" VPOS="594" HPOS="717"/>
							<String ID="string_82" HPOS="730" VPOS="593" WIDTH="158" HEIGHT="20" WC="0.93" CONTENT="Sammansatta"/><SP WIDTH="16" VPOS="593" HPOS="888"/>
							<String ID="string_83" HPOS="904" VPOS="593" WIDTH="68" HEIGHT="20" WC="0.93" CONTENT="Stats-"/>
						</TextLine>
						<TextLine ID="line_13" HPOS="211" VPOS="628" WIDTH="759" HEIGHT="25">
							<String ID="string_84" HPOS="211" VPOS="629" WIDTH="40" HEIGHT="19" WC="0.92" CONTENT="och"/><SP WIDTH="24" VPOS="629" HPOS="251"/>
							<String ID="string_85" HPOS="275" VPOS="629" WIDTH="219" HEIGHT="19" WC="0.87" CONTENT="Ekonomiutskottets"/><SP WIDTH="24" VPOS="629" HPOS="494"/>
							<String ID="string_86" HPOS="518" VPOS="629" WIDTH="134" HEIGHT="18" WC="0.92" CONTENT="betänkande"/><SP WIDTH="21" VPOS="629" HPOS="652"/>
							<String ID="string_87" HPOS="673" VPOS="634" WIDTH="35" HEIGHT="13" WC="0.93" CONTENT="om"/><SP WIDTH="23" VPOS="634" HPOS="708"/>
							<String ID="string_88" HPOS="731" VPOS="628" WIDTH="120" HEIGHT="25" WC="0.89" CONTENT="riktningen"/><SP WIDTH="19" VPOS="628" HPOS="851"/>
							<String ID="string_89" HPOS="870" VPOS="629" WIDTH="22" HEIGHT="18" WC="0.93" CONTENT="af"/><SP WIDTH="14" VPOS="629" HPOS="892"/>
							<String ID="string_90" HPOS="906" VPOS="630" WIDTH="64" HEIGHT="17" WC="0.92" CONTENT="stam-"/>
						</TextLine>
						<TextLine ID="line_14" HPOS="211" VPOS="663" WIDTH="227" HEIGHT="19">
							<String ID="string_91" HPOS="211" VPOS="663" WIDTH="94" HEIGHT="19" WC="0.91" CONTENT="banorna"/><SP WIDTH="15" VPOS="663" HPOS="305"/>
							<String ID="string_92" HPOS="320" VPOS="663" WIDTH="6" HEIGHT="18" WC="0.96" CONTENT="i"/><SP WIDTH="16" VPOS="663" HPOS="326"/>
							<String ID="string_93" HPOS="342" VPOS="663" WIDTH="96" HEIGHT="19" WC="0.96" CONTENT="Finland."/>
						</TextLine>
					</TextBlock>
					<TextBlock ID="block_6" HPOS="209" VPOS="695" WIDTH="763" HEIGHT="233">
						<TextLine ID="line_15" HPOS="281" VPOS="695" WIDTH="691" HEIGHT="27">
							<String ID="string_94" HPOS="281" VPOS="697" WIDTH="33" HEIGHT="19" WC="0.89" CONTENT="3:0"/><SP WIDTH="23" VPOS="697" HPOS="314"/>
							<String ID="string_95" HPOS="337" VPOS="697" WIDTH="62" HEIGHT="19" WC="0.90" CONTENT="äfven"/><SP WIDTH="22" VPOS="697" HPOS="399"/>
							<String ID="string_96" HPOS="421" VPOS="697" WIDTH="23" HEIGHT="19" WC="0.96" CONTENT="af"/><SP WIDTH="21" VPOS="697" HPOS="444"/>
							<String ID="string_97" HPOS="465" VPOS="697" WIDTH="40" HEIGHT="19" WC="0.96" CONTENT="den"/><SP WIDTH="24" VPOS="697" HPOS="505"/>
							<String ID="string_98" HPOS="529" VPOS="696" WIDTH="25" HEIGHT="20" WC="0.92" CONTENT="13"/><SP WIDTH="24" VPOS="696" HPOS="554"/>
							<String ID="string_99" HPOS="578" VPOS="697" WIDTH="86" HEIGHT="22" WC="0.92" CONTENT="dennes,"/><SP WIDTH="22" VPOS="697" HPOS="664"/>
							<String ID="string_100" HPOS="686" VPOS="695" WIDTH="109" HEIGHT="27" WC="0.93" CONTENT="angäende"/><SP WIDTH="16" VPOS="695" HPOS="795"/>
							<String ID="string_101" HPOS="811" VPOS="696" WIDTH="161" HEIGHT="26" WC="0.91" CONTENT="Lagutskottets"/>
						</TextLine>
						<TextLine ID="line_16" HPOS="211" VPOS="730" WIDTH="761" HEIGHT="27">
							<String ID="string_102" HPOS="211" VPOS="731" WIDTH="81" HEIGHT="26" WC="0.96" CONTENT="förslag"/><SP WIDTH="19" VPOS="731" HPOS="292"/>
							<String ID="string_103" HPOS="311" VPOS="731" WIDTH="33" HEIGHT="19" WC="0.93" CONTENT="till"/><SP WIDTH="23" VPOS="731" HPOS="344"/>
							<String ID="string_104" HPOS="367" VPOS="731" WIDTH="209" HEIGHT="26" WC="0.92" CONTENT="sammanjemkning"/><SP WIDTH="22" VPOS="731" HPOS="576"/>
							<String ID="string_105" HPOS="598" VPOS="732" WIDTH="23" HEIGHT="18" WC="0.96" CONTENT="af"/><SP WIDTH="19" VPOS="732" HPOS="621"/>
							<String ID="string_106" HPOS="640" VPOS="731" WIDTH="25" HEIGHT="19" WC="0.93" CONTENT="de"/><SP WIDTH="16" VPOS="731" HPOS="665"/>
							<String ID="string_107" HPOS="681" VPOS="730" WIDTH="125" HEIGHT="26" WC="0.92" CONTENT="skiljaktiga"/><SP WIDTH="15" VPOS="730" HPOS="806"/>
							<String ID="string_108" HPOS="821" VPOS="730" WIDTH="75" HEIGHT="23" WC="0.93" CONTENT="beslut,"/><SP WIDTH="16" VPOS="730" HPOS="896"/>
							<String ID="string_109" HPOS="912" VPOS="730" WIDTH="60" HEIGHT="20" WC="0.92" CONTENT="hvari"/>
						</TextLine>
						<TextLine ID="line_17" HPOS="211" VPOS="764" WIDTH="761" HEIGHT="26">
							<String ID="string_110" HPOS="211" VPOS="764" WIDTH="95" HEIGHT="21" WC="0.91" CONTENT="Ständen"/><SP WIDTH="17" VPOS="764" HPOS="306"/>
							<String ID="string_111" HPOS="323" VPOS="766" WIDTH="85" HEIGHT="18" WC="0.96" CONTENT="stannat"/><SP WIDTH="15" VPOS="766" HPOS="408"/>
							<String ID="string_112" HPOS="423" VPOS="766" WIDTH="35" HEIGHT="18" WC="0.96" CONTENT="vid"/><SP WIDTH="16" VPOS="766" HPOS="458"/>
							<String ID="string_113" HPOS="474" VPOS="765" WIDTH="157" HEIGHT="25" WC="0.96" CONTENT="behandlingen"/><SP WIDTH="16" VPOS="765" HPOS="631"/>
							<String ID="string_114" HPOS="647" VPOS="766" WIDTH="22" HEIGHT="18" WC="0.93" CONTENT="af"/><SP WIDTH="13" VPOS="766" HPOS="669"/>
							<String ID="string_115" HPOS="682" VPOS="765" WIDTH="91" HEIGHT="19" WC="0.95" CONTENT="nämnde"/><SP WIDTH="16" VPOS="765" HPOS="773"/>
							<String ID="string_116" HPOS="789" VPOS="765" WIDTH="93" HEIGHT="19" WC="0.93" CONTENT="utskotts"/><SP WIDTH="16" VPOS="765" HPOS="882"/>
							<String ID="string_117" HPOS="898" VPOS="765" WIDTH="74" HEIGHT="19" WC="0.92" CONTENT="betän-"/>
						</TextLine>
						<TextLine ID="line_18" HPOS="211" VPOS="798" WIDTH="761" HEIGHT="28">
							<String ID="string_118" HPOS="211" VPOS="800" WIDTH="70" HEIGHT="19" WC="0.96" CONTENT="kande"/><SP WIDTH="15" VPOS="800" HPOS="281"/>
							<String ID="string_119" HPOS="296" VPOS="800" WIDTH="7" HEIGHT="19" WC="0.93" CONTENT="i"/><SP WIDTH="16" VPOS="800" HPOS="303"/>
							<String ID="string_120" HPOS="319" VPOS="800" WIDTH="115" HEIGHT="25" WC="0.92" CONTENT="anledning"/><SP WIDTH="23" VPOS="800" HPOS="434"/>
							<String ID="string_121" HPOS="457" VPOS="800" WIDTH="22" HEIGHT="19" WC="0.92" CONTENT="af"/><SP WIDTH="20" VPOS="800" HPOS="479"/>
							<String ID="string_122" HPOS="499" VPOS="800" WIDTH="66" HEIGHT="19" WC="0.92" CONTENT="väckt"/><SP WIDTH="21" VPOS="800" HPOS="565"/>
							<String ID="string_123" HPOS="586" VPOS="800" WIDTH="87" HEIGHT="26" WC="0.92" CONTENT="petition"/><SP WIDTH="24" VPOS="800" HPOS="673"/>
							<String ID="string_124" HPOS="697" VPOS="806" WIDTH="34" HEIGHT="13" WC="0.93" CONTENT="om"/><SP WIDTH="18" VPOS="806" HPOS="731"/>
							<String ID="string_125" HPOS="749" VPOS="798" WIDTH="75" HEIGHT="27" WC="0.92" CONTENT="ätgärd"/><SP WIDTH="16" VPOS="798" HPOS="824"/>
							<String ID="string_126" HPOS="840" VPOS="799" WIDTH="85" HEIGHT="23" WC="0.92" CONTENT="derhän,"/><SP WIDTH="16" VPOS="799" HPOS="925"/>
							<String ID="string_127" HPOS="941" VPOS="800" WIDTH="31" HEIGHT="18" WC="0.96" CONTENT="att"/>
						</TextLine>
						<TextLine ID="line_19" HPOS="211" VPOS="832" WIDTH="761" HEIGHT="28">
							<String ID="string_128" HPOS="211" VPOS="834" WIDTH="41" HEIGHT="19" WC="0.96" CONTENT="den"/><SP WIDTH="16" VPOS="834" HPOS="252"/>
							<String ID="string_129" HPOS="268" VPOS="834" WIDTH="7" HEIGHT="19" WC="0.93" CONTENT="i"/><SP WIDTH="15" VPOS="834" HPOS="275"/>
							<String ID="string_130" HPOS="290" VPOS="834" WIDTH="99" HEIGHT="19" WC="0.93" CONTENT="afseende"/><SP WIDTH="16" VPOS="834" HPOS="389"/>
							<String ID="string_131" HPOS="405" VPOS="832" WIDTH="12" HEIGHT="21" WC="0.93" CONTENT="å"/><SP WIDTH="16" VPOS="832" HPOS="417"/>
							<String ID="string_132" HPOS="433" VPOS="834" WIDTH="85" HEIGHT="19" WC="0.93" CONTENT="makars"/><SP WIDTH="16" VPOS="834" HPOS="518"/>
							<String ID="string_133" HPOS="534" VPOS="834" WIDTH="95" HEIGHT="26" WC="0.92" CONTENT="giftorätt"/><SP WIDTH="19" VPOS="834" HPOS="629"/>
							<String ID="string_134" HPOS="648" VPOS="834" WIDTH="3" HEIGHT="19" WC="0.93" CONTENT="i"/><SP WIDTH="16" VPOS="834" HPOS="651"/>
							<String ID="string_135" HPOS="667" VPOS="834" WIDTH="26" HEIGHT="19" WC="0.96" CONTENT="bo"/><SP WIDTH="16" VPOS="834" HPOS="693"/>
							<String ID="string_136" HPOS="709" VPOS="835" WIDTH="56" HEIGHT="17" WC="0.93" CONTENT="samt"/><SP WIDTH="15" VPOS="835" HPOS="765"/>
							<String ID="string_137" HPOS="780" VPOS="834" WIDTH="78" HEIGHT="25" WC="0.93" CONTENT="arftägt"/><SP WIDTH="16" VPOS="834" HPOS="858"/>
							<String ID="string_138" HPOS="874" VPOS="834" WIDTH="51" HEIGHT="18" WC="0.93" CONTENT="efter"/><SP WIDTH="15" VPOS="834" HPOS="925"/>
							<String ID="string_139" HPOS="940" VPOS="834" WIDTH="32" HEIGHT="18" WC="0.93" CONTENT="af-"/>
						</TextLine>
						<TextLine ID="line_20" HPOS="209" VPOS="867" WIDTH="763" HEIGHT="27">
							<String ID="string_140" HPOS="209" VPOS="868" WIDTH="58" HEIGHT="20" WC="0.91" CONTENT="liden"/><SP WIDTH="17" VPOS="868" HPOS="267"/>
							<String ID="string_141" HPOS="284" VPOS="874" WIDTH="75" HEIGHT="20" WC="0.96" CONTENT="person"/><SP WIDTH="16" VPOS="874" HPOS="359"/>
							<String ID="string_142" HPOS="375" VPOS="875" WIDTH="28" HEIGHT="12" WC="0.91" CONTENT="nu"/><SP WIDTH="16" VPOS="875" HPOS="403"/>
							<String ID="string_143" HPOS="419" VPOS="867" WIDTH="115" HEIGHT="21" WC="0.91" CONTENT="bestäende"/><SP WIDTH="15" VPOS="867" HPOS="534"/>
							<String ID="string_144" HPOS="549" VPOS="868" WIDTH="104" HEIGHT="20" WC="0.91" CONTENT="olikheter"/><SP WIDTH="15" VPOS="868" HPOS="653"/>
							<String ID="string_145" HPOS="668" VPOS="868" WIDTH="78" HEIGHT="19" WC="0.93" CONTENT="mellan"/><SP WIDTH="15" VPOS="868" HPOS="746"/>
							<String ID="string_146" HPOS="761" VPOS="868" WIDTH="73" HEIGHT="18" WC="0.92" CONTENT="lands-"/><SP WIDTH="16" VPOS="868" HPOS="834"/>
							<String ID="string_147" HPOS="850" VPOS="868" WIDTH="40" HEIGHT="19" WC="0.93" CONTENT="och"/><SP WIDTH="12" VPOS="868" HPOS="890"/>
							<String ID="string_148" HPOS="902" VPOS="868" WIDTH="70" HEIGHT="19" WC="0.90" CONTENT="stads-"/>
						</TextLine>
						<TextLine ID="line_21" HPOS="210" VPOS="902" WIDTH="243" HEIGHT="26">
							<String ID="string_149" HPOS="210" VPOS="903" WIDTH="42" HEIGHT="19" WC="0.96" CONTENT="rätt"/><SP WIDTH="15" VPOS="903" HPOS="252"/>
							<String ID="string_150" HPOS="267" VPOS="903" WIDTH="71" HEIGHT="19" WC="0.93" CONTENT="kunde"/><SP WIDTH="16" VPOS="903" HPOS="338"/>
							<String ID="string_151" HPOS="354" VPOS="902" WIDTH="99" HEIGHT="26" WC="0.90" CONTENT="upphöra."/>
						</TextLine>
					</TextBlock>
					<TextBlock ID="block_7" HPOS="209" VPOS="936" WIDTH="763" HEIGHT="95">
						<TextLine ID="line_22" HPOS="279" VPOS="936" WIDTH="693" HEIGHT="26">
							<String ID="string_152" HPOS="279" VPOS="937" WIDTH="34" HEIGHT="19" WC="0.80" CONTENT="4:0"/><SP WIDTH="16" VPOS="937" HPOS="313"/>
							<String ID="string_153" HPOS="329" VPOS="938" WIDTH="23" HEIGHT="18" WC="0.96" CONTENT="af"/><SP WIDTH="13" VPOS="938" HPOS="352"/>
							<String ID="string_154" HPOS="365" VPOS="937" WIDTH="40" HEIGHT="19" WC="0.96" CONTENT="den"/><SP WIDTH="19" VPOS="937" HPOS="405"/>
							<String ID="string_155" HPOS="424" VPOS="937" WIDTH="25" HEIGHT="19" WC="0.92" CONTENT="14"/><SP WIDTH="16" VPOS="937" HPOS="449"/>
							<String ID="string_156" HPOS="465" VPOS="937" WIDTH="87" HEIGHT="23" WC="0.96" CONTENT="dennes,"/><SP WIDTH="17" VPOS="937" HPOS="552"/>
							<String ID="string_157" HPOS="569" VPOS="936" WIDTH="110" HEIGHT="26" WC="0.93" CONTENT="angående"/><SP WIDTH="15" VPOS="936" HPOS="679"/>
							<String ID="string_158" HPOS="694" VPOS="936" WIDTH="127" HEIGHT="26" WC="0.90" CONTENT="inbjudning"/><SP WIDTH="16" VPOS="936" HPOS="821"/>
							<String ID="string_159" HPOS="837" VPOS="936" WIDTH="32" HEIGHT="19" WC="0.93" CONTENT="till"/><SP WIDTH="15" VPOS="936" HPOS="869"/>
							<String ID="string_160" HPOS="884" VPOS="936" WIDTH="88" HEIGHT="20" WC="0.92" CONTENT="Ridder-"/>
						</TextLine>
						<TextLine ID="line_23" HPOS="210" VPOS="970" WIDTH="761" HEIGHT="27">
							<String ID="string_161" HPOS="210" VPOS="971" WIDTH="77" HEIGHT="26" WC="0.92" CONTENT="skapet"/><SP WIDTH="14" VPOS="971" HPOS="287"/>
							<String ID="string_162" HPOS="301" VPOS="971" WIDTH="40" HEIGHT="20" WC="0.93" CONTENT="och"/><SP WIDTH="16" VPOS="971" HPOS="341"/>
							<String ID="string_163" HPOS="357" VPOS="971" WIDTH="69" HEIGHT="19" WC="0.91" CONTENT="Adeln"/><SP WIDTH="17" VPOS="971" HPOS="426"/>
							<String ID="string_164" HPOS="443" VPOS="973" WIDTH="55" HEIGHT="17" WC="0.93" CONTENT="samt"/><SP WIDTH="15" VPOS="973" HPOS="498"/>
							<String ID="string_165" HPOS="513" VPOS="970" WIDTH="160" HEIGHT="20" WC="0.92" CONTENT="Bondeständet"/><SP WIDTH="15" VPOS="970" HPOS="673"/>
							<String ID="string_166" HPOS="688" VPOS="971" WIDTH="48" HEIGHT="19" WC="0.93" CONTENT="med"/><SP WIDTH="15" VPOS="971" HPOS="736"/>
							<String ID="string_167" HPOS="751" VPOS="971" WIDTH="117" HEIGHT="25" WC="0.91" CONTENT="anledning"/><SP WIDTH="19" VPOS="971" HPOS="868"/>
							<String ID="string_168" HPOS="887" VPOS="971" WIDTH="23" HEIGHT="19" WC="0.93" CONTENT="af"/><SP WIDTH="20" VPOS="971" HPOS="910"/>
							<String ID="string_169" HPOS="930" VPOS="970" WIDTH="41" HEIGHT="20" WC="0.92" CONTENT="frä-"/>
						</TextLine>
						<TextLine ID="line_24" HPOS="209" VPOS="1005" WIDTH="474" HEIGHT="26">
							<String ID="string_170" HPOS="209" VPOS="1012" WIDTH="43" HEIGHT="19" WC="0.91" CONTENT="gan"/><SP WIDTH="17" VPOS="1012" HPOS="252"/>
							<String ID="string_171" HPOS="269" VPOS="1012" WIDTH="34" HEIGHT="13" WC="0.93" CONTENT="om"/><SP WIDTH="16" VPOS="1012" HPOS="303"/>
							<String ID="string_172" HPOS="319" VPOS="1006" WIDTH="128" HEIGHT="25" WC="0.87" CONTENT="uppförande"/><SP WIDTH="16" VPOS="1006" HPOS="447"/>
							<String ID="string_173" HPOS="463" VPOS="1006" WIDTH="24" HEIGHT="18" WC="0.96" CONTENT="af"/><SP WIDTH="12" VPOS="1006" HPOS="487"/>
							<String ID="string_174" HPOS="499" VPOS="1007" WIDTH="31" HEIGHT="18" WC="0.93" CONTENT="ett"/><SP WIDTH="16" VPOS="1007" HPOS="530"/>
							<String ID="string_175" HPOS="546" VPOS="1005" WIDTH="137" HEIGHT="20" WC="0.92" CONTENT="Ständerhus."/>
						</TextLine>
					</TextBlock>
					<TextBlock ID="block_8" HPOS="280" VPOS="1039" WIDTH="277" HEIGHT="23">
						<TextLine ID="line_25" HPOS="280" VPOS="1039" WIDTH="277" HEIGHT="23">
							<String ID="string_176" HPOS="280" VPOS="1040" WIDTH="20" HEIGHT="22" WC="0.93" CONTENT="b)"/><SP WIDTH="17" VPOS="1040" HPOS="300"/>
							<String ID="string_177" HPOS="317" VPOS="1039" WIDTH="54" HEIGHT="20" WC="0.93" CONTENT="Från"/><SP WIDTH="16" VPOS="1039" HPOS="371"/>
							<String ID="string_178" HPOS="387" VPOS="1039" WIDTH="170" HEIGHT="20" WC="0.75" CONTENT="Bondeständet"/><SP WIDTH="-10" VPOS="1039" HPOS="557"/>
							<String ID="string_179" HPOS="547" VPOS="1035" WIDTH="14" HEIGHT="31" WC="0.75" CONTENT=":"/>
						</TextLine>
					</TextBlock>
					<TextBlock ID="block_9" HPOS="209" VPOS="1073" WIDTH="763" HEIGHT="164">
						<TextLine ID="line_26" HPOS="282" VPOS="1073" WIDTH="689" HEIGHT="27">
							<String ID="string_180" HPOS="282" VPOS="1074" WIDTH="31" HEIGHT="20" WC="0.89" CONTENT="1:0"/><SP WIDTH="23" VPOS="1074" HPOS="313"/>
							<String ID="string_181" HPOS="336" VPOS="1074" WIDTH="23" HEIGHT="19" WC="0.96" CONTENT="af"/><SP WIDTH="20" VPOS="1074" HPOS="359"/>
							<String ID="string_182" HPOS="379" VPOS="1074" WIDTH="40" HEIGHT="20" WC="0.96" CONTENT="den"/><SP WIDTH="26" VPOS="1074" HPOS="419"/>
							<String ID="string_183" HPOS="445" VPOS="1074" WIDTH="24" HEIGHT="19" WC="0.96" CONTENT="14"/><SP WIDTH="20" VPOS="1074" HPOS="469"/>
							<String ID="string_184" HPOS="489" VPOS="1074" WIDTH="57" HEIGHT="23" WC="0.93" CONTENT="Juni,"/><SP WIDTH="17" VPOS="1074" HPOS="546"/>
							<String ID="string_185" HPOS="563" VPOS="1073" WIDTH="109" HEIGHT="27" WC="0.92" CONTENT="angäende"/><SP WIDTH="16" VPOS="1073" HPOS="672"/>
							<String ID="string_186" HPOS="688" VPOS="1074" WIDTH="158" HEIGHT="19" WC="0.92" CONTENT="Sammansatta"/><SP WIDTH="14" VPOS="1074" HPOS="846"/>
							<String ID="string_187" HPOS="860" VPOS="1074" WIDTH="55" HEIGHT="26" WC="0.91" CONTENT="Lag-"/><SP WIDTH="16" VPOS="1074" HPOS="915"/>
							<String ID="string_188" HPOS="931" VPOS="1074" WIDTH="40" HEIGHT="20" WC="0.96" CONTENT="och"/>
						</TextLine>
						<TextLine ID="line_27" HPOS="209" VPOS="1108" WIDTH="763" HEIGHT="26">
							<String ID="string_189" HPOS="209" VPOS="1108" WIDTH="221" HEIGHT="20" WC="0.90" CONTENT="Ekonomiutskottets"/><SP WIDTH="25" VPOS="1108" HPOS="430"/>
							<String ID="string_190" HPOS="455" VPOS="1108" WIDTH="303" HEIGHT="26" WC="0.58" CONTENT="sammanjemkningsförslag"/><SP WIDTH="25" VPOS="1108" HPOS="758"/>
							<String ID="string_191" HPOS="783" VPOS="1108" WIDTH="48" HEIGHT="19" WC="0.93" CONTENT="med"/><SP WIDTH="26" VPOS="1108" HPOS="831"/>
							<String ID="string_192" HPOS="857" VPOS="1108" WIDTH="115" HEIGHT="26" WC="0.95" CONTENT="anledning"/>
						</TextLine>
						<TextLine ID="line_28" HPOS="209" VPOS="1141" WIDTH="761" HEIGHT="27">
							<String ID="string_193" HPOS="209" VPOS="1143" WIDTH="23" HEIGHT="18" WC="0.96" CONTENT="af"/><SP WIDTH="13" VPOS="1143" HPOS="232"/>
							<String ID="string_194" HPOS="245" VPOS="1143" WIDTH="28" HEIGHT="19" WC="0.96" CONTENT="de"/><SP WIDTH="15" VPOS="1143" HPOS="273"/>
							<String ID="string_195" HPOS="288" VPOS="1143" WIDTH="57" HEIGHT="19" WC="0.96" CONTENT="olika"/><SP WIDTH="15" VPOS="1143" HPOS="345"/>
							<String ID="string_196" HPOS="360" VPOS="1143" WIDTH="76" HEIGHT="22" WC="0.93" CONTENT="beslut,"/><SP WIDTH="16" VPOS="1143" HPOS="436"/>
							<String ID="string_197" HPOS="452" VPOS="1143" WIDTH="60" HEIGHT="18" WC="0.93" CONTENT="hvari"/><SP WIDTH="18" VPOS="1143" HPOS="512"/>
							<String ID="string_198" HPOS="530" VPOS="1141" WIDTH="95" HEIGHT="21" WC="0.92" CONTENT="Ständen"/><SP WIDTH="23" VPOS="1141" HPOS="625"/>
							<String ID="string_199" HPOS="648" VPOS="1144" WIDTH="85" HEIGHT="17" WC="0.96" CONTENT="stannat"/><SP WIDTH="22" VPOS="1144" HPOS="733"/>
							<String ID="string_200" HPOS="755" VPOS="1142" WIDTH="35" HEIGHT="19" WC="0.96" CONTENT="vid"/><SP WIDTH="24" VPOS="1142" HPOS="790"/>
							<String ID="string_201" HPOS="814" VPOS="1142" WIDTH="156" HEIGHT="26" WC="0.96" CONTENT="behandlingen"/>
						</TextLine>
						<TextLine ID="line_29" HPOS="210" VPOS="1175" WIDTH="761" HEIGHT="28">
							<String ID="string_202" HPOS="210" VPOS="1177" WIDTH="23" HEIGHT="19" WC="0.96" CONTENT="af"/><SP WIDTH="14" VPOS="1177" HPOS="233"/>
							<String ID="string_203" HPOS="247" VPOS="1177" WIDTH="93" HEIGHT="19" WC="0.93" CONTENT="nämnda"/><SP WIDTH="15" VPOS="1177" HPOS="340"/>
							<String ID="string_204" HPOS="355" VPOS="1177" WIDTH="93" HEIGHT="19" WC="0.92" CONTENT="utskotts"/><SP WIDTH="16" VPOS="1177" HPOS="448"/>
							<String ID="string_205" HPOS="464" VPOS="1177" WIDTH="135" HEIGHT="19" WC="0.92" CONTENT="betänkande"/><SP WIDTH="16" VPOS="1177" HPOS="599"/>
							<String ID="string_206" HPOS="615" VPOS="1177" WIDTH="6" HEIGHT="19" WC="0.93" CONTENT="i"/><SP WIDTH="16" VPOS="1177" HPOS="621"/>
							<String ID="string_207" HPOS="637" VPOS="1177" WIDTH="115" HEIGHT="25" WC="0.91" CONTENT="anledning"/><SP WIDTH="22" VPOS="1177" HPOS="752"/>
							<String ID="string_208" HPOS="774" VPOS="1177" WIDTH="23" HEIGHT="18" WC="0.93" CONTENT="af"/><SP WIDTH="20" VPOS="1177" HPOS="797"/>
							<String ID="string_209" HPOS="817" VPOS="1175" WIDTH="84" HEIGHT="27" WC="0.92" CONTENT="Nädiga"/><SP WIDTH="22" VPOS="1175" HPOS="901"/>
							<String ID="string_210" HPOS="923" VPOS="1183" WIDTH="48" HEIGHT="20" WC="0.91" CONTENT="pro-"/>
						</TextLine>
						<TextLine ID="line_30" HPOS="209" VPOS="1211" WIDTH="476" HEIGHT="26">
							<String ID="string_211" HPOS="209" VPOS="1211" WIDTH="120" HEIGHT="26" WC="0.91" CONTENT="positionen"/><SP WIDTH="15" VPOS="1211" HPOS="329"/>
							<String ID="string_212" HPOS="344" VPOS="1217" WIDTH="35" HEIGHT="14" WC="0.91" CONTENT="om"/><SP WIDTH="15" VPOS="1217" HPOS="379"/>
							<String ID="string_213" HPOS="394" VPOS="1211" WIDTH="100" HEIGHT="26" WC="0.91" CONTENT="flottning"/><SP WIDTH="16" VPOS="1211" HPOS="494"/>
							<String ID="string_214" HPOS="510" VPOS="1212" WIDTH="22" HEIGHT="18" WC="0.93" CONTENT="af"/><SP WIDTH="14" VPOS="1212" HPOS="532"/>
							<String ID="string_215" HPOS="546" VPOS="1211" WIDTH="139" HEIGHT="25" WC="0.92" CONTENT="skogsalster."/>
						</TextLine>
					</TextBlock>
					<TextBlock ID="block_10" HPOS="208" VPOS="1245" WIDTH="764" HEIGHT="128">
						<TextLine ID="line_31" HPOS="278" VPOS="1245" WIDTH="693" HEIGHT="26">
							<String ID="string_216" HPOS="278" VPOS="1245" WIDTH="34" HEIGHT="20" WC="0.70" CONTENT="2:0"/><SP WIDTH="16" VPOS="1245" HPOS="312"/>
							<String ID="string_217" HPOS="328" VPOS="1245" WIDTH="23" HEIGHT="19" WC="0.96" CONTENT="af"/><SP WIDTH="13" VPOS="1245" HPOS="351"/>
							<String ID="string_218" HPOS="364" VPOS="1251" WIDTH="83" HEIGHT="14" WC="0.96" CONTENT="samma"/><SP WIDTH="15" VPOS="1251" HPOS="447"/>
							<String ID="string_219" HPOS="462" VPOS="1245" WIDTH="42" HEIGHT="26" WC="0.95" CONTENT="dag"/><SP WIDTH="15" VPOS="1245" HPOS="504"/>
							<String ID="string_220" HPOS="519" VPOS="1245" WIDTH="7" HEIGHT="19" WC="0.93" CONTENT="i"/><SP WIDTH="16" VPOS="1245" HPOS="526"/>
							<String ID="string_221" HPOS="542" VPOS="1245" WIDTH="115" HEIGHT="26" WC="0.95" CONTENT="anledning"/><SP WIDTH="23" VPOS="1245" HPOS="657"/>
							<String ID="string_222" HPOS="680" VPOS="1245" WIDTH="23" HEIGHT="20" WC="0.91" CONTENT="af"/><SP WIDTH="20" VPOS="1245" HPOS="703"/>
							<String ID="string_223" HPOS="723" VPOS="1245" WIDTH="248" HEIGHT="26" WC="0.91" CONTENT="Bevillningsutskottets"/>
						</TextLine>
						<TextLine ID="line_32" HPOS="208" VPOS="1279" WIDTH="763" HEIGHT="26">
							<String ID="string_224" HPOS="208" VPOS="1279" WIDTH="82" HEIGHT="26" WC="0.96" CONTENT="förslag"/><SP WIDTH="15" VPOS="1279" HPOS="290"/>
							<String ID="string_225" HPOS="305" VPOS="1279" WIDTH="32" HEIGHT="20" WC="0.96" CONTENT="till"/><SP WIDTH="15" VPOS="1279" HPOS="337"/>
							<String ID="string_226" HPOS="352" VPOS="1279" WIDTH="35" HEIGHT="20" WC="0.95" CONTENT="val"/><SP WIDTH="15" VPOS="1279" HPOS="387"/>
							<String ID="string_227" HPOS="402" VPOS="1279" WIDTH="23" HEIGHT="19" WC="0.93" CONTENT="af"/><SP WIDTH="13" VPOS="1279" HPOS="425"/>
							<String ID="string_228" HPOS="438" VPOS="1279" WIDTH="117" HEIGHT="20" WC="0.96" CONTENT="ledamöter"/><SP WIDTH="20" VPOS="1279" HPOS="555"/>
							<String ID="string_229" HPOS="575" VPOS="1280" WIDTH="40" HEIGHT="19" WC="0.93" CONTENT="och"/><SP WIDTH="24" VPOS="1280" HPOS="615"/>
							<String ID="string_230" HPOS="639" VPOS="1280" WIDTH="133" HEIGHT="25" WC="0.96" CONTENT="suppleanter"/><SP WIDTH="15" VPOS="1280" HPOS="772"/>
							<String ID="string_231" HPOS="787" VPOS="1279" WIDTH="6" HEIGHT="19" WC="0.93" CONTENT="i"/><SP WIDTH="16" VPOS="1279" HPOS="793"/>
							<String ID="string_232" HPOS="809" VPOS="1279" WIDTH="101" HEIGHT="20" WC="0.93" CONTENT="förstärkt"/><SP WIDTH="20" VPOS="1279" HPOS="910"/>
							<String ID="string_233" HPOS="930" VPOS="1279" WIDTH="41" HEIGHT="20" WC="0.92" CONTENT="Be-"/>
						</TextLine>
						<TextLine ID="line_33" HPOS="208" VPOS="1313" WIDTH="764" HEIGHT="27">
							<String ID="string_234" HPOS="208" VPOS="1313" WIDTH="187" HEIGHT="26" WC="0.92" CONTENT="villningsutskott"/><SP WIDTH="16" VPOS="1313" HPOS="395"/>
							<String ID="string_235" HPOS="411" VPOS="1314" WIDTH="32" HEIGHT="19" WC="0.93" CONTENT="för"/><SP WIDTH="14" VPOS="1314" HPOS="443"/>
							<String ID="string_236" HPOS="457" VPOS="1314" WIDTH="117" HEIGHT="25" WC="0.92" CONTENT="afgörande"/><SP WIDTH="15" VPOS="1314" HPOS="574"/>
							<String ID="string_237" HPOS="589" VPOS="1314" WIDTH="24" HEIGHT="19" WC="0.96" CONTENT="af"/><SP WIDTH="13" VPOS="1314" HPOS="613"/>
							<String ID="string_238" HPOS="626" VPOS="1320" WIDTH="25" HEIGHT="13" WC="0.93" CONTENT="en"/><SP WIDTH="16" VPOS="1320" HPOS="651"/>
							<String ID="string_239" HPOS="667" VPOS="1314" WIDTH="66" HEIGHT="25" WC="0.93" CONTENT="punkt"/><SP WIDTH="15" VPOS="1314" HPOS="733"/>
							<String ID="string_240" HPOS="748" VPOS="1315" WIDTH="7" HEIGHT="18" WC="0.96" CONTENT="i"/><SP WIDTH="16" VPOS="1315" HPOS="755"/>
							<String ID="string_241" HPOS="771" VPOS="1314" WIDTH="40" HEIGHT="19" WC="0.96" CONTENT="den"/><SP WIDTH="16" VPOS="1314" HPOS="811"/>
							<String ID="string_242" HPOS="827" VPOS="1320" WIDTH="43" HEIGHT="20" WC="0.93" CONTENT="nya"/><SP WIDTH="21" VPOS="1320" HPOS="870"/>
							<String ID="string_243" HPOS="891" VPOS="1314" WIDTH="81" HEIGHT="20" WC="0.92" CONTENT="förord-"/>
						</TextLine>
						<TextLine ID="line_34" HPOS="208" VPOS="1348" WIDTH="424" HEIGHT="25">
							<String ID="string_244" HPOS="208" VPOS="1348" WIDTH="80" HEIGHT="25" WC="0.90" CONTENT="ningen"/><SP WIDTH="17" VPOS="1348" HPOS="288"/>
							<String ID="string_245" HPOS="305" VPOS="1354" WIDTH="34" HEIGHT="13" WC="0.92" CONTENT="om"/><SP WIDTH="16" VPOS="1354" HPOS="339"/>
							<String ID="string_246" HPOS="355" VPOS="1348" WIDTH="277" HEIGHT="25" WC="0.92" CONTENT="stämpelpappersafgiften."/>
						</TextLine>
					</TextBlock>
					<TextBlock ID="block_11" HPOS="207" VPOS="1382" WIDTH="766" HEIGHT="95">
						<TextLine ID="line_35" HPOS="278" VPOS="1382" WIDTH="695" HEIGHT="26">
							<String ID="string_247" HPOS="278" VPOS="1382" WIDTH="34" HEIGHT="19" WC="0.47" CONTENT="3:0"/><SP WIDTH="13" VPOS="1382" HPOS="312"/>
							<String ID="string_248" HPOS="325" VPOS="1382" WIDTH="80" HEIGHT="25" WC="0.92" CONTENT="jemväl"/><SP WIDTH="16" VPOS="1382" HPOS="405"/>
							<String ID="string_249" HPOS="421" VPOS="1383" WIDTH="23" HEIGHT="18" WC="0.96" CONTENT="af"/><SP WIDTH="13" VPOS="1383" HPOS="444"/>
							<String ID="string_250" HPOS="457" VPOS="1389" WIDTH="83" HEIGHT="12" WC="0.96" CONTENT="samma"/><SP WIDTH="21" VPOS="1389" HPOS="540"/>
							<String ID="string_251" HPOS="561" VPOS="1383" WIDTH="48" HEIGHT="25" WC="0.96" CONTENT="dag,"/><SP WIDTH="23" VPOS="1383" HPOS="609"/>
							<String ID="string_252" HPOS="632" VPOS="1389" WIDTH="35" HEIGHT="13" WC="0.93" CONTENT="om"/><SP WIDTH="23" VPOS="1389" HPOS="667"/>
							<String ID="string_253" HPOS="690" VPOS="1382" WIDTH="67" HEIGHT="20" WC="0.95" CONTENT="skedd"/><SP WIDTH="22" VPOS="1382" HPOS="757"/>
							<String ID="string_254" HPOS="779" VPOS="1382" WIDTH="150" HEIGHT="26" WC="0.96" CONTENT="föredragning"/><SP WIDTH="21" VPOS="1382" HPOS="929"/>
							<String ID="string_255" HPOS="950" VPOS="1383" WIDTH="23" HEIGHT="20" WC="0.97" CONTENT="af"/>
						</TextLine>
						<TextLine ID="line_36" HPOS="209" VPOS="1415" WIDTH="762" HEIGHT="27">
							<String ID="string_256" HPOS="209" VPOS="1415" WIDTH="172" HEIGHT="21" WC="0.91" CONTENT="Presteständets"/><SP WIDTH="15" VPOS="1415" HPOS="381"/>
							<String ID="string_257" HPOS="396" VPOS="1417" WIDTH="134" HEIGHT="25" WC="0.92" CONTENT="inbjudning,"/><SP WIDTH="16" VPOS="1417" HPOS="530"/>
							<String ID="string_258" HPOS="546" VPOS="1418" WIDTH="32" HEIGHT="18" WC="0.93" CONTENT="att"/><SP WIDTH="16" VPOS="1418" HPOS="578"/>
							<String ID="string_259" HPOS="594" VPOS="1415" WIDTH="89" HEIGHT="21" WC="0.93" CONTENT="Ständet"/><SP WIDTH="15" VPOS="1415" HPOS="683"/>
							<String ID="string_260" HPOS="698" VPOS="1417" WIDTH="69" HEIGHT="19" WC="0.93" CONTENT="skulle"/><SP WIDTH="24" VPOS="1417" HPOS="767"/>
							<String ID="string_261" HPOS="791" VPOS="1415" WIDTH="55" HEIGHT="21" WC="0.81" CONTENT="afstä"/><SP WIDTH="21" VPOS="1415" HPOS="846"/>
							<String ID="string_262" HPOS="867" VPOS="1415" WIDTH="45" HEIGHT="21" WC="0.96" CONTENT="från"/><SP WIDTH="22" VPOS="1415" HPOS="912"/>
							<String ID="string_263" HPOS="934" VPOS="1418" WIDTH="37" HEIGHT="19" WC="0.96" CONTENT="sitt"/>
						</TextLine>
						<TextLine ID="line_37" HPOS="207" VPOS="1450" WIDTH="763" HEIGHT="27">
							<String ID="string_264" HPOS="207" VPOS="1451" WIDTH="57" HEIGHT="19" WC="0.93" CONTENT="förut"/><SP WIDTH="16" VPOS="1451" HPOS="264"/>
							<String ID="string_265" HPOS="280" VPOS="1451" WIDTH="80" HEIGHT="19" WC="0.96" CONTENT="fattade"/><SP WIDTH="16" VPOS="1451" HPOS="360"/>
							<String ID="string_266" HPOS="376" VPOS="1451" WIDTH="69" HEIGHT="19" WC="0.96" CONTENT="beslut"/><SP WIDTH="14" VPOS="1451" HPOS="445"/>
							<String ID="string_267" HPOS="459" VPOS="1451" WIDTH="8" HEIGHT="19" WC="0.93" CONTENT="i"/><SP WIDTH="16" VPOS="1451" HPOS="467"/>
							<String ID="string_268" HPOS="483" VPOS="1450" WIDTH="75" HEIGHT="27" WC="0.92" CONTENT="frägan"/><SP WIDTH="16" VPOS="1450" HPOS="558"/>
							<String ID="string_269" HPOS="574" VPOS="1457" WIDTH="34" HEIGHT="14" WC="0.93" CONTENT="om"/><SP WIDTH="13" VPOS="1457" HPOS="608"/>
							<String ID="string_270" HPOS="621" VPOS="1451" WIDTH="128" HEIGHT="26" WC="0.92" CONTENT="uppförande"/><SP WIDTH="12" VPOS="1451" HPOS="749"/>
							<String ID="string_271" HPOS="761" VPOS="1451" WIDTH="22" HEIGHT="19" WC="0.96" CONTENT="af"/><SP WIDTH="8" VPOS="1451" HPOS="783"/>
							<String ID="string_272" HPOS="791" VPOS="1452" WIDTH="30" HEIGHT="18" WC="0.92" CONTENT="ett"/><SP WIDTH="11" VPOS="1452" HPOS="821"/>
							<String ID="string_273" HPOS="832" VPOS="1450" WIDTH="138" HEIGHT="21" WC="0.92" CONTENT="Ständerhus."/>
						</TextLine>
					</TextBlock>
				</ComposedBlock>
			</PrintSpace>
		</Page>
	</Layout>
</alto>
