1073 1775
222 126 43 21 924
525 126 91 19 Toukok.
634 126 11 19 9
661 133 20 17 p.

263 190 32 21 On
303 190 96 26 myöskin
408 190 101 26 lausuttu,
517 192 44 20 että
568 190 107 21 tehtäisiin
683 192 89 24 vääryys
779 189 237 28 Uudellekaupungille,

192 218 62 27 jollei
276 219 47 21 sille
345 218 113 27 tarjottaisi
483 224 70 16 samaa
577 221 50 19 etua
649 218 51 21 kuin
722 218 118 22 Raumalle.
873 218 64 27 Kyllä
959 218 58 21 minä

194 248 121 26 puolestani
330 247 64 21 soisin
410 246 230 28 Uudellekaupungille
655 247 128 26 tarjottavan
799 253 71 15 saman
889 253 55 15 avun
965 248 51 20 kuin

195 276 154 26 Raumallekin,
365 277 68 20 mutta
447 276 81 22 taitaisi
544 276 110 21 kuitenkin
670 276 42 21 olla
723 276 68 21 vähän
803 276 139 21 muodotonta
953 276 63 21 tehdä

195 305 130 21 semmoinen
340 305 87 26 tarjous,
443 304 74 22 koskei
533 304 250 27 Uudenkaupunkilaiset
799 304 32 22 ole
847 305 41 21 sitä
902 306 116 25 pyytäneet

195 333 21 27 ja
238 334 62 26 hyvin
315 333 94 21 luultava
425 340 33 18 on,
475 335 43 20 että
533 339 26 15 ne
575 334 56 21 eivät
646 334 121 20 semmoista
782 332 103 26 tarjousta
900 334 53 20 voisi
969 335 50 19 eikä

196 362 86 21 tahtoisi
306 362 91 26 käyttää.
428 362 84 26 Pyydän
533 362 55 21 vielä
603 362 66 21 saada
684 362 117 21 kannattaa
816 362 65 20 äsken
898 362 120 21 tekemääni

197 390 113 22 ehdotusta
326 390 38 21 sillä
387 390 90 27 pienellä
492 390 127 27 lisäyksellä,
634 390 64 26 jonka
715 391 92 25 provasti
819 390 120 22 Johansson
950 390 68 22 siihen

196 420 51 25 teki,
263 421 43 19 että
321 419 105 21 nimittäin
441 419 119 27 pyydetään
576 419 145 21 vähintäin
739 420 10 20 1
767 419 106 26 miljoona.

269 448 83 21 Pastori
367 448 131 21 Vesterlund:
516 448 50 21 Man
582 448 39 21 har
635 448 77 20 anstält
725 448 133 25 jemförelser
869 448 77 20 mellan
958 448 62 20 dessa

197 477 83 20 städers
304 476 94 26 hamnar,
423 482 32 15 om
479 476 72 22 hvilka
573 476 40 21 här
634 476 53 21 varit
710 476 66 27 fråga.
807 476 49 21 Man
879 476 40 21 har
934 477 45 20 icke
995 476 24 21 sä

197 505 84 27 mycket
303 505 88 21 betonat
413 505 146 21 städernas
581 505 115 26 betydelse,
713 511 44 15 som
773 505 46 21 icke
834 504 102 22 fastmera
952 505 68 21 ham-

198 540 108 15 narnas.
336 533 38 21 Att
390 533 132 27 Björneborg
538 533 75 22 hittills
629 534 38 20 har
683 534 74 26 intagit
772 534 66 21 första
853 535 91 19 rummet
955 534 63 20 bland

199 562 61 22 dessa
280 562 78 26 städer,
378 562 33 21 för
429 563 132 21 närvarande
576 562 89 22 innehar
681 563 117 21 detsamma
814 563 39 21 och
868 562 62 21 äfven
946 562 74 22 fortfa-

199 591 65 22 rande
288 591 94 22 kommer
405 593 31 20 att
459 597 50 15 vara
533 591 40 22 den
592 590 117 23 förnämsta
724 591 139 22 hamnstaden
879 592 6 21 i
902 591 118 22 Satakunta

199 620 61 21 torde
276 620 46 21 icke
337 619 72 22 kunna
425 621 111 20 bestridas.
568 620 79 27 Frägar
663 626 48 15 man
727 620 54 21 efter
797 621 90 20 orsaken
902 621 78 20 härtill,
998 620 23 21 sä

199 649 67 21 mäste
288 655 48 14 man
359 649 52 21 söka
435 649 40 21 den
498 649 45 20 dels
566 649 31 21 uti
615 649 142 25 Björneborgs
773 655 122 21 gynsamma
911 649 47 26 läge
973 649 48 21 med

201 677 99 22 afseende
316 677 12 21 å
343 677 175 22 inlandstrafiken
542 677 44 22 dels
605 677 40 22 ock
661 677 47 21 med
724 677 99 22 afseende
839 678 12 20 &
867 678 47 21 dess
931 678 92 26 lyckliga

200 705 211 22 hamnförhällanden
426 713 27 14 m.
470 712 26 15 m.
526 706 48 21 Den
591 706 71 24 mäste,
679 709 49 23 säge
745 706 54 21 hvad
815 713 48 14 man
879 706 43 26 vill,
938 712 38 21 ega
995 706 26 21 de

200 734 136 27 betingelser,
352 740 45 15 som
413 734 62 21 hafva
491 734 56 27 gjort
562 735 41 21 den
618 735 32 21 till
667 741 25 15 en
708 735 65 21 sådan
789 734 73 22 affärs-
873 735 40 20 och
924 734 97 22 handels-

201 764 54 25 stad,
278 769 46 14 som
344 763 42 21 den
408 763 33 20 för
464 763 132 21 närvarande
619 765 30 19 är.
679 764 36 21 Att
736 769 25 16 en
782 764 65 21 sädan
863 764 159 26 preponderans

201 792 67 21 mäste
291 791 136 22 tillerkännas
448 791 131 28 Björneborg
601 791 89 22 framom
713 792 82 21 Raumo
811 792 39 21 och
865 792 82 26 Nystad
962 792 62 21 torde

201 820 61 21 äfven
285 819 82 28 framgå
388 820 23 21 af
431 820 125 21 ständernas
581 820 33 22 vid
637 823 84 19 senaste
739 821 102 27 landtdag
852 821 86 27 fattade
954 821 70 21 beslut

203 855 33 15 om
250 849 111 26 byggande
377 849 22 21 af
413 855 25 15 en
452 849 89 27 jernväg
557 849 31 22 till
604 849 147 21 förstnämnda
766 849 54 21 stad.
848 850 30 20 Ar
893 855 29 15 nu
937 849 87 27 Björne-

201 878 53 26 borg
277 877 22 21 af
319 877 62 21 dessa
399 879 32 19 tre
447 879 72 19 städer
534 878 40 21 den
589 878 122 24 förnämsta,
727 878 24 21 sä
765 877 68 22 mäste
849 878 40 20 den
906 879 64 20 ocksä
986 884 39 20 ega

203 906 36 20 det
260 907 79 19 största
361 906 192 21 handelsomrädet.
584 906 81 22 Genom
689 906 38 21 den
742 906 94 27 jernväg,
852 912 44 15 som
912 913 29 14 nu
956 906 70 21 häller

202 934 28 27 pä
245 936 31 19 att
291 934 79 27 byggas
385 934 32 21 till
432 934 137 27 Björneborg,
587 934 53 22 skall
657 934 39 21 den
712 935 65 21 ocksä
793 934 131 22 fortfarande
939 935 85 21 komma

203 965 32 19 att
256 963 110 21 dominera
385 962 59 21 detta
459 963 37 21 sitt
510 963 183 21 handelsomräde.
724 963 85 21 Blickar
825 970 47 14 man
888 964 28 26 pä
930 964 40 20 den
985 964 40 20 här

203 990 143 27 föreliggande
360 991 176 27 jernvägskartan
553 992 39 20 och
607 991 68 21 håller
690 992 31 26 sig
737 992 32 20 till
787 992 41 21 den
839 992 128 26 erfarenhet,
979 998 46 15 som

203 1019 109 27 angäende
328 1019 89 21 trafiken
433 1020 35 21 vid
482 1020 113 26 jernvägar
610 1020 5 20 i
632 1020 114 21 allmänhet
761 1020 91 26 vunnits,
867 1020 24 21 sä
906 1022 62 24 utgör
984 1020 39 20 den

204 1054 46 19 zon,
273 1054 45 15 som
342 1048 96 26 betjenar
461 1048 31 26 sig
515 1048 23 20 af
551 1048 94 27 jernväg,
661 1055 26 14 en
701 1049 68 21 bredd
785 1048 22 22 af
821 1048 97 27 omkring
932 1049 35 21 tvä
982 1049 44 25 mil,

205 1078 15 19 t.
237 1082 18 14 0.
271 1082 28 15 m.
315 1082 64 20 mera,
395 1076 27 26 pä
437 1076 105 22 hvardera
557 1076 61 22 sidan
633 1083 34 14 om
681 1076 122 28 jernvägen.
834 1076 127 28 Uppdrager
977 1083 47 15 man

204 1111 29 15 nu
256 1104 108 26 längsmed
387 1100 157 31 Toijala-Äbo
568 1105 69 21 banan
657 1105 39 21 och
711 1104 315 28 Tammerfors—Bjorneborgs

205 1134 70 20 banan
298 1140 26 14 en
347 1133 65 21 sådan
436 1140 46 20 zon,
507 1134 23 21 sä
553 1134 94 21 kommer
671 1140 48 15 man
742 1134 55 29 ända
812 1134 33 21 till
860 1134 113 27 Pyhäjärvi
988 1134 38 26 sjö.

205 1162 68 21 Dessa
295 1168 65 14 zoner
381 1162 60 21 skola
456 1162 97 27 begagna
569 1163 31 26 sig
615 1162 23 20 af
651 1163 99 26 antingen
766 1162 117 22 Abobanan
900 1162 52 22 eller
968 1162 60 27 Björ-

206 1191 167 26 neborgsbanan,
395 1191 55 21 hvad
469 1191 191 27 jernvägstrafiken
676 1191 137 22 vidkommer.
843 1191 121 22 Fortsätter
978 1198 49 15 man

205 1219 46 21 frän
266 1219 113 26 Pyhäjärvi
395 1219 30 26 sjö
441 1220 73 21 utmed
530 1220 71 21 Kumo
617 1219 29 22 elf
661 1226 80 15 samma
755 1221 108 20 zonbredd
880 1221 47 20 utät
943 1221 83 25 kusten,

206 1248 23 21 sä
254 1253 61 22 synes
338 1247 131 28 Björneborg
489 1248 132 21 fortfarande
636 1248 84 22 komma
735 1251 32 19 att
783 1248 69 22 eröfra
867 1248 23 21 af
904 1249 81 21 Raumo
1002 1255 25 15 en

205 1276 121 26 betydande
342 1276 33 21 del
391 1276 23 21 af
428 1277 47 20 dess
491 1277 152 21 trafikomräde
657 1283 76 20 genom
749 1278 39 21 den
801 1278 94 26 jernväg,
909 1283 45 16 som
965 1277 64 21 söder

207 1311 33 14 om
258 1305 69 20 denna
343 1305 30 21 elf
386 1305 77 26 bygges
479 1305 32 21 till
527 1305 136 26 Björneborg.
683 1306 145 25 Jernvägarne
843 1306 32 21 till
890 1305 82 21 Raumo
989 1306 39 20 och

207 1332 81 27 Nystad
312 1332 84 21 komma
419 1333 81 20 säledes
516 1335 32 19 att
563 1333 71 26 intaga
649 1333 75 21 endast
739 1333 67 21 andra
821 1335 90 19 rummet
926 1334 8 20 i
949 1333 79 21 förhäl-

207 1360 63 21 lande
292 1360 32 21 till
350 1360 212 27 Björneborgsbanan
585 1373 27 3 —
634 1361 89 22 emedan
746 1363 61 20 deras
830 1361 152 22 trafikomräde
997 1363 31 20 in-

208 1388 103 22 skränkes
325 1389 33 21 till
373 1389 111 22 trakterna
500 1390 77 21 mellan
592 1389 111 28 Pyhäjärvi
719 1391 39 20 och
774 1391 76 21 kusten
863 1403 24 3 —
902 1391 26 20 de
944 1390 84 22 komma

207 1420 32 19 att
263 1418 66 21 blifva
351 1418 75 22 endast
448 1418 127 22 lokalbanor
597 1418 34 22 för
653 1419 195 22 tillfredsställande
864 1419 24 22 af
902 1420 40 21 den
958 1419 72 22 lokala

208 1446 97 23 trafiken.
335 1447 34 22 Då
384 1453 29 15 nu
427 1447 24 22 sä
466 1449 23 20 är
505 1448 38 21 och
559 1455 48 14 man
623 1447 68 23 tillika
707 1450 59 25 tager
781 1449 6 21 i
803 1448 141 22 betraktande
960 1449 70 22 denna

208 1476 107 21 landsdels
338 1476 215 27 sjökommunikation
569 1477 158 26 sommartiden,
743 1478 24 21 sä
782 1478 60 21 torde
857 1478 109 26 sydvestra
981 1477 47 22 Fin-
