1089 1773
389 123 92 22 Toukok.
497 125 26 20 23
539 131 20 19 p.
811 124 54 21 1307

72 189 124 22 ainoastaan
218 189 84 27 kassan,
320 190 52 26 joka
391 189 28 22 oli
433 190 100 27 pappilan
547 191 82 20 metsän
645 189 130 26 myymisellä
791 190 103 26 syntynyt,

75 221 67 18 mutta
161 224 72 15 saman
253 219 69 26 pitäisi
345 220 70 19 sattua
430 219 59 26 myös
504 219 113 25 kassoihin,
631 218 61 27 jotka
707 218 64 21 olivat
786 218 110 27 syntyneet

73 246 149 21 seurakunnan
238 246 163 26 kokoamisesta,
414 246 23 26 ja
452 253 23 14 se
490 247 29 20 oli
534 247 36 21 siis
586 247 19 20 ei
621 246 103 21 suinkaan
738 245 158 28 yksipuolisesti

75 275 148 21 seurakunnan
246 275 74 26 puolta
339 275 79 26 pitäen,
433 281 54 14 vaan
502 275 129 21 saadakseen
647 274 73 21 kaikki
735 280 73 15 saman
823 280 73 20 perus-

75 303 78 21 tuksen
168 303 41 20 alle
224 305 131 19 menemään.

143 331 97 22 Provasti
255 331 60 27 Lyra:
330 331 42 22 Det
386 333 24 19 är
423 331 24 26 ju
462 333 58 19 utom
535 331 28 22 all
577 330 67 27 fräga,
656 332 31 20 att
698 331 41 21 den
750 330 146 28 föreliggande

75 361 69 20 säsom
167 359 62 22 äfven
250 360 38 21 den
305 362 48 19 näst
368 359 94 27 följande
478 359 124 28 paragrafen
617 362 38 19 äro
671 359 23 21 af
708 359 114 26 afgörande
837 360 59 26 bety-

76 389 57 21 delse
149 388 33 21 för
197 388 37 22 det
247 388 144 27 föreliggande
405 388 148 27 lagförslagets
568 388 40 21 öde
619 387 69 22 säsom
700 387 39 22 ock
749 389 31 20 att
789 387 108 22 Utskotts-

75 417 145 22 betänkandet
242 417 6 21 i
272 417 68 21 denna
363 417 40 25 del,
426 417 132 26 tillkommet,
579 417 69 21 säsom
670 416 35 21 det
727 418 30 24 är,
780 423 76 20 genom
870 423 26 15 en

76 446 147 26 kompromiss,
239 445 87 22 innebär
341 445 33 22 för
388 445 161 26 presterskapet
562 445 83 27 ganska
659 445 108 26 betydliga
781 445 116 27 uppofirin-

75 480 44 20 gar.
150 474 41 26 Jag
213 474 39 20 har
274 473 62 26 länge
352 473 103 27 öfverlagt
470 474 48 21 med
533 475 43 25 mig
591 473 53 26 sjelf,
660 473 105 22 huruvida
778 473 37 26 jag
828 473 69 22 skulle

75 502 74 21 kunna
170 502 84 21 biträda
276 501 117 22 utskottets
412 501 80 28 förslag
512 502 78 25 häruti,
606 501 40 22 och
661 501 38 22 har
714 501 39 21 allt
767 507 58 16 mera
840 502 57 21 stad-

76 533 47 24 gats
145 531 7 20 i
176 531 41 20 min
241 529 139 28 öfvertygelse
402 531 33 20 att
448 530 36 27 jag
499 530 35 21 det
549 530 46 21 icke
610 531 49 20 kan.
689 529 112 22 Utskottet
816 533 61 24 säger
891 531 7 20 i

77 559 30 21 sin
124 559 126 26 motivering
265 559 78 26 pagina
356 558 28 21 48
399 560 32 20 att
446 559 37 21 det
499 559 51 27 ,har
565 559 47 21 med
627 558 134 27 äberopande
776 558 23 21 af
807 559 14 20 4
831 559 67 26 punk-

77 589 37 19 ten
137 587 6 21 i
166 587 168 26 presterskapets
356 587 121 27 privilegier
496 587 91 22 erinrats
602 589 31 19 att
649 587 26 21 de
689 587 35 21 vid
739 587 123 27 försäljning
877 586 23 22 af

78 615 53 27 skog
145 615 47 22 frän
208 616 106 27 prestbols
330 615 60 22 mark
405 615 114 27 inflytande
534 615 83 22 medlen
630 615 75 22 främst
714 615 67 22 borde
791 616 108 21 användas

77 644 34 21 till
131 644 131 22 betäckande
284 644 24 21 af
328 644 170 27 presterskapets
518 645 75 26 bidrag
608 645 5 20 i
629 643 167 22 boställskassan
813 644 38 21 och
866 645 33 20 för

77 673 163 27 församlingens
262 673 90 27 räkning
366 673 56 21 blott
436 673 24 22 sä
475 673 88 27 mycket,
579 679 45 16 som
639 673 134 21 motsvarade
789 673 73 22 värdet
877 672 23 22 af

79 702 36 21 det
132 702 66 26 virke,
214 702 81 21 hvilket
309 702 151 26 församlingen
475 702 60 26 eljest
549 702 40 21 fätt
603 704 52 19 utan
672 702 116 26 ersättning
802 702 98 26 begagna

77 731 36 21 vid
139 730 268 28 byggnadsskyldighetens
427 730 140 28 fullgörande.
601 730 82 26 Dock*,
706 732 61 25 säger
789 731 110 25 utskottet,

80 759 53 25 vhar
155 759 169 27 propositionens
345 759 135 27 bestämning
502 760 81 21 ansetts
605 759 72 21 kunna
699 759 129 26 godkännas,
844 758 56 22 blott

79 788 103 26 tillbörlig
197 788 79 26 hänsyn
292 787 73 21 härtill
381 789 59 25 toges
457 788 33 20 vid
501 787 157 22 fastställandet
668 786 23 22 af
699 786 143 22 förhållandet
850 788 50 20 mel-

79 816 34 21 lan
137 815 169 27 presterskapets
329 816 39 21 och
390 816 161 27 församlingens
570 816 75 26 bidrag
665 816 32 20 till
713 816 187 21 boställskassan*.

79 844 72 27 Några
172 844 23 21 af
216 844 26 21 de
262 844 128 27 föregående
405 844 96 22 talarena
515 844 63 22 hafva
592 844 65 22 också
671 844 92 27 påpekat
779 844 57 21 detta
851 844 49 21 med

78 872 155 23 framhällande
257 875 32 19 att
311 873 89 22 faktiskt
425 872 64 23 också
513 873 32 22 till
570 880 26 14 en
620 872 75 27 början
724 872 81 27 hänsyn
829 872 73 22 härtill

79 902 68 22 skulle
176 901 64 22 hafva
269 903 64 26 tagits
362 903 35 20 vid
421 901 157 22 fastställandet
602 901 23 22 af
647 902 152 26 proportionen
822 902 78 21 mellan

79 931 162 26 församlingens
264 931 39 20 och
326 931 169 27 presterskapets
519 931 75 26 bidrag
609 930 32 21 till
656 930 173 21 boställskassan.
859 931 42 20 För

81 960 42 27 mig
145 961 33 20 ter
200 960 32 27 sig
254 959 66 22 saken
341 960 47 21 icke
409 959 50 22 fullt
478 960 29 21 så.
537 959 41 27 Jag
593 960 76 20 tänker
684 959 71 21 hvilka
770 958 131 28 svårigheter

80 989 63 21 dessa
157 988 185 27 byggnadskassor
357 989 83 21 komme
456 990 32 19 att
497 987 102 25 medföra,
610 987 85 22 hvilken
705 989 65 25 tunga
781 987 26 21 de
817 988 83 21 komme

80 1019 33 19 att
135 1017 66 21 blifva
223 1017 33 21 för
271 1017 90 26 mången
376 1019 64 25 prest,
456 1017 100 21 särskildt
570 1014 35 23 vid
620 1017 60 26 svagt
695 1016 80 21 aflönta
790 1016 112 27 presttjen-

80 1048 51 23 ster,
155 1045 38 22 och
216 1051 62 16 anser
301 1047 38 24 att,
363 1052 33 15 om
417 1046 149 26 proportionen
581 1045 108 26 verkligen
704 1045 55 21 skall
773 1045 86 21 baseras
874 1045 28 26 på

80 1074 90 21 faktiskt
184 1073 129 27 förefintliga
327 1074 154 25 förhållanden,
497 1075 46 23 den,
559 1074 69 21 såsom
644 1073 65 22 redan
725 1074 64 21 ocksä
803 1073 39 22 har
854 1073 47 22 blif-

80 1103 30 20 vit
133 1102 119 27 medgifvet,
275 1103 98 21 kommer
394 1105 32 19 att
448 1103 62 20 ställa
529 1103 32 26 sig
575 1101 45 22 helt
635 1102 138 21 annorlunda.
803 1102 41 25 Jag
859 1103 42 20 kan

80 1131 47 21 icke
142 1137 51 15 anse
202 1131 42 21 det
259 1133 71 24 annat,
346 1133 27 19 än
388 1131 48 21 med
452 1131 96 26 billighet
558 1130 49 21 fullt
623 1129 236 28 öfverensstämmande,
870 1132 32 19 att

81 1159 36 22 vid
136 1159 110 22 bildandet
261 1159 23 22 af
298 1159 166 22 boställskassan
480 1160 26 20 de
521 1159 75 26 medel,
613 1165 44 15 som
673 1159 139 26 hopbringats
826 1165 76 21 genom

80 1188 125 27 försäljning
227 1187 23 22 af
263 1188 111 21 boställets
390 1188 60 27 skog,
466 1188 65 21 mätte
547 1187 168 26 tillgodoräknas
729 1189 96 25 prestens
840 1187 63 22 andel

80 1217 35 20 vid
138 1217 99 22 bildande
261 1217 23 21 af
304 1216 173 23 boställskassan.
507 1217 46 21 Den
574 1215 33 22 fär
630 1215 132 22 fördenskull
781 1216 46 21 icke
842 1218 60 25 tagas

81 1246 135 21 summariter
231 1245 55 22 blott
301 1245 33 22 till
344 1245 100 22 bildande
454 1246 23 20 af
483 1245 69 21 denna
561 1245 70 26 kassa,
639 1247 51 19 utan
701 1245 39 20 bör
750 1244 65 22 skildt
825 1245 78 21 räknas

81 1273 239 22 boställsinnehafvaren
335 1274 33 21 till
382 1274 62 27 godo,
454 1280 44 15 som
506 1273 84 27 jemlikt
603 1273 122 27 privilegier
734 1273 39 21 har
783 1275 32 19 att
824 1273 79 22 uteslu-

82 1303 64 21 tande
168 1302 158 27 tillgodoräkna
348 1303 31 26 sig
400 1303 123 21 intraderna
538 1302 47 21 frän
600 1302 106 25 bostället,
722 1302 69 22 säsom
807 1302 40 21 han
864 1301 40 22 ock

81 1337 72 15 ensam
175 1332 27 20 är
224 1331 98 27 ansvarig
344 1330 33 22 för
392 1331 42 21 alla
448 1330 46 22 frän
511 1331 116 21 detsamma
641 1330 104 27 utgäende
761 1336 71 16 onera.
861 1330 43 21 Det

82 1361 26 19 är
129 1359 47 21 icke
191 1360 33 20 för
246 1362 32 18 att
292 1359 96 21 försvåra
402 1359 128 27 antagandet
545 1358 22 22 af
581 1358 60 21 detta
656 1358 120 27 lagförslag,
789 1358 37 27 jag
841 1358 63 21 fram-

85 1387 61 21 hållit
161 1388 69 24 detta;
246 1388 36 20 det
297 1389 24 18 är
336 1388 88 20 emedan
437 1387 37 26 jag
489 1393 61 15 anser
567 1386 40 22 den
622 1386 23 21 af
657 1388 43 25 mig
715 1386 126 22 framhällna
856 1393 48 20 syn-

85 1415 68 26 punkt
168 1420 51 16 vara
234 1415 54 21 bäde
304 1415 59 26 billig
378 1415 38 21 och
432 1414 23 21 af
469 1415 40 20 den
525 1414 108 27 praktiska
649 1415 49 25 vigt,
714 1416 32 19 att
758 1414 37 26 jag
805 1415 46 20 icke
862 1415 43 20 kan

85 1445 64 19 annat
159 1442 57 22 finna
226 1444 26 20 än
271 1444 33 20 att
314 1443 36 21 det
361 1442 65 22 borde
437 1444 52 20 röna
496 1442 93 22 medhåll
597 1442 38 21 hos
643 1442 49 21 hela
702 1444 202 25 representationen.

83 1472 43 27 Jag
145 1472 64 27 yrkar
228 1472 81 22 säledes
325 1471 27 27 pä
367 1474 31 19 att
414 1471 39 21 den
470 1471 98 25 inkomst,
583 1477 46 15 som
644 1470 32 22 fäs
691 1476 75 21 genom
781 1470 124 28 försäljning
