1086 1725
396 120 91 20 Toukok.
503 121 27 19 22
545 128 19 18 p.
807 120 55 21 1263

144 185 32 21 4:0
199 184 39 22 har
260 185 104 27 invändts,
380 187 32 20 att
427 186 7 20 i
448 186 47 21 vårt
510 186 49 21 land
574 185 68 22 finnas
658 186 21 21 få
694 185 109 28 praktiska
818 184 74 22 affärs-

74 215 55 24 män,
152 220 44 14 som
219 220 50 14 vore
290 214 27 26 på
333 220 25 14 en
372 214 56 27 gång
442 215 102 26 skickliga
560 214 38 22 och
614 214 68 22 tillika
696 214 71 26 villiga
783 216 31 19 att
828 214 63 26 åtaga

73 242 32 26 sig
121 242 58 21 detta
193 241 51 21 värf.
260 242 33 21 Då
308 242 74 26 frågan
398 242 33 21 för
445 245 32 18 tre
493 243 65 27 dagar
574 242 66 22 sedan
650 243 94 21 förevari
756 242 54 21 detta
824 242 67 25 stånd,

76 269 100 22 framhöll
198 270 107 26 professor
327 270 108 25 Forsman,
453 271 100 20 hurusom
577 270 25 21 de
620 270 62 21 flesta
696 270 113 21 affärsmän
824 271 7 20 i
846 270 46 21 vårt

74 297 50 22 land
138 297 66 23 måste
219 300 49 19 röra
284 299 32 26 sig
331 299 48 20 med
394 299 73 21 lånadt
482 299 86 26 kapital,
584 298 86 21 hvarför
685 299 25 20 de
724 301 37 18 äro
777 299 69 20 starkt
861 298 31 21 in-

73 326 120 21 tresserade
209 325 22 22 af
245 328 155 20 räntesatserna
415 327 39 21 och
469 326 82 22 således
566 327 115 26 ingalunda
696 327 91 26 ojäfviga
802 328 32 19 att
848 326 44 21 del-

74 356 50 25 taga
144 355 34 20 vid
193 355 168 21 bestämmandet
376 355 23 21 af
413 355 113 22 desamma.
541 355 39 21 Om
595 355 95 26 verkliga
705 355 112 22 affärsmän
832 354 61 21 skola

75 383 84 27 deltaga
174 384 7 21 i
196 383 112 27 ledningen
323 384 24 21 af
360 384 100 21 Finlands
475 384 66 25 Bank,
556 384 24 21 så
594 384 54 21 böra
663 384 26 21 de
698 383 133 28 naturligtvis
841 389 51 16 vara

74 412 128 27 fullkomligt
225 412 119 21 oberoende
366 419 106 20 personer,
493 413 138 21 hvarförntan
647 413 26 20 de
687 413 67 21 måste
770 418 38 21 ega
824 412 69 21 denna

75 441 65 26 insigt
162 441 6 21 i
184 440 123 22 affärslifvet
323 442 39 21 och
377 441 164 27 bankväsendet,
557 447 45 16 som
616 441 24 26 ju
655 443 63 25 utgör
732 441 40 21 den
789 441 105 26 egentliga

75 470 131 26 betingelsen
222 469 33 21 för
270 470 62 22 deras
347 470 125 27 inväljande.
504 470 46 22 Men
567 475 33 16 om
616 476 49 15 man
680 470 81 21 beslöte
776 469 31 27 sig
822 469 33 21 för
866 469 27 21 12

75 498 197 27 bankfullmäktige,
288 499 23 20 så
327 499 67 22 skulle
410 505 47 16 man
473 499 52 21 råka
540 499 6 21 i
562 498 84 27 mycket
660 500 45 20 stor
719 498 139 27 förlägenhet,
867 498 27 21 då

75 527 56 21 valet
147 527 22 21 af
183 527 61 21 dessa
259 527 40 21 tolf
313 527 137 22 medlemmar
465 528 67 21 skulle
546 527 132 22 verkställas.
701 527 30 26 Ty
746 527 148 26 borgarestån-

75 556 43 26 det,
142 556 30 21 dit
187 555 110 22 blickarna
311 556 119 27 naturligen
445 556 73 26 riktas,
534 556 39 21 har
588 555 76 23 hittills
679 556 46 21 icke
741 556 81 26 lyckats
837 556 57 20 inom

76 584 32 26 sig
126 584 57 22 finna
199 590 26 15 en
239 585 54 20 enda
309 585 64 21 sådan
389 584 119 25 affärsman,
525 586 50 20 utan
592 584 89 27 nödgats
696 586 50 24 taga
761 585 31 21 sin
808 583 86 27 tillflykt

77 612 32 21 till
132 612 62 22 Ridd.
219 619 19 15 o.
259 613 74 26 Adeln,
353 614 38 20 der
406 614 41 20 den
463 613 61 21 sökta
539 612 153 23 affärsmannen
708 613 64 21 likväl
787 612 47 22 icke
847 612 48 21 fun-

75 642 49 20 nits.
154 641 49 21 Men
226 643 32 19 att
281 641 55 21 fatta
358 642 76 26 beslut,
457 647 45 16 som
525 642 45 21 icke
594 641 73 21 kunna
682 642 47 20 med
744 641 69 27 någon
828 641 66 26 utsigt

75 670 34 21 till
125 669 110 28 framgång
250 670 131 25 verkställas,
397 670 42 22 kan
455 670 46 21 icke
516 671 188 21 rekommenderas.

146 698 70 22 Skälet
240 700 23 20 3:
292 698 119 28 Tillökning
433 700 7 20 i
461 698 199 27 bankfullmäktiges
682 699 65 26 antal,
770 698 28 27 på
814 698 35 21 det
864 700 31 19 att

75 727 85 22 banken
176 727 34 22 mä
225 728 51 26 fylla
291 728 30 20 sin
338 728 89 27 uppgift,
443 728 26 20 dä
477 727 235 22 affärsverksamhetens
720 727 120 27 betydande
852 726 42 22 till-

76 758 50 19 växt
147 756 122 21 framkallat
285 756 97 27 stegrade
403 757 91 26 anspråk
509 756 27 26 pä
550 756 102 22 Finlands
667 756 70 21 Banks
752 756 96 26 förmåga
863 757 31 19 att

77 784 53 27 fylla
152 784 69 22 denna
242 784 89 27 uppgift.
361 784 66 22 Afven
451 785 7 21 i
481 785 58 21 detta
554 784 46 22 skäl
616 784 66 27 ligger
697 787 30 19 ett
742 785 52 20 visst
809 784 86 21 berätti-

75 814 74 25 gande,
172 820 46 14 men
241 815 44 19 mot
308 814 116 20 detsamma
445 813 101 22 invändes
568 813 48 21 med
634 814 60 24 rätta,
710 814 32 20 att
756 812 86 22 Banken
858 818 35 15 en-

76 842 37 25 ligt
135 841 172 22 bankutskottets
330 848 52 19 egen
402 842 117 26 högtidliga
539 841 110 22 försäkran
666 842 46 25 fyllt
728 842 68 19 denna
812 841 82 26 uppgift

76 870 67 21 under
166 872 82 19 senaste
271 871 119 24 triennium,
412 870 68 21 ehuru
502 870 80 21 antalet
605 869 191 26 bankfullmäktige
815 869 80 26 utgjort

75 899 73 20 endast
163 898 52 26 fyra.

145 926 71 22 Skälet
230 927 25 20 4:
285 927 37 20 Att
340 926 171 27 bankstyrelsens
528 926 92 27 hållning
635 925 39 22 och
689 926 70 21 beslut
774 925 34 22 må
823 926 72 20 kunna

75 955 83 26 åtnjuta
173 955 102 26 tillbörlig
289 955 117 21 auktoritet
422 955 55 20 inom
493 954 155 22 affärsverlden.
670 954 102 21 Häremot
787 953 106 27 invändes,

76 986 33 18 att
131 983 142 22 auktoriteten
296 983 47 22 icke
358 984 62 21 beror
435 983 27 26 på
477 983 137 26 qvantiteten,
631 983 19 20 d.
666 989 18 14 v.
700 989 17 15 s.
732 983 46 21 icke
794 982 27 27 på
834 984 60 19 anta-

79 1012 36 26 let,
138 1014 50 19 utan
213 1012 27 27 på
255 1013 121 26 gvaliteten,
392 1012 19 21 d.
427 1017 19 15 v.
462 1018 16 15 s.
494 1012 27 26 pä
536 1011 199 27 bankfullmäktiges
743 1010 150 26 beskaffenhet,

76 1041 108 21 äfvensom
207 1043 32 19 att
261 1041 36 22 det
319 1041 67 21 finnes
407 1041 62 27 ingen
491 1040 116 21 auktoritet
629 1040 23 21 sä
668 1040 47 27 hög,
730 1046 45 15 som
790 1039 46 27 icke
852 1040 41 21 kan

77 1070 75 27 dragas
167 1069 41 22 ned
223 1070 6 21 i
245 1072 93 19 smutsen
354 1069 23 22 af
390 1069 198 22 skandalskrifvare.

147 1097 69 22 Skälet
233 1100 18 25 5,
268 1099 36 20 det
319 1098 57 26 sista,
392 1098 73 26 lydde:
481 1098 38 21 Att
535 1097 60 22 äfven
606 1097 178 27 omständigheter
795 1096 23 22 af
824 1103 69 14 annan

76 1128 64 20 natur
155 1126 33 22 för
203 1127 131 21 närvarande
349 1127 42 21 tala
406 1126 32 21 för
454 1133 26 14 en
495 1125 149 27 förstärkning,
656 1125 72 22 hvilka
738 1125 156 27 omständighe-

76 1159 33 17 ter
125 1155 60 22 äfven
200 1155 23 21 af
237 1156 161 26 deputationens
413 1155 127 21 ordförande
554 1154 122 27 ytterligare
692 1154 123 22 betonades.
852 1154 42 20 Det

76 1184 83 22 fordras
181 1185 6 20 i
211 1185 88 26 sanning
319 1191 26 14 en
361 1184 40 26 hög
415 1184 52 27 grad
483 1184 23 20 af
519 1183 89 21 naivitet
623 1183 33 21 för
671 1185 31 19 att
717 1185 39 24 tro,
772 1185 31 19 att
818 1188 34 16 om
868 1188 26 15 en

78 1212 80 27 verklig
180 1213 47 21 fara
247 1213 46 21 från
318 1214 36 20 det
375 1212 93 27 antydda
489 1212 66 20 hållet
576 1211 68 21 skulle
666 1211 83 27 uppstå,
765 1212 69 20 denna
848 1210 46 22 fara

77 1241 68 21 skulle
160 1241 72 21 kunna
247 1241 102 21 afvändas
363 1246 75 22 genom
454 1242 31 18 ett
499 1240 47 27 plus
561 1240 23 21 af
598 1240 12 20 8
626 1240 195 26 bankfullmäktige.
852 1239 42 21 An-

77 1270 71 26 tingen
172 1272 23 19 är
218 1269 59 22 faran
300 1270 46 21 icke
362 1270 81 26 verklig
458 1269 39 21 och
512 1269 7 20 i
534 1268 76 22 sådant
625 1268 37 22 fall
677 1268 99 22 behöfves
792 1268 45 21 icke
853 1268 41 20 till-

77 1298 106 27 ökningen
199 1298 50 21 eller
265 1304 34 16 om
314 1299 59 21 faran
389 1299 24 20 är
428 1297 87 27 verklig,
531 1297 23 21 så
569 1297 41 21 kan
627 1297 40 21 den
683 1297 46 21 icke
743 1302 76 22 genom
831 1299 30 19 ett
872 1296 23 21 så

76 1327 59 27 ringa
150 1326 69 22 medel
234 1327 108 21 afvändas.

145 1356 67 20 Dessa
235 1358 36 18 äro
295 1356 26 20 de
336 1355 158 25 invändningar,
512 1360 51 19 som,
580 1354 69 20 såvidt
662 1354 37 26 jag
714 1357 40 22 vet,
769 1354 65 26 gjorts
850 1355 44 19 mot

76 1383 74 21 skälen
173 1383 33 21 för
230 1384 26 20 12
279 1384 60 20 talet.
368 1383 40 27 Jag
424 1383 39 20 har
478 1382 55 20 velat
550 1382 118 21 framställa
684 1382 47 20 dem
746 1382 24 20 så
785 1381 109 27 objektivt,

77 1417 45 17 som
145 1412 33 22 för
201 1413 43 26 mig
267 1413 52 20 varit
342 1412 87 26 möjligt,
452 1410 33 21 för
507 1412 31 18 att
560 1410 80 21 enhvar
662 1410 34 21 må
711 1410 72 21 kunna
798 1411 97 25 uppväga

77 1441 71 26 hvarje
172 1441 58 21 skäls
253 1441 105 22 särskilda
379 1441 51 26 vigt.
460 1439 9 21 I
485 1439 60 20 detta
567 1439 101 21 afseende
690 1438 41 21 kan
747 1439 60 25 ingen
823 1437 72 27 hjelpa

76 1470 41 20 den
140 1469 73 22 andra.
244 1470 57 21 Hvar
325 1469 38 21 och
378 1475 26 15 en
420 1467 66 22 måste
501 1466 50 27 sjelf
564 1467 58 22 bilda
637 1468 33 25 sig
684 1469 31 19 ett
730 1467 102 21 omdöme.
863 1466 33 22 Då
