1103 1781
236 134 55 20 1412
532 132 92 21 Toukok.
642 133 25 19 25
683 140 20 18 p.

207 205 23 14 se
253 199 43 20 kun
319 200 58 19 tässä
396 199 94 20 niinkuin
506 199 116 21 muissakin
638 198 109 27 säädyissä
762 199 58 20 ottaa
836 197 70 27 paljon
922 197 68 25 aikaa,
1004 197 23 26 ja

207 229 38 24 nyt
268 227 123 28 viimeisellä
413 227 93 21 hetkellä
521 228 148 32 rupeaisimme
683 229 45 19 tätä
743 226 148 27 laajaperäistä
907 226 58 21 asiaa
979 226 48 21 kes-

207 252 157 29 kustelemaan;
387 262 22 15 se
432 262 27 15 on
482 256 91 22 minusta
594 257 63 20 aivan
682 256 144 21 mahdotonta.
856 254 49 22 Niin
920 255 108 21 kernaasti

207 284 52 21 kuin
281 285 73 25 soisin,
377 287 44 19 että
444 287 57 18 tämä
523 285 56 21 koko
602 284 133 22 maallemme
755 284 138 27 tarpeellinen
907 283 22 27 ja
944 283 84 27 hyvästi

208 313 96 22 harkittu
326 314 91 21 rautatie
439 313 57 22 tulisi
515 313 102 27 kuntoon,
632 313 43 22 niin
690 314 56 20 minä
762 319 26 15 en
803 315 39 19 näe
857 312 171 27 pappissäädyllä

209 342 76 21 olevan
305 344 60 25 syytä
388 343 79 26 luopua
482 343 100 21 entisestä
597 341 135 28 päätöksestä
745 342 23 27 ja
783 341 111 22 uudelleen
910 343 58 19 ottaa
983 341 45 21 asia

208 371 109 26 puheeksi.
347 371 48 21 Kun
416 371 115 21 todellinen
555 371 201 21 rautatieharrastus
772 377 27 15 on
816 371 103 21 olemassa
931 370 96 27 jossakin

209 399 190 27 paikkakunnassa,
422 401 44 20 niin
488 399 80 22 niinkin
590 400 71 26 pienet
683 400 82 20 kunnat
786 400 52 20 kuin
858 398 169 27 Uusikaupunki,

208 428 89 26 Rauma,
305 428 50 21 Pori
365 428 103 21 uhraavat
475 429 116 20 verrattain
599 429 73 20 suuria
679 428 91 21 summia
781 428 144 21 saadaksensa
936 427 92 21 sellaiset

209 456 140 22 tutkimukset
370 457 98 26 toimeen,
489 457 72 26 joiden
576 457 75 21 kautta
665 457 81 21 selville
761 457 99 26 saadaan,
875 457 52 21 mitä
942 455 87 22 kustan-

211 485 76 22 nuksia
303 491 26 15 on
345 485 92 22 aikeissa
452 485 74 22 olevan
537 485 66 22 radan
616 485 175 26 rakentamiseen,
800 487 44 19 että
854 485 97 27 myöskin
962 485 67 20 muita

209 513 156 27 asianhaaroja.
391 513 132 22 Minustakin
539 521 22 14 se
578 514 47 22 olisi
638 515 136 25 toivottavaa,
790 516 44 19 että
848 520 27 15 ne
890 515 73 20 suuret
977 513 53 22 kau-

209 543 76 27 pungit
305 543 23 26 ja
350 549 21 15 se
394 543 68 21 vahva
476 543 122 26 maakunta,
610 543 52 26 joka
677 543 93 26 sijaitsee
784 544 72 20 tämän
871 542 157 22 rautatieradan

212 571 117 27 ympärillä,
351 571 86 22 vihdoin
456 572 122 21 viimeinkin
593 572 77 21 heräisi
686 572 63 21 nekin
762 571 166 27 jonkunmoisiin
943 571 86 21 rahalli-

210 601 39 20 siin
272 600 124 22 uhrauksiin
411 601 129 20 saadakseen
555 602 71 19 tämän
641 600 113 21 tutkinnon
768 600 100 21 toimeen.
898 600 32 21 En
944 600 34 21 voi
993 600 36 21 siis

210 629 106 21 äänelläni
338 629 116 20 kannattaa
469 631 45 19 tätä
528 629 113 21 kehotusta
656 629 54 35 enkä
725 629 102 21 kehottaa
841 629 110 21 hallitusta
965 627 64 23 tähän

211 658 72 21 asiaan
299 657 130 22 uhraamaan
443 657 145 27 valtiovaroja.

279 686 97 21 Provasti
398 685 58 27 Lyra:
480 686 42 21 Det
542 686 55 21 lider
619 686 53 21 intet
685 686 78 26 tvifvel,
780 687 30 20 att
825 685 46 22 icke
885 685 145 28 föreliggande

210 714 80 27 förslag
309 715 31 20 att
362 720 75 21 genom
451 714 88 27 jernväg
553 714 74 21 förena
642 709 46 26 Äbo
704 714 40 21 och
759 698 138 48 Helsingfors,
914 715 69 20 säsom
999 720 31 15 re-

211 743 42 21 dan
275 749 24 15 en
323 742 128 27 föregående
474 743 66 21 talare
562 742 122 27 framhållit,
707 743 95 21 kommer
820 745 32 18 att
868 743 55 26 dyka
937 749 44 21 upp
995 743 36 20 vid

212 771 74 27 hvarje
308 771 108 26 landtdag.
446 771 42 21 För
510 772 42 21 min
574 771 34 22 del
630 773 24 19 är
674 771 36 27 jag
725 771 50 26 böjd
790 773 32 20 att
837 771 73 22 förena
925 772 43 25 mig
983 772 48 21 med

211 800 55 26 dem,
288 806 45 15 som
356 800 51 26 vilja
428 800 128 27 tillmötesgå
572 801 39 20 den
626 800 74 27 gjorda
715 801 150 26 inbjudningen
881 800 108 27 angående
1005 807 26 14 en

208 829 153 21 instrumental
383 829 40 20 och
443 829 124 22 ekonomisk
582 829 125 26 besiktning,
724 831 22 24 ty
762 829 36 22 det
813 832 24 19 är
851 829 54 22 blott
920 830 27 26 pä
962 829 69 26 grund

212 857 23 21 af
249 863 26 16 en
290 858 66 21 sädan
371 858 119 26 besiktning
505 859 39 20 och
560 859 25 20 de
601 857 61 22 deraf
675 857 137 28 framgäende
827 858 66 26 fakta,
907 864 44 15 som
963 858 68 21 denna

210 886 62 27 fräga
292 893 25 14 en
333 887 55 26 gäng
403 886 40 21 kan
459 886 21 21 af
496 887 89 20 ständen
600 887 85 21 rättvist
700 886 91 27 afgöras.
821 887 63 21 Emot
899 887 70 21 denna
984 893 47 21 syn-

210 915 70 26 punkt
295 915 39 21 har
349 915 122 26 visserligen
486 915 68 26 gjorts
569 915 173 26 anmärkningar;
758 915 40 22 den
814 922 40 15 ena
869 917 31 20 att
915 916 36 21 det
963 915 68 22 skulle

211 944 67 21 strida
300 946 57 19 emot
379 944 24 21 L.
426 943 25 21 O.
474 946 32 19 att
528 945 66 20 ändra
616 944 69 21 beslut
699 944 28 26 pä
741 945 68 26 grund
824 945 24 20 af
861 950 25 16 en
901 945 130 26 inbjudning,

211 973 41 20 den
271 973 68 20 andra
353 975 33 19 att
401 973 25 20 de
442 974 64 25 orter,
522 979 44 15 som
582 973 45 21 dels
642 972 68 21 skulle
725 973 110 22 förbindas
850 973 45 22 dels
910 974 86 21 beröras
1011 973 22 21 af

210 1001 123 26 jernvägen,
349 1003 36 19 äro
401 1001 110 26 förmögna
526 1007 42 20 nog
582 1004 32 19 att
629 1001 72 27 sjelfva
717 1001 89 22 bekosta
821 1002 160 27 ifrägavarande
995 1008 36 15 un-

211 1029 136 27 dersökning.
368 1030 62 20 Hvad
446 1029 39 21 den
500 1030 67 21 första
582 1030 165 26 anmärkningen
762 1030 137 26 vidkommer,
908 1031 61 20 torde
978 1030 54 21 dock

212 1058 197 27 landtdags-praxis
423 1064 51 15 vara
490 1059 46 26 den,
553 1060 31 19 att
599 1059 35 20 vid
649 1065 26 14 en
690 1058 47 21 från
753 1060 32 19 ett
800 1059 62 21 stånd
877 1059 32 22 till
925 1060 30 20 ett
967 1061 65 19 annat

213 1086 61 22 ständ
296 1087 104 26 ingängen
423 1087 130 26 inbjudning,
576 1087 88 21 hvarvid
686 1087 98 27 vanligen
806 1088 37 21 det
858 1094 73 15 senare
947 1087 86 22 ständet

213 1115 100 22 ombedes
337 1117 31 19 att
389 1118 50 24 taga
458 1115 74 27 frägan
547 1116 67 22 under
629 1116 89 27 förnyad
733 1115 129 28 behandling
878 1117 38 21 och
931 1122 100 21 mognare

212 1144 161 27 Ofvervägande,
389 1145 79 20 sådana
483 1145 156 26 inbjudningar,
655 1145 71 21 hvilka
741 1145 7 21 i
763 1145 95 27 grunden
874 1145 46 22 icke
935 1145 45 22 afse
995 1151 37 15 an-

211 1175 38 18 nat
264 1174 26 19 än
306 1174 32 19 att
353 1173 122 22 underlätta
490 1173 128 22 samarbetet
632 1173 89 22 stånden
736 1174 96 26 emellan,
847 1174 64 21 hafva
925 1174 70 21 blifvit
1009 1173 24 22 af

211 1201 91 22 stånden
317 1201 88 22 bifallna
419 1203 52 20 utan
486 1204 31 19 att
532 1202 76 21 sådant
622 1202 82 21 härtills
719 1204 81 20 ansetts
815 1203 66 21 strida
896 1205 57 19 emot
968 1202 23 21 L.
1006 1203 26 21 O.

213 1230 65 22 Detta
291 1230 41 21 kan
349 1230 53 22 dock
417 1231 83 26 mycket
515 1231 51 21 bero
583 1231 26 27 på
620 1231 76 22 sakens
711 1231 89 21 bärvidd
816 1231 39 21 och
870 1231 55 22 huru
941 1233 51 23 stor,
1009 1232 23 21 så

214 1260 33 19 att
262 1261 57 24 säga,
334 1258 99 22 anhållan
448 1260 7 20 i
470 1259 72 26 hvarje
557 1259 37 21 fall
609 1259 42 21 kan
666 1266 58 15 vara.
747 1260 75 21 Denna
837 1260 55 27 gång
906 1261 89 26 begäres
1008 1261 24 26 ju

213 1287 47 21 icke
282 1287 133 27 synnerligen
437 1288 90 26 mycket,
543 1288 36 21 det
594 1288 94 21 anhålles
703 1289 76 21 endast
794 1294 34 15 om
844 1295 26 15 en
884 1289 148 21 instrumental

213 1316 40 19 och
275 1316 125 20 ekonomisk
422 1316 164 26 undersökning.
615 1316 41 25 Jag
679 1317 59 20 delar
760 1317 122 25 visserligen
905 1318 26 20 de
953 1318 78 20 talares

212 1343 62 26 åsigt,
296 1349 45 15 som
356 1343 63 21 hafva
434 1344 84 26 uttalat,
534 1346 32 18 att
580 1344 46 20 icke
642 1350 88 15 numera
746 1346 30 19 ett
792 1344 126 27 detaljeradt
932 1345 100 21 framhål-

212 1371 63 21 lande
298 1372 23 20 af
341 1372 74 20 skälen
437 1372 33 20 för
493 1372 40 21 och
554 1374 57 18 emot
629 1378 25 14 en
670 1372 66 21 sådan
751 1373 55 21 bana
821 1373 81 27 lämpar
917 1374 32 26 sig
964 1373 68 21 under

214 1400 139 27 landtdagens
371 1401 52 21 sista
439 1402 93 20 stunder.
562 1401 41 26 Jag
618 1400 53 22 fäste
686 1402 43 26 mig
744 1401 54 22 dock
813 1402 41 25 vid,
870 1404 31 20 att
916 1409 26 15 en
957 1402 74 28 talare,

213 1428 41 22 den
275 1429 83 35 första,
365 1429 74 21 rektor
457 1429 164 27 Schwartzberg,
638 1430 72 26 gjorde
725 1431 33 26 sig
772 1418 83 45 skyldig
870 1431 32 21 till
917 1437 26 15 en
957 1420 76 34 inkon-

213 1464 89 20 seqvens
317 1459 7 21 i
339 1458 23 22 så
377 1458 66 22 måtto
459 1460 32 20 att
506 1459 60 22 äfven
582 1459 40 21 han
638 1458 106 26 framhöll,
760 1461 32 20 att
805 1460 49 26 inga
864 1460 46 21 skäl
920 1460 51 22 eller
979 1463 53 19 mot-

213 1486 46 22 skäl
281 1494 28 15 nu
331 1488 34 21 för
385 1487 74 27 sjelfva
474 1488 69 22 banan
558 1488 66 22 borde
639 1488 129 27 framhållas,
784 1495 48 15 men
847 1489 82 21 slutade
944 1490 37 21 sitt
995 1497 36 15 an-
