<?xml version="1.0" encoding="UTF-8"?>
<alto xmlns="http://www.loc.gov/standards/alto/ns-v3#" xmlns:xlink="http://www.w3.org/1999/xlink" xmlns:xsi="http://www.w3.org/2001/XMLSchema-instance" xsi:schemaLocation="http://www.loc.gov/standards/alto/ns-v3# http://www.loc.gov/alto/v3/alto-3-0.xsd">
	<Description>
		<MeasurementUnit>pixel</MeasurementUnit>
		<sourceImageInformation>
			<fileName>/tmp/tess_0gwlrlfj_input.PNG</fileName>
		</sourceImageInformation>
		<OCRProcessing ID="OCR_0">
			<ocrProcessingStep>
				<processingSoftware>
					<softwareName>tesseract 5.3.4</softwareName>
				</processingSoftware>
			</ocrProcessingStep>
		</OCRProcessing>
	</Description>
	<Layout>
		<Page WIDTH="1078" HEIGHT="1775" PHYSICAL_IMG_NR="0" ID="page_0">
			<PrintSpace HPOS="0" VPOS="0" WIDTH="1078" HEIGHT="1775">
				<ComposedBlock ID="cblock_0" HPOS="208" VPOS="120" WIDTH="463" HEIGHT="92">
					<TextBlock ID="block_0" HPOS="208" VPOS="120" WIDTH="463" HEIGHT="92">
						<TextLine ID="line_0" HPOS="208" VPOS="120" WIDTH="463" HEIGHT="26">
							<String ID="string_0" HPOS="208" VPOS="120" WIDTH="54" HEIGHT="22" WC="0.96" CONTENT="1020"/><SP WIDTH="240" VPOS="120" HPOS="262"/>
							<String ID="string_1" HPOS="502" VPOS="121" WIDTH="92" HEIGHT="20" WC="0.92" CONTENT="Toukok."/><SP WIDTH="18" VPOS="121" HPOS="594"/>
							<String ID="string_2" HPOS="612" VPOS="122" WIDTH="22" HEIGHT="19" WC="0.92" CONTENT="11"/><SP WIDTH="17" VPOS="122" HPOS="634"/>
							<String ID="string_3" HPOS="651" VPOS="128" WIDTH="20" HEIGHT="18" WC="0.88" CONTENT="p."/>
						</TextLine>
						<TextLine ID="line_1" HPOS="564" VPOS="187" WIDTH="47" HEIGHT="25">
							<String ID="string_4" HPOS="564" VPOS="187" WIDTH="13" HEIGHT="21" WC="0.84" CONTENT="5"/><SP WIDTH="15" VPOS="187" HPOS="577"/>
							<String ID="string_5" HPOS="592" VPOS="187" WIDTH="19" HEIGHT="25" WC="0.84" CONTENT="8."/>
						</TextLine>
					</TextBlock>
				</ComposedBlock>
				<ComposedBlock ID="cblock_1" HPOS="177" VPOS="242" WIDTH="824" HEIGHT="1256">
					<TextBlock ID="block_1" HPOS="177" VPOS="242" WIDTH="823" HEIGHT="656">
						<TextLine ID="line_2" HPOS="246" VPOS="242" WIDTH="752" HEIGHT="27">
							<String ID="string_6" HPOS="246" VPOS="242" WIDTH="145" HEIGHT="22" WC="0.96" CONTENT="Kirkkoherra"/><SP WIDTH="15" VPOS="242" HPOS="391"/>
							<String ID="string_7" HPOS="406" VPOS="244" WIDTH="159" HEIGHT="21" WC="0.96" CONTENT="Wennerström:"/><SP WIDTH="17" VPOS="244" HPOS="565"/>
							<String ID="string_8" HPOS="582" VPOS="243" WIDTH="42" HEIGHT="21" WC="0.90" CONTENT="När"/><SP WIDTH="10" VPOS="243" HPOS="624"/>
							<String ID="string_9" HPOS="634" VPOS="243" WIDTH="77" HEIGHT="26" WC="0.92" CONTENT="nädiga"/><SP WIDTH="11" VPOS="243" HPOS="711"/>
							<String ID="string_10" HPOS="722" VPOS="243" WIDTH="157" HEIGHT="26" WC="0.93" CONTENT="propositionen"/><SP WIDTH="11" VPOS="243" HPOS="879"/>
							<String ID="string_11" HPOS="890" VPOS="243" WIDTH="108" HEIGHT="26" WC="0.91" CONTENT="angäende"/>
						</TextLine>
						<TextLine ID="line_3" HPOS="182" VPOS="271" WIDTH="817" HEIGHT="27">
							<String ID="string_12" HPOS="182" VPOS="272" WIDTH="204" HEIGHT="26" WC="0.91" CONTENT="stämpelbevillning"/><SP WIDTH="20" VPOS="272" HPOS="386"/>
							<String ID="string_13" HPOS="406" VPOS="272" WIDTH="147" HEIGHT="22" WC="0.96" CONTENT="remitterades"/><SP WIDTH="21" VPOS="272" HPOS="553"/>
							<String ID="string_14" HPOS="574" VPOS="272" WIDTH="31" HEIGHT="21" WC="0.93" CONTENT="till"/><SP WIDTH="16" VPOS="272" HPOS="605"/>
							<String ID="string_15" HPOS="621" VPOS="272" WIDTH="233" HEIGHT="26" WC="0.86" CONTENT="bevillningsutskottet,"/><SP WIDTH="23" VPOS="272" HPOS="854"/>
							<String ID="string_16" HPOS="877" VPOS="271" WIDTH="73" HEIGHT="26" WC="0.96" CONTENT="gjorde"/><SP WIDTH="13" VPOS="271" HPOS="950"/>
							<String ID="string_17" HPOS="963" VPOS="271" WIDTH="36" HEIGHT="27" WC="0.96" CONTENT="jag"/>
						</TextLine>
						<TextLine ID="line_4" HPOS="179" VPOS="299" WIDTH="819" HEIGHT="27">
							<String ID="string_18" HPOS="179" VPOS="300" WIDTH="41" HEIGHT="20" WC="0.92" CONTENT="den"/><SP WIDTH="24" VPOS="300" HPOS="220"/>
							<String ID="string_19" HPOS="244" VPOS="299" WIDTH="106" HEIGHT="27" WC="0.94" CONTENT="anhållan,"/><SP WIDTH="25" VPOS="299" HPOS="350"/>
							<String ID="string_20" HPOS="375" VPOS="301" WIDTH="31" HEIGHT="20" WC="0.93" CONTENT="att"/><SP WIDTH="17" VPOS="301" HPOS="406"/>
							<String ID="string_21" HPOS="423" VPOS="300" WIDTH="30" HEIGHT="21" WC="0.96" CONTENT="uti"/><SP WIDTH="17" VPOS="300" HPOS="453"/>
							<String ID="string_22" HPOS="470" VPOS="300" WIDTH="40" HEIGHT="21" WC="0.93" CONTENT="den"/><SP WIDTH="16" VPOS="300" HPOS="510"/>
							<String ID="string_23" HPOS="526" VPOS="300" WIDTH="105" HEIGHT="22" WC="0.84" CONTENT="blifvande"/><SP WIDTH="15" VPOS="300" HPOS="631"/>
							<String ID="string_24" HPOS="646" VPOS="300" WIDTH="149" HEIGHT="25" WC="0.93" CONTENT="förordningen"/><SP WIDTH="16" VPOS="300" HPOS="795"/>
							<String ID="string_25" HPOS="811" VPOS="300" WIDTH="107" HEIGHT="26" WC="0.90" CONTENT="angäeude"/><SP WIDTH="16" VPOS="300" HPOS="918"/>
							<String ID="string_26" HPOS="934" VPOS="301" WIDTH="64" HEIGHT="20" WC="0.90" CONTENT="stäm-"/>
						</TextLine>
						<TextLine ID="line_5" HPOS="179" VPOS="328" WIDTH="818" HEIGHT="27">
							<String ID="string_27" HPOS="179" VPOS="328" WIDTH="175" HEIGHT="27" WC="0.89" CONTENT="pelbevillningen"/><SP WIDTH="16" VPOS="328" HPOS="354"/>
							<String ID="string_28" HPOS="370" VPOS="329" WIDTH="68" HEIGHT="21" WC="0.93" CONTENT="skulle"/><SP WIDTH="16" VPOS="329" HPOS="438"/>
							<String ID="string_29" HPOS="454" VPOS="329" WIDTH="96" HEIGHT="26" WC="0.91" CONTENT="inryckas"/><SP WIDTH="16" VPOS="329" HPOS="550"/>
							<String ID="string_30" HPOS="566" VPOS="329" WIDTH="7" HEIGHT="20" WC="0.93" CONTENT="i"/><SP WIDTH="15" VPOS="329" HPOS="573"/>
							<String ID="string_31" HPOS="588" VPOS="330" WIDTH="13" HEIGHT="25" WC="0.92" CONTENT="&amp;"/><SP WIDTH="15" VPOS="330" HPOS="601"/>
							<String ID="string_32" HPOS="616" VPOS="329" WIDTH="106" HEIGHT="26" WC="0.79" CONTENT="5,ifräga"/><SP WIDTH="10" VPOS="329" HPOS="722"/>
							<String ID="string_33" HPOS="732" VPOS="335" WIDTH="33" HEIGHT="14" WC="0.93" CONTENT="om"/><SP WIDTH="12" VPOS="335" HPOS="765"/>
							<String ID="string_34" HPOS="777" VPOS="329" WIDTH="168" HEIGHT="26" WC="0.92" CONTENT="lysningssedlar,"/><SP WIDTH="13" VPOS="329" HPOS="945"/>
							<String ID="string_35" HPOS="958" VPOS="328" WIDTH="39" HEIGHT="21" WC="0.97" CONTENT="den"/>
						</TextLine>
						<TextLine ID="line_6" HPOS="177" VPOS="357" WIDTH="821" HEIGHT="22">
							<String ID="string_36" HPOS="177" VPOS="357" WIDTH="162" HEIGHT="21" WC="0.92" CONTENT="bestämmelsen"/><SP WIDTH="23" VPOS="357" HPOS="339"/>
							<String ID="string_37" HPOS="362" VPOS="359" WIDTH="32" HEIGHT="19" WC="0.93" CONTENT="att"/><SP WIDTH="22" VPOS="359" HPOS="394"/>
							<String ID="string_38" HPOS="416" VPOS="357" WIDTH="166" HEIGHT="22" WC="0.92" CONTENT="rusthällareson"/><SP WIDTH="22" VPOS="357" HPOS="582"/>
							<String ID="string_39" HPOS="604" VPOS="357" WIDTH="69" HEIGHT="21" WC="0.93" CONTENT="skulle"/><SP WIDTH="23" VPOS="357" HPOS="673"/>
							<String ID="string_40" HPOS="696" VPOS="357" WIDTH="71" HEIGHT="21" WC="0.92" CONTENT="betala"/><SP WIDTH="24" VPOS="357" HPOS="767"/>
							<String ID="string_41" HPOS="791" VPOS="357" WIDTH="42" HEIGHT="20" WC="0.96" CONTENT="lika"/><SP WIDTH="24" VPOS="357" HPOS="833"/>
							<String ID="string_42" HPOS="857" VPOS="357" WIDTH="46" HEIGHT="20" WC="0.93" CONTENT="med"/><SP WIDTH="16" VPOS="357" HPOS="903"/>
							<String ID="string_43" HPOS="919" VPOS="357" WIDTH="79" HEIGHT="20" WC="0.91" CONTENT="bonde-"/>
						</TextLine>
						<TextLine ID="line_7" HPOS="178" VPOS="385" WIDTH="820" HEIGHT="26">
							<String ID="string_44" HPOS="178" VPOS="392" WIDTH="45" HEIGHT="17" WC="0.96" CONTENT="son,"/><SP WIDTH="17" VPOS="392" HPOS="223"/>
							<String ID="string_45" HPOS="240" VPOS="385" WIDTH="50" HEIGHT="22" WC="0.96" CONTENT="eller"/><SP WIDTH="15" VPOS="385" HPOS="290"/>
							<String ID="string_46" HPOS="305" VPOS="387" WIDTH="31" HEIGHT="19" WC="0.96" CONTENT="att"/><SP WIDTH="16" VPOS="387" HPOS="336"/>
							<String ID="string_47" HPOS="352" VPOS="385" WIDTH="36" HEIGHT="21" WC="0.96" CONTENT="det"/><SP WIDTH="14" VPOS="385" HPOS="388"/>
							<String ID="string_48" HPOS="402" VPOS="385" WIDTH="68" HEIGHT="22" WC="0.93" CONTENT="skulle"/><SP WIDTH="15" VPOS="385" HPOS="470"/>
							<String ID="string_49" HPOS="485" VPOS="386" WIDTH="101" HEIGHT="21" WC="0.96" CONTENT="särskildt"/><SP WIDTH="15" VPOS="386" HPOS="586"/>
							<String ID="string_50" HPOS="601" VPOS="388" WIDTH="128" HEIGHT="23" WC="0.96" CONTENT="omnämnas,"/><SP WIDTH="16" VPOS="388" HPOS="729"/>
							<String ID="string_51" HPOS="745" VPOS="387" WIDTH="31" HEIGHT="20" WC="0.93" CONTENT="att"/><SP WIDTH="15" VPOS="387" HPOS="776"/>
							<String ID="string_52" HPOS="791" VPOS="385" WIDTH="167" HEIGHT="21" WC="0.92" CONTENT="rusthällareson"/><SP WIDTH="16" VPOS="385" HPOS="958"/>
							<String ID="string_53" HPOS="974" VPOS="387" WIDTH="24" HEIGHT="19" WC="0.96" CONTENT="är"/>
						</TextLine>
						<TextLine ID="line_8" HPOS="178" VPOS="414" WIDTH="818" HEIGHT="26">
							<String ID="string_54" HPOS="178" VPOS="415" WIDTH="7" HEIGHT="19" WC="0.96" CONTENT="i"/><SP WIDTH="21" VPOS="415" HPOS="185"/>
							<String ID="string_55" HPOS="206" VPOS="414" WIDTH="58" HEIGHT="21" WC="0.93" CONTENT="detta"/><SP WIDTH="22" VPOS="414" HPOS="264"/>
							<String ID="string_56" HPOS="286" VPOS="414" WIDTH="99" HEIGHT="21" WC="0.96" CONTENT="afseende"/><SP WIDTH="23" VPOS="414" HPOS="385"/>
							<String ID="string_57" HPOS="408" VPOS="414" WIDTH="43" HEIGHT="21" WC="0.89" CONTENT="lika"/><SP WIDTH="23" VPOS="414" HPOS="451"/>
							<String ID="string_58" HPOS="474" VPOS="415" WIDTH="55" HEIGHT="20" WC="0.89" CONTENT="stäld"/><SP WIDTH="22" VPOS="415" HPOS="529"/>
							<String ID="string_59" HPOS="551" VPOS="415" WIDTH="47" HEIGHT="21" WC="0.93" CONTENT="med"/><SP WIDTH="16" VPOS="415" HPOS="598"/>
							<String ID="string_60" HPOS="614" VPOS="414" WIDTH="114" HEIGHT="22" WC="0.82" CONTENT="bondeson,"/><SP WIDTH="17" VPOS="414" HPOS="728"/>
							<String ID="string_61" HPOS="745" VPOS="414" WIDTH="38" HEIGHT="21" WC="0.95" CONTENT="och"/><SP WIDTH="17" VPOS="414" HPOS="783"/>
							<String ID="string_62" HPOS="800" VPOS="415" WIDTH="47" HEIGHT="20" WC="0.93" CONTENT="mitt"/><SP WIDTH="15" VPOS="415" HPOS="847"/>
							<String ID="string_63" HPOS="862" VPOS="414" WIDTH="134" HEIGHT="26" WC="0.91" CONTENT="andragande"/>
						</TextLine>
						<TextLine ID="line_9" HPOS="179" VPOS="442" WIDTH="819" HEIGHT="27">
							<String ID="string_64" HPOS="179" VPOS="442" WIDTH="86" HEIGHT="27" WC="0.94" CONTENT="åtföljde"/><SP WIDTH="16" VPOS="442" HPOS="265"/>
							<String ID="string_65" HPOS="281" VPOS="443" WIDTH="63" HEIGHT="20" WC="0.96" CONTENT="också"/><SP WIDTH="16" VPOS="443" HPOS="344"/>
							<String ID="string_66" HPOS="360" VPOS="443" WIDTH="99" HEIGHT="21" WC="0.96" CONTENT="remissen"/><SP WIDTH="17" VPOS="443" HPOS="459"/>
							<String ID="string_67" HPOS="476" VPOS="443" WIDTH="32" HEIGHT="20" WC="0.93" CONTENT="till"/><SP WIDTH="16" VPOS="443" HPOS="508"/>
							<String ID="string_68" HPOS="524" VPOS="443" WIDTH="235" HEIGHT="26" WC="0.91" CONTENT="bevillningsutskottet."/><SP WIDTH="16" VPOS="443" HPOS="759"/>
							<String ID="string_69" HPOS="775" VPOS="442" WIDTH="73" HEIGHT="21" WC="0.96" CONTENT="Såsom"/><SP WIDTH="12" VPOS="442" HPOS="848"/>
							<String ID="string_70" HPOS="860" VPOS="443" WIDTH="34" HEIGHT="20" WC="0.93" CONTENT="det"/><SP WIDTH="11" VPOS="443" HPOS="894"/>
							<String ID="string_71" HPOS="905" VPOS="442" WIDTH="93" HEIGHT="27" WC="0.96" CONTENT="framgår"/>
						</TextLine>
						<TextLine ID="line_10" HPOS="179" VPOS="471" WIDTH="819" HEIGHT="27">
							<String ID="string_72" HPOS="179" VPOS="471" WIDTH="22" HEIGHT="20" WC="0.95" CONTENT="af"/><SP WIDTH="22" VPOS="471" HPOS="201"/>
							<String ID="string_73" HPOS="223" VPOS="471" WIDTH="114" HEIGHT="21" WC="0.95" CONTENT="utskottets"/><SP WIDTH="23" VPOS="471" HPOS="337"/>
							<String ID="string_74" HPOS="360" VPOS="471" WIDTH="141" HEIGHT="26" WC="0.96" CONTENT="betänkande,"/><SP WIDTH="23" VPOS="471" HPOS="501"/>
							<String ID="string_75" HPOS="524" VPOS="471" WIDTH="64" HEIGHT="27" WC="0.95" CONTENT="ansåg"/><SP WIDTH="22" VPOS="471" HPOS="588"/>
							<String ID="string_76" HPOS="610" VPOS="471" WIDTH="105" HEIGHT="22" WC="0.96" CONTENT="utskottet"/><SP WIDTH="24" VPOS="471" HPOS="715"/>
							<String ID="string_77" HPOS="739" VPOS="472" WIDTH="43" HEIGHT="20" WC="0.96" CONTENT="min"/><SP WIDTH="16" VPOS="472" HPOS="782"/>
							<String ID="string_78" HPOS="798" VPOS="471" WIDTH="139" HEIGHT="26" WC="0.96" CONTENT="anmärkning"/><SP WIDTH="15" VPOS="471" HPOS="937"/>
							<String ID="string_79" HPOS="952" VPOS="471" WIDTH="46" HEIGHT="20" WC="0.96" CONTENT="icke"/>
						</TextLine>
						<TextLine ID="line_11" HPOS="178" VPOS="499" WIDTH="819" HEIGHT="26">
							<String ID="string_80" HPOS="178" VPOS="499" WIDTH="92" HEIGHT="26" WC="0.92" CONTENT="förtjena"/><SP WIDTH="23" VPOS="499" HPOS="270"/>
							<String ID="string_81" HPOS="293" VPOS="499" WIDTH="105" HEIGHT="22" WC="0.95" CONTENT="afseende."/><SP WIDTH="32" VPOS="499" HPOS="398"/>
							<String ID="string_82" HPOS="430" VPOS="499" WIDTH="111" HEIGHT="22" WC="0.95" CONTENT="Utskottet"/><SP WIDTH="15" VPOS="499" HPOS="541"/>
							<String ID="string_83" HPOS="556" VPOS="500" WIDTH="66" HEIGHT="25" WC="0.96" CONTENT="anför,"/><SP WIDTH="16" VPOS="500" HPOS="622"/>
							<String ID="string_84" HPOS="638" VPOS="502" WIDTH="31" HEIGHT="19" WC="0.96" CONTENT="att"/><SP WIDTH="16" VPOS="502" HPOS="669"/>
							<String ID="string_85" HPOS="685" VPOS="500" WIDTH="35" HEIGHT="20" WC="0.96" CONTENT="det"/><SP WIDTH="15" VPOS="500" HPOS="720"/>
							<String ID="string_86" HPOS="735" VPOS="501" WIDTH="24" HEIGHT="19" WC="0.93" CONTENT="är"/><SP WIDTH="15" VPOS="501" HPOS="759"/>
							<String ID="string_87" HPOS="774" VPOS="499" WIDTH="106" HEIGHT="26" WC="0.92" CONTENT="sjelffallet"/><SP WIDTH="15" VPOS="499" HPOS="880"/>
							<String ID="string_88" HPOS="895" VPOS="502" WIDTH="33" HEIGHT="18" WC="0.93" CONTENT="att"/><SP WIDTH="15" VPOS="502" HPOS="928"/>
							<String ID="string_89" HPOS="943" VPOS="502" WIDTH="54" HEIGHT="18" WC="0.92" CONTENT="rust-"/>
						</TextLine>
						<TextLine ID="line_12" HPOS="179" VPOS="527" WIDTH="817" HEIGHT="28">
							<String ID="string_90" HPOS="179" VPOS="528" WIDTH="118" HEIGHT="21" WC="0.91" CONTENT="hållareson"/><SP WIDTH="23" VPOS="528" HPOS="297"/>
							<String ID="string_91" HPOS="320" VPOS="529" WIDTH="82" HEIGHT="20" WC="0.95" CONTENT="betalar"/><SP WIDTH="15" VPOS="529" HPOS="402"/>
							<String ID="string_92" HPOS="417" VPOS="535" WIDTH="80" HEIGHT="14" WC="0.93" CONTENT="samma"/><SP WIDTH="19" VPOS="535" HPOS="497"/>
							<String ID="string_93" HPOS="516" VPOS="528" WIDTH="289" HEIGHT="27" WC="0.90" CONTENT="karta-sigillata-bevillning"/><SP WIDTH="15" VPOS="528" HPOS="805"/>
							<String ID="string_94" HPOS="820" VPOS="534" WIDTH="44" HEIGHT="15" WC="0.93" CONTENT="som"/><SP WIDTH="16" VPOS="534" HPOS="864"/>
							<String ID="string_95" HPOS="880" VPOS="527" WIDTH="116" HEIGHT="22" WC="0.92" CONTENT="bondeson."/>
						</TextLine>
						<TextLine ID="line_13" HPOS="179" VPOS="556" WIDTH="819" HEIGHT="27">
							<String ID="string_96" HPOS="179" VPOS="556" WIDTH="28" HEIGHT="21" WC="0.96" CONTENT="Så"/><SP WIDTH="22" VPOS="556" HPOS="207"/>
							<String ID="string_97" HPOS="229" VPOS="559" WIDTH="23" HEIGHT="18" WC="0.96" CONTENT="är"/><SP WIDTH="22" VPOS="559" HPOS="252"/>
							<String ID="string_98" HPOS="274" VPOS="557" WIDTH="36" HEIGHT="20" WC="0.96" CONTENT="det"/><SP WIDTH="22" VPOS="557" HPOS="310"/>
							<String ID="string_99" HPOS="332" VPOS="557" WIDTH="43" HEIGHT="25" WC="0.96" CONTENT="väl;"/><SP WIDTH="19" VPOS="557" HPOS="375"/>
							<String ID="string_100" HPOS="394" VPOS="563" WIDTH="47" HEIGHT="14" WC="0.96" CONTENT="men"/><SP WIDTH="21" VPOS="563" HPOS="441"/>
							<String ID="string_101" HPOS="462" VPOS="557" WIDTH="92" HEIGHT="21" WC="0.95" CONTENT="ovisshet"/><SP WIDTH="15" VPOS="557" HPOS="554"/>
							<String ID="string_102" HPOS="569" VPOS="557" WIDTH="62" HEIGHT="21" WC="0.96" CONTENT="råder"/><SP WIDTH="15" VPOS="557" HPOS="631"/>
							<String ID="string_103" HPOS="646" VPOS="557" WIDTH="63" HEIGHT="21" WC="0.96" CONTENT="likväl"/><SP WIDTH="15" VPOS="557" HPOS="709"/>
							<String ID="string_104" HPOS="724" VPOS="556" WIDTH="27" HEIGHT="27" WC="0.95" CONTENT="på"/><SP WIDTH="15" VPOS="556" HPOS="751"/>
							<String ID="string_105" HPOS="766" VPOS="557" WIDTH="76" HEIGHT="26" WC="0.96" CONTENT="många"/><SP WIDTH="16" VPOS="557" HPOS="842"/>
							<String ID="string_106" HPOS="858" VPOS="556" WIDTH="42" HEIGHT="21" WC="0.96" CONTENT="håll"/><SP WIDTH="16" VPOS="556" HPOS="900"/>
							<String ID="string_107" HPOS="916" VPOS="557" WIDTH="7" HEIGHT="20" WC="0.96" CONTENT="i"/><SP WIDTH="15" VPOS="557" HPOS="923"/>
							<String ID="string_108" HPOS="938" VPOS="557" WIDTH="60" HEIGHT="20" WC="0.96" CONTENT="detta"/>
						</TextLine>
						<TextLine ID="line_14" HPOS="179" VPOS="585" WIDTH="817" HEIGHT="27">
							<String ID="string_109" HPOS="179" VPOS="585" WIDTH="105" HEIGHT="26" WC="0.96" CONTENT="afseende,"/><SP WIDTH="25" VPOS="585" HPOS="284"/>
							<String ID="string_110" HPOS="309" VPOS="585" WIDTH="35" HEIGHT="21" WC="0.96" CONTENT="det"/><SP WIDTH="24" VPOS="585" HPOS="344"/>
							<String ID="string_111" HPOS="368" VPOS="588" WIDTH="34" HEIGHT="18" WC="0.96" CONTENT="vet"/><SP WIDTH="13" VPOS="588" HPOS="402"/>
							<String ID="string_112" HPOS="415" VPOS="585" WIDTH="36" HEIGHT="27" WC="0.96" CONTENT="jag"/><SP WIDTH="16" VPOS="585" HPOS="451"/>
							<String ID="string_113" HPOS="467" VPOS="585" WIDTH="23" HEIGHT="21" WC="0.96" CONTENT="af"/><SP WIDTH="13" VPOS="585" HPOS="490"/>
							<String ID="string_114" HPOS="503" VPOS="592" WIDTH="52" HEIGHT="20" WC="0.96" CONTENT="egen"/><SP WIDTH="17" VPOS="592" HPOS="555"/>
							<String ID="string_115" HPOS="572" VPOS="585" WIDTH="126" HEIGHT="22" WC="0.95" CONTENT="erfarenhet."/><SP WIDTH="31" VPOS="585" HPOS="698"/>
							<String ID="string_116" HPOS="729" VPOS="585" WIDTH="44" HEIGHT="21" WC="0.93" CONTENT="Och"/><SP WIDTH="14" VPOS="585" HPOS="773"/>
							<String ID="string_117" HPOS="787" VPOS="585" WIDTH="36" HEIGHT="27" WC="0.96" CONTENT="jag"/><SP WIDTH="15" VPOS="585" HPOS="823"/>
							<String ID="string_118" HPOS="838" VPOS="588" WIDTH="36" HEIGHT="18" WC="0.93" CONTENT="vet"/><SP WIDTH="15" VPOS="588" HPOS="874"/>
							<String ID="string_119" HPOS="889" VPOS="585" WIDTH="107" HEIGHT="27" WC="0.92" CONTENT="derjemte,"/>
						</TextLine>
						<TextLine ID="line_15" HPOS="179" VPOS="614" WIDTH="821" HEIGHT="26">
							<String ID="string_120" HPOS="179" VPOS="615" WIDTH="32" HEIGHT="19" WC="0.96" CONTENT="att"/><SP WIDTH="21" VPOS="615" HPOS="211"/>
							<String ID="string_121" HPOS="232" VPOS="614" WIDTH="75" HEIGHT="26" WC="0.96" CONTENT="många"/><SP WIDTH="15" VPOS="614" HPOS="307"/>
							<String ID="string_122" HPOS="322" VPOS="614" WIDTH="68" HEIGHT="21" WC="0.96" CONTENT="andra"/><SP WIDTH="14" VPOS="614" HPOS="390"/>
							<String ID="string_123" HPOS="404" VPOS="616" WIDTH="83" HEIGHT="24" WC="0.93" CONTENT="prester"/><SP WIDTH="15" VPOS="616" HPOS="487"/>
							<String ID="string_124" HPOS="502" VPOS="615" WIDTH="80" HEIGHT="21" WC="0.92" CONTENT="sväfvat"/><SP WIDTH="16" VPOS="615" HPOS="582"/>
							<String ID="string_125" HPOS="598" VPOS="616" WIDTH="6" HEIGHT="20" WC="0.96" CONTENT="i"/><SP WIDTH="16" VPOS="616" HPOS="604"/>
							<String ID="string_126" HPOS="620" VPOS="615" WIDTH="97" HEIGHT="25" WC="0.96" CONTENT="ovisshet,"/><SP WIDTH="16" VPOS="615" HPOS="717"/>
							<String ID="string_127" HPOS="733" VPOS="614" WIDTH="104" HEIGHT="21" WC="0.95" CONTENT="huruvida"/><SP WIDTH="16" VPOS="614" HPOS="837"/>
							<String ID="string_128" HPOS="853" VPOS="614" WIDTH="25" HEIGHT="21" WC="0.95" CONTENT="de"/><SP WIDTH="17" VPOS="614" HPOS="878"/>
							<String ID="string_129" HPOS="895" VPOS="614" WIDTH="67" HEIGHT="21" WC="0.95" CONTENT="skulle"/><SP WIDTH="15" VPOS="614" HPOS="962"/>
							<String ID="string_130" HPOS="977" VPOS="614" WIDTH="23" HEIGHT="20" WC="0.95" CONTENT="af"/>
						</TextLine>
						<TextLine ID="line_16" HPOS="179" VPOS="642" WIDTH="819" HEIGHT="27">
							<String ID="string_131" HPOS="179" VPOS="642" WIDTH="165" HEIGHT="22" WC="0.92" CONTENT="rusthällareson"/><SP WIDTH="16" VPOS="642" HPOS="344"/>
							<String ID="string_132" HPOS="360" VPOS="643" WIDTH="95" HEIGHT="26" WC="0.96" CONTENT="uppbära"/><SP WIDTH="16" VPOS="643" HPOS="455"/>
							<String ID="string_133" HPOS="471" VPOS="643" WIDTH="12" HEIGHT="20" WC="0.96" CONTENT="8"/><SP WIDTH="17" VPOS="643" HPOS="483"/>
							<String ID="string_134" HPOS="500" VPOS="643" WIDTH="50" HEIGHT="21" WC="0.95" CONTENT="eller"/><SP WIDTH="16" VPOS="643" HPOS="550"/>
							<String ID="string_135" HPOS="566" VPOS="644" WIDTH="12" HEIGHT="20" WC="0.96" CONTENT="2"/><SP WIDTH="16" VPOS="644" HPOS="578"/>
							<String ID="string_136" HPOS="594" VPOS="643" WIDTH="67" HEIGHT="21" WC="0.96" CONTENT="mark."/><SP WIDTH="25" VPOS="643" HPOS="661"/>
							<String ID="string_137" HPOS="686" VPOS="642" WIDTH="43" HEIGHT="22" WC="0.96" CONTENT="När"/><SP WIDTH="16" VPOS="642" HPOS="729"/>
							<String ID="string_138" HPOS="745" VPOS="649" WIDTH="28" HEIGHT="15" WC="0.96" CONTENT="nu"/><SP WIDTH="16" VPOS="649" HPOS="773"/>
							<String ID="string_139" HPOS="789" VPOS="643" WIDTH="63" HEIGHT="21" WC="0.96" CONTENT="saken"/><SP WIDTH="16" VPOS="643" HPOS="852"/>
							<String ID="string_140" HPOS="868" VPOS="642" WIDTH="41" HEIGHT="22" WC="0.93" CONTENT="kan"/><SP WIDTH="16" VPOS="642" HPOS="909"/>
							<String ID="string_141" HPOS="925" VPOS="642" WIDTH="73" HEIGHT="27" WC="0.92" CONTENT="afhjel-"/>
						</TextLine>
						<TextLine ID="line_17" HPOS="179" VPOS="671" WIDTH="820" HEIGHT="27">
							<String ID="string_142" HPOS="179" VPOS="677" WIDTH="38" HEIGHT="20" WC="0.96" CONTENT="pas"/><SP WIDTH="16" VPOS="677" HPOS="217"/>
							<String ID="string_143" HPOS="233" VPOS="671" WIDTH="47" HEIGHT="21" WC="0.96" CONTENT="med"/><SP WIDTH="16" VPOS="671" HPOS="280"/>
							<String ID="string_144" HPOS="296" VPOS="672" WIDTH="23" HEIGHT="20" WC="0.96" CONTENT="sä"/><SP WIDTH="15" VPOS="672" HPOS="319"/>
							<String ID="string_145" HPOS="334" VPOS="671" WIDTH="48" HEIGHT="21" WC="0.96" CONTENT="litet"/><SP WIDTH="14" VPOS="671" HPOS="382"/>
							<String ID="string_146" HPOS="396" VPOS="678" WIDTH="46" HEIGHT="15" WC="0.96" CONTENT="som"/><SP WIDTH="17" VPOS="678" HPOS="442"/>
							<String ID="string_147" HPOS="459" VPOS="674" WIDTH="31" HEIGHT="18" WC="0.93" CONTENT="att"/><SP WIDTH="15" VPOS="674" HPOS="490"/>
							<String ID="string_148" HPOS="505" VPOS="672" WIDTH="87" HEIGHT="26" WC="0.91" CONTENT="inrycka"/><SP WIDTH="15" VPOS="672" HPOS="592"/>
							<String ID="string_149" HPOS="607" VPOS="672" WIDTH="60" HEIGHT="21" WC="0.93" CONTENT="ordet"/><SP WIDTH="10" VPOS="672" HPOS="667"/>
							<String ID="string_150" HPOS="677" VPOS="671" WIDTH="137" HEIGHT="21" WC="0.90" CONTENT="rusthällare-"/><SP WIDTH="9" VPOS="671" HPOS="814"/>
							<String ID="string_151" HPOS="823" VPOS="671" WIDTH="89" HEIGHT="21" WC="0.92" CONTENT="framför"/><SP WIDTH="9" VPOS="671" HPOS="912"/>
							<String ID="string_152" HPOS="921" VPOS="672" WIDTH="78" HEIGHT="20" WC="0.91" CONTENT="bonde-"/>
						</TextLine>
						<TextLine ID="line_18" HPOS="179" VPOS="699" WIDTH="821" HEIGHT="28">
							<String ID="string_153" HPOS="179" VPOS="706" WIDTH="39" HEIGHT="15" WC="0.96" CONTENT="son"/><SP WIDTH="22" VPOS="706" HPOS="218"/>
							<String ID="string_154" HPOS="240" VPOS="699" WIDTH="23" HEIGHT="22" WC="0.95" CONTENT="sä"/><SP WIDTH="23" VPOS="699" HPOS="263"/>
							<String ID="string_155" HPOS="286" VPOS="700" WIDTH="73" HEIGHT="26" WC="0.96" CONTENT="tycker"/><SP WIDTH="14" VPOS="700" HPOS="359"/>
							<String ID="string_156" HPOS="373" VPOS="700" WIDTH="37" HEIGHT="26" WC="0.96" CONTENT="jag"/><SP WIDTH="15" VPOS="700" HPOS="410"/>
							<String ID="string_157" HPOS="425" VPOS="706" WIDTH="48" HEIGHT="15" WC="0.93" CONTENT="man"/><SP WIDTH="15" VPOS="706" HPOS="473"/>
							<String ID="string_158" HPOS="488" VPOS="706" WIDTH="65" HEIGHT="21" WC="0.96" CONTENT="gerna"/><SP WIDTH="15" VPOS="706" HPOS="553"/>
							<String ID="string_159" HPOS="568" VPOS="701" WIDTH="41" HEIGHT="21" WC="0.95" CONTENT="kan"/><SP WIDTH="16" VPOS="701" HPOS="609"/>
							<String ID="string_160" HPOS="625" VPOS="702" WIDTH="50" HEIGHT="25" WC="0.96" CONTENT="göra"/><SP WIDTH="16" VPOS="702" HPOS="675"/>
							<String ID="string_161" HPOS="691" VPOS="700" WIDTH="58" HEIGHT="21" WC="0.93" CONTENT="detta"/><SP WIDTH="15" VPOS="700" HPOS="749"/>
							<String ID="string_162" HPOS="764" VPOS="700" WIDTH="80" HEIGHT="27" WC="0.96" CONTENT="tillägg."/><SP WIDTH="29" VPOS="700" HPOS="844"/>
							<String ID="string_163" HPOS="873" VPOS="700" WIDTH="42" HEIGHT="21" WC="0.96" CONTENT="Det"/><SP WIDTH="15" VPOS="700" HPOS="915"/>
							<String ID="string_164" HPOS="930" VPOS="700" WIDTH="70" HEIGHT="26" WC="0.96" CONTENT="gällde"/>
						</TextLine>
						<TextLine ID="line_19" HPOS="179" VPOS="728" WIDTH="821" HEIGHT="28">
							<String ID="string_165" HPOS="179" VPOS="728" WIDTH="82" HEIGHT="22" WC="0.96" CONTENT="således"/><SP WIDTH="22" VPOS="728" HPOS="261"/>
							<String ID="string_166" HPOS="283" VPOS="731" WIDTH="32" HEIGHT="19" WC="0.92" CONTENT="att"/><SP WIDTH="21" VPOS="731" HPOS="315"/>
							<String ID="string_167" HPOS="336" VPOS="729" WIDTH="13" HEIGHT="21" WC="0.89" CONTENT="å"/><SP WIDTH="23" VPOS="729" HPOS="349"/>
							<String ID="string_168" HPOS="372" VPOS="736" WIDTH="46" HEIGHT="20" WC="0.92" CONTENT="pag."/><SP WIDTH="24" VPOS="736" HPOS="418"/>
							<String ID="string_169" HPOS="442" VPOS="729" WIDTH="24" HEIGHT="21" WC="0.96" CONTENT="19"/><SP WIDTH="16" VPOS="729" HPOS="466"/>
							<String ID="string_170" HPOS="482" VPOS="736" WIDTH="62" HEIGHT="14" WC="0.85" CONTENT="mom."/><SP WIDTH="17" VPOS="736" HPOS="544"/>
							<String ID="string_171" HPOS="561" VPOS="730" WIDTH="25" HEIGHT="20" WC="0.92" CONTENT="11"/><SP WIDTH="17" VPOS="730" HPOS="586"/>
							<String ID="string_172" HPOS="603" VPOS="730" WIDTH="5" HEIGHT="20" WC="0.92" CONTENT="i"/><SP WIDTH="16" VPOS="730" HPOS="608"/>
							<String ID="string_173" HPOS="624" VPOS="729" WIDTH="76" HEIGHT="27" WC="0.96" CONTENT="nådiga"/><SP WIDTH="15" VPOS="729" HPOS="700"/>
							<String ID="string_174" HPOS="715" VPOS="729" WIDTH="158" HEIGHT="27" WC="0.96" CONTENT="propositionen"/><SP WIDTH="16" VPOS="729" HPOS="873"/>
							<String ID="string_175" HPOS="889" VPOS="736" WIDTH="33" HEIGHT="14" WC="0.93" CONTENT="om"/><SP WIDTH="16" VPOS="736" HPOS="922"/>
							<String ID="string_176" HPOS="938" VPOS="731" WIDTH="62" HEIGHT="19" WC="0.92" CONTENT="stäm-"/>
						</TextLine>
						<TextLine ID="line_20" HPOS="180" VPOS="757" WIDTH="817" HEIGHT="27">
							<String ID="string_177" HPOS="180" VPOS="757" WIDTH="230" HEIGHT="27" WC="0.89" CONTENT="pelpapperbevillning"/><SP WIDTH="20" VPOS="757" HPOS="410"/>
							<String ID="string_178" HPOS="430" VPOS="758" WIDTH="58" HEIGHT="26" WC="0.95" CONTENT="gifva"/><SP WIDTH="15" VPOS="758" HPOS="488"/>
							<String ID="string_179" HPOS="503" VPOS="758" WIDTH="21" HEIGHT="21" WC="0.93" CONTENT="ät"/><SP WIDTH="16" VPOS="758" HPOS="524"/>
							<String ID="string_180" HPOS="540" VPOS="759" WIDTH="77" HEIGHT="20" WC="0.93" CONTENT="orden:"/><SP WIDTH="17" VPOS="759" HPOS="617"/>
							<String ID="string_181" HPOS="634" VPOS="758" WIDTH="145" HEIGHT="25" WC="0.69" CONTENT=",Arrendator"/><SP WIDTH="15" VPOS="758" HPOS="779"/>
							<String ID="string_182" HPOS="794" VPOS="758" WIDTH="22" HEIGHT="20" WC="0.96" CONTENT="af"/><SP WIDTH="15" VPOS="758" HPOS="816"/>
							<String ID="string_183" HPOS="831" VPOS="758" WIDTH="79" HEIGHT="21" WC="0.93" CONTENT="mindre"/><SP WIDTH="15" VPOS="758" HPOS="910"/>
							<String ID="string_184" HPOS="925" VPOS="758" WIDTH="72" HEIGHT="25" WC="0.92" CONTENT="lägen-"/>
						</TextLine>
						<TextLine ID="line_21" HPOS="180" VPOS="786" WIDTH="816" HEIGHT="27">
							<String ID="string_185" HPOS="180" VPOS="786" WIDTH="42" HEIGHT="26" WC="0.93" CONTENT="het,"/><SP WIDTH="24" VPOS="786" HPOS="222"/>
							<String ID="string_186" HPOS="246" VPOS="786" WIDTH="83" HEIGHT="26" WC="0.90" CONTENT="landbo,"/><SP WIDTH="23" VPOS="786" HPOS="329"/>
							<String ID="string_187" HPOS="352" VPOS="786" WIDTH="155" HEIGHT="21" WC="0.90" CONTENT="handtverkare"/><SP WIDTH="21" VPOS="786" HPOS="507"/>
							<String ID="string_188" HPOS="528" VPOS="787" WIDTH="38" HEIGHT="21" WC="0.93" CONTENT="och"/><SP WIDTH="22" VPOS="787" HPOS="566"/>
							<String ID="string_189" HPOS="588" VPOS="786" WIDTH="126" HEIGHT="26" WC="0.70" CONTENT="bondeson*,"/><SP WIDTH="24" VPOS="786" HPOS="714"/>
							<String ID="string_190" HPOS="738" VPOS="786" WIDTH="91" HEIGHT="27" WC="0.96" CONTENT="följande"/><SP WIDTH="23" VPOS="786" HPOS="829"/>
							<String ID="string_191" HPOS="852" VPOS="786" WIDTH="92" HEIGHT="21" WC="0.93" CONTENT="ändrade"/><SP WIDTH="23" VPOS="786" HPOS="944"/>
							<String ID="string_192" HPOS="967" VPOS="786" WIDTH="29" HEIGHT="26" WC="0.90" CONTENT="ly-"/>
						</TextLine>
						<TextLine ID="line_22" HPOS="180" VPOS="814" WIDTH="818" HEIGHT="28">
							<String ID="string_193" HPOS="180" VPOS="814" WIDTH="68" HEIGHT="22" WC="0.92" CONTENT="delse:"/><SP WIDTH="29" VPOS="814" HPOS="248"/>
							<String ID="string_194" HPOS="277" VPOS="814" WIDTH="144" HEIGHT="26" WC="0.55" CONTENT=",Arrendator"/><SP WIDTH="29" VPOS="814" HPOS="421"/>
							<String ID="string_195" HPOS="450" VPOS="815" WIDTH="22" HEIGHT="21" WC="0.96" CONTENT="af"/><SP WIDTH="27" VPOS="815" HPOS="472"/>
							<String ID="string_196" HPOS="499" VPOS="816" WIDTH="80" HEIGHT="20" WC="0.92" CONTENT="mindre"/><SP WIDTH="23" VPOS="816" HPOS="579"/>
							<String ID="string_197" HPOS="602" VPOS="815" WIDTH="104" HEIGHT="27" WC="0.93" CONTENT="lägenhet,"/><SP WIDTH="23" VPOS="815" HPOS="706"/>
							<String ID="string_198" HPOS="729" VPOS="815" WIDTH="84" HEIGHT="25" WC="0.92" CONTENT="landbo,"/><SP WIDTH="24" VPOS="815" HPOS="813"/>
							<String ID="string_199" HPOS="837" VPOS="815" WIDTH="161" HEIGHT="25" WC="0.92" CONTENT="handtverkare,"/>
						</TextLine>
						<TextLine ID="line_23" HPOS="181" VPOS="843" WIDTH="817" HEIGHT="27">
							<String ID="string_200" HPOS="181" VPOS="843" WIDTH="135" HEIGHT="21" WC="0.91" CONTENT="rusthällare-"/><SP WIDTH="25" VPOS="843" HPOS="316"/>
							<String ID="string_201" HPOS="341" VPOS="844" WIDTH="39" HEIGHT="20" WC="0.92" CONTENT="och"/><SP WIDTH="23" VPOS="844" HPOS="380"/>
							<String ID="string_202" HPOS="403" VPOS="844" WIDTH="129" HEIGHT="21" WC="0.67" CONTENT="bondeson.&#39;*"/><SP WIDTH="31" VPOS="844" HPOS="532"/>
							<String ID="string_203" HPOS="563" VPOS="844" WIDTH="92" HEIGHT="21" WC="0.87" CONTENT="Dermed"/><SP WIDTH="15" VPOS="844" HPOS="655"/>
							<String ID="string_204" HPOS="670" VPOS="850" WIDTH="50" HEIGHT="15" WC="0.96" CONTENT="vore"/><SP WIDTH="15" VPOS="850" HPOS="720"/>
							<String ID="string_205" HPOS="735" VPOS="844" WIDTH="120" HEIGHT="21" WC="0.96" CONTENT="ovissheten"/><SP WIDTH="15" VPOS="844" HPOS="855"/>
							<String ID="string_206" HPOS="870" VPOS="843" WIDTH="128" HEIGHT="27" WC="0.96" CONTENT="fullkomligt"/>
						</TextLine>
						<TextLine ID="line_24" HPOS="180" VPOS="871" WIDTH="115" HEIGHT="27">
							<String ID="string_207" HPOS="180" VPOS="871" WIDTH="115" HEIGHT="27" WC="0.87" CONTENT="aflägsnad."/>
						</TextLine>
					</TextBlock>
					<TextBlock ID="block_2" HPOS="179" VPOS="900" WIDTH="822" HEIGHT="598">
						<TextLine ID="line_25" HPOS="251" VPOS="900" WIDTH="747" HEIGHT="28">
							<String ID="string_208" HPOS="251" VPOS="900" WIDTH="96" HEIGHT="21" WC="0.92" CONTENT="Provasti"/><SP WIDTH="17" VPOS="900" HPOS="347"/>
							<String ID="string_209" HPOS="364" VPOS="900" WIDTH="107" HEIGHT="22" WC="0.96" CONTENT="Helander:"/><SP WIDTH="16" VPOS="900" HPOS="471"/>
							<String ID="string_210" HPOS="487" VPOS="901" WIDTH="41" HEIGHT="26" WC="0.93" CONTENT="Jag"/><SP WIDTH="15" VPOS="901" HPOS="528"/>
							<String ID="string_211" HPOS="543" VPOS="901" WIDTH="91" HEIGHT="27" WC="0.92" CONTENT="begärde"/><SP WIDTH="16" VPOS="901" HPOS="634"/>
							<String ID="string_212" HPOS="650" VPOS="901" WIDTH="61" HEIGHT="20" WC="0.93" CONTENT="ordet"/><SP WIDTH="16" VPOS="901" HPOS="711"/>
							<String ID="string_213" HPOS="727" VPOS="901" WIDTH="64" HEIGHT="21" WC="0.92" CONTENT="ocksä"/><SP WIDTH="16" VPOS="901" HPOS="791"/>
							<String ID="string_214" HPOS="807" VPOS="901" WIDTH="117" HEIGHT="26" WC="0.96" CONTENT="egentligen"/><SP WIDTH="15" VPOS="901" HPOS="924"/>
							<String ID="string_215" HPOS="939" VPOS="901" WIDTH="6" HEIGHT="20" WC="0.93" CONTENT="i"/><SP WIDTH="17" VPOS="901" HPOS="945"/>
							<String ID="string_216" HPOS="962" VPOS="907" WIDTH="36" HEIGHT="15" WC="0.91" CONTENT="an-"/>
						</TextLine>
						<TextLine ID="line_26" HPOS="180" VPOS="929" WIDTH="820" HEIGHT="26">
							<String ID="string_217" HPOS="180" VPOS="929" WIDTH="85" HEIGHT="26" WC="0.96" CONTENT="ledning"/><SP WIDTH="25" VPOS="929" HPOS="265"/>
							<String ID="string_218" HPOS="290" VPOS="929" WIDTH="22" HEIGHT="21" WC="0.93" CONTENT="af"/><SP WIDTH="14" VPOS="929" HPOS="312"/>
							<String ID="string_219" HPOS="326" VPOS="932" WIDTH="86" HEIGHT="23" WC="0.92" CONTENT="prosten"/><SP WIDTH="15" VPOS="932" HPOS="412"/>
							<String ID="string_220" HPOS="427" VPOS="929" WIDTH="66" HEIGHT="22" WC="0.93" CONTENT="Josua"/><SP WIDTH="15" VPOS="929" HPOS="493"/>
							<String ID="string_221" HPOS="508" VPOS="930" WIDTH="130" HEIGHT="21" WC="0.92" CONTENT="Johanssons"/><SP WIDTH="16" VPOS="930" HPOS="638"/>
							<String ID="string_222" HPOS="654" VPOS="929" WIDTH="134" HEIGHT="26" WC="0.92" CONTENT="andragande"/><SP WIDTH="16" VPOS="929" HPOS="788"/>
							<String ID="string_223" HPOS="804" VPOS="929" WIDTH="130" HEIGHT="22" WC="0.92" CONTENT="beträifande"/><SP WIDTH="17" VPOS="929" HPOS="934"/>
							<String ID="string_224" HPOS="951" VPOS="929" WIDTH="49" HEIGHT="21" WC="0.92" CONTENT="han-"/>
						</TextLine>
						<TextLine ID="line_27" HPOS="181" VPOS="957" WIDTH="819" HEIGHT="28">
							<String ID="string_225" HPOS="181" VPOS="957" WIDTH="105" HEIGHT="22" WC="0.92" CONTENT="delsmans"/><SP WIDTH="16" VPOS="957" HPOS="286"/>
							<String ID="string_226" HPOS="302" VPOS="958" WIDTH="158" HEIGHT="26" WC="0.92" CONTENT="lysningssedel,"/><SP WIDTH="17" VPOS="958" HPOS="460"/>
							<String ID="string_227" HPOS="477" VPOS="965" WIDTH="45" HEIGHT="15" WC="0.93" CONTENT="men"/><SP WIDTH="17" VPOS="965" HPOS="522"/>
							<String ID="string_228" HPOS="539" VPOS="961" WIDTH="86" HEIGHT="24" WC="0.92" CONTENT="prosten"/><SP WIDTH="14" VPOS="961" HPOS="625"/>
							<String ID="string_229" HPOS="639" VPOS="958" WIDTH="120" HEIGHT="21" WC="0.96" CONTENT="Johansson"/><SP WIDTH="15" VPOS="958" HPOS="759"/>
							<String ID="string_230" HPOS="774" VPOS="958" WIDTH="55" HEIGHT="21" WC="0.93" CONTENT="hade"/><SP WIDTH="15" VPOS="958" HPOS="829"/>
							<String ID="string_231" HPOS="844" VPOS="958" WIDTH="63" HEIGHT="21" WC="0.90" CONTENT="ocksä"/><SP WIDTH="16" VPOS="958" HPOS="907"/>
							<String ID="string_232" HPOS="923" VPOS="960" WIDTH="31" HEIGHT="19" WC="0.93" CONTENT="ett"/><SP WIDTH="10" VPOS="960" HPOS="954"/>
							<String ID="string_233" HPOS="964" VPOS="965" WIDTH="36" HEIGHT="14" WC="0.93" CONTENT="an-"/>
						</TextLine>
						<TextLine ID="line_28" HPOS="181" VPOS="986" WIDTH="819" HEIGHT="28">
							<String ID="string_234" HPOS="181" VPOS="986" WIDTH="107" HEIGHT="27" WC="0.96" CONTENT="dragande"/><SP WIDTH="22" VPOS="986" HPOS="288"/>
							<String ID="string_235" HPOS="310" VPOS="986" WIDTH="131" HEIGHT="22" WC="0.93" CONTENT="beträffande"/><SP WIDTH="24" VPOS="986" HPOS="441"/>
							<String ID="string_236" HPOS="465" VPOS="987" WIDTH="78" HEIGHT="21" WC="0.91" CONTENT="bilbref"/><SP WIDTH="21" VPOS="987" HPOS="543"/>
							<String ID="string_237" HPOS="564" VPOS="988" WIDTH="38" HEIGHT="20" WC="0.96" CONTENT="och"/><SP WIDTH="16" VPOS="988" HPOS="602"/>
							<String ID="string_238" HPOS="618" VPOS="987" WIDTH="27" HEIGHT="21" WC="0.93" CONTENT="dä"/><SP WIDTH="15" VPOS="987" HPOS="645"/>
							<String ID="string_239" HPOS="660" VPOS="987" WIDTH="46" HEIGHT="21" WC="0.96" CONTENT="icke"/><SP WIDTH="16" VPOS="987" HPOS="706"/>
							<String ID="string_240" HPOS="722" VPOS="987" WIDTH="68" HEIGHT="27" WC="0.96" CONTENT="någon"/><SP WIDTH="16" VPOS="987" HPOS="790"/>
							<String ID="string_241" HPOS="806" VPOS="993" WIDTH="70" HEIGHT="15" WC="0.96" CONTENT="annan"/><SP WIDTH="16" VPOS="993" HPOS="876"/>
							<String ID="string_242" HPOS="892" VPOS="987" WIDTH="22" HEIGHT="21" WC="0.93" CONTENT="af"/><SP WIDTH="13" VPOS="987" HPOS="914"/>
							<String ID="string_243" HPOS="927" VPOS="987" WIDTH="73" HEIGHT="20" WC="0.82" CONTENT="bevill-"/>
						</TextLine>
						<TextLine ID="line_29" HPOS="180" VPOS="1014" WIDTH="819" HEIGHT="27">
							<String ID="string_244" HPOS="180" VPOS="1014" WIDTH="176" HEIGHT="27" WC="0.87" CONTENT="ningsutskottets"/><SP WIDTH="23" VPOS="1014" HPOS="356"/>
							<String ID="string_245" HPOS="379" VPOS="1015" WIDTH="116" HEIGHT="22" WC="0.87" CONTENT="ledamöter"/><SP WIDTH="23" VPOS="1015" HPOS="495"/>
							<String ID="string_246" HPOS="518" VPOS="1023" WIDTH="36" HEIGHT="14" WC="0.96" CONTENT="var"/><SP WIDTH="21" VPOS="1023" HPOS="554"/>
							<String ID="string_247" HPOS="575" VPOS="1016" WIDTH="137" HEIGHT="25" WC="0.93" CONTENT="närvarande,"/><SP WIDTH="16" VPOS="1016" HPOS="712"/>
							<String ID="string_248" HPOS="728" VPOS="1015" WIDTH="73" HEIGHT="22" WC="0.93" CONTENT="tänkte"/><SP WIDTH="14" VPOS="1015" HPOS="801"/>
							<String ID="string_249" HPOS="815" VPOS="1015" WIDTH="36" HEIGHT="26" WC="0.96" CONTENT="jag"/><SP WIDTH="15" VPOS="1015" HPOS="851"/>
							<String ID="string_250" HPOS="866" VPOS="1017" WIDTH="32" HEIGHT="19" WC="0.93" CONTENT="att"/><SP WIDTH="14" VPOS="1017" HPOS="898"/>
							<String ID="string_251" HPOS="912" VPOS="1015" WIDTH="87" HEIGHT="22" WC="0.92" CONTENT="försöka"/>
						</TextLine>
						<TextLine ID="line_30" HPOS="181" VPOS="1043" WIDTH="816" HEIGHT="28">
							<String ID="string_252" HPOS="181" VPOS="1043" WIDTH="85" HEIGHT="21" WC="0.92" CONTENT="bemöta"/><SP WIDTH="23" VPOS="1043" HPOS="266"/>
							<String ID="string_253" HPOS="289" VPOS="1043" WIDTH="32" HEIGHT="22" WC="0.96" CONTENT="till"/><SP WIDTH="24" VPOS="1043" HPOS="321"/>
							<String ID="string_254" HPOS="345" VPOS="1044" WIDTH="54" HEIGHT="21" WC="0.96" CONTENT="allra"/><SP WIDTH="22" VPOS="1044" HPOS="399"/>
							<String ID="string_255" HPOS="421" VPOS="1044" WIDTH="53" HEIGHT="21" WC="0.93" CONTENT="först"/><SP WIDTH="15" VPOS="1044" HPOS="474"/>
							<String ID="string_256" HPOS="489" VPOS="1047" WIDTH="86" HEIGHT="24" WC="0.91" CONTENT="prosten"/><SP WIDTH="15" VPOS="1047" HPOS="575"/>
							<String ID="string_257" HPOS="590" VPOS="1044" WIDTH="129" HEIGHT="21" WC="0.92" CONTENT="Johanssons"/><SP WIDTH="16" VPOS="1044" HPOS="719"/>
							<String ID="string_258" HPOS="735" VPOS="1044" WIDTH="139" HEIGHT="26" WC="0.91" CONTENT="anmärkning"/><SP WIDTH="15" VPOS="1044" HPOS="874"/>
							<String ID="string_259" HPOS="889" VPOS="1044" WIDTH="108" HEIGHT="27" WC="0.92" CONTENT="angäende"/>
						</TextLine>
						<TextLine ID="line_31" HPOS="182" VPOS="1071" WIDTH="816" HEIGHT="28">
							<String ID="string_260" HPOS="182" VPOS="1071" WIDTH="83" HEIGHT="22" WC="0.87" CONTENT="bilbref."/><SP WIDTH="31" VPOS="1071" HPOS="265"/>
							<String ID="string_261" HPOS="296" VPOS="1072" WIDTH="138" HEIGHT="27" WC="0.95" CONTENT="Naturligtvis"/><SP WIDTH="23" VPOS="1072" HPOS="434"/>
							<String ID="string_262" HPOS="457" VPOS="1073" WIDTH="65" HEIGHT="21" WC="0.96" CONTENT="finnes"/><SP WIDTH="24" VPOS="1073" HPOS="522"/>
							<String ID="string_263" HPOS="546" VPOS="1074" WIDTH="34" HEIGHT="21" WC="0.93" CONTENT="det"/><SP WIDTH="20" VPOS="1074" HPOS="580"/>
							<String ID="string_264" HPOS="600" VPOS="1073" WIDTH="75" HEIGHT="26" WC="0.96" CONTENT="många"/><SP WIDTH="15" VPOS="1073" HPOS="675"/>
							<String ID="string_265" HPOS="690" VPOS="1073" WIDTH="136" HEIGHT="21" WC="0.94" CONTENT="medlemmar"/><SP WIDTH="15" VPOS="1073" HPOS="826"/>
							<String ID="string_266" HPOS="841" VPOS="1073" WIDTH="7" HEIGHT="20" WC="0.93" CONTENT="i"/><SP WIDTH="16" VPOS="1073" HPOS="848"/>
							<String ID="string_267" HPOS="864" VPOS="1073" WIDTH="134" HEIGHT="26" WC="0.39" CONTENT="bevillnings-"/>
						</TextLine>
						<TextLine ID="line_32" HPOS="181" VPOS="1101" WIDTH="819" HEIGHT="28">
							<String ID="string_268" HPOS="181" VPOS="1101" WIDTH="110" HEIGHT="26" WC="0.91" CONTENT="utskottet,"/><SP WIDTH="24" VPOS="1101" HPOS="291"/>
							<String ID="string_269" HPOS="315" VPOS="1106" WIDTH="46" HEIGHT="16" WC="0.92" CONTENT="som"/><SP WIDTH="21" VPOS="1106" HPOS="361"/>
							<String ID="string_270" HPOS="382" VPOS="1101" WIDTH="48" HEIGHT="21" WC="0.91" CONTENT="icke"/><SP WIDTH="16" VPOS="1101" HPOS="430"/>
							<String ID="string_271" HPOS="446" VPOS="1101" WIDTH="54" HEIGHT="22" WC="0.93" CONTENT="hade"/><SP WIDTH="16" VPOS="1101" HPOS="500"/>
							<String ID="string_272" HPOS="516" VPOS="1101" WIDTH="72" HEIGHT="28" WC="0.92" CONTENT="riktigt"/><SP WIDTH="16" VPOS="1101" HPOS="588"/>
							<String ID="string_273" HPOS="604" VPOS="1102" WIDTH="51" HEIGHT="20" WC="0.91" CONTENT="reda"/><SP WIDTH="16" VPOS="1102" HPOS="655"/>
							<String ID="string_274" HPOS="671" VPOS="1101" WIDTH="26" HEIGHT="27" WC="0.93" CONTENT="pä"/><SP WIDTH="15" VPOS="1101" HPOS="697"/>
							<String ID="string_275" HPOS="712" VPOS="1101" WIDTH="141" HEIGHT="22" WC="0.92" CONTENT="förhällandet"/><SP WIDTH="15" VPOS="1101" HPOS="853"/>
							<String ID="string_276" HPOS="868" VPOS="1101" WIDTH="77" HEIGHT="21" WC="0.93" CONTENT="mellan"/><SP WIDTH="16" VPOS="1101" HPOS="945"/>
							<String ID="string_277" HPOS="961" VPOS="1102" WIDTH="39" HEIGHT="20" WC="0.88" CONTENT="bil-"/>
						</TextLine>
						<TextLine ID="line_33" HPOS="181" VPOS="1129" WIDTH="820" HEIGHT="27">
							<String ID="string_278" HPOS="181" VPOS="1129" WIDTH="47" HEIGHT="21" WC="0.92" CONTENT="bref"/><SP WIDTH="17" VPOS="1129" HPOS="228"/>
							<String ID="string_279" HPOS="245" VPOS="1129" WIDTH="39" HEIGHT="21" WC="0.96" CONTENT="och"/><SP WIDTH="19" VPOS="1129" HPOS="284"/>
							<String ID="string_280" HPOS="303" VPOS="1130" WIDTH="66" HEIGHT="21" WC="0.96" CONTENT="andra"/><SP WIDTH="15" VPOS="1130" HPOS="369"/>
							<String ID="string_281" HPOS="384" VPOS="1130" WIDTH="34" HEIGHT="21" WC="0.93" CONTENT="för"/><SP WIDTH="14" VPOS="1130" HPOS="418"/>
							<String ID="string_282" HPOS="432" VPOS="1129" WIDTH="69" HEIGHT="27" WC="0.93" CONTENT="fartyg"/><SP WIDTH="16" VPOS="1129" HPOS="501"/>
							<String ID="string_283" HPOS="517" VPOS="1131" WIDTH="109" HEIGHT="20" WC="0.90" CONTENT="bestämda"/><SP WIDTH="15" VPOS="1131" HPOS="626"/>
							<String ID="string_284" HPOS="641" VPOS="1131" WIDTH="64" HEIGHT="25" WC="0.91" CONTENT="intyg,"/><SP WIDTH="16" VPOS="1131" HPOS="705"/>
							<String ID="string_285" HPOS="721" VPOS="1136" WIDTH="47" HEIGHT="15" WC="0.96" CONTENT="men"/><SP WIDTH="11" VPOS="1136" HPOS="768"/>
							<String ID="string_286" HPOS="779" VPOS="1130" WIDTH="37" HEIGHT="26" WC="0.93" CONTENT="jag"/><SP WIDTH="15" VPOS="1130" HPOS="816"/>
							<String ID="string_287" HPOS="831" VPOS="1130" WIDTH="65" HEIGHT="21" WC="0.91" CONTENT="beder"/><SP WIDTH="15" VPOS="1130" HPOS="896"/>
							<String ID="string_288" HPOS="911" VPOS="1130" WIDTH="21" HEIGHT="21" WC="0.93" CONTENT="fä"/><SP WIDTH="16" VPOS="1130" HPOS="932"/>
							<String ID="string_289" HPOS="948" VPOS="1136" WIDTH="53" HEIGHT="20" WC="0.92" CONTENT="upp-"/>
						</TextLine>
						<TextLine ID="line_34" HPOS="181" VPOS="1157" WIDTH="819" HEIGHT="29">
							<String ID="string_290" HPOS="181" VPOS="1157" WIDTH="45" HEIGHT="21" WC="0.92" CONTENT="läsa"/><SP WIDTH="14" VPOS="1157" HPOS="226"/>
							<String ID="string_291" HPOS="240" VPOS="1157" WIDTH="55" HEIGHT="22" WC="0.96" CONTENT="hvad"/><SP WIDTH="16" VPOS="1157" HPOS="295"/>
							<String ID="string_292" HPOS="311" VPOS="1158" WIDTH="105" HEIGHT="21" WC="0.96" CONTENT="utskottet"/><SP WIDTH="15" VPOS="1158" HPOS="416"/>
							<String ID="string_293" HPOS="431" VPOS="1158" WIDTH="61" HEIGHT="21" WC="0.96" CONTENT="anför"/><SP WIDTH="16" VPOS="1158" HPOS="492"/>
							<String ID="string_294" HPOS="508" VPOS="1159" WIDTH="26" HEIGHT="27" WC="0.96" CONTENT="pä"/><SP WIDTH="16" VPOS="1159" HPOS="534"/>
							<String ID="string_295" HPOS="550" VPOS="1159" WIDTH="45" HEIGHT="21" WC="0.96" CONTENT="sida"/><SP WIDTH="15" VPOS="1159" HPOS="595"/>
							<String ID="string_296" HPOS="610" VPOS="1159" WIDTH="20" HEIGHT="20" WC="0.95" CONTENT="4."/><SP WIDTH="16" VPOS="1159" HPOS="630"/>
							<String ID="string_297" HPOS="646" VPOS="1159" WIDTH="44" HEIGHT="20" WC="0.95" CONTENT="Der"/><SP WIDTH="15" VPOS="1159" HPOS="690"/>
							<String ID="string_298" HPOS="705" VPOS="1159" WIDTH="60" HEIGHT="21" WC="0.97" CONTENT="heter"/><SP WIDTH="17" VPOS="1159" HPOS="765"/>
							<String ID="string_299" HPOS="782" VPOS="1159" WIDTH="45" HEIGHT="20" WC="0.93" CONTENT="det:"/><SP WIDTH="16" VPOS="1159" HPOS="827"/>
							<String ID="string_300" HPOS="843" VPOS="1159" WIDTH="66" HEIGHT="22" WC="0.85" CONTENT=",Eräs"/><SP WIDTH="16" VPOS="1159" HPOS="909"/>
							<String ID="string_301" HPOS="925" VPOS="1164" WIDTH="75" HEIGHT="21" WC="0.93" CONTENT="porva-"/>
						</TextLine>
						<TextLine ID="line_35" HPOS="182" VPOS="1186" WIDTH="818" HEIGHT="28">
							<String ID="string_302" HPOS="182" VPOS="1186" WIDTH="108" HEIGHT="26" WC="0.92" CONTENT="rissäädyn"/><SP WIDTH="14" VPOS="1186" HPOS="290"/>
							<String ID="string_303" HPOS="304" VPOS="1187" WIDTH="60" HEIGHT="26" WC="0.96" CONTENT="jäsen"/><SP WIDTH="17" VPOS="1187" HPOS="364"/>
							<String ID="string_304" HPOS="381" VPOS="1193" WIDTH="26" HEIGHT="15" WC="0.96" CONTENT="on"/><SP WIDTH="16" VPOS="1193" HPOS="407"/>
							<String ID="string_305" HPOS="423" VPOS="1188" WIDTH="101" HEIGHT="26" WC="0.96" CONTENT="vaatinut,"/><SP WIDTH="16" VPOS="1188" HPOS="524"/>
							<String ID="string_306" HPOS="540" VPOS="1189" WIDTH="43" HEIGHT="20" WC="0.93" CONTENT="että"/><SP WIDTH="16" VPOS="1189" HPOS="583"/>
							<String ID="string_307" HPOS="599" VPOS="1187" WIDTH="66" HEIGHT="27" WC="0.92" CONTENT="piilu-,"/><SP WIDTH="17" VPOS="1187" HPOS="665"/>
							<String ID="string_308" HPOS="682" VPOS="1193" WIDTH="75" HEIGHT="21" WC="0.92" CONTENT="vapaa-"/><SP WIDTH="14" VPOS="1193" HPOS="757"/>
							<String ID="string_309" HPOS="771" VPOS="1187" WIDTH="22" HEIGHT="27" WC="0.93" CONTENT="ja"/><SP WIDTH="13" VPOS="1187" HPOS="793"/>
							<String ID="string_310" HPOS="806" VPOS="1187" WIDTH="194" HEIGHT="27" WC="0.93" CONTENT="mittauskirjat"/><SP WIDTH="-33" VPOS="1187" HPOS="1000"/>
							<String ID="string_311" HPOS="967" VPOS="1182" WIDTH="36" HEIGHT="36" WC="0.92" CONTENT="va-"/>
						</TextLine>
						<TextLine ID="line_36" HPOS="181" VPOS="1215" WIDTH="817" HEIGHT="27">
							<String ID="string_312" HPOS="181" VPOS="1215" WIDTH="146" HEIGHT="25" WC="0.92" CONTENT="pautettaisiin"/><SP WIDTH="16" VPOS="1215" HPOS="327"/>
							<String ID="string_313" HPOS="343" VPOS="1215" WIDTH="189" HEIGHT="22" WC="0.92" CONTENT="karttamaksuista"/><SP WIDTH="8" VPOS="1215" HPOS="532"/>
							<String ID="string_314" HPOS="540" VPOS="1216" WIDTH="22" HEIGHT="26" WC="0.96" CONTENT="ja"/><SP WIDTH="12" VPOS="1216" HPOS="562"/>
							<String ID="string_315" HPOS="574" VPOS="1217" WIDTH="123" HEIGHT="20" WC="0.93" CONTENT="ainoastaan"/><SP WIDTH="11" VPOS="1217" HPOS="697"/>
							<String ID="string_316" HPOS="708" VPOS="1216" WIDTH="232" HEIGHT="20" WC="0.92" CONTENT="kansallisuustodistus"/><SP WIDTH="12" VPOS="1216" HPOS="940"/>
							<String ID="string_317" HPOS="952" VPOS="1216" WIDTH="46" HEIGHT="20" WC="0.96" CONTENT="olisi"/>
						</TextLine>
						<TextLine ID="line_37" HPOS="181" VPOS="1244" WIDTH="818" HEIGHT="27">
							<String ID="string_318" HPOS="181" VPOS="1244" WIDTH="156" HEIGHT="25" WC="0.92" CONTENT="kartoitettava,"/><SP WIDTH="24" VPOS="1244" HPOS="337"/>
							<String ID="string_319" HPOS="361" VPOS="1244" WIDTH="68" HEIGHT="20" WC="0.93" CONTENT="koska"/><SP WIDTH="23" VPOS="1244" HPOS="429"/>
							<String ID="string_320" HPOS="452" VPOS="1244" WIDTH="161" HEIGHT="22" WC="0.92" CONTENT="viimemainittu"/><SP WIDTH="22" VPOS="1244" HPOS="613"/>
							<String ID="string_321" HPOS="635" VPOS="1244" WIDTH="64" HEIGHT="21" WC="0.96" CONTENT="muka"/><SP WIDTH="21" VPOS="1244" HPOS="699"/>
							<String ID="string_322" HPOS="720" VPOS="1244" WIDTH="160" HEIGHT="27" WC="0.94" CONTENT="pääasiallisesti"/><SP WIDTH="16" VPOS="1244" HPOS="880"/>
							<String ID="string_323" HPOS="896" VPOS="1247" WIDTH="103" HEIGHT="23" WC="0.96" CONTENT="perustuu"/>
						</TextLine>
						<TextLine ID="line_38" HPOS="181" VPOS="1271" WIDTH="819" HEIGHT="28">
							<String ID="string_324" HPOS="181" VPOS="1271" WIDTH="143" HEIGHT="27" WC="0.91" CONTENT="piilukirjaan,"/><SP WIDTH="16" VPOS="1271" HPOS="324"/>
							<String ID="string_325" HPOS="340" VPOS="1272" WIDTH="87" HEIGHT="21" WC="0.96" CONTENT="sisältää"/><SP WIDTH="15" VPOS="1272" HPOS="427"/>
							<String ID="string_326" HPOS="442" VPOS="1273" WIDTH="68" HEIGHT="26" WC="0.96" CONTENT="laajan"/><SP WIDTH="16" VPOS="1273" HPOS="510"/>
							<String ID="string_327" HPOS="526" VPOS="1275" WIDTH="70" HEIGHT="19" WC="0.93" CONTENT="otteen"/><SP WIDTH="16" VPOS="1275" HPOS="596"/>
							<String ID="string_328" HPOS="612" VPOS="1272" WIDTH="177" HEIGHT="27" WC="0.92" CONTENT="mittauskirjasta"/><SP WIDTH="13" VPOS="1272" HPOS="789"/>
							<String ID="string_329" HPOS="802" VPOS="1273" WIDTH="22" HEIGHT="25" WC="0.96" CONTENT="ja"/><SP WIDTH="16" VPOS="1273" HPOS="824"/>
							<String ID="string_330" HPOS="840" VPOS="1275" WIDTH="71" HEIGHT="19" WC="0.93" CONTENT="vastaa"/><SP WIDTH="11" VPOS="1275" HPOS="911"/>
							<String ID="string_331" HPOS="922" VPOS="1279" WIDTH="78" HEIGHT="19" WC="0.92" CONTENT="vapaa-"/>
						</TextLine>
						<TextLine ID="line_39" HPOS="181" VPOS="1300" WIDTH="819" HEIGHT="26">
							<String ID="string_332" HPOS="181" VPOS="1300" WIDTH="75" HEIGHT="26" WC="0.93" CONTENT="kirjaa."/><SP WIDTH="30" VPOS="1300" HPOS="256"/>
							<String ID="string_333" HPOS="286" VPOS="1300" WIDTH="130" HEIGHT="22" WC="0.93" CONTENT="Valiokunta"/><SP WIDTH="23" VPOS="1300" HPOS="416"/>
							<String ID="string_334" HPOS="439" VPOS="1301" WIDTH="19" HEIGHT="21" WC="0.96" CONTENT="ei"/><SP WIDTH="23" VPOS="1301" HPOS="458"/>
							<String ID="string_335" HPOS="481" VPOS="1301" WIDTH="128" HEIGHT="21" WC="0.96" CONTENT="kuitenkaan"/><SP WIDTH="23" VPOS="1301" HPOS="609"/>
							<String ID="string_336" HPOS="632" VPOS="1302" WIDTH="33" HEIGHT="20" WC="0.96" CONTENT="ole"/><SP WIDTH="20" VPOS="1302" HPOS="665"/>
							<String ID="string_337" HPOS="685" VPOS="1301" WIDTH="100" HEIGHT="21" WC="0.96" CONTENT="katsonut"/><SP WIDTH="16" VPOS="1301" HPOS="785"/>
							<String ID="string_338" HPOS="801" VPOS="1303" WIDTH="60" HEIGHT="23" WC="0.96" CONTENT="syytä"/><SP WIDTH="15" VPOS="1303" HPOS="861"/>
							<String ID="string_339" HPOS="876" VPOS="1302" WIDTH="74" HEIGHT="20" WC="0.93" CONTENT="olevan"/><SP WIDTH="16" VPOS="1302" HPOS="950"/>
							<String ID="string_340" HPOS="966" VPOS="1306" WIDTH="34" HEIGHT="15" WC="0.92" CONTENT="va-"/>
						</TextLine>
						<TextLine ID="line_40" HPOS="182" VPOS="1328" WIDTH="817" HEIGHT="26">
							<String ID="string_341" HPOS="182" VPOS="1330" WIDTH="86" HEIGHT="23" WC="0.92" CONTENT="pauttaa"/><SP WIDTH="24" VPOS="1330" HPOS="268"/>
							<String ID="string_342" HPOS="292" VPOS="1328" WIDTH="76" HEIGHT="26" WC="0.90" CONTENT="laivoja"/><SP WIDTH="23" VPOS="1328" HPOS="368"/>
							<String ID="string_343" HPOS="391" VPOS="1329" WIDTH="59" HEIGHT="25" WC="0.90" CONTENT="piilu-"/><SP WIDTH="15" VPOS="1329" HPOS="450"/>
							<String ID="string_344" HPOS="465" VPOS="1328" WIDTH="23" HEIGHT="26" WC="0.93" CONTENT="ja"/><SP WIDTH="15" VPOS="1328" HPOS="488"/>
							<String ID="string_345" HPOS="503" VPOS="1329" WIDTH="176" HEIGHT="25" WC="0.92" CONTENT="mittauskirjasta"/><SP WIDTH="15" VPOS="1329" HPOS="679"/>
							<String ID="string_346" HPOS="694" VPOS="1329" WIDTH="167" HEIGHT="21" WC="0.96" CONTENT="suoritettavista"/><SP WIDTH="15" VPOS="1329" HPOS="861"/>
							<String ID="string_347" HPOS="876" VPOS="1328" WIDTH="123" HEIGHT="26" WC="0.96" CONTENT="maksuista,"/>
						</TextLine>
						<TextLine ID="line_41" HPOS="179" VPOS="1356" WIDTH="820" HEIGHT="28">
							<String ID="string_348" HPOS="179" VPOS="1356" WIDTH="60" HEIGHT="24" WC="0.96" CONTENT="jotka"/><SP WIDTH="16" VPOS="1356" HPOS="239"/>
							<String ID="string_349" HPOS="255" VPOS="1358" WIDTH="49" HEIGHT="18" WC="0.95" CONTENT="ovat"/><SP WIDTH="14" VPOS="1358" HPOS="304"/>
							<String ID="string_350" HPOS="318" VPOS="1357" WIDTH="115" HEIGHT="20" WC="0.96" CONTENT="verrattain"/><SP WIDTH="17" VPOS="1357" HPOS="433"/>
							<String ID="string_351" HPOS="450" VPOS="1356" WIDTH="89" HEIGHT="22" WC="0.96" CONTENT="alhaiset"/><SP WIDTH="13" VPOS="1356" HPOS="539"/>
							<String ID="string_352" HPOS="552" VPOS="1357" WIDTH="22" HEIGHT="26" WC="0.96" CONTENT="ja"/><SP WIDTH="14" VPOS="1357" HPOS="574"/>
							<String ID="string_353" HPOS="588" VPOS="1357" WIDTH="47" HEIGHT="26" WC="0.97" CONTENT="ylen"/><SP WIDTH="16" VPOS="1357" HPOS="635"/>
							<String ID="string_354" HPOS="651" VPOS="1357" WIDTH="88" HEIGHT="21" WC="0.96" CONTENT="harvoin"/><SP WIDTH="10" VPOS="1357" HPOS="739"/>
							<String ID="string_355" HPOS="749" VPOS="1357" WIDTH="80" HEIGHT="21" WC="0.96" CONTENT="tulevat"/><SP WIDTH="11" VPOS="1357" HPOS="829"/>
							<String ID="string_356" HPOS="840" VPOS="1356" WIDTH="159" HEIGHT="28" WC="0.96" CONTENT="kysymykseen."/>
						</TextLine>
						<TextLine ID="line_42" HPOS="182" VPOS="1383" WIDTH="818" HEIGHT="29">
							<String ID="string_357" HPOS="182" VPOS="1383" WIDTH="41" HEIGHT="22" WC="0.95" CONTENT="Sen"/><SP WIDTH="22" VPOS="1383" HPOS="223"/>
							<String ID="string_358" HPOS="245" VPOS="1384" WIDTH="83" HEIGHT="26" WC="0.95" CONTENT="jälkeen"/><SP WIDTH="22" VPOS="1384" HPOS="328"/>
							<String ID="string_359" HPOS="350" VPOS="1385" WIDTH="51" HEIGHT="20" WC="0.96" CONTENT="kuin"/><SP WIDTH="22" VPOS="1385" HPOS="401"/>
							<String ID="string_360" HPOS="423" VPOS="1385" WIDTH="124" HEIGHT="21" WC="0.96" CONTENT="armollinen"/><SP WIDTH="16" VPOS="1385" HPOS="547"/>
							<String ID="string_361" HPOS="563" VPOS="1388" WIDTH="71" HEIGHT="18" WC="0.93" CONTENT="asetus"/><SP WIDTH="15" VPOS="1388" HPOS="634"/>
							<String ID="string_362" HPOS="649" VPOS="1386" WIDTH="188" HEIGHT="21" WC="0.93" CONTENT="laivarekisteristä"/><SP WIDTH="14" VPOS="1386" HPOS="837"/>
							<String ID="string_363" HPOS="851" VPOS="1388" WIDTH="55" HEIGHT="24" WC="0.96" CONTENT="ynnä"/><SP WIDTH="16" VPOS="1388" HPOS="906"/>
							<String ID="string_364" HPOS="922" VPOS="1386" WIDTH="78" HEIGHT="25" WC="0.96" CONTENT="toinen,"/>
						</TextLine>
						<TextLine ID="line_43" HPOS="194" VPOS="1413" WIDTH="801" HEIGHT="29">
							<String ID="string_365" HPOS="194" VPOS="1413" WIDTH="3" HEIGHT="3" WC="0.96" CONTENT="i"/><SP WIDTH="59" VPOS="1413" HPOS="197"/>
							<String ID="string_366" HPOS="256" VPOS="1415" WIDTH="24" HEIGHT="19" WC="0.96" CONTENT="vä"/><SP WIDTH="16" VPOS="1415" HPOS="280"/>
							<String ID="string_367" HPOS="296" VPOS="1414" WIDTH="123" HEIGHT="21" WC="0.96" CONTENT="muutoksia"/><SP WIDTH="15" VPOS="1414" HPOS="419"/>
							<String ID="string_368" HPOS="434" VPOS="1414" WIDTH="108" HEIGHT="21" WC="0.96" CONTENT="erinäisiin"/><SP WIDTH="15" VPOS="1414" HPOS="542"/>
							<String ID="string_369" HPOS="557" VPOS="1414" WIDTH="134" HEIGHT="22" WC="0.93" CONTENT="säännöksiin"/><SP WIDTH="17" VPOS="1414" HPOS="691"/>
							<String ID="string_370" HPOS="708" VPOS="1414" WIDTH="123" HEIGHT="26" WC="0.92" CONTENT="merilaissa,"/><SP WIDTH="16" VPOS="1414" HPOS="831"/>
							<String ID="string_371" HPOS="847" VPOS="1415" WIDTH="109" HEIGHT="27" WC="0.96" CONTENT="kumpikin"/><SP WIDTH="18" VPOS="1415" HPOS="956"/>
							<String ID="string_372" HPOS="974" VPOS="1415" WIDTH="21" HEIGHT="20" WC="0.96" CONTENT="11"/>
						</TextLine>
						<TextLine ID="line_44" HPOS="181" VPOS="1442" WIDTH="820" HEIGHT="27">
							<String ID="string_373" HPOS="181" VPOS="1442" WIDTH="93" HEIGHT="26" WC="0.96" CONTENT="päivältä"/><SP WIDTH="15" VPOS="1442" HPOS="274"/>
							<String ID="string_374" HPOS="289" VPOS="1443" WIDTH="148" HEIGHT="21" WC="0.96" CONTENT="marraskuuta"/><SP WIDTH="17" VPOS="1443" HPOS="437"/>
							<String ID="string_375" HPOS="454" VPOS="1442" WIDTH="60" HEIGHT="27" WC="0.96" CONTENT="1889,"/><SP WIDTH="17" VPOS="1442" HPOS="514"/>
							<String ID="string_376" HPOS="531" VPOS="1446" WIDTH="48" HEIGHT="18" WC="0.96" CONTENT="ovat"/><SP WIDTH="15" VPOS="1446" HPOS="579"/>
							<String ID="string_377" HPOS="594" VPOS="1443" WIDTH="137" HEIGHT="26" WC="0.96" CONTENT="ilmestyneet,"/><SP WIDTH="18" VPOS="1443" HPOS="731"/>
							<String ID="string_378" HPOS="749" VPOS="1450" WIDTH="26" HEIGHT="14" WC="0.96" CONTENT="on"/><SP WIDTH="11" VPOS="1450" HPOS="775"/>
							<String ID="string_379" HPOS="786" VPOS="1444" WIDTH="122" HEIGHT="21" WC="0.93" CONTENT="valiokunta"/><SP WIDTH="11" VPOS="1444" HPOS="908"/>
							<String ID="string_380" HPOS="919" VPOS="1444" WIDTH="82" HEIGHT="20" WC="0.92" CONTENT="kuiten-"/>
						</TextLine>
						<TextLine ID="line_45" HPOS="181" VPOS="1470" WIDTH="818" HEIGHT="28">
							<String ID="string_381" HPOS="181" VPOS="1470" WIDTH="37" HEIGHT="21" WC="0.97" CONTENT="kin"/><SP WIDTH="15" VPOS="1470" HPOS="218"/>
							<String ID="string_382" HPOS="233" VPOS="1472" WIDTH="101" HEIGHT="20" WC="0.96" CONTENT="katsonut"/><SP WIDTH="15" VPOS="1472" HPOS="334"/>
							<String ID="string_383" HPOS="349" VPOS="1472" WIDTH="155" HEIGHT="26" WC="0.96" CONTENT="tarpeelliseksi"/><SP WIDTH="15" VPOS="1472" HPOS="504"/>
							<String ID="string_384" HPOS="519" VPOS="1472" WIDTH="108" HEIGHT="21" WC="0.96" CONTENT="selventää"/><SP WIDTH="15" VPOS="1472" HPOS="627"/>
							<String ID="string_385" HPOS="642" VPOS="1474" WIDTH="94" HEIGHT="19" WC="0.96" CONTENT="asetusta"/><SP WIDTH="16" VPOS="1474" HPOS="736"/>
							<String ID="string_386" HPOS="752" VPOS="1472" WIDTH="60" HEIGHT="26" WC="0.96" CONTENT="siten,"/><SP WIDTH="17" VPOS="1472" HPOS="812"/>
							<String ID="string_387" HPOS="829" VPOS="1475" WIDTH="43" HEIGHT="18" WC="0.96" CONTENT="että"/><SP WIDTH="15" VPOS="1475" HPOS="872"/>
							<String ID="string_388" HPOS="887" VPOS="1479" WIDTH="23" HEIGHT="14" WC="0.96" CONTENT="se"/><SP WIDTH="11" VPOS="1479" HPOS="910"/>
							<String ID="string_389" HPOS="921" VPOS="1479" WIDTH="78" HEIGHT="15" WC="0.97" CONTENT="sanaan"/>
						</TextLine>
					</TextBlock>
				</ComposedBlock>
				<Illustration ID="cblock_2" HPOS="182" VPOS="1419" WIDTH="74" HEIGHT="16"></Illustration>
			</PrintSpace>
		</Page>
	</Layout>
</alto>
