1081 1775
223 135 53 22 1088
518 135 94 21 Toukok.
630 135 24 19 13
670 141 19 19 p.

193 200 67 21 Dessa
282 200 171 27 folkhögskolors
475 200 41 21 fria
538 206 99 20 program
659 199 73 27 gjorde
756 199 36 21 det
808 199 60 21 äfven
884 198 81 27 möjligt
980 198 34 22 för

193 228 107 22 desamma
321 230 32 19 att
376 228 128 22 åtminstone
519 229 27 26 pä
561 230 56 19 vissa
633 230 57 18 orter
704 227 92 26 gestalta
812 228 31 26 sig
859 227 89 21 sålunda
964 227 51 21 eller

193 256 126 23 ätminstone
342 257 90 26 ungefär
454 257 96 26 sälunda,
570 263 44 15 som
631 256 26 21 de
672 256 22 21 af
710 256 49 21 herr
774 256 106 21 Mechelin
895 256 119 27 föreslagna

193 285 244 22 landtmannaskolorna.
466 285 42 27 Jag
531 286 39 20 har
590 285 64 21 ocksä
669 285 41 21 fäst
726 285 42 26 mig
783 285 35 21 vid
834 287 30 18 ett
878 285 99 26 yttrande
993 284 23 22 af

193 314 105 21 utskottet
313 315 6 20 i
335 315 65 20 slutet
420 315 27 25 pä
464 315 40 20 den
522 314 25 21 18
562 314 40 21 och
616 313 74 26 början
707 313 22 21 af
744 313 39 22 den
800 314 26 20 19
842 313 66 26 sidan,
926 313 38 21 der
979 313 35 21 det

192 343 60 20 heter
267 344 31 19 att
314 343 61 20 dessa
390 343 72 21 skolor
477 343 83 26 mycket
575 343 40 20 lätt
630 348 75 20 genom
722 347 25 16 en
764 341 136 28 ombildning,
917 341 37 22 der
970 347 44 16 om-

193 371 173 26 ständigheterna
386 371 75 22 sådant
476 371 91 27 påkalla,
583 371 71 21 kunna
668 370 34 21 till
716 370 161 27 folkhögskolor
893 370 121 22 förvandlas

194 399 52 22 eller
268 399 86 26 öfvergå
376 400 32 21 till
430 400 166 26 folkhögskolor.
627 399 105 22 Omvändt
751 399 71 21 kunde
838 399 26 20 då
881 399 63 22 också
960 399 54 21 folk-

192 428 144 27 högskolorna
358 429 30 20 uti
411 429 36 20 sitt
468 435 97 20 program
580 430 94 25 upptaga
689 428 26 20 de
730 430 82 23 ämnen,
828 434 45 15 som
889 427 88 22 föreslås
993 427 23 22 af

192 457 51 21 herr
266 456 103 22 Mechelin
385 457 7 20 i
407 454 243 28 landtmannåskolorna,
672 456 39 21 och
727 456 85 27 öfvergå
828 456 88 22 sålunda
931 456 32 21 till
979 457 36 26 dy-

192 485 45 22 lika
252 485 78 26 skolor,
350 485 39 21 och
405 486 7 20 i
427 485 75 21 sådant
517 485 37 22 fall
570 485 90 22 behöfde
676 485 27 20 då
718 485 46 20 icke
779 485 105 21 särskilda
898 485 118 21 landtman-

193 514 101 21 naskolor
316 514 51 21 eller
390 513 197 22 husmodersskolor
609 514 95 21 inrättas.
735 513 49 21 Men
799 513 36 21 vill
850 519 49 15 man
915 513 53 22 dock
984 515 32 20 att

194 543 62 20 dessa
270 542 85 21 komma
370 543 31 20 till
418 543 62 20 stånd
495 542 100 21 särskildt
610 543 55 20 ifrån
680 542 194 26 folkhögskolorna,
886 542 70 21 såsom
967 542 49 21 herr

194 570 104 21 Mechelin
319 577 61 20 synes
396 571 60 21 tänkt
471 571 31 27 sig
518 571 113 24 desamma,
648 570 23 21 så
686 570 69 21 skulle
768 570 37 26 jag
820 570 49 26 vilja
884 570 74 21 förena
973 571 43 26 mig

194 600 31 21 uti
241 599 35 21 det
290 600 106 25 yttrande,
410 606 45 14 som
472 600 22 20 af
507 600 49 20 herr
572 599 103 21 Mechelin
690 598 49 27 sjelf
752 598 40 22 har
807 598 93 28 afgifvits
915 600 31 19 uti
962 599 52 21 hans

192 628 211 26 petitionsmemorial
419 628 27 26 på
462 628 12 20 6
490 628 66 24 sidan,
572 628 38 20 der
626 627 35 21 det
676 628 60 20 heter
746 633 45 21 ,om
802 628 39 20 den
852 627 90 21 sålunda
952 628 62 20 fram-

194 656 88 21 kastade
297 656 49 21 idén
362 662 61 15 anses
439 656 87 27 förtjent
541 656 22 21 af
577 656 68 26 någon
662 656 193 26 uppmärksamhet,
864 656 24 21 så
898 656 69 21 skulle
978 656 36 21 det

193 686 94 20 närmast
308 684 56 26 gälla
384 686 32 19 att
430 684 22 21 få
467 685 65 21 saken
546 685 116 21 bearbetad
679 685 38 21 och
733 684 112 21 utvecklad
860 690 76 21 genom
952 691 24 15 en
993 684 23 22 af

194 712 106 27 Styrelsen
323 713 84 21 nedsatt
429 714 100 20 komitö*.
562 714 41 26 Jag
622 720 62 14 anser
706 715 31 19 att
759 713 48 21 idén
830 716 24 18 är
882 713 89 27 förtjent
993 713 23 21 af

194 741 193 27 uppmärksamhet,
404 742 39 20 och
458 742 48 20 ville
522 742 71 21 derför
609 744 31 18 att
656 742 102 25 styrelsen
774 742 97 21 nedsatte
886 748 27 14 en
928 742 85 25 komite,

193 776 46 15 som
254 770 69 20 skulle
339 772 96 19 närmare
450 772 50 25 taga
515 770 65 22 saken
596 770 98 26 omhand,
711 770 44 22 ifall
771 770 105 27 nämligen
892 770 61 22 dessa
966 770 48 21 sko-

193 798 33 21 lor
249 798 67 22 skulle
339 798 68 22 måsta
430 805 62 15 anses
508 799 68 22 såsom
592 799 72 21 skolor
679 798 43 22 helt
738 798 39 22 och
793 798 65 22 hållet
874 798 70 22 skilda
960 798 53 22 ifrån

194 826 194 28 folkhögskolorna.
409 827 49 21 Men
474 830 23 18 är
513 829 35 20 det
564 827 128 27 nödvändigt
707 830 32 19 att
754 834 25 14 en
796 827 78 22 komité
886 830 60 23 tager
958 827 56 22 hand

194 862 33 15 om
252 855 61 22 dessa
335 856 78 25 skolor,
429 856 23 21 så
468 858 24 19 är
507 857 36 20 det
558 856 121 27 isynnerhet
694 857 135 25 nödvändigt,
846 858 32 19 att
893 863 25 14 en
934 857 79 20 komité

194 884 107 21 nedsättes
324 885 33 20 för
379 887 31 18 att
432 886 96 25 uppgöra
548 887 98 19 närmare
668 891 97 20 program
790 885 38 20 och
844 885 80 26 förslag
938 884 34 21 för
987 885 26 20 de

194 919 16 15 s.
226 914 20 25 k.
262 913 252 26 fortbildningsskolorna
536 914 69 21 såsom
628 913 63 21 också
710 913 230 21 folkskolläraremötet
956 914 6 20 i
978 913 36 27 Jy-

193 941 86 26 väskylä
301 941 116 26 föreslagit.
448 942 68 21 Dessa
531 941 220 27 fortbildningsskolor
768 942 67 21 finnas
850 942 122 26 visserligen
987 942 27 27 pä

194 976 80 21 papper
296 970 65 21 redan
377 971 6 20 i
398 970 267 27 folkskoleförordningens
689 971 41 20 125
745 970 16 27 8,
784 977 47 14 men
853 971 68 21 såsom
937 971 19 21 vi
972 971 42 21 alla

194 1001 55 24 veta,
272 1001 24 19 är
318 999 68 21 denna
401 999 101 26 paragraf
515 1006 26 14 en
557 999 42 21 död
614 999 91 21 bokstaf.
736 999 50 21 Man
802 999 41 21 kan
857 999 23 27 ju
897 999 63 22 ocksä
976 999 38 22 lätt

193 1028 52 26 inse,
268 1029 32 20 att
322 1027 48 22 med
393 1027 25 22 de
442 1027 22 22 få
478 1029 78 26 gånger
571 1029 6 20 i
593 1028 86 25 veckan,
696 1034 44 15 som
756 1028 191 21 folkskollärarena
962 1028 52 21 böra

194 1056 96 21 meddela
310 1057 151 26 undervisning
476 1057 6 20 i
498 1057 54 21 slika
572 1057 78 26 skolor,
666 1058 54 19 stort
736 1057 108 26 ingenting
859 1057 41 20 kan
916 1058 98 24 uträttas,

194 1084 27 21 dä
239 1085 73 21 endast
328 1085 25 20 de
369 1087 93 19 närmast
478 1085 82 22 boende
576 1085 72 21 kunna
662 1085 80 21 besöka
758 1086 113 25 desamma,
888 1086 39 20 och
942 1086 71 26 ingen-

194 1113 44 27 ting
253 1113 39 21 har
308 1113 66 21 heller
389 1113 68 22 blifvit
472 1115 111 20 uträttadt.
614 1113 93 22 Alldeles
723 1113 69 22 såsom
808 1114 69 26 någon
893 1115 67 20 talare
977 1114 38 21 här

194 1142 39 20 har
254 1144 72 24 yttrat,
350 1142 64 21 borde
438 1142 62 21 dessa
523 1143 71 20 skolor
613 1142 82 21 således
710 1148 50 15 vara
776 1143 64 20 skildt
856 1142 87 22 stående
959 1141 54 23 ifrån

194 1170 152 26 folkskolorna,
362 1177 33 14 om
412 1171 25 20 de
453 1171 63 21 också
532 1171 97 27 utgjorde
644 1177 26 14 en
681 1171 137 26 fortsättning
828 1171 23 21 af
862 1171 61 21 deras
933 1171 80 21 kurser.

194 1199 90 21 Prosten
308 1199 105 21 Stenbäck
436 1200 40 20 har
497 1199 61 21 äfven
573 1199 123 25 framhällit,
711 1200 55 20 huru
782 1200 94 26 omöjligt
892 1200 36 20 det
942 1202 24 18 är
982 1198 33 22 för

194 1234 25 14 en
235 1227 169 24 folkskollärare,
413 1228 63 20 hvars
492 1228 30 20 tid
538 1230 23 18 är
576 1228 24 21 sä
610 1227 83 27 mycket
703 1229 114 25 upptagen,
826 1230 32 18 att
868 1228 72 21 kunna
950 1228 64 20 hinna
1038 1227 3 2 '

193 1262 51 14 vara
266 1256 69 21 lärare
351 1257 6 19 i
373 1256 71 26 dylika
463 1256 228 26 fortbildningsskolor.
708 1268 26 2 —
754 1256 40 26 Jag
810 1256 68 21 skulle
893 1256 120 26 visserligen

194 1284 77 21 önskat
292 1286 32 19 att
345 1284 115 21 utskottets
483 1284 55 22 kläm
562 1285 53 21 hade
636 1285 54 20 varit
705 1284 139 26 annorlunda,
861 1287 26 19 än
902 1284 55 22 hvad
974 1285 39 21 den

194 1312 38 22 har
251 1312 74 22 blifvit.
356 1313 46 20 Den
418 1315 24 17 är
457 1313 45 19 icke
519 1313 65 20 heller
599 1314 6 19 i
621 1313 218 20 öfverensstämmelse
855 1314 48 20 med
919 1314 26 19 de
960 1313 54 26 äsig-

193 1342 39 23 ter,
255 1346 45 15 som
316 1340 23 21 af
354 1341 104 20 utskottet
474 1341 56 25 sjelft
545 1341 63 21 hafva
624 1341 69 20 blifvit
709 1341 103 26 uttalade,
828 1347 47 14 men
893 1341 65 20 under
974 1341 40 20 den

193 1369 142 28 förhoppning
358 1370 37 25 att,
418 1375 32 14 om
476 1369 39 20 den
536 1369 23 21 af
577 1369 104 22 utskottet
696 1368 119 28 föreslagna
830 1375 96 16 summan
941 1369 73 22 ställes

194 1397 32 22 till
249 1398 134 27 regeringens
406 1398 130 26 disposition,
560 1398 69 21 denna
652 1398 96 27 regering
766 1401 96 18 närmare
878 1398 55 21 skall
948 1398 66 22 ordna

194 1427 72 24 saken,
280 1427 39 20 och
331 1427 33 21 för
372 1428 31 19 att
412 1427 45 20 icke
467 1426 43 21 lika
518 1427 75 26 mänga
605 1426 79 27 förslag
692 1427 32 20 till
733 1427 103 21 klämmar
844 1427 65 21 mätte
918 1426 95 27 föresläs,

194 1461 45 16 som
259 1456 20 21 vi
294 1457 37 20 äro
347 1455 38 21 här
400 1456 137 25 närvarande,
554 1456 23 21 sä
593 1455 35 22 vill
640 1455 37 28 jag
692 1455 112 27 godkänna
820 1456 114 21 utskottets
949 1456 65 21 kläm.

263 1484 83 21 Pastori
362 1484 93 27 Vegelius
470 1484 72 26 luopui
558 1486 173 20 sananvuorosta.
