<?xml version="1.0" encoding="UTF-8"?>
<alto xmlns="http://www.loc.gov/standards/alto/ns-v3#" xmlns:xlink="http://www.w3.org/1999/xlink" xmlns:xsi="http://www.w3.org/2001/XMLSchema-instance" xsi:schemaLocation="http://www.loc.gov/standards/alto/ns-v3# http://www.loc.gov/alto/v3/alto-3-0.xsd">
	<Description>
		<MeasurementUnit>pixel</MeasurementUnit>
		<sourceImageInformation>
			<fileName>/tmp/tess_hj5h_1v9_input.PNG</fileName>
		</sourceImageInformation>
		<OCRProcessing ID="OCR_0">
			<ocrProcessingStep>
				<processingSoftware>
					<softwareName>tesseract 5.3.4</softwareName>
				</processingSoftware>
			</ocrProcessingStep>
		</OCRProcessing>
	</Description>
	<Layout>
		<Page WIDTH="1084" HEIGHT="1773" PHYSICAL_IMG_NR="0" ID="page_0">
			<PrintSpace HPOS="0" VPOS="0" WIDTH="1084" HEIGHT="1773">
				<ComposedBlock ID="cblock_0" HPOS="226" VPOS="128" WIDTH="465" HEIGHT="24">
					<TextBlock ID="block_0" HPOS="226" VPOS="128" WIDTH="465" HEIGHT="24">
						<TextLine ID="line_0" HPOS="226" VPOS="128" WIDTH="465" HEIGHT="24">
							<String ID="string_0" HPOS="226" VPOS="128" WIDTH="55" HEIGHT="22" WC="0.96" CONTENT="1134"/><SP WIDTH="240" VPOS="128" HPOS="281"/>
							<String ID="string_1" HPOS="521" VPOS="128" WIDTH="93" HEIGHT="19" WC="0.91" CONTENT="Toukok."/><SP WIDTH="17" VPOS="128" HPOS="614"/>
							<String ID="string_2" HPOS="631" VPOS="129" WIDTH="25" HEIGHT="18" WC="0.95" CONTENT="15"/><SP WIDTH="16" VPOS="129" HPOS="656"/>
							<String ID="string_3" HPOS="672" VPOS="135" WIDTH="19" HEIGHT="17" WC="0.96" CONTENT="p."/>
						</TextLine>
					</TextBlock>
				</ComposedBlock>
				<ComposedBlock ID="cblock_1" HPOS="186" VPOS="192" WIDTH="830" HEIGHT="1289">
					<TextBlock ID="block_1" HPOS="196" VPOS="192" WIDTH="820" HEIGHT="55">
						<TextLine ID="line_1" HPOS="196" VPOS="192" WIDTH="820" HEIGHT="27">
							<String ID="string_4" HPOS="196" VPOS="193" WIDTH="71" HEIGHT="21" WC="0.96" CONTENT="taisiin"/><SP WIDTH="23" VPOS="193" HPOS="267"/>
							<String ID="string_5" HPOS="290" VPOS="192" WIDTH="51" HEIGHT="21" WC="0.95" CONTENT="sekä"/><SP WIDTH="22" VPOS="192" HPOS="341"/>
							<String ID="string_6" HPOS="363" VPOS="192" WIDTH="65" HEIGHT="26" WC="0.96" CONTENT="niille,"/><SP WIDTH="21" VPOS="192" HPOS="428"/>
							<String ID="string_7" HPOS="449" VPOS="192" WIDTH="60" HEIGHT="27" WC="0.95" CONTENT="jotka"/><SP WIDTH="22" VPOS="192" HPOS="509"/>
							<String ID="string_8" HPOS="531" VPOS="194" WIDTH="71" HEIGHT="19" WC="0.96" CONTENT="tämän"/><SP WIDTH="24" VPOS="194" HPOS="602"/>
							<String ID="string_9" HPOS="626" VPOS="192" WIDTH="114" HEIGHT="22" WC="0.96" CONTENT="asetuksen"/><SP WIDTH="15" VPOS="192" HPOS="740"/>
							<String ID="string_10" HPOS="755" VPOS="194" WIDTH="91" HEIGHT="20" WC="0.96" CONTENT="mukaan"/><SP WIDTH="16" VPOS="194" HPOS="846"/>
							<String ID="string_11" HPOS="862" VPOS="194" WIDTH="93" HEIGHT="25" WC="0.96" CONTENT="eroavat,"/><SP WIDTH="16" VPOS="194" HPOS="955"/>
							<String ID="string_12" HPOS="971" VPOS="195" WIDTH="45" HEIGHT="19" WC="0.97" CONTENT="että"/>
						</TextLine>
						<TextLine ID="line_2" HPOS="197" VPOS="220" WIDTH="540" HEIGHT="27">
							<String ID="string_13" HPOS="197" VPOS="222" WIDTH="63" HEIGHT="25" WC="0.96" CONTENT="niille,"/><SP WIDTH="14" VPOS="222" HPOS="260"/>
							<String ID="string_14" HPOS="274" VPOS="220" WIDTH="61" HEIGHT="26" WC="0.55" CONTENT="jotka"/><SP WIDTH="14" VPOS="220" HPOS="335"/>
							<String ID="string_15" HPOS="349" VPOS="220" WIDTH="166" HEIGHT="22" WC="0.96" CONTENT="hakemuksesta"/><SP WIDTH="16" VPOS="220" HPOS="515"/>
							<String ID="string_16" HPOS="531" VPOS="222" WIDTH="74" HEIGHT="19" WC="0.93" CONTENT="saavat"/><SP WIDTH="15" VPOS="222" HPOS="605"/>
							<String ID="string_17" HPOS="620" VPOS="220" WIDTH="117" HEIGHT="27" WC="0.93" CONTENT="pensionin."/>
						</TextLine>
					</TextBlock>
					<TextBlock ID="block_2" HPOS="192" VPOS="248" WIDTH="824" HEIGHT="401">
						<TextLine ID="line_3" HPOS="264" VPOS="248" WIDTH="751" HEIGHT="28">
							<String ID="string_18" HPOS="264" VPOS="249" WIDTH="89" HEIGHT="21" WC="0.95" CONTENT="Rehtori"/><SP WIDTH="22" VPOS="249" HPOS="353"/>
							<String ID="string_19" HPOS="375" VPOS="249" WIDTH="110" HEIGHT="21" WC="0.95" CONTENT="Melander:"/><SP WIDTH="24" VPOS="249" HPOS="485"/>
							<String ID="string_20" HPOS="509" VPOS="248" WIDTH="117" HEIGHT="22" WC="0.96" CONTENT="Viimeinen"/><SP WIDTH="22" VPOS="248" HPOS="626"/>
							<String ID="string_21" HPOS="648" VPOS="248" WIDTH="80" HEIGHT="27" WC="0.96" CONTENT="puhuja"/><SP WIDTH="22" VPOS="248" HPOS="728"/>
							<String ID="string_22" HPOS="750" VPOS="249" WIDTH="66" HEIGHT="26" WC="0.96" CONTENT="sanoi,"/><SP WIDTH="23" VPOS="249" HPOS="816"/>
							<String ID="string_23" HPOS="839" VPOS="250" WIDTH="44" HEIGHT="20" WC="0.96" CONTENT="että"/><SP WIDTH="22" VPOS="250" HPOS="883"/>
							<String ID="string_24" HPOS="905" VPOS="249" WIDTH="110" HEIGHT="27" WC="0.95" CONTENT="opettajat,"/>
						</TextLine>
						<TextLine ID="line_4" HPOS="195" VPOS="277" WIDTH="820" HEIGHT="28">
							<String ID="string_25" HPOS="195" VPOS="278" WIDTH="61" HEIGHT="27" WC="0.96" CONTENT="jotka"/><SP WIDTH="22" VPOS="278" HPOS="256"/>
							<String ID="string_26" HPOS="278" VPOS="278" WIDTH="27" HEIGHT="20" WC="0.96" CONTENT="63"/><SP WIDTH="22" VPOS="278" HPOS="305"/>
							<String ID="string_27" HPOS="327" VPOS="277" WIDTH="82" HEIGHT="21" WC="0.96" CONTENT="vuoden"/><SP WIDTH="20" VPOS="277" HPOS="409"/>
							<String ID="string_28" HPOS="429" VPOS="278" WIDTH="56" HEIGHT="20" WC="0.96" CONTENT="iässä"/><SP WIDTH="15" VPOS="278" HPOS="485"/>
							<String ID="string_29" HPOS="500" VPOS="279" WIDTH="88" HEIGHT="20" WC="0.96" CONTENT="eroavat"/><SP WIDTH="15" VPOS="279" HPOS="588"/>
							<String ID="string_30" HPOS="603" VPOS="278" WIDTH="113" HEIGHT="26" WC="0.96" CONTENT="virastaan,"/><SP WIDTH="16" VPOS="278" HPOS="716"/>
							<String ID="string_31" HPOS="732" VPOS="278" WIDTH="95" HEIGHT="21" WC="0.93" CONTENT="tulisivat"/><SP WIDTH="14" VPOS="278" HPOS="827"/>
							<String ID="string_32" HPOS="841" VPOS="278" WIDTH="174" HEIGHT="21" WC="0.92" CONTENT="edullisemmalle"/>
						</TextLine>
						<TextLine ID="line_5" HPOS="196" VPOS="306" WIDTH="820" HEIGHT="27">
							<String ID="string_33" HPOS="196" VPOS="306" WIDTH="99" HEIGHT="22" WC="0.96" CONTENT="kannalle"/><SP WIDTH="23" VPOS="306" HPOS="295"/>
							<String ID="string_34" HPOS="318" VPOS="308" WIDTH="71" HEIGHT="19" WC="0.96" CONTENT="tämän"/><SP WIDTH="22" VPOS="308" HPOS="389"/>
							<String ID="string_35" HPOS="411" VPOS="307" WIDTH="59" HEIGHT="20" WC="0.96" CONTENT="asian"/><SP WIDTH="19" VPOS="307" HPOS="470"/>
							<String ID="string_36" HPOS="489" VPOS="306" WIDTH="94" HEIGHT="24" WC="0.95" CONTENT="suhteen,"/><SP WIDTH="21" VPOS="306" HPOS="583"/>
							<String ID="string_37" HPOS="604" VPOS="306" WIDTH="51" HEIGHT="21" WC="0.96" CONTENT="kuin"/><SP WIDTH="15" VPOS="306" HPOS="655"/>
							<String ID="string_38" HPOS="670" VPOS="312" WIDTH="27" HEIGHT="14" WC="0.96" CONTENT="ne"/><SP WIDTH="15" VPOS="312" HPOS="697"/>
							<String ID="string_39" HPOS="712" VPOS="307" WIDTH="110" HEIGHT="26" WC="0.96" CONTENT="opettajat,"/><SP WIDTH="13" VPOS="307" HPOS="822"/>
							<String ID="string_40" HPOS="835" VPOS="307" WIDTH="61" HEIGHT="26" WC="0.93" CONTENT="jotka"/><SP WIDTH="15" VPOS="307" HPOS="896"/>
							<String ID="string_41" HPOS="911" VPOS="307" WIDTH="105" HEIGHT="26" WC="0.92" CONTENT="vapaaeh-"/>
						</TextLine>
						<TextLine ID="line_6" HPOS="196" VPOS="335" WIDTH="820" HEIGHT="27">
							<String ID="string_42" HPOS="196" VPOS="336" WIDTH="83" HEIGHT="20" WC="0.93" CONTENT="toisesti"/><SP WIDTH="23" VPOS="336" HPOS="279"/>
							<String ID="string_43" HPOS="302" VPOS="336" WIDTH="49" HEIGHT="20" WC="0.96" CONTENT="ovat"/><SP WIDTH="22" VPOS="336" HPOS="351"/>
							<String ID="string_44" HPOS="373" VPOS="335" WIDTH="106" HEIGHT="21" WC="0.96" CONTENT="virastaan"/><SP WIDTH="23" VPOS="335" HPOS="479"/>
							<String ID="string_45" HPOS="502" VPOS="337" WIDTH="102" HEIGHT="19" WC="0.93" CONTENT="eronneet"/><SP WIDTH="15" VPOS="337" HPOS="604"/>
							<String ID="string_46" HPOS="619" VPOS="336" WIDTH="113" HEIGHT="20" WC="0.91" CONTENT="varemmin"/><SP WIDTH="13" VPOS="336" HPOS="732"/>
							<String ID="string_47" HPOS="745" VPOS="336" WIDTH="23" HEIGHT="26" WC="0.96" CONTENT="ja"/><SP WIDTH="15" VPOS="336" HPOS="768"/>
							<String ID="string_48" HPOS="783" VPOS="336" WIDTH="72" HEIGHT="20" WC="0.95" CONTENT="saavat"/><SP WIDTH="15" VPOS="336" HPOS="855"/>
							<String ID="string_49" HPOS="870" VPOS="335" WIDTH="109" HEIGHT="27" WC="0.96" CONTENT="eläkkeen,"/><SP WIDTH="14" VPOS="335" HPOS="979"/>
							<String ID="string_50" HPOS="993" VPOS="336" WIDTH="23" HEIGHT="26" WC="0.96" CONTENT="ja"/>
						</TextLine>
						<TextLine ID="line_7" HPOS="196" VPOS="364" WIDTH="819" HEIGHT="26">
							<String ID="string_51" HPOS="196" VPOS="364" WIDTH="42" HEIGHT="21" WC="0.96" CONTENT="hän"/><SP WIDTH="14" VPOS="364" HPOS="238"/>
							<String ID="string_52" HPOS="252" VPOS="364" WIDTH="39" HEIGHT="26" WC="0.96" CONTENT="piti"/><SP WIDTH="15" VPOS="364" HPOS="291"/>
							<String ID="string_53" HPOS="306" VPOS="366" WIDTH="45" HEIGHT="19" WC="0.96" CONTENT="tätä"/><SP WIDTH="16" VPOS="366" HPOS="351"/>
							<String ID="string_54" HPOS="367" VPOS="364" WIDTH="182" HEIGHT="26" WC="0.96" CONTENT="sopimattomana."/><SP WIDTH="21" VPOS="364" HPOS="549"/>
							<String ID="string_55" HPOS="570" VPOS="364" WIDTH="74" HEIGHT="21" WC="0.96" CONTENT="Minun"/><SP WIDTH="15" VPOS="364" HPOS="644"/>
							<String ID="string_56" HPOS="659" VPOS="364" WIDTH="118" HEIGHT="21" WC="0.96" CONTENT="mielestäni"/><SP WIDTH="16" VPOS="364" HPOS="777"/>
							<String ID="string_57" HPOS="793" VPOS="370" WIDTH="26" HEIGHT="15" WC="0.96" CONTENT="on"/><SP WIDTH="16" VPOS="370" HPOS="819"/>
							<String ID="string_58" HPOS="835" VPOS="371" WIDTH="22" HEIGHT="15" WC="0.96" CONTENT="se"/><SP WIDTH="11" VPOS="371" HPOS="857"/>
							<String ID="string_59" HPOS="868" VPOS="364" WIDTH="60" HEIGHT="21" WC="0.96" CONTENT="aivan"/><SP WIDTH="12" VPOS="364" HPOS="928"/>
							<String ID="string_60" HPOS="940" VPOS="364" WIDTH="75" HEIGHT="22" WC="0.96" CONTENT="oikein."/>
						</TextLine>
						<TextLine ID="line_8" HPOS="196" VPOS="392" WIDTH="819" HEIGHT="28">
							<String ID="string_61" HPOS="196" VPOS="393" WIDTH="38" HEIGHT="21" WC="0.96" CONTENT="Jos"/><SP WIDTH="20" VPOS="393" HPOS="234"/>
							<String ID="string_62" HPOS="254" VPOS="392" WIDTH="52" HEIGHT="28" WC="0.96" CONTENT="joku"/><SP WIDTH="19" VPOS="392" HPOS="306"/>
							<String ID="string_63" HPOS="325" VPOS="392" WIDTH="178" HEIGHT="26" WC="0.96" CONTENT="vapaaehtoisesti"/><SP WIDTH="16" VPOS="392" HPOS="503"/>
							<String ID="string_64" HPOS="519" VPOS="399" WIDTH="64" HEIGHT="15" WC="0.96" CONTENT="eroaa"/><SP WIDTH="15" VPOS="399" HPOS="583"/>
							<String ID="string_65" HPOS="598" VPOS="393" WIDTH="114" HEIGHT="25" WC="0.96" CONTENT="virastaan,"/><SP WIDTH="17" VPOS="393" HPOS="712"/>
							<String ID="string_66" HPOS="729" VPOS="393" WIDTH="44" HEIGHT="21" WC="0.96" CONTENT="niin"/><SP WIDTH="15" VPOS="393" HPOS="773"/>
							<String ID="string_67" HPOS="788" VPOS="393" WIDTH="57" HEIGHT="21" WC="0.96" CONTENT="tulee"/><SP WIDTH="14" VPOS="393" HPOS="845"/>
							<String ID="string_68" HPOS="859" VPOS="392" WIDTH="69" HEIGHT="22" WC="0.96" CONTENT="hänen"/><SP WIDTH="15" VPOS="392" HPOS="928"/>
							<String ID="string_69" HPOS="943" VPOS="394" WIDTH="72" HEIGHT="26" WC="0.96" CONTENT="tyytyä"/>
						</TextLine>
						<TextLine ID="line_9" HPOS="196" VPOS="420" WIDTH="819" HEIGHT="27">
							<String ID="string_70" HPOS="196" VPOS="422" WIDTH="68" HEIGHT="21" WC="0.96" CONTENT="niihin"/><SP WIDTH="13" VPOS="422" HPOS="264"/>
							<String ID="string_71" HPOS="277" VPOS="421" WIDTH="139" HEIGHT="26" WC="0.95" CONTENT="seurauksiin,"/><SP WIDTH="13" VPOS="421" HPOS="416"/>
							<String ID="string_72" HPOS="429" VPOS="420" WIDTH="55" HEIGHT="27" WC="0.96" CONTENT="joita"/><SP WIDTH="16" VPOS="420" HPOS="484"/>
							<String ID="string_73" HPOS="500" VPOS="422" WIDTH="129" HEIGHT="20" WC="0.96" CONTENT="semmoinen"/><SP WIDTH="16" VPOS="422" HPOS="629"/>
							<String ID="string_74" HPOS="645" VPOS="421" WIDTH="58" HEIGHT="21" WC="0.96" CONTENT="askel"/><SP WIDTH="15" VPOS="421" HPOS="703"/>
							<String ID="string_75" HPOS="718" VPOS="423" WIDTH="90" HEIGHT="20" WC="0.96" CONTENT="tuottaa."/><SP WIDTH="26" VPOS="423" HPOS="808"/>
							<String ID="string_76" HPOS="834" VPOS="421" WIDTH="71" HEIGHT="22" WC="0.93" CONTENT="Mutta"/><SP WIDTH="14" VPOS="421" HPOS="905"/>
							<String ID="string_77" HPOS="919" VPOS="422" WIDTH="96" HEIGHT="21" WC="0.92" CONTENT="tämmöi-"/>
						</TextLine>
						<TextLine ID="line_10" HPOS="194" VPOS="450" WIDTH="821" HEIGHT="27">
							<String ID="string_78" HPOS="194" VPOS="457" WIDTH="41" HEIGHT="15" WC="0.95" CONTENT="nen"/><SP WIDTH="23" VPOS="457" HPOS="235"/>
							<String ID="string_79" HPOS="258" VPOS="451" WIDTH="121" HEIGHT="21" WC="0.95" CONTENT="eroaminen"/><SP WIDTH="23" VPOS="451" HPOS="379"/>
							<String ID="string_80" HPOS="402" VPOS="450" WIDTH="27" HEIGHT="21" WC="0.96" CONTENT="63"/><SP WIDTH="22" VPOS="450" HPOS="429"/>
							<String ID="string_81" HPOS="451" VPOS="450" WIDTH="82" HEIGHT="21" WC="0.92" CONTENT="vuoden"/><SP WIDTH="24" VPOS="450" HPOS="533"/>
							<String ID="string_82" HPOS="557" VPOS="450" WIDTH="50" HEIGHT="21" WC="0.92" CONTENT="jällä"/><SP WIDTH="19" VPOS="450" HPOS="607"/>
							<String ID="string_83" HPOS="626" VPOS="450" WIDTH="19" HEIGHT="21" WC="0.96" CONTENT="ei"/><SP WIDTH="16" VPOS="450" HPOS="645"/>
							<String ID="string_84" HPOS="661" VPOS="450" WIDTH="93" HEIGHT="27" WC="0.96" CONTENT="tapahdu"/><SP WIDTH="16" VPOS="450" HPOS="754"/>
							<String ID="string_85" HPOS="770" VPOS="451" WIDTH="121" HEIGHT="21" WC="0.96" CONTENT="mitenkään"/><SP WIDTH="16" VPOS="451" HPOS="891"/>
							<String ID="string_86" HPOS="907" VPOS="451" WIDTH="108" HEIGHT="26" WC="0.96" CONTENT="opettajan"/>
						</TextLine>
						<TextLine ID="line_11" HPOS="193" VPOS="479" WIDTH="821" HEIGHT="27">
							<String ID="string_87" HPOS="193" VPOS="481" WIDTH="102" HEIGHT="24" WC="0.96" CONTENT="vapaasta"/><SP WIDTH="10" VPOS="481" HPOS="295"/>
							<String ID="string_88" HPOS="305" VPOS="479" WIDTH="106" HEIGHT="25" WC="0.96" CONTENT="tahdosta,"/><SP WIDTH="16" VPOS="479" HPOS="411"/>
							<String ID="string_89" HPOS="427" VPOS="485" WIDTH="53" HEIGHT="15" WC="0.93" CONTENT="vaan"/><SP WIDTH="17" VPOS="485" HPOS="480"/>
							<String ID="string_90" HPOS="497" VPOS="479" WIDTH="146" HEIGHT="21" WC="0.91" CONTENT="ulkonaisesta"/><SP WIDTH="14" VPOS="479" HPOS="643"/>
							<String ID="string_91" HPOS="657" VPOS="479" WIDTH="97" HEIGHT="26" WC="0.96" CONTENT="pakosta,"/><SP WIDTH="14" VPOS="479" HPOS="754"/>
							<String ID="string_92" HPOS="768" VPOS="479" WIDTH="22" HEIGHT="27" WC="0.96" CONTENT="ja"/><SP WIDTH="15" VPOS="479" HPOS="790"/>
							<String ID="string_93" HPOS="805" VPOS="479" WIDTH="41" HEIGHT="21" WC="0.96" CONTENT="hän"/><SP WIDTH="16" VPOS="479" HPOS="846"/>
							<String ID="string_94" HPOS="862" VPOS="480" WIDTH="56" HEIGHT="21" WC="0.96" CONTENT="tulee"/><SP WIDTH="11" VPOS="480" HPOS="918"/>
							<String ID="string_95" HPOS="929" VPOS="485" WIDTH="85" HEIGHT="16" WC="0.96" CONTENT="samaan"/>
						</TextLine>
						<TextLine ID="line_12" HPOS="194" VPOS="507" WIDTH="821" HEIGHT="27">
							<String ID="string_96" HPOS="194" VPOS="514" WIDTH="98" HEIGHT="15" WC="0.96" CONTENT="asemaan"/><SP WIDTH="15" VPOS="514" HPOS="292"/>
							<String ID="string_97" HPOS="307" VPOS="507" WIDTH="51" HEIGHT="22" WC="0.96" CONTENT="kuin"/><SP WIDTH="24" VPOS="507" HPOS="358"/>
							<String ID="string_98" HPOS="382" VPOS="514" WIDTH="33" HEIGHT="19" WC="0.96" CONTENT="ne,"/><SP WIDTH="21" VPOS="514" HPOS="415"/>
							<String ID="string_99" HPOS="436" VPOS="507" WIDTH="61" HEIGHT="26" WC="0.96" CONTENT="jotka"/><SP WIDTH="20" VPOS="507" HPOS="497"/>
							<String ID="string_100" HPOS="517" VPOS="510" WIDTH="48" HEIGHT="19" WC="0.93" CONTENT="ovat"/><SP WIDTH="22" VPOS="510" HPOS="565"/>
							<String ID="string_101" HPOS="587" VPOS="507" WIDTH="217" HEIGHT="27" WC="0.90" CONTENT="lakkautuspalkalla."/><SP WIDTH="29" VPOS="507" HPOS="804"/>
							<String ID="string_102" HPOS="833" VPOS="508" WIDTH="121" HEIGHT="21" WC="0.92" CONTENT="Sentähden"/><SP WIDTH="22" VPOS="508" HPOS="954"/>
							<String ID="string_103" HPOS="976" VPOS="509" WIDTH="39" HEIGHT="20" WC="0.92" CONTENT="mi-"/>
						</TextLine>
						<TextLine ID="line_13" HPOS="193" VPOS="536" WIDTH="820" HEIGHT="27">
							<String ID="string_104" HPOS="193" VPOS="538" WIDTH="62" HEIGHT="20" WC="0.92" CONTENT="nusta"/><SP WIDTH="22" VPOS="538" HPOS="255"/>
							<String ID="string_105" HPOS="277" VPOS="537" WIDTH="84" HEIGHT="20" WC="0.96" CONTENT="vertaus"/><SP WIDTH="24" VPOS="537" HPOS="361"/>
							<String ID="string_106" HPOS="385" VPOS="536" WIDTH="66" HEIGHT="21" WC="0.95" CONTENT="niihin"/><SP WIDTH="23" VPOS="536" HPOS="451"/>
							<String ID="string_107" HPOS="474" VPOS="537" WIDTH="116" HEIGHT="26" WC="0.96" CONTENT="opettajiin,"/><SP WIDTH="21" VPOS="537" HPOS="590"/>
							<String ID="string_108" HPOS="611" VPOS="536" WIDTH="61" HEIGHT="26" WC="0.96" CONTENT="jotka"/><SP WIDTH="19" VPOS="536" HPOS="672"/>
							<String ID="string_109" HPOS="691" VPOS="538" WIDTH="49" HEIGHT="19" WC="0.93" CONTENT="ovat"/><SP WIDTH="16" VPOS="538" HPOS="740"/>
							<String ID="string_110" HPOS="756" VPOS="536" WIDTH="214" HEIGHT="27" WC="0.92" CONTENT="lakkautuspalkalla,"/><SP WIDTH="17" VPOS="536" HPOS="970"/>
							<String ID="string_111" HPOS="987" VPOS="543" WIDTH="26" HEIGHT="15" WC="0.96" CONTENT="on"/>
						</TextLine>
						<TextLine ID="line_14" HPOS="193" VPOS="564" WIDTH="820" HEIGHT="28">
							<String ID="string_112" HPOS="193" VPOS="566" WIDTH="61" HEIGHT="20" WC="0.96" CONTENT="aivan"/><SP WIDTH="10" VPOS="566" HPOS="254"/>
							<String ID="string_113" HPOS="264" VPOS="565" WIDTH="67" HEIGHT="21" WC="0.95" CONTENT="oikea."/><SP WIDTH="17" VPOS="565" HPOS="331"/>
							<String ID="string_114" HPOS="348" VPOS="564" WIDTH="87" HEIGHT="22" WC="0.96" CONTENT="Muuten"/><SP WIDTH="16" VPOS="564" HPOS="435"/>
							<String ID="string_115" HPOS="451" VPOS="565" WIDTH="93" HEIGHT="21" WC="0.96" CONTENT="minäkin"/><SP WIDTH="16" VPOS="565" HPOS="544"/>
							<String ID="string_116" HPOS="560" VPOS="565" WIDTH="80" HEIGHT="26" WC="0.96" CONTENT="luulen,"/><SP WIDTH="11" VPOS="565" HPOS="640"/>
							<String ID="string_117" HPOS="651" VPOS="565" WIDTH="96" HEIGHT="21" WC="0.96" CONTENT="niinkuin"/><SP WIDTH="15" VPOS="565" HPOS="747"/>
							<String ID="string_118" HPOS="762" VPOS="565" WIDTH="76" HEIGHT="21" WC="0.96" CONTENT="lehtori"/><SP WIDTH="15" VPOS="565" HPOS="838"/>
							<String ID="string_119" HPOS="853" VPOS="565" WIDTH="106" HEIGHT="27" WC="0.96" CONTENT="Hedberg,"/><SP WIDTH="10" VPOS="565" HPOS="959"/>
							<String ID="string_120" HPOS="969" VPOS="567" WIDTH="44" HEIGHT="20" WC="0.96" CONTENT="että"/>
						</TextLine>
						<TextLine ID="line_15" HPOS="192" VPOS="593" WIDTH="821" HEIGHT="28">
							<String ID="string_121" HPOS="192" VPOS="594" WIDTH="143" HEIGHT="21" WC="0.95" CONTENT="toivomukset"/><SP WIDTH="22" VPOS="594" HPOS="335"/>
							<String ID="string_122" HPOS="357" VPOS="594" WIDTH="56" HEIGHT="20" WC="0.95" CONTENT="eivät"/><SP WIDTH="22" VPOS="594" HPOS="413"/>
							<String ID="string_123" HPOS="435" VPOS="595" WIDTH="57" HEIGHT="20" WC="0.96" CONTENT="tässä"/><SP WIDTH="21" VPOS="595" HPOS="492"/>
							<String ID="string_124" HPOS="513" VPOS="594" WIDTH="72" HEIGHT="27" WC="0.96" CONTENT="paljon"/><SP WIDTH="23" VPOS="594" HPOS="585"/>
							<String ID="string_125" HPOS="608" VPOS="596" WIDTH="56" HEIGHT="19" WC="0.96" CONTENT="auta."/><SP WIDTH="30" VPOS="596" HPOS="664"/>
							<String ID="string_126" HPOS="694" VPOS="593" WIDTH="90" HEIGHT="22" WC="0.96" CONTENT="Parasta"/><SP WIDTH="20" VPOS="593" HPOS="784"/>
							<String ID="string_127" HPOS="804" VPOS="594" WIDTH="47" HEIGHT="21" WC="0.96" CONTENT="olisi"/><SP WIDTH="21" VPOS="594" HPOS="851"/>
							<String ID="string_128" HPOS="872" VPOS="601" WIDTH="70" HEIGHT="20" WC="0.96" CONTENT="panna"/><SP WIDTH="15" VPOS="601" HPOS="942"/>
							<String ID="string_129" HPOS="957" VPOS="596" WIDTH="56" HEIGHT="19" WC="0.96" CONTENT="tämä"/>
						</TextLine>
						<TextLine ID="line_16" HPOS="193" VPOS="623" WIDTH="315" HEIGHT="26">
							<String ID="string_130" HPOS="193" VPOS="625" WIDTH="96" HEIGHT="24" WC="0.96" CONTENT="määräys"/><SP WIDTH="16" VPOS="625" HPOS="289"/>
							<String ID="string_131" HPOS="305" VPOS="623" WIDTH="92" HEIGHT="21" WC="0.96" CONTENT="selväksi"/><SP WIDTH="15" VPOS="623" HPOS="397"/>
							<String ID="string_132" HPOS="412" VPOS="623" WIDTH="96" HEIGHT="21" WC="0.96" CONTENT="ehdoksi."/>
						</TextLine>
					</TextBlock>
					<TextBlock ID="block_3" HPOS="192" VPOS="651" WIDTH="821" HEIGHT="84">
						<TextLine ID="line_17" HPOS="260" VPOS="651" WIDTH="753" HEIGHT="28">
							<String ID="string_133" HPOS="260" VPOS="651" WIDTH="119" HEIGHT="22" WC="0.96" CONTENT="Professori"/><SP WIDTH="22" VPOS="651" HPOS="379"/>
							<String ID="string_134" HPOS="401" VPOS="651" WIDTH="118" HEIGHT="23" WC="0.96" CONTENT="Bonsdorff:"/><SP WIDTH="22" VPOS="651" HPOS="519"/>
							<String ID="string_135" HPOS="541" VPOS="651" WIDTH="81" HEIGHT="23" WC="0.76" CONTENT="Koska:"/><SP WIDTH="16" VPOS="651" HPOS="622"/>
							<String ID="string_136" HPOS="638" VPOS="651" WIDTH="39" HEIGHT="21" WC="0.96" CONTENT="hra"/><SP WIDTH="19" VPOS="651" HPOS="677"/>
							<String ID="string_137" HPOS="696" VPOS="651" WIDTH="111" HEIGHT="21" WC="0.96" CONTENT="Melander"/><SP WIDTH="15" VPOS="651" HPOS="807"/>
							<String ID="string_138" HPOS="822" VPOS="658" WIDTH="26" HEIGHT="15" WC="0.96" CONTENT="on"/><SP WIDTH="13" VPOS="658" HPOS="848"/>
							<String ID="string_139" HPOS="861" VPOS="652" WIDTH="22" HEIGHT="27" WC="0.96" CONTENT="jo"/><SP WIDTH="16" VPOS="652" HPOS="883"/>
							<String ID="string_140" HPOS="899" VPOS="653" WIDTH="114" HEIGHT="20" WC="0.96" CONTENT="vastannut"/>
						</TextLine>
						<TextLine ID="line_18" HPOS="192" VPOS="680" WIDTH="820" HEIGHT="27">
							<String ID="string_141" HPOS="192" VPOS="680" WIDTH="63" HEIGHT="22" WC="0.93" CONTENT="herra"/><SP WIDTH="21" VPOS="680" HPOS="255"/>
							<String ID="string_142" HPOS="276" VPOS="680" WIDTH="203" HEIGHT="27" WC="0.92" CONTENT="Schwartzbergille,"/><SP WIDTH="19" VPOS="680" HPOS="479"/>
							<String ID="string_143" HPOS="498" VPOS="681" WIDTH="43" HEIGHT="20" WC="0.96" CONTENT="niin"/><SP WIDTH="16" VPOS="681" HPOS="541"/>
							<String ID="string_144" HPOS="557" VPOS="681" WIDTH="72" HEIGHT="20" WC="0.96" CONTENT="minun"/><SP WIDTH="16" VPOS="681" HPOS="629"/>
							<String ID="string_145" HPOS="645" VPOS="680" WIDTH="19" HEIGHT="21" WC="0.96" CONTENT="ei"/><SP WIDTH="16" VPOS="680" HPOS="664"/>
							<String ID="string_146" HPOS="680" VPOS="681" WIDTH="86" HEIGHT="20" WC="0.96" CONTENT="tarvitse"/><SP WIDTH="16" VPOS="681" HPOS="766"/>
							<String ID="string_147" HPOS="782" VPOS="681" WIDTH="68" HEIGHT="21" WC="0.96" CONTENT="siihen"/><SP WIDTH="15" VPOS="681" HPOS="850"/>
							<String ID="string_148" HPOS="865" VPOS="683" WIDTH="54" HEIGHT="18" WC="0.96" CONTENT="enää"/><SP WIDTH="14" VPOS="683" HPOS="919"/>
							<String ID="string_149" HPOS="933" VPOS="681" WIDTH="79" HEIGHT="21" WC="0.96" CONTENT="mitään"/>
						</TextLine>
						<TextLine ID="line_19" HPOS="192" VPOS="709" WIDTH="538" HEIGHT="26">
							<String ID="string_150" HPOS="192" VPOS="709" WIDTH="68" HEIGHT="25" WC="0.96" CONTENT="lisätä,"/><SP WIDTH="15" VPOS="709" HPOS="260"/>
							<String ID="string_151" HPOS="275" VPOS="709" WIDTH="66" HEIGHT="26" WC="0.96" CONTENT="jonka"/><SP WIDTH="14" VPOS="709" HPOS="341"/>
							<String ID="string_152" HPOS="355" VPOS="709" WIDTH="80" HEIGHT="21" WC="0.96" CONTENT="tähden"/><SP WIDTH="15" VPOS="709" HPOS="435"/>
							<String ID="string_153" HPOS="450" VPOS="709" WIDTH="78" HEIGHT="21" WC="0.93" CONTENT="luovun"/><SP WIDTH="16" VPOS="709" HPOS="528"/>
							<String ID="string_154" HPOS="544" VPOS="709" WIDTH="186" HEIGHT="26" WC="0.91" CONTENT="puhevuorostani."/>
						</TextLine>
					</TextBlock>
					<TextBlock ID="block_4" HPOS="260" VPOS="737" WIDTH="751" HEIGHT="27">
						<TextLine ID="line_20" HPOS="260" VPOS="737" WIDTH="751" HEIGHT="27">
							<String ID="string_155" HPOS="260" VPOS="738" WIDTH="96" HEIGHT="21" WC="0.92" CONTENT="Provasti"/><SP WIDTH="11" VPOS="738" HPOS="356"/>
							<String ID="string_156" HPOS="367" VPOS="737" WIDTH="125" HEIGHT="22" WC="0.96" CONTENT="Schroderus"/><SP WIDTH="9" VPOS="737" HPOS="492"/>
							<String ID="string_157" HPOS="501" VPOS="738" WIDTH="98" HEIGHT="21" WC="0.96" CONTENT="kannatti"/><SP WIDTH="10" VPOS="738" HPOS="599"/>
							<String ID="string_158" HPOS="609" VPOS="738" WIDTH="80" HEIGHT="21" WC="0.93" CONTENT="rehtori"/><SP WIDTH="11" VPOS="738" HPOS="689"/>
							<String ID="string_159" HPOS="700" VPOS="737" WIDTH="180" HEIGHT="27" WC="0.92" CONTENT="Schwartzbergin"/><SP WIDTH="11" VPOS="737" HPOS="880"/>
							<String ID="string_160" HPOS="891" VPOS="738" WIDTH="120" HEIGHT="22" WC="0.92" CONTENT="ehdotusta."/>
						</TextLine>
					</TextBlock>
					<TextBlock ID="block_5" HPOS="188" VPOS="766" WIDTH="825" HEIGHT="543">
						<TextLine ID="line_21" HPOS="259" VPOS="766" WIDTH="753" HEIGHT="27">
							<String ID="string_161" HPOS="259" VPOS="767" WIDTH="130" HEIGHT="26" WC="0.91" CONTENT="Yliopettaja"/><SP WIDTH="22" VPOS="767" HPOS="389"/>
							<String ID="string_162" HPOS="411" VPOS="766" WIDTH="100" HEIGHT="22" WC="0.96" CONTENT="Kihlman:"/><SP WIDTH="22" VPOS="766" HPOS="511"/>
							<String ID="string_163" HPOS="533" VPOS="767" WIDTH="41" HEIGHT="26" WC="0.93" CONTENT="Jag"/><SP WIDTH="16" VPOS="767" HPOS="574"/>
							<String ID="string_164" HPOS="590" VPOS="767" WIDTH="95" HEIGHT="20" WC="0.92" CONTENT="anhäller"/><SP WIDTH="18" VPOS="767" HPOS="685"/>
							<String ID="string_165" HPOS="703" VPOS="768" WIDTH="32" HEIGHT="19" WC="0.93" CONTENT="att"/><SP WIDTH="15" VPOS="768" HPOS="735"/>
							<String ID="string_166" HPOS="750" VPOS="767" WIDTH="94" HEIGHT="20" WC="0.92" CONTENT="ständets"/><SP WIDTH="15" VPOS="767" HPOS="844"/>
							<String ID="string_167" HPOS="859" VPOS="767" WIDTH="50" HEIGHT="21" WC="0.90" CONTENT="herr"/><SP WIDTH="15" VPOS="767" HPOS="909"/>
							<String ID="string_168" HPOS="924" VPOS="766" WIDTH="88" HEIGHT="23" WC="0.96" CONTENT="Talman"/>
						</TextLine>
						<TextLine ID="line_22" HPOS="191" VPOS="795" WIDTH="822" HEIGHT="26">
							<String ID="string_169" HPOS="191" VPOS="795" WIDTH="49" HEIGHT="21" WC="0.93" CONTENT="ville"/><SP WIDTH="20" VPOS="795" HPOS="240"/>
							<String ID="string_170" HPOS="260" VPOS="796" WIDTH="73" HEIGHT="25" WC="0.93" CONTENT="afgöra"/><SP WIDTH="16" VPOS="796" HPOS="333"/>
							<String ID="string_171" HPOS="349" VPOS="795" WIDTH="104" HEIGHT="21" WC="0.93" CONTENT="huruvida"/><SP WIDTH="14" VPOS="795" HPOS="453"/>
							<String ID="string_172" HPOS="467" VPOS="796" WIDTH="57" HEIGHT="21" WC="0.92" CONTENT="talan"/><SP WIDTH="17" VPOS="796" HPOS="524"/>
							<String ID="string_173" HPOS="541" VPOS="795" WIDTH="132" HEIGHT="21" WC="0.93" CONTENT="beträffande"/><SP WIDTH="16" VPOS="795" HPOS="673"/>
							<String ID="string_174" HPOS="689" VPOS="795" WIDTH="94" HEIGHT="21" WC="0.92" CONTENT="vilkoren"/><SP WIDTH="16" VPOS="795" HPOS="783"/>
							<String ID="string_175" HPOS="799" VPOS="795" WIDTH="33" HEIGHT="20" WC="0.93" CONTENT="för"/><SP WIDTH="15" VPOS="795" HPOS="832"/>
							<String ID="string_176" HPOS="847" VPOS="795" WIDTH="128" HEIGHT="26" WC="0.92" CONTENT="antagandet"/><SP WIDTH="15" VPOS="795" HPOS="975"/>
							<String ID="string_177" HPOS="990" VPOS="795" WIDTH="23" HEIGHT="22" WC="0.96" CONTENT="af"/>
						</TextLine>
						<TextLine ID="line_23" HPOS="192" VPOS="823" WIDTH="819" HEIGHT="27">
							<String ID="string_178" HPOS="192" VPOS="824" WIDTH="58" HEIGHT="21" WC="0.95" CONTENT="detta"/><SP WIDTH="15" VPOS="824" HPOS="250"/>
							<String ID="string_179" HPOS="265" VPOS="824" WIDTH="115" HEIGHT="26" WC="0.96" CONTENT="lagförslag"/><SP WIDTH="15" VPOS="824" HPOS="380"/>
							<String ID="string_180" HPOS="395" VPOS="826" WIDTH="24" HEIGHT="19" WC="0.93" CONTENT="är"/><SP WIDTH="14" VPOS="826" HPOS="419"/>
							<String ID="string_181" HPOS="433" VPOS="824" WIDTH="100" HEIGHT="23" WC="0.91" CONTENT="förlorad,"/><SP WIDTH="16" VPOS="824" HPOS="533"/>
							<String ID="string_182" HPOS="549" VPOS="823" WIDTH="72" HEIGHT="22" WC="0.91" CONTENT="derför"/><SP WIDTH="15" VPOS="823" HPOS="621"/>
							<String ID="string_183" HPOS="636" VPOS="825" WIDTH="32" HEIGHT="20" WC="0.96" CONTENT="att"/><SP WIDTH="14" VPOS="825" HPOS="668"/>
							<String ID="string_184" HPOS="682" VPOS="823" WIDTH="36" HEIGHT="26" WC="0.93" CONTENT="jag"/><SP WIDTH="15" VPOS="823" HPOS="718"/>
							<String ID="string_185" HPOS="733" VPOS="823" WIDTH="92" HEIGHT="27" WC="0.92" CONTENT="begärde"/><SP WIDTH="16" VPOS="823" HPOS="825"/>
							<String ID="string_186" HPOS="841" VPOS="824" WIDTH="61" HEIGHT="21" WC="0.91" CONTENT="ordet"/><SP WIDTH="14" VPOS="824" HPOS="902"/>
							<String ID="string_187" HPOS="916" VPOS="823" WIDTH="55" HEIGHT="22" WC="0.93" CONTENT="först"/><SP WIDTH="10" VPOS="823" HPOS="971"/>
							<String ID="string_188" HPOS="981" VPOS="824" WIDTH="30" HEIGHT="21" WC="0.90" CONTENT="ef-"/>
						</TextLine>
						<TextLine ID="line_24" HPOS="190" VPOS="852" WIDTH="821" HEIGHT="28">
							<String ID="string_189" HPOS="190" VPOS="855" WIDTH="33" HEIGHT="18" WC="0.95" CONTENT="ter"/><SP WIDTH="23" VPOS="855" HPOS="223"/>
							<String ID="string_190" HPOS="246" VPOS="853" WIDTH="35" HEIGHT="20" WC="0.93" CONTENT="det"/><SP WIDTH="22" VPOS="853" HPOS="281"/>
							<String ID="string_191" HPOS="303" VPOS="852" WIDTH="137" HEIGHT="27" WC="0.92" CONTENT="lagförslaget"/><SP WIDTH="15" VPOS="852" HPOS="440"/>
							<String ID="string_192" HPOS="455" VPOS="852" WIDTH="69" HEIGHT="21" WC="0.92" CONTENT="blifvit"/><SP WIDTH="15" VPOS="852" HPOS="524"/>
							<String ID="string_193" HPOS="539" VPOS="853" WIDTH="23" HEIGHT="20" WC="0.93" CONTENT="af"/><SP WIDTH="14" VPOS="853" HPOS="562"/>
							<String ID="string_194" HPOS="576" VPOS="852" WIDTH="84" HEIGHT="22" WC="0.91" CONTENT="ständet"/><SP WIDTH="14" VPOS="852" HPOS="660"/>
							<String ID="string_195" HPOS="674" VPOS="852" WIDTH="116" HEIGHT="26" WC="0.92" CONTENT="godkändt."/><SP WIDTH="29" VPOS="852" HPOS="790"/>
							<String ID="string_196" HPOS="819" VPOS="853" WIDTH="41" HEIGHT="26" WC="0.96" CONTENT="Jag"/><SP WIDTH="15" VPOS="853" HPOS="860"/>
							<String ID="string_197" HPOS="875" VPOS="859" WIDTH="44" HEIGHT="20" WC="0.96" CONTENT="var,"/><SP WIDTH="17" VPOS="859" HPOS="919"/>
							<String ID="string_198" HPOS="936" VPOS="853" WIDTH="26" HEIGHT="21" WC="0.96" CONTENT="dä"/><SP WIDTH="13" VPOS="853" HPOS="962"/>
							<String ID="string_199" HPOS="975" VPOS="852" WIDTH="36" HEIGHT="28" WC="0.96" CONTENT="jag"/>
						</TextLine>
						<TextLine ID="line_25" HPOS="190" VPOS="881" WIDTH="821" HEIGHT="27">
							<String ID="string_200" HPOS="190" VPOS="882" WIDTH="83" HEIGHT="26" WC="0.92" CONTENT="yttrade"/><SP WIDTH="23" VPOS="882" HPOS="273"/>
							<String ID="string_201" HPOS="296" VPOS="882" WIDTH="42" HEIGHT="26" WC="0.95" CONTENT="mig"/><SP WIDTH="22" VPOS="882" HPOS="338"/>
							<String ID="string_202" HPOS="360" VPOS="888" WIDTH="34" HEIGHT="14" WC="0.89" CONTENT="om"/><SP WIDTH="23" VPOS="888" HPOS="394"/>
							<String ID="string_203" HPOS="417" VPOS="881" WIDTH="143" HEIGHT="27" WC="0.89" CONTENT="lagförslaget,"/><SP WIDTH="24" VPOS="881" HPOS="560"/>
							<String ID="string_204" HPOS="584" VPOS="881" WIDTH="76" HEIGHT="21" WC="0.92" CONTENT="osäker"/><SP WIDTH="22" VPOS="881" HPOS="660"/>
							<String ID="string_205" HPOS="682" VPOS="887" WIDTH="40" HEIGHT="20" WC="0.96" CONTENT="om,"/><SP WIDTH="24" VPOS="887" HPOS="722"/>
							<String ID="string_206" HPOS="746" VPOS="883" WIDTH="38" HEIGHT="19" WC="0.95" CONTENT="när"/><SP WIDTH="15" VPOS="883" HPOS="784"/>
							<String ID="string_207" HPOS="799" VPOS="887" WIDTH="48" HEIGHT="15" WC="0.96" CONTENT="man"/><SP WIDTH="16" VPOS="887" HPOS="847"/>
							<String ID="string_208" HPOS="863" VPOS="881" WIDTH="65" HEIGHT="22" WC="0.91" CONTENT="borde"/><SP WIDTH="15" VPOS="881" HPOS="928"/>
							<String ID="string_209" HPOS="943" VPOS="882" WIDTH="68" HEIGHT="22" WC="0.93" CONTENT="uttala"/>
						</TextLine>
						<TextLine ID="line_26" HPOS="191" VPOS="909" WIDTH="820" HEIGHT="29">
							<String ID="string_210" HPOS="191" VPOS="910" WIDTH="31" HEIGHT="26" WC="0.90" CONTENT="sig"/><SP WIDTH="22" VPOS="910" HPOS="222"/>
							<String ID="string_211" HPOS="244" VPOS="910" WIDTH="108" HEIGHT="27" WC="0.88" CONTENT="angående"/><SP WIDTH="23" VPOS="910" HPOS="352"/>
							<String ID="string_212" HPOS="375" VPOS="911" WIDTH="95" HEIGHT="21" WC="0.93" CONTENT="vilkoren"/><SP WIDTH="23" VPOS="911" HPOS="470"/>
							<String ID="string_213" HPOS="493" VPOS="910" WIDTH="34" HEIGHT="21" WC="0.13" CONTENT="för:"/><SP WIDTH="21" VPOS="910" HPOS="527"/>
							<String ID="string_214" HPOS="548" VPOS="910" WIDTH="165" HEIGHT="26" WC="0.96" CONTENT="godkännandet"/><SP WIDTH="15" VPOS="910" HPOS="713"/>
							<String ID="string_215" HPOS="728" VPOS="910" WIDTH="22" HEIGHT="21" WC="0.93" CONTENT="af"/><SP WIDTH="14" VPOS="910" HPOS="750"/>
							<String ID="string_216" HPOS="764" VPOS="909" WIDTH="143" HEIGHT="28" WC="0.95" CONTENT="lagförslaget,"/><SP WIDTH="15" VPOS="909" HPOS="907"/>
							<String ID="string_217" HPOS="922" VPOS="911" WIDTH="39" HEIGHT="21" WC="0.97" CONTENT="och"/><SP WIDTH="13" VPOS="911" HPOS="961"/>
							<String ID="string_218" HPOS="974" VPOS="911" WIDTH="37" HEIGHT="27" WC="0.96" CONTENT="jag"/>
						</TextLine>
						<TextLine ID="line_27" HPOS="190" VPOS="938" WIDTH="821" HEIGHT="29">
							<String ID="string_219" HPOS="190" VPOS="939" WIDTH="87" HEIGHT="27" WC="0.91" CONTENT="frägade"/><SP WIDTH="23" VPOS="939" HPOS="277"/>
							<String ID="string_220" HPOS="300" VPOS="938" WIDTH="72" HEIGHT="22" WC="0.91" CONTENT="derför"/><SP WIDTH="22" VPOS="938" HPOS="372"/>
							<String ID="string_221" HPOS="394" VPOS="939" WIDTH="103" HEIGHT="21" WC="0.93" CONTENT="huruvida"/><SP WIDTH="19" VPOS="939" HPOS="497"/>
							<String ID="string_222" HPOS="516" VPOS="940" WIDTH="58" HEIGHT="20" WC="0.92" CONTENT="talan"/><SP WIDTH="16" VPOS="940" HPOS="574"/>
							<String ID="string_223" HPOS="590" VPOS="941" WIDTH="23" HEIGHT="19" WC="0.93" CONTENT="är"/><SP WIDTH="16" VPOS="941" HPOS="613"/>
							<String ID="string_224" HPOS="629" VPOS="938" WIDTH="127" HEIGHT="27" WC="0.92" CONTENT="bibehällen,"/><SP WIDTH="16" VPOS="938" HPOS="756"/>
							<String ID="string_225" HPOS="772" VPOS="945" WIDTH="35" HEIGHT="15" WC="0.96" CONTENT="om"/><SP WIDTH="13" VPOS="945" HPOS="807"/>
							<String ID="string_226" HPOS="820" VPOS="946" WIDTH="48" HEIGHT="14" WC="0.93" CONTENT="man"/><SP WIDTH="16" VPOS="946" HPOS="868"/>
							<String ID="string_227" HPOS="884" VPOS="939" WIDTH="81" HEIGHT="22" WC="0.92" CONTENT="uttalar"/><SP WIDTH="15" VPOS="939" HPOS="965"/>
							<String ID="string_228" HPOS="980" VPOS="940" WIDTH="31" HEIGHT="27" WC="0.96" CONTENT="sig"/>
						</TextLine>
						<TextLine ID="line_28" HPOS="190" VPOS="968" WIDTH="821" HEIGHT="27">
							<String ID="string_229" HPOS="190" VPOS="974" WIDTH="34" HEIGHT="15" WC="0.86" CONTENT="om"/><SP WIDTH="22" VPOS="974" HPOS="224"/>
							<String ID="string_230" HPOS="246" VPOS="969" WIDTH="95" HEIGHT="21" WC="0.2" CONTENT="—vilkoren"/><SP WIDTH="23" VPOS="969" HPOS="341"/>
							<String ID="string_231" HPOS="364" VPOS="968" WIDTH="53" HEIGHT="21" WC="0.96" CONTENT="först"/><SP WIDTH="22" VPOS="968" HPOS="417"/>
							<String ID="string_232" HPOS="439" VPOS="968" WIDTH="65" HEIGHT="21" WC="0.96" CONTENT="sedan"/><SP WIDTH="16" VPOS="968" HPOS="504"/>
							<String ID="string_233" HPOS="520" VPOS="968" WIDTH="36" HEIGHT="21" WC="0.93" CONTENT="det"/><SP WIDTH="15" VPOS="968" HPOS="556"/>
							<String ID="string_234" HPOS="571" VPOS="968" WIDTH="136" HEIGHT="26" WC="0.93" CONTENT="lagförslaget"/><SP WIDTH="14" VPOS="968" HPOS="707"/>
							<String ID="string_235" HPOS="721" VPOS="968" WIDTH="112" HEIGHT="26" WC="0.93" CONTENT="vidfogade"/><SP WIDTH="17" VPOS="968" HPOS="833"/>
							<String ID="string_236" HPOS="850" VPOS="968" WIDTH="113" HEIGHT="27" WC="0.85" CONTENT=",förslaget"/><SP WIDTH="15" VPOS="968" HPOS="963"/>
							<String ID="string_237" HPOS="978" VPOS="969" WIDTH="33" HEIGHT="21" WC="0.96" CONTENT="till"/>
						</TextLine>
						<TextLine ID="line_29" HPOS="190" VPOS="996" WIDTH="819" HEIGHT="28">
							<String ID="string_238" HPOS="190" VPOS="998" WIDTH="127" HEIGHT="26" WC="0.92" CONTENT="kungörelse"/><SP WIDTH="22" VPOS="998" HPOS="317"/>
							<String ID="string_239" HPOS="339" VPOS="996" WIDTH="90" HEIGHT="22" WC="0.92" CONTENT="rörande"/><SP WIDTH="23" VPOS="996" HPOS="429"/>
							<String ID="string_240" HPOS="452" VPOS="997" WIDTH="124" HEIGHT="26" WC="0.91" CONTENT="pensioner*"/><SP WIDTH="24" VPOS="997" HPOS="576"/>
							<String ID="string_241" HPOS="600" VPOS="996" WIDTH="143" HEIGHT="21" WC="0.92" CONTENT="förekommer"/><SP WIDTH="22" VPOS="996" HPOS="743"/>
							<String ID="string_242" HPOS="765" VPOS="996" WIDTH="31" HEIGHT="21" WC="0.96" CONTENT="till"/><SP WIDTH="16" VPOS="996" HPOS="796"/>
							<String ID="string_243" HPOS="812" VPOS="996" WIDTH="135" HEIGHT="28" WC="0.93" CONTENT="behandling."/><SP WIDTH="30" VPOS="996" HPOS="947"/>
							<String ID="string_244" HPOS="977" VPOS="997" WIDTH="32" HEIGHT="21" WC="0.92" CONTENT="Dä"/>
						</TextLine>
						<TextLine ID="line_30" HPOS="191" VPOS="1025" WIDTH="818" HEIGHT="27">
							<String ID="string_245" HPOS="191" VPOS="1026" WIDTH="142" HEIGHT="21" WC="0.92" CONTENT="ordföranden"/><SP WIDTH="15" VPOS="1026" HPOS="333"/>
							<String ID="string_246" HPOS="348" VPOS="1025" WIDTH="86" HEIGHT="27" WC="0.92" CONTENT="medgaf"/><SP WIDTH="15" VPOS="1025" HPOS="434"/>
							<String ID="string_247" HPOS="449" VPOS="1026" WIDTH="64" HEIGHT="25" WC="0.96" CONTENT="detta,"/><SP WIDTH="9" VPOS="1026" HPOS="513"/>
							<String ID="string_248" HPOS="522" VPOS="1026" WIDTH="24" HEIGHT="20" WC="0.93" CONTENT="sä"/><SP WIDTH="10" VPOS="1026" HPOS="546"/>
							<String ID="string_249" HPOS="556" VPOS="1025" WIDTH="75" HEIGHT="21" WC="0.90" CONTENT="trodde"/><SP WIDTH="7" VPOS="1025" HPOS="631"/>
							<String ID="string_250" HPOS="638" VPOS="1025" WIDTH="38" HEIGHT="26" WC="0.96" CONTENT="jag"/><SP WIDTH="10" VPOS="1025" HPOS="676"/>
							<String ID="string_251" HPOS="686" VPOS="1026" WIDTH="32" HEIGHT="20" WC="0.93" CONTENT="att"/><SP WIDTH="10" VPOS="1026" HPOS="718"/>
							<String ID="string_252" HPOS="728" VPOS="1026" WIDTH="57" HEIGHT="20" WC="0.93" CONTENT="talan"/><SP WIDTH="11" VPOS="1026" HPOS="785"/>
							<String ID="string_253" HPOS="796" VPOS="1026" WIDTH="46" HEIGHT="20" WC="0.89" CONTENT="icke"/><SP WIDTH="11" VPOS="1026" HPOS="842"/>
							<String ID="string_254" HPOS="853" VPOS="1032" WIDTH="38" HEIGHT="14" WC="0.93" CONTENT="var"/><SP WIDTH="6" VPOS="1032" HPOS="891"/>
							<String ID="string_255" HPOS="897" VPOS="1025" WIDTH="112" HEIGHT="22" WC="0.88" CONTENT="försutten."/>
						</TextLine>
						<TextLine ID="line_31" HPOS="189" VPOS="1053" WIDTH="820" HEIGHT="27">
							<String ID="string_256" HPOS="189" VPOS="1054" WIDTH="55" HEIGHT="22" WC="0.94" CONTENT="Herr"/><SP WIDTH="23" VPOS="1054" HPOS="244"/>
							<String ID="string_257" HPOS="267" VPOS="1054" WIDTH="102" HEIGHT="22" WC="0.94" CONTENT="Forsman"/><SP WIDTH="22" VPOS="1054" HPOS="369"/>
							<String ID="string_258" HPOS="391" VPOS="1054" WIDTH="39" HEIGHT="21" WC="0.96" CONTENT="har"/><SP WIDTH="23" VPOS="1054" HPOS="430"/>
							<String ID="string_259" HPOS="453" VPOS="1060" WIDTH="28" HEIGHT="15" WC="0.93" CONTENT="nu"/><SP WIDTH="22" VPOS="1060" HPOS="481"/>
							<String ID="string_260" HPOS="503" VPOS="1053" WIDTH="81" HEIGHT="27" WC="0.92" CONTENT="pästätt"/><SP WIDTH="20" VPOS="1053" HPOS="584"/>
							<String ID="string_261" HPOS="604" VPOS="1056" WIDTH="116" HEIGHT="18" WC="0.92" CONTENT="motsatsen"/><SP WIDTH="23" VPOS="1056" HPOS="720"/>
							<String ID="string_262" HPOS="743" VPOS="1054" WIDTH="51" HEIGHT="20" WC="0.96" CONTENT="eller"/><SP WIDTH="15" VPOS="1054" HPOS="794"/>
							<String ID="string_263" HPOS="809" VPOS="1055" WIDTH="31" HEIGHT="19" WC="0.93" CONTENT="att"/><SP WIDTH="16" VPOS="1055" HPOS="840"/>
							<String ID="string_264" HPOS="856" VPOS="1054" WIDTH="57" HEIGHT="21" WC="0.93" CONTENT="talan"/><SP WIDTH="16" VPOS="1054" HPOS="913"/>
							<String ID="string_265" HPOS="929" VPOS="1056" WIDTH="24" HEIGHT="19" WC="0.93" CONTENT="är"/><SP WIDTH="14" VPOS="1056" HPOS="953"/>
							<String ID="string_266" HPOS="967" VPOS="1054" WIDTH="42" HEIGHT="21" WC="0.93" CONTENT="för-"/>
						</TextLine>
						<TextLine ID="line_32" HPOS="190" VPOS="1082" WIDTH="818" HEIGHT="27">
							<String ID="string_267" HPOS="190" VPOS="1083" WIDTH="67" HEIGHT="26" WC="0.91" CONTENT="lorad,"/><SP WIDTH="24" VPOS="1083" HPOS="257"/>
							<String ID="string_268" HPOS="281" VPOS="1083" WIDTH="38" HEIGHT="21" WC="0.93" CONTENT="och"/><SP WIDTH="23" VPOS="1083" HPOS="319"/>
							<String ID="string_269" HPOS="342" VPOS="1082" WIDTH="66" HEIGHT="21" WC="0.93" CONTENT="ehuru"/><SP WIDTH="13" VPOS="1082" HPOS="408"/>
							<String ID="string_270" HPOS="421" VPOS="1082" WIDTH="37" HEIGHT="27" WC="0.96" CONTENT="jag"/><SP WIDTH="15" VPOS="1082" HPOS="458"/>
							<String ID="string_271" HPOS="473" VPOS="1088" WIDTH="62" HEIGHT="16" WC="0.96" CONTENT="anser"/><SP WIDTH="15" VPOS="1088" HPOS="535"/>
							<String ID="string_272" HPOS="550" VPOS="1084" WIDTH="32" HEIGHT="19" WC="0.96" CONTENT="att"/><SP WIDTH="15" VPOS="1084" HPOS="582"/>
							<String ID="string_273" HPOS="597" VPOS="1082" WIDTH="27" HEIGHT="27" WC="0.93" CONTENT="pä"/><SP WIDTH="15" VPOS="1082" HPOS="624"/>
							<String ID="string_274" HPOS="639" VPOS="1082" WIDTH="147" HEIGHT="21" WC="0.90" CONTENT="diskussionen"/><SP WIDTH="16" VPOS="1082" HPOS="786"/>
							<String ID="string_275" HPOS="802" VPOS="1088" WIDTH="33" HEIGHT="15" WC="0.93" CONTENT="om"/><SP WIDTH="16" VPOS="1088" HPOS="835"/>
							<String ID="string_276" HPOS="851" VPOS="1082" WIDTH="96" HEIGHT="22" WC="0.92" CONTENT="vilkoren"/><SP WIDTH="16" VPOS="1082" HPOS="947"/>
							<String ID="string_277" HPOS="963" VPOS="1082" WIDTH="45" HEIGHT="22" WC="0.92" CONTENT="icke"/>
						</TextLine>
						<TextLine ID="line_33" HPOS="189" VPOS="1110" WIDTH="820" HEIGHT="28">
							<String ID="string_278" HPOS="189" VPOS="1112" WIDTH="67" HEIGHT="26" WC="0.95" CONTENT="ligger"/><SP WIDTH="15" VPOS="1112" HPOS="256"/>
							<String ID="string_279" HPOS="271" VPOS="1112" WIDTH="23" HEIGHT="20" WC="0.95" CONTENT="sä"/><SP WIDTH="15" VPOS="1112" HPOS="294"/>
							<String ID="string_280" HPOS="309" VPOS="1114" WIDTH="44" HEIGHT="18" WC="0.93" CONTENT="stor"/><SP WIDTH="16" VPOS="1114" HPOS="353"/>
							<String ID="string_281" HPOS="369" VPOS="1112" WIDTH="48" HEIGHT="25" WC="0.95" CONTENT="vigt,"/><SP WIDTH="17" VPOS="1112" HPOS="417"/>
							<String ID="string_282" HPOS="434" VPOS="1112" WIDTH="23" HEIGHT="20" WC="0.93" CONTENT="sä"/><SP WIDTH="16" VPOS="1112" HPOS="457"/>
							<String ID="string_283" HPOS="473" VPOS="1117" WIDTH="61" HEIGHT="20" WC="0.96" CONTENT="synes"/><SP WIDTH="16" VPOS="1117" HPOS="534"/>
							<String ID="string_284" HPOS="550" VPOS="1111" WIDTH="35" HEIGHT="21" WC="0.96" CONTENT="det"/><SP WIDTH="15" VPOS="1111" HPOS="585"/>
							<String ID="string_285" HPOS="600" VPOS="1110" WIDTH="54" HEIGHT="22" WC="0.92" CONTENT="dock"/><SP WIDTH="16" VPOS="1110" HPOS="654"/>
							<String ID="string_286" HPOS="670" VPOS="1110" WIDTH="61" HEIGHT="26" WC="0.96" CONTENT="högst"/><SP WIDTH="15" VPOS="1110" HPOS="731"/>
							<String ID="string_287" HPOS="746" VPOS="1111" WIDTH="148" HEIGHT="26" WC="0.96" CONTENT="egendomligt,"/><SP WIDTH="12" VPOS="1111" HPOS="894"/>
							<String ID="string_288" HPOS="906" VPOS="1117" WIDTH="33" HEIGHT="15" WC="0.93" CONTENT="om"/><SP WIDTH="14" VPOS="1117" HPOS="939"/>
							<String ID="string_289" HPOS="953" VPOS="1112" WIDTH="56" HEIGHT="20" WC="0.93" CONTENT="stän-"/>
						</TextLine>
						<TextLine ID="line_34" HPOS="191" VPOS="1139" WIDTH="818" HEIGHT="27">
							<String ID="string_290" HPOS="191" VPOS="1140" WIDTH="35" HEIGHT="21" WC="0.95" CONTENT="det"/><SP WIDTH="23" VPOS="1140" HPOS="226"/>
							<String ID="string_291" HPOS="249" VPOS="1140" WIDTH="68" HEIGHT="22" WC="0.93" CONTENT="skulle"/><SP WIDTH="22" VPOS="1140" HPOS="317"/>
							<String ID="string_292" HPOS="339" VPOS="1140" WIDTH="27" HEIGHT="26" WC="0.96" CONTENT="gå"/><SP WIDTH="21" VPOS="1140" HPOS="366"/>
							<String ID="string_293" HPOS="387" VPOS="1140" WIDTH="21" HEIGHT="20" WC="0.96" CONTENT="in"/><SP WIDTH="22" VPOS="1140" HPOS="408"/>
							<String ID="string_294" HPOS="430" VPOS="1139" WIDTH="29" HEIGHT="27" WC="0.96" CONTENT="pä"/><SP WIDTH="18" VPOS="1139" HPOS="459"/>
							<String ID="string_295" HPOS="477" VPOS="1141" WIDTH="31" HEIGHT="19" WC="0.93" CONTENT="att"/><SP WIDTH="15" VPOS="1141" HPOS="508"/>
							<String ID="string_296" HPOS="523" VPOS="1139" WIDTH="55" HEIGHT="21" WC="0.92" CONTENT="afstä"/><SP WIDTH="15" VPOS="1139" HPOS="578"/>
							<String ID="string_297" HPOS="593" VPOS="1139" WIDTH="47" HEIGHT="21" WC="0.96" CONTENT="från"/><SP WIDTH="16" VPOS="1139" HPOS="640"/>
							<String ID="string_298" HPOS="656" VPOS="1139" WIDTH="45" HEIGHT="21" WC="0.95" CONTENT="sina"/><SP WIDTH="15" VPOS="1139" HPOS="701"/>
							<String ID="string_299" HPOS="716" VPOS="1145" WIDTH="76" HEIGHT="20" WC="0.93" CONTENT="genom"/><SP WIDTH="16" VPOS="1145" HPOS="792"/>
							<String ID="string_300" HPOS="808" VPOS="1139" WIDTH="129" HEIGHT="27" WC="0.64" CONTENT="grundlagar"/><SP WIDTH="15" VPOS="1139" HPOS="937"/>
							<String ID="string_301" HPOS="952" VPOS="1140" WIDTH="57" HEIGHT="26" WC="0.87" CONTENT="gifna"/>
						</TextLine>
						<TextLine ID="line_35" HPOS="189" VPOS="1167" WIDTH="819" HEIGHT="28">
							<String ID="string_302" HPOS="189" VPOS="1169" WIDTH="121" HEIGHT="26" WC="0.92" CONTENT="privilegier"/><SP WIDTH="12" VPOS="1169" HPOS="310"/>
							<String ID="string_303" HPOS="322" VPOS="1168" WIDTH="28" HEIGHT="26" WC="0.96" CONTENT="pä"/><SP WIDTH="14" VPOS="1168" HPOS="350"/>
							<String ID="string_304" HPOS="364" VPOS="1168" WIDTH="68" HEIGHT="26" WC="0.96" CONTENT="grund"/><SP WIDTH="16" VPOS="1168" HPOS="432"/>
							<String ID="string_305" HPOS="448" VPOS="1168" WIDTH="23" HEIGHT="20" WC="0.96" CONTENT="af"/><SP WIDTH="13" VPOS="1168" HPOS="471"/>
							<String ID="string_306" HPOS="484" VPOS="1170" WIDTH="31" HEIGHT="19" WC="0.93" CONTENT="ett"/><SP WIDTH="15" VPOS="1170" HPOS="515"/>
							<String ID="string_307" HPOS="530" VPOS="1168" WIDTH="76" HEIGHT="21" WC="0.92" CONTENT="sädant"/><SP WIDTH="14" VPOS="1168" HPOS="606"/>
							<String ID="string_308" HPOS="620" VPOS="1167" WIDTH="87" HEIGHT="21" WC="0.92" CONTENT="formelt"/><SP WIDTH="15" VPOS="1167" HPOS="707"/>
							<String ID="string_309" HPOS="722" VPOS="1167" WIDTH="53" HEIGHT="24" WC="0.96" CONTENT="skäl,"/><SP WIDTH="16" VPOS="1167" HPOS="775"/>
							<String ID="string_310" HPOS="791" VPOS="1173" WIDTH="45" HEIGHT="15" WC="0.96" CONTENT="som"/><SP WIDTH="15" VPOS="1173" HPOS="836"/>
							<String ID="string_311" HPOS="851" VPOS="1167" WIDTH="60" HEIGHT="22" WC="0.96" CONTENT="detta"/><SP WIDTH="15" VPOS="1167" HPOS="911"/>
							<String ID="string_312" HPOS="926" VPOS="1174" WIDTH="35" HEIGHT="20" WC="0.96" CONTENT="nu,"/><SP WIDTH="16" VPOS="1174" HPOS="961"/>
							<String ID="string_313" HPOS="977" VPOS="1169" WIDTH="31" HEIGHT="20" WC="0.96" CONTENT="att"/>
						</TextLine>
						<TextLine ID="line_36" HPOS="188" VPOS="1196" WIDTH="820" HEIGHT="26">
							<String ID="string_314" HPOS="188" VPOS="1198" WIDTH="59" HEIGHT="20" WC="0.96" CONTENT="talan"/><SP WIDTH="16" VPOS="1198" HPOS="247"/>
							<String ID="string_315" HPOS="263" VPOS="1197" WIDTH="45" HEIGHT="21" WC="0.96" CONTENT="icke"/><SP WIDTH="16" VPOS="1197" HPOS="308"/>
							<String ID="string_316" HPOS="324" VPOS="1197" WIDTH="68" HEIGHT="21" WC="0.96" CONTENT="skulle"/><SP WIDTH="15" VPOS="1197" HPOS="392"/>
							<String ID="string_317" HPOS="407" VPOS="1202" WIDTH="50" HEIGHT="16" WC="0.93" CONTENT="vara"/><SP WIDTH="16" VPOS="1202" HPOS="457"/>
							<String ID="string_318" HPOS="473" VPOS="1196" WIDTH="99" HEIGHT="26" WC="0.96" CONTENT="bevarad,"/><SP WIDTH="16" VPOS="1196" HPOS="572"/>
							<String ID="string_319" HPOS="588" VPOS="1196" WIDTH="51" HEIGHT="20" WC="0.93" CONTENT="eller"/><SP WIDTH="16" VPOS="1196" HPOS="639"/>
							<String ID="string_320" HPOS="655" VPOS="1197" WIDTH="79" HEIGHT="20" WC="0.96" CONTENT="rättare"/><SP WIDTH="16" VPOS="1197" HPOS="734"/>
							<String ID="string_321" HPOS="750" VPOS="1196" WIDTH="27" HEIGHT="26" WC="0.96" CONTENT="pä"/><SP WIDTH="15" VPOS="1196" HPOS="777"/>
							<String ID="string_322" HPOS="792" VPOS="1197" WIDTH="67" HEIGHT="25" WC="0.96" CONTENT="grund"/><SP WIDTH="17" VPOS="1197" HPOS="859"/>
							<String ID="string_323" HPOS="876" VPOS="1196" WIDTH="23" HEIGHT="21" WC="0.29" CONTENT="af"/><SP WIDTH="9" VPOS="1196" HPOS="899"/>
							<String ID="string_324" HPOS="908" VPOS="1198" WIDTH="31" HEIGHT="20" WC="0.29" CONTENT="ett"/><SP WIDTH="10" VPOS="1198" HPOS="939"/>
							<String ID="string_325" HPOS="949" VPOS="1198" WIDTH="59" HEIGHT="20" WC="0.93" CONTENT="miss-"/>
						</TextLine>
						<TextLine ID="line_37" HPOS="188" VPOS="1224" WIDTH="820" HEIGHT="28">
							<String ID="string_326" HPOS="188" VPOS="1226" WIDTH="102" HEIGHT="21" WC="0.96" CONTENT="förstånd."/><SP WIDTH="30" VPOS="1226" HPOS="290"/>
							<String ID="string_327" HPOS="320" VPOS="1226" WIDTH="111" HEIGHT="20" WC="0.96" CONTENT="Huruvida"/><SP WIDTH="23" VPOS="1226" HPOS="431"/>
							<String ID="string_328" HPOS="454" VPOS="1225" WIDTH="58" HEIGHT="21" WC="0.95" CONTENT="talan"/><SP WIDTH="23" VPOS="1225" HPOS="512"/>
							<String ID="string_329" HPOS="535" VPOS="1227" WIDTH="24" HEIGHT="19" WC="0.93" CONTENT="är"/><SP WIDTH="21" VPOS="1227" HPOS="559"/>
							<String ID="string_330" HPOS="580" VPOS="1224" WIDTH="94" HEIGHT="21" WC="0.95" CONTENT="förlorad"/><SP WIDTH="20" VPOS="1224" HPOS="674"/>
							<String ID="string_331" HPOS="694" VPOS="1224" WIDTH="51" HEIGHT="21" WC="0.92" CONTENT="eller"/><SP WIDTH="15" VPOS="1224" HPOS="745"/>
							<String ID="string_332" HPOS="760" VPOS="1224" WIDTH="52" HEIGHT="26" WC="0.96" CONTENT="icke,"/><SP WIDTH="15" VPOS="1224" HPOS="812"/>
							<String ID="string_333" HPOS="827" VPOS="1224" WIDTH="42" HEIGHT="22" WC="0.96" CONTENT="kan"/><SP WIDTH="16" VPOS="1224" HPOS="869"/>
							<String ID="string_334" HPOS="885" VPOS="1225" WIDTH="66" HEIGHT="27" WC="0.96" CONTENT="enligt"/><SP WIDTH="15" VPOS="1225" HPOS="951"/>
							<String ID="string_335" HPOS="966" VPOS="1226" WIDTH="42" HEIGHT="21" WC="0.96" CONTENT="min"/>
						</TextLine>
						<TextLine ID="line_38" HPOS="188" VPOS="1253" WIDTH="820" HEIGHT="28">
							<String ID="string_336" HPOS="188" VPOS="1255" WIDTH="55" HEIGHT="26" WC="0.92" CONTENT="äsigt"/><SP WIDTH="22" VPOS="1255" HPOS="243"/>
							<String ID="string_337" HPOS="265" VPOS="1255" WIDTH="62" HEIGHT="26" WC="0.94" CONTENT="ingen"/><SP WIDTH="21" VPOS="1255" HPOS="327"/>
							<String ID="string_338" HPOS="348" VPOS="1260" WIDTH="69" HEIGHT="15" WC="0.93" CONTENT="annan"/><SP WIDTH="24" VPOS="1260" HPOS="417"/>
							<String ID="string_339" HPOS="441" VPOS="1254" WIDTH="75" HEIGHT="26" WC="0.92" CONTENT="afgöra"/><SP WIDTH="15" VPOS="1254" HPOS="516"/>
							<String ID="string_340" HPOS="531" VPOS="1256" WIDTH="27" HEIGHT="18" WC="0.93" CONTENT="än"/><SP WIDTH="14" VPOS="1256" HPOS="558"/>
							<String ID="string_341" HPOS="572" VPOS="1253" WIDTH="96" HEIGHT="21" WC="0.92" CONTENT="ständets"/><SP WIDTH="15" VPOS="1253" HPOS="668"/>
							<String ID="string_342" HPOS="683" VPOS="1253" WIDTH="87" HEIGHT="26" WC="0.93" CONTENT="talman,"/><SP WIDTH="16" VPOS="1253" HPOS="770"/>
							<String ID="string_343" HPOS="786" VPOS="1253" WIDTH="84" HEIGHT="21" WC="0.93" CONTENT="hvilken"/><SP WIDTH="13" VPOS="1253" HPOS="870"/>
							<String ID="string_344" HPOS="883" VPOS="1254" WIDTH="38" HEIGHT="26" WC="0.93" CONTENT="jag"/><SP WIDTH="16" VPOS="1254" HPOS="921"/>
							<String ID="string_345" HPOS="937" VPOS="1254" WIDTH="71" HEIGHT="21" WC="0.92" CONTENT="derför"/>
						</TextLine>
						<TextLine ID="line_39" HPOS="188" VPOS="1282" WIDTH="321" HEIGHT="27">
							<String ID="string_346" HPOS="188" VPOS="1283" WIDTH="99" HEIGHT="21" WC="0.92" CONTENT="ombeder"/><SP WIDTH="15" VPOS="1283" HPOS="287"/>
							<String ID="string_347" HPOS="302" VPOS="1284" WIDTH="32" HEIGHT="20" WC="0.93" CONTENT="att"/><SP WIDTH="15" VPOS="1284" HPOS="334"/>
							<String ID="string_348" HPOS="349" VPOS="1282" WIDTH="73" HEIGHT="27" WC="0.92" CONTENT="afgöra"/><SP WIDTH="15" VPOS="1282" HPOS="422"/>
							<String ID="string_349" HPOS="437" VPOS="1282" WIDTH="72" HEIGHT="21" WC="0.96" CONTENT="saken."/>
						</TextLine>
					</TextBlock>
					<TextBlock ID="block_6" HPOS="186" VPOS="1310" WIDTH="821" HEIGHT="112">
						<TextLine ID="line_40" HPOS="255" VPOS="1310" WIDTH="752" HEIGHT="22">
							<String ID="string_350" HPOS="255" VPOS="1312" WIDTH="118" HEIGHT="20" WC="0.96" CONTENT="Professori"/><SP WIDTH="16" VPOS="1312" HPOS="373"/>
							<String ID="string_351" HPOS="389" VPOS="1311" WIDTH="108" HEIGHT="20" WC="0.96" CONTENT="Forsman:"/><SP WIDTH="16" VPOS="1311" HPOS="497"/>
							<String ID="string_352" HPOS="513" VPOS="1310" WIDTH="65" HEIGHT="20" WC="0.96" CONTENT="Tässä"/><SP WIDTH="42" VPOS="1310" HPOS="578"/>
							<String ID="string_353" HPOS="620" VPOS="1310" WIDTH="54" HEIGHT="20" WC="0.96" CONTENT="asiassa"/><SP WIDTH="16" VPOS="1310" HPOS="674"/>
							<String ID="string_354" HPOS="690" VPOS="1316" WIDTH="27" HEIGHT="14" WC="0.96" CONTENT="on"/><SP WIDTH="15" VPOS="1316" HPOS="717"/>
							<String ID="string_355" HPOS="732" VPOS="1311" WIDTH="72" HEIGHT="19" WC="0.96" CONTENT="minun"/><SP WIDTH="16" VPOS="1311" HPOS="804"/>
							<String ID="string_356" HPOS="820" VPOS="1310" WIDTH="127" HEIGHT="21" WC="0.96" CONTENT="luullakseni"/><SP WIDTH="10" VPOS="1310" HPOS="947"/>
							<String ID="string_357" HPOS="957" VPOS="1311" WIDTH="50" HEIGHT="20" WC="0.96" CONTENT="liian"/>
						</TextLine>
						<TextLine ID="line_41" HPOS="187" VPOS="1337" WIDTH="818" HEIGHT="29">
							<String ID="string_358" HPOS="187" VPOS="1340" WIDTH="72" HEIGHT="26" WC="0.96" CONTENT="paljon"/><SP WIDTH="14" VPOS="1340" HPOS="259"/>
							<String ID="string_359" HPOS="273" VPOS="1338" WIDTH="94" HEIGHT="27" WC="0.95" CONTENT="väitelty."/><SP WIDTH="30" VPOS="1338" HPOS="367"/>
							<String ID="string_360" HPOS="397" VPOS="1338" WIDTH="58" HEIGHT="21" WC="0.96" CONTENT="Minä"/><SP WIDTH="16" VPOS="1338" HPOS="455"/>
							<String ID="string_361" HPOS="471" VPOS="1338" WIDTH="77" HEIGHT="21" WC="0.96" CONTENT="katson"/><SP WIDTH="14" VPOS="1338" HPOS="548"/>
							<String ID="string_362" HPOS="562" VPOS="1338" WIDTH="99" HEIGHT="20" WC="0.96" CONTENT="vääräksi"/><SP WIDTH="15" VPOS="1338" HPOS="661"/>
							<String ID="string_363" HPOS="676" VPOS="1339" WIDTH="44" HEIGHT="19" WC="0.96" CONTENT="että"/><SP WIDTH="15" VPOS="1339" HPOS="720"/>
							<String ID="string_364" HPOS="735" VPOS="1338" WIDTH="47" HEIGHT="20" WC="0.96" CONTENT="sillä"/><SP WIDTH="10" VPOS="1338" HPOS="782"/>
							<String ID="string_365" HPOS="792" VPOS="1337" WIDTH="58" HEIGHT="21" WC="0.96" CONTENT="lailla"/><SP WIDTH="10" VPOS="1337" HPOS="850"/>
							<String ID="string_366" HPOS="860" VPOS="1338" WIDTH="145" HEIGHT="26" WC="0.96" CONTENT="menetellään,"/>
						</TextLine>
						<TextLine ID="line_42" HPOS="186" VPOS="1365" WIDTH="821" HEIGHT="29">
							<String ID="string_367" HPOS="186" VPOS="1370" WIDTH="68" HEIGHT="18" WC="0.94" CONTENT="mutta"/><SP WIDTH="22" VPOS="1370" HPOS="254"/>
							<String ID="string_368" HPOS="276" VPOS="1367" WIDTH="57" HEIGHT="27" WC="0.96" CONTENT="kyllä"/><SP WIDTH="22" VPOS="1367" HPOS="333"/>
							<String ID="string_369" HPOS="355" VPOS="1367" WIDTH="56" HEIGHT="21" WC="0.96" CONTENT="minä"/><SP WIDTH="19" VPOS="1367" HPOS="411"/>
							<String ID="string_370" HPOS="430" VPOS="1366" WIDTH="114" HEIGHT="22" WC="0.92" CONTENT="mielelläni"/><SP WIDTH="15" VPOS="1366" HPOS="544"/>
							<String ID="string_371" HPOS="559" VPOS="1366" WIDTH="86" HEIGHT="21" WC="0.92" CONTENT="herrain"/><SP WIDTH="15" VPOS="1366" HPOS="645"/>
							<String ID="string_372" HPOS="660" VPOS="1365" WIDTH="123" HEIGHT="22" WC="0.96" CONTENT="Kihlmanin"/><SP WIDTH="13" VPOS="1365" HPOS="783"/>
							<String ID="string_373" HPOS="796" VPOS="1366" WIDTH="23" HEIGHT="26" WC="0.96" CONTENT="ja"/><SP WIDTH="14" VPOS="1366" HPOS="819"/>
							<String ID="string_374" HPOS="833" VPOS="1366" WIDTH="122" HEIGHT="27" WC="0.93" CONTENT="Hedbergin"/><SP WIDTH="15" VPOS="1366" HPOS="955"/>
							<String ID="string_375" HPOS="970" VPOS="1367" WIDTH="37" HEIGHT="27" WC="0.92" CONTENT="hy-"/>
						</TextLine>
						<TextLine ID="line_43" HPOS="186" VPOS="1395" WIDTH="390" HEIGHT="27">
							<String ID="string_376" HPOS="186" VPOS="1396" WIDTH="61" HEIGHT="21" WC="0.96" CONTENT="väksi"/><SP WIDTH="13" VPOS="1396" HPOS="247"/>
							<String ID="string_377" HPOS="260" VPOS="1396" WIDTH="58" HEIGHT="26" WC="0.96" CONTENT="jätän"/><SP WIDTH="16" VPOS="1396" HPOS="318"/>
							<String ID="string_378" HPOS="334" VPOS="1396" WIDTH="135" HEIGHT="26" WC="0.93" CONTENT="mielipiteeni"/><SP WIDTH="16" VPOS="1396" HPOS="469"/>
							<String ID="string_379" HPOS="485" VPOS="1395" WIDTH="91" HEIGHT="21" WC="0.90" CONTENT="sillensä."/>
						</TextLine>
					</TextBlock>
					<TextBlock ID="block_7" HPOS="186" VPOS="1423" WIDTH="820" HEIGHT="58">
						<TextLine ID="line_44" HPOS="254" VPOS="1423" WIDTH="752" HEIGHT="28">
							<String ID="string_380" HPOS="254" VPOS="1425" WIDTH="87" HEIGHT="21" WC="0.96" CONTENT="Lehtori"/><SP WIDTH="19" VPOS="1425" HPOS="341"/>
							<String ID="string_381" HPOS="360" VPOS="1424" WIDTH="101" HEIGHT="27" WC="0.96" CONTENT="Hedberg:"/><SP WIDTH="24" VPOS="1424" HPOS="461"/>
							<String ID="string_382" HPOS="485" VPOS="1424" WIDTH="60" HEIGHT="21" WC="0.96" CONTENT="Minä"/><SP WIDTH="13" VPOS="1424" HPOS="545"/>
							<String ID="string_383" HPOS="558" VPOS="1424" WIDTH="84" HEIGHT="26" WC="0.96" CONTENT="pyydän"/><SP WIDTH="16" VPOS="1424" HPOS="642"/>
							<String ID="string_384" HPOS="658" VPOS="1423" WIDTH="66" HEIGHT="21" WC="0.96" CONTENT="saada"/><SP WIDTH="14" VPOS="1423" HPOS="724"/>
							<String ID="string_385" HPOS="738" VPOS="1424" WIDTH="115" HEIGHT="21" WC="0.96" CONTENT="kannattaa"/><SP WIDTH="16" VPOS="1424" HPOS="853"/>
							<String ID="string_386" HPOS="869" VPOS="1425" WIDTH="63" HEIGHT="21" WC="0.93" CONTENT="herra"/><SP WIDTH="16" VPOS="1425" HPOS="932"/>
							<String ID="string_387" HPOS="948" VPOS="1424" WIDTH="58" HEIGHT="22" WC="0.93" CONTENT="Kihl-"/>
						</TextLine>
						<TextLine ID="line_45" HPOS="186" VPOS="1452" WIDTH="820" HEIGHT="29">
							<String ID="string_388" HPOS="186" VPOS="1454" WIDTH="71" HEIGHT="22" WC="0.88" CONTENT="manin"/><SP WIDTH="22" VPOS="1454" HPOS="257"/>
							<String ID="string_389" HPOS="279" VPOS="1455" WIDTH="99" HEIGHT="26" WC="0.96" CONTENT="pyyntöä,"/><SP WIDTH="23" VPOS="1455" HPOS="378"/>
							<String ID="string_390" HPOS="401" VPOS="1455" WIDTH="44" HEIGHT="20" WC="0.96" CONTENT="että"/><SP WIDTH="23" VPOS="1455" HPOS="445"/>
							<String ID="string_391" HPOS="468" VPOS="1453" WIDTH="62" HEIGHT="21" WC="0.96" CONTENT="herra"/><SP WIDTH="22" VPOS="1453" HPOS="530"/>
							<String ID="string_392" HPOS="552" VPOS="1452" WIDTH="112" HEIGHT="22" WC="0.96" CONTENT="Puhemies"/><SP WIDTH="23" VPOS="1452" HPOS="664"/>
							<String ID="string_393" HPOS="687" VPOS="1454" WIDTH="72" HEIGHT="20" WC="0.96" CONTENT="tämän"/><SP WIDTH="23" VPOS="1454" HPOS="759"/>
							<String ID="string_394" HPOS="782" VPOS="1454" WIDTH="59" HEIGHT="20" WC="0.96" CONTENT="asian"/><SP WIDTH="22" VPOS="1454" HPOS="841"/>
							<String ID="string_395" HPOS="863" VPOS="1453" WIDTH="107" HEIGHT="23" WC="0.96" CONTENT="ratkaisisi"/><SP WIDTH="14" VPOS="1453" HPOS="970"/>
							<String ID="string_396" HPOS="984" VPOS="1455" WIDTH="22" HEIGHT="26" WC="0.96" CONTENT="ja"/>
						</TextLine>
					</TextBlock>
				</ComposedBlock>
				<Illustration ID="cblock_2" HPOS="590" VPOS="1312" WIDTH="30" HEIGHT="22"></Illustration>
			</PrintSpace>
		</Page>
	</Layout>
</alto>
