1073 1778
211 150 45 35 902
513 154 93 20 Toukok.
623 155 11 19 6
650 161 20 18 p.

186 219 49 22 Men
257 219 105 22 utskottet
385 218 68 22 skulle
475 219 122 26 visserligen
617 218 64 22 hafva
700 219 94 21 användt
809 219 70 21 bättre
894 219 65 25 bevis,
975 225 34 15 om

186 247 80 22 sådana
288 248 58 21 bevis
369 247 87 22 funnits.
486 247 121 22 Utskottets
630 247 62 22 sökta
711 247 110 26 bevisning
839 247 39 22 har
893 247 46 21 icke
954 248 55 20 varit

187 277 69 26 egnad
279 278 32 20 att
333 276 73 22 stärka
428 278 48 19 tron
499 277 26 26 på
543 276 65 22 Räfsö
631 276 52 21 eller
706 275 132 28 Mäntyluoto
861 276 75 21 hamns
954 277 56 25 goda

187 304 154 23 beskaffenhet.
371 305 95 21 Alldeles
488 307 101 20 motsatta
609 305 110 21 omdömen
734 305 63 21 höras
813 304 46 22 från
875 305 68 21 andra
958 303 50 22 håll.

185 335 42 25 Jag
241 334 39 21 har
295 333 90 22 framför
399 334 43 27 mig
457 341 26 14 en
499 333 68 27 skrift,
583 334 106 21 inlemnad
703 334 36 21 vid
754 335 83 20 senaste
852 333 108 27 landtdag,
972 334 37 21 der

186 362 36 22 det
237 364 60 25 säges
312 364 33 20 att
359 361 66 22 Räfsö
441 363 46 21 icke
503 362 40 22 har
557 362 66 27 något
637 362 51 27 godt
702 368 63 15 namn
779 362 69 22 såsom
859 362 149 26 skeppshamn.

185 392 47 20 Den
249 398 18 14 s.
282 391 21 21 k.
318 392 90 20 hamnen
425 393 23 19 är
463 397 86 15 snarare
565 398 26 14 en
607 392 68 25 öppen
690 391 51 21 redd
758 392 27 20 än
800 396 26 16 en
841 390 83 27 värklig
939 390 70 22 hamn.

186 420 45 21 Där
254 419 133 27 djupgående
409 419 71 27 fartyg
501 419 73 22 kunna
595 419 118 27 förankras,
736 419 67 27 ligger
823 419 41 21 den
880 420 69 26 öppen
964 421 45 19 mot

185 448 73 21 hafvet
273 449 6 21 i
294 448 63 22 söder
373 448 38 21 och
427 448 90 27 sydvest,
534 448 39 21 och
588 448 7 21 i
611 449 57 20 öster
683 448 56 26 ligga
754 447 111 27 milslånga
877 449 73 25 öppna
959 446 49 28 fjär-

185 477 45 21 dar.
260 476 170 27 Ankargrunden
445 479 24 19 är
485 476 40 21 den
541 478 78 20 sämsta
634 477 91 26 möjliga.
752 476 74 22 Såsom
841 476 59 21 bevis
915 474 27 28 på
952 476 56 21 hvad

185 506 92 21 hamnen
298 506 113 26 rätteligen
432 505 38 27 går
486 505 39 21 och
540 505 67 27 gäller
622 504 33 22 för
671 505 33 21 må
719 504 87 22 anföras
822 505 35 21 det
872 503 82 23 faktum
971 508 37 22 att,

186 536 57 19 utom
265 534 100 26 ständiga
386 534 81 21 mindre
487 534 98 26 haverier,
601 534 68 20 under
683 534 24 20 de
722 536 84 19 senaste
821 535 27 19 15
863 534 52 20 åren
931 534 77 21 åtmin-

185 565 59 19 stone
260 564 13 20 5
289 562 26 27 af
327 570 36 14 oss
377 562 70 22 kända
463 563 71 27 fartyg
549 563 70 27 förlist
634 562 8 20 i
653 562 76 28 själfva
741 562 94 26 hamnen,
846 562 79 26 hvaraf
932 564 76 20 tvänne

187 592 14 20 å
218 592 84 21 Katava
318 592 101 21 stranden
435 592 66 26 blifvit
517 592 60 21 totalt
592 591 56 21 vrak.

254 621 31 21 En
302 620 65 22 sådan
383 620 113 22 meritlista
511 621 61 21 torde
587 621 62 26 ingen
660 626 69 16 annan
739 619 62 28 plats,
811 626 46 16 som
867 621 39 25 gör
916 620 92 27 anspråk

185 649 28 27 på
228 650 61 20 titeln
307 649 96 26 ,hamn*,
419 650 72 20 kunna
507 649 97 27 uppvisa!

255 678 68 21 Dessa
347 684 136 20 ogynsamma
505 678 147 21 förhållanden
675 680 37 18 äro
736 684 45 14 mer
800 679 27 19 än
840 677 34 21 väl
889 676 71 22 kända
975 676 33 22 för

185 706 127 26 sjöfarande,
328 706 89 21 likasom
433 706 62 21 äfven
510 706 34 21 för
559 706 195 27 Björneborgarene
769 705 80 27 själfva.
870 706 42 21 Det
928 708 24 18 är
963 712 44 14 som

185 735 62 26 sagdt
263 735 46 26 just
324 734 149 21 medvetandet
489 741 34 14 om
539 735 26 20 de
580 734 62 21 svåra
657 736 93 19 terräng-
766 735 39 20 och
819 733 189 22 hamn-förhällan-

185 763 61 24 dena,
255 769 44 15 som
315 762 83 22 afhållit
413 763 184 26 Björneborgarne
613 763 53 21 ifrån
683 764 31 19 att
728 750 59 33 förut
801 762 78 21 föreslå
888 762 120 27 byggandet

184 791 23 22 af
221 791 41 21 den
276 791 147 26 vidunderliga
438 791 199 27 arkipelag-banan.

253 819 28 21 Så
303 819 57 22 olika
381 819 77 27 åsigter
473 820 72 27 tyckes
560 825 48 16 man
625 819 81 22 således
722 819 63 22 hafva
801 825 33 15 om
849 819 70 23 denna
934 819 71 21 hamn.

185 847 73 22 Under
280 847 80 22 sådana
382 847 147 22 förhållanden
550 848 39 21 och
612 847 27 22 då
661 848 85 21 bevisen
761 848 34 21 för
810 848 103 21 hamnens
927 847 80 28 godhet

183 879 37 19 äro
237 877 68 25 sökta,
321 877 68 21 måste
402 877 36 26 jag
453 877 100 26 erkänna,
569 878 34 20 att
614 877 37 26 jag
666 879 24 18 är
700 878 78 25 ytterst
788 877 103 26 tveksam,
903 876 104 22 huruvida

181 906 38 26 jag
235 905 47 21 med
297 906 44 21 min
355 907 46 20 röst
416 905 55 22 skall
486 905 73 22 kunna
574 905 89 27 bidraga
677 905 32 21 till
724 905 120 27 byggandet
854 905 23 22 af
884 912 26 14 en
919 905 88 27 jernväg

183 934 34 21 för
241 934 68 21 denna
330 934 69 26 hamn,
423 934 84 21 hvilken
529 934 81 22 kanske
625 934 7 21 i
647 934 115 21 framtiden
777 934 46 21 icke
839 935 55 20 visar
910 935 31 26 sig
957 940 50 15 vara

184 963 203 21 tillfredsställande.
417 963 42 26 Jag
480 963 68 21 måste
570 969 51 15 anse
644 963 36 20 det
702 969 51 15 vara
775 963 101 26 riktigare
898 963 48 20 från
964 963 43 21 min

184 992 113 26 synpunkt,
321 993 32 19 att
376 991 127 22 åtminstone
525 991 33 21 för
581 992 68 21 denna
670 991 102 27 landtdag
789 991 56 22 afstå
860 991 47 21 från
923 992 33 20 att
971 991 36 22 be-

183 1020 76 49 Finja
275 1019 111 27 företaget,
403 1020 40 21 och
457 1020 36 21 vill
509 1020 72 21 derför
596 1019 73 22 förena
684 1020 43 27 mig
742 1026 33 15 om
787 1022 85 24 prosten
883 1019 124 22 Nordlunds

194 1049 76 25 örslag.

252 1076 117 22 Professori
393 1076 89 22 Donner:
506 1076 49 22 Med
578 1076 114 28 anledning
707 1077 22 21 af
743 1078 83 20 senaste
841 1076 112 22 uttalande
968 1077 39 21 ber

180 1106 37 27 jag
241 1106 54 21 blott
317 1107 32 20 att
369 1106 48 21 med
440 1106 65 26 några
521 1106 38 21 ord
574 1106 21 21 få
611 1104 89 28 påpeka,
716 1107 32 20 att
763 1105 65 22 Räfsö
845 1105 63 22 hamn
924 1104 81 29 årligen

184 1134 88 22 besökes
288 1134 23 21 af
325 1136 30 19 ett
370 1136 55 19 stort
440 1135 57 20 antal
512 1135 71 26 fartyg
598 1134 39 21 och
652 1136 37 25 att,
705 1135 70 21 såsom
791 1141 24 14 ur
830 1134 96 27 pålitliga
936 1133 71 22 källor

183 1163 100 26 framgår,
299 1163 36 20 det
350 1163 45 21 ofta
410 1163 81 21 händer
507 1165 32 19 att
553 1164 75 25 fartyg,
644 1163 133 21 destinerade
791 1163 33 21 till
833 1163 68 21 andra
911 1162 95 27 hamnar,

183 1191 34 22 för
240 1193 65 20 storm
327 1192 55 21 varit
404 1193 93 25 tvungna
520 1194 32 19 att
575 1191 77 27 anlöpa
667 1191 64 22 Räfsö
747 1191 70 27 hamn,
836 1191 93 22 emedan”
941 1192 66 21 denna

182 1221 66 26 ligger
271 1219 133 28 synnerligen
419 1220 96 27 lämpligt
530 1221 33 21 till
578 1220 33 21 för
627 1220 110 26 sjöfarten.
768 1219 39 22 Om
822 1219 135 22 hamnbanan
972 1221 33 20 till

183 1249 136 26 Mäntyluoto
335 1249 95 21 kommer
445 1249 32 20 till
493 1249 68 26 stånd,
577 1249 23 21 så
615 1249 55 21 skall
685 1249 65 21 Räfsö
761 1249 63 21 vinna
834 1248 107 27 ofantligt,
950 1255 55 15 eme-

183 1278 42 21 dan
241 1285 26 14 en
283 1277 120 26 betydande
419 1277 34 21 del
468 1277 23 20 af
505 1278 40 21 den
561 1278 134 21 existerande
710 1277 90 21 hamnen
816 1283 75 21 genom
903 1277 40 21 den
952 1283 53 20 upp-

182 1306 71 25 bygda
275 1306 194 25 bansträckningen
492 1306 95 21 kommer
609 1307 32 20 att
663 1305 98 26 skyddas.
791 1306 44 20 När
850 1307 70 20 staten
935 1305 71 21 funnit

183 1333 36 21 det
241 1339 51 15 vara
308 1333 101 26 behöfligt
424 1335 32 18 att
472 1333 65 26 draga
553 1335 22 19 ut
591 1333 46 21 sina
649 1333 246 26 jernvägssträckningar
910 1333 34 21 till
959 1333 46 20 haf-

183 1363 34 27 vet
233 1361 39 21 och
288 1361 69 26 bygga
368 1361 131 21 hamnbanor
510 1361 55 21 både
575 1362 7 20 i
591 1361 86 26 Viborg,
686 1361 78 26 Kotka,
773 1361 139 26 Helsingfors,
922 1361 82 26 Hangö,

182 1390 53 26 Åbo,
260 1389 63 27 Vasa,
347 1389 163 28 Gamlakarleby
533 1389 39 22 och
594 1389 113 28 Uleåborg,
730 1389 24 22 så
776 1390 41 21 kan
838 1390 36 27 jag
889 1389 47 22 icke
952 1390 52 25 inse,

183 1419 98 21 hvarföre
297 1424 49 16 man
362 1419 18 26 ej
396 1418 27 26 på
439 1424 80 16 samma
533 1419 47 21 skäl
595 1419 66 20 borde
676 1418 85 22 förorda
772 1418 104 22 banleden
886 1418 46 22 från
943 1418 60 27 Björ-

181 1448 80 26 neborg
284 1450 23 18 ut
323 1448 32 20 till
371 1454 26 14 en
412 1446 70 27 hamn,
499 1454 44 15 som
560 1447 65 21 redan
640 1447 39 21 har
694 1447 115 27 begagnats
825 1447 39 21 och
879 1453 45 16 som
940 1448 63 20 fram-

184 1476 57 22 deles
257 1477 96 21 kommer
368 1478 32 19 att
414 1475 107 28 begagnas
537 1476 23 21 af
573 1482 26 15 en
615 1478 44 20 stor
675 1476 76 26 mängd
768 1476 75 27 fartyg.

250 1504 117 22 Professori
391 1504 116 22 Danielson:
531 1504 58 22 Minä
610 1505 73 27 pyysin
707 1512 146 15 sananvuoroa
868 1506 136 21 vastustaak-
