1078 1778
402 131 91 21 Toukok.
512 133 22 18 11
552 139 20 18 p.
814 132 53 21 1017

79 197 109 21 voisinhan
204 200 55 20 minä
274 199 88 22 samalla
378 197 67 27 syyllä
460 203 65 16 sanoa
540 200 43 19 että
598 198 208 21 valtiovaliokunnan
813 198 83 26 jäsenet

80 225 146 26 puoltaessaan
242 228 144 26 korkeampaa
400 227 75 20 laskua
490 227 129 20 vuotuisesta
635 229 155 18 veromäärästä
799 227 97 20 tahtovat

79 259 36 15 sen
138 253 120 28 korkeaksi,
279 257 55 26 jotta
358 257 17 20 ei
396 255 100 21 tarvitsisi
516 255 98 20 korottaa
628 255 181 20 valmistusveroa.
840 254 58 22 Minä

79 281 108 27 hyväksyn
203 285 254 20 suostuntavaliokunnan
473 283 97 20 tekemän
585 283 82 21 laskun.

146 311 82 22 Pastori
252 313 106 27 Bergroth:
381 312 104 21 Jokainen
501 313 58 19 tässä
574 312 99 26 säädyssä
688 312 71 25 tietää,
776 313 43 19 että
834 311 64 21 näillä

78 339 153 26 valtiopäivillä
254 342 91 20 tehdään
368 341 71 21 suuria
461 340 146 26 ponnistuksia
622 341 51 20 sekä
688 340 70 20 viinan
774 342 44 19 että
833 339 63 22 oluen

79 366 140 28 käyttämisen
234 370 177 21 vähentämiseksi
427 374 145 16 maassamme.
587 368 38 22 Jos
640 368 79 22 todella
733 368 120 26 toivomme,
869 380 28 3 —

78 396 86 22 ainakin
188 399 56 21 minä
266 400 79 25 toivon,
364 411 21 2 —
404 400 44 19 että
469 397 65 22 näillä
548 397 127 27 päätöksillä
691 404 26 14 on
730 397 84 27 jotakin
830 398 67 25 hyvää

77 425 125 28 mukanaan,
218 428 118 21 vähenevät
351 427 79 27 tietysti
445 427 54 20 tulot
516 427 163 20 mallasverosta.
710 426 85 26 Toivon,
812 428 43 19 että
871 433 26 14 ne

77 454 117 23 vähenevät
213 457 92 26 550,000
320 457 124 25 markkaan,
457 455 23 26 ja
495 455 106 27 hyväksyn
617 455 115 21 sentähden
747 456 148 20 suostuntava-

77 483 115 23 liokunnan
215 486 115 21 mietinnön
353 485 158 22 ehdottomasti.
541 484 38 21 Jos
598 486 36 25 nyt
648 484 155 26 päättäisimme
819 484 77 26 hyväk-

77 513 44 25 syä.
135 513 209 22 valtiovaliokunnan
368 514 76 26 laskut,
468 513 43 21 niin
534 513 48 21 sitte
599 513 50 20 kuin
664 515 72 18 nämät
752 513 144 21 raittiusasiaa

76 541 103 22 koskevat
201 543 135 26 kysymykset
358 542 174 25 mallasjuomista
554 541 80 21 tulevat
654 542 59 25 esiin,
729 541 130 22 ritaristossa
872 541 23 26 ja

77 569 100 23 aatelissa
200 571 51 21 sekä
274 571 195 27 porvarissäädyssä
487 571 137 20 varmaankin
641 570 148 21 vastattaisiin:
806 576 32 15 me
854 572 42 19 tar-

77 598 108 21 vitsemme
201 600 77 27 veroja,
290 600 24 26 ja
326 601 34 26 jos
375 605 121 22 rupeamme
511 599 143 26 supistamaan
670 599 142 26 käyttämistä,
828 605 68 15 emme

78 633 36 14 saa
137 629 52 20 niitä
204 629 94 21 niinkuin
316 635 25 15 on
358 628 98 22 laskettu.
487 627 65 22 Tämä
567 629 35 20 siis
618 627 57 22 tulisi
691 627 80 22 aseeksi
789 628 105 20 raittiutta

77 657 95 20 vastaan.
188 657 31 20 En
236 658 46 21 näin
298 658 54 21 ollen
368 658 34 21 voi
417 659 87 25 päättää
519 659 43 18 tätä
578 657 139 20 mallasveroa
732 657 43 20 niin
791 656 102 25 suureksi,

77 684 50 21 kuin
143 686 189 21 valtiovaliokunta
347 686 107 27 ehdottaa.

145 714 129 27 Yliopettaja
297 715 99 21 Kihlman:
417 714 67 21 Äfven
498 714 36 26 jag
550 714 38 21 hör
603 713 33 21 till
651 714 40 20 den
707 713 125 27 delegation,
849 719 45 15 som

77 740 40 22 fätt
139 743 6 20 i
165 744 96 26 uppdrag
281 743 23 21 af
322 743 159 21 statsutskottet
503 744 31 19 att
554 743 98 21 utarbeta
667 742 78 26 förslag
761 742 32 20 till
808 742 88 26 budget-

76 770 148 22 betänkandet.
255 772 42 26 Jag
320 772 38 20 har
378 772 61 21 äfven
454 772 40 20 fätt
508 772 7 20 i
530 771 95 27 uppdrag
640 773 31 19 att
687 771 6 20 i
709 770 59 22 detta
781 770 62 21 ständ
859 776 37 14 an-

77 799 55 21 mäla
147 800 169 22 statsutskottets
332 801 54 26 äsigt
402 800 130 22 beträffande
548 800 99 26 beloppet
661 799 23 21 af
698 800 141 20 maltskatten.
855 798 41 27 Jag

77 827 38 21 har
133 828 122 26 framhållit,
271 831 31 19 att
317 829 137 21 maltskatten
470 829 65 26 enligt
550 828 169 22 statsutskottets
735 827 54 27 äsigt
805 828 38 20 bör
859 826 35 22 be-

76 856 76 21 räknas
175 857 34 20 för
230 858 24 20 är
277 858 54 20 1891
355 858 31 20 till
408 858 92 25 715,000
515 857 59 21 mark
590 856 39 21 och
644 856 33 20 för
692 856 50 21 ären
759 856 113 20 1893—94
888 856 6 20 i

76 885 99 22 medeltal
197 886 33 21 till
255 886 92 27 765,000
368 886 67 21 mark.
466 886 66 21 Detta
554 885 70 21 kunde
644 885 36 26 jag
700 885 133 26 naturligtvis
849 884 45 21 icke

76 912 125 27 framställa,
224 916 49 19 utan
296 917 32 19 att
346 915 69 21 tillika
432 915 80 26 nödgas
532 917 56 24 säga,
608 916 31 19 att
654 913 241 26 bevillningsutskottets

76 941 118 29 beräkning
209 943 45 21 icke
270 945 24 20 är
309 944 127 23 densamma,
454 943 50 21 eller
520 946 31 18 att
567 943 39 20 den
622 945 23 18 är
660 942 63 26 lägre.
747 941 39 22 Om
801 942 35 27 jag
847 941 49 21 här-

76 971 34 21 vid
126 971 105 28 begagnat
245 973 91 26 uttryck,
352 979 44 14 som
412 972 26 27 pä
454 971 64 28 något
533 974 43 19 sätt
591 971 57 22 sårat
663 971 164 27 medlemmarna
843 970 6 21 i
860 969 35 22 be-

77 999 208 28 villningsutskottet,
302 1001 23 21 sä
340 1003 24 19 är
379 1001 59 21 detta
450 1001 128 26 fullkomligt
587 999 122 27 oafsigtligt.
725 999 92 21 Afvenså
824 999 70 21 kunde

74 1028 36 27 jag
132 1029 46 20 icke
201 1030 33 20 vid
255 1029 111 22 utförande
382 1029 22 22 af
419 1030 35 21 det
469 1030 41 26 mig
525 1029 56 28 gifva
596 1029 117 27 uppdraget
728 1031 50 24 säga
793 1028 31 21 till
839 1027 57 21 stån-

77 1057 44 21 det:
138 1058 156 21 statsutskottet
309 1059 39 20 har
363 1058 103 22 beräknat
481 1059 137 21 maltskatten
632 1057 32 21 till
680 1057 91 26 765,000
785 1057 60 20 mark
856 1056 39 20 och

77 1085 68 22 denna
165 1092 94 16 summan
282 1089 24 19 är
322 1087 40 21 den
378 1087 54 21 enda
448 1087 83 26 riktiga.
562 1086 94 26 Ständet,
673 1092 44 15 som
733 1086 46 20 icke
795 1085 99 21 behöfver

76 1116 33 19 tro
125 1115 27 27 pä
168 1114 62 27 nägot
246 1116 93 21 utskotts
355 1116 121 24 auktoritet,
492 1116 38 21 har
546 1116 101 26 rättighet
663 1116 31 20 att
709 1115 70 26 fräga:
796 1114 27 27 pä
839 1114 55 20 hvad

73 1144 68 24 grund
157 1143 95 21 kommer
268 1144 160 21 statsutskottet
444 1144 31 20 till
492 1144 58 21 detta
565 1144 105 20 resultat?
699 1143 78 21 Derför
792 1142 101 22 framlade

71 1172 38 26 jag
123 1172 79 21 skälen.
235 1172 77 22 Skälen
327 1175 37 19 äro
380 1173 26 21 de
421 1173 64 21 redan
502 1172 97 26 nämnda,
616 1172 105 26 nemligen
737 1174 32 19 att
785 1171 109 21 maltskat-

73 1203 36 18 ten
129 1201 67 21 under
211 1201 26 21 de
252 1201 127 26 föregäende
394 1201 50 21 ären
460 1201 136 27 oupphörligt
611 1201 63 26 stigit,
690 1203 55 18 samt
760 1202 31 20 att
807 1201 85 19 statsut-

73 1228 80 22 skottet
168 1230 34 21 vid
225 1230 168 26 beräkningarna
410 1230 32 21 för
458 1230 105 26 budgeten
578 1230 60 20 alltid
655 1230 64 20 måste
735 1228 159 28 tagaibetrak-

73 1258 64 20 tande
159 1258 111 22 hurudana
292 1258 162 22 förhällandena
476 1259 46 21 icke
537 1258 33 21 för
585 1258 62 26 länga
662 1259 55 20 tider
732 1258 94 25 tillbaka,
843 1260 50 17 utan

73 1286 79 22 sädana
168 1287 26 20 de
211 1288 53 20 varit
279 1287 67 21 under
360 1287 26 21 de
401 1290 94 18 närmast
510 1287 126 26 föregäende
649 1286 58 22 ären.
733 1286 28 21 Sä
776 1287 38 20 har
830 1288 62 18 stats-

74 1315 103 21 utskottet
196 1315 83 21 förfarit
294 1316 62 21 äfven
372 1317 30 20 uti
419 1316 67 21 denna
502 1316 44 20 sak.
577 1315 70 27 Nägra
663 1315 66 21 andra
745 1316 46 26 skäl
807 1315 38 21 har
860 1317 33 18 ut-

73 1343 81 21 skottet
175 1344 45 20 icke
242 1344 51 25 haft,
310 1347 26 18 än
352 1345 47 21 dem
416 1344 70 21 hvilka
500 1344 36 26 jag
552 1344 38 21 här
604 1344 105 26 framlagt.
741 1344 63 20 Öfver
820 1343 74 26 kalky-

72 1372 59 21 lerna
146 1372 39 21 har
200 1373 79 21 enhvar
294 1373 101 26 rättighet
411 1376 30 19 att
457 1373 68 26 döma,
541 1372 57 22 öfver
614 1373 115 20 motiverna
744 1374 69 24 ingen.

141 1401 117 21 Professori
281 1401 118 21 Danielson:
421 1402 67 20 Herra
504 1401 130 21 Schroderus
650 1408 26 13 on
690 1402 22 24 jo
728 1401 165 20 huomauttanut

73 1429 62 20 herra
158 1428 135 22 Helander'ia
316 1430 55 23 siitä,
386 1429 64 21 ett'en
466 1429 103 21 suinkaan
584 1429 116 25 kääntynyt
715 1428 178 21 suostuntavalio-

72 1457 80 21 kuntaa
174 1460 92 18 vastaan.
297 1458 27 20 Ja
347 1458 62 21 herra
432 1457 190 21 Schroderuksesta
645 1457 73 20 sanoin
737 1458 154 20 nimenomaan,

73 1488 57 19 etten
147 1486 58 21 tiedä
219 1486 117 21 tarkottiko
352 1486 42 22 hän
411 1487 50 20 mitä
476 1486 67 21 hänen
560 1486 164 21 lausunnostaan
741 1486 76 21 saattoi
834 1487 59 25 päät-
