1081 1778
202 128 58 21 1096
514 127 92 21 Toukok.
625 127 24 20 13
666 133 19 18 p.

176 193 85 21 mallien
276 193 98 25 mukaan,
390 195 67 18 mutta
472 193 67 20 siihen
555 194 105 20 suuntaan
676 192 116 25 meneville,
805 192 43 20 niin
858 193 72 20 nämät
940 192 55 25 opis-

174 223 38 24 tot,
235 221 32 27 jos
290 221 86 21 saisivat
398 221 154 21 luonnollisesti
574 220 100 27 kehittyä,
697 220 131 21 kumminkin
849 219 146 27 kehittyisivät

174 249 68 22 siihen
266 251 110 22 suuntaan,
397 249 65 26 johon
486 249 92 22 Suomen
593 250 81 20 kansan
689 249 77 21 luonne
782 249 64 20 vaatii
861 248 53 21 niitä
928 248 68 21 kehit-

175 280 92 24 tymään.
288 277 58 22 Minä
362 285 25 14 en
402 278 65 21 tahdo
484 280 53 19 enää
551 278 113 26 puolustaa
679 277 141 21 valiokunnan
836 277 81 26 ponsia,
928 277 68 21 koska

174 307 56 20 eivät
244 308 61 19 muut
320 307 74 26 säädyt
410 307 33 20 ole
458 307 52 20 niitä
526 307 158 20 kannattaneet.
714 305 104 22 Uskallan
832 306 112 21 kuitenkin
959 306 37 21 eh-

174 335 80 25 dottaa,
278 337 45 19 että
345 337 59 25 sääty
427 336 63 20 tekisi
512 335 122 27 päätöksen,
648 335 52 26 joka
715 335 74 21 menisi
804 335 90 20 melkein
910 341 86 15 samaan

174 365 104 19 suuntaan
293 364 51 21 kuin
360 364 59 21 esim.
435 363 222 27 talonpoikaissäädyn
672 365 81 25 päätös.
784 362 211 28 Talonpoikaissääty

174 392 103 27 hyväksyi
300 392 100 21 edellisen
420 392 24 26 ja
466 394 67 20 toisen
556 398 84 20 ponnen
661 392 23 26 ja
699 392 69 21 tahtoi
783 393 55 24 sitte,
855 394 44 18 että
914 392 82 20 kolmas

174 421 60 24 ponsi
256 421 192 21 muodostettaisiin
470 421 60 20 näin:
556 423 56 22 ,että
634 420 118 26 raha-apua
772 420 117 21 harkinnan
904 420 92 21 mukaan

173 449 106 21 voitaisiin
303 452 63 18 antaa
390 451 58 24 myös
471 449 188 26 kansanopistoille
675 449 30 20 tai
720 449 72 20 muille
808 448 188 22 samanlaatuisille

174 477 126 27 yksityisten
322 478 98 21 toimesta
442 477 146 26 perustetuille
608 477 131 21 laitoksille.*
770 477 58 21 Minä
843 477 93 26 arvelen,
952 477 44 21 että

173 506 66 21 tähän
262 506 106 21 voitaisiin
390 506 65 21 tehdä
478 513 22 14 se
522 507 70 25 lisäys,
612 506 67 26 jonka
701 505 115 26 professori
835 505 91 22 Forman
942 505 52 22 teki:

177 550 8 9 »
191 533 73 22 Mikäli
287 541 26 14 ne
335 536 147 19 osottautuvat
504 541 37 14 sen
563 534 163 21 ansainneiksi.*
758 534 53 26 4:jäs
827 535 60 26 ponsi
902 534 94 21 kuuluisi

175 563 59 20 näin:
260 563 63 25 ,Että
344 563 74 26 säädyt
440 563 71 21 näihin
528 563 142 21 tarkotuksiin
686 563 149 26 myöntäisivät
850 563 78 25 90,000
943 568 53 15 mar-

173 591 43 21 kan
232 592 111 21 suuruisen
359 597 95 16 summan
469 592 93 21 vuosiksi
579 591 169 22 1892—93—94
763 591 28 21 eli
806 592 79 25 30,000
895 591 102 21 markkaa

172 621 76 20 vuotta
262 620 80 21 kohti.*
471 639 15 8 a

243 648 96 22 Provasti
354 649 102 21 Järvinen:
472 649 83 21 Älköön
571 649 179 21 korkeanarvoisa
765 650 60 25 sääty
840 649 154 26 hämmästykö,

174 677 58 21 minä
247 677 75 22 lausun
337 683 54 15 vaan
406 678 46 26 pari
468 684 64 15 sanaa
548 677 54 22 enkä
617 684 60 15 mene
692 677 80 22 turhiin
787 677 138 22 väittelöihin.
946 677 50 22 Pas-

173 706 42 20 tori
230 705 105 27 Bergroth
350 706 69 20 lausui
434 706 67 20 siihen
517 709 111 23 suuntaan,
638 707 44 19 että
694 706 182 21 tulevaisuudessa
886 706 110 21 maamies-

174 733 76 21 koulut
269 734 23 26 ja
314 734 162 26 kansanopistot
498 734 94 21 tulisivat
614 734 110 21 sulamaan
746 735 84 25 yhteen.
860 734 90 21 Minulla
969 740 27 15 on

174 761 54 21 ollut
250 768 59 15 sama
331 762 79 26 arvelu,
433 764 69 20 mutta
524 762 180 22 tulevaisuudesta
727 762 19 21 ei
768 763 55 21 vielä
845 762 72 27 paljon
932 762 64 22 tiedä.

174 790 172 27 Nykyisyydessä
367 791 118 21 mielestäni
507 792 71 26 pitäisi
596 791 128 21 suunnitella
740 792 74 20 taikka
827 791 102 27 järjestää
944 797 53 15 sem-

174 819 75 21 moisia
267 819 93 27 kouluja,
380 819 54 27 joita
453 821 57 19 tässä
526 820 63 20 herra
605 819 126 21 Mechelinin
748 820 151 21 anomuksessa
915 826 26 15 on
958 820 38 21 esi-

174 847 59 27 telty,
263 848 135 20 semmoisina
422 854 26 14 ne
474 848 56 21 eivät
552 848 33 21 ole
608 848 173 27 kansanopistoja
803 849 84 21 eivätkä
908 849 88 20 tarvitse

175 876 396 26 kansanopisto-opettajavoimiakaan.
608 876 32 21 Ne
663 878 89 20 voisivat
771 877 54 21 tulla
847 877 77 21 aikaan
946 876 50 27 käy-

175 905 201 25 tännöllisemmillä,
392 904 111 22 kuitenkin
524 906 68 20 siihen
607 906 90 20 toimeen
712 906 62 26 hyvin
790 906 132 26 kykenevillä
938 908 59 24 opet-

174 932 76 27 tajilla.
281 932 41 23 Sen
345 934 74 20 vuoksi
443 934 56 20 minä
522 934 47 21 olen
591 934 171 26 loppuponneksi
784 936 84 20 ottanut
883 934 113 27 erityisesti

175 963 71 20 nämät
268 961 75 22 koulut
366 962 20 26 ja
408 962 109 27 erityisinä
532 962 166 27 kansanopistot.
728 962 59 22 Minä
802 964 78 25 luulen,
896 963 51 21 ettei
963 963 33 21 ole

174 990 248 22 tarkotuksenmukaista
437 991 104 21 ainakaan
556 992 54 20 vielä
626 992 52 20 niitä
692 992 104 26 yhdistää.

243 1018 118 23 Professori
385 1020 89 21 Donner:
496 1020 43 21 Det
560 1026 38 15 var
620 1020 48 20 med
691 1022 31 19 ett
737 1020 51 21 visst
804 1021 48 26 nöje
864 1020 37 27 jag
916 1020 81 22 ähörde

175 1048 37 20 det
219 1044 9 35 '
234 1048 151 21 entusiastiska
406 1048 105 26 föredrag,
536 1054 44 15 som
602 1052 73 23 pastor
697 1048 103 27 Bergroth
817 1049 49 20 höll.
898 1049 49 21 Men
961 1048 36 27 jag

174 1076 42 21 kan
239 1076 46 21 icke
306 1076 63 27 dölja,
386 1077 30 20 att
432 1077 36 20 det
482 1076 108 22 förefaller
604 1077 49 26 mig,
669 1082 46 16 som
730 1083 36 16 om
780 1078 42 21 han
838 1077 68 22 skulle
922 1077 76 26 betyd-

174 1104 40 27 ligt
235 1104 64 22 hafva
321 1105 76 26 skjutit
419 1105 58 21 öfver
492 1106 72 21 mälet.
594 1105 28 22 Sä
636 1105 45 21 vidt
694 1106 37 26 jag
746 1107 81 20 kunnat
842 1106 98 27 uppfatta
955 1105 41 22 dis-

177 1133 113 22 kussionen
306 1133 7 21 i
328 1134 68 21 denna
418 1133 66 28 fräga,
507 1135 39 20 har
568 1134 73 27 hvarje
657 1134 67 21 talare
740 1134 112 27 ädagalagt
868 1135 36 21 det
920 1136 78 20 största

175 1162 89 21 intresse
287 1162 33 21 för
341 1162 180 27 folkbildningens
544 1163 122 26 utveckling
688 1163 39 20 och
750 1164 79 20 uttalat
851 1164 56 20 blott
925 1169 72 15 varma

176 1190 131 27 önskningar
330 1197 40 20 om,
394 1192 31 19 att
448 1191 68 21 denna
535 1191 141 27 folkbildning
691 1191 27 27 pä
732 1192 43 21 alla
790 1193 102 20 områden
908 1192 39 21 och
962 1197 34 21 ge-

176 1225 50 14 nom
248 1219 42 22 alla
312 1219 100 27 lämpliga
427 1219 69 22 medel
512 1221 65 20 mätte
592 1220 68 27 höjas.
690 1220 42 21 Det
747 1222 100 20 stämmer
863 1221 55 22 dock
931 1221 67 26 enligt

176 1247 44 21 min
242 1247 135 27 uppfattning
400 1248 46 21 icke
466 1248 97 21 öfverens
578 1249 48 21 med
641 1249 95 26 verkliga
751 1249 143 22 förhållandet
908 1251 32 20 att
954 1249 43 22 för-

175 1275 62 21 klara.
259 1276 157 26 presteständet
439 1276 51 27 hysa
512 1277 140 22 misstroende
675 1279 45 19 mot
741 1278 41 20 den
804 1284 40 15 ena
864 1279 53 20 eller
931 1278 67 21 andra

176 1303 81 22 formen
280 1304 22 22 af
323 1305 26 20 de
373 1305 79 25 skolor,
476 1305 136 26 hvarigenom
634 1305 77 22 folkets
734 1306 96 26 bildning
844 1307 70 20 kunde
930 1307 67 26 höjas.

175 1332 43 19 Det
233 1331 63 22 råder
311 1332 55 21 blott
382 1332 57 21 olika
454 1333 134 27 uppfattning
604 1340 40 18 om,
661 1333 54 21 huru
730 1334 63 21 dessa
808 1334 52 21 böra.
875 1341 52 14 vara
938 1340 59 21 orga-

176 1360 103 26 niserade,
296 1360 34 21 för
345 1362 32 19 att
392 1361 27 25 på
434 1361 132 26 lämpligaste
582 1363 42 20 sätt
638 1361 72 22 kunna
725 1363 71 20 verka.
825 1363 62 21 Hvad
902 1363 96 21 fortsätt-

176 1387 166 28 ningskurserna
362 1389 33 21 till
410 1389 120 22 folkskolan
545 1389 108 27 beträffar,
669 1390 39 21 har
724 1391 36 20 det
774 1391 24 21 af
812 1392 25 21 de
852 1391 61 22 flesta
928 1392 69 21 talare

174 1417 104 26 påpekats
301 1419 31 20 att
355 1417 162 27 uppfattningen
532 1419 24 20 af
570 1419 71 21 dessas
656 1419 145 27 organisation
816 1422 24 19 är
854 1422 78 24 ytterst
947 1421 50 21 obe-

174 1446 70 20 stämd
267 1447 39 21 och
328 1446 121 22 sväfvande.
480 1447 50 21 Man
552 1448 39 20 har
613 1447 122 27 framhållit,
758 1450 33 20 att
805 1449 191 23 folkskollärarene

174 1474 96 27 omöjligt
290 1475 72 22 kunna
376 1475 63 26 åtaga
454 1476 32 26 sig
502 1476 70 26 dylika
587 1476 230 28 fortsättningskurser,
834 1484 25 16 en
878 1485 70 15 annan
964 1485 32 15 or-
