1092 1736
224 130 54 23 1292
518 131 93 20 Toukok.
627 131 26 19 23
670 138 19 18 p.

192 203 46 19 sen,
256 202 45 15 som
318 198 122 19 omnämnas
456 196 6 20 i
477 198 116 19 momentet
609 196 18 25 1,
644 196 39 20 och
698 196 64 21 sedan
779 196 42 26 det,
836 198 31 19 att
882 196 39 20 här
935 196 78 26 begag-

192 230 38 16 nas
253 225 62 21 ordet
339 223 187 27 ,vidmakthälles*
551 230 68 20 synes,
643 224 69 21 såsom
735 225 86 25 prosten
839 224 61 21 Valle
915 224 98 26 nämnde,

192 253 95 27 häntyda
303 253 66 25 derpå
384 254 32 20 att
431 252 102 26 brunnen,
549 253 82 27 engång
645 252 100 26 inrättad,
761 252 64 22 sedan
841 252 54 22 skall
910 252 34 20 för
954 254 59 19 evär-

192 282 70 26 deliga
276 282 56 20 tider
346 281 65 21 blifva
422 281 251 22 boställsinnehafvarens
683 280 65 22 ensak
758 282 32 20 att
799 280 160 22 vidmakthålla.
981 281 32 21 En

192 310 69 21 brunn
276 315 62 21 synes
353 310 35 21 vid
402 309 68 22 första
485 309 115 26 påseendet
613 315 50 15 vara
674 309 81 27 ganska
763 309 40 22 lätt
810 311 32 19 att
855 309 158 26 vidmakthålla,

192 345 49 15 men
256 339 36 21 det
306 341 24 18 är
351 337 114 28 ingalunda
481 338 45 26 lätt,
541 337 122 28 isynnerhet
679 337 37 22 der
731 338 150 22 brunnskistan
897 340 24 19 är
935 337 23 22 af
971 339 43 20 trä-

192 367 66 22 virke.
288 367 58 21 Hvar
368 367 40 21 och
430 373 25 15 en
475 367 81 21 känner
571 367 24 20 af
608 373 51 20 egen
675 367 120 21 erfarenhet
810 369 31 19 att
855 367 102 21 trävirket
969 367 46 26 just

192 397 36 20 vid
249 396 156 26 vattenbrynet,
428 395 38 22 der
482 396 36 21 det
532 398 25 19 är
571 397 68 20 utsatt
653 395 34 21 för
701 395 98 27 ständiga
813 395 109 28 växlingar
937 395 23 22 af
973 396 41 21 luft

193 425 39 20 och
248 426 78 25 vatten,
342 424 84 27 mycket
440 425 40 20 lätt
495 427 60 24 tager
570 426 48 20 röta
633 424 40 20 och
688 424 67 21 måste
770 424 83 22 derföre
868 425 41 21 tidt
919 424 39 21 och
969 424 46 21 ofta

193 453 120 27 ombyggas.
344 453 40 26 Jag
400 453 68 22 skulle
484 453 83 21 derföre
582 453 49 26 vilja
646 453 63 20 hafva
724 453 48 21 bort
788 453 61 21 ordet
860 453 155 26 ,vidmakthäl-

193 481 41 22 las"
251 482 39 21 och
306 482 6 21 i
328 481 72 22 stället
414 483 56 20 sätta
486 482 107 25 ,värdas*.
624 481 57 21 Eller
696 481 77 21 hellre:
790 487 33 16 om
839 483 68 26 någon
923 482 91 21 bestäm-

192 511 65 20 melse
273 517 34 14 om
320 510 107 21 brunnens
438 510 193 21 vidmakthällande
643 512 24 18 är
677 510 126 27 nödvändig,
812 510 23 21 så
849 510 73 27 tycker
930 510 36 26 jag
983 512 31 19 att

193 539 60 20 detta
267 539 34 21 väl
316 538 71 21 kunde
402 539 113 25 inrymmas
530 539 7 20 i
553 539 27 20 22
595 539 14 25 &
625 540 10 18 1
652 540 99 24 moment,
760 539 23 20 så
799 540 32 19 att
843 539 36 21 det
894 539 37 21 der
946 538 68 21 skulle

193 567 60 20 heta:
278 566 193 28 ,Boställshafvare
493 572 50 15 vare
563 566 83 26 skyldig
661 568 32 18 att
707 566 33 21 väl
756 566 65 21 vårda
835 567 12 20 &
863 566 100 21 bostället
978 567 36 20 be-

193 594 82 27 fintliga
291 595 39 20 hus
345 594 39 21 och
399 595 114 20 brunnar*.
538 595 42 26 Jag
595 594 68 21 skulle
679 593 84 22 derföre
780 594 77 22 föreslä
871 596 32 20 att
913 595 100 26 antingen

193 625 87 24 prosten
302 623 72 21 Valles
397 622 85 28 förslag,
506 625 32 19 att
560 623 61 22 ordet
645 623 186 28 ,vidmakthällas*
846 623 69 22 skulle
928 623 86 27 utbytas

192 654 46 19 mot
252 651 60 22 ordet
328 651 102 24 ,värdas*
447 651 130 27 godkändes,
593 651 52 21 eller
660 651 65 22 också
739 651 66 22 hellre
821 654 32 19 att
868 652 66 21 orden
946 654 67 25 ,,samt

193 680 65 22 sedan
279 679 22 22 af
321 680 191 21 boställshafvaren
527 679 176 23 vidmakthällas*
720 680 44 21 helt
780 681 39 20 och
834 681 66 21 hållet
913 681 102 21 bortlem-

193 715 38 15 nas
254 709 39 20 och
308 709 7 21 i
330 709 28 20 22
373 709 13 26 8
401 709 66 21 första
489 711 94 19 moment
605 709 97 26 tilläggas
725 709 54 21 efter
801 710 60 26 ,laga
876 710 53 21 hus"
948 709 65 22 orden

193 738 41 21 och
252 737 124 27 ,brunnar*.

262 765 82 22 Pastori
359 766 93 27 Vegelius
466 766 95 21 kannatti
576 766 95 27 provasti
686 765 74 22 Vallen
777 767 120 21 ehdotusta.

262 794 146 22 Kirkkoherra
424 795 62 21 Bäck:
502 794 44 27 Mig
561 794 109 22 förefaller
685 795 35 21 det
734 795 23 20 af
766 797 84 24 prosten
861 795 61 22 Valle
937 795 77 21 väckta

194 823 88 22 ärendet
297 823 23 22 så
335 823 125 28 obetydligt,
476 825 32 19 att
523 829 49 15 man
587 823 47 22 icke
650 823 65 21 borde
731 823 53 22 offra
799 824 69 27 någon
878 824 135 27 vidlyftigare

194 852 120 21 diskussion
328 851 28 27 på
371 851 71 22 saken.
468 851 62 22 Först
546 852 39 20 och
600 852 75 21 främst
690 851 78 21 förstår
779 852 37 27 jag
831 853 52 27 icke,
894 853 60 21 hvari
964 853 51 20 skil-

194 880 69 22 naden
286 880 72 21 består
380 880 77 21 mellan
480 880 152 22 vidmakthålla
652 880 39 21 och
707 880 70 26 vårda,
794 882 22 24 ty
831 887 33 15 om
880 882 37 20 det
931 883 61 24 säges
1007 881 7 21 i

194 909 69 26 lagen,
278 910 32 20 att
325 915 47 15 man
388 908 55 22 skall
458 908 63 22 vårda
538 908 102 26 brunnen,
656 908 79 22 hvilket
751 910 86 26 uttryck
850 909 35 27 jag
901 910 7 20 i
923 909 92 27 förbigå-

195 938 54 21 ende
264 939 47 25 sagt
326 936 68 22 finner
410 937 80 22 mindre
505 937 103 27 lämpligt,
625 937 22 22 så
661 938 42 20 kan
719 938 33 20 väl
768 938 40 21 den
824 938 78 22 vården
917 938 46 22 icke
979 938 35 22 be-

194 966 69 21 sticka
278 966 32 26 sig
324 967 7 21 i
346 967 72 25 annat,
434 968 26 19 än
477 968 31 19 att
524 973 48 15 man
588 966 67 22 håller
670 966 39 21 den
725 966 35 21 vid
776 967 66 21 makt.
866 968 87 21 Förstås
968 967 46 21 åter

193 995 48 21 med
265 994 228 27 ,vidmakthällande*,
516 997 32 19 att
563 1001 48 15 man
627 995 54 21 skall
696 994 69 28 bygga
781 1002 25 14 en
822 1002 27 20 ny
864 996 150 27 brunnstimra,

194 1023 27 22 då
244 1023 40 22 den
306 1023 58 21 förra
379 1023 23 22 af
415 1023 59 22 ålder
489 1023 41 21 blir
545 1023 92 28 oduglig,
653 1023 24 22 så
692 1025 45 20 tror
749 1023 43 28 jag,
808 1025 33 20 att
855 1024 85 22 hvilken
955 1027 60 24 prest

194 1059 45 14 som
256 1051 55 22 helst
325 1052 39 27 går
379 1053 6 20 i
401 1052 49 21 land
466 1052 94 21 dermed.
583 1052 82 21 Honom
681 1052 79 27 åligger
772 1053 24 26 ju
807 1053 62 21 äfven
880 1053 135 22 underhållet

194 1081 23 20 af
230 1080 120 27 ängslador.
370 1081 42 26 Jag
425 1080 33 21 för
473 1081 42 21 min
532 1081 34 21 del
581 1081 69 21 skulle
665 1081 82 22 således
763 1088 50 15 anse
828 1083 32 20 att
875 1082 69 21 denna
955 1081 59 28 fråga

194 1109 46 21 icke
256 1109 66 21 borde
338 1109 90 26 förtjena
444 1109 108 22 dessmera
567 1111 32 20 att
615 1109 125 22 diskuteras.

262 1137 146 21 Kirkkoherra
424 1137 118 27 Karlsberg:
559 1137 62 26 Kyllä
636 1138 57 20 minä
708 1138 79 26 luulen,
803 1140 44 19 että
861 1139 96 27 säädyllä
967 1139 46 21 olisi

194 1166 71 26 paljon
287 1166 67 20 muita
376 1166 158 26 suurempiakin
554 1166 141 20 toivomuksia
710 1168 71 19 tämän
798 1167 113 21 asetuksen
926 1167 88 21 suhteen

193 1194 52 21 kuin
260 1195 65 25 tämä,
338 1193 66 27 jonka
420 1194 76 21 tähden
512 1194 128 21 luullakseni
655 1194 19 21 ei
689 1195 101 21 tarvitsisi
805 1195 82 27 kiintyä
896 1196 45 20 niin
951 1195 64 21 vähä-

194 1222 105 26 pätöisiin.
330 1222 26 21 Fi
378 1222 33 21 ole
433 1228 67 16 ennen
524 1222 54 22 ollut
599 1223 79 21 mitään
697 1223 99 21 säädöstä
811 1223 54 25 siitä,
881 1225 44 20 että
941 1224 73 26 pappi-

194 1251 57 21 lassa
272 1251 60 26 pitää
354 1251 42 21 olla
412 1250 111 22 ollenkaan
543 1252 82 25 kaivoa,
642 1251 23 27 ja
680 1252 43 20 kun
739 1252 52 21 niitä
805 1258 28 15 on
848 1252 59 26 ollut,
925 1255 48 18 ovat
988 1259 27 14 ne

194 1280 49 19 aina
259 1280 63 19 olleet
336 1280 64 25 papin
416 1279 96 21 tehtävät
525 1280 23 25 ja
562 1280 108 20 kunnossa
685 1279 123 25 pidettävät.
840 1280 92 21 Sanoilla
949 1280 66 23 ,kun-

194 1312 64 16 nossa
280 1307 72 26 pitää*
376 1306 136 21 tarkotetaan
527 1307 81 26 tietysti
623 1307 40 21 sitä
679 1309 43 19 että
737 1308 101 25 pappilan
853 1308 89 26 haltijan
958 1309 58 25 pitää

194 1335 82 25 katsoa,
296 1335 60 21 ett'ei
372 1334 61 22 kaivo
449 1336 63 26 pääse
527 1337 176 25 rappeutumaan,
718 1342 54 15 vaan
788 1336 20 21 ei
823 1336 46 27 sitä,
886 1338 45 20 että
946 1336 68 22 hänen

193 1364 60 26 pitää
268 1370 22 15 se
305 1364 117 21 uudestaan
438 1364 108 21 rakentaa.
578 1364 365 22 Uudestirakentamis-velvollisuus
958 1366 57 20 tulee

194 1392 135 22 ehdotuksen
351 1392 92 22 mukaan
466 1394 114 25 pysymään
596 1392 136 27 edeskinpäin
748 1393 184 23 rakennuskassan
948 1394 68 22 tehtä-

194 1423 60 25 vänä,
278 1422 68 20 mutta
368 1422 222 26 kunnossapitäminen
614 1428 26 15 on
663 1422 62 25 papin
748 1422 181 22 velvollisuutena.
967 1423 49 21 Kun

194 1451 58 20 tämä
272 1451 51 24 asia,
340 1449 94 22 niinkuin
450 1449 22 27 jo
488 1450 141 21 kirkkoherra
644 1449 58 22 Bäck
717 1450 66 27 sanoi,
799 1457 27 15 on
840 1451 125 27 jokseenkin
980 1454 36 19 vä-
