1084 1773
208 140 54 20 1114
508 139 94 20 Toukok.
619 139 26 21 13
660 146 20 18 p.

178 205 40 21 hus
233 205 47 20 icke
300 204 45 21 stär
367 206 52 19 utan
434 211 26 14 en
476 204 63 20 nedre
555 203 84 27 väning.
654 203 113 21 Presterna
781 203 74 27 insägo
871 203 36 21 det
917 204 84 26 mycket

179 234 59 20 snart
258 233 40 20 och
316 232 30 22 alt
363 238 58 15 mera
436 232 88 26 började
545 232 100 21 behofvet
660 231 22 22 af
695 232 58 26 lägre
769 231 118 21 folkskolor
902 233 32 20 att
949 233 52 25 göra

180 262 32 26 sig
226 261 104 27 gällande.
360 261 58 21 Hvar
434 261 39 21 och
496 267 25 15 en
542 262 23 20 af
579 262 25 20 de
619 260 132 21 närvarande
766 260 39 21 här
819 261 82 20 minnes
918 260 84 28 mycket

178 290 42 26 väl,
235 290 80 20 hvilket
329 290 77 21 bittert
420 289 107 22 motständ
543 289 40 21 den
598 289 59 26 lägre
672 288 119 22 folkskolan
807 288 38 22 hos
857 295 33 15 oss
899 288 41 22 fätt
949 291 54 19 röna

179 319 23 21 af
220 320 76 19 nästan
314 318 43 21 alla
373 318 67 22 andra
458 320 28 19 än
501 318 26 21 de
542 317 93 27 kyrkligt
650 318 87 21 sinnade
754 317 39 21 och
809 317 33 21 för
857 317 64 27 öfrigt
936 318 66 26 några

180 347 23 21 få
217 346 129 27 förständigt
360 347 106 21 tänkande
482 347 121 21 menniskor
618 347 7 20 i
641 346 78 21 landet.
742 346 50 20 Man
807 346 40 21 har
857 346 47 21 med
915 348 45 20 stor
970 348 33 20 sä-

179 375 77 21 kerhet
270 375 105 21 förklarat
390 376 61 20 dessa
465 375 59 27 lägre
538 374 118 22 folkskolor
671 375 33 21 för
719 374 120 27 obehöfliga
854 376 40 20 och
908 376 16 19 t.
940 381 21 15 o.
975 381 28 15 m.

180 404 103 27 skadliga,
302 404 23 26 ja
344 404 33 21 det
395 404 68 21 finnes
478 404 86 24 sädana,
581 410 45 15 som
642 405 55 19 ännu
712 403 59 27 yrka,
787 405 32 19 att
834 410 49 14 man
897 404 35 20 mä
947 404 20 20 h.
984 410 19 14 o.

180 433 20 20 h.
216 432 89 21 afskaffa
321 433 54 21 dem.
404 432 43 21 Det
462 435 24 19 är
500 433 47 20 icke
562 434 51 20 utan
629 432 48 21 skäl
689 438 46 14 som
750 438 49 14 man
814 432 7 20 i
836 438 26 15 en
877 432 126 27 tidningsar-

180 462 53 20 tikel
254 461 34 21 för
310 467 38 20 par
372 462 66 25 dagar
456 461 64 21 sedan
540 461 37 26 säg
600 461 59 21 detta
681 461 95 26 yrkande
795 461 6 20 i
816 461 69 21 vishet
900 461 103 21 likställas

178 490 48 21 med
242 491 40 20 den
297 490 130 25 statsvishet,
442 495 46 16 som
502 492 15 19 t.
534 496 32 15 ex.
581 490 8 21 i
596 489 161 26 torparefrägan
766 489 67 22 skulle
842 491 61 24 säga:
913 489 34 22 mä
955 495 48 16 man

180 518 90 21 afskaffa
296 518 62 21 dessa
381 521 84 24 torpare
480 519 40 20 och
536 519 23 21 sä
574 520 52 25 göra
641 518 32 26 sig
688 517 23 22 af
725 518 48 21 med
790 517 49 22 hela
855 517 68 22 denna
937 517 67 27 fräga.

180 547 54 21 Lika
248 548 46 20 litet
309 553 45 15 som
373 547 21 20 vi
408 547 72 22 kunna
494 549 52 24 göra
562 553 33 15 oss
611 549 21 18 at
647 547 48 20 med
711 547 61 21 dessa
787 548 92 25 torpare,
895 547 44 21 lika
957 547 48 20 litet

181 576 39 21 dör
242 575 73 28 frågan
338 582 34 15 om
395 575 40 22 den
456 575 58 28 lägre
528 575 129 26 folkskolan,
673 577 51 20 utan
739 576 67 21 måste
821 575 33 22 till
869 575 51 27 följe
936 575 23 22 af
972 576 32 21 sin

181 608 63 18 natur
258 605 95 26 ständigt
368 605 56 26 dyka
438 611 43 20 upp
496 605 48 26 igen
560 605 43 20 tills
619 605 41 20 den
675 604 68 21 finner
758 605 32 20 sin
805 605 90 26 lösning.
911 604 50 21 Men
970 605 35 20 det

180 633 115 28 glädjande
316 633 65 27 ligger
406 634 118 26 egentligen
547 634 8 21 i
578 633 35 21 det
636 634 48 25 sätt,
707 633 28 26 pä
757 633 81 21 hvilket
861 633 40 21 den
917 639 88 16 numera

180 663 95 20 kommer
297 669 49 20 upp.
377 662 40 21 Vid
433 663 69 20 denna
517 662 102 27 landtdag
635 661 39 22 har
690 661 66 27 jemte
772 662 83 26 mycket
870 661 89 28 sorgligt
974 663 30 20 ät-

180 691 105 22 minstone
306 691 36 21 det
366 691 59 26 gladt
447 691 48 26 mig,
512 692 32 20 att
559 697 49 14 man
623 691 54 20 dock
692 697 89 14 numera
793 691 8 20 i
815 690 31 21 alt
861 690 71 21 vidare
947 691 58 21 kret-

181 726 35 15 sar
238 720 110 25 erkänner,
368 721 32 19 att
419 719 38 21 hos
473 726 34 15 oss
523 726 26 15 en
564 720 58 25 lägre
637 719 108 21 folkskola
760 719 106 26 behöfves,
882 721 33 19 att
929 719 36 21 det
981 721 24 20 är

181 748 66 27 derpä
262 748 38 21 och
316 748 28 26 pä
365 748 103 25 hemmen,
484 754 45 15 som
546 749 40 20 den
601 748 67 21 första
683 747 179 27 undervisningen
873 747 131 22 fortfarande

180 777 40 21 hos
236 783 34 15 oss
285 777 67 21 måste
367 777 85 26 byggas.
476 777 79 21 Derom
570 777 79 20 vittnar
664 776 36 21 det
714 776 144 27 föreliggande
875 777 129 21 utskottsbe-

181 805 123 26 tänkandet,
321 805 73 21 derom
409 806 79 20 vittnar
503 806 7 20 i
525 805 120 21 hufvudsak
661 805 40 20 den
716 805 129 26 behandling
853 805 74 26 frägan
936 805 69 21 denna

182 834 54 27 gäng
259 835 47 20 rönt
329 834 7 21 i
358 834 144 21 medständen.
532 834 42 21 Det
597 834 102 21 erkännes
719 839 88 15 numera
822 833 94 26 allmänt,
932 835 32 19 att
979 841 26 14 en

181 863 59 27 lägre
262 862 106 21 folkskola
390 862 101 21 behöfves
512 863 39 20 och
567 863 35 20 det
616 864 24 19 är
655 862 33 21 för
703 863 42 26 mig
761 869 25 14 en
801 862 122 21 hufvudsak
938 865 32 18 att
985 863 20 21 vi

181 892 108 26 ändtligen
304 892 90 21 kommit
408 891 24 22 sä
447 892 65 26 längt.

250 920 83 27 Frågan
356 920 42 21 blir
415 920 40 22 dä:
471 920 61 22 hvem
547 920 74 21 tillhör
635 920 148 27 inspektionen
798 920 59 27 öfver
873 920 62 22 dessa
951 920 54 22 folk-

183 949 78 26 skolor,
290 949 72 21 hvems
388 951 37 19 äro
449 950 61 20 dessa
539 949 73 21 skolor
638 949 133 27 egentligen?
805 948 43 22 Aro
876 950 26 20 de
925 950 80 21 statens

182 978 72 21 skolor
276 978 52 21 eller
350 980 36 18 äro
411 978 25 20 de
458 978 92 26 kyrkans
573 978 72 21 skolor
667 977 53 22 eller
742 977 87 21 tillhöra
851 978 27 21 de
900 978 106 22 mähända

182 1006 127 27 beggedera,
332 1006 101 22 eftersom
456 1007 26 21 de
504 1006 90 27 fullfölja
617 1008 31 19 ett
670 1006 89 21 dubbelt
783 1006 113 22 ändamäl?
926 1007 79 21 Derom

184 1036 80 20 lemnar
287 1041 34 15 oss
344 1035 255 27 folkskoleförordningen
623 1035 94 26 äterigen
732 1034 126 28 fullständig
873 1036 133 26 upplysning.

183 1064 43 21 Det
245 1066 60 24 säges
324 1064 7 21 i
352 1064 40 20 116
407 1064 19 26 &,
443 1065 31 20 att
490 1064 195 26 församlingens
700 1064 166 26 presterskap
881 1064 56 21 skall
952 1064 55 21 vaka

184 1093 58 21 öfver
264 1092 177 27 undervisningen
456 1093 7 20 i
479 1093 61 21 dessa
555 1093 78 21 skolor.
661 1092 38 20 Om
716 1093 35 20 det
766 1092 81 21 säledes
863 1092 64 21 ocksä
940 1092 67 22 finnes

184 1128 25 14 en
232 1121 53 21 skild
302 1121 200 26 kommunal-skola,
519 1121 41 21 den
577 1121 65 26 högre
660 1120 127 26 folkskolan,
803 1121 24 21 sä
841 1122 104 20 uteslutes
961 1122 47 20 der-

184 1150 48 21 med
254 1149 46 21 icke
320 1150 147 26 skyldigheten
483 1150 33 20 för
531 1150 161 26 församlingens
707 1150 142 26 presterskap,
865 1150 61 20 äfven
943 1150 65 26 enligt

183 1178 263 26 folkskoleförordningen,
470 1180 31 19 att
515 1178 55 21 vaka
586 1178 57 21 öfver
659 1178 61 21 dessa
735 1178 58 26 lägre
811 1178 123 21 folkskolor.
965 1178 43 22 Vill

184 1213 48 15 man
255 1206 23 22 af
300 1207 68 21 denna
383 1207 114 26 anledning
512 1206 45 22 helt
572 1206 72 22 enkelt
659 1206 57 21 kalla
732 1207 61 21 dessa
809 1206 71 22 skolor
895 1207 32 21 till
943 1207 64 26 kyrk-

182 1236 50 26 liga,
256 1235 22 21 sä
301 1238 24 18 är
347 1236 61 20 ordet
423 1235 46 21 icke
488 1235 67 21 heller
571 1236 93 25 oriktigt,
681 1235 68 21 ehuru
762 1235 36 27 jag
813 1236 48 20 med
882 1235 98 22 afseende
996 1236 12 20 ä

184 1264 35 20 det
233 1264 113 26 trefaldiga
361 1264 99 20 ändamäl
475 1264 62 26 lagen
553 1263 67 27 gifver
635 1264 48 20 dem
699 1263 66 22 mäste
781 1270 50 14 anse
853 1264 155 26 benämningen

183 1292 59 26 lägre
265 1292 124 26 folkskolor,
412 1292 136 26 hvarigenom
568 1292 69 20 tillika
652 1294 117 18 motsatsen
785 1292 32 20 till
831 1292 26 20 de
872 1292 65 26 högre
953 1292 55 20 folk-

183 1320 101 20 skolorna
306 1321 95 25 antydes,
424 1326 50 14 vara
497 1326 58 14 mera
573 1320 102 25 sakenlig.
704 1319 53 26 Nytt
775 1322 24 18 är
813 1320 33 20 för
862 1325 34 15 oss
912 1321 31 19 att
959 1326 49 14 man

183 1348 34 20 vid
242 1348 68 20 denna
331 1348 101 26 landtdag
448 1348 76 20 erkänt
540 1348 62 20 dessa
617 1347 81 21 skolors
713 1347 168 27 nödvändighet;
897 1345 49 23 men
962 1349 45 25 nytt

184 1378 24 19 är
236 1376 69 24 också,
328 1378 38 19 när
388 1382 49 15 man
456 1378 67 24 säger,
547 1378 31 19 att
601 1376 108 21 desamma
724 1376 31 21 als
771 1376 46 21 icke
832 1376 66 27 några
912 1376 97 28 kyrkliga

185 1404 72 22 skolor
280 1407 43 24 äro,
346 1405 40 21 och
409 1406 32 20 att
463 1404 82 27 kyrkan
561 1405 39 20 och
616 1404 25 21 de
657 1405 98 26 kyrkliga
769 1405 175 27 myndigheterna
959 1405 49 21 med

186 1434 49 21 dem
251 1434 109 27 ingenting
376 1434 68 21 skulle
459 1432 64 22 hafva
538 1435 33 19 att
586 1432 74 23 skaffa.
685 1433 28 22 Sä
728 1433 58 27 längt
801 1434 39 21 har
855 1440 48 15 man
919 1434 42 27 mig
975 1441 34 14 ve-

184 1463 93 26 terligen
294 1462 136 22 härförinnan
446 1462 46 21 icke
508 1462 52 26 gätt,
576 1463 40 20 och
631 1463 36 20 det
681 1462 39 22 har
735 1469 48 15 man
800 1463 34 21 vid
850 1464 68 20 denna
928 1469 81 16 samma

185 1492 103 27 landtdag
302 1492 57 27 gjort
374 1492 20 21 sä
414 1491 74 25 ,frank
504 1491 43 21 und
563 1491 52 21 frei*
633 1492 39 20 och
687 1492 46 21 från
749 1492 77 21 sådant
843 1492 49 26 håll,
903 1498 46 16 som
959 1498 50 15 man
