1086 1761
400 131 93 20 'Toukok.
512 132 24 19 13
551 139 20 18 p.
815 133 54 20 1115

78 194 55 22 allra
159 196 63 21 minst
245 196 54 21 hade
315 198 81 20 kunnat
410 199 64 19 vänta
490 197 42 21 det.
561 197 148 22 Ordföranden
724 198 7 21 i
745 197 83 22 landets
843 197 55 22 skol-

78 224 154 27 Ofverstyrelse,
259 231 80 15 samma
361 226 94 26 styrelse,
481 226 22 21 ät
524 226 85 21 hvilken
629 225 45 27 just
697 226 156 21 omvårdnaden
877 226 23 21 af

78 251 27 22 de
127 253 154 25 petitionerade
299 253 113 22 markorna
430 254 69 21 skulle
514 254 111 25 anförtros,
642 253 44 26 har,
704 261 32 14 om
752 255 146 26 tidningsrefe-

78 282 60 19 raten
155 281 106 21 meddelat
276 281 35 21 det
318 282 80 26 riktigt,
408 282 70 22 säsom
487 283 88 20 medlem
587 283 22 19 af
617 282 148 27 ridderskapet
776 283 39 20 och
829 283 68 25 adeln,

83 310 72 24 yttrat,
171 311 32 19 att
217 316 49 14 man
283 309 52 26 icke,
351 316 74 20 genom
441 312 31 19 att
487 310 102 20 öfverläta
604 316 110 20 omsorgen
731 317 33 14 om
775 311 123 21 utbildande

78 336 24 21 af
119 336 68 22 lärare
202 336 34 22 för
251 337 26 21 de
293 338 166 21 ambulatoriska
474 338 99 21 skolorna
589 338 21 21 ät
625 338 26 21 de
664 338 98 27 kyrkliga
777 339 121 26 myndighe-

79 366 61 20 terna
165 382 7 11 ,
177 366 38 20 bör
230 366 71 21 inleda
317 366 82 22 landets
414 367 135 26 presterskap
563 366 28 27 pä
607 368 30 20 ett
652 366 34 21 för
709 367 60 21 deras
792 368 106 26 egentliga

78 394 136 21 verksamhet
228 394 131 22 främmande
375 395 102 21 omräde*.
502 395 49 21 Med
567 395 40 21 den
621 396 120 20 kännedom
757 395 38 27 jag
810 396 39 20 har
863 402 34 14 om

77 422 142 21 ordföranden
235 423 6 20 i
257 423 214 28 skolöfverstyrelsen,
487 424 70 21 säsom
572 430 26 14 en
613 424 70 21 likasä
696 424 79 21 human
791 429 45 16 som
852 424 46 21 lärd

76 456 55 21 man,
155 453 24 19 är
202 451 35 21 det
259 451 33 22 för
313 453 44 26 mig
371 453 95 26 omöjligt
480 454 32 20 att
527 454 39 24 tro,
586 453 33 20 att
633 451 42 22 han
691 452 68 21 skulle
773 452 64 21 hafva
851 455 47 24 sagt

77 479 58 22 detta
151 480 23 21 af
186 480 70 27 nägon
271 481 78 26 speciel
365 481 63 26 ovilja
443 483 45 19 mot
502 481 91 26 kyrkan;
609 481 42 21 han
666 481 39 20 har
720 482 47 25 sagt
782 481 35 21 det
827 481 23 21 af
857 481 41 21 bri-

74 509 76 20 stande
166 509 132 27 bekantskap
318 510 47 21 med
380 510 55 21 hvad
450 509 35 27 lag
500 509 40 22 och
554 509 152 27 författningar
728 509 64 27 bjuda
807 510 5 20 i
829 509 69 22 denna

75 537 38 21 sak
137 537 39 21 och
198 538 35 20 det
255 540 24 19 är
298 538 34 21 för
351 538 77 21 honom
444 538 119 27 ursäktligt.
592 538 41 25 Jag
648 539 45 20 tror
708 538 53 26 icke,
777 539 32 20 att
824 538 35 21 det
874 540 23 19 är

75 567 32 19 ett
128 565 33 21 för
182 566 81 26 kyrkan
286 566 130 22 främmande
432 567 64 25 gebit,
512 569 37 19 när
564 567 42 21 hon
622 566 73 26 ätager
710 567 31 25 sig
757 567 40 20 den
813 567 84 25 andliga

77 594 78 20 vården
179 600 34 14 om
235 594 161 27 församlingens
418 595 60 25 barn,
505 597 22 24 ty
548 596 61 20 dessa
632 594 178 27 mängomordade
825 595 72 21 skolor

77 622 64 20 hafva
156 622 53 21 dock
224 623 33 21 sin
273 623 97 26 djupaste
384 624 68 26 grund
469 624 6 20 i
490 624 99 20 behofvet
597 623 33 21 för
637 622 67 22 Kristi
719 624 68 25 kyrka
797 625 32 19 att
840 623 57 21 med-

75 650 48 21 dela
138 650 58 21 Guds
213 652 37 20 ord
266 651 23 21 ät
302 652 92 26 gammal
410 652 38 20 och
463 658 42 20 ung
520 652 39 21 och
573 651 73 21 härtill
660 652 101 20 behöfver
769 652 80 26 kyrkan
858 652 39 20 och

77 679 48 21 dess
141 680 80 26 tjenare
237 680 132 26 sannerligen
384 680 46 21 icke
446 681 68 25 nägon
529 680 87 21 mandat
631 686 50 15 vare
695 680 32 26 sig
741 680 56 21 ifrän
807 680 90 26 skolsty-

78 708 69 21 relsen
163 708 51 20 eller
229 709 68 26 nägon
314 715 67 15 annan
398 709 131 26 myndighet;
545 710 41 20 den
609 708 39 21 har
663 709 37 20 sitt
714 709 95 26 uppdrag
820 708 23 21 af
849 708 47 26 kyr-

77 736 54 22 kans
146 736 73 25 Herre,
237 743 43 15 som
297 739 69 25 säger:
385 736 58 26 ,Gän
459 739 24 19 ut
498 738 6 20 i
514 737 48 22 hela
569 737 85 21 verlden
663 737 39 21 och
710 739 65 24 gören
787 737 47 21 allt
845 737 52 21 folk

77 765 32 21 till
138 765 113 27 lärjungar,
273 766 87 21 lärande
376 766 46 20 dem
438 766 39 21 och
493 766 96 26 döpande
605 765 67 21 dem".
704 766 43 20 Och
763 766 68 20 denna
845 772 52 20 upp-

74 793 41 26 gift
129 794 39 21 har
183 794 82 26 kyrkan
279 796 55 20 varit
349 797 74 24 trogen
443 795 2 21 i
466 801 44 15 mer
528 798 25 18 än
572 794 27 21 18
614 794 149 22 århundraden
779 794 40 22 och
829 794 68 21 denna

77 822 84 26 uppgift
183 822 54 22 skall
259 822 83 28 kyrkan
364 823 132 21 fortfarande
518 823 65 21 blifva
605 824 74 24 trogen
695 823 38 21 och
748 822 102 22 behöfver
864 823 34 20 för

78 850 142 27 fullgörandet
241 852 62 20 häraf
326 852 38 21 alls
380 852 46 21 icke
442 852 66 21 anlita
522 852 65 26 några
602 853 58 19 utom
676 852 79 20 hennes
771 858 52 20 egen
838 852 59 20 krets

77 879 87 21 stående
186 880 146 26 myndigheter
355 880 52 20 eller
429 880 154 25 funktionärer;
599 880 54 21 allra
667 879 64 21 minst
745 880 96 21 kommer
857 880 39 20 den

77 907 110 22 lutherska
202 908 82 25 kyrkan
294 910 37 19 att
346 909 101 26 någonsin
463 908 66 21 blifva
544 909 69 20 denna
628 908 31 20 sin
675 908 55 25 höga
739 908 39 21 och
785 908 49 21 ädla
845 914 52 20 upp-

76 936 41 25 gift
140 938 94 24 otrogen,
256 938 23 24 ty
301 936 36 21 det
359 936 71 21 tillhör
446 937 44 26 just
505 937 78 20 hennes
599 936 106 26 egentliga
720 935 177 22 lifsverksamhet.

77 964 47 21 Den
139 964 109 21 lutherska
263 965 80 26 kyrkan
359 964 103 22 erkänner
478 965 120 26 visserligen
613 965 76 20 endast
704 963 58 22 Guds
777 964 39 21 ord
827 964 70 21 såsom

76 993 41 20 den
133 993 75 25 högsta
223 993 149 24 auktoriteten,
384 999 47 15 men
440 994 39 20 den
488 993 39 21 har
535 993 118 26 naturligen
663 992 88 27 mycken
759 993 67 26 pietet
836 992 61 21 äfven

77 1021 33 20 för
133 1021 40 20 den
195 1028 55 18 man,
267 1021 62 22 hvars
345 1027 62 16 namn
423 1022 40 21 den
479 1021 45 22 bär.
548 1021 61 21 Hvad
625 1023 62 24 säger
702 1021 81 21 Luther
797 1020 100 22 särskildt

73 1049 46 26 just
141 1056 34 15 om
190 1050 61 21 dessa
267 1050 131 21 småskolor?
422 1067 4 10 ,
428 1049 54 29 Wie
497 1057 48 14 man
562 1050 33 21 die
610 1050 67 21 Leute
691 1049 70 21 haben
775 1049 49 26 will,
840 1055 57 15 muss

77 1085 48 14 man
141 1079 31 20 sie
188 1079 21 20 in
225 1079 37 20 der
277 1079 85 26 Jugend
378 1079 54 21 dazu
448 1079 80 21 ziehen.
543 1078 44 22 Soll
602 1085 22 14 es
644 1078 78 21 wieder
736 1079 22 20 in
773 1078 62 21 einen
854 1077 43 22 Gu-

76 1109 35 18 ten
135 1107 66 21 Stand
220 1107 105 26 kommen,
341 1114 23 15 so
379 1113 57 16 muss
452 1113 22 16 es
489 1107 99 21 wahrlich
603 1113 27 14 an
645 1107 40 20 den
696 1106 95 21 Kindern
799 1107 98 26 angefan-

75 1141 40 20 gen
137 1135 63 21 sein."
230 1135 45 21 Och
294 1136 72 21 vidare
389 1138 61 24 säger
465 1136 52 21 han:
535 1135 53 27 ,Um
604 1136 37 20 der
657 1135 77 20 Kirche
754 1135 70 21 willen
839 1140 58 16 muss

75 1170 48 14 man
147 1163 90 21 Schulen
260 1164 70 21 haben
351 1165 42 21 und
416 1165 101 25 erhalten,
538 1164 55 21 denn
611 1163 51 21 Gott
679 1164 69 20 erhält
765 1164 34 20 die
819 1163 78 21 Kirche

77 1192 66 21 durch
159 1192 98 21 Schulen.
273 1192 91 22 Schulen
379 1193 95 21 erhalten
491 1192 33 22 die
540 1192 97 26 Kirche",
654 1194 54 19 samt
727 1191 98 27 tillägger
841 1191 56 21 hvad

76 1227 45 15 som
145 1221 133 26 synnerligen
299 1227 74 21 passar
391 1222 21 20 in
436 1221 26 26 pä
485 1221 51 21 vära
558 1221 67 21 under
639 1220 24 21 sä
678 1220 149 26 anspräkslösa
841 1222 56 24 yttre

77 1249 78 21 former
173 1249 114 21 arbetande
312 1249 191 21 smäbarnsskolor:
535 1250 48 23 ,Sie
598 1249 69 21 haben
682 1249 55 20 wohl
752 1248 48 21 kein
816 1248 81 21 häbsch

76 1278 106 25 Ansehen,
213 1278 47 20 sind
290 1278 51 21 aber
373 1278 49 20 sehr
454 1278 92 21 nutzlich
576 1278 43 20 und
649 1277 79 27 nöthig.
758 1277 25 21 In
806 1276 90 22 Schulen

77 1306 68 20 haben
168 1306 33 21 die
224 1306 104 21 Knäblein
351 1306 94 22 dennoch
463 1306 65 21 Pater
543 1308 77 23 noster,
637 1306 33 20 die
685 1306 57 20 Zehn
758 1304 81 22 Gebote
854 1305 43 21 und

75 1334 42 21 den
132 1334 97 22 Glauben
245 1335 88 27 gelernt,
349 1335 43 21 und
406 1335 47 21 sind
469 1335 33 21 die
518 1334 90 22 Kirchen
624 1334 66 21 durch
699 1334 33 20 die
740 1334 83 21 kleinen
832 1333 65 21 Schu-

75 1369 38 15 sen
133 1363 128 21 wunderlich
279 1364 95 20 erhalten
396 1362 106 22 worden*.
532 1363 38 21 Om
586 1364 7 20 i
609 1363 63 26 något
687 1362 50 21 land
753 1362 39 22 och
807 1362 7 21 i
827 1362 70 26 någon

75 1392 70 24 kyrka
167 1394 110 24 presterna
299 1392 63 20 hafva
384 1392 54 20 varit
460 1392 62 20 dessa
543 1392 137 25 grundsatser
695 1393 75 23 trogna
776 1386 12 36 i
785 1390 54 21 sitt
853 1391 44 19 kall

79 1420 66 20 läsom
168 1420 69 20 lärare
259 1419 34 21 för
317 1419 77 21 folkets
416 1420 60 24 barn,
499 1420 24 20 sä
544 1420 38 20 har
604 1419 35 21 det
661 1419 55 21 varit
730 1419 7 20 i
753 1418 88 21 Finland
857 1418 39 21 och

78 1448 7 21 i
101 1448 40 21 den
157 1448 67 21 finska
240 1448 134 26 folkkyrkan,
389 1448 23 21 sä
428 1449 32 20 att
472 1448 37 26 jag
528 1448 6 21 i
549 1447 66 21 likhet
630 1447 47 21 med
693 1446 126 27 föregående
830 1446 67 22 talare

77 1477 47 20 icke
147 1483 37 14 ens
204 1477 41 21 kan
267 1476 109 22 föreställa
398 1477 48 26 mig,
470 1478 32 19 att
522 1476 38 21 den
575 1475 32 22 tid
621 1475 102 27 nägonsin
739 1475 54 22 skall
806 1475 90 26 komma,
