1084 1761
246 122 54 21 1140
555 121 92 20 Toukok.
667 121 22 19 16
705 128 20 18 p.

284 187 108 20 Esitettiin
415 186 211 21 talousvaliokunnan
650 186 95 21 mietintö
761 186 39 20 N:o
817 187 12 18 5
845 186 108 26 erityisten
968 187 68 25 sääty-

216 215 101 26 esitysten
331 215 106 26 johdosta,
452 214 60 27 jotka
528 215 109 20 sisältävät
652 214 127 21 ehdotuksia
793 214 133 21 asetukseksi
941 213 94 27 mietojen

210 243 198 28 juovutusjuomain
422 243 140 26 myymisestä
575 243 22 26 ja
613 242 190 21 anniskelemisesta
812 243 50 20 sekä
869 242 166 27 mallasjuomien

216 273 115 26 myymistä
341 272 24 24 ja
382 271 168 21 anniskelemista
565 271 102 21 koskevan
681 273 16 18 2
709 273 53 24 p:nä
771 271 123 21 huhtikuuta
905 272 61 20 1883
975 277 61 15 anne-

217 303 37 19 tun
270 300 118 21 armollisen
404 300 109 21 asetuksen
529 300 175 21 muuttamisesta.

283 356 161 27 Mallasjuomain
461 357 87 28 myyntiä
563 356 22 28 ja
600 356 167 22 anniskelemista
783 356 88 22 koskeva
886 356 79 22 asetus.

492 415 9 20 1
516 414 23 27 ja
554 414 13 21 2
583 414 28 26 $:t
627 414 140 27 hyväksyttiin.

600 477 25 21 12
641 476 18 27 8.

283 528 96 21 Provasti
402 528 100 21 Torckell:
526 528 37 22 Att
579 528 202 21 ekonomiutskottet
800 528 35 20 vid
851 528 70 20 denna
937 527 99 27 landtdag

216 556 82 27 afgifvit
320 556 80 27 ganska
422 557 151 26 förtjenstfulla
596 556 149 22 betänkanden
768 556 39 21 och
823 557 7 21 i
845 556 42 22 allo
903 556 134 21 erkännande

215 585 66 21 värda
305 585 79 26 förslag
400 585 131 21 beträffande
547 585 160 21 motarbetande
723 585 39 20 och
777 585 105 26 stäfjande
897 584 23 21 af
934 585 41 20 den
989 584 48 21 värt

217 613 44 22 folk
282 613 150 21 förderfvande
456 613 233 27 dryckenskapslasten,
705 613 66 21 mäste
787 613 22 21 af
823 613 78 21 enhvar
917 613 47 21 med
980 613 58 20 tack-

216 642 82 21 samhet
321 642 111 21 erkännas.
463 642 177 27 Dryckenskapen
664 642 38 20 har
724 641 69 22 blifvit
809 644 31 19 ett
855 642 58 25 ondt,
929 641 109 21 hvaremot

216 671 42 20 alla
274 670 82 21 krafter
372 671 65 20 måste
453 671 125 26 uppbjudas.
594 671 10 20 I
620 672 31 19 ett
667 670 22 21 af
702 671 62 26 tyska
779 670 122 27 föreningen
912 671 57 20 emot
978 670 60 21 miss-

217 699 54 21 bruk
294 699 23 21 af
338 699 73 20 starka
432 699 89 26 drycker
537 699 54 21 1883
607 698 73 22 aflätet
695 705 82 20 upprop
792 699 60 20 heter
867 699 47 20 det:
931 699 106 23 ,hvarken

217 727 194 26 Ofversvämningar
433 728 51 20 eller
506 727 91 22 farsoter
619 727 146 22 åstadkomma
787 728 27 25 pä
836 728 57 25 långt
909 729 38 19 när
963 727 23 21 sä
1001 727 36 21 all-

216 758 76 19 männa
315 756 39 20 och
378 755 132 27 djupgäende
525 756 129 27 härjningar,
670 762 45 14 som
731 762 26 14 en
773 763 67 14 annan
856 755 97 27 förfärlig
967 755 70 22 lands-

216 784 69 27 pläga,
308 784 86 20 hvilken
418 785 135 26 oupphörligt
575 785 64 20 sedan
664 784 75 26 mänga
755 784 29 24 är,
801 784 96 27 skyddad
912 783 23 22 af
948 783 89 26 fördom,

216 812 114 21 befordrad
352 812 23 21 af
396 815 120 24 egennytta,
540 815 57 19 tärer
618 813 27 26 pä
659 813 78 20 folkets
752 812 100 27 lifsmärg.
883 813 42 20 Det
940 815 24 18 är
979 813 60 26 dryc-

216 841 128 26 kenskapen.
374 841 180 27 Dryckenskapen
570 844 24 18 är
609 841 121 21 dödsfiende
746 841 32 21 till
793 841 38 27 flit,
847 841 138 27 sparsamhet,
1001 841 36 26 pä-

217 869 93 26 litlighet
329 869 39 21 och
384 870 83 20 dermed
484 871 33 19 till
533 870 71 26 hvarje
620 870 45 20 inre
681 870 38 20 och
734 872 57 24 yttre
805 870 108 26 framsteg,
930 876 25 14 en
970 870 69 26 aldrig

218 898 121 21 försinande
361 898 57 21 källa
440 898 33 21 till
496 898 117 26 olycksfall,
638 898 74 21 elände
728 898 39 21 och
782 898 53 21 ruin.
865 898 47 21 Den
928 898 111 21 fördublar

218 926 81 21 antalet
314 926 23 21 af
351 926 26 21 de
392 926 61 26 sjuka
469 927 38 21 och
523 929 38 24 gör
572 926 71 27 hvarje
654 926 210 27 sjukdomskaraktär
874 926 107 28 farligare.
997 927 42 21 Det

218 957 24 19 är
262 954 46 26 den,
325 960 45 16 som
383 961 45 15 mer
443 957 26 19 än
484 956 70 26 nägon
570 962 69 14 annan
655 955 82 21 enskild
753 955 63 21 orsak
831 956 60 26 fyller
907 955 131 22 anstalterna

218 984 33 20 för
272 983 59 27 själs-
354 983 40 21 och
416 984 139 26 sinnessjuka,
580 984 106 21 blödsinta
702 984 38 21 och
756 984 132 26 epileptiska,
904 984 135 27 fängelserna

218 1012 39 20 och
279 1012 221 26 tvängsarbetshusen,
522 1013 71 25 fattig-
616 1013 38 20 och
676 1012 130 26 barnhusen,
827 1013 22 26 ja
871 1012 61 22 äfven
951 1013 7 21 i
973 1012 66 21 förtid

218 1040 180 26 kyrkogärdarna,
414 1041 39 21 och
468 1041 72 26 mäste,
557 1047 34 15 om
606 1041 17 26 ej
640 1041 74 21 hinder
729 1041 33 21 för
778 1042 39 20 den
826 1042 88 25 sättes,
907 1036 12 36 i
925 1040 114 22 framtiden

218 1068 47 22 föra
286 1068 32 21 till
339 1068 140 27 försvagande
495 1070 39 20 och
550 1069 115 22 urartande
681 1069 22 21 af
717 1069 48 21 vårt
779 1070 61 20 folk.*
871 1070 26 21 Så
913 1070 58 21 detta
986 1076 52 20 upp-

218 1103 44 21 rop.
277 1096 43 22 För
334 1099 32 20 att
387 1097 119 22 motarbeta
521 1104 25 15 en
563 1098 46 27 last,
625 1104 46 16 som
687 1098 38 21 har
744 1098 23 21 sä
783 1098 163 22 fruktansvärda
956 1098 83 27 följder,

218 1126 74 26 mäste,
309 1132 45 15 som
370 1128 53 25 sagt,
439 1128 62 25 göras
518 1127 38 21 allt
571 1127 55 21 hvad
641 1129 62 24 göras
719 1127 47 21 kan.
797 1127 44 21 Och
857 1127 54 22 dock
927 1127 41 22 kan
983 1133 55 19 man,

220 1154 88 21 oaktadt
323 1154 26 21 de
365 1155 61 21 bästa
441 1155 94 26 afsigter,
551 1161 75 21 genom
642 1156 79 20 okloka
736 1156 99 26 ätgärder
851 1156 40 20 och
902 1155 72 22 alltför
984 1156 55 27 rigo-

219 1184 48 20 rösa
282 1182 60 27 lagar
357 1183 71 27 skjuta
444 1183 58 21 öfver
518 1184 71 26 mälet,
605 1184 146 21 ästadkomma
765 1185 53 20 raka
828 1186 116 20 motsatsen
954 1184 23 22 af
984 1184 55 22 hvad

218 1217 48 15 man
282 1211 80 27 äsyftar
378 1212 39 20 och
431 1211 113 23 framkalla
559 1219 26 15 en
601 1212 150 22 fruktansvärd
767 1213 104 21 reaktion.
893 1213 42 27 Jag
950 1213 36 21 vill
1001 1213 38 21 här

218 1239 75 22 anföra
308 1240 56 20 hvad
378 1240 8 20 i
400 1240 121 22 tidskriften
539 1241 92 27 ,Beweis
647 1241 36 21 des
699 1241 120 21 Glaubens*
836 1243 31 20 uti
883 1248 25 15 en
919 1242 76 21 artikel
1006 1248 34 14 om

220 1268 39 21 den
275 1268 98 27 kristliga
388 1268 140 28 nykterheten
543 1270 24 21 är
583 1269 54 21 1887
653 1272 68 24 säges.
736 1270 45 21 Der
796 1270 59 21 heter
871 1270 44 22 det:
932 1270 43 27 ,En
986 1270 54 21 ensi-

219 1297 36 25 dig
269 1298 73 25 sträng
357 1297 69 24 askes,
442 1298 24 20 sä
481 1298 150 26 aktningsvärd
647 1300 27 18 än
689 1299 48 20 dess
753 1298 63 26 afsigt
831 1299 34 20 mä
880 1305 57 19 vara,
949 1299 91 21 inneslu-

218 1326 34 18 ter
274 1324 54 21 dock
350 1324 61 21 alltid
434 1332 26 14 en
476 1328 44 18 stor
534 1326 47 20 fara
596 1325 33 21 för
644 1328 31 18 ett
690 1326 55 21 folks
761 1327 96 25 kristliga
871 1326 128 26 utveckling.
1029 1326 11 20 I

220 1352 36 20 det
279 1352 76 22 17:nde
378 1353 144 21 ärhundradet
544 1354 85 21 inskred
652 1360 48 15 man
723 1354 68 22 under
806 1355 147 26 puritanernas
968 1355 72 21 herra-

219 1380 61 22 välde
295 1381 7 21 i
317 1381 97 27 England
429 1382 48 21 med
493 1382 94 22 asketisk
602 1383 111 27 stränghet
728 1386 57 19 emot
800 1383 49 27 alla,
864 1383 61 22 äfven
937 1384 26 21 de
971 1384 69 21 harm-

219 1410 78 21 lösaste
312 1410 214 28 lefnadsnjutningar;
542 1417 48 15 men
605 1411 104 27 följderna
724 1412 107 22 uteblefvo
840 1413 53 21 icke.
909 1412 48 22 Med
967 1414 71 20 natur-

219 1438 157 28 nödvändighet
391 1439 93 22 beredde
498 1440 32 27 sig
545 1440 77 22 folkets
638 1441 151 27 undertryckta
805 1442 98 27 sinlighet
917 1441 55 23 luft
969 1434 10 39 i
981 1441 57 22 hem-

219 1467 42 27 liga
276 1468 150 27 utsväfningar,
442 1469 73 21 hvilka
530 1469 54 22 efter
599 1469 138 27 upphörande
753 1470 22 21 af
789 1470 36 21 det
840 1471 125 26 puritanska
980 1477 58 22 rege-
