1086 1775
214 148 52 20 1242
500 146 93 20 Toukok.
609 147 27 19 20
652 154 19 18 p-

181 214 108 19 määrässä
312 214 111 25 etupäässä
445 212 129 26 yliluokkien
592 212 22 26 ja
636 212 172 20 varakkaimman
831 211 78 21 luokan
924 211 75 21 eduksi

180 240 23 27 ja
218 240 116 22 sentähden
349 241 56 21 minä
420 240 101 22 tahtoisin
536 240 120 26 pikemmin,
672 242 43 19 että
725 239 112 27 käytäisiin
848 240 151 26 päinvastaista

181 270 58 24 tietä,
263 270 68 20 mutta
353 268 67 22 koska
434 270 41 20 sitä
490 270 19 20 ei
525 269 31 21 ole
572 269 118 25 ehdotettu,
706 274 64 21 pysyn
785 268 57 22 minä
856 268 142 22 valiokunnan

182 298 114 20 mietinnön
311 297 105 22 kannalla.

250 325 97 22 Provasti
371 326 101 21 Torckell:
503 325 109 22 Allmänna
637 326 200 20 besvärsutskottets
862 325 137 26 afstyrkande

181 354 135 21 betänkande
335 354 23 21 af
371 361 29 14 nu
414 354 142 27 föreliggande
572 353 178 27 petitionsförslag
766 355 38 20 har
818 353 135 22 förekommit
968 353 31 22 åt-

182 383 105 21 minstone
303 383 43 26 mig
360 383 80 26 ganska
455 382 105 25 oväntadt,
577 383 39 20 och
631 383 42 26 mig
688 382 113 21 förundrar
812 381 26 27 ej,
848 383 32 20 att
891 381 23 22 så
925 382 75 27 många

183 413 117 20 reserverat
315 412 31 26 sig
361 412 101 21 däremot.
483 412 32 21 De
529 414 33 18 tre
577 411 67 21 första
659 411 141 26 petitionerna
814 411 186 21 öfverensstämma

183 441 52 24 deri,
252 442 31 19 att
299 440 26 21 de
341 441 84 20 anhålla
440 447 34 14 om
483 441 36 20 det
529 440 96 21 frielever
635 439 139 26 fortfarande,
786 439 75 22 liksom
872 439 64 26 förut,
945 439 54 27 finge

183 470 117 25 emottagas
317 468 61 22 äfven
393 470 27 25 på
435 468 199 23 elementarskolans
650 468 66 21 första
731 468 63 21 klass.
818 467 121 22 Utskottets
954 467 47 22 huf-

182 497 173 26 vudinvändning
377 498 96 21 häremot
494 497 78 22 uttalas
594 497 13 22 å
621 504 46 20 pag.
686 498 26 20 10
727 497 6 20 i
748 497 151 26 betänkandet,
915 497 38 21 der
968 497 35 21 det

182 526 69 26 heter,
267 527 31 20 att
315 533 41 21 ,nu
371 527 114 21 bestående
499 526 147 22 restriktioner
661 527 27 26 pä
703 526 59 21 detta
778 526 86 21 område
874 525 44 22 afse
929 528 31 19 att
970 525 33 22 till

183 555 80 21 båtnad
277 555 34 21 för
326 554 57 22 såväl
399 556 36 21 det
449 555 107 22 allmänna
570 561 46 15 som
632 555 118 26 ungdomen
766 555 52 26 sjelf,
835 555 75 20 hindra
926 555 75 25 elever,

183 583 72 22 hvilka
279 583 65 22 sakna
366 584 55 22 både
442 584 81 27 andligt
545 584 39 22 och
599 583 105 22 materielt
718 583 86 27 kapital,
820 586 32 19 att
866 583 94 22 inlockas
976 583 27 27 på

183 613 75 24 banor,
280 612 34 22 för
334 612 72 22 hvilka
429 614 25 20 de
470 614 45 20 icke
531 615 35 19 äro
582 611 102 28 egnade".
715 612 48 21 Men
778 613 56 20 huru
848 612 54 22 skall
917 619 50 15 man
981 612 23 22 få

184 643 47 19 veta
247 641 51 21 eller
313 642 76 25 erfara,
406 648 33 15 om
454 648 25 15 en
495 642 46 21 elev
556 648 49 20 eger
620 641 52 21 eller
687 642 76 20 saknar
779 641 59 21 detta
853 641 99 26 andeliga
967 641 36 22 ka-

185 670 59 26 pital,
261 670 86 21 hvarom-
363 670 104 22 utskottet
482 671 60 25 talar,
559 673 50 18 utan
626 677 25 13 en
667 670 83 26 allsidig
766 670 98 26 pröfning
875 668 74 22 häraf?
965 670 38 21 Att

184 704 77 20 genom
284 705 26 14 en
333 698 52 22 eller
403 706 38 20 par
464 700 95 20 timmars
574 701 108 19 tentamen
697 698 45 21 före
758 698 133 27 intagningen
907 698 7 20 i
930 698 73 22 skolan

184 727 85 21 komma
290 726 119 22 underfund
425 728 85 20 dermed
526 730 29 24 är,
572 727 64 27 enligt
651 728 42 20 min
709 726 71 26 tanke,
796 727 96 27 ogörligt.
918 727 85 26 Eleven,

183 762 46 15 som
253 762 29 14 nu
305 755 104 22 måhända
429 756 70 21 består
515 757 31 20 sin
562 756 67 21 första
644 758 111 25 tentamen,
772 756 42 20 kan
829 762 51 14 vara
894 756 74 26 gripen
984 756 23 20 af

185 790 26 15 en
235 783 66 22 sådan
323 784 117 28 förvirring,
459 785 72 21 rädsla
546 784 52 22 eller
612 784 90 26 häpnad,
719 787 30 19 att
765 784 41 21 den
821 786 38 25 gör
874 785 78 20 honom
967 784 37 22 all-

185 813 58 21 deles
258 812 154 22 bortkommen.
435 814 41 20 För
492 816 31 18 att
539 814 84 20 komma
638 813 118 21 underfund
772 813 48 21 med
835 814 82 20 elevens
933 813 71 27 begåf-

185 842 50 26 ning
257 842 6 20 i
287 842 58 20 detta
367 842 99 22 afseende
489 842 89 26 fordras,
602 842 54 21 efter
670 842 48 21 mitt
732 842 142 26 förmenande,
891 848 25 15 en
931 842 73 26 längre

184 870 42 21 tids
247 869 106 28 pröfning.
383 870 90 21 Härföre
488 871 72 25 borde,
576 871 66 26 enligt
657 871 42 20 min
715 871 61 26 äsigt,
792 870 67 21 första
874 871 45 20 året
934 871 6 20 i
955 870 49 21 sko-

183 899 48 20 lans
254 897 67 22 första
343 899 56 21 klass
419 906 51 14 vara
485 899 80 21 afsedd.
596 898 99 22 Härifrån
711 899 65 21 borde
791 899 69 26 ingen,
877 899 19 26 ej
912 905 37 14 ens
965 899 40 21 den

185 927 54 21 allra
255 927 115 26 fattigaste,
386 927 64 22 blifva
465 928 81 21 afvisad
561 927 33 22 för
610 930 32 19 att
656 927 22 21 få
692 928 86 21 komma
792 927 7 21 i
814 927 83 22 tillfälle
912 929 32 20 att
957 927 48 22 åda-

185 955 91 27 galägga
291 955 32 21 sin
339 956 85 26 andliga
439 957 113 26 begåfning
566 957 40 20 och
620 956 102 26 förmåga.
744 957 43 20 Det
802 956 73 26 tyckes
890 957 43 26 mig
948 956 57 21 dess-

185 986 59 19 utom
267 983 82 26 ganska
372 985 125 26 otillbörligt
519 985 39 21 och
578 985 104 25 orättvist,
698 987 31 18 att
743 987 70 18 staten
828 984 33 21 för
876 985 40 20 den
931 984 74 27 fattige

185 1012 39 21 och
240 1012 144 26 obemedlade,
400 1019 44 14 som
461 1013 132 22 dessförutan
609 1015 24 19 är
648 1014 66 19 utsatt
729 1013 33 20 för
776 1013 24 21 så
812 1013 76 26 många
898 1013 106 26 svårighe-

185 1043 39 23 ter,
247 1041 41 22 har
309 1041 24 21 så
353 1042 75 26 många
447 1042 127 26 motigheter
588 1042 39 20 och
643 1041 75 21 hinder
733 1043 31 20 att
780 1042 78 26 kämpa
871 1044 63 23 emot,
951 1041 54 21 skall

185 1069 122 27 ytterligare
330 1071 56 20 sätta
408 1077 25 14 en
457 1071 107 26 svårighet
579 1071 38 20 och
633 1072 31 19 ett
679 1070 75 21 hiuder
769 1071 7 20 i
792 1070 52 21 hans
859 1072 41 25 väg
915 1070 39 21 och
969 1069 36 22 det

183 1098 45 26 just
250 1099 7 20 i
279 1098 41 21 den
336 1097 32 22 för
384 1099 76 21 honom
477 1099 133 26 ömtåligaste
625 1100 100 25 punkten,
742 1111 25 3 —
784 1099 52 21 hans
851 1099 63 21 barns
930 1098 75 27 uppfo-

185 1128 66 25 stran,
261 1138 26 3 —
299 1126 38 21 och
353 1129 31 19 att
400 1128 40 21 den
456 1127 54 22 skall
525 1127 71 28 hjelpa
610 1127 38 26 till,
665 1129 32 19 att
712 1127 21 21 åt
748 1128 124 26 penningen,
888 1134 44 15 som
948 1129 57 20 inom

185 1155 114 21 samhället
313 1162 42 20 nog
370 1157 63 20 redan
449 1157 38 20 har
503 1163 25 14 en
544 1156 24 21 så
582 1156 150 21 dominerande
748 1156 58 21 makt
822 1157 39 20 och
876 1156 84 21 utöfvar
975 1158 31 19 ett

185 1183 24 21 så
231 1185 54 19 stort
308 1183 66 27 välde,
398 1184 56 28 gifva
477 1188 56 18 ännu
552 1191 59 15 mera
626 1185 58 21 makt
700 1185 38 21 och
754 1184 114 28 inflytande
883 1192 76 20 genom
975 1186 31 20 att

185 1214 53 24 göra
261 1212 96 27 bildning
372 1214 39 20 och
426 1213 40 27 ljus
482 1214 56 20 blott
552 1214 48 20 dess
616 1220 63 20 egare
694 1213 132 27 tillgängliga
841 1214 39 20 och
896 1214 6 20 i
918 1220 44 15 mer
977 1213 29 21 el-

186 1240 33 21 ler
233 1241 81 21 mindre
330 1242 48 20 mån
394 1243 52 21 söka
461 1242 92 22 utesluta
569 1242 39 21 den
624 1242 75 26 fattiga
714 1242 99 21 derifrån.
825 1255 25 3 —
861 1242 42 27 Jag
918 1244 87 25 hoppas,

185 1271 32 19 att
230 1270 166 26 presterskapet,
410 1277 45 14 som
471 1271 60 21 alltid
546 1271 50 21 ifrat
611 1270 33 21 för
659 1270 76 22 folkets
751 1270 125 27 upplysning
891 1272 39 19 och
945 1270 60 22 alltid

185 1298 52 20 stått
257 1298 28 25 på
308 1298 40 21 den
370 1298 85 27 fattiges
470 1301 49 22 rätt,
535 1299 54 21 skall
604 1298 95 22 förkasta
715 1299 237 21 utskottsbetänkandet
967 1299 38 21 och

187 1326 84 20 ansluta
287 1326 31 26 sig
333 1326 32 20 till
381 1327 40 20 den
436 1327 67 20 första
518 1327 162 21 reservationen.

256 1354 60 20 Hvad
339 1354 39 21 den
402 1356 65 20 andra
483 1355 155 25 regervationen
655 1354 108 25 beträffar,
778 1355 49 21 ville
840 1355 36 27 jag
892 1355 61 21 äfven
969 1362 36 14 an-

186 1382 56 22 sluta
265 1383 43 27 mig
323 1382 32 22 till
371 1383 47 21 den.
449 1383 49 21 Man
514 1383 54 22 talar
583 1390 42 20 nog
640 1390 40 19 om,
697 1383 54 22 huru
766 1384 92 26 gvinnan
873 1384 38 21 har
926 1390 81 16 samma

186 1412 43 20 rätt
251 1412 32 22 till
308 1412 94 27 bildning
423 1413 38 21 och
483 1412 126 28 upplysning
629 1418 45 16 som
690 1418 97 21 mannen,
803 1420 48 14 men
867 1413 36 21 det
918 1413 89 22 oaktadt

185 1443 25 19 är
225 1446 48 17 man
289 1441 45 22 ofta
348 1448 42 20 nog
404 1441 70 28 färdig
489 1444 31 19 att
535 1443 56 20 sätta
606 1441 112 22 allehanda
733 1442 73 21 hinder
822 1442 39 21 och
876 1442 131 27 svårigheter

186 1470 33 21 för
242 1470 68 22 henne
332 1471 33 20 för
385 1470 124 27 uppnående
525 1471 66 21 deraf.
622 1470 42 21 Det
679 1473 23 18 är
718 1472 48 20 sant
782 1473 32 19 att
828 1472 38 20 vår
881 1471 126 22 nutidsbild-

187 1499 51 26 ning
260 1500 39 21 har
321 1499 131 28 skuggsidor,
472 1499 37 22 och
524 1499 38 22 har
578 1499 74 22 starka
666 1499 132 28 skuggsidor.
828 1499 49 22 Men
892 1500 65 21 låtom
973 1507 33 16 oss
