1078 1775
215 125 41 22 972
519 125 93 21 Toukok.
630 126 12 19 9
657 132 19 18 p.

186 191 165 26 loppuponteen,
372 190 65 26 jonka
459 190 63 22 herra
544 190 101 26 Hedberg
668 196 25 15 on
713 190 168 21 vastalauseessa
897 190 106 26 esittänyt,

186 219 112 27 pantaisiin
322 224 102 16 seuraava
446 218 72 28 lisäys:
541 219 32 26 ,ja
591 218 55 22 ellei
660 225 23 14 se
698 219 35 21 voi
748 218 109 27 tapahtua,
872 218 131 22 kumminkin

186 254 23 15 se
232 247 148 26 rautatielinja,
401 246 51 27 joka
467 247 97 26 yhdistää
580 248 120 26 sanottujen
716 247 80 27 ratojen
812 247 105 27 pohjoiset
931 248 73 26 pääte-

186 277 96 26 pisteet."
313 275 62 22 Koko
395 276 61 25 ponsi
476 276 57 21 tulisi
548 276 37 21 siis
600 276 72 21 minun
688 276 140 21 ehdotukseni
843 276 92 21 mukaan
950 276 54 20 kuu-

186 305 95 21 lumaan:
306 306 56 25 että
385 304 151 21 taloudellinen
552 305 102 21 tutkimus
670 310 68 15 ennen
753 304 125 22 ensitulevia
892 304 111 27 valtiopäi-

186 334 33 20 viä
242 333 161 22 toimitettaisiin
427 333 96 26 anottuja
545 333 165 26 rautatielinjoja
732 334 73 20 varten
829 332 69 21 Savon
920 332 84 22 radalta

187 361 101 27 Karjalan
301 361 81 22 radalle
394 361 23 27 ja
432 361 49 21 ellei
496 367 22 16 se
533 362 34 21 voi
583 361 109 27 tapahtua,
708 361 132 22 kumminkin
856 367 22 15 se
888 361 58 27 linja,
953 361 52 26 joka

186 391 98 26 yhdistää
300 390 120 27 sanottujen
435 390 81 27 ratojen
533 389 104 28 pohjoiset
652 390 159 26 päätepisteet.*

255 419 83 21 Pastori
360 418 128 21 Vesterlund:
511 419 41 26 Jag
573 418 91 27 begärde
685 418 46 21 icke
747 418 60 21 ordet
823 417 33 22 för
871 419 32 20 att
918 418 87 27 tillägga

187 447 64 27 nägot
266 448 5 20 i
288 447 44 26 sak,
355 447 87 21 emedan
465 447 64 22 redan
553 449 76 25 yttrats
651 447 55 21 hvad
728 449 68 24 yttras
819 447 39 22 bör
878 447 38 21 och
940 447 64 21 kani

188 476 67 21 denna
270 476 66 27 fräga.
351 476 41 26 Jag
405 476 91 26 begärde
512 476 61 21 ordet
588 476 75 21 endast
678 476 33 20 för
726 478 32 19 att
768 476 55 21 fästa
831 476 36 21 det
875 476 131 26 högvördiga

187 505 96 21 ständets
306 505 187 26 uppmärksamhet
516 505 27 26 pä
565 506 30 20 ett
618 510 38 21 par
676 505 120 26 oegentliga
811 504 83 27 uttryck
910 504 31 21 uti
956 505 49 20 herr

187 533 111 28 Hedbergs
313 533 136 22 reservation.
472 533 10 21 I
497 534 168 21 reservationens
680 533 91 22 svenska
785 535 45 20 text
845 533 60 21 heter
920 533 42 24 det,
974 535 32 20 att

187 562 106 21 utskottet
308 564 52 25 sagt,
380 562 35 21 det
430 563 55 20 inom
502 569 26 14 en
541 568 50 16 snar
605 561 87 22 framtid
708 563 70 20 denna
788 561 218 28 sammanbindnings-

187 590 56 22 bana
265 591 66 22 borde
353 591 131 21 undersökas
507 591 38 21 och
563 591 85 22 komma
663 591 32 21 till
711 591 118 21 utförande.
859 590 83 22 Jemför
956 598 48 14 man

189 620 57 21 detta
270 621 144 21 reservantens
437 620 52 21 citat
507 620 47 21 med
569 620 117 21 utskottets
699 620 99 26 yttrande
813 620 27 26 pä
855 626 46 20 pag.
920 620 46 25 140,
982 620 23 21 sä

188 650 24 19 är
226 649 72 21 citatet
314 648 46 22 icke
375 648 128 27 fullkomligt
519 649 114 26 ordagrant
648 648 40 21 och
703 649 41 21 kan
760 648 88 22 sälunda
858 648 56 26 gifva
925 648 83 26 upphof

187 677 33 21 till
239 677 163 27 misstydningar
418 677 51 21 eller
484 677 128 21 åtminstone
627 677 147 22 åstadkomma
790 683 26 15 en
831 677 65 21 sådan
912 676 94 28 uppfatt-

188 706 56 26 ning,
253 712 45 15 som
314 706 68 20 skulle
392 706 105 21 utskottet
508 705 63 22 hafva
581 706 56 27 gjort
647 706 32 26 sig
688 706 94 26 skyldigt
792 706 31 21 till
835 712 26 15 en
871 706 135 26 motsägelse.

188 734 42 21 Det
253 734 92 22 citerade
368 734 107 26 uttrycket
497 735 59 26 lyder
571 734 13 22 å
599 740 47 21 pag.
668 735 41 20 140
724 736 32 19 att
771 734 184 26 undersökningen
972 740 34 15 om

189 763 39 21 den
250 763 161 27 ifrågavarande
434 763 69 21 banan
526 763 107 21 äfvensom
654 763 48 22 dess
719 763 112 21 utförande
846 763 60 21 torde
922 763 85 21 komma

189 794 31 19 att
235 793 37 20 ske
284 792 20 24 ,i
319 798 25 15 en
360 792 59 21 icke
435 792 28 21 sä
477 792 119 22 alldeles
611 792 125 26 aflägsen
752 792 105 26 framtid",
869 794 136 19 reservanten

188 823 62 24 säger
274 822 18 26 ,i
316 827 25 14 en
364 826 62 16 snar
446 820 105 22 framtid".
581 821 42 21 Det
639 826 36 16 var
690 821 76 21 endast
780 821 27 26 pä
823 821 59 21 detta
896 821 47 20 icke
959 820 48 21 fullt

189 849 77 21 exakta
285 850 84 26 uttryck
385 849 7 21 i
407 850 156 20 reservationen
583 850 37 26 jag
635 849 38 21 ber
688 851 32 19 att
735 849 21 21 fä
771 849 55 21 fästa
841 849 97 22 ständets
953 856 53 20 upp-

189 878 149 25 märksamhet,
354 878 89 21 emedan
459 878 35 21 det
509 878 70 21 kunde
593 878 57 27 gifva
666 878 112 27 anledning
792 878 32 21 till
840 878 144 26 misstydning.

257 906 85 21 Lehtori
359 906 101 27 Hedberg:
477 906 58 21 Minä
550 913 26 14 en
593 906 32 21 ole
641 907 131 20 siteerannut
783 907 77 21 mitään
872 907 73 20 muuta
956 907 50 20 kuin

189 936 51 20 nuot
262 936 72 21 sanat:
359 935 69 23 yett'ei
451 935 86 21 hallitus
561 935 114 26 laimiinlyö
690 935 143 26 tarpeellisten
849 935 157 21 taloudellisten

189 963 138 22 tutkimusten
349 964 216 26 toimeenpanemista,
590 963 118 21 ennenkuin
723 965 72 20 tämän
809 965 107 19 rautatien
932 964 76 20 raken-

189 993 102 20 tamiseen
314 993 123 24 ruvetaan*,
458 991 21 27 ja
495 992 54 21 vielä
565 992 47 21 olen
627 992 132 21 siteerannut
775 993 61 20 sanat
852 991 69 24 koko
938 991 69 22 Savon

187 1020 22 26 ja
224 1020 101 26 Karjalan
341 1019 83 27 ratojen
438 1020 84 21 välinen
537 1020 135 21 maakunta.*
704 1020 58 21 Minä
778 1021 46 20 olen
840 1022 82 20 ottanut
936 1022 71 19 nämät

190 1051 61 19 sanat
265 1049 161 21 suomalaisesta
440 1049 106 26 tekstistä,
559 1049 23 26 ja
597 1049 57 26 kyllä
668 1055 26 15 ne
709 1049 94 26 löytyvät
819 1049 59 22 siinä.
908 1049 58 22 Minä
982 1056 25 15 en

191 1077 31 21 ole
244 1077 100 21 valvonut
367 1077 111 21 ollenkaan
495 1077 142 22 ruotsalaisen
652 1077 116 27 kappaleen
784 1078 163 26 painattamista,
964 1079 43 20 niin

189 1108 44 19 että
247 1107 35 20 voi
297 1106 43 21 olla
355 1105 141 26 mahdollista,
505 1108 45 19 että
565 1113 27 14 on
602 1106 52 25 joku
665 1106 112 21 erilaisuus
788 1105 76 23 näiden
874 1107 133 26 molempien,

190 1134 141 21 suomalaisen
348 1135 22 26 ja
385 1135 139 21 ruotsalaisen
540 1135 77 21 tekstin
634 1135 76 21 välillä.
742 1135 68 21 Mutta
825 1135 57 26 kyllä
897 1135 112 21 siteeratut

190 1165 61 19 sanat
266 1165 49 19 ovat
328 1163 72 22 oikeat
414 1164 141 21 suomalaisen
571 1163 77 22 tekstin
664 1163 98 25 mukaan,
775 1163 57 27 josta
847 1164 57 21 minä
919 1164 48 21 olen
982 1171 26 14 ne

190 1193 89 20 ottanut.
310 1192 110 21 Suomeksi
436 1192 48 20 olen
499 1192 107 22 niinikään
622 1192 134 26 kirjoittanut
771 1192 162 22 vastalauseeni.

257 1220 84 22 Pastori
356 1220 129 22 Vesterlund:
500 1221 42 26 Jag
557 1224 23 18 är
595 1220 130 27 fullkomligt
740 1228 49 14 ense
805 1221 46 21 med
866 1221 70 21 lektor
951 1221 58 21 Hed-

190 1248 58 26 berg,
270 1250 32 20 att
324 1250 53 20 hans
393 1250 50 20 citat
457 1250 7 20 i
481 1249 39 21 den
536 1250 68 21 finska
619 1250 72 20 texten
707 1252 23 18 är
746 1250 79 26 riktigt,
842 1250 35 20 det
892 1256 37 15 var
945 1250 64 21 ocksä

189 1277 76 21 endast
280 1278 47 20 med
343 1277 98 21 afseende
456 1278 13 20 &
484 1278 39 20 den
540 1278 90 21 svenska
645 1280 83 19 textens
744 1279 91 26 uttryck,
844 1278 35 27 jag
890 1278 66 26 ansäg
966 1279 42 26 mig

190 1306 51 20 böra
256 1308 52 24 göra
323 1306 145 26 anmärkning.

258 1361 143 22 Keskustelun
423 1362 98 26 loputtua
543 1362 133 28 hyväksyttiin
699 1362 61 22 tässä
784 1362 76 23 kohden
875 1362 133 23 valiokunnan

191 1390 89 22 mietintö
296 1390 143 22 ratkaisevalla
455 1391 156 22 enemmistöllä.

258 1448 118 23 Mietinnön
405 1449 39 21 136
467 1450 77 21 sivulla
566 1450 61 22 oleva
648 1450 224 28 Suonenjoen—Sievin
899 1451 110 22 rautatietä

190 1478 92 21 koskeva
298 1478 126 27 ponsikohta
440 1478 133 29 hyväksyttiin
589 1479 156 22 keskustelutta.
