1086 1770
404 117 85 19 Toukok
507 118 23 19 19
546 124 20 18 p.
810 117 54 22 1149

243 181 73 22 Asetus
332 181 112 28 erityisistä
459 182 135 21 muutoksista
610 182 124 21 rikoslakiin.

432 239 7 20 1
467 239 79 21 Luku.

365 285 53 20 1—2
434 285 28 26 $:t
478 285 140 28 hyväksyttiin.

149 381 96 21 Provasti
260 381 101 22 Torckell:
377 381 49 21 Med
441 381 103 22 utskottet
560 382 40 20 kan
614 381 37 27 jag
666 381 18 26 ej
700 381 74 22 förena
789 381 42 27 mig
847 382 6 21 i
865 382 35 21 det

79 409 86 27 förslag,
185 415 45 16 som
251 409 36 22 det
302 412 6 19 i
324 409 47 22 dess
391 409 56 22 kläm
463 410 12 21 å
491 417 47 20 pag.
553 411 28 20 40
595 410 114 21 framställt
724 411 47 20 med
787 410 113 27 anledning

81 438 22 21 af
125 444 75 15 senare
219 440 115 19 momentet
349 439 5 20 i
371 439 68 20 denna
455 439 99 26 paragraf
568 440 32 19 att
615 439 103 26 nemligen
733 439 58 20 detta
807 441 92 18 moment

81 466 73 26 skulle,
170 466 44 21 ifall
231 467 57 21 Hans
304 466 116 27 Kejserliga
436 466 99 28 Majestät
550 468 23 20 sä
588 466 67 22 finner
670 467 79 26 nödigt,
760 466 46 21 från
818 467 81 21 förord-

80 496 77 25 ningen
180 496 116 20 utelemnas
320 496 38 20 och
381 496 91 21 särskild
495 496 124 26 författning
638 496 72 21 derom
726 496 101 21 utfärdas.
858 496 41 20 Det

81 524 72 26 tyckes
168 524 42 27 mig
226 525 104 25 nämligen
345 524 23 22 sä
383 524 103 27 naturligt
501 524 39 22 och
556 524 110 27 sjeiffallet,
674 527 32 19 att
720 531 25 15 en
758 524 91 21 embets-
860 525 39 21 och

80 553 132 27 tjensteman,
236 558 45 16 som
304 555 24 19 är
343 554 7 20 i
365 553 83 21 landets
471 554 71 26 tjenst,
565 560 50 14 vare
638 553 42 27 mig
694 553 66 21 sedan
775 554 56 20 inom
847 553 52 21 eller

80 583 58 19 utom
155 582 77 26 landet,
250 582 38 21 och
304 582 71 26 bryter
391 583 56 20 emot
462 582 54 21 hvad
532 582 77 22 honom
626 582 6 21 i
647 582 91 26 tjensten
754 582 75 26 älegat,
839 582 61 21 skall

81 610 71 22 dömas
176 610 54 21 efter
252 611 35 21 det
308 611 61 21 lands
391 611 41 25 lag,
448 611 7 20 i
470 611 62 21 hvars
548 611 65 26 tjenst
627 611 42 21 han
684 613 24 19 är
723 611 38 21 och
779 614 43 18 mot
837 611 62 21 hvars

81 639 58 26 lagar
162 639 41 21 han
226 639 73 26 brutit,
323 641 31 19 att
373 640 126 25 stadgandet
514 640 73 21 härom
603 639 65 21 borde
684 639 48 27 ingå
747 640 6 20 i
769 639 73 26 sjelfva
857 639 42 21 för-

81 668 115 26 ordningen
216 668 38 20 och
274 670 76 24 utgöra
364 674 26 15 en
405 668 22 20 af
441 668 48 21 dess
504 669 112 26 vigtigaste
631 671 123 23 momenter,
770 674 48 14 men
834 668 18 25 ej
869 669 30 20 in-

79 696 57 22 föras
160 697 31 20 uti
214 703 26 14 en
264 696 93 21 derifrän
373 696 55 22 skild
443 696 132 27 författning.
605 696 71 26 Något
691 697 70 25 motiv,
778 696 98 21 hvarföre
891 697 7 20 i

81 725 58 21 detta
162 724 37 22 fall
222 725 68 20 skulle
312 724 91 22 förfaras
426 725 138 27 annorlunda,
588 726 38 20 har
642 725 104 21 utskottet
761 724 46 22 icke
823 725 76 25 anfört,

80 754 38 20 och
141 754 57 21 svårt
220 755 25 19 är
267 754 107 26 verkligen
397 756 32 18 att
451 754 58 20 finna
524 754 64 25 något
603 754 103 26 antagligt
720 754 46 21 skäl
782 754 31 20 till
829 756 31 18 ett
875 753 24 21 sä

81 782 140 26 exceptionelt
236 782 127 26 förfarande,
383 782 27 21 då
431 782 23 26 ju
477 783 40 21 den
540 782 104 22 särskilda
659 782 150 26 författningen
825 782 74 21 härom

80 810 76 24 skulle,
177 810 66 26 enligt
261 810 110 26 utskottet,
387 811 82 21 ändock
485 811 83 21 komma
584 813 32 19 att
632 810 105 22 innehålla
751 810 87 22 alldeles
854 811 45 20 det-

80 845 86 21 samma,
189 845 44 15 som
256 840 35 20 det
307 839 84 27 förslag,
408 839 80 21 hvilket
503 840 67 21 skulle
586 840 5 20 i
608 839 149 27 förordningen
773 840 54 26 ingå.
857 839 41 26 Jag

79 867 89 22 föreslår
190 868 90 25 derföre,
302 870 32 19 att
356 868 84 21 ståndet
460 869 47 20 med
523 868 135 27 förkastande
674 868 22 20 af
709 868 116 21 utskottets
841 868 57 20 kläm

79 897 49 20 ville
144 896 74 21 förena
233 897 31 26 sig
280 902 33 15 om
330 897 119 26 antagande
464 896 23 21 af
502 903 74 14 senare
592 898 116 19 momentet
723 897 6 20 i
745 896 13 20 3
773 897 20 25 8.

149 925 67 21 Herra
240 925 104 21 Puhemies
369 925 86 25 ehdotti,
479 927 45 19 että
549 925 93 26 provasti
662 924 118 21 Torckellin
797 924 101 27 puheeksi

80 955 79 20 ottama
182 953 45 22 asia
248 953 115 21 otettaisiin
385 953 158 22 käsiteltäväksi
558 955 60 20 vasta
633 953 43 21 kun
691 953 81 22 tullaan
789 953 109 21 valiokun-

79 989 42 14 nan
137 983 114 20 mietinnön
266 982 29 21 40
310 982 76 21 sivulla
401 982 48 21 siitä
464 985 114 18 antamaan
594 982 135 21 lausuntoon.

148 1010 117 21 Professori
282 1011 105 20 Forsman:
403 1010 39 21 Jos
458 1010 55 21 koko
529 1011 97 26 kysymys
640 1011 96 26 jätetään
752 1011 90 24 sikseen,
854 1010 43 21 niin

79 1039 88 21 minulla
186 1039 20 20 ei
222 1039 32 20 ole
271 1039 78 21 mitään
364 1041 131 19 sanottavaa.
526 1039 69 20 Mutta
609 1039 44 21 kun
668 1038 86 21 minulla
769 1041 37 23 nyt
822 1039 76 20 kerran

80 1073 27 15 on
129 1068 155 25 puheenvuoro,
307 1067 43 21 niin
373 1067 80 21 tahdon
473 1073 53 16 vaan
542 1067 145 27 huomauttaa,
704 1069 43 19 että
763 1067 56 26 kyllä
834 1067 65 20 valio-

79 1095 131 22 kuntalaiset
226 1096 92 21 tunsivat
333 1095 73 22 kaikki
422 1102 25 15 ne
463 1096 137 21 luonnolliset
614 1098 53 24 syyt,
680 1096 64 27 joista
759 1096 63 20 herra
837 1095 62 20 Torc-

79 1124 42 21 kell
143 1126 57 19 tässä
215 1124 71 27 puhui,
302 1126 69 19 mutta
386 1124 111 21 asianlaita
512 1131 26 14 on
555 1126 36 25 nyt
605 1125 109 24 sellainen,
730 1125 44 20 että
789 1124 109 21 valiokun-

79 1159 41 15 nan
137 1159 26 15 on
180 1155 96 25 täytynyt
291 1155 59 19 ottaa
365 1153 114 21 huomioon
495 1154 95 25 myöskin
606 1153 66 21 muita
686 1153 54 26 syitä
749 1153 22 26 ja
782 1152 117 27 perusteita

79 1181 51 22 kuin
153 1188 32 20 ne,
206 1182 61 26 jotka
290 1184 97 19 tuntuvat
409 1181 70 22 vallan
495 1182 159 21 luonnollisilta.
683 1181 128 21 Valiokunta
827 1181 72 21 käsitti

79 1211 61 20 aivan
156 1211 69 26 hyvin,
241 1212 44 19 että
301 1212 71 19 nämät
387 1211 54 20 asiat
457 1210 102 21 kuuluvat
573 1210 92 27 yleiseen
681 1210 125 21 rikoslakiin
819 1210 23 26 ja
855 1211 42 19 että

79 1239 70 20 niiden
173 1239 71 26 pitäisi
260 1239 42 20 olla
318 1240 59 25 siinä,
393 1240 68 19 mutta
477 1239 42 20 kun
534 1239 111 26 tiedettiin,
661 1238 58 21 ett'ei
734 1239 69 20 sallita
819 1237 79 22 mielel-

79 1267 47 21 lään
143 1269 57 19 tässä
215 1267 101 26 yleisessä
331 1267 122 21 rikoslaissa
468 1268 121 24 semmoista
604 1269 125 24 määräystä,
740 1267 44 20 niin
795 1266 102 26 arveltiin,

80 1297 45 20 että
141 1296 53 21 siinä
209 1295 85 22 kohden
311 1302 26 15 on
353 1295 55 22 ehkä
423 1302 62 20 paras
501 1295 68 27 käydä
583 1296 122 20 semmoista
720 1295 118 26 keskitietä,
854 1296 45 19 että

79 1325 37 24 nyt
132 1324 168 26 puheena-oleva
316 1326 95 24 määräys
427 1324 108 20 saataisiin
551 1325 118 19 erinäisenä
684 1324 132 20 asetuksena.
841 1323 57 21 Minä

79 1352 107 21 rohkenen
202 1352 109 26 ehdottaa,
327 1354 43 20 että
386 1354 59 24 sääty
456 1352 77 27 hylkää
543 1358 37 16 sen
591 1352 162 26 muistutuksen,
761 1352 66 26 jonka
836 1351 63 21 herra

79 1380 98 21 Torckell
192 1382 58 19 tässä
264 1381 50 21 teki.
794 1392 2 2 a

147 1408 13 20 3
175 1409 13 25 $
204 1408 132 27 hyväksyttiin,
356 1408 23 26 ja
394 1408 28 21 oli
437 1408 99 26 kysymys
551 1414 37 15 sen
604 1408 68 21 toisen
688 1408 83 20 kohdan
788 1407 111 21 mahdolli-

79 1438 56 20 sesta
162 1437 189 26 poisjättämisestä
373 1437 62 20 herra
457 1436 142 22 Puhemiehen
622 1436 131 21 ehdotuksen
775 1435 128 26 mukaisesti:

79 1464 117 28 edempänä
210 1467 94 20 otettava
319 1465 109 27 puheeksi.
901 1465 2 10 j
