1081 1775
397 110 94 21 Toukok.
509 112 24 18 13
549 118 20 19 p.
816 111 54 21 1109

77 176 61 22 destä
153 176 117 24 kahleesta,
286 176 73 21 luulen
374 182 36 16 sen
425 176 118 26 paremmin
557 178 134 24 vapautuvan
707 176 137 26 syvemmältä
857 176 42 21 vai-

80 204 124 22 kuttamaan
220 204 175 22 uskonnollisella
409 205 71 21 alalla.
510 204 139 22 Kansakoulu
664 205 34 20 voi
713 204 56 27 kyllä
785 206 58 20 ottaa
854 204 45 22 hoi-

76 235 77 19 toonsa
176 239 62 15 oman
253 232 105 22 koulunsa
373 233 192 27 alkeisopetuksen,
581 233 43 21 niin
639 232 87 26 laajalta
740 232 51 22 kuin
808 238 22 16 se
845 239 54 15 vaan

74 261 82 21 tahtoo.
172 261 82 21 Luulen
269 267 65 15 usean
350 261 109 22 iloitsevan
475 262 55 25 siitä,
544 262 33 26 jos
592 262 135 26 pappissääty
741 261 50 21 näin
807 263 91 24 päättää.

76 290 110 26 Luulisipa
208 290 70 21 silloin
299 296 37 15 sen
352 290 81 26 puheen
450 290 112 26 loppuvan,
577 291 45 20 että
637 289 75 21 kirkko
728 291 77 25 pyytää
820 289 78 22 valtaa.

76 318 99 22 Ehdotan
198 318 124 26 sentähden,
345 320 44 19 että
403 319 136 27 pappissääty
553 320 38 24 nyt
605 318 77 27 hylkää
696 319 71 20 tämän
783 318 116 21 mietinnön

77 353 91 20 ponnen,
192 348 43 20 kun
258 347 117 21 mietinnön
390 346 100 28 käsittely
505 347 105 21 kahdessa
625 346 100 26 säädyssä
741 352 26 15 on
783 348 115 24 osottanut,

77 375 59 22 ett'ei
158 375 41 22 sitä
220 376 141 21 luottamusta
383 378 58 19 tässä
463 376 85 21 kohden
571 378 78 19 anneta
668 375 96 26 kirkolle,
779 375 57 21 mikä
852 376 46 20 olisi

74 406 97 25 tarpeen,
185 405 33 26 jos
234 410 22 15 se
271 404 147 21 tarkotettuun
433 405 93 21 toimeen
541 404 95 26 ryhtyisi.

144 432 99 22 Provasti
265 433 60 27 Lyra:
340 432 41 28 Jag
396 433 38 21 har
450 433 65 22 delvis
531 432 70 22 blifvit
615 432 144 22 förekommen
775 432 23 22 af
812 432 40 21 den
867 432 31 21 fö-

77 461 106 27 regäende
207 461 88 27 talaren,
318 467 48 15 men
388 462 67 21 måste
471 462 65 20 likväl
551 462 49 20 med
615 462 80 24 hänsyn
711 461 32 21 till
759 463 81 19 ämnets
855 462 44 25 vigt

79 490 33 21 för
127 496 25 15 en
168 490 64 21 stund
247 490 51 21 utbe
314 491 42 25 mig
371 490 95 21 ständets
481 486 192 41 uppmärksamhet.

145 518 41 22 Vid
209 518 40 21 den
272 518 127 26 diskussion,
415 525 45 15 som
475 518 40 21 här
530 519 6 21 i
552 518 83 22 ständet
650 518 83 21 förevar
748 518 35 20 vid
799 517 99 21 debatten

76 546 110 27 angäende
203 546 143 32 föreliggande
361 531 211 46 petitionsmemorial
589 546 39 22 och
643 546 48 22 dess
706 546 150 21 remitterande
867 546 31 20 till

76 575 90 27 utskott,
189 575 55 21 hade
264 576 37 26 jag
323 578 51 19 äran
397 575 55 22 inför
466 576 36 21 det
517 576 130 26 högvördiga
661 574 84 22 ståndet
760 574 112 22 framhålla
887 574 12 21 å

76 610 42 15 ena
134 599 59 26 sidan
210 604 58 21 såväl
283 604 49 21 mitt
346 603 53 22 fulla
413 604 154 27 godkännande
583 604 22 21 af
619 604 127 26 petitionens
761 603 61 27 syfte,
834 609 44 15 som
887 603 13 20 å

78 633 66 21 andra
166 633 60 21 sidan
250 633 25 20 de
299 633 74 21 dubier
393 633 37 26 jag
449 633 60 26 hyste
524 635 44 19 mot
583 633 126 26 petitionens
724 632 67 27 ifräga
810 633 88 20 remitte-

77 661 67 22 rande
166 661 32 21 till
221 662 89 21 utskott.
340 661 32 21 De
395 661 72 22 skefva
490 661 161 27 uppfattningar
672 667 47 14 man
743 661 27 26 pä
785 661 56 20 vissa
855 660 45 21 håll

75 690 41 21 hos
140 696 33 15 oss
196 691 57 20 ännu
276 690 63 26 hyser
361 691 108 26 angäende
493 690 47 21 dei
554 690 98 27 gällande
667 689 34 26 lag
716 689 109 26 grundade
840 689 58 26 lägre

77 717 147 22 folkskolorna
238 719 8 20 i
260 719 47 20 vårt
322 719 50 20 land
387 725 50 15 voro
453 719 42 26 mig
510 719 65 21 sedan
590 719 61 26 länge
668 717 63 22 altför
747 717 33 21 väl
798 717 100 25 bekanta,

76 747 36 20 för
128 749 32 19 att
172 747 36 26 jag
223 747 33 20 för
272 748 116 25 petitionen
403 747 68 22 skulle
486 748 82 20 kunnat
582 749 63 19 vänta
660 747 65 26 nägot
735 745 163 22 ständerbeslut.

77 775 49 21 Men
142 775 128 26 fullkomligt
285 776 120 21 oberoende
421 775 62 21 deraf
496 776 81 25 tycktes
593 775 36 21 det
644 775 42 26 mig
701 774 48 27 föga
764 775 84 26 värdigt
858 774 40 21 den

74 803 72 22 finska
167 804 81 25 kyrkan
272 804 39 21 och
334 804 47 21 dess
403 804 33 21 till
451 803 102 27 landtdag
568 803 127 21 församlade
710 802 142 27 presterszap,
868 804 32 19 att

78 831 66 22 under
167 832 35 21 det
222 832 26 21 de
263 832 74 26 sjelfva
352 832 47 21 med
415 832 55 26 fröjd
486 835 73 18 votera
573 831 96 27 miljoner
683 831 34 20 för
732 831 40 20 den
787 830 34 22 för
836 831 64 25 öfrigt

78 860 62 22 äfven
162 860 23 21 af
199 861 42 26 mig
257 863 69 19 varmt
341 861 128 20 omhuldade
485 861 65 26 högre
565 860 128 25 folkskolan,
708 859 39 22 hos
763 861 69 20 staten
847 859 52 21 bön-

77 889 51 22 falla
151 896 34 14 om
208 889 137 22 nådesmulan
369 889 22 21 af
411 889 64 26 9,000
491 890 59 21 mark
567 889 34 21 för
616 888 124 22 utbildande
756 888 23 21 af
793 893 106 22 personer,

77 918 101 27 lämpliga
193 920 31 19 att
240 918 97 21 meddela
352 918 56 21 helst
423 918 69 27 någon
508 918 151 26 undervisning
669 917 22 21 åt
702 917 35 21 det
746 916 154 27 öfvervägande

76 946 94 22 flertalet
192 947 23 21 af
235 946 101 22 Finlands
355 947 96 26 omkring
467 947 92 24 350,0C0
574 947 7 21 i
596 946 121 22 skolåldern
732 946 93 20 varande
840 946 58 20 barn.

79 975 42 21 Det
144 976 149 25 emottagande
315 975 106 21 allmänna
436 976 203 20 besvärsutskottets
655 974 104 27 opartiskt
774 974 72 21 häilna
861 974 38 21 och

77 1004 146 27 välgrundade
246 1004 135 21 betänkande
404 1006 49 18 rönt
467 1004 8 20 i
490 1006 75 19 tvenne
581 1003 62 21 ständ
658 1002 110 22 bekräftar
783 1009 28 15 nu
827 1002 73 26 riktig-

80 1032 64 21 heten
166 1032 23 21 af
209 1033 57 21 mina
282 1033 34 20 vid
332 1033 176 21 remissdebatten
523 1033 62 26 hysta
601 1032 39 21 och
655 1031 60 21 äfven
731 1031 85 27 yttrade
831 1031 69 21 farhä-

78 1067 44 20 gor.
139 1060 49 22 Med
206 1062 40 20 den
261 1061 80 27 utgång
355 1060 74 27 frågan
445 1062 6 20 i
467 1061 62 21 dessa
544 1060 62 22 stånd
622 1060 51 24 haft,
689 1066 62 15 anser
763 1059 40 27 jag.
816 1060 7 20 i
834 1059 66 29 ]ikhet

78 1090 48 20 med
142 1089 40 22 den
199 1090 127 26 föregående
341 1090 88 26 talaren,
445 1090 37 20 det
497 1090 24 21 sä
536 1090 83 26 mycket
634 1094 59 15 mera
707 1095 28 14 nu
744 1094 51 15 vara
805 1088 45 21 med
864 1094 35 20 pe-

79 1118 99 21 titionens
193 1118 104 21 innebörd
313 1118 39 21 och
371 1118 94 21 ständets
481 1124 53 20 egen
542 1118 111 26 värdighet
663 1117 104 26 förenligt,
777 1119 32 18 att
817 1116 83 22 ständet

79 1146 49 22 med
150 1146 118 27 betygande
291 1146 22 21 af
335 1147 36 21 sitt
392 1146 52 21 fulla
467 1146 136 21 erkännande
618 1145 23 21 af
655 1146 35 21 det
705 1147 47 23 sätt,
769 1145 81 26 hvarpä
864 1145 36 21 all-

80 1177 77 19 männä
180 1175 192 22 besvärsutskottet
393 1176 35 20 vid
452 1175 68 21 denna
542 1174 102 26 landtdag
666 1174 41 21 löst
727 1174 70 21 denna
811 1173 33 21 för
860 1174 40 20 den

78 1204 96 27 kristliga
189 1203 168 28 folkbildningen
372 1204 79 27 vigtiga
465 1203 67 28 fråga,
551 1210 28 15 nu
593 1203 74 26 skulle,
679 1203 68 22 såsom
759 1203 6 20 i
776 1203 44 20 ot:d
832 1202 68 25 väckt,

78 1233 96 21 förkasta
190 1233 67 20 den
244 1233 78 27 gjorda
333 1233 117 27 petitionen
465 1220 46 33 och
521 1233 35 20 det
572 1233 27 26 pä
612 1232 68 27 grund
689 1231 62 21 deraf
757 1231 102 22 affattade
867 1233 34 18 ut-

76 1261 225 22 skottsbetänkandet.
309 1258 175 25 Öfverlemnande
493 1262 22 21 ät
524 1261 83 22 ståndet
615 1262 32 19 att
655 1261 74 26 afgöra
742 1260 65 21 denna
817 1266 84 15 numera

79 1291 7 21 i
109 1291 35 20 det
166 1290 49 21 hela
235 1291 55 20 blott
310 1290 97 22 formella
422 1290 47 21 sida
484 1290 22 21 af
521 1290 72 26 saken,
609 1273 95 47 anhäller
717 1289 36 26 jag
767 1289 34 20 för
816 1288 84 27 frägans

78 1319 56 26 vigts
150 1319 62 25 skull,
229 1319 38 20 och
284 1319 88 21 emedan
388 1319 39 20 den
443 1319 24 20 sä
482 1318 61 27 länge
558 1307 57 38 legat
631 1319 42 25 mig
688 1323 33 16 om
730 1317 85 26 hjertat,
823 1323 33 15 om
865 1317 35 20 be-

81 1349 70 24 nägen
166 1347 189 26 uppmärksamhet
370 1347 33 20 för
411 1354 35 19 en,
455 1353 45 15 som
509 1347 36 26 jag
553 1347 87 26 hoppas,
649 1347 46 20 icke
702 1345 64 22 altför
774 1345 49 26 läng
831 1345 69 22 stund.

148 1375 41 27 Jag
210 1376 61 21 torde
287 1375 74 22 härvid
377 1375 21 22 få
405 1375 52 27 utgå
465 1375 46 21 från
521 1375 41 21 den
570 1375 158 26 förutsättning,
740 1376 31 19 att
783 1374 41 21 alla
834 1374 66 21 måste

78 1404 102 25 erkänna,
194 1405 32 19 att
239 1405 6 19 i
256 1404 59 20 detta
324 1404 50 20 land
384 1405 90 19 faktiskt
485 1403 114 21 förefinnes
609 1405 75 18 tvenne
693 1403 46 26 slag
747 1402 23 21 af
776 1403 124 23 folkskolor,

80 1433 82 25 högre
183 1431 118 21 folkskolor
326 1432 45 23 och,
387 1432 70 21 såsom
470 1432 36 26 jag
522 1431 67 21 skulle
604 1437 50 14 anse
668 1431 33 20 för
716 1430 36 21 det
767 1430 133 26 lämpligaste

78 1460 115 28 uttrycket,
216 1460 75 27 lägre
314 1459 124 22 folkskolor.
468 1459 91 27 Mycken
581 1459 112 26 förvirring
715 1458 40 22 har
769 1459 133 26 uppkommit

809 1501 23 18 64
