1098 1778
206 128 53 21 1272
505 128 79 21 Tokok,
602 127 26 19 22
644 133 20 18 p.

170 194 30 19 att
216 193 31 20 uti
261 193 165 26 nedanintagna,
443 193 22 20 af
479 193 134 26 fullmäktige
629 192 7 21 i
647 191 84 22 samråd
742 191 47 20 med
801 191 193 21 Bankdirektiouen

170 221 119 26 uppgjorda
311 221 81 27 förslag
413 222 7 20 i
436 223 71 19 ämnet
522 221 108 22 bibehålla
646 220 127 26 nugällande
788 219 170 26 bestämningar”
975 226 18 14 o.

170 255 16 15 s.
203 256 19 14 v.
252 249 27 21 Så
299 249 74 22 tänkte
393 250 40 21 och
448 250 24 21 sä
487 251 84 20 skrefvo
588 249 98 26 samtlige
703 248 188 26 bankfullmäktige
907 249 7 19 i
930 249 65 20 slutet

170 278 23 21 af
208 277 59 22 1890.

239 306 102 27 Slutligen
364 307 39 20 ber
423 307 36 26 jag
474 307 22 21 få
510 307 57 22 fästa
583 305 214 28 uppmärksamheten
813 305 80 25 dervid,
910 307 31 19 att
952 305 42 21 för-

170 335 72 26 slagen
272 341 34 16 om
335 335 126 22 förökandet
486 335 23 22 af
533 335 201 25 bankfallmäktiges
759 335 64 24 antal,
849 334 59 21 såväl
931 334 62 21 Ridd.

171 368 19 15 0.
206 363 79 21 Adelns
307 363 81 27 förslag
411 370 34 15 om
462 364 26 20 12
505 370 45 15 som
566 365 39 20 ock
621 363 107 27 professor
743 362 99 22 Donners
857 369 28 14 nu
901 362 93 21 framka-

170 392 60 21 stade
246 392 79 27 förslag
341 399 34 14 om
391 392 12 21 8
419 392 196 27 bankfullmäktige,
632 393 32 20 att
679 391 66 27 begge
761 391 107 27 förslagen
885 394 37 18 äro
940 391 54 21 otill-

170 421 94 26 räekliga
286 421 33 21 för
342 421 105 22 vinnande
467 422 23 21 af
504 422 35 21 det
554 422 87 21 afsedda
657 420 126 21 ändamålet.
813 420 75 21 Redan
904 420 90 21 bankut-

171 449 81 21 skottet
273 450 39 20 har
334 449 56 27 gjort
405 451 32 26 sig
452 450 94 26 skyldigt
560 451 32 20 till
608 457 25 14 en
650 449 54 21 falsk
720 449 158 26 förutsättning,
896 449 26 21 dä
938 449 57 21 detä

170 484 48 20 pag.
234 477 13 21 6
263 478 40 21 0.7
313 481 73 24 säger:
405 495 8 10 ,
417 479 60 21 detta
486 479 45 21 åter
539 481 32 19 att
580 479 104 26 nämligen
695 477 130 22 omfattande
833 477 112 26 fackinsigt
956 477 36 21 och

172 506 187 22 atfärserfarenhet
375 509 37 19 äro
428 507 38 22 hos
482 507 191 26 bankfullmäktige
688 507 180 26 representerade,
877 506 41 21 kan
935 507 18 26 ej
965 513 30 13 er-

172 535 37 21 näs
232 535 27 26 pä
282 537 65 20 annat
367 538 43 19 sätt
425 538 26 19 än
467 543 74 19 genom
558 543 26 14 en
599 535 144 26 förstärkning
759 535 22 21 af
795 535 199 26 bankfullmäktiges

172 565 76 20 antal".
271 564 55 27 Fyra
341 564 94 27 verkliga
450 564 114 22 affärsmän
580 565 71 21 kunna
666 571 29 14 nu
709 565 65 20 redan
788 563 67 27 väljas
871 570 33 15 om
920 563 26 21 de
957 564 37 20 fin-

174 599 38 14 nas
235 593 39 20 och
297 599 34 14 om
354 593 90 21 stånden
460 593 63 22 hafva
538 594 68 20 allvar
621 593 48 21 med
684 593 55 20 hvad
755 593 26 20 de
797 595 56 24 säga.
883 593 112 26 Ingenting

172 621 93 21 hindrar.
283 621 44 21 Och
343 622 67 21 likaså
425 622 66 21 finnes
507 623 35 20 det
558 623 109 26 ingenting
682 628 44 15 som
742 621 86 21 hindrar
844 623 37 24 att,
897 621 46 21 ifall
959 628 36 14 an-

170 649 53 21 talet
237 650 58 25 höjes
311 650 33 21 till
360 650 46 21 åtta
421 651 52 20 eller
487 651 33 20 till
535 651 45 24 tolf,
598 650 92 21 derefter
705 650 89 21 likasom
809 650 66 21 hittils
886 650 31 20 till
929 650 66 20 bank-

171 678 131 27 fullmäktige
324 679 55 26 välja
401 679 42 21 idel
463 679 133 27 professorer
612 679 38 21 och
666 679 94 21 statsråd
775 679 40 20 och
830 678 165 26 protokollssek-

171 707 93 20 reterare
287 707 38 21 och
348 707 123 27 godsegare.
502 708 58 21 Skall
584 709 36 19 det
641 707 68 27 ernås,
729 713 44 15 som
789 707 85 26 åsyftas,
891 707 23 20 så
929 707 66 21 måste

174 736 31 20 ett
228 736 117 26 stadgande
369 736 118 21 tillkomma
509 736 22 21 af
545 736 100 26 innehåll,
662 738 32 18 att
709 735 115 21 förstärkte
839 735 156 21 bankfullmäk-

172 764 42 26 tige
236 764 67 21 måste
327 771 52 15 vara
398 764 93 28 verklige
511 765 120 21 affärsmän.
662 764 49 21 Men
727 764 120 21 ändamålet
862 765 72 20 vinnes
950 765 45 20 icke

173 792 74 21 endast
264 793 121 26 derigenom
401 795 32 19 att
448 800 48 14 man
513 795 53 19 ökar
581 793 202 27 bankfullmäktiges
798 793 65 20 antal.

240 821 118 21 Professori
377 822 88 20 Donner:
486 822 62 21 Hvad
564 822 76 21 sakens
656 821 96 21 formella
767 822 46 21 sida
829 821 106 27 beträffar,
952 821 42 21 för-

174 849 73 21 modar
272 850 31 26 jag
325 852 32 18 att
381 850 12 20 de
428 851 64 21 ärade
515 851 138 21 medlemmar
667 850 6 20 i
689 850 239 25 talmanskonferensen,
951 856 42 14 som

174 878 77 25 ansågo
272 881 32 18 att
325 885 24 14 en
371 879 123 26 förändring
510 880 22 20 af
546 880 154 26 inbjudningen
715 879 46 20 icke
776 879 70 21 kunde
862 879 43 25 ske,
923 879 70 20 dervid

172 907 46 20 icke
241 907 64 20 hafva
327 908 80 20 erinrat
429 908 36 26 sig,
489 909 32 20 att
545 909 76 20 sådant
643 907 69 22 blifvit
734 907 143 26 praktiseradt
895 908 33 20 vid
945 907 50 21 flere

172 935 127 26 landtdagar
321 936 39 21 och
376 937 7 20 i
398 936 52 21 flera
465 936 67 21 stånd.
564 937 41 26 Jag
620 938 88 24 antager
723 937 38 25 att,
778 942 33 15 om
827 937 26 20 de
869 937 80 20 erinrat
963 937 32 25 sig

172 964 108 25 detta,
255 960 26 36 de
296 964 46 21 icke
359 965 67 20 skulle
442 965 107 21 bestämdt
565 965 78 21 uttalat
658 965 32 26 sig
705 967 44 18 mot
759 972 26 13 en
797 965 57 26 dylik
865 965 63 20 friare
941 965 54 20 tolk-

172 993 56 25 ning,
250 993 26 20 då
291 993 53 20 intet
360 993 75 21 hinder
450 994 7 19 i
473 993 23 20 L.
513 993 24 21 O.
553 995 148 20 förekommer.
732 993 60 21 Hvad
808 994 64 20 saken
888 993 49 26 sjelf
950 993 43 21 vid-

173 1021 95 20 kommer
287 1021 37 21 vill
338 1021 36 27 jag
389 1022 46 21 icke
451 1028 58 15 mera
524 1023 49 26 ingå
589 1023 27 26 på
632 1022 72 21 skälen
719 1022 33 21 för
767 1022 53 21 eller
835 1023 51 20 mot.
916 1022 41 21 Det
973 1024 22 19 är

171 1049 24 25 ju
210 1049 23 21 så
248 1051 21 19 att
295 1050 69 26 någon
381 1050 84 21 absolut
479 1051 80 21 visshet
574 1051 68 25 aldrig
657 1051 39 20 här
711 1051 5 19 i
733 1051 84 20 verlden
834 1050 112 27 förefinnes
962 1052 32 19 rö-

172 1077 65 21 rande
253 1078 77 21 verkan
347 1078 23 20 af
384 1079 25 20 de
425 1079 104 26 åtgärder,
546 1086 45 14 som
608 1079 99 21 beslutas.
737 1078 50 22 Men
803 1079 60 21 äfven
879 1079 40 20 den
936 1081 57 19 store

172 1108 144 19 statsmannen
330 1106 98 22 Bismark
444 1108 65 26 ansåg
525 1108 35 20 vid
575 1108 132 26 grundandet
723 1107 23 21 af
759 1107 134 21 Reichsbank
907 1108 7 20 i
929 1108 66 26 Tysk-

173 1134 50 20 land
246 1134 25 21 det
297 1141 50 15 vara
363 1136 130 26 nödvändigt
508 1138 31 19 att
554 1137 34 20 vid
604 1136 112 26 ledningen
731 1135 22 21 af
768 1136 121 21 densamma
905 1136 90 20 tillkalla

172 1162 142 22 framstående
336 1164 99 26 köpmän,
458 1164 80 21 hvilket
562 1166 64 20 också
644 1165 39 20 har
698 1164 55 21 skett
769 1165 94 24 sålunda,
879 1167 31 18 att
925 1165 6 19 i
948 1166 47 19 dess

173 1191 137 21 direktorium
335 1192 99 22 inkallats
457 1192 142 22 framstående
622 1194 98 25 köpmän.
749 1193 100 21 Rörande
869 1193 50 21 flere
934 1195 61 19 stats-

173 1220 80 20 banker
269 1221 6 19 i
291 1220 87 28 Europa
393 1224 23 18 är
432 1221 101 21 särskildt
548 1222 105 26 stadgadt,
670 1223 31 19 att
716 1228 26 14 en
758 1222 41 21 viss
816 1222 33 20 del
865 1222 23 20 af
897 1222 98 21 ledarene

174 1249 52 20 böra
241 1255 50 15 vara
307 1249 120 21 affärsmän.

241 1276 129 28 Yliopettaja
386 1278 99 21 Kihlman:
502 1278 49 21 Med
566 1279 115 26 anledning
696 1278 23 22 af
735 1279 36 20 det
782 1281 82 19 senaste
876 1279 119 21 uttalandet

173 1305 35 21 vill
229 1306 36 25 jag
287 1306 55 21 blott
365 1308 70 20 erinra
450 1308 79 24 derom,
545 1310 31 18 att
593 1308 129 20 åtminstone
737 1307 51 20 flere
804 1308 22 20 af
841 1308 25 20 de
881 1308 113 20 utländska

172 1336 58 18 stora
254 1334 110 21 bankerna
387 1336 36 20 äro
445 1336 131 20 annorlunda
600 1336 148 25 organiserade
769 1337 26 19 än
812 1335 99 21 Finlands
927 1335 66 21 Bank.

173 1362 10 20 I
204 1361 47 22 dem
274 1362 48 27 ingå
338 1362 69 22 såsom
423 1363 121 22 aktionärer
560 1364 96 26 verkliga
671 1364 119 26 affärsmän,
807 1364 38 21 och
862 1364 133 27 naturligtvis

174 1390 67 21 måste
257 1391 151 22 aktionärerna
423 1399 51 14 vara
489 1393 134 26 berättigade
638 1395 32 18 att
686 1393 83 26 deltaga
784 1393 6 21 i
807 1393 165 26 bankstyrelsen.

242 1420 60 21 1:nen
328 1421 174 27 äänestysesitys:
527 1421 66 21 Jotka
616 1422 189 26 vastaesitykseksi
827 1421 168 22 kutsamukselle

172 1448 96 21 tahtovat
283 1450 83 21 asettaa
381 1456 36 14 sen
433 1450 151 26 hylkäämisen,
600 1452 109 20 vastaavat
719 1451 51 25 jaa;
783 1450 33 26 jos
832 1451 19 19 ei
864 1451 87 25 voittaa,
968 1458 25 14 on

173 1478 185 26 vastaesitykseksi
374 1480 93 20 asetettu
482 1479 154 22 kutsumuksen
652 1480 112 20 osittainen
780 1479 171 27 hyväksyminen.
