1109 1753
418 123 93 19 Toukok.
528 123 26 20 25
570 123 26 25 p.'
840 121 54 21 1387

103 188 63 21 dessa
181 187 142 22 komiterades
339 188 113 20 arvoden*.
482 188 65 21 Detta
562 190 24 19 är
601 188 86 22 alldeles
702 189 7 21 i
725 190 31 20 sin
773 189 95 26 ordning,
884 190 40 18 när

103 217 37 21 det
162 216 66 27 gäller
250 218 31 20 att
301 218 46 19 utse
362 216 131 22 komiterade
510 217 38 21 och
563 217 136 27 suppleanter
713 218 34 20 för
761 217 93 27 följande
870 217 52 21 äret.

103 244 33 22 Då
158 247 24 19 är
205 246 35 20 det
262 245 97 26 lämpligt
381 247 32 18 att
428 245 115 21 förstärkte
559 245 190 27 bankfullmäktige
765 246 85 26 deltaga
865 246 7 20 i
887 245 35 21 be-

102 274 128 26 handlingen
253 273 23 21 af
298 274 61 20 dessa
381 274 98 25 ärenden,
496 274 55 21 helst
566 274 115 21 förstärkte
696 274 190 26 bankfullmäktige
902 273 23 21 af

101 302 68 21 andra
190 302 88 21 orsaker
299 304 37 18 äro
359 302 34 20 vid
417 302 39 20 den
479 302 59 21 tiden
554 302 23 21 af
590 302 46 21 äret
651 303 93 20 samlade
760 303 6 20 i
782 302 140 26 Helsingfors.

102 330 49 22 Men
172 331 36 20 det
222 330 97 21 inträffar
334 330 47 21 icke
396 330 74 26 sällan,
485 332 32 19 att
532 336 107 20 personer,
655 336 45 16 som
716 333 36 19 äro
769 330 105 22 anställda
890 331 32 20 sä-

101 365 45 15 som
171 359 137 24 komiterade,
332 359 67 20 under
421 359 57 20 ärets
493 359 49 26 lopp
558 358 23 21 af
595 365 26 14 en
637 359 51 20 eller
703 365 69 15 annan
788 359 62 20 orsak
867 358 55 27 afgä.

102 387 44 21 När
164 387 59 21 detta
239 388 55 25 sker,
310 389 24 19 är
349 387 36 21 det
400 387 130 26 nödvändigt
544 389 33 19 att
592 387 41 21 den
649 387 114 26 afgäendes
779 387 54 26 plats
848 389 74 24 genast

102 416 99 21 besättes.
231 416 33 21 Då
285 415 66 21 borde
366 415 34 21 väl
415 416 106 20 ordinarie
536 415 189 27 bankfullmäktige
741 415 64 21 hafva
820 415 103 26 rättighet

100 446 33 19 att
154 446 47 19 utse
219 451 27 14 en
261 444 204 21 diskontkomiterad
481 445 5 20 i
503 444 41 21 den
560 443 114 27 afgängnes
689 444 68 26 ställe,
773 446 50 19 utan
840 445 31 20 att
886 444 36 20 be-

102 473 63 21 höfva
180 473 85 21 afvakta
281 473 115 21 förstärkte
411 472 201 27 bankfullmäktiges
628 473 97 20 ankomst
740 473 33 20 till
784 472 138 27 Helsingfors.

100 501 42 28 Jag
158 502 67 21 skulle
241 501 70 22 derför
327 508 49 15 anse
392 503 32 19 att
439 507 62 15 mom.
518 502 20 25 e)
556 501 66 21 borde
637 501 22 21 få
674 501 93 27 följande
782 501 88 26 lydelse:
886 501 36 21 vid

101 531 172 26 sammanträdet,
297 536 44 15 som
364 530 67 21 hålles
447 531 6 20 i
469 530 110 21 december
594 530 83 26 månad,
695 532 59 24 ,utse
770 530 153 21 diskontkomi-

101 559 74 22 terade
198 559 39 21 och
259 559 122 26 supleanter
396 559 34 20 vid
447 559 222 26 afdelningskontoren
685 559 39 20 och
739 559 106 20 fastställa
861 559 61 21 dessa

101 588 143 21 komiterades
267 587 110 22 arvoden".
408 587 122 22 Förstärkte
553 587 190 27 bankfullmäktige
765 587 69 21 skulle
857 587 65 26 enligt

101 617 71 21 denna
193 616 138 27 formulering
354 616 62 21 hafva
439 616 54 21 både
517 616 102 26 rättighet
639 616 39 21 och
694 616 119 26 skyldighet
829 618 31 19 att
875 618 47 18 utse

102 645 220 22 diskontkomiterade
337 645 35 21 vid
388 645 25 20 de
429 645 106 21 ordinarie
550 645 191 20 sammanträdena.
772 645 48 20 Men
838 651 33 14 om
887 645 36 20 det

103 674 106 27 uppstode
224 674 66 21 behof
304 673 23 22 af
342 676 31 19 att
387 676 46 19 utse
450 673 217 21 diskontkomiterade
683 673 66 21 under
765 673 56 21 årets
831 673 57 26 lopp,
899 674 23 20 så

101 703 70 21 skulle
187 702 106 21 ordinarie
309 702 188 26 bankfullmäktige
513 709 50 14 vara
579 701 150 21 oförhindrade
744 703 32 19 att
791 703 52 24 göra
859 702 42 20 det.

170 730 117 22 Professori
309 730 116 22 Bonsdorff:
448 731 69 20 Herra
532 730 100 21 Kihlman
647 732 104 24 myöntää,
768 732 43 19 että
826 732 96 25 määräys

101 760 21 26 €)
132 760 141 21 momentissa
289 766 27 14 on
331 760 127 26 paikallaan,
473 760 49 20 nim.
534 762 45 18 että
590 759 86 26 yleensä
687 759 235 21 diskonttivaliomiehiä

100 789 57 21 tulee
180 788 106 27 lisättyjen
309 789 171 20 valtuusmiesten
504 790 105 23 määrätä;
627 790 58 18 tämä
699 788 111 26 tapahtuu,
826 788 96 20 niinkuin

98 818 176 26 johtosäännöstä
293 818 73 25 näkee,
379 817 143 27 joulukuulla,
536 817 75 27 jolloin
626 816 163 22 valtuusmiehet
804 816 119 22 kokoontu-

101 848 42 19 vat.
173 846 38 21 Jos
232 847 81 21 vuoden
334 846 99 21 kuluessa
451 848 87 19 muuten
554 845 121 22 muutoksia
689 846 111 26 tapahtuu,
816 846 43 21 niin
876 846 47 20 olisi

100 876 140 20 arvattavasti
260 875 99 27 hyvinkin
374 875 106 21 hankalaa
493 875 22 26 ja
531 876 148 26 sopimatonta,
692 875 33 26 jos
740 875 72 26 lisätyt
827 875 95 21 valtuus-

101 904 80 21 miehet
195 905 40 20 sitä
250 906 73 19 varten
340 904 178 25 kokoontuisivat,
535 905 67 19 mutta
617 904 14 20 4
647 903 34 27 S:n
691 904 110 20 viimeinen
813 903 109 21 momentti

101 939 28 15 on
149 932 58 27 juuri
229 934 120 20 semmoisia
369 932 112 26 tapauksia
496 934 74 19 varten
585 934 66 25 pantu
664 932 172 26 johtosääntöön.
866 932 57 21 Siinä

103 962 106 20 nimittäin
225 963 128 24 määrätään,
369 963 44 19 että
428 961 96 26 myöskin
539 961 126 21 varsinaiset
680 960 243 26 pankkivaltuusmiehet

101 992 81 22 saavat,
201 990 43 20 kun
260 990 55 21 asiat
330 992 49 18 ovat
394 989 123 21 kiireellistä
532 990 78 25 laatua,
626 990 87 26 päättää
727 989 140 21 semmoisista
882 989 40 21 asi-

102 1019 60 25 oista,
185 1018 60 26 Jotka
260 1019 123 20 oikeastaan
399 1018 102 20 kuuluvat
516 1018 164 26 vahvistettajen
695 1018 228 26 pankkivaltuusmies-

102 1048 35 19 ten
161 1046 105 22 toimeksi.
296 1047 39 20 Jos
357 1046 250 21 diskonttivaliomiesten
627 1046 56 21 vaali
697 1046 58 21 tulisi
770 1046 153 26 tapahtumaan

102 1075 72 21 muina
195 1075 90 25 aikoina,
302 1076 42 20 niin
361 1075 136 21 arvattavasti
513 1076 14 19 4
542 1075 34 26 $:n
591 1075 107 20 viimeisen
713 1075 116 20 momentin
844 1074 79 27 nojalla

102 1104 125 21 varsinaiset
249 1103 242 27 pankkivaltuusmiehet
514 1109 35 15 sen
574 1103 134 21 toimittavat.
743 1103 121 20 Sentähden
887 1103 37 20 mi-

102 1134 62 19 nusta
189 1132 46 21 olisi
258 1132 77 21 turhaa
350 1133 61 20 lisätä
426 1132 78 21 mitään
520 1132 64 21 tähän
601 1132 138 24 momenttiin,
753 1131 52 27 joka
820 1137 25 15 on
862 1132 60 21 itses-

105 1163 51 19 sään
171 1161 44 20 niin
232 1161 63 24 selvä,
309 1161 33 26 jos
358 1163 59 18 ottaa
432 1161 121 26 huomioon,
569 1160 52 21 mitä
635 1161 14 20 4
664 1161 13 25 $
693 1161 92 20 sisältää.

171 1189 118 22 Professori
306 1190 88 21 Donner:
409 1189 42 20 Det
465 1189 39 20 har
520 1190 52 20 visst
587 1189 32 21 sin
633 1189 107 26 riktighet,
757 1195 44 14 som
817 1188 107 27 professor

104 1217 115 21 Bonsdorff
239 1219 94 24 anförde,
356 1220 32 18 att
403 1219 13 19 4
431 1217 12 26 &
458 1218 115 25 medgifver
595 1217 262 26 undantagsförfaranden,
876 1223 47 15 men

105 1252 41 20 nog
161 1247 67 19 mäste
245 1246 34 20 det
293 1246 23 26 ju
332 1246 110 26 erkännas,
459 1247 32 19 att
506 1246 40 21 den
561 1244 143 28 formulering,
721 1251 44 15 som
781 1245 72 21 rektor
864 1245 60 21 Kihl-

104 1280 49 14 man
169 1275 79 25 gjorde,
264 1280 50 15 vore
329 1275 103 25 riktigare
447 1274 40 20 och
501 1280 58 15 mera
575 1274 229 20 öfverensstämmande
819 1274 48 20 med
880 1274 42 25 det,

104 1308 45 15 som
165 1302 107 26 verkligen
288 1304 95 20 kommer
397 1305 32 19 att
444 1303 105 26 iakttagas
565 1303 39 20 och
620 1302 67 26 följas.

173 1331 96 21 Provasti
285 1332 122 20 Johansson:
425 1331 72 21 Minua
513 1332 19 20 ei
547 1330 116 22 ensinkään
679 1331 86 25 tyydytä
779 1330 64 21 herra
858 1330 66 21 Bons-

103 1358 84 22 dorff'in
203 1360 72 26 selitys
291 1362 57 20 tässä
363 1360 90 25 kohden,
469 1359 48 22 sillä
532 1360 62 20 eihän
610 1359 77 21 näiden
702 1359 145 21 valitseminen
858 1358 66 22 taval-

104 1387 69 21 lisissa
195 1389 134 24 tapauksissa
351 1388 121 20 semmoista
494 1388 86 19 kiirettä
602 1387 59 26 kysy,
681 1388 57 19 ett'ei
753 1387 80 20 kiireen
849 1387 75 20 vuoksi

102 1415 62 22 ehtisi
180 1415 78 21 kutsua
273 1415 92 26 lisättyjä
380 1415 167 21 valtuusmiehiä.
568 1412 52 24 Lain
636 1414 154 21 kiertämiseksi
807 1415 58 20 tulisi
873 1415 51 20 mie-

103 1443 84 28 lestäni,
198 1443 33 27 jos
247 1445 115 20 otettaisiin
379 1443 82 22 tavaksi
477 1444 48 21 aina
541 1444 64 22 valita
620 1443 59 22 näita
693 1443 64 21 ilman
773 1443 93 26 lisättyjä
880 1443 44 21 val-

104 1473 127 22 tuusmiehiä
247 1473 134 22 selittämällä
397 1475 44 19 että
456 1473 54 21 kiire
525 1472 89 28 pakotti.
645 1471 73 22 Minun
735 1471 117 22 mielestäni
867 1474 57 19 tämä
