1084 1778
222 128 54 21 1166
517 129 94 20 Toukok:
631 130 24 19 19
672 136 18 18 p.

192 194 70 21 säsom
275 193 36 26 jag
326 193 115 26 förmodar,
456 194 53 21 intet
525 195 110 20 uttalande
649 195 7 20 i
672 195 87 20 motsatt
774 194 92 27 riktning
881 195 54 25 sker,
953 195 60 21 deraf

192 222 54 21 skall
262 221 87 27 framgä,
363 224 34 19 att
412 223 156 26 presteständet
584 223 59 20 delar
658 223 174 21 bankutskottets
848 222 142 28 förhoppning
1005 224 6 21 i

192 251 60 21 detta
266 250 126 22 hänseende.

322 303 14 21 4
351 303 34 26 8:n
401 303 13 21 2
429 303 66 22 kohta
511 303 132 28 hyväksyttiin
660 303 108 22 mietinnön
785 304 92 21 mukaan.

474 356 57 20 5—6
546 357 31 25 $:t
594 355 139 28 hyväksyttiin.

583 414 47 26 78
891 433 2 2 .

261 452 129 27 Yliopettaja
406 453 100 22 Kihlman:
523 454 10 20 I
544 454 47 21 7:de
607 453 29 27 8:s
652 454 52 21 sista
719 453 79 27 stycke,
813 460 44 15 som
874 453 89 22 handlar
979 459 33 15 om

192 481 143 22 utnämnande
357 481 23 22 af
400 482 117 21 ledamöter
536 483 8 20 i
564 483 132 21 direktionen
717 483 7 20 i
739 482 100 21 Finlands
858 482 65 25 Bank,
940 484 72 25 säges:

195 527 8 8 »
207 509 195 28 Pankfullmäktige
418 511 128 21 tillkommer
562 513 38 24 att,
616 510 54 22 efter
686 511 116 26 behörigen
817 511 106 26 kungjord
938 511 75 21 ansök-

192 539 91 26 ningstid
300 539 23 20 af
336 539 112 22 femtiosex
463 539 72 28 dagar,
550 541 95 26 uppgöra
660 540 142 27 underdänigt
817 539 79 26 förslag
912 539 39 21 och
967 540 46 21 der-

192 567 28 26 pä
236 567 89 26 uppföra
340 569 33 19 tre
389 568 23 21 af
425 568 122 21 sökandena
562 569 6 20 i
584 569 42 20 den
641 569 97 26 ordning,
750 568 132 27 fullmäktige
896 568 57 21 finna
966 569 47 20 dem

192 595 101 26 skicklige
317 596 40 21 och
380 596 83 21 erfarne
487 599 54 19 samt
564 597 31 22 till
618 597 93 21 embetet
730 597 118 27 lämplige*.
879 597 40 26 Jag
935 597 78 21 tilläter

193 624 43 26 mig
250 623 78 23 föreslå
343 626 32 20 att
390 625 55 21 ifrån
461 625 68 22 denna
546 627 43 20 sats
603 625 69 21 skulle
687 625 51 26 utgå
754 625 45 25 ord,
808 631 44 16 som
867 631 62 21 synas
945 625 68 21 öfver-

192 652 84 27 flödiga,
292 653 106 27 nemligen
415 654 114 27 ,skicklige
545 655 39 20 och
600 655 82 20 erfarne
698 656 75 24 samt",
786 655 23 21 sä
820 656 31 19 att
863 656 70 19 satsen
945 654 68 21 skulle

193 681 58 26 lyda:
271 695 39 10 ,—
327 694 27 3 —
371 682 90 27 uppföra
476 685 32 19 tre
524 683 23 22 af
561 683 122 21 sökandena
698 684 7 20 i
720 683 40 22 den
777 683 89 27 ordning
881 682 132 27 fullmäktige

193 709 58 21 finna
273 710 48 21 dem
341 711 33 20 till
390 711 92 21 embetet
496 711 117 27 lämplige.*
643 711 75 26 Nägon
734 718 70 15 annan
819 711 113 27 grundsats
948 711 66 22 borde

193 738 104 26 nemligen
313 739 46 21 icke
376 739 61 27 följas
453 740 34 21 vid
503 740 143 21 anställandet
661 740 23 20 af
696 746 103 20 personer
813 740 70 21 säsom
896 740 117 21 direktörer

192 768 7 20 i
214 766 103 23 Finlands
339 768 62 21 Bank
423 770 26 19 än
473 770 31 20 att
527 775 105 20 personen
648 770 24 20 är
687 768 33 22 till
735 768 90 27 tjensten
841 769 93 26 lämplig.
964 768 49 21 Men

193 796 86 26 lämplig
302 797 42 20 kan
367 797 41 20 han
431 796 46 22 icke
499 804 51 14 vara
572 797 46 21 ifall
637 797 43 21 han
699 797 47 21 icke
761 803 49 20 eger
825 796 127 28 skicklighet
975 797 38 21 och

192 823 129 23 erfarenhet.
343 825 69 21 Dessa
428 826 37 21 ord
481 828 37 19 äro
534 826 82 22 således
633 826 142 26 öfverflödiga,
785 826 108 21 hvaremot
907 826 107 26 uttrycket

195 853 44 23 »till
255 854 92 20 embetet
361 854 100 26 lämplig"
477 855 109 26 uttrycker
600 855 44 27 just
659 854 42 26 det,
709 860 45 16 som
770 855 40 21 bör
824 855 114 26 uttryckas.
955 854 58 21 Sam-

192 888 35 14 ma
243 882 62 21 korta
320 882 39 21 och
370 883 87 21 koncisa
467 884 86 25 uttryck
568 884 106 26 begagnas
691 884 39 20 ock
741 883 23 21 af
775 883 162 21 bankutskottet
957 883 58 27 sjelft

193 911 7 20 i
215 911 101 27 paragraf
329 911 20 26 9,
365 918 45 14 som
430 912 137 21 föreskrifver
589 912 56 21 huru
669 911 268 27 bankkommissarietjenst
959 912 55 21 skall

193 939 100 21 besättas.
324 940 45 20 Här
390 940 61 21 heter
473 941 45 21 det:
543 940 335 28 ,Bankkommissarietjensterna
900 940 61 22 skola
979 941 35 21 vid

193 968 100 21 inträffad
317 968 93 27 ledighet
425 970 7 20 i
447 970 70 26 vanlig
540 969 176 27 ordning*ansläs
732 969 38 21 och
786 969 107 27 kungöras
908 971 32 19 att
955 969 58 21 inom

192 996 113 22 femtiosex
327 997 66 27 dagar
417 998 91 22 ansökas
531 998 38 22 hos
585 998 139 26 direktionen,
740 1004 45 15 som
801 998 27 26 pä
843 998 80 26 förslag
937 998 77 26 uppför

194 1028 32 18 tre
242 1025 22 21 af
278 1026 25 21 de
319 1026 94 21 sökande
424 1028 6 19 i
441 1026 40 21 den
494 1027 96 26 ordning,
600 1026 132 22 direktionen
743 1027 67 21 finner
821 1027 47 21 dem
883 1027 47 21 till
945 1026 70 27 tjen-

192 1056 62 19 sten
269 1054 138 27 lämpliga.*
429 1056 46 19 Här
485 1056 115 26 uppställes
611 1055 45 21 icke
672 1055 69 21 säsom
757 1056 68 20 vilkor
840 1057 32 19 att
887 1061 129 21 personerna

194 1082 5 20 i
216 1082 59 27 fråga
291 1083 59 21 skola
364 1089 50 15 vara
430 1083 102 28 skickliga
547 1084 39 21 och
602 1083 90 25 erfarna,
708 1087 52 18 utan
776 1084 75 21 endast
867 1084 45 23 ,till
923 1084 91 26 tjensten

193 1111 120 27 lämpliga".
343 1111 10 21 I
369 1111 128 22 konformit&
520 1113 47 20 med
590 1112 125 27 stadgandet
730 1113 7 20 i
752 1111 11 28 8
779 1113 13 20 9
807 1112 89 22 föreslår
917 1112 42 27 jag,
982 1114 33 19 att

192 1139 61 21 äfven
269 1141 6 20 i
291 1141 12 25 8
320 1141 11 20 7
347 1141 34 20 mä
404 1141 47 26 ingå
473 1141 75 22 endast
570 1141 70 21 denna
657 1141 134 27 bestämning
809 1143 31 19 att
855 1141 23 21 af
891 1141 123 21 sökandena

192 1171 33 18 tre
248 1169 101 26 uppföras
371 1169 28 26 pä
421 1169 79 27 förslag
515 1171 7 20 i
538 1170 39 21 den
593 1170 91 26 ordning
698 1169 133 26 fullmäktige
846 1170 57 21 finna
919 1170 49 21 dem
981 1169 34 21 till

194 1197 93 21 embetet
302 1197 105 27 lämplige.

260 1225 97 22 Provasti
381 1226 128 22 Nordström:
532 1226 10 21 I
563 1227 89 20 motsats
675 1226 32 21 till
723 1227 49 21 herr
787 1227 99 21 Kihlman
903 1233 62 15 anser
978 1226 36 27 jag

190 1254 46 26 just
251 1255 62 21 dessa
328 1255 159 27 bestämningar
502 1257 7 20 i
522 1256 11 21 7
543 1256 13 25 $
571 1255 85 26 mycket
670 1255 100 28 lämpliga
786 1255 38 21 och
839 1256 42 20 kan
896 1255 46 22 icke
958 1255 56 21 finna

192 1285 33 18 att
248 1283 71 22 denna
341 1283 102 27 paragraf
464 1290 49 15 vore
534 1284 107 26 jemförlig
656 1284 48 21 med
720 1284 41 21 den
777 1284 54 25 9:de,
847 1286 22 25 ty
885 1284 38 21 der
938 1286 24 18 är
978 1283 35 21 det

192 1311 60 25 fråga
268 1318 33 15 om
317 1312 275 26 bankkommissarietjenst,
608 1313 39 20 och
663 1313 27 20 dä
699 1312 85 21 komma
794 1313 135 24 naturligtvis
939 1313 75 20 endast

192 1339 80 21 sådana
286 1346 103 20 personer
403 1340 74 26 ifråga,
493 1339 71 22 hvilka
580 1340 64 21 redan
660 1342 36 19 äro
708 1340 97 21 anstälda
817 1341 6 20 i
832 1340 98 21 bankens
943 1340 71 26 tjenst.

193 1367 41 21 Det
256 1370 24 19 är
301 1368 27 26 pä
342 1369 68 25 grund
427 1368 60 21 deraf
500 1371 33 18 att
548 1369 67 26 öfriga
629 1369 196 26 kompetensvilkor
837 1369 66 20 redan
919 1368 94 27 pröfvats

191 1396 36 20 vid
250 1396 93 22 inträdet
358 1397 7 21 i
380 1396 95 22 bankens
495 1397 69 26 tjenst,
580 1403 45 15 som
641 1397 36 21 det
692 1398 6 20 i
714 1397 99 22 afseende
829 1397 12 21 &
856 1397 158 22 kommissarie-

193 1425 66 27 tjenst
281 1425 68 27 gäller
363 1427 32 20 att
410 1425 73 27 pröfva
499 1426 75 20 endast
590 1425 156 27 lämpligheten.
777 1426 61 21 Hvad
853 1426 47 21 äter
914 1425 100 22 beträffar

193 1454 147 27 ledamotskap
355 1455 6 21 i
376 1454 198 26 bankdirektionen,
597 1454 23 22 så
642 1454 68 27 gäller
732 1455 36 21 det
788 1454 103 28 vanligast
906 1461 108 21 personer,

193 1484 72 21 hvilka
289 1484 46 21 icke
350 1483 57 22 förut
423 1482 86 22 tillhöra
524 1483 220 28 bankförvaltningen,
761 1486 51 19 utan
827 1484 85 22 komma
928 1484 85 22 utifrån.
