1073 1781
421 130 91 21 Toukok.
530 132 11 19 6
558 137 19 20 p.
828 131 40 21 767

78 195 93 22 nenkuin
186 201 33 15 me
235 196 147 27 tahtoisimme,
398 197 45 21 tahi
458 203 27 15 on
500 199 61 25 syytä
576 196 83 28 peljätä,
671 197 42 21 niin
725 197 47 21 eikö
783 197 47 21 olisi
837 197 62 26 hyvä,

78 226 44 19 että
138 224 107 21 Suomella
260 225 46 21 olisi
321 225 48 26 yksi
383 227 66 24 portti
463 227 96 25 avoinna,
572 225 67 28 jonka
653 226 74 21 kautta
743 232 22 15 se
776 226 76 26 pääsisi
861 225 37 27 yh-

77 254 86 25 teyteen
178 259 65 15 muun
259 253 113 22 maailman
388 254 83 26 kanssa,
484 254 65 26 johon
565 260 23 16 se
603 255 19 20 ei
630 255 66 20 muita
703 255 52 20 teitä
765 255 69 20 silloin
844 256 55 19 enää

77 281 84 27 pääsisi.
191 281 263 22 Yksinkertaisuudessani
477 283 106 26 ajattelen,
607 285 44 19 että
671 282 33 27 jos
727 285 58 18 tämä
807 283 93 20 rautatie

77 309 71 22 silloin
171 309 46 22 olisi
240 309 133 27 rakennettu,
395 311 43 21 niin
454 311 72 21 luulen
541 312 63 25 minä,
620 313 45 19 että
680 310 92 22 Suomen
787 311 65 21 kansa
867 311 31 26 pi-

76 339 49 20 täisi
140 339 40 20 sitä
203 344 90 16 suurena
315 345 88 18 onnena,
425 339 33 26 jos
473 340 64 21 näillä
559 339 150 27 valtiopäivillä
725 339 46 21 olisi
787 346 22 14 se
824 341 76 25 päätös

76 367 59 26 tehty
158 368 43 19 että
222 367 22 26 jo
261 367 94 22 tuleville
378 368 156 26 valtiopäiville,
550 367 96 22 niinkuin
661 368 146 21 vastalauseen
823 368 75 26 tekijät

76 397 71 19 tämän
167 395 67 22 radan
249 396 88 21 suhteen
353 396 106 25 esittävät,
473 396 124 26 jätettäisiin
613 396 90 21 ehdotus
718 396 66 21 radan
799 396 100 21 rakenta-

75 424 87 21 misesta
185 423 90 22 Oulusta
297 424 112 27 Tornioon,
432 425 108 26 tekivätpä
562 425 144 21 Ruotsalaiset
727 425 52 21 mitä
802 425 94 21 tahansa.

144 452 118 22 Professori
285 453 90 21 Donner:
405 453 65 27 Ingen
494 454 61 21 torde
578 453 64 21 hafva
663 453 104 27 förnekat,
784 454 31 19 att
830 453 71 22 denna

73 481 88 27 jernväg
184 481 95 22 kommer
301 483 33 20 att
348 482 63 21 hafva
425 489 26 14 en
467 483 44 20 stor
526 482 115 27 betydelse,
657 482 64 21 sedan
735 482 143 27 jernvägarna
895 483 6 20 i

76 510 86 27 Sverige
177 509 71 22 blifvit
263 511 80 26 dragna
358 511 24 21 sä
396 511 59 27 längt
471 517 47 21 upp,
534 513 32 20 att
581 511 26 20 de
622 511 89 21 näända
721 510 32 21 till
762 510 69 21 finska
838 513 62 24 grän-

78 545 38 15 sen
132 539 39 22 och
193 541 32 20 att
248 539 69 22 denna
332 540 107 26 betydelse
458 539 122 28 isynnerhet
593 539 134 26 framträder,
743 540 65 21 sedan
824 539 40 21 den
879 539 25 22 af

75 569 31 20 ett
126 567 96 27 engelskt
244 567 63 28 bolag
328 569 120 26 päbegynta
467 569 116 26 jernvägen
606 569 32 21 till
661 568 76 21 Ofoten
759 568 42 21 blir
823 568 76 27 färdig.

75 596 50 21 Men
141 597 62 21 dessa
217 596 68 28 bägge
301 597 133 26 möjligheter
449 597 33 21 stä
498 597 69 22 säsom
582 597 62 21 äfven
659 598 105 20 utskottet
773 596 126 22 framhäller

75 627 57 19 ännu
156 625 23 22 sä
203 625 60 27 långt
277 626 7 21 i
299 625 85 27 fjerran,
410 627 32 20 att
460 627 63 25 ingen
538 626 42 21 kan
595 625 93 22 beräkna
703 627 38 20 när
757 625 62 22 dessa
834 625 63 27 linjer

74 653 66 22 blifva
161 653 88 28 färdiga.
280 654 43 21 Det
345 657 24 18 är
388 655 23 21 sä
433 655 86 26 mycket
539 655 82 22 mindre
643 655 82 26 möjligt
747 656 31 19 att
800 654 97 21 beräkna

75 683 69 21 denna
158 683 144 26 eventualitet,
319 689 44 16 som
379 684 81 25 ganska
475 683 110 22 bestämda
600 683 123 21 uttalanden
734 684 56 20 inom
801 683 98 20 rädande

75 711 39 21 och
129 711 93 22 militära
237 711 83 22 kretsar
335 712 6 21 i
357 711 86 28 Sverige
458 712 63 21 hafva
539 712 78 21 uttalat
632 712 31 27 sig
678 713 44 20 mot
737 711 122 21 utförandet
876 711 25 21 af

72 740 189 27 jernvägslinjerna
283 740 54 22 ända
361 747 43 20 upp
426 741 33 21 till
480 741 69 21 finska
570 743 96 24 gränsen.
697 741 66 21 Detta
778 747 36 14 var
833 740 64 21 ocksä

75 769 74 26 skälet,
169 768 98 23 hvarföre
287 769 116 27 jernvägen
419 769 46 22 frän
482 769 76 22 Ofoten
573 770 56 21 inom
645 769 86 27 Sverige
746 769 41 21 fick
803 775 25 15 en
844 769 52 21 rikt-

74 798 56 27 ning,
147 798 22 21 sä
191 798 58 27 längt
267 798 22 21 ät
305 799 69 21 söder.
404 799 11 20 I
431 799 70 26 hvarje
517 799 36 21 fall
569 798 66 21 finnes
651 799 56 20 inom
723 799 47 20 värt
785 799 47 26 eget
847 798 50 21 land

74 827 24 22 sä
113 826 77 28 mänga
213 827 62 27 linjer
289 827 23 22 af
326 827 115 27 betydelse,
457 833 45 16 som
517 830 57 19 ännu
589 827 66 22 mäste
671 827 88 26 utföras,
775 829 31 19 att
822 826 26 21 de
863 827 34 20 väl

74 856 91 21 uthärda
188 862 25 15 en
234 855 122 28 jemförelse
379 857 47 20 med
444 857 63 26 linjen
523 857 32 21 till
571 856 87 21 Torneä.
688 850 38 38 Jag
738 854 51 23 tror
804 855 46 22 icke
865 857 31 20 att

75 885 41 21 den
132 885 143 26 eventualitet,
299 891 44 16 som
359 886 41 20 den
414 891 76 15 senare
504 885 83 22 talaren
602 885 116 27 päpekade,
733 886 25 27 är
773 884 23 21 af
810 884 23 21 sä
848 890 48 21 syn-

74 914 77 26 nerligt
173 915 44 20 stor
239 914 108 26 betydelse
362 915 7 20 i
385 915 58 20 detta
466 914 127 21 hänseende.
624 913 49 22 Men
689 913 32 22 för
731 913 165 21 fullbordandet

74 943 23 20 af
118 943 234 20 kommunikationerna
367 944 7 20 i
389 943 46 21 värt
458 945 46 24 eget
527 943 49 20 land
591 943 6 20 i
614 942 37 21 det
664 943 53 25 inre,
728 942 109 25 :nemligen
853 941 43 21 för-

74 971 109 22 bindelsen
204 971 77 22 mellan
303 973 72 20 vester
395 971 38 21 och
449 973 62 24 öster,
527 971 62 22 söder
605 971 39 21 och
660 976 55 21 norr,
732 971 91 20 äterstär
838 973 57 18 ännu

74 1000 23 21 sä
112 1000 89 26 mycket,
217 1002 30 19 att
260 999 36 28 jag
311 999 33 21 för
360 1000 43 21 min
418 1000 35 21 del
468 1001 46 20 icke
529 1000 43 21 kan
587 999 63 22 ställa
666 999 69 21 denna
750 999 66 26 linje
808 995 12 36 i
831 999 64 20 främ-

73 1031 33 19 sta
120 1030 97 20 rummet.
247 1028 41 28 Jag
310 1034 106 22 upprepar
438 1031 56 19 ännu
519 1030 32 20 att
573 1027 113 23 affärsmän
708 1028 35 21 väl
758 1028 72 21 kunna
844 1031 52 17 anse

74 1058 41 20 den
130 1063 51 16 vara
203 1057 72 27 viktig,
292 1058 69 21 säsom
377 1057 68 27 nägon
462 1057 121 25 framhällit,
600 1063 47 15 men
663 1059 32 19 att
709 1057 48 21 dess
773 1057 43 25 vigt
831 1057 64 20 beror

70 1086 46 27 just
136 1086 70 27 derpä,
231 1088 31 20 att
285 1087 40 21 den
343 1088 95 20 kommer
461 1088 31 20 att
506 1086 105 22 förmedla
625 1086 144 22 förbindelsen
785 1086 47 20 med
847 1085 48 27 syd-

72 1116 43 26 liga
130 1114 85 28 Sverige
232 1115 39 21 och
286 1115 48 21 med
351 1116 35 20 det
401 1117 70 25 öppna
485 1115 78 21 hafvet.
593 1114 42 22 För
651 1116 31 20 att
696 1114 65 22 likväl
770 1114 124 22 ständernas

73 1144 55 26 äsigt
143 1144 57 21 klart
218 1144 34 21 mä
267 1144 94 24 framstä,
377 1144 79 21 tilläter
469 1144 36 26 jag
520 1145 43 26 mig
578 1143 79 22 föreslä
671 1145 31 20 ett
717 1143 67 26 afslag
799 1143 27 26 pä
841 1143 53 26 peti-

72 1173 72 21 tionen
167 1173 47 21 med
237 1173 65 21 sädan
317 1172 143 27 formulering,
477 1175 31 19 att
530 1173 120 25 ständerna,
665 1172 68 21 under
748 1171 110 21 uttalande
873 1171 24 21 af

72 1201 141 27 förhoppning
229 1201 73 21 derom
320 1203 31 19 att
367 1202 39 20 den
422 1201 23 21 af
458 1201 58 21 Hans
531 1201 119 27 Kejserliga
666 1200 99 27 Majestät
783 1200 112 20 anbefalda

73 1230 185 26 undersökningen
281 1229 23 22 af
326 1236 25 14 en
370 1230 150 26 jernvägslinje
542 1229 77 21 mellan
643 1230 99 20 städerna
757 1228 82 21 Torneå
855 1228 39 21 och

72 1258 108 26 Uleäborg
202 1259 95 20 kommer
319 1260 33 19 att
374 1258 126 21 verkställas
522 1258 56 21 inom
601 1260 61 18 nästa
684 1258 101 25 landtdag
807 1257 39 20 och
861 1259 32 18 att

72 1287 60 21 Hans
152 1286 100 27 Majestät
267 1288 7 20 i
289 1287 67 21 sinom
379 1287 31 21 tid
432 1286 54 21 läter
507 1286 108 27 förelägga
633 1286 115 21 ständerna
763 1285 130 27 proposition

72 1322 34 14 om
122 1315 111 27 byggande
248 1316 23 20 af
285 1322 26 14 en
323 1316 90 26 jernväg
427 1315 77 21 mellan
519 1315 92 21 nämnda
625 1315 76 25 städer,
718 1314 44 21 låta
777 1314 116 26 petitionen

73 1344 69 21 denna
156 1343 55 27 gäng
226 1343 91 21 förfalla.

140 1372 97 21 Provasti
252 1372 103 22 Törnudd:
385 1372 25 21 Ei
425 1372 88 21 tarvitse
529 1371 128 26 sanoakaan,
673 1371 79 21 kuinka
761 1372 131 19 äärettömän

73 1402 96 19 suuresta.
185 1402 84 20 arvosta
293 1401 46 20 olisi
354 1400 138 25 maallemme,
506 1400 33 26 jos
554 1402 71 19 tämän
640 1400 43 20 tien
699 1399 74 21 kautta
789 1399 103 21 voitaisiin

71 1429 96 26 vapaasti
182 1430 73 24 päästä
271 1428 48 21 aina
337 1428 130 27 jäättömälle
482 1428 92 20 merelle.
605 1427 68 21 Mutta
685 1427 34 27 jos
740 1427 79 20 niinkin
839 1427 53 25 olisi,

73 1458 51 20 ettei
138 1457 90 21 Ruotsin
243 1457 94 25 hallitus,
351 1457 66 26 jonka
431 1456 88 21 haltuun
534 1456 91 21 rautatie
641 1455 119 21 Ofotenista
775 1454 116 26 Luulajaan

73 1492 27 16 on
114 1486 106 27 joutunut,
243 1486 123 21 näkisikään
386 1486 73 20 olevan
475 1486 86 26 sopivan
575 1484 74 28 jatkaa
664 1485 40 21 sitä
719 1483 80 27 Norjan
813 1483 79 27 rajasta
