1098 1770
412 131 91 20 Toukok.
520 131 26 20 28
562 138 20 18 p.
825 131 52 20 1481

157 195 69 22 Herra
242 196 104 22 Puhemies
362 197 87 21 vastasi:

157 247 121 27 Höglofliga
292 248 186 28 borgareståndets
494 248 178 28 representanter!
699 248 41 22 Det
755 251 24 19 är
794 248 51 22 visst
861 250 48 20 sant

89 277 31 20 att
136 276 69 22 denna
220 276 100 28 landtdag
336 277 38 21 har
390 277 44 21 haft
450 279 30 19 ett
496 278 59 26 djupt
571 277 66 22 allvar
653 277 38 21 och
707 278 31 20 att
754 277 39 21 den
806 276 61 22 äfven
876 276 33 22 för

89 304 48 22 med
159 306 31 26 sig
212 312 76 14 ansvar
310 306 32 21 för
365 306 53 25 dem,
439 312 44 16 som
499 306 63 21 hafva
577 306 45 21 haft
637 306 36 20 det
689 306 91 26 dyrbara
795 305 66 21 kallet
877 307 32 19 att

89 336 145 24 representera
257 334 36 21 det
315 334 69 22 finska
407 334 73 22 folket.
510 335 42 21 Det
574 334 73 27 allvar,
670 340 44 16 som
737 334 89 25 besjälat
841 335 68 21 denna

92 362 107 28 landtdag,
215 363 39 21 har
268 362 64 22 likväl
348 363 46 21 icke
408 364 61 26 varit,
485 364 23 20 så
524 364 60 27 djupt
599 363 36 21 det
650 363 63 21 också
727 364 82 20 kunnat
823 369 57 20 vara,
889 362 23 22 af

90 391 40 21 den
147 393 39 25 art,
202 394 32 18 att
250 392 18 20 vi
284 392 26 26 på
326 391 64 27 något
405 394 42 20 sätt
461 393 52 21 böra
528 394 119 20 misströsta
657 398 34 15 om
702 392 119 21 framtiden.
837 392 72 21 Fram-

87 419 58 23 tiden
168 421 56 21 visar
251 421 105 26 nemligen
385 420 32 22 för
440 422 53 25 dem,
516 427 44 15 som
583 421 63 21 hafva
669 420 115 22 förtröstan
807 421 31 21 till
861 420 48 21 Gud

89 448 38 21 och
142 449 116 20 förtröstan
274 449 32 21 till
321 449 39 21 den
369 449 81 26 kärlek,
459 456 44 15 som
512 449 27 26 på
546 449 140 28 gudsfruktan
695 451 23 19 är
726 449 62 26 bygd,
799 450 46 20 sina
855 449 54 26 ljusa

88 478 96 26 utsigter.
214 477 42 21 Det
276 480 24 19 är
315 478 52 21 visst
382 480 52 24 sant,
451 480 33 19 att
498 477 112 22 framtiden
627 479 23 20 är
665 477 32 22 för
713 484 34 15 oss
762 477 90 22 fördold.
884 476 25 22 Vi

88 505 71 22 kunna
182 506 46 21 icke
250 513 22 14 se
296 507 21 20 in
340 507 6 20 i
370 507 25 21 de
418 507 56 21 olika
493 507 78 21 skiften
587 507 39 21 och
641 506 154 26 förhällanden,
811 512 44 15 som
872 506 37 21 der

89 535 71 21 kunna
183 535 44 20 visa
250 536 37 25 sig,
311 541 47 15 men
382 536 34 21 det
432 536 72 21 kunna
519 536 20 21 vi
554 541 51 15 vara
621 535 134 27 öfvertygade
771 541 33 15 om
821 536 37 24 att,
875 540 33 15 om

89 563 230 22 fosterlandskärleken
342 563 117 22 bibehäller
481 565 31 26 sig
529 565 55 20 inom
601 564 35 21 det
651 564 68 21 finska
734 563 68 22 folket
817 563 40 22 och
873 563 36 21 det

88 591 67 22 finska
170 592 77 21 folkets
263 595 176 24 representanter,
455 593 23 21 sä
493 593 39 21 bör
548 593 35 21 det
599 592 46 21 föra
660 593 32 20 till
708 594 31 19 ett
754 593 51 25 godt
821 593 48 25 mäl,
877 591 31 22 äf-

88 626 39 15 ven
149 627 33 14 om
206 621 36 21 det
264 621 68 21 finska
347 621 67 21 folket
429 621 69 22 skulle
514 621 68 22 mästa
597 621 102 27 genomgä
714 623 56 18 ännu
786 621 51 21 flere
852 620 57 27 pröf-

91 649 80 26 ningar,
192 649 77 26 hvilka,
286 650 27 21 dä
329 650 25 21 de
370 651 84 20 komma
468 650 47 21 frän
532 657 25 14 en
573 651 30 20 vis
620 649 77 26 försyn,
713 649 69 27 äsyfta
797 651 31 20 att
843 649 65 21 luttra

89 684 34 15 oss
139 677 40 22 och
194 677 67 22 förmä
277 685 34 14 oss
327 680 31 20 att
373 677 27 28 gä
414 679 32 20 till
462 679 58 21 doms
537 679 46 21 med
600 685 33 15 oss
649 678 79 27 sjelfva,
745 679 32 20 att
787 679 46 20 icke
842 677 67 21 öfver-

88 707 70 20 skatta
174 707 38 20 vär
227 707 99 26 ställning
342 707 94 22 hvarken
452 707 110 26 ipolitiskt
578 707 52 21 eller
639 707 74 21 socialt
721 706 124 27 hänseende,
857 707 49 20 utan

89 737 69 24 troget
181 735 93 21 vidhälla
298 735 54 22 hvad
375 735 87 22 fäderna
485 736 63 21 hafva
563 735 60 28 gifvit
639 742 34 15 oss
689 736 6 20 i
710 735 34 21 arf
758 735 69 21 tillika
843 735 66 20 under

89 764 35 21 det
146 763 52 21 fulla
221 763 140 22 bemödandet
384 766 32 19 att
438 764 96 21 förkofra
557 764 59 21 detta
639 764 38 25 arf,
698 764 23 20 sä
736 765 32 20 att
783 764 126 20 kommande

89 793 81 26 slägten
186 792 46 21 icke
249 792 71 21 kunna
336 793 7 21 i
359 793 57 21 detta
432 793 98 22 afseende
546 793 47 21 med
609 793 46 21 skäl
670 792 85 21 förebrä
764 799 34 14 oss
807 793 32 20 att
847 792 62 21 hafva

89 821 117 22 värdslösat
222 821 122 22 detsamma.

157 849 157 22 Presteständet
330 850 78 21 önskar
422 852 32 19 att
469 850 21 21 fä
506 857 50 15 vara
571 850 6 21 i
593 851 36 20 det
643 849 106 28 vällofliga
760 850 148 25 borgarestän-

89 879 46 21 dets
158 879 85 26 välvilja
266 879 38 21 och
320 879 131 27 bevägenhet
466 880 113 21 inneslutet
595 879 38 21 och
649 879 72 26 gläder
737 879 31 26 sig
784 878 57 22 öfver
857 880 31 19 att
904 879 6 20 i

89 908 26 20 de
135 907 61 22 flesta
218 907 72 27 frägor
305 914 26 15 en
347 908 181 27 samstämmighet
542 908 78 21 mellan
635 908 156 26 presteständet
807 906 39 22 och
861 908 48 20 bor-

89 936 136 27 gareständet
241 938 35 25 egt
291 942 52 16 rum.

158 1000 117 21 Ritariston
289 1000 22 27 ja
327 1000 79 22 aatelin
422 1000 118 26 lähetystön
555 1000 98 26 puolesta
666 998 69 22 lausui
750 999 64 21 herra
829 998 20 22 A.
861 999 20 21 L.
892 1004 17 16 v.

90 1024 106 37 Knorring:
407 1029 3 1 |

158 1081 134 27 Högvördige
314 1082 26 20 hr
362 1080 125 28 erkebiskop
504 1081 38 21 och
558 1080 89 22 talman!
679 1080 136 28 Högvördiga
830 1080 80 26 preste-

90 1110 73 21 ständ!

158 1138 28 22 Af
202 1138 52 21 1891
271 1138 34 22 ärs
321 1139 143 21 ständermöte
480 1138 43 22 stär
538 1140 59 20 snart
612 1138 75 22 endast
697 1138 80 21 minnet
785 1138 52 20 äter.
849 1136 60 27 Sjelf-

89 1167 61 22 fallet
170 1168 66 21 riktas
252 1167 70 22 derför
338 1167 83 22 blicken
437 1167 89 22 tillbaka
542 1167 32 22 till
590 1167 40 21 den
647 1167 45 27 dag,
709 1167 27 21 dä
751 1166 158 25 folkombuden,

89 1196 214 27 landtdagskallelsen
327 1196 38 22 och
388 1196 139 27 grundlagens
550 1196 43 22 bud
609 1196 106 26 likmätigt
730 1196 180 20 sammankommo

89 1225 33 21 för
138 1227 32 20 att
186 1226 71 25 intaga
272 1226 79 20 enhvar
366 1225 31 21 sin
412 1225 59 26 gifna
486 1225 55 26 plats
557 1225 6 21 i
579 1224 82 22 landets
676 1224 137 27 lagstiftande
823 1224 89 21 försam-

89 1254 50 26 ling.
170 1254 33 20 Dä
224 1254 83 21 arbetet
322 1254 50 21 kort
387 1253 93 22 derefter
495 1253 78 26 vidtog,
589 1253 48 21 stod
653 1253 35 20 det
703 1253 57 20 klart
775 1251 33 22 för
823 1252 41 21 alla
880 1253 32 19 att

90 1283 57 26 enigt
169 1283 119 20 samarbete
311 1282 88 21 emellan
415 1283 205 26 representationens
636 1281 68 22 skilda
720 1281 59 21 delar
793 1287 38 15 var
845 1280 66 21 vilko-

90 1313 32 19 ret
145 1311 33 21 för
201 1312 32 20 att
255 1311 72 21 kunna
349 1311 27 21 nä
396 1311 36 21 det
448 1312 57 19 stora
521 1310 48 26 mål,
587 1311 30 19 dit
632 1311 52 20 allas
699 1309 81 21 blickar
795 1309 74 21 trädde
887 1321 22 2 —

91 1339 117 27 skapandet
224 1340 22 20 af
261 1341 31 19 ett
307 1339 77 27 ljusare
400 1338 106 22 tidsskifte
522 1340 6 20 i
544 1338 77 22 folkets
635 1338 100 27 politiska
751 1337 29 21 lif.

158 1368 100 21 Finlands
281 1368 86 21 ständer
390 1368 32 21 stä
444 1374 28 14 nu
494 1368 35 21 vid
544 1367 64 22 slutet
623 1366 23 22 af
660 1368 36 20 sitt
711 1366 140 22 ansvarsfulla
867 1365 46 21 värf

90 1396 38 20 och
144 1396 125 26 förborgadt
284 1398 24 18 är
323 1398 62 23 ännu,
402 1402 33 14 om
450 1395 85 21 frukten
550 1395 47 20 utaf
613 1396 76 25 ospard
705 1395 62 20 möda
781 1394 53 21 skall
851 1400 61 14 svara

90 1426 44 19 mot
156 1424 26 20 de
205 1424 171 27 förhoppningar,
393 1430 45 15 som
453 1423 73 21 dervid
541 1423 88 21 knutits.
653 1423 57 21 Visst
726 1422 95 21 deremot
835 1424 30 23 är,
881 1423 32 19 att

91 1452 77 22 folkets
184 1454 178 26 representanter,
379 1452 26 21 dä
421 1452 26 20 de
463 1458 27 15 nu
506 1452 33 21 stä
554 1451 51 21 redo
621 1452 31 20 att
667 1450 74 27 ätergä
755 1450 32 21 till
798 1451 46 20 sina
852 1450 61 21 hvar-

91 1481 84 28 dagliga
196 1480 53 28 värf,
272 1480 72 23 kunna
366 1481 46 21 föra
426 1480 49 22 med
490 1481 32 26 sig
538 1480 35 22 det
588 1480 115 28 tryggande
719 1479 148 22 medvetandet
881 1480 32 20 att
