1100 1761
202 139 55 28 1354
497 127 93 31 Toukok.
607 138 26 19 23
650 145 20 18 p.

173 205 128 26 föregående
315 205 80 26 praxis.
417 203 44 22 Allt
476 203 64 22 beror
555 203 83 22 således
654 209 29 14 nu
699 202 72 27 derpå,
788 201 85 22 hvilken
888 201 45 26 vigt
947 207 49 16 man

172 234 73 27 lägger
260 234 27 26 på
298 233 35 20 det
344 232 103 27 syftemål,
457 238 44 15 som
513 232 20 21 vi
543 232 45 21 haft
596 231 33 21 för
639 233 89 25 ögonen,
737 233 32 19 att
779 230 105 27 nemligen
895 230 100 21 Finlands

172 262 71 21 Banks
261 262 125 21 vinstmedel
409 261 68 21 blefve
493 261 6 20 i
514 261 119 26 möjligaste
655 260 66 21 måtto
745 259 142 26 reserverade,
909 259 34 21 för
964 261 32 19 att

173 291 73 21 stärka
255 291 68 20 denna
331 290 69 20 banks
408 289 95 27 förmåga
515 291 32 19 att
555 289 52 27 fylla
617 290 32 20 sin
658 289 89 26 uppgift.
763 289 38 20 Ett
811 288 46 20 skäl
867 287 129 22 tillkommer

172 322 64 18 ännu.
266 318 38 22 Uti
319 318 170 22 statsutskottets
504 318 134 21 betänkande
653 317 40 21 N:o
710 318 26 20 12
752 316 67 22 finnes
835 322 26 15 en
873 316 122 26 resolution,

173 348 12 21 å
200 348 77 26 pagina
298 347 32 24 13,
351 347 38 21 der
404 347 104 21 utskottet
525 346 90 21 föreslår
632 348 45 23 ,att
691 346 120 21 Ständerna
825 345 30 21 uti
871 346 32 20 sin
918 346 76 20 under-

173 376 77 26 dåniga
269 375 171 21 svarsskrifvelse
457 375 12 21 å
484 375 41 21 den
540 375 77 27 nådiga
632 375 158 26 propositionen
805 373 49 22 ville
869 374 75 26 uttala,
961 374 35 20 det

173 404 119 21 Ständerna
307 404 54 27 våga
376 406 87 23 emotse,
479 405 32 19 att
525 404 68 20 under
607 403 169 26 finansperioden
795 402 141 21 1892—1894
946 409 50 20 upp-

172 433 89 21 stående
276 432 118 21 öfverskott
408 432 7 21 i
430 432 107 21 allmänna
553 431 137 26 statsfonden,
706 431 71 26 måtte,
789 431 34 21 för
833 431 69 21 såvidt
913 431 26 21 de
950 431 45 21 icke

173 463 60 25 tagas
248 462 7 21 i
270 461 92 26 anspråk
381 461 33 21 för
434 461 138 22 statsverkets
588 461 69 23 behof,
674 460 32 21 till
721 459 274 23 kommunikationsfonden

174 489 136 22 öfverföras".
340 490 79 21 Derom
435 489 38 22 har
489 490 61 20 äfven
566 490 135 21 minoriteten
716 489 56 21 varit
787 495 50 15 ense
852 488 49 22 med
912 489 83 26 majori-

173 521 64 19 teten.
267 518 50 21 Men
341 519 27 20 då
391 519 19 20 vi
432 518 111 27 föreslagit
565 518 65 26 detta,
653 520 32 19 att
699 518 106 26 nemligen
820 517 59 22 Hans
895 517 100 28 Majestät

173 547 66 22 måtte
261 547 23 21 af
305 547 139 21 öfverskottet
459 547 7 20 i
481 547 138 21 statsmedlen
640 547 106 21 öfverföra
761 553 26 14 en
803 546 33 21 del
852 546 33 21 till
900 546 95 21 kommu-

173 575 192 27 nikationsfonden,
390 575 22 21 så
434 575 62 21 hafva
517 576 20 20 vi
560 577 69 20 ansett
651 577 32 19 att
705 576 125 20 ständernas
849 575 92 26 begäran
957 575 38 21 har

172 611 59 15 mera
245 605 66 26 utsigt
327 606 30 19 att
373 604 96 26 beaktas,
485 610 34 15 om
535 604 272 21 kommunikationsfonden
823 604 56 21 visar
897 610 26 14 en
941 604 53 21 brist

171 636 28 19 än
215 639 34 15 om
265 640 80 14 samma
360 632 51 22 fond
426 634 56 20 visar
497 635 31 19 ett
543 632 119 22 öfverskott
677 632 23 22 af
714 639 44 15 mer
774 634 26 19 än
817 640 26 14 en
858 632 80 27 miljon.
957 633 37 20 Att

173 662 86 21 komma
281 662 39 20 och
340 662 78 26 begära
433 661 63 27 hjelp,
513 662 27 20 då
554 668 48 15 man
617 662 40 20 har
673 663 10 19 1
699 662 73 26 miljon
788 662 7 20 i
810 661 76 27 fickan,
903 661 38 21 har
957 662 37 20 mi-

173 691 106 21 noriteten
301 692 70 20 ansett
391 690 46 21 icke
453 696 50 16 vara
518 690 44 22 lika
577 690 102 27 lämpligt,
694 696 46 16 som
755 692 32 19 att
802 690 78 27 begära
895 690 56 27 hjelp
968 690 26 22 då

173 726 49 14 man
237 720 39 20 har
291 719 114 27 ingenting,
421 719 51 21 eller
487 719 82 21 mindre
585 722 26 18 än
627 720 60 20 intet.
717 718 74 22 Såsom
804 719 36 27 jag
855 719 66 21 redan
936 718 57 27 sade,

172 748 65 21 hafva
253 748 60 21 dessa
327 748 154 21 reservationer
491 748 46 21 icke
553 748 79 26 åsyftat
642 748 115 26 någonting
768 750 65 19 annat
845 750 26 19 än
882 749 33 20 att
926 748 68 21 lemna

173 777 90 21 stånden
286 776 84 22 tillfälle
392 778 31 20 att
443 776 80 27 pröfva,
540 777 55 21 hvad
611 777 26 21 de
653 783 50 15 anse
718 783 51 15 vara
784 777 108 26 riktigare.
922 776 72 22 Skulle

172 806 21 20 vi
208 806 46 21 icke
269 806 62 21 hafva
346 807 120 20 reserverat
481 812 40 20 oss,
537 806 24 22 så
576 806 68 21 skulle
659 806 114 21 ständerna
784 806 45 21 icke
840 806 63 21 hafva
912 806 82 21 kunnat

173 841 37 15 ens
231 835 65 21 tänka
311 834 28 27 på
353 835 69 27 någon
438 841 69 15 annan
523 835 116 27 möjlighet,
655 837 28 19 än
697 835 40 21 den
754 834 22 22 af
790 835 133 27 majoriteten
939 834 55 22 före-

173 864 80 27 slagna.
276 863 50 21 Med
341 864 49 21 mitt
405 864 136 26 andragande
556 864 39 21 har
608 864 37 26 jag
661 863 63 22 också
739 864 46 21 icke
801 864 63 21 afsett
879 866 32 18 att
926 863 68 21 öfver-

173 893 44 20 tala
239 892 84 21 ståndet
346 892 51 21 eller
419 892 69 27 någon
509 891 22 22 af
546 893 48 20 dess
609 892 138 21 medlemmar
762 894 31 20 att
809 895 76 24 antaga
900 898 93 15 reserva-

173 921 79 21 tionen.
281 921 41 26 Jag
345 921 39 20 har
406 921 75 21 endast
503 921 56 21 velat
581 921 106 26 klargöra,
710 922 55 20 huru
788 927 48 15 man
857 924 52 18 utan
925 921 69 27 någon

172 949 108 26 svårighet
295 950 41 20 kan
352 949 85 21 komma
453 949 77 27 dertill,
539 951 32 20 att
581 949 27 27 på
618 950 100 21 Finlands
730 950 71 21 Banks
811 949 107 22 blifvande
929 950 65 21 vinst-

173 979 68 20 medel
260 978 46 21 icke
326 977 101 22 behöfver
443 978 76 26 dragas
535 985 44 14 mer
594 981 25 18 än
637 978 114 27 1,800,000
766 979 60 20 mark
841 979 51 20 eller
907 985 26 14 en
948 979 46 20 mil-

169 1006 39 27 jon
223 1007 82 20 mindre
321 1008 26 18 än
362 1006 104 21 utskottet
481 1007 116 26 föreslagit.
621 1007 165 21 Reservationen
801 1007 32 20 uti
848 1007 146 21 betänkandet

174 1035 39 21 N:o
231 1035 26 21 12
273 1034 84 27 åtföljes
372 1034 24 21 af
409 1041 26 15 en
450 1035 124 26 fullständig
589 1035 79 27 kalkyl,
684 1036 23 21 så
722 1038 32 19 att
769 1036 66 26 några
850 1035 89 21 formela
949 1035 45 22 svå-

172 1064 94 26 righeter
281 1063 46 22 icke
343 1063 83 27 uppstå,
442 1063 46 22 ifall
503 1063 85 22 ståndet
603 1064 69 21 skulle
687 1071 50 15 anse
753 1065 32 26 sig
800 1065 72 20 kunna
887 1065 39 20 och
941 1064 52 21 böra

171 1092 91 21 omfatta
277 1093 162 20 reservationen.
460 1093 92 20 Härmed
569 1093 138 21 öfverlemnar
720 1093 37 27 jag
771 1093 75 26 frågan
856 1093 32 21 till
899 1093 94 21 ståndets

172 1121 123 26 afgörande.

241 1149 83 22 Pastori
341 1149 109 26 Bergroth:
466 1149 58 22 Minä
540 1157 25 14 en
581 1151 33 20 ole
630 1151 74 20 voinut
719 1151 42 20 olla
774 1151 63 20 näinä
848 1151 83 26 päivinä
942 1151 53 25 ajat-

172 1178 116 26 telematta,
311 1178 94 20 mitenkä
426 1178 202 26 talonpoikaissääty
650 1179 153 26 valtiopäivillä
827 1179 54 21 1863
902 1179 92 26 puolusti

172 1207 71 20 viinan
264 1206 141 26 valmistusta,
425 1206 52 27 joka
499 1207 70 21 silloin
593 1208 28 20 oli
643 1207 77 21 heidän
738 1207 124 27 kädessään,
876 1207 22 27 ja
914 1208 79 20 kuinka

172 1234 198 28 porvarissäädyssä
385 1234 69 22 silloin
469 1235 99 26 pidettiin
579 1236 51 21 mitä
639 1236 170 26 juhlallisimmat
820 1236 174 22 raittiusmieliset

171 1263 86 26 puheet,
270 1263 67 26 joissa
351 1263 111 21 vaadittiin
477 1264 133 26 kotitarpeen
625 1264 144 26 viinanpolton
780 1265 140 26 poistamista.
936 1265 58 20 Minä

172 1291 48 20 olen
236 1293 115 18 verrannut
365 1292 58 19 näitä
439 1292 113 24 molempia
567 1292 81 25 säätyjä
663 1293 96 20 toisiinsa
769 1294 64 19 näinä
843 1294 89 24 päivinä,
941 1293 54 20 enkä

172 1318 33 20 ole
221 1319 73 20 voinut
309 1318 43 20 olla
366 1319 119 25 puolestani
501 1319 160 27 ajattelematta,
677 1321 43 19 että
735 1322 58 19 tämä
808 1321 186 23 viinanvalmistus,

171 1346 44 21 kun
238 1352 22 15 se
276 1346 109 21 siirrettiin
406 1347 241 26 talonpoikaissäädystä
663 1349 190 26 porvarissäätyyn,
870 1350 82 20 kenties
968 1354 27 15 on

172 1374 136 22 vaikuttanut
328 1375 83 27 jotakin
433 1375 67 21 siihen
523 1376 31 20 eri
573 1382 106 20 asemaan,
694 1376 52 22 kuin
761 1377 65 21 näillä
841 1377 102 27 säädyillä
958 1379 37 24 nyt

172 1410 27 14 on
221 1404 161 21 raittiusasiaan
397 1404 90 21 nähden.
518 1403 122 23 Onnetonta
655 1406 53 24 olisi,
722 1406 34 26 jos
772 1408 71 20 nämät
858 1406 62 22 rahat
935 1406 59 22 saisi-

172 1435 35 19 vat
230 1432 81 22 tunkea
332 1433 56 21 koko
411 1433 94 22 kansaan
526 1434 23 26 ja
570 1434 110 22 vaikuttaa
698 1434 67 27 siellä,
781 1436 116 26 vaikuttaa,
913 1437 45 19 että
973 1442 21 15 se

171 1462 74 26 kansa,
265 1461 52 27 joka
339 1464 38 24 nyt
399 1462 73 22 tahtoo
495 1462 82 27 edistyä
599 1463 116 21 raittiuden
730 1464 66 24 tiellä,
812 1464 50 21 saisi
876 1464 118 21 viinarahat

175 1491 199 26 yPääkassakseen*,
390 1491 63 21 kuten
469 1493 58 19 tässä
542 1491 168 22 vastalauseessa
725 1495 111 23 sanotaan,
850 1493 23 27 ja
883 1494 112 21 takertuisi
