1086 1781
393 132 94 24 Toukok.
506 134 24 20 19
546 140 19 19 p.
813 133 56 21 1205

76 195 75 23 träffar
173 196 73 27 frågan
267 204 34 15 om
316 197 109 22 införande
441 199 22 21 af
476 199 64 26 tvång
554 199 34 21 för
603 199 152 21 kommunerna
771 200 32 20 att
817 200 80 20 inrätta

76 226 73 26 nödigt
172 226 58 20 antal
253 226 65 27 högre
341 226 123 28 folkskolor,
485 228 23 21 sä
523 228 64 26 vägar
600 228 36 26 jag
651 227 33 21 för
699 228 42 20 min
758 228 40 26 del,
813 228 24 21 sä
852 229 45 19 stor

75 257 41 18 vän
135 255 37 26 jag
194 256 24 19 är
240 254 23 21 af
276 254 127 27 folkskolan,
419 255 46 21 icke
480 256 73 21 förena
568 257 42 25 mig
626 262 33 14 om
675 258 30 18 ett
720 256 76 21 sädant
811 256 86 26 förslag,

76 283 88 21 emedan
178 283 36 27 jag
229 285 23 19 är
267 282 49 22 fullt
332 283 123 28 öfvertygad
470 291 35 14 om
520 287 31 18 att
566 291 25 15 en
607 284 66 26 sädan
688 284 35 26 lag
733 285 69 21 skulle
812 285 85 21 komma

76 312 63 20 vrele
161 311 67 23 åstad,
252 313 52 19 utan
322 318 63 15 anser
397 312 38 26 jag
450 314 31 20 att
497 319 48 15 man
561 313 66 21 hellre
643 312 34 22 mä
692 312 56 26 gifva
763 313 31 27 sig
809 313 31 21 till
856 313 41 21 täls

77 340 68 26 nägon
168 340 31 21 tid
222 342 62 24 ännu,
308 342 27 19 än
358 342 30 20 att
408 342 52 26 göra
476 342 47 20 hela
538 341 205 22 folkskoleväsendet
759 342 138 26 misshagligt,

76 368 81 22 hvilket
178 371 50 19 utan
244 368 73 22 tvifvel
332 369 68 21 skulle
416 370 29 20 bli
460 370 66 25 fallet,
543 377 33 14 om
592 370 64 26 tväng
670 370 111 26 härvidlag
797 370 100 21 infördes.

77 397 25 21 Vi
119 398 21 20 få
154 397 47 22 icke
215 397 79 22 förbise
310 398 32 20 att
357 398 162 27 uppbyggandet
537 399 38 21 och
593 398 134 22 underhållet
741 398 23 22 af
780 398 119 22 folkskolor

76 426 46 21 icke
145 428 25 20 är
192 433 26 14 en
240 426 24 21 så
286 426 87 22 alldeles
389 427 58 27 billig
463 428 44 20 sak.
538 427 49 21 Med
602 428 43 20 fäst
660 427 98 21 afseende
773 428 13 20 å
801 427 96 21 landtbe-

77 455 133 27 folkningens
233 456 6 20 i
260 455 116 21 allmänhet
390 456 84 26 knappa
490 456 118 27 tillgångar,
624 458 24 19 är
663 456 66 21 redan
745 456 58 21 lösen
819 456 22 21 af
855 456 42 22 två,

77 485 32 19 tre
129 484 103 21 tunnland
248 484 123 26 odlingsbar
384 484 48 27 jord
447 492 25 14 en
489 484 95 22 kännbar
600 485 97 21 kostnäd.
714 484 147 27 Uppförandet
877 485 22 21 af

77 512 100 27 lämpliga
198 512 136 25 skollokaler,
355 513 148 22 anskaffandet
517 514 23 20 af
553 514 123 26 tillräckligt
690 514 150 24 skolmaterial,
857 514 41 20 till-

77 542 80 20 skottet
172 542 32 21 till
220 542 205 26 lärarepersonalens
441 543 100 26 aflöning,
557 543 39 21 den
612 542 67 27 årliga
694 544 109 20 remonten
815 542 22 21 af
847 542 50 21 flere

77 570 175 22 folkskollokaler
275 577 27 15 m.
325 577 34 21 m.,
375 571 35 21 det
425 572 38 20 allt
478 572 95 26 betingar
589 572 32 26 sig
636 572 80 26 ganska
731 574 58 19 stora
803 571 95 27 utgifter,

77 599 40 21 och
133 599 20 21 vi
169 600 65 21 måste
250 599 61 22 äfven
328 600 47 21 med
391 600 39 21 den
446 602 104 20 varmaste
566 601 106 21 nitälskan
686 600 34 21 för
739 600 41 22 den
795 600 56 27 goda
865 607 34 15 sa-

78 628 40 21 ken
134 630 49 25 taga
199 629 80 26 hänsyn
294 628 32 22 till
342 628 77 22 folkets
434 629 95 27 förmåga
544 631 32 19 att
591 629 53 21 bära
658 630 62 21 dessa
736 630 65 26 dryga
813 630 85 20 kostna-

78 657 45 21 der.
145 656 41 22 För
202 658 41 20 min
260 658 35 21 del
310 659 24 19 är
346 658 37 26 jag
399 658 123 27 öfvertygad
538 665 33 15 om
588 660 37 24 att,
636 658 68 22 skulle
716 658 115 22 utskottets
842 658 57 21 kläm

78 686 28 20 bli
123 690 97 22 antagen,
236 687 20 20 vi
271 686 27 27 på
314 686 40 21 den
369 689 67 23 vägen
452 687 53 21 hade
521 688 71 20 funnit
606 689 31 18 ett
652 687 54 21 både
717 688 51 26 godt
780 687 38 21 och
827 687 72 21 säkert

78 715 69 21 medel
162 717 32 19 att
209 715 103 27 befrämja
327 722 25 14 en
367 716 96 20 växande
479 716 107 26 spridning
595 715 23 21 af
625 715 118 22 folkskolor
753 716 39 21 och
803 716 36 20 det
847 718 52 18 utan

77 744 31 20 alt
123 743 69 27 tvång.
224 744 72 21 Såsom
312 744 61 21 fallet
388 750 28 14 nu
431 746 30 24 är,
478 745 23 21 så
515 748 24 18 är
554 747 31 19 ett
600 744 92 22 enskildt
708 744 81 28 byalag,
806 751 44 14 som
862 746 37 18 ön-

79 773 50 20 skar
152 772 22 21 åt
196 773 32 26 sig
243 773 91 26 uppföra
349 779 26 15 en
390 773 93 27 behöflig
498 774 65 26 skola,
580 776 75 18 nästän
672 774 131 20 urståndsatt
818 774 32 20 att
867 774 32 19 ut-

78 800 46 22 föra
146 802 33 20 sin
202 802 80 20 önskan
306 802 71 21 derför
399 803 32 20 att
451 802 132 22 underhållet
598 801 23 21 af
635 802 26 20 de
679 802 3 21 i
698 802 127 21 kommunen
841 801 59 21 förut

79 830 109 26 befintliga
210 830 100 21 skolorna
332 830 84 22 kräfver
431 830 24 22 så
477 833 58 19 stora
557 831 121 26 kostnader,
692 833 31 19 att
739 832 99 26 byalaget
854 830 45 21 icke

79 860 83 20 mäktar
177 861 31 19 att
224 859 122 21 derutöfver
361 859 89 22 bekosta
466 860 22 20 åt
503 861 31 25 sig
544 866 52 20 egen
607 859 67 26 skola,
686 860 26 20 då
722 860 73 20 härtill
805 860 95 21 kommer

79 889 31 19 att
133 888 226 21 kommunalstämman
377 888 24 27 ju
421 888 42 21 kan
478 888 86 21 beröfva
580 889 37 21 det
632 888 95 21 enskilda
743 888 98 27 byalaget
857 888 43 20 del-

78 916 97 27 aktighet
190 917 31 20 uti
236 917 25 20 de
277 923 15 15 s.
309 917 19 21 k.
346 917 190 27 bränvinsmedlen,
552 923 44 15 som
610 918 24 26 ju
649 917 7 21 i
665 917 115 21 allmänhet
791 916 108 22 användas

78 945 32 21 till
133 945 232 27 folkskolebyggnader.
382 941 10 36 -
395 946 72 21 Skulle
491 953 34 19 nu,
541 946 70 21 såsom
626 947 105 20 utskottet
746 946 7 20 i
769 946 66 21 likhet
851 946 48 20 med

78 980 26 14 en
120 976 115 24 reservant,
252 974 25 21 dr
293 975 106 25 Sundvall,
415 974 96 26 föreslår,
528 975 95 21 enskilda
638 981 101 20 personer
755 975 52 21 eller
823 977 31 18 ett
863 980 38 15 en-

78 1002 65 21 skildt
159 1002 82 27 byalag,
258 1010 45 14 som
318 1003 36 21 vill
369 1003 58 21 bilda
443 1005 47 24 eget
505 1004 140 26 skoldistrikt,
661 1004 27 25 på
703 1010 80 14 samma
798 1003 55 27 gång
864 1004 34 20 be-

79 1031 50 20 frias
145 1031 47 21 från
208 1032 41 20 alla
265 1032 126 26 åligganden
405 1034 109 24 gentemot
530 1032 24 20 de
571 1032 66 20 andra
652 1032 100 21 skolorna
767 1032 57 20 inom
840 1032 59 20 kom-

80 1066 84 20 munen,
186 1060 38 20 och
240 1061 6 19 i
262 1060 131 21 förhållande
409 1061 32 20 till
457 1060 79 21 mantal
551 1067 50 14 vara
617 1061 102 26 delaktigt
734 1061 32 20 uti
781 1060 26 21 de
825 1060 75 24 medel,

80 1094 45 14 som
145 1088 33 21 för
192 1088 206 22 folkskoleväsendet
413 1090 27 26 på
456 1089 72 21 landet
542 1091 37 19 äro
596 1090 109 26 anslagna,
721 1089 23 21 så
759 1091 46 19 tror
818 1089 36 26 jag
869 1091 32 19 att

80 1117 20 20 vi
115 1116 32 21 för
162 1117 132 21 folkskolans
309 1118 72 20 vidare
397 1118 108 26 spridning
521 1117 32 21 för
561 1118 131 21 närvarande
702 1118 18 26 ej
728 1120 65 18 annat
802 1117 97 21 behöfde.

79 1145 42 27 Jag
143 1146 141 21 understöder
304 1147 115 21 utskottets
439 1147 135 21 betänkande
591 1146 39 21 och
645 1148 110 20 motsätter
771 1147 42 25 mig
829 1146 72 27 hvarje

80 1174 110 22 införande
206 1175 22 21 af
241 1175 70 26 tvång.

149 1203 118 22 Professori
290 1204 118 22 Danielson:
438 1203 84 22 Ensiksi
544 1204 80 21 tahdon
640 1204 74 21 lausua
729 1205 123 19 muutaman
869 1210 33 14 sa-

81 1238 40 14 nan
145 1232 54 26 siitä,
224 1233 57 21 millä
303 1233 71 21 tavoin
396 1239 22 15 se
441 1233 149 26 pyyntöesitys,
604 1232 66 26 jonka
685 1233 42 20 alla
742 1239 27 14 on
784 1232 118 26 professori

80 1260 110 21 Palménin
203 1262 22 26 ja
241 1262 72 20 minun
328 1262 71 24 nimet,
416 1268 27 14 on
459 1263 98 25 syntynyt
569 1261 23 27 ja
608 1261 56 21 mikä
679 1268 37 14 sen
727 1262 120 25 lähimpänä
858 1263 43 18 tar-

80 1288 128 22 koituksena
223 1296 26 14 on
266 1290 58 21 ollut.

150 1318 48 20 Pari
213 1318 85 21 viikkoa
314 1324 66 15 ennen
395 1318 51 21 kuin
461 1318 136 27 valtiopäivät
612 1318 95 21 alkoivat
724 1318 116 22 kokoontui
852 1324 50 14 suu-

82 1346 67 26 rempi
161 1346 80 26 joukko
257 1347 152 21 helsinkiläisiä
419 1346 205 27 valtiopäivämiehiä
635 1347 190 25 keskustelemaan,
835 1346 68 21 mitkä

81 1374 56 21 asiat
152 1375 64 21 olivat
232 1375 150 27 valtiopäivillä
397 1377 88 25 pyyntö-
499 1376 31 20 tai
545 1375 166 26 säätyesityksen
722 1376 113 20 muodossa
843 1374 60 22 esille

83 1404 109 19 otettavat.
226 1403 96 21 Yleisesti
345 1404 110 20 lausuttiin
471 1404 69 20 silloin
556 1410 22 14 se
593 1404 112 25 mielipide,
722 1406 52 18 että.
787 1404 45 20 aika
847 1404 57 19 vaati

82 1431 108 21 tavallista
212 1432 165 26 tehokkaampia
400 1432 73 20 toimia
495 1432 208 25 kansansivistyksen
720 1432 93 25 hyväksi.
845 1431 59 20 Muu-

82 1461 67 19 tamat
165 1459 125 22 kokouksen
303 1460 102 27 jäsenistä
420 1460 67 21 saivat
502 1460 130 21 toimekseen
648 1460 133 21 ehdotuksen
797 1460 107 20 valmista-

83 1489 74 21 misen.
188 1489 59 21 Siten
270 1491 99 25 syntynyt
391 1495 27 15 on
437 1488 113 27 professori
570 1488 108 22 Palm6nin
692 1488 23 27 ja
730 1489 73 21 minun
818 1490 88 26 pyyntö-

815 1532 22 18 70
