1078 1778
234 134 56 21 1010
524 133 93 20 Toukok.
636 134 21 19 11
676 140 19 18 p.

205 199 31 20 till
258 199 31 20 ett
312 197 99 22 medeltal
433 197 23 22 af
477 197 100 27 550,000.
607 197 151 22 Förhållandet
780 198 48 20 med
850 198 135 21 maltskatten
1002 201 23 18 är

203 227 47 20 icke
272 226 68 21 heller
363 225 124 27 detsamma,
509 233 45 14 som
577 226 48 21 med
641 225 98 22 afseende
755 226 12 20 ä
782 226 73 21 tullen.
885 226 29 26 Ty
928 226 32 21 till
975 227 50 20 tull-

205 255 121 26 stegringen
341 255 89 26 bidraga
445 255 77 26 mänga
537 255 67 21 andra
619 254 185 27 omständigheter.
828 255 45 20 Den
888 257 68 18 större
971 255 54 21 kon-

204 284 91 21 sumtion
312 283 23 21 af
355 283 27 26 öl,
398 289 44 15 som
458 283 96 26 uppstått
569 283 33 21 till
617 283 51 26 följd
684 282 23 21 af
722 283 25 21 de
762 283 82 26 hinder,
859 283 101 22 hvarmed
976 290 48 15 man

202 312 38 21 har
263 312 57 21 velat
343 312 104 27 begränsa
469 311 270 26 bränvinskonsumtionen,
761 314 24 19 är
804 313 64 20 ocksä
890 312 65 27 nägot
976 318 46 15 som

202 341 100 21 influerar
326 341 27 25 pä
375 340 145 22 slutsumman.
551 341 10 20 I
577 341 72 25 hvarje
670 340 36 21 fall
722 347 61 19 synes
799 341 35 21 det
850 341 54 21 dock
918 347 51 15 vara
984 341 39 21 all-

202 369 58 21 deles
281 368 34 22 för
336 369 63 26 tidigt
421 370 32 20 att
475 371 56 19 ännu
550 369 114 27 godkänna
686 368 245 27 bevillningsutskottets
946 369 76 21 beräk-

201 398 82 27 ningar,
300 398 64 21 innan
380 398 171 21 statsutskottets
566 398 80 26 förslag
661 398 38 20 har
715 398 75 26 ingätt.
815 398 41 27 Jag
870 400 33 19 tar
918 399 43 26 mig
976 398 46 21 der-

201 426 33 21 för
256 426 92 22 friheten
371 426 78 21 föreslä
472 427 31 20 att
526 426 85 21 ständet
629 426 33 21 för
678 425 63 28 öfrigt
756 426 123 27 godkänner
894 427 59 20 detta
968 433 54 15 sam-

201 454 254 28 manjemkningsförslag,
472 461 47 14 men
534 455 81 21 lemnar
630 454 142 27 beräkningen
788 454 23 21 af
825 455 36 21 det
876 455 84 26 belopp,
975 461 46 15 som

201 483 96 23 kommer
319 485 31 20 att
373 483 73 28 inflyta
469 489 73 22 genom
567 484 90 25 skatten,
674 483 103 27 oafgjord,
792 483 44 22 tills
852 484 170 21 statsutskottets

201 513 157 27 framställning
373 513 7 21 i
395 514 70 21 ämnet
481 513 65 28 ingär.

269 542 146 22 Kirkkoherra
430 542 125 22 Schroderus
571 543 73 26 luopui
659 544 172 21 sananvuorosta.

269 571 82 22 Pastori
367 571 102 27 Vegelius:
485 571 115 22 Minäkään
617 578 25 15 en
658 571 80 22 katsele
754 571 152 22 tulevaisuutta
921 571 44 22 niin
980 572 40 21 toi-

201 601 118 22 vottomilla
342 601 88 25 silmillä,
454 601 51 21 kuin
527 601 123 26 yliopettaja
672 600 106 27 Kihlman,
801 607 54 15 vaan
877 601 77 26 toivon,
976 602 45 20 että

201 630 169 26 mallasjuomain
394 629 99 22 menekki
515 631 19 20 ei
556 630 44 21 tule
623 630 43 20 niin
688 630 139 21 sanottavasti
848 635 134 20 nousemaan,
996 630 22 27 ja

201 659 54 21 siinä
270 659 94 20 toivossa
379 658 107 27 hyväksyn
502 658 143 22 valiokunnan
660 658 82 21 laskun.

268 687 132 26 Yliopettaja
423 687 98 21 Kihlman:
544 687 41 26 Jag
601 687 38 21 ber
654 689 32 19 att
701 687 85 21 ständet
801 686 115 27 ingalunda
930 686 34 21 mä
980 689 42 23 tro,

200 718 32 20 att
247 716 47 20 mitt
308 715 126 26 föregående
449 716 137 26 andragande
601 714 55 22 hade
671 715 32 21 sin
718 715 69 27 grund
802 716 7 20 i
822 714 63 27 något
896 715 125 23 rätthafvert

200 745 52 21 eller
276 744 151 25 klandersjuka
449 743 46 21 från
518 744 168 21 statsutskottets
709 744 52 21 sida.
797 743 161 22 Statsutskottet
981 744 41 22 har

201 775 69 20 ansett
285 773 31 26 sig.
332 773 52 20 böra
399 773 6 20 i
421 772 42 21 alla
479 772 61 21 stånd
556 772 165 26 tillkännagifva,
738 773 31 19 att
780 772 27 21 de
817 772 147 27 beräkningar,
974 778 46 17 som

200 802 6 21 i
229 801 161 22 statsutskottet
412 800 130 22 beträffande
565 800 136 22 maltskatten
726 800 68 21 blifvit
816 800 74 27 gjorda
913 801 38 21 och
974 807 46 16 som

200 830 61 26 skilja
276 830 32 26 sig
323 829 104 27 betydligt
441 829 46 21 frän
504 830 25 20 de
543 829 23 21 af
575 830 228 25 bevillningsutskottet
814 830 80 26 gjorda,
905 830 117 26 ingalunda.

199 861 37 19 äro
258 858 33 22 för
313 858 62 26 höga.
406 858 49 21 Man
479 858 71 21 kunde
573 858 128 26 visserligen,
725 858 69 21 säsom
809 857 109 27 professor
933 858 89 23 Donner

199 887 115 26 föreslagit,
331 887 69 20 lemna
415 886 75 27 frågan
506 886 95 27 oafejord
616 886 33 21 till
664 886 48 21 dess
728 887 158 21 statsutskottet
902 887 119 21 inkommer

199 917 47 20 med
269 916 37 20 sitt
328 914 221 27 budgetbetänkande,
573 921 48 15 men
644 917 50 18 utan
715 914 73 22 tvifvel
803 917 24 19 är
842 915 35 21 det
892 916 76 25 bättre,
985 921 34 18 om

199 945 69 21 denna
290 944 60 27 fråga
372 944 69 20 blifvit
457 943 23 22 af
493 944 114 20 ständerna
623 944 26 26 på
664 943 90 21 förhand
769 943 89 27 afgjord,
874 944 23 21 så
912 946 32 19 att
958 946 63 19 stats-

199 974 114 20 utskottets
329 972 140 26 beräkningar
484 972 33 21 för
533 972 35 22 det
578 972 126 21 kommande
715 972 100 21 trienniet
825 973 45 20 icke
881 972 35 22 mä
928 972 91 24 behöfva,

196 1002 84 25 ändras,
304 1002 27 20 då
353 1000 129 27 landtdagen
505 1001 67 20 håller
594 1001 28 26 på
642 1002 31 19 att
688 1000 89 22 afslutas
794 1001 37 21 och
847 1001 58 21 tiden
921 1001 97 26 vanligen

196 1030 46 21 icke
264 1030 80 21 tillåter
365 1031 68 19 större
453 1029 121 27 ändringar.
605 1028 73 22 Såsom
691 1029 37 26 jag
744 1030 54 20 hade
813 1032 51 18 äran
880 1032 83 24 nämna,
980 1032 40 18 äro.

195 1060 136 25 regeringens
346 1058 149 25 beräkningar,
511 1060 38 18 när
565 1058 35 20 det
615 1058 66 25 gäller
696 1058 117 21 inkomster
828 1058 7 20 i
851 1058 120 26 allmänhet,
987 1058 33 21 in-

196 1087 92 26 galunda
311 1086 33 21 för
367 1086 51 26 högt
440 1086 104 26 tilltagna,
567 1087 53 19 utan
635 1091 87 16 snarare
738 1088 98 19 tvärtom.
867 1086 99 21 Deremot
982 1085 37 22 be-

195 1115 78 21 räknas
288 1114 116 27 utgifterna
419 1113 33 21 för
467 1114 112 21 säkerhets
595 1114 55 21 skull
666 1114 98 27 vanligen
780 1114 64 26 högre
860 1117 26 18 än
900 1114 25 21 de
936 1115 7 20 i
954 1115 60 20 verk-

195 1144 93 26 ligheten
318 1143 71 21 blifva.
427 1142 34 21 Nu
488 1143 39 20 har
552 1143 124 26 regeringen
700 1143 101 21 beräknat
824 1143 137 22 maltskatten
984 1144 32 20 till

196 1173 92 23 650,000
312 1172 66 25 mark,
398 1177 46 15 men
460 1171 230 26 bevillningsutskottet
707 1171 105 21 beräknar
827 1172 69 21 denna
911 1173 58 20 skatt
984 1172 33 23 till

195 1201 92 25 550,000
302 1201 67 25 mark,
379 1203 50 18 utan
444 1201 32 19 att
486 1199 105 22 utskottet
606 1205 36 20 ger
657 1200 64 26 något
732 1200 91 26 verkligt
833 1200 46 21 skäl
890 1200 86 21 hvarför
984 1203 34 18 ut-

195 1230 79 21 skottet
286 1229 80 21 afviker
382 1229 7 20 i
404 1228 24 21 så
446 1228 41 26 hög
503 1228 51 27 grad
570 1228 54 21 ifrån
639 1228 135 27 regeringens
787 1229 121 26 beräkning,
919 1231 49 18 utan
980 1235 36 15 en-

196 1259 46 20 dast
250 1260 61 24 säger
319 1259 32 19 att
362 1257 102 21 utskottet
474 1262 61 15 anser
543 1257 35 20 det
586 1256 108 26 rådligast,
700 1258 32 19 att
740 1257 46 20 icke
794 1257 92 21 beräkna
896 1257 120 22 inkomsten

195 1287 71 26 högre.
287 1286 71 25 Enligt
374 1286 75 21 sådant
464 1285 173 26 beräkningssätt
652 1285 72 21 kunna
732 1285 72 22 hvilka
819 1285 70 21 siffror
904 1292 44 15 som
960 1285 55 22 helst

195 1314 124 27 uppställas.
336 1314 50 20 Men
403 1315 36 19 det
453 1316 24 17 är
487 1320 26 13 en
524 1313 87 20 allmänt
621 1315 90 24 antagen
721 1314 56 25 regel
788 1315 31 19 att
827 1314 34 19 vid
872 1314 142 25 beräkningar

194 1342 132 21 beträffande
341 1341 100 21 framtida
456 1341 115 20 inkomster
587 1341 39 20 och
636 1341 88 25 utgifter
742 1341 99 27 kalkylen
853 1341 117 27 uppställes
986 1342 28 25 så,

195 1372 31 20 att
241 1370 52 21 hvar
309 1370 38 21 och
363 1377 25 14 en
404 1370 40 21 kan
458 1369 133 21 kontrollera
601 1369 110 26 kalkylens
721 1369 101 27 riktighet
833 1370 50 21 eller
893 1370 120 27 oriktighet,

194 1400 32 21 En
242 1399 64 22 sådan
323 1399 92 21 kontroll
431 1399 42 20 kan
488 1397 84 22 utöfvas
586 1398 6 21 i
608 1397 99 22 afseende
723 1398 12 21 å
751 1398 167 22 statsutskottets
934 1399 78 26 kalkyl.

262 1428 72 26 Derpå
356 1428 38 20 ber
414 1428 36 26 jag
473 1426 64 22 också
555 1428 32 20 att
602 1426 21 21 få
638 1426 55 22 fästa
708 1427 94 21 ståndets
818 1428 193 26 uppmärksamhet,

194 1458 31 21 att
240 1458 54 20 huru
310 1459 26 19 än
351 1456 137 22 maltskatten
504 1455 110 27 beräknas,
631 1455 57 21 detta
704 1457 38 21 alls
758 1456 46 22 icke
819 1457 39 21 har
873 1457 63 27 något
952 1456 60 28 infly-

193 1486 64 22 tande
279 1486 27 27 pä
329 1486 99 26 superiet,
451 1484 46 22 icke
520 1485 36 21 det
579 1485 98 27 ringaste.
707 1486 82 26 Frågan
811 1492 33 16 om
860 1486 116 27 beräkning
990 1486 25 24 af
