1078 1775
219 129 55 22 1052
515 130 92 20 Toukok.
625 131 24 18 13
666 137 19 17 p.

189 194 122 27 förändring
333 194 46 22 icke
401 194 67 22 skulle
491 194 21 22 fä
535 196 93 26 vidtagas
650 194 44 22 förr
714 196 26 19 än
756 194 53 22 efter
825 194 27 21 10
867 194 29 21 är.
926 194 79 22 Risken

190 222 61 21 deraf
268 223 69 20 kunde
354 223 27 21 dä
395 223 99 26 möjligen
510 223 29 21 bli
556 224 46 23 den,
618 225 31 19 att
664 224 20 19 vi
699 223 54 26 finge
769 222 71 26 ätnöja
856 229 33 15 oss
905 223 48 21 med
969 224 37 20 nä-

189 257 38 19 gra
241 251 168 21 administrativa
425 251 147 27 förordningar
587 252 7 20 i
609 251 77 21 stället.

257 279 96 22 Provasti
368 280 104 20 Sandelin:
488 280 67 20 Afven
571 280 68 21 denna
654 280 101 26 paragraf
768 279 39 21 har
818 280 6 20 i
834 279 106 21 utskottet
951 280 56 21 varit

190 308 30 19 ett
242 307 134 27 stridsäpple,
399 309 70 20 säsom
492 308 36 21 det
549 315 34 14 ser
601 311 24 18 ut
641 310 31 19 att
686 307 66 22 blifva
767 307 61 22 äfven
844 308 56 21 inom
915 308 91 26 ständet,

191 336 39 20 och
252 338 32 19 att
306 337 137 26 stridsäpplet
462 337 55 20 varit
531 337 80 26 ganska
625 336 80 25 bittert,
721 334 67 23 finner
803 342 48 15 man
867 336 60 21 äfven
943 336 22 21 af
980 336 27 21 de

190 364 91 27 ordalag,
294 367 135 19 reservanten
443 365 113 27 begagnar.
587 365 63 21 Utom
666 365 36 21 det
717 365 55 20 hvad
788 366 85 25 prosten
888 365 119 21 Johansson

191 393 92 25 anförde,
299 393 34 22 vill
348 393 37 27 jag
400 396 111 19 omnämna
527 393 176 26 hufvudorsaken,
719 392 98 23 hvarföre
830 393 36 27 jag
881 394 7 20 i
904 394 104 21 utskottet

189 422 80 26 yrkade
292 423 27 26 pä
337 422 46 21 icke
398 428 25 15 en
439 422 116 27 obestämd,
571 424 51 20 utan
637 423 27 26 pä
680 428 25 15 en
720 422 42 21 viss
778 421 95 22 bestämd
888 423 39 20 tid.
957 422 50 21 Man

191 453 69 23 syntes
282 451 105 26 nemligen
409 450 63 21 hafva
494 458 27 14 en
543 451 94 22 särdeles
660 451 111 21 ömmande
787 451 128 21 omvärdnad
931 457 34 15 om
981 451 26 21 de

190 479 69 26 gamla
276 480 164 21 bränneriernas
454 479 140 22 fortbeständ.
624 479 49 22 Man
688 482 71 23 syntes
774 479 72 21 frukta
861 481 32 20 att
907 479 101 22 Finlands

190 507 44 22 folk
257 508 80 27 engäng
359 508 73 21 kunda
454 509 84 20 komma
559 509 33 21 till
615 509 39 20 den
674 508 147 27 öfvertygelse,
837 509 32 19 att
884 508 122 21 brännerier

190 536 46 21 icke
255 543 58 15 mera
328 537 100 21 behöfvas
444 537 39 20 och
498 539 32 19 att
545 538 7 21 i
567 544 25 14 en
607 537 86 21 framtid
708 544 27 13 en
750 536 118 26 fullkomlig
883 536 124 27 förbudslag

190 565 69 21 kunde
275 565 88 22 införas.
391 565 41 21 Till
450 565 173 22 förekommande
639 565 61 21 häraf
713 565 49 21 ville
778 571 53 18 man,
847 565 23 21 sä
885 568 71 23 syntes
972 565 35 21 det

191 594 47 26 mig,
262 594 27 21 ha
304 594 58 21 tiden
378 594 130 26 obegränsad
524 595 40 21 och
578 594 88 22 sälunda
681 594 125 21 säkerställa
821 594 25 21 de
860 594 69 26 gamla
947 594 61 21 brän-

190 623 103 21 nerierna.
312 623 75 21 Denna
402 623 55 26 äsigt
472 623 77 26 gillade
562 623 36 27 jag
613 623 45 21 icke
674 623 40 21 och
729 622 49 22 ville
793 623 46 21 icke
854 624 32 20 att
901 623 27 20 de
938 622 70 27 gamla

191 652 151 27 brännerierna
357 651 69 21 skulle
441 652 85 26 gvarstä
541 652 69 21 såsom
626 658 25 15 en
667 652 46 26 evig
728 651 141 27 förbannelse,
879 652 87 26 omöjlig
976 654 32 18 att

190 680 108 22 fördrifva.
329 681 30 21 Ar
379 681 58 21 tiden
455 680 100 27 bestämd,
572 681 22 21 sä
609 681 71 20 kunna
695 680 165 26 vederbörande,
876 680 69 22 såsom
961 686 47 21 pro-

191 711 44 19 sten
258 709 120 22 Johansson
401 710 104 24 framhöll,
528 709 62 22 ställa
613 710 45 20 sina
674 710 121 20 brännerier
811 710 23 20 sä
849 711 30 19 att
895 709 25 21 de
936 710 71 20 kunna

191 738 104 21 nedrifvas
311 738 27 22 dä
353 744 27 16 en
396 738 65 22 sådan
476 738 34 26 lag
525 739 95 21 kommer
635 738 33 21 till
683 738 62 21 stånd
758 744 45 15 som
814 738 83 21 kräiver
908 738 42 21 det.
966 738 42 26 Jag

191 768 63 25 yrkar
276 767 55 21 altså
352 767 34 27 pä,
409 768 32 20 att
463 767 57 21 tiden
535 768 126 20 bestämmes
677 768 39 20 och
729 767 36 27 jag
780 766 80 28 hoppas
876 769 38 23 att,
930 767 27 21 dä
973 768 35 20 det

191 796 94 20 kommer
299 796 33 21 till
353 796 136 26 omröstning,
506 796 26 20 de
547 796 21 21 fä
583 802 45 15 som
644 796 54 20 talat
712 796 102 25 häremot,
830 796 84 20 komma
929 798 32 19 att
976 798 31 19 ut-

191 826 53 24 göra
260 825 41 20 den
319 824 177 27 ,aktningsvärda
511 825 155 21 minoriteten*.

259 853 96 21 Provasti
374 853 62 21 Valle:
460 852 94 22 Minäkin
570 853 60 21 olisin
646 854 142 20 kannattanut
800 852 23 27 ja
837 853 107 21 kannatan
959 855 50 24 pää-

192 882 79 21 asiassa
293 882 143 21 valiokunnan
451 882 118 26 ehdotusta,
586 883 68 20 mutta
670 882 62 20 olisin
746 883 79 19 suonut
840 883 43 19 että
899 884 37 18 tuo
953 882 55 24 ehto,

193 910 43 26 »jos
252 911 19 20 ei
287 910 149 21 Keisarillinen
446 909 96 22 Senaatti
548 911 23 26 ja
580 910 146 25 Valtiosäädyt
737 910 40 20 sitä
788 916 67 15 ennen
863 910 64 21 toisin
935 911 73 25 päätä*

192 939 46 21 olisi
255 939 78 26 jätetty
351 939 46 26 pois
409 939 23 26 ja
447 944 53 15 vaan
516 939 48 20 olisi
579 939 52 20 ollut
644 938 104 27 jyrkkään
763 939 95 20 lausuttu
874 938 69 26 ,1902
959 945 50 14 vuo-

192 967 40 21 den
247 967 116 27 loppuun*,
379 967 47 21 sillä
441 968 90 21 minusta
547 973 27 15 on
589 969 36 19 tuo
641 967 49 20 ehto
700 967 107 21 tavallaan
818 967 121 21 muodoton.
960 967 49 20 Voi-

191 997 77 20 vathan
294 995 148 22 Keisarillinen
458 995 94 22 Senaatti
565 996 23 27 ja
603 995 147 26 Valtiosäädyt
770 996 158 21 ennemminkin
943 996 65 21 saada

191 1024 171 21 lakimuutoksen
385 1025 96 20 toimeen.
516 1024 53 22 Mitä
592 1024 93 27 provasti
708 1023 162 22 Fredrikssonin
893 1025 116 20 väitteesen

191 1053 62 26 tulee,
269 1055 45 19 että
329 1053 47 21 olisi
391 1053 113 26 pelättävä,
519 1055 44 19 että
578 1053 92 22 saadaan
681 1052 151 21 hallinnollista
843 1053 52 21 tietä
905 1053 104 21 ennenkin

192 1084 77 22 asetus,
282 1083 51 26 jopa
349 1084 44 19 että
409 1082 46 21 olisi
470 1082 116 21 mahdoton
601 1088 67 15 ennen
681 1083 45 19 tätä
742 1081 62 21 aikaa
819 1082 65 20 saada
894 1083 114 24 muutosta,

192 1111 43 21 niin
252 1111 41 20 hän
309 1111 68 20 lienee
391 1110 93 27 jättänyt
499 1111 116 20 lukematta
630 1116 41 15 nuo
688 1112 60 19 sanat
764 1110 42 27 ,jos
823 1110 19 21 ei
857 1110 150 21 Keisarillinen

193 1139 94 21 Senaatti
300 1139 23 26 ja
342 1139 147 25 Valtiosäädyt
504 1139 41 20 sitä
560 1145 65 15 ennen
643 1139 61 20 toisin
721 1137 80 28 päätä”,
810 1138 48 21 sillä
865 1145 26 14 ne
902 1139 108 25 puolusta-

191 1169 36 19 vat
249 1167 70 21 häntä.
351 1167 70 21 Mutta
444 1168 56 20 minä
516 1167 61 21 olisin
592 1167 96 21 toivonut
703 1167 65 21 saada
783 1167 74 21 senkin
873 1167 68 21 ehdon
957 1168 53 26 pois.

192 1196 80 21 Luulen
288 1196 91 26 kylläksi
395 1196 26 21 10
436 1196 83 20 vuoden
535 1196 47 25 ajan
599 1196 73 20 olevan
688 1197 94 25 tarpeen,
798 1195 131 21 saadakseen
945 1196 65 20 koke-

192 1226 69 20 musta
275 1226 66 20 miten
356 1225 19 21 ei
391 1224 122 22 ainoastaan
529 1226 71 20 asetus
615 1224 32 20 ole
663 1224 73 20 voinut
751 1224 109 21 vaikuttaa
874 1230 54 15 vaan
943 1226 68 24 myös-

192 1253 37 21 kin
247 1254 66 20 miten
327 1253 54 21 asiat
397 1255 48 19 ovat
460 1252 138 27 kehittyneet,
612 1252 56 26 jotta
683 1252 79 21 todella
778 1253 56 25 voipi
849 1252 67 21 toisen
933 1252 77 21 kerran

193 1282 98 21 askeleen
314 1282 110 26 eteenpäin
448 1282 64 24 ottaa,
528 1283 68 19 mutta
611 1280 67 22 koska
694 1281 80 25 epäilen
790 1281 65 21 tokko
871 1281 139 21 ehdotukseni

192 1310 76 20 näiden
290 1310 86 26 sanojen
397 1310 186 26 poisjättämisestä
598 1315 36 15 saa
649 1310 79 19 mitään
744 1309 135 25 kannatusta,
895 1310 44 20 niin
955 1310 56 20 minä

193 1338 107 20 kannatan
316 1338 53 20 siinä
385 1337 139 27 tapauksessa
539 1338 141 20 valiokunnan
696 1337 120 21 ehdotusta.

259 1366 84 22 Pastori
366 1365 118 22 Vesterlund
503 1365 95 21 kannatti
622 1366 80 26 pastori
717 1365 142 27 Vegeliuksen
882 1364 128 27 ajanmäärä-

193 1396 64 26 yksen
274 1395 88 21 suhteen
378 1395 98 21 tekemää
490 1394 118 22 ehdotusta.

262 1454 60 21 1:nen
344 1453 172 27 äänestysesitys:
535 1453 51 26 joka
601 1452 186 27 vastaesitykseksi
803 1453 142 21 valiokunnan
960 1454 50 20 mie-

193 1483 86 21 tinnölle
295 1483 28 21 74
338 1483 33 25 &:n
388 1483 88 20 suhteen
492 1482 106 27 hyväksyy
612 1483 45 20 tätä
672 1481 90 28 pykälää
778 1483 87 20 vastaan
876 1482 78 27 tehdyn
966 1489 45 14 vas-
