1075 1789
406 137 92 20 Toukok.
514 137 12 20 6
541 143 19 20 p.
823 137 41 22 739

78 207 53 15 nans
154 201 81 22 krafter
249 202 90 27 tidigare
354 202 72 27 brytas
442 205 25 19 än
484 209 99 15 mannens
599 203 38 21 och
651 203 42 21 hon
709 209 21 15 se
746 203 32 27 sig
793 203 55 21 stäld
863 203 34 21 för

79 230 35 21 det
130 229 66 22 hårda
219 231 49 20 ödet
283 232 32 20 att
330 231 54 21 efter
398 233 32 19 ett
445 231 154 27 ansträngande
614 231 73 22 arbete
702 232 47 21 icke
764 232 62 21 hafva
842 231 53 22 kun-

79 261 37 18 nat
130 260 53 25 göra
204 259 66 26 några
292 259 138 27 besparingar
453 259 33 21 för
505 259 58 22 äldre
579 260 70 26 dagar.
680 259 35 22 Map
745 260 39 21 har
798 260 98 21 anmärkt

79 289 31 19 att
125 287 176 22 folkskolläraren
316 288 67 21 borde
398 288 156 27 tillgodoräkna
569 289 31 26 sig
611 290 66 19 större
687 288 154 21 löheförmäner
849 289 47 20 der-

78 315 40 26 för,
134 317 31 20 att
179 316 42 21 han
243 316 130 21 åtminstone
388 317 7 20 i
410 317 72 26 regeln
497 319 24 19 är
534 316 141 27 familjefader
690 317 39 21 och
744 317 68 21 måste
827 317 69 21 såsom

80 344 66 21 sådan
161 344 65 22 tänka
241 345 27 27 på
283 345 32 22 sin
331 345 77 27 familjs
421 345 117 27 uppehälle.
568 345 42 21 För
625 347 31 20 att
666 345 45 22 icke
722 345 82 27 påpeka
814 347 30 19 ett
854 345 42 21 för-

78 373 106 26 hållande,
207 373 80 22 hvilket
309 374 47 21 icke
379 374 23 21 så
424 374 66 21 sällan
513 373 101 28 inträffar,
630 376 31 19 att
675 374 220 26 folkskollärarinnan,

80 403 58 20 utom
162 402 35 21 det
219 403 32 20 att
265 402 42 22 hon
323 403 39 21 har
378 405 31 19 att
424 403 72 21 betala
510 403 91 26 skulder,
617 403 72 21 hvilka
703 403 43 21 hon
760 403 56 27 gjort
830 403 66 20 under

80 431 31 22 sin
127 431 107 26 studietid,
257 431 62 22 äfven
334 431 40 22 har
388 433 31 20 att
434 431 56 28 sörja
505 431 32 22 för
552 432 75 27 fattiga
642 432 115 27 slägtingar
772 432 40 20 och
826 431 70 22 anför-

79 459 95 27 vandter,
191 472 27 3 —
233 460 127 22 åtminstone
382 460 81 22 känner
482 461 36 27 jag
537 461 75 27 många
627 460 84 27 sådana,
731 473 21 3 —
770 467 50 20 eger
834 459 61 23 äfven

80 489 36 21 det
138 488 133 23 förhållande
294 489 171 27 ovedersägligen
487 496 52 20 rum,
555 491 37 25 att,
608 490 75 21 medan
698 489 176 22 folkskolläraren
890 490 6 20 i

80 518 76 27 många
176 518 37 21 fall
229 518 71 27 lyckas
315 524 76 22 genom
406 521 31 19 att
452 518 129 28 tillhandagå
595 518 127 22 kommunen
738 519 7 21 i
760 520 30 20 ett
806 518 39 22 och
860 524 35 15 an-

81 548 37 20 nat
133 546 98 22 afseende
247 547 101 22 förskaffa
363 548 32 26 sig
409 548 78 26 nödiga
502 548 148 26 biförtjenster,
666 547 60 22 faller
742 548 31 26 sig
784 548 58 20 detta
850 547 45 21 svå-

81 582 46 15 rare
143 575 33 22 för
198 576 125 22 lärarinnan.
353 577 115 21 Dessutom
490 576 42 22 kan
544 576 37 28 jag
595 576 132 27 sannerligen
742 577 46 21 icke
811 576 86 26 begripa

79 607 33 19 att
126 604 177 23 folkskolläraren
321 606 49 21 med
386 606 31 20 sin
432 605 65 27 familj
513 605 67 22 skulle
596 605 31 22 slå
641 606 32 26 sig
688 607 68 20 sämre
770 607 24 19 ut
808 605 47 21 med
871 611 25 15 en

79 634 34 21 lön
129 634 27 26 på
171 634 42 21 800
234 634 65 26 mark,
319 634 45 22 ifall
379 634 188 22 folkskollärinnan
583 634 37 21 har
635 640 80 16 samma
729 634 42 21 lön.
802 634 48 20 Med
866 634 30 21 af-

79 663 76 21 seende
172 662 11 22 å
199 662 61 22 dessa
274 663 146 21 förhållanden
436 663 95 21 anhåller
542 663 37 27 jag
594 662 33 22 för
641 664 42 20 min
699 663 34 21 del
748 664 30 20 att
792 663 22 21 få
823 663 73 21 förena

79 692 42 26 mig
136 697 34 15 om
185 692 158 21 reservationen
362 692 38 20 och
420 692 48 26 såge
484 694 72 24 gärna,
572 693 31 20 att
619 692 35 21 det
669 692 129 26 högvördiga
813 691 83 21 ståndet

78 720 62 21 äfven
155 720 72 26 gjorde
243 720 122 22 detsamma.
718 741 3 3 x

146 748 71 28 Piispa
239 748 108 28 Alopaeus:
378 748 30 22 Pä
427 749 26 21 de
468 749 23 21 af
504 749 69 21 lektor
594 748 99 28 Hedberg
711 748 125 22 framstälda
850 748 44 21 skä-

78 777 34 21 len
128 778 38 20 ber
179 778 37 26 jag
231 779 32 20 att
277 778 22 21 fä
313 778 75 21 förena
409 779 42 25 mig
473 778 49 21 med
536 778 83 24 honom,
635 778 105 26 nämligen
755 780 32 19 att
802 783 25 15 en
842 776 53 21 folk-

79 806 160 27 skollärarinna,
256 812 33 16 om
305 807 41 21 hon
362 809 23 19 är
400 806 54 22 enka
467 807 39 21 och
516 807 38 21 har
564 806 59 26 barn,
633 806 68 22 skulle
711 807 67 21 borda
788 806 21 21 fä
817 812 79 15 samma

78 836 35 20 lön
130 842 45 14 som
189 834 183 23 folkskolläraren.
402 836 48 20 Hon
466 838 23 19 är
504 836 6 21 i
526 836 35 21 det
571 835 60 22 fallet
641 835 54 22 stäld
705 835 87 21 alldeles
804 836 6 20 i
818 836 78 20 samma

79 864 96 27 kategori
190 870 45 16 som
251 864 175 22 folkskolläraren
442 865 39 21 och
496 865 39 21 bör
550 864 70 22 derför
635 864 22 21 få
671 870 26 15 en
711 864 42 25 lön,
765 870 44 16 som
820 866 24 18 är
853 863 43 21 lika

78 893 54 21 hans
148 892 39 22 och
202 893 115 27 tillräcklig
331 895 32 19 att
378 893 125 27 underhälla
518 893 67 21 henne
601 893 39 21 och
655 892 79 22 hennes
749 893 72 26 familj.

146 921 96 22 Provasti
259 922 129 21 Fredrikson:
418 922 66 21 Äfven
497 922 37 27 jag
548 922 37 21 ber
601 924 32 19 att
647 922 21 21 fä
685 922 127 21 understöda
826 920 69 22 lektor

79 950 110 27 Hedbergs
205 950 79 27 förslag
300 952 32 20 att
347 958 26 14 en
388 950 198 22 folkskollärarinna
602 950 27 22 dä
643 950 42 21 hon
701 953 24 18 är
740 951 55 20 enka
811 950 39 20 och
858 950 37 20 har

78 979 53 21 barn
146 979 39 21 bör
199 979 22 21 fä
243 985 80 15 samma
345 979 42 27 lön,
403 986 45 14 som
464 986 26 14 en
504 979 39 27 gift
557 979 168 21 folkskollärare.
755 979 61 21 Hvad
832 978 64 21 sedan

79 1008 65 26 angär
165 1008 104 26 yrkandet
291 1008 28 26 pä
339 1008 44 21 lika
398 1008 36 21 lön
457 1007 33 21 för
508 1008 199 21 folkskollärarinna
723 1008 38 20 och
776 1008 76 24 lärare,
867 1006 28 26 sä,

80 1036 66 21 ehuru
166 1036 36 27 jag
224 1036 46 21 icke
294 1036 122 27 obetingadt
434 1036 68 27 hyllar
522 1036 40 22 den
578 1038 77 22 satsen,
670 1038 31 19 att
716 1036 44 21 lika
774 1036 72 20 arbete
861 1034 36 22 be-

80 1066 69 26 tingar
168 1065 43 21 lika
226 1065 41 26 lön,
279 1066 72 20 ställer
364 1065 36 27 jag
414 1066 42 26 mig
472 1065 54 21 dock
534 1065 27 27 pä
572 1071 79 15 samma
661 1064 131 27 ständpunkt
802 1070 44 15 som
862 1070 35 20 pe-

79 1094 114 21 titionären
216 1094 38 21 och
279 1094 40 22 den
337 1094 145 22 betänkandet
496 1094 110 27 vidfogade
621 1094 165 26 reservationen,
802 1100 46 14 men
864 1092 32 21 till

80 1130 25 14 en
121 1123 34 21 del
170 1122 23 22 af
207 1123 65 21 andra
292 1123 53 21 skäl.
375 1123 42 21 Det
432 1122 33 22 för
480 1124 42 26 mig
536 1124 54 20 mest
605 1122 113 27 tvingande
741 1122 69 22 skälet
825 1121 71 21 härtill

80 1154 23 18 är
126 1152 80 26 hänsyn
230 1152 32 21 till
278 1151 130 22 folkskolans
426 1152 68 26 bästa,
510 1152 88 21 emedan
611 1151 36 27 jag
662 1152 53 20 trott
730 1152 42 26 mig
787 1150 56 21 finna
859 1150 36 20 hu-

80 1186 70 16 rusom
174 1180 127 22 ätminstone
323 1180 27 27 pä
370 1180 144 31 landsbygden
530 1180 101 27 gvinnans
647 1180 71 21 arbete
734 1180 32 20 för
781 1180 115 25 allmogens

80 1209 63 21 barns
166 1208 124 28 uppfostran
313 1210 39 20 och
372 1209 150 27 undervisning
540 1209 31 21 uti
585 1208 121 22 folkskolan
721 1208 91 27 uppnätt
826 1208 70 20 bättre

80 1238 90 21 resultat
185 1240 26 19 än
227 1238 40 21 den
282 1238 92 26 manliga
389 1238 101 26 lärarens,
505 1238 64 21 redan
585 1236 77 27 derför,
676 1238 31 20 att
715 1237 42 21 hon
766 1238 7 20 i
783 1236 114 22 allmänhet

80 1266 70 26 utgätt
172 1266 47 21 frän
234 1268 30 19 ett
279 1266 82 21 bildadt
376 1266 54 21 hem.
460 1266 93 21 Härmed
567 1266 36 21 vill
616 1266 36 26 jag
667 1265 33 21 för
715 1266 61 26 ingen
792 1265 34 21 del
841 1264 55 21 frän-

81 1295 69 20 känna
165 1295 83 21 läraren
264 1294 40 22 den
319 1294 99 27 förtjenst
433 1294 61 21 äfven
509 1295 76 21 honom
596 1294 134 21 tillkommer.
760 1294 49 20 Men
820 1293 26 21 dä
854 1293 42 20 min

81 1323 55 21 fasta
160 1323 138 27 öfvertygelse
320 1325 23 19 är
359 1325 31 19 att
405 1323 91 26 gvinnan
519 1324 68 20 säsom
603 1322 171 27 uppfostrarinna
789 1322 38 20 och
843 1321 54 21 lära-

81 1352 61 21 rinna
156 1352 33 21 för
212 1352 77 21 folkets
311 1352 54 21 barn
380 1354 38 24 gör
433 1353 30 19 ett
477 1352 70 21 bättre
562 1351 73 21 arbete
651 1353 26 19 än
692 1357 98 19 mannen,
806 1351 41 20 kan
860 1350 36 26 jag

81 1381 46 21 icke
142 1380 60 26 fatta,
225 1380 98 21 hvarföre
345 1380 67 22 under
434 1380 76 21 sädant
532 1380 132 21 förhällande
679 1380 68 20 henne
763 1379 54 21 skall
832 1378 64 22 tiller-

81 1409 80 21 kännas
176 1409 83 21 mindre
274 1410 35 20 lön
324 1411 26 18 än
366 1410 90 19 läraren.
485 1409 31 20 Pä
530 1409 108 25 grundade
654 1408 45 21 skäl
714 1408 42 20 kan
770 1408 34 20 väl
820 1408 17 24 ej
853 1406 43 20 hel-

81 1437 31 21 ler
126 1436 71 28 påstås
213 1439 31 19 att
258 1436 147 22 lärarinnorna
420 1437 7 20 i
441 1437 50 21 våra
506 1436 123 25 folkskolor,
645 1436 68 21 såsom
729 1436 6 20 i
752 1436 24 20 de
785 1435 61 21 flesta
860 1434 37 21 fall

82 1465 105 27 utgängna
203 1465 46 21 frän
265 1465 84 21 bildade
365 1465 54 27 hem,
437 1465 71 27 (nägot
523 1469 44 17 som
582 1464 45 22 icke
643 1466 23 19 är
677 1464 59 21 fallet
747 1464 47 20 med
806 1464 25 20 de
840 1469 57 14 man-

81 1494 43 27 liga
138 1494 107 28 lärarena)
261 1494 67 22 skulle
344 1494 28 22 ha
387 1494 95 27 billigare
498 1494 146 22 lefnadsvanor
660 1493 39 21 och
712 1492 70 22 behof.
812 1492 42 21 Det
864 1492 33 21 mä
