1089 1775
412 117 92 21 Toukok.
521 119 25 19 23
562 125 21 19 p.
826 118 52 22 1321

88 188 38 15 var
149 181 165 28 uppenbarligen
336 183 47 21 icke
399 185 31 19 att
444 183 71 21 aflöna
529 183 160 27 presterskapet
704 184 28 26 pä
747 184 40 20 den
803 190 39 15 ena
858 183 50 21 eller

88 210 67 22 andra
170 212 61 20 orten
246 210 58 22 inom
318 211 79 26 landet,
412 214 52 19 utan
479 212 74 21 endast
569 212 56 21 inom
641 218 52 20 egen
709 212 128 26 församling.
869 211 39 21 Om

87 246 29 14 nu
139 239 121 21 ändamålet
282 239 48 21 med
353 240 104 22 stiftelsen
480 240 46 21 icke
541 246 66 20 gerna
621 240 42 22 kan
679 246 51 16 vara
744 240 73 21 tvifvel
832 240 77 21 under-

87 268 89 20 kastadt
190 267 40 21 och
246 273 33 15 om
295 270 57 19 ännu
367 268 70 21 dertill
453 268 26 21 de
493 268 72 27 behof,
580 268 33 22 till
627 268 91 22 fromma
732 268 34 22 för
781 268 71 22 hvilka
862 268 46 22 stif-

87 296 67 21 telsen
169 295 73 27 gjorts,
258 295 132 22 fortfarande
405 296 92 27 gvarstä,
513 303 62 16 anser
588 297 37 26 jag
640 297 35 21 det
685 303 51 15 vara
745 297 109 21 stridande
864 299 45 19 mot

87 324 29 21 all
131 326 43 19 rätt
196 326 32 19 att
243 325 97 20 använda
354 325 70 22 denna
440 325 55 21 fasta
510 325 102 27 egendom
628 325 33 21 för
676 325 64 27 nägot
755 327 64 20 annat
834 328 26 18 än
875 324 33 22 för

87 353 36 21 det
145 353 105 25 ändamål,
272 353 32 21 till
326 353 80 22 hvilket
425 353 36 22 det
476 353 39 22 har
530 353 68 22 blifvit
613 353 72 28 gifvet,
700 354 53 21 eller
769 353 27 28 pä
811 354 32 21 sin
859 353 50 27 höjd

86 381 33 21 till
134 382 64 26 något
214 382 86 21 dermed
315 381 87 22 alldeles
419 382 102 21 likartadt
536 383 104 21 ändamål.
666 382 39 21 Om
721 382 84 22 således
820 384 30 19 ett
865 382 44 27 bol,

87 416 45 15 som
148 410 40 21 har
203 409 70 22 blifvit
287 410 67 27 gifvet
369 410 69 22 säsom
455 410 179 28 aflöningsbidrag
649 411 22 21 ät
686 413 73 24 pastor
775 411 52 21 eller
836 411 74 26 kapel-

87 439 35 21 lan
137 439 7 21 i
159 445 26 14 en
200 439 130 26 församling,
346 439 67 22 under
428 439 93 22 tidernas
537 440 49 26 lopp
601 440 60 21 vuxit
675 440 24 21 sä
713 440 7 20 i
735 440 70 25 värde,
821 441 31 20 att
867 439 43 22 till-

86 467 109 27 gängarna
213 467 49 21 vida
278 467 136 27 öfverskjuta,
429 468 55 21 hvad
499 474 45 15 som
559 468 108 21 erfordras
682 468 33 21 för
731 467 91 28 besagde
841 470 69 25 prests

88 495 99 27 aflöning,
202 495 70 22 finner
284 497 37 26 jag
336 497 54 20 intet
405 498 65 20 annat
486 497 188 26 användningssätt
689 497 33 20 för
737 497 141 26 tillgångarna
889 497 23 20 af

87 524 58 21 bolet
161 530 51 15 vara
226 525 100 26 förenligt
342 525 48 21 med
404 525 116 22 stiftelsens
536 525 103 26 ändamål,
656 527 26 19 än
698 527 31 19 att
745 525 59 22 anslå
819 525 48 21 dem
877 525 33 21 till

87 552 112 22 aflönande
215 553 23 21 af
252 553 68 26 någon
336 555 58 25 prest
409 553 33 22 till
462 554 1 21 i
479 560 80 15 samma
574 554 130 26 församling.
728 553 30 28 Ty
774 554 35 21 det
819 556 24 19 är
853 553 58 22 klart

88 583 33 20 att
143 581 45 25 den,
205 588 44 15 som
265 582 39 21 har
319 582 61 27 gifvit
395 583 63 25 bolet,
476 582 38 21 har
528 582 56 28 gjort
607 582 36 22 det
657 582 33 22 för
705 583 32 21 att
750 583 46 26 just
811 583 40 21 den
866 582 44 21 för-

87 610 116 27 samlingen
218 610 60 26 skall,
294 616 45 16 som
355 611 32 26 sig
401 611 46 27 bör,
463 611 66 21 blifva
543 611 139 27 presterligen
697 611 100 27 betjenad
821 611 39 21 och
876 611 35 21 do-

87 641 62 19 nator
171 640 42 20 kan
236 639 69 27 aldrig
327 639 63 21 hafva
414 642 58 19 emot
490 642 32 19 att
538 640 59 22 detta
612 640 98 21 ändamäl
725 640 7 21 i
747 642 27 19 än
790 640 64 26 högre
870 640 40 21 och

87 667 161 27 fullständigare
262 668 54 26 grad
331 669 73 20 vinnes
420 674 75 21 genom
511 668 142 22 anställandet
669 668 23 21 af
705 668 57 22 flere.

156 696 89 22 Prosten
268 696 61 22 Valle
353 696 43 26 har,
420 696 69 22 säsom
508 697 37 27 jag
559 699 54 25 sagt,
629 696 50 22 skilt
701 697 77 21 mellan
794 698 60 20 ränta
870 697 39 20 och

88 725 89 27 kapital.
208 725 10 20 I
233 725 53 21 hans
308 725 138 27 formulering
461 726 66 26 ligger
542 725 36 21 det
593 725 118 21 företrädet
725 724 89 22 framför
828 724 82 22 utskot-

91 756 40 18 tets
155 754 39 20 och
217 754 177 26 propositionens,
417 755 32 19 att
465 754 41 20 han
522 760 62 15 anser
599 755 76 20 räntan
691 754 6 20 i
712 753 198 27 byggnadskassans

89 782 117 21 öfverskott
228 782 53 21 böra
304 782 106 26 begagnas
433 784 94 19 närmast
549 782 33 21 till
604 782 154 27 förbättringar
777 782 14 26 &
805 782 105 25 bostället,

87 811 70 20 såsom
179 810 131 27 nyödlingar,
335 810 201 27 torpanläggningar
556 816 27 16 m.
599 817 35 19 m.,
650 810 118 26 hvaröfver,
784 810 68 22 såsom
868 810 42 21 han

87 842 68 23 säger,
178 841 131 25 guvernören
332 845 50 20 eger
404 840 123 21 bestämma.
558 839 59 21 Hans
639 839 79 27 förslag
733 845 51 20 eger
803 838 107 22 företräde

87 867 87 21 framför
197 868 238 21 utskottsbetänkandet
457 868 32 20 för
512 868 35 20 det
570 867 68 26 tredje
659 867 64 22 också
745 867 45 21 deri
805 869 31 18 att
852 868 58 20 det
896 863 18 34 i

87 895 68 22 likhet
170 896 47 21 med
233 895 78 27 nädiga
325 896 160 27 propositionen
500 897 134 24 bestämmer,
650 898 31 19 att
696 896 103 27 kapitalet
809 895 39 21 bör
858 901 51 16 vara

89 924 64 21 ökadt
175 924 48 21 med
246 923 28 22 50
294 924 28 27 9/,
342 925 22 20 af
380 925 35 20 det
430 925 163 26 ursprungligen
609 924 92 21 fixerade
717 924 106 27 beloppet,
838 924 72 21 förrän

88 953 103 27 kapitalet
205 953 69 22 såsom
290 953 77 22 sådant
382 953 32 22 als
428 953 33 22 får
476 953 115 27 tilleripas;
608 952 27 22 dä
651 953 58 22 detta
723 953 82 26 kapital
820 953 38 21 har
874 953 37 20 sti-

87 982 30 27 git
136 982 33 21 till
190 981 86 28 angifna
292 982 84 27 belopp,
392 988 63 15 anser
470 983 65 20 ocksä
548 982 37 27 jag
601 981 35 22 det
651 984 50 19 utan
717 981 54 22 väda
787 982 72 21 kunna
874 987 37 15 an-

87 1011 79 21 vändas
189 1010 62 21 äfven
266 1011 33 21 till
314 1011 68 21 andra
397 1010 96 22 ändamål
510 1013 27 19 än
553 1010 117 26 boställets,
686 1010 99 21 hvarföre
797 1011 37 26 jag
849 1009 61 22 äfven

87 1040 123 20 instämmer
225 1040 7 20 i
248 1039 52 22 hans
323 1039 79 26 förslag
422 1041 31 20 att
474 1039 62 22 dessa
550 1039 75 26 medel,
643 1039 36 21 der
695 1040 26 20 de
737 1039 52 27 utgä
804 1039 32 20 för
852 1039 58 20 detta

87 1068 104 24 ändamål,
214 1067 34 22 mä
270 1069 108 20 användas
389 1056 69 33 också
472 1068 33 21 för
521 1052 262 47 prestaflöningsändamäl
799 1067 7 21 i
820 1068 90 20 försam-

86 1097 76 26 lingen,
188 1096 101 22 hvarmed
312 1097 191 26 förslagsställaren
526 1097 166 27 uppenbarligen
715 1103 80 20 menar,
815 1099 31 18 att
862 1102 49 15 man

87 1125 48 21 med
158 1125 61 22 dessa
241 1125 68 21 medel
331 1125 43 22 kan
396 1125 70 22 aflöna
489 1131 25 15 en
536 1127 59 25 prest
614 1125 33 22 till
668 1125 1 20 i
685 1131 80 15 samma
779 1124 131 26 församling.

87 1153 54 22 Hela
164 1154 59 21 detta
245 1160 140 21 resonemang
408 1157 24 18 är
453 1153 66 28 bygdt
541 1154 27 27 pä
589 1153 40 22 den
649 1153 160 26 förutsättning,
824 1155 31 19 att
870 1153 41 21 den

87 1182 104 22 svärlösta
213 1183 81 26 frägan,
317 1182 61 22 hvem
402 1182 86 22 tillhöra
509 1183 165 26 prestgärdarna
689 1183 7 21 i
711 1182 78 26 landet,
811 1183 99 20 besvaras

87 1212 48 20 med
159 1214 30 18 att
210 1212 26 20 de
251 1212 86 21 tillhöra
353 1212 36 20 det
404 1212 109 20 lutherska
528 1211 159 27 presterskapet
701 1212 7 20 i
723 1211 40 21 den
781 1210 129 26 församling,

87 1240 85 22 hvarest
188 1240 26 21 de
230 1242 37 19 äro
282 1240 59 26 gifna
356 1240 33 21 till
404 1240 111 21 lutherska
530 1240 168 27 presterskapets
709 1238 100 28 aflöning.
833 1239 79 21 Ställer

87 1275 48 15 man
159 1269 31 26 sig
213 1269 27 26 pä
262 1275 26 15 en
311 1271 65 19 annat
398 1268 139 27 ständpunkt,
557 1268 86 21 hvilken
657 1268 36 27 jag
708 1268 34 20 för
757 1268 43 20 min
816 1268 33 20 del
864 1267 46 21 icke

86 1297 83 21 kunnat
192 1297 96 26 omfatta,
312 1297 89 21 emedan
416 1297 39 21 den
472 1296 45 22 icke
533 1299 24 19 är
573 1296 70 27 riktig,
659 1299 32 19 att
706 1296 26 21 de
748 1295 104 27 nemligen
868 1296 42 21 till-

87 1326 52 21 höra
163 1326 40 20 den
227 1326 109 21 lutherska
352 1326 81 26 kyrkan
449 1326 6 20 i
471 1326 73 20 landet
559 1325 70 21 säsom
645 1325 66 21 sädan
726 1325 40 21 och
781 1324 130 26 fullkomligt

87 1354 119 22 oberoende
222 1354 28 24 af,
264 1354 56 21 hvad
336 1355 26 20 de
377 1354 63 21 hafva
454 1354 46 21 hait
515 1354 33 21 för
559 1353 70 27 afsigt,
640 1359 44 15 som
696 1353 64 21 hafva
769 1352 62 27 gifvit
842 1352 68 26 dessa,

87 1382 28 22 då
136 1383 42 21 kan
198 1389 49 15 man
262 1382 124 27 visserligen
402 1383 85 20 komma
501 1382 33 21 till
549 1382 46 21 helt
609 1382 67 21 andra
691 1382 89 21 resultat
795 1381 39 21 och
850 1381 61 21 äfven

87 1411 32 21 till
142 1412 26 19 de
191 1412 117 30 slutsatser,
331 1410 33 20 för
387 1411 71 20 hvilka
481 1412 73 24 pastor
573 1410 104 26 Bergroth
693 1410 56 25 gjort
765 1410 32 25 sig
811 1409 32 21 till
858 1409 52 21 tolk.

86 1439 42 27 Jag
150 1441 46 19 tror
218 1439 54 21 atti
286 1438 107 26 praktiskt
416 1437 99 22 afseende
537 1438 46 20 icke
604 1425 65 38 nägot
684 1439 55 19 stort
754 1437 68 21 skulle
836 1437 76 20 vinnas

88 1451 92 47 dermed,
197 1466 119 22 oberoende
332 1466 24 21 af
369 1467 25 21 de
411 1466 176 27 betänkligheter,
596 1471 45 16 som
650 1465 46 22 från
710 1465 85 27 rättslig
805 1464 107 27 synpunkt
