1084 1798
303 126 159 18 Presteståndet
475 127 53 17 1877.
552 128 27 16 20
592 128 90 17 oktober.
822 122 55 21 1543

87 196 95 27 sålunda,
204 197 33 20 att
258 196 73 26 hvarje
345 196 159 27 tjenstgörande
519 199 113 24 prestman,
646 197 70 21 såvidt
731 197 32 26 sig
778 198 51 25 göra
844 196 61 25 låter,

87 224 91 21 erhåller
193 224 54 21 efter
262 225 135 26 tjenstegrad,
412 225 206 26 embetsåligganden
630 225 39 21 och
680 225 225 21 lefnadskostnaderna

87 253 6 20 i
116 254 60 19 orten
196 252 84 27 lämpad
302 253 112 26 anständig
437 253 114 27 bergning*
572 260 18 15 o.
612 260 17 15 s.
652 259 18 15 v.
701 253 61 21 Hade
784 253 61 21 dessa
867 253 38 21 ord

88 281 82 24 »Såvidt
192 281 32 26 sig
246 283 51 25 göra
319 281 67 22 låter"
402 282 52 21 stått
469 281 64 22 också
548 282 38 21 här
601 281 7 21 i
623 281 47 22 vårt
685 281 86 27 förslag,
786 281 70 26 frågar
869 281 36 26 jag

87 309 54 22 hvad
156 315 49 15 man
222 309 26 21 då
263 309 39 22 här
316 309 7 21 i
339 310 84 21 ståndet
437 310 68 21 skulle
519 310 64 21 hafva
597 310 59 27 tyckt
672 310 78 21 derom.
780 310 45 20 Här
839 309 66 27 ligger

87 338 83 21 således
192 338 56 21 klart
269 339 94 26 grunden
385 338 33 22 för
437 339 146 26 fördelningen
599 338 63 28 också
678 338 88 21 emellan
782 338 122 27 kapellaner

87 367 39 22 och
148 368 97 25 pastorer
260 367 89 22 uttalad.
379 367 29 28 Ty
424 367 27 22 då
467 368 35 21 det
517 367 60 22 heter
592 363 57 28 ,,Äro
664 367 8 21 i
686 373 81 16 samma
782 367 122 26 församling

87 396 51 21 eller
159 397 97 26 pastorat
277 396 36 21 två
336 396 51 21 eller
408 396 51 21 flere
479 397 104 21 ordinarie
598 398 82 25 prester
694 395 104 26 anstälda,
813 395 91 22 fördelas

87 425 36 20 det
143 424 46 21 från
213 424 150 28 församlingen
383 425 50 21 eller
449 426 118 25 pastoratet
581 425 105 26 utgående
701 424 203 27 aflöningsbeloppet

86 453 89 22 emellan
191 453 47 21 dem
259 453 53 22 efter
327 454 64 27 sagde
405 454 106 26 grunder"
527 456 59 24 tages
600 454 24 26 ju
638 453 81 28 hänsyn
735 453 33 21 till
782 452 54 22 både
851 452 54 27 tjen-

86 483 46 20 sten
152 482 40 21 och
214 482 171 27 tjenstgöringen,
406 489 44 14 som
470 483 7 20 i
493 489 26 15 en
533 482 123 27 församling
672 482 41 21 kan
728 487 51 16 vara
793 481 48 21 vida
857 481 46 27 dry-

85 517 57 20 gare,
160 513 27 18 än
210 511 6 20 i
236 517 24 14 en
283 517 76 14 annan.
388 510 40 27 Jag
448 511 39 21 har
501 511 55 21 varit
571 510 132 27 kyrkoherde
719 511 6 20 i
741 516 26 15 en
782 509 123 27 församling

86 539 48 22 med
156 539 42 21 fem
213 539 71 26 kapell
299 540 39 20 och
353 540 7 21 i
376 545 25 15 en
417 545 68 16 annan
500 540 48 21 med
563 541 33 19 tre
611 538 77 27 kapell,
704 538 39 22 och
756 539 36 26 jag
807 540 34 19 vet
856 544 47 21 nog,

86 568 54 21 huru
162 568 84 26 mycket
268 574 48 15 man
337 568 74 22 hinner
434 568 84 27 deltaga
540 568 5 21 i
569 567 165 28 tjenstgöringen
753 568 57 21 inom
824 567 80 27 kapell-

85 597 155 26 församlingen.
271 597 26 26 Ej
318 597 66 21 heller
404 597 39 21 har
459 597 37 26 jag
511 597 55 21 varit
580 597 22 20 af
616 597 54 26 dem,
686 603 44 14 som
746 595 64 22 hafva
824 596 80 21 undan-

86 626 52 27 tagit
153 626 32 25 sig
199 625 80 27 arbete,
295 625 68 22 såvidt
376 625 36 27 jag
427 625 39 22 har
481 625 75 22 hunnit
571 625 39 22 och
624 625 94 22 förmått.
748 625 49 21 Med
813 626 31 20 ett
859 625 44 20 ord:

82 654 37 27 jag
140 654 80 27 tycker,
243 657 32 18 att
293 654 39 21 här
347 657 24 19 är
386 655 57 21 klart
458 655 94 26 uttryckt
568 654 62 26 hvad,
646 660 45 15 som
707 654 53 21 efter
775 653 130 27 evangelisk-

86 683 95 21 luthersk
207 683 136 27 uppfattning
366 683 23 21 af
409 683 175 27 församlingarna
606 684 6 20 i
634 683 62 21 deras
718 682 131 21 förhållande
871 682 33 21 till

85 711 161 27 själasörjarene
269 713 39 20 bör
323 719 51 14 vara
388 713 184 26 grundprincipen,
589 712 40 21 den
644 711 112 27 nemligen,
771 713 31 19 att
818 711 87 21 försam-

85 741 96 26 lingarna
197 741 55 20 förse
268 741 45 21 sina
328 741 134 26 själasörjare
477 741 47 21 med
539 741 93 26 aflöning
648 741 37 20 och
702 740 101 27 bergning
818 740 39 21 och
872 740 33 21 för

86 769 35 21 det
143 769 67 21 andra
232 771 32 20 att
286 769 87 22 lönerna
393 769 88 22 emellan
497 771 26 20 de
539 769 57 22 olika
610 771 108 25 presterne
733 769 7 20 i
754 769 150 26 församlingen

84 797 54 22 böra
156 798 92 21 fördelas
269 798 54 21 efter
338 798 135 27 embetsgrad
489 798 38 21 och
542 798 70 27 tjenst,
629 798 69 21 såsom
714 798 36 21 det
766 797 63 22 också
845 797 60 22 heter

86 826 6 21 i
114 827 40 20 den
174 827 89 21 svenska
283 827 149 26 författningen
448 833 39 18 ,,en
503 827 54 22 efter
572 826 129 27 tjenstegrad
718 826 38 21 och
772 825 133 27 embetsålig-

85 855 83 35 ganden
191 855 84 26 lämpad
297 844 112 38 anständig
433 856 118 30 bergning”.
574 867 28 4 —
622 855 60 35 Hvad
698 855 13 20 3
727 861 62 15 mom.
804 854 101 22 beträffar

86 883 34 22 må
135 890 49 15 man
199 890 65 20 gerna
279 884 150 22 omformulera
444 884 41 26 det,
503 891 33 15 om
552 891 48 15 man
615 883 24 23 så
654 884 42 25 vill,
713 890 47 15 men
776 883 26 22 då
817 883 40 21 blir
870 883 35 22 det

86 915 30 19 ett
139 912 139 27 tautologiskt
300 913 91 27 uttryck,
408 920 33 15 om
457 920 49 14 man
521 915 24 19 är
560 913 53 21 rädd
628 913 34 21 för
676 912 107 27 uttrycket
798 913 106 21 kommun.

86 941 48 21 Men
150 942 55 20 hvad
220 942 73 26 sjelfva
308 942 196 21 hufvudinnehållet
519 942 22 21 af
554 942 59 21 detta
628 944 99 22 moment,
743 942 76 20 sådant
834 941 35 21 det
884 941 22 21 af

86 970 105 21 utskottet
213 970 68 22 blifvit
304 970 181 26 omformuleradt,
507 971 67 27 angår
596 972 23 20 är
642 970 38 22 der
700 970 54 21 intet
776 970 82 21 tillfälle
873 970 32 21 till

86 998 170 27 anmärkningar,
272 999 79 21 sådana
367 1006 44 14 som
427 1000 23 20 af
463 1002 86 24 prosten
560 999 110 27 Grönberg
678 999 62 21 hafva
748 998 68 22 blifvit
823 998 81 26 gjorda.

87 1028 25 20 Vi
134 1030 50 18 veta
206 1028 56 20 förut
284 1034 41 20 nog
347 1029 41 24 väl,
404 1030 32 19 att
451 1028 233 26 stadsförsamlingarna
700 1027 62 21 hafva
774 1027 80 21 aflönat
868 1027 38 21 sitt

86 1056 136 27 presterskap
238 1056 90 21 allenast
343 1056 53 21 efter
411 1056 218 26 öfverenskommelse,
645 1058 32 19 att
693 1056 35 21 det
744 1056 62 26 ingen
815 1055 90 27 egentlig

86 1084 109 21 föreskrift
220 1085 39 20 och
283 1084 194 27 grundförfattning
503 1086 32 20 för
560 1084 188 28 prestaflöningens
772 1084 104 26 utgående
898 1084 7 20 i

86 1112 207 28 stadsförsamlingar
314 1112 73 22 finnes.
417 1114 44 20 När
475 1113 24 22 så
513 1115 24 20 är
553 1113 39 21 och
608 1120 24 14 en
649 1112 65 22 sådan
729 1112 122 27 församling
867 1112 39 21 hör

87 1141 139 21 tillsammans
248 1142 47 21 med
318 1148 25 15 en
366 1142 183 26 landsförsamling
564 1142 69 20 såsom
650 1144 36 25 ett,
702 1141 55 21 hvad
773 1142 90 20 återstår
879 1141 27 21 då

87 1172 71 22 annat,
182 1172 25 19 än
231 1172 31 19 att
284 1170 55 22 båda
360 1170 60 22 skola
436 1170 42 22 slås
494 1170 146 26 tillsammans,
655 1170 159 26 personantalet
829 1170 6 20 i
850 1169 56 21 båda

86 1198 174 27 församlingarna
283 1199 54 21 skall
360 1201 61 25 tagas
442 1200 7 20 i
471 1199 139 21 betraktande
627 1199 39 21 och
681 1198 118 28 aflöningen
813 1198 93 21 fördelas

86 1227 67 26 jemnt
175 1227 59 21 öfver
256 1228 47 21 dem
322 1227 51 22 eller
388 1230 33 19 att
435 1227 89 22 sålunda
539 1228 69 21 införa
624 1227 64 22 också
703 1229 97 19 närmare
815 1227 91 21 bestäm-

88 1256 49 27 ning
160 1262 34 16 om
216 1256 117 27 aflöningen
352 1257 7 22 i
375 1257 238 26 stadsförsamlingarna.
629 1269 27 3 —
672 1256 103 27 Slutligen
790 1255 67 22 skulle
869 1255 38 27 jag

87 1285 26 20 be
136 1287 32 19 att
189 1286 66 20 redan
275 1292 29 14 nu
325 1285 20 22 fä
361 1286 112 21 hemställa
488 1286 38 21 hos
541 1286 37 20 vär
592 1285 93 21 vördade
700 1286 86 25 talman,
802 1284 104 22 huruvida

88 1313 35 22 det
146 1314 18 26 ej
186 1314 70 21 kunde
277 1314 48 21 leda
346 1314 32 21 till
401 1321 59 14 mera
475 1314 49 26 lugn
539 1315 39 20 och
594 1319 58 16 mera
667 1313 238 22 öfverensstämmelse
894 1309 15 36 i

88 1342 107 27 äsigterna
218 1349 40 19 om,
279 1342 24 22 sä
323 1344 59 20 snart
396 1343 20 20 vi
431 1343 123 26 genomgätt
570 1343 61 21 dessa
646 1342 106 21 allmänna
766 1342 98 27 grunder,
879 1341 28 22 dä

88 1371 71 21 förrän
174 1372 20 20 vi
212 1372 27 25 gä
254 1371 31 21 till
301 1372 36 21 det
353 1371 100 22 särskildt
467 1371 93 27 följande
576 1371 96 26 kapitlet,
688 1371 37 21 der
740 1371 36 21 det
791 1370 40 22 blir
846 1370 61 27 fräga

89 1406 34 14 om
146 1400 129 27 aflöningens
296 1399 145 22 beskaffenhet
457 1406 18 15 o.
491 1407 16 15 s.
523 1406 26 21 v.,
565 1399 35 22 det
615 1401 59 25 tages
689 1399 7 22 i
711 1399 140 22 betraktande
866 1399 41 21 den

89 1429 135 25 reservation,
239 1435 44 14 som
300 1429 22 20 af
337 1433 85 21 prosten
437 1429 104 24 Bergroth
557 1431 23 17 är
595 1429 97 24 afgifven,
707 1428 39 20 och
759 1429 7 19 i
777 1428 36 20 det
824 1428 83 19 afseen-

88 1456 36 20 det
147 1456 68 21 skulle
235 1456 36 27 jag
293 1457 63 26 bedja
378 1458 31 19 att
432 1456 23 20 sä
471 1456 59 21 häri
545 1456 90 21 förhand
651 1457 83 23 nämna,
751 1457 32 19 att
796 1455 35 27 jag
847 1460 60 15 anser

88 1484 96 27 tillägget
204 1491 51 15 vara
276 1485 79 26 nödigt,
379 1485 66 20 ehuru
467 1485 36 20 det
525 1485 39 21 här
585 1486 24 19 är
632 1483 112 27 obegvämt
759 1484 100 27 uttryckt,
875 1485 32 19 att

88 1513 151 28 författningen
262 1514 54 22 skall
338 1512 57 29 gälla
417 1513 75 22 endast
514 1513 33 22 till
570 1513 24 22 är
610 1513 54 22 1925
680 1513 39 22 och
734 1513 65 22 sedan
814 1512 94 27 undergä
