1084 1809
196 132 55 22 1418
392 137 160 17 Presteständet
565 137 54 17 1877.
646 136 22 17 16
680 136 92 16 oktober.

164 212 21 15 0.
201 212 16 14 8.
232 212 27 18 V.,
275 212 47 15 men
338 205 62 21 dessa
415 206 58 20 stora
488 204 40 22 ord
543 204 63 22 hafva
621 204 119 28 öfvertygat
754 205 43 27 mig
811 205 44 22 lika
870 205 54 27 litet,
939 212 45 16 som

164 234 109 27 professor
287 234 114 21 Forsmans
417 239 52 21 egen
484 234 170 27 argumentation
668 240 8 14 i
691 234 47 26 dag.

234 290 70 23 Sedan
326 290 145 22 diskussionen
495 290 87 23 härmed
604 290 114 23 förklarats
740 291 93 22 afslutad
856 291 85 27 beslöts,
958 292 27 27 pä

162 320 158 26 framställning
335 319 22 22 af
371 320 49 21 herr
439 319 183 26 talmannen,
638 321 32 20 att
684 320 113 26 godkänna
812 321 35 21 det
862 320 23 21 af
898 323 87 24 prosten

166 348 58 27 Hjelt
238 348 75 27 gjorda
329 348 110 27 förslaget,
454 349 136 26 hvarigenom
607 349 39 20 den
663 348 5 21 i
685 355 61 15 mom.
763 349 12 21 5
791 349 86 27 intagna
892 349 92 22 bestäm-

164 378 78 25 ningen
258 383 33 15 om
307 377 248 26 entreprenadsummans
570 377 137 27 uppbärande
724 378 22 21 af
762 377 147 28 kronofogden
919 378 66 22 borde

163 406 80 21 ändras
258 405 87 26 derhän,
361 408 32 19 att
408 406 65 27 sagda
488 406 97 27 uppbörd
602 405 67 22 blefve
684 406 109 22 verkstäld
802 413 75 20 genom
888 407 96 21 kommu-

165 435 148 21 nalnämnden.

232 491 56 22 Herr
303 491 155 22 talmannen
493 492 131 22 framställde
640 492 27 22 dä
682 492 92 27 följande
789 493 142 27 proposition:

233 549 42 22 Vill
298 549 85 22 ståndet
405 551 78 25 antaga
505 551 10 24 $
536 550 12 21 5
570 549 7 22 i
596 550 138 21 förevarande
749 550 133 22 betänkande
898 551 6 20 i
921 551 63 27 öfrigt

163 580 60 19 utom
246 578 55 21 hvad
323 578 109 27 angående
454 579 89 26 ändring
564 579 8 21 i
586 579 12 21 5
615 585 62 15 mom.
694 579 22 20 af
730 579 61 21 ordet
806 579 177 27 ,Kronofogden*

162 607 34 21 till
212 607 255 27 ,Kommunalstyrelsen"
484 607 103 24 beslutits,
603 607 133 26 oförändrad,
753 608 51 21 eller
818 607 61 22 icke?
904 608 80 22 Vinner

164 635 40 27 nej,
228 636 167 21 återremitteras
415 636 126 27 paragrafen
557 636 33 21 till
605 636 105 21 utskottet
725 636 33 21 för
774 638 31 19 att
820 637 142 27 omredigeras
977 637 7 21 i

162 664 38 21 det
214 665 24 21 af
251 667 85 24 prosten
351 664 108 27 Dahlberg
474 665 40 21 och
529 665 106 26 professor
650 665 102 21 Forsman
768 665 85 27 angifna
868 665 60 27 syfte.

231 721 130 22 Besvarades
377 721 47 22 med
441 722 23 21 11
479 722 23 27 ja
518 722 40 21 och
574 723 25 20 16
616 721 39 28 nej,
669 721 85 23 hvarför
766 723 81 22 således
857 723 127 28 paragrafen

161 750 71 22 skulle
247 750 32 21 till
294 750 106 22 utskottet
414 751 173 21 återremitteras.

231 807 64 22 Emot
317 807 60 22 detta
399 807 70 22 beslut
484 807 135 22 reserverade
634 808 31 27 sig
684 808 135 27 domprosten
841 809 80 28 Borg
944 809 39 22 och

161 836 79 21 doktor
260 837 187 20 Nordström.

231 893 136 22 Beträffande
383 893 12 29 &
412 894 12 21 6
441 893 82 23 anhölls
539 900 34 16 om
588 894 62 22 ordet
664 894 25 21 af

229 951 92 21 Prosten
342 951 164 27 Dahlberg,
523 958 45 15 som
583 952 97 27 yttrade:
704 952 10 21 I
730 952 131 27 konseqvens
876 953 47 20 med
940 953 41 25 det,

160 985 48 15 som
230 979 79 22 beslöts
332 986 34 15 om
390 980 127 26 föregående
532 980 128 27 paragrafer,
677 981 66 20 borde
758 981 64 20 också
837 981 69 21 denna
921 987 61 21 para-

158 1007 52 28 graf
230 1007 166 22 återremitteras
419 1009 32 20 till
472 1009 105 21 utskottet
597 1009 32 21 för
644 1012 32 18 att
692 1009 141 27 omredigeras
848 1009 7 22 i
871 1009 35 22 det
921 1009 60 28 syfte,

161 1043 47 15 som
224 1037 45 21 blef
281 1036 98 27 gällande
395 1037 35 21 vid
446 1040 83 19 senaste
546 1038 136 27 omröstning.

228 1094 153 28 Kyrkoherden
397 1094 169 23 Stenbäck:
583 1095 41 27 Jag
638 1095 36 21 vill
689 1095 73 22 förena
778 1096 41 27 mig
834 1096 47 21 med
894 1098 87 25 prosten

159 1123 109 26 Dahlberg
287 1129 34 15 om
342 1124 122 21 återremiss
479 1123 22 22 af
515 1125 69 20 denna
599 1125 111 26 paragraf;
727 1131 47 15 men
790 1125 35 20 vill
841 1125 93 26 tillägga,
949 1127 32 19 att

159 1152 7 20 i
182 1151 36 22 det
233 1152 12 21 3
261 1158 62 15 mom.
339 1151 22 22 af
375 1152 6 21 i
397 1152 153 27 frågavarande
565 1152 99 27 paragraf
678 1153 127 27 stadgandet
815 1160 34 15 om
859 1156 33 19 att
902 1153 78 28 skjuts-

158 1179 91 27 längden
267 1180 31 21 till
314 1180 168 22 vederbörandes
498 1181 141 22 efterrättelse
655 1181 53 22 skall
724 1182 105 26 kungöras
844 1182 6 21 i
865 1182 114 27 kyrkorna,

156 1208 72 22 skulle
250 1209 50 26 utgå
321 1209 38 21 och
379 1209 6 20 i
401 1209 36 21 det
452 1209 71 22 stället
538 1209 77 22 införas
631 1210 40 21 den
686 1209 167 28 bestämningen,
868 1213 33 19 att
915 1211 7 20 i
937 1210 42 21 frå-

156 1237 122 26 gavarande
285 1237 132 26 skjutslängd
426 1238 65 21 måtte
503 1238 158 21 vederbörande
673 1238 114 21 tillhänder
798 1238 67 21 hållas
875 1239 7 20 i
892 1239 87 21 socken-

156 1267 78 24 stugan
256 1265 105 22 äfvensom
381 1268 30 19 ett
426 1265 76 27 utdrag
518 1266 60 21 deraf
592 1267 33 20 vid
642 1267 71 26 hvarje
728 1267 120 26 gästgifveri
863 1267 68 22 finnas
946 1269 32 20 att

158 1293 65 26 tillgå.
253 1293 40 27 Jag
315 1300 62 15 anser
399 1294 36 21 det
457 1294 104 27 nemligen
584 1295 93 26 orimligt
700 1297 32 19 att
746 1295 77 26 fordra,
839 1297 33 20 att
887 1297 91 26 prester-

155 1321 77 28 skapet
255 1322 52 21 skall
329 1322 89 27 uppläsa
440 1322 6 21 i
469 1323 81 27 kyrkan
572 1329 25 16 en
612 1323 139 27 skjutslängd,
766 1330 45 15 som
827 1324 41 21 kan
883 1326 95 25 upptaga

156 1351 76 25 många
253 1351 37 20 ark
306 1351 39 20 och
361 1351 22 20 af
395 1351 63 20 hvars
473 1351 92 21 innehåll
580 1352 158 20 vederbörande
753 1352 224 27 skjutsningsskyldige

154 1377 47 22 icke
224 1378 110 27 rimligtvis
356 1379 71 21 kunna
449 1379 21 20 få
492 1379 41 21 den
548 1385 122 21 noggranna
685 1379 103 28 kunskap,
803 1386 45 15 som
864 1381 26 20 de
905 1380 22 21 få
942 1387 34 14 om

155 1405 91 28 längden
260 1407 80 21 lemnas
355 1407 33 21 till
404 1407 162 28 sockenstugan.

223 1464 90 22 Prosten
336 1465 172 27 Dahlberg:
528 1465 42 22 Det
584 1465 96 28 åsyftade
694 1466 127 27 ändamålet,
836 1473 45 16 som
897 1467 78 28 kyrko-

154 1492 80 23 herden
256 1493 116 23 Stenbäcks
394 1494 147 22 amendement
564 1494 61 27 afser,
647 1495 41 22 kan
711 1495 73 22 vinnas
800 1495 127 29 derigenom,
943 1499 34 20 att

154 1522 46 22 från
222 1522 111 28 kejserliga
356 1524 157 26 propositionen
535 1524 107 27 utstrykes
661 1524 65 22 orden
742 1525 135 25 ,,densamma
892 1525 32 22 till
939 1532 38 16 ve-
