1084 1798
315 120 159 20 Presteståndet
490 122 55 17 1877.
566 123 19 17 11
598 122 91 18 oktober.
835 116 53 22 1317

94 190 40 24 till,
150 196 45 16 som
210 190 105 23 måhända
330 192 24 20 är
366 192 39 21 den
422 191 53 21 allra
489 192 118 26 vigtigaste.
631 192 43 21 För
688 193 32 20 att
735 194 53 24 göra
798 192 23 20 af
829 192 88 21 härads-

94 220 96 20 rätterna
210 220 66 27 något
298 220 88 26 dugligt,
408 220 65 26 något
488 220 78 26 bättre,
582 222 27 19 än
624 220 54 22 hvad
695 221 26 20 de
736 220 33 22 för
785 221 132 21 närvarande

94 249 44 25 äro,
160 247 68 22 skulle
251 248 138 26 ovilkorligen
403 248 100 26 fordrats,
519 251 32 19 att
567 249 40 21 den
623 248 118 27 Kejserliga
756 249 160 27 propositionen

94 276 69 21 skulle
186 276 61 22 hafva
268 276 112 22 innehållit
402 276 80 28 förslag
506 283 33 15 om
562 284 26 14 en
611 277 64 21 andre
689 277 92 27 juridisk
796 278 120 20 bisittare
906 272 15 36 i

94 304 155 22 häradsrätten.
280 305 65 21 Detta
360 306 24 20 är
398 305 46 21 icke
459 305 66 21 fallet.
556 305 65 21 Detta
637 307 23 19 är
674 306 34 20 väl
724 306 23 20 af
757 306 93 21 komitén
861 306 56 20 före-

94 333 74 26 slaget,
191 339 48 15 men
262 334 40 21 den
325 333 118 27 Kejserliga
464 334 161 26 propositionen
640 334 39 21 har
694 334 116 22 utelemnat
826 334 36 21 det
877 334 39 21 och

95 362 104 21 reformen
221 364 25 20 är
267 362 83 22 således
372 362 119 27 föreslagen
513 363 6 20 i
535 363 31 21 sin
582 363 63 21 minst
660 362 79 28 vigtiga
755 362 39 22 del.
825 362 92 22 Genom-

93 390 57 22 föres
171 397 28 15 nu
223 391 105 22 reformen
347 392 6 20 i
370 391 58 21 detta
444 390 151 28 ofullständiga
610 392 66 25 skick,
693 391 41 21 blir
749 391 119 25 resultatet,
884 392 34 20 att

94 420 40 21 den
158 419 112 28 vigtigaste
293 420 60 22 delen
376 420 22 22 af
418 420 106 22 reformen
539 420 125 27 uppskjutes
680 420 26 27 på
722 426 25 15 en
763 419 88 23 alldeles
867 420 49 21 obe-

94 448 70 22 stämd
187 448 93 27 framtid,
296 451 22 25 ty
334 449 54 21 enda
402 449 113 21 resultatet
530 448 23 22 af
566 449 39 21 allt
621 449 60 21 detta
695 448 42 22 blir
752 448 49 22 med
816 448 101 22 afseende

95 477 13 21 å
130 478 40 20 den
192 480 66 19 andra
280 477 74 27 frågan
377 479 33 20 att
432 478 215 26 lagmans-kapparna
669 478 111 26 tillgripas,
797 480 22 24 ty
834 478 7 20 i
857 477 60 22 detta

93 506 121 22 hänseende
235 506 38 22 har
295 513 49 15 man
359 508 6 20 i
381 506 43 22 alla
440 506 35 22 fall
491 506 19 27 ej
525 506 100 27 förglömt
640 507 32 25 sig
687 506 39 21 och
743 506 40 22 den
799 506 117 22 accumule-

94 535 46 27 ring
156 535 23 22 af
193 536 213 27 lagmanskapparnes
422 535 88 27 kapital,
526 541 46 15 som
586 535 40 21 har
641 535 117 27 påbörjats,
774 535 95 21 kommer
885 536 33 20 att

94 567 78 18 stanna
194 565 39 20 och
255 566 76 20 stanna
357 564 33 21 vid
414 564 74 22 endast
510 566 76 19 räntan
610 564 13 21 å
645 564 36 21 det
698 570 28 15 nu
742 564 65 21 redan
823 563 94 22 samlade

94 593 109 26 kapitalet.
233 592 31 22 På
286 593 68 21 denna
374 593 102 26 grundval
493 593 47 21 med
555 593 62 21 dessa
632 598 28 15 nu
675 592 111 22 tillkomna
801 592 118 26 penningar

94 621 38 21 och
156 621 62 21 deras
239 623 74 19 räntor
328 622 42 20 kan
385 621 49 27 föga
449 623 100 24 uträttas,
565 627 48 15 men
629 621 66 21 skulle
712 621 206 27 lagmanskapparne

94 650 108 21 användas
217 652 32 19 ett
264 656 38 20 par
317 650 112 21 decennier
444 649 84 27 framåt,
543 649 70 22 såsom
630 650 25 20 de
671 656 28 14 nu
710 650 62 20 hafva
785 649 68 22 blifvit
863 650 55 21 efter

94 678 26 21 de
141 678 66 27 begge
230 678 175 22 statsmakternas
428 678 76 26 beslut,
526 679 70 20 kunde
620 678 19 21 vi
661 678 55 21 efter
739 678 60 27 tjugu
814 678 24 21 år
854 678 64 21 hafva

94 707 77 21 samlat
194 709 31 19 ett
247 708 89 26 kapital,
357 713 45 15 som
426 707 47 21 med
495 709 61 19 ränta
571 707 27 27 på
613 708 63 20 ränta
690 706 73 22 säkert
778 706 68 22 skulle
862 706 57 27 stiga

94 735 32 22 till
146 736 47 26 fyra
212 735 98 28 miljoner
325 736 40 22 och
380 736 48 21 med
444 737 76 20 räntan
536 735 27 28 på
579 736 58 21 detta
653 735 82 27 kapital
750 737 23 20 är
789 735 42 26 det,
847 735 70 22 skulle

92 764 36 27 jag
148 767 41 23 tro,
212 765 62 26 ingen
297 765 63 21 konst
382 767 32 19 att
436 764 69 22 aflöna
528 770 26 16 en
577 765 64 21 andre
662 764 91 26 juridisk
768 764 97 22 bisittare
881 764 35 21 vid

93 792 181 22 häradsrätterna.
304 793 113 21 Reformen
440 794 42 20 kan
504 793 27 21 då
551 792 134 28 genomföras
700 792 160 27 fullständigare
876 793 40 21 och

93 821 161 23 förhållandena
269 822 71 21 kunna
355 822 67 21 under
437 822 59 22 tiden
511 822 62 22 hafva
588 822 77 21 ordnat
679 822 32 26 sig
723 822 30 22 så,
765 823 32 20 att
807 821 109 27 verkligen

94 850 60 22 äfven
178 851 133 21 landsortens
331 850 123 27 befolkning
477 851 80 21 känner
579 852 32 20 ett
632 852 69 20 större
723 850 64 22 behof
807 850 23 22 af
846 852 33 20 att
894 850 23 21 få

93 881 139 24 permanenta
248 878 123 27 domstolar,
388 880 26 20 än
429 879 57 21 hvad
500 878 77 23 hittills
592 880 55 20 varit
662 878 65 22 fallet.

162 935 110 22 Professor
287 936 158 21 Ehrström:
469 936 42 21 Det
526 938 24 19 är
564 942 28 15 nu
603 936 41 21 fem
653 935 25 22 år
685 936 65 21 sedan
759 936 159 26 presteståndet

94 967 72 18 senast
186 964 134 22 behandlade
343 965 40 20 den
398 964 66 27 fråga,
479 971 45 15 som
540 965 114 26 föreligger
668 965 7 20 i
691 965 39 21 den
746 965 77 26 nådiga
838 970 76 21 propo-

93 993 97 21 sitionen.
216 993 40 26 Jag
278 993 42 21 kan
342 993 46 21 icke
411 994 70 20 erinra
496 994 42 26 mig
554 995 31 19 att
600 993 105 21 reformen
721 993 27 21 då
764 995 66 19 mötte
845 993 71 26 någon

94 1021 91 28 egentlig
207 1021 132 27 motsägelse.
368 1021 42 22 Det
425 1028 37 15 var
476 1022 82 27 ganska
573 1022 109 27 enhälligt,
699 1028 44 14 som
759 1021 158 28 presteståndet

93 1051 6 20 i
121 1051 82 26 princip
226 1051 111 26 godkände
353 1050 39 21 den
409 1057 28 14 nu
452 1050 125 27 ifrågasatta
592 1050 106 22 reformen
713 1050 40 22 och
768 1050 99 22 förenade
883 1050 36 26 sig

92 1079 8 21 i
122 1079 56 22 hvad
200 1080 114 21 ständerna
336 1079 101 26 enhälligt
457 1079 91 27 begärde
564 1079 22 21 af
600 1079 59 21 Hans
674 1079 118 26 Kejserliga
808 1079 107 26 Majestät,

94 1108 104 27 nämligen
214 1110 32 19 att
262 1115 24 14 en
303 1108 79 21 komité
398 1108 67 21 skulle
481 1109 117 25 nedsättas,
613 1107 33 22 för
662 1110 31 19 att
709 1108 100 21 utarbeta
824 1110 31 18 ett
874 1107 42 21 för-

94 1137 52 26 slag.
176 1137 42 20 Det
237 1143 37 14 var
290 1137 27 20 då
332 1137 18 26 ej
366 1136 55 21 blott
435 1137 61 26 fråga
511 1143 35 14 om
561 1139 32 18 ett
608 1137 66 20 ökadt
689 1137 58 20 antal
762 1136 105 21 sessioner
882 1135 35 22 för

94 1165 180 26 häradsrätterna,
290 1169 52 17 utan
357 1165 67 25 äfven,
440 1166 68 21 såsom
524 1165 108 27 professor
647 1165 101 21 Forsman
764 1164 104 25 framhöll,
882 1171 34 14 om

94 1194 101 26 lämpliga
216 1193 95 22 bisittare
333 1194 78 21 dervid.
442 1193 70 28 Begge
531 1194 62 21 dessa
609 1193 180 27 omständigheter
803 1199 70 15 vunno
889 1193 28 21 då

94 1223 168 26 presteståndets
278 1222 59 21 bifall
353 1222 39 21 och
408 1223 35 20 det
459 1225 23 18 är
497 1222 82 21 således
594 1222 28 27 på
636 1223 68 25 grund
718 1222 23 21 af
750 1221 61 22 äfven
821 1222 96 21 ståndets

95 1251 92 27 begäran
210 1257 44 15 som
276 1251 133 26 proposition
432 1257 28 15 nu
483 1253 25 18 är
529 1257 35 15 oss
581 1250 102 27 förelagd.
712 1251 42 21 Det
769 1256 62 21 synes
847 1249 70 22 derför

94 1285 46 16 som
161 1279 68 22 skulle
248 1281 25 19 de
294 1279 160 27 invändningar,
468 1285 46 16 som
529 1286 29 15 nu
573 1279 22 21 af
608 1279 107 27 professor
731 1279 102 21 Forsman
849 1278 69 21 blifvit

94 1308 138 28 framställda,
254 1309 86 20 komma
362 1308 64 27 något
448 1308 31 21 för
502 1310 53 19 sent.
585 1308 42 21 Det
647 1309 24 20 är
691 1308 46 21 icke
753 1309 43 20 rätt
811 1306 106 27 skickligt,

94 1339 39 24 att,
155 1337 65 21 sedan
242 1343 47 15 man
312 1337 74 26 begärt
402 1337 137 26 proposition,
555 1338 57 25 säga,
627 1339 33 18 att
675 1336 57 21 tiden
748 1336 19 26 ej
782 1337 25 20 är
821 1336 48 21 inne
885 1338 34 18 att

95 1366 85 27 vidtaga
203 1366 40 21 den
265 1366 85 26 reform,
372 1371 45 16 som
438 1372 49 15 man
503 1366 79 26 begärt.
613 1365 112 22 Professor
740 1365 102 21 Forsman
858 1365 59 20 med-

94 1394 67 27 gifver
182 1395 55 20 ändå
258 1395 6 20 i
286 1395 80 26 princip
382 1396 32 19 att
430 1394 36 21 det
480 1396 24 19 är
519 1394 74 27 riktigt
608 1396 32 19 att
655 1394 175 21 häradsrätterna
845 1392 19 26 ej
879 1394 38 19 äro

95 1423 173 26 ambulatoriska,
290 1422 19 26 ej
330 1422 68 21 flacka
419 1423 103 25 omkring,
540 1423 23 25 ja
578 1423 41 20 han
635 1423 38 20 har
689 1422 32 21 till
737 1422 40 21 och
791 1422 48 21 med
855 1421 63 21 fram-

95 1451 67 24 hållit,
184 1453 32 19 att
236 1451 36 21 det
287 1451 168 21 ambulatoriska
470 1450 143 21 förhållandet
628 1450 97 21 inverkat
739 1449 88 26 menligt
843 1449 26 26 på
885 1455 32 14 se-

96 1479 65 22 derna
175 1478 7 22 i
198 1478 77 23 landet.
307 1479 41 21 Det
364 1484 49 16 vore
429 1479 116 26 beklagligt
560 1485 33 14 om
609 1478 24 21 så
647 1478 68 21 skulle
726 1484 60 19 vara;
798 1484 46 15 men
856 1477 61 22 äfven

96 1508 58 22 detta
176 1509 24 20 är
222 1508 34 21 väl
278 1509 31 21 ett
332 1507 75 27 vigtigt
426 1507 48 22 skäl
496 1510 32 19 att
546 1507 18 27 ej
580 1507 44 21 låta
639 1507 36 21 det
690 1507 70 27 dåliga
775 1505 143 23 förhållandet
