1095 1825
316 142 160 19 Presteståndet
487 143 54 18 1877.
564 145 26 21 28
603 144 90 17 oktober.
827 139 53 20 1573

89 210 48 28 vilja
161 212 56 24 veta,
240 217 33 15 om
297 211 35 21 det
352 213 24 19 är
391 211 68 27 någon
476 212 103 26 lägenhet,
594 212 37 22 der
645 212 80 21 kronan
740 212 40 21 har
793 211 74 22 afstått
882 212 29 21 all

89 240 32 20 sin
143 239 72 22 tertial
231 240 48 21 med
293 240 109 26 undantag
416 240 22 21 af
453 240 35 21 det
504 241 22 21 af
540 242 85 25 prosten
640 240 59 27 Hjelt
714 240 100 27 uppgifna
828 240 80 21 förhål-

89 265 73 24 landet
182 268 49 21 med
254 268 26 21 de
303 274 16 15 s.
340 268 20 21 k.
377 268 227 26 domprostetunnorna
620 268 38 21 och
673 268 214 27 kapellanstunnorna
902 268 7 20 i

89 290 53 27 Åbo.
173 296 43 21 Det
236 296 67 22 finnes
325 309 27 3 —
365 296 37 26 jag
416 296 42 21 kan
473 297 18 26 ej
506 299 51 24 säga
572 296 48 22 med
634 296 99 22 säkerhet
747 297 6 20 i
769 296 78 26 hvarje,
861 302 48 15 men

89 325 8 21 i
119 324 26 22 de
167 324 61 22 flesta
250 324 147 28 församlingar
414 325 6 21 i
436 325 90 21 Finland
541 337 27 3 —
583 325 104 26 hemman,
702 325 38 21 der
755 325 80 21 kronan
851 326 59 24 tager

89 353 63 27 ingen
175 354 78 26 tertial,
271 355 50 20 utan
336 353 40 22 har
391 353 73 22 afstått
479 360 25 15 en
520 354 33 21 del
568 354 23 21 åt
605 356 78 24 pastor,
699 359 25 16 en
740 354 34 21 del
788 353 31 21 till
834 353 76 21 krono-

89 384 76 25 posten
181 382 39 22 och
235 384 72 20 resten
322 382 30 22 till
368 382 195 22 vinsädstunnorna.

157 439 142 27 Domprosten
314 439 91 27 Borg:
421 439 41 27 Jag
476 440 71 27 tyckte
562 441 32 19 att
609 440 85 26 prosten
703 438 105 22 Johusson
817 438 91 22 nämnde

91 474 40 20 om,
146 470 32 19 att
193 468 36 21 det
243 468 62 21 redan
322 470 24 19 är
361 468 118 26 medgifvet,
494 470 32 20 att
540 469 41 20 247
596 468 12 27 $
623 468 6 20 i
645 468 26 20 K.
687 468 24 20 L.
727 468 45 20 står
782 467 5 21 i
799 468 51 20 strid
862 467 48 21 med

91 497 27 21 20
133 496 11 27 8
159 497 7 20 i
181 496 141 27 föreliggande
338 496 83 27 förslag.
445 496 44 22 När
504 497 36 21 det
554 497 67 21 skulle
636 496 63 21 hafva
715 496 66 21 blifvit
797 496 113 26 medgifvet

91 525 21 21 af
129 525 85 21 ståndet
234 528 35 18 vet
287 525 36 27 jag
344 525 24 27 ej.
398 525 123 21 Emellertid
538 528 24 18 är
580 526 72 26 frågan
668 524 21 22 af
703 525 40 20 den
759 524 151 25 beskaffenhet,

91 555 32 20 att
143 554 44 26 just
210 554 77 26 därfär,
311 556 33 19 att
366 554 144 21 diskussionen
533 554 23 21 sä
580 554 38 20 här
640 554 103 20 kastatsi
758 555 31 19 ett
804 560 28 14 nu
847 553 20 21 in
883 552 28 27 pä

92 589 25 14 en
133 582 66 21 sädan
215 582 59 27 fräga
289 589 34 15 om
339 583 68 21 denna
420 582 207 27 regleringskomitös
638 582 147 26 berättigande
795 582 6 20 i
812 582 98 20 afseende

91 611 13 21 å
118 611 145 26 fördelningen
279 611 22 21 af
315 613 120 24 presternas
451 611 64 24 löner,
532 612 36 20 det
582 613 24 19 är
621 611 63 21 hardt
699 613 52 18 nära
766 610 101 27 omöjligt,
879 612 31 19 att

91 640 36 21 det
150 639 41 21 kan
214 640 132 21 annorlunda
367 640 33 26 gä,
422 641 27 19 än
472 641 32 20 att
526 639 101 26 förslaget
641 639 95 21 kommer
751 641 32 19 att
797 639 112 21 förkastas.

91 669 41 20 Det
154 668 83 21 fordras
261 675 27 14 nu
304 669 5 20 i
326 669 88 25 sanning
428 668 106 26 allvarligt
548 668 150 27 begrundande
713 667 33 21 för
761 669 31 20 att
807 669 44 19 rätt
866 667 45 20 inse

91 697 122 26 betydelsen
235 697 23 20 af
272 697 252 26 regleringskomitöerna,
540 697 79 21 sådana
634 697 26 20 de
674 696 123 21 framhållas
813 696 5 20 i
834 701 76 20 propo-

91 725 96 20 sitionen.
219 725 41 21 Det
275 727 24 19 är
314 731 25 15 en
355 731 32 20 ny,
404 731 33 15 om
451 725 37 26 jag
502 725 24 21 sä
540 725 34 21 mä
590 727 56 24 säga,
661 724 111 21 medlande
787 724 49 21 länk
847 724 64 21 emel-

91 754 35 20 lan
142 753 159 26 kyrkostämma
316 753 39 22 och
371 753 129 27 domkapitel
516 754 38 21 och
568 753 210 27 guvernörsembete;
795 753 35 20 det
845 754 24 19 är
884 758 26 15 en

90 782 111 21 medlande
224 782 49 21 länk
293 782 89 23 emellan
402 782 172 27 kyrkostämman
590 782 39 21 och
645 782 39 21 den
697 781 85 27 slutliga
797 781 113 24 instansen,

91 811 59 20 Hans
173 810 118 27 Kejserliga
312 811 106 26 Majestät.
448 811 40 26 Jag
511 811 64 26 vägar
596 811 5 20 i
616 810 67 27 nägra
698 811 37 20 ord
751 810 78 26 antyda
845 810 66 25 detta,

91 841 32 19 att
138 839 65 26 något
218 839 100 21 rationelt
333 839 133 21 förhållande
481 839 47 21 med
541 839 176 27 prestatlöningen
733 839 7 20 i
760 838 116 21 allmänhet
891 838 18 27 ej

91 868 41 21 kan
155 868 32 21 fås
209 868 32 21 till
264 868 61 21 stånd
348 868 47 21 med
418 868 80 21 mindre
515 868 61 21 dessa
590 867 219 27 regleringskomitöer
824 867 86 24 införas,

91 896 52 22 eller
165 897 48 20 med
236 897 67 21 andra
318 897 48 20 ord:
382 897 47 20 med
446 897 86 24 mindre,
549 899 25 18 än
591 899 32 18 att
637 896 81 26 verklig
734 895 104 27 reglering
853 895 58 21 öfver

91 926 83 20 landets
196 928 74 19 trenne
293 926 45 20 stift
359 925 139 27 genomföres.
527 926 41 26 Jag
587 928 51 24 tror,
659 927 32 19 att
711 925 36 21 det
768 926 23 19 är
806 924 57 21 klart
877 924 34 21 för

91 954 86 24 enhvar,
199 956 32 18 att
253 954 35 21 det
303 956 23 19 är
342 956 31 19 ett
388 954 83 27 mycket
486 957 60 23 svagt
560 956 117 24 argument,
692 955 33 19 att
739 954 36 20 det
789 953 35 21 mä
838 959 52 15 vara
904 953 7 21 i

91 983 161 27 församlingens
274 983 39 21 fria
335 983 33 21 val
384 985 32 19 att
430 983 56 26 gifva
501 983 53 21 hvad
570 983 39 21 den
625 982 36 21 vill
681 982 21 21 ät
718 983 36 20 sitt
769 982 141 26 presterskap.

91 1012 41 26 Jag
154 1011 71 26 frågar
250 1012 12 20 &
283 1012 67 20 andra
365 1012 71 20 sidan:
453 1012 68 24 ,hvad
536 1011 88 21 innebär
639 1011 26 21 dä
683 1011 50 21 1681
751 1010 39 22 och
807 1011 54 20 1743
876 1010 35 20 års

92 1040 148 26 förordningar
265 1040 38 21 och
326 1041 62 20 deras
403 1040 70 21 likar?
504 1040 75 21 Männe
595 1040 61 20 dessa
671 1040 69 20 lemna
755 1040 22 20 ät
793 1038 118 21 församlin-

91 1075 66 20 garna
171 1069 66 21 frihet
253 1071 30 19 att
299 1070 52 25 göra
366 1069 54 21 hvad
437 1069 26 21 de
478 1069 54 26 vilja.
558 1069 31 21 De
605 1070 37 19 äro
658 1068 68 21 säsom
743 1068 33 21 eld
788 1067 39 21 och
839 1069 72 19 vatten

92 1098 61 20 dessa
176 1098 36 20 tvä
234 1098 136 26 pästäenden,
394 1098 36 20 det
452 1104 44 20 ena,
519 1100 32 18 att
572 1097 150 26 församlingen
745 1096 54 22 hade
819 1096 46 21 fritt
880 1098 31 18 att

92 1126 68 22 aflöna
176 1126 37 21 sitt
228 1126 143 27 prästerskap,
387 1126 39 21 och
442 1126 35 21 det
492 1126 72 26 andra,
576 1128 31 18 att
618 1126 25 20 de
653 1126 69 26 gamla
734 1125 178 25 författningarna

91 1155 61 21 skola
167 1155 62 27 gälla.
259 1155 39 21 Om
314 1155 68 26 nägon
396 1154 108 28 jemkning
520 1156 7 20 i
542 1155 68 21 denna
625 1154 62 21 svära
701 1154 60 26 fräga
776 1153 54 21 skall
841 1153 71 21 ästad-

91 1184 102 24 kommas,
216 1184 23 20 sä
262 1184 66 20 mäste
352 1190 24 14 en
392 1184 97 26 grundlig
505 1184 103 26 reglering
623 1182 21 21 af
659 1184 119 25 presternes
795 1182 117 20 inkomster

93 1212 57 21 öfver
166 1212 48 21 hela
229 1212 71 21 landet
315 1219 39 20 ega
369 1219 52 14 rum.
450 1212 68 27 Längt
533 1212 53 21 ifrän
603 1218 34 15 oss
652 1218 49 15 vare
717 1212 43 23 det,
770 1213 33 19 att
813 1210 18 21 vi
844 1210 68 21 skulle

92 1241 67 21 önska
174 1241 68 26 någon
257 1241 123 26 nivellering
395 1241 6 21 i
418 1241 35 21 det
468 1243 96 24 yttersta,
580 1243 50 18 utan
646 1240 44 21 helt
705 1240 72 21 enkelt
789 1239 30 24 sä,
832 1241 31 19 att
876 1239 36 20 det

92 1269 41 21 blir
153 1272 29 19 ett
204 1269 64 26 nägot
283 1269 24 21 sä
322 1271 37 19 när
374 1270 79 26 rimligt
467 1269 131 22 förhällande
614 1269 88 20 emellan
718 1272 119 23 presternes
853 1268 59 20 löner

92 1299 5 20 i
114 1299 78 24 landet,
213 1301 32 18 att
266 1298 18 26 ej
301 1298 39 21 den
356 1304 39 15 ena
410 1298 149 26 församlingen
576 1298 30 20 till
623 1297 51 26 följd
689 1297 23 20 af
725 1297 187 25 författningarnas

92 1326 65 27 tväng
179 1326 51 21 eller
253 1326 104 21 mähända
379 1326 105 26 ingängna
506 1327 124 24 föreningar,
653 1326 96 20 kommer
769 1327 32 18 att
809 1320 10 37 i
837 1325 28 20 all
881 1324 31 20 tid

93 1355 76 26 dragas
191 1355 47 20 med
255 1361 25 15 en
296 1355 41 26 hög
353 1355 135 26 beskattning
504 1355 38 20 och
558 1361 25 14 en
599 1360 69 15 annan
684 1353 45 22 äter
745 1353 78 27 slipper
838 1353 33 20 för
887 1359 25 14 en

93 1383 113 26 obetydlig.
236 1383 40 26 Jag
299 1389 33 15 ser
355 1383 45 21 litet
422 1383 72 26 längre
515 1384 6 20 i
537 1383 69 21 denna
620 1383 38 20 sak
674 1383 38 20 och
729 1382 37 21 ber
781 1383 32 20 att
827 1382 86 20 ständet

92 1412 87 21 förlåter
195 1412 48 26 mig,
259 1414 33 19 att
305 1412 35 26 jag
356 1412 80 21 uttalar
451 1413 42 20 min
509 1411 144 27 öfvertygelse.
684 1411 48 20 Man
749 1412 24 19 är
788 1410 18 27 ej
822 1416 45 15 mer
878 1409 34 20 vid

93 1441 27 20 68
143 1440 34 21 års
199 1440 59 21 ålder
280 1441 25 20 sä
323 1439 76 27 fåfäng,
416 1442 32 19 att
464 1447 47 14 man
527 1441 68 20 skulle
610 1441 56 19 sätta
681 1439 62 21 värde
759 1439 28 26 pä
802 1439 39 20 den
861 1439 52 20 äran

93 1470 32 19 att
148 1468 61 21 hafva
232 1468 40 21 fått
295 1468 83 25 deltaga
401 1468 6 20 i
428 1474 25 14 en
476 1468 90 20 komitös
581 1468 85 24 arbete;
682 1467 35 20 det
733 1469 24 18 är
772 1472 25 15 en
813 1466 99 25 bagatell.

93 1496 42 21 För
158 1496 41 26 mig
220 1496 92 21 äterstär
327 1495 19 27 ej
362 1502 44 15 mer
420 1496 90 25 mycket.
542 1495 48 21 Men
603 1495 36 26 jag
655 1501 34 14 ser
703 1497 45 18 mot
763 1493 150 22 fosterlandets

93 1524 92 26 framtid,
201 1524 97 21 hurudan
320 1524 68 21 denna
401 1524 68 21 mäste
484 1523 70 26 blifva,
570 1529 34 16 om
620 1523 68 21 denna
703 1523 153 26 lönereglering
871 1521 42 21 för-
