1084 1820
208 136 55 21 1378
395 140 161 19 Presteståndet
570 142 55 17 1877.
651 142 22 17 18
687 141 92 18 oktober.

248 211 32 19 1:o
296 208 59 22 Skall
371 208 32 22 till
417 208 209 28 kontraproposition
642 210 87 24 antagas
744 208 104 28 yrkandet
862 209 28 26 på
901 209 101 21 ärendets

177 237 122 22 återremiss
321 237 33 21 för
376 236 172 27 omformulering
570 237 24 21 af
614 237 11 27 $
649 238 10 19 1
683 236 7 21 i
712 237 36 21 det
770 237 22 21 af
813 237 72 21 rektor
900 236 100 22 Kihlman

178 266 84 26 angifna
283 265 64 28 syftet
365 265 48 21 med
427 265 94 28 yrkande
537 266 27 26 på
579 265 113 27 intagande
707 266 25 21 af
745 272 62 15 mom.
823 267 13 20 5
853 266 38 21 och
907 266 13 21 3
935 266 6 20 i
953 265 48 27 Kej-

177 294 77 28 serliga
269 294 170 28 propositionens
455 294 11 27 $
483 295 9 19 1
510 294 52 22 eller
577 294 59 22 icke?

245 352 80 21 Vinner
347 351 40 27 nej,
410 350 116 28 uppställes
549 351 32 21 till
604 350 207 28 kontraproposition
827 351 64 27 sagda
905 351 95 28 yrkande

177 381 52 21 utan
244 380 74 27 tillägg
334 380 23 21 af
370 386 61 16 mom.
447 381 12 20 2

245 437 130 22 Besvarades
391 438 48 21 med
454 436 153 28 öfvervägande
622 437 40 27 nej.

246 495 33 20 2:o
303 494 121 27 Uppställes
446 494 69 21 såsom
537 494 210 27 kontraproposition
769 494 104 28 yrkandet
892 495 28 26 pä
942 494 55 21 åter-

177 523 74 21 remiss
265 522 7 21 i
287 523 36 21 det
339 522 20 22 af
374 523 73 21 rektor
462 523 99 21 Kihlman
577 522 85 27 angifna
678 522 63 27 syftet
751 523 51 21 eller
817 522 61 22 icke?

245 579 79 22 Vinner
339 579 41 27 nej,
396 581 87 24 antages
497 579 32 22 till
545 579 208 28 kontraproposition
766 580 10 21 1
789 585 61 16 mom.
861 579 22 22 af
891 579 107 28 professor

178 608 73 23 Cleves
266 609 33 21 till
313 608 143 22 betänkandet
471 608 75 27 fogade
562 608 136 22 reservation.

245 665 131 23 Besvarades
391 665 48 22 med
454 667 75 20 nästan
544 665 102 26 enhälligt
658 665 30 27 ja.

246 723 33 22 3:o
295 722 127 23 Godkännes
437 721 13 30 &
466 723 11 21 1
494 722 65 27 enligt
574 722 237 22 utskottsbetänkandet
825 723 48 21 med
885 722 51 22 eller
947 724 61 21 utan
1001 717 11 38 -

176 751 74 28 tillägg
265 751 22 22 af
300 751 246 27 undantagsstadgandet
560 751 6 22 i
581 751 77 27 nädiga
672 751 175 27 propositionen?

244 809 80 21 Vinner
339 808 40 26 nej,
395 807 39 22 har
445 807 86 22 ständet
541 807 92 27 beslutit,
645 809 32 20 att
687 808 89 21 ärendet
786 807 53 22 skall
849 808 33 21 till
892 808 106 22 utskottet

176 837 167 22 äterremitteras
364 836 33 22 för
419 836 56 28 &:ens
497 821 171 47 omformulering
688 836 8 21 i
718 837 36 21 det
774 836 22 22 af
810 837 73 21 rektor
897 836 100 22 Kihlman

176 866 94 27 antydda
284 865 61 28 syfte.

244 922 131 22 Besvarades
390 922 47 22 med
453 923 13 21 8
478 922 23 28 ja
516 922 39 22 och
571 922 26 21 25
613 922 41 27 nej.

244 980 47 22 Mot
305 980 106 27 utgängen
427 979 22 23 af
462 980 123 26 voteringen
600 980 136 22 reserverade
750 980 32 26 sig
794 980 77 22 doktor
883 980 116 26 Hornborg

177 1008 39 22 och
240 1008 76 22 doktor
338 1008 95 27 Lampön
455 1008 28 28 pä
505 1009 41 21 den
568 1008 68 27 grund
654 1010 32 20 att
701 1009 26 21 de
742 1009 77 26 ansägo
836 1008 35 22 det
886 1008 47 22 icke
947 1015 51 15 vara

176 1035 97 31 lämpligt
295 1039 32 21 att
348 1037 68 22 införa
438 1036 106 29 ätskilliga
559 1044 41 21 nya
614 1025 221 40 skjutsningskyldige,
851 1037 27 22 dä
893 1044 48 16 man
957 1037 41 22 för-

176 1066 63 22 söker
254 1066 71 28 aflyfta
340 1066 81 22 bördan
436 1066 47 21 frän
499 1066 54 28 dem,
568 1066 72 22 hvilka
655 1066 40 22 den
710 1072 29 16 nu
754 1066 85 27 äligger.

244 1124 31 21 På
291 1124 72 21 derom
377 1123 62 27 gjord
453 1122 153 28 framställning
621 1122 45 22 blef
678 1123 61 21 äfven
754 1123 107 27 professor
875 1123 124 22 Ehrströms

175 1152 80 27 förslag
269 1158 34 15 om
318 1151 111 22 införande
444 1152 23 20 af
479 1151 140 22 lotshemman
636 1151 39 21 och
686 1151 237 27 sjöpostförarhemman
935 1151 64 22 bland

176 1180 26 22 de
218 1180 46 22 från
278 1180 296 28 hållskjutsningsskyldighet
589 1180 94 22 befriade
698 1180 102 27 enhälligt
814 1180 115 27 godkändt.

565 1266 11 27 s
592 1267 19 20 2.

244 1323 154 28 Kyrkoherden
420 1322 170 22 Stenbäck:
613 1322 39 21 Att
673 1322 139 22 förevarande
834 1323 13 20 2
869 1325 12 25 8
899 1323 6 21 i
921 1323 48 22 dess
985 1325 10 19 1

176 1358 62 15 mom.
262 1352 38 20 bör
322 1351 142 25 omredigeras
485 1351 7 21 i
510 1351 127 21 konformité
652 1351 47 21 med
714 1351 41 21 den
770 1351 121 26 resolution,
907 1358 46 15 som
969 1359 29 14 nu

176 1379 22 21 af
218 1378 85 22 ståndet
324 1378 39 21 har
378 1378 68 21 blifvit
461 1378 94 26 voterad,
571 1380 24 19 är
610 1378 33 20 väl
659 1378 110 26 sjelffallet,
785 1384 48 15 men
848 1385 26 15 en
889 1379 108 26 ändring
985 1374 17 35 i

175 1407 116 21 utskottets
312 1406 79 26 förslag
411 1406 68 21 skulle
498 1406 37 26 jag
560 1406 50 26 vilja
626 1406 88 26 påpeka.
744 1406 110 22 Utskottet
868 1407 39 21 har
922 1407 75 21 nämli-

175 1441 41 21 gen
237 1434 106 27 föreslagit
365 1436 32 20 att
412 1436 189 25 entreprenörerne
615 1434 47 22 icke
676 1434 67 22 skulle
760 1434 89 22 behöfva
864 1441 51 15 vara
930 1435 67 22 finske

176 1463 145 28 medborgare.
350 1463 48 21 Den
419 1462 77 28 nådiga
511 1462 157 28 propositionen
684 1463 39 21 har
738 1463 81 21 likvisst
834 1463 113 28 föreslagit,
963 1466 33 20 att

176 1492 58 22 såväl
249 1494 168 25 entreprenörer,
432 1498 45 15 som
493 1492 40 21 den
548 1497 84 22 person,
645 1491 84 22 hvilken
739 1492 119 22 företräder
868 1492 63 28 bolag
941 1493 54 22 skall

176 1528 51 15 vara
248 1520 54 23 finsk
323 1520 144 27 medborgare.
495 1520 41 28 Jag
558 1520 66 22 skulle
647 1520 85 22 förorda
755 1521 39 22 den
810 1521 76 28 nådiga
901 1522 94 28 proposi-
