1084 1795
286 144 158 18 Presteståndet
458 145 55 17 1877.
536 145 23 16 16
572 145 91 17 oktober.
804 139 54 21 1407

68 213 87 22 emellan
179 219 33 16 om
235 215 66 20 sättet
315 213 32 21 för
362 213 198 27 hållskjutsningens
575 213 117 26 utgörande
708 213 179 22 öfverenskomma

67 241 142 27 (naturligtvis
231 242 48 21 med
301 241 172 26 kronobetjentes
495 241 85 27 ledning
595 248 44 15 som
655 241 5 21 i
677 241 68 22 denna
760 242 58 26 fråga
832 242 54 21 skall

66 269 62 22 hafva
143 270 31 21 sin
190 270 56 21 hand
262 270 63 25 med).
349 269 32 27 Ny
396 269 117 26 fördelning
528 270 22 21 af
560 270 154 27 skjutsdistrikt
726 271 42 20 kan
780 270 54 21 efter
845 270 41 21 fem

66 299 35 20 års
124 298 84 27 förlopp
230 299 46 21 åter
291 299 102 25 vidtagas,
409 298 33 21 vid
458 298 84 21 hvilken
558 298 99 27 tidpunkt
672 298 59 21 äfven
747 299 140 26 entreprenad

67 327 224 22 öfverenskommelsen
314 327 53 21 skall
390 327 116 27 upphöra".
536 327 64 22 Detta
623 327 51 21 sista
695 327 68 22 skulle
783 327 36 27 jag
837 333 50 16 anse

66 356 73 27 nödigt
159 356 76 25 derför,
257 359 32 18 att
304 356 67 21 under
386 356 93 21 tidernas
494 355 50 28 lopp
559 356 80 21 antalet
653 355 73 22 hästar
741 362 59 20 ,,som
815 355 72 22 behöf-

67 391 35 16 ves
116 386 27 26 på
159 385 36 21 det
210 391 39 16 ena
264 385 52 22 eller
330 385 66 21 andra
410 384 149 28 gästgifveriet,
576 384 108 22 förändras
700 385 39 21 och
755 385 36 21 det
806 385 80 22 således

66 414 42 22 blir
130 414 128 27 nödvändigt
280 416 32 20 att
329 416 52 25 göra
396 420 25 15 en
437 420 27 22 ny
480 414 106 26 inledning
601 414 21 21 af
636 414 179 26 skjutsdistrikten
830 414 56 22 inom

66 443 95 22 häradet.
190 443 62 21 Hvad
269 449 46 15 som
330 444 39 20 här
384 445 23 19 är
422 443 61 26 sagdt
498 449 34 14 om
547 442 188 27 skjutshällningen
751 443 54 21 låter
820 442 66 22 likaså

66 471 33 22 väl
120 472 96 26 tillämpa
230 472 31 26 sig
276 472 28 27 på
327 471 248 28 gästgifverihållningen,
598 471 39 22 och
653 473 31 20 att
699 473 27 25 på
741 471 59 22 detta
815 471 30 21 vis
855 472 32 21 åt-

65 500 104 22 minstone
189 500 151 27 jemförelsevis
356 501 39 20 den
412 500 104 25 billigaste
531 499 144 27 fördelningen
690 501 21 20 af
725 500 80 21 bördan
822 501 65 20 inträ-

66 529 37 21 der
126 529 38 21 och
187 530 32 19 att
249 529 108 21 dessutom
380 529 46 21 icke
441 528 38 21 allt
494 528 81 21 lemnas
590 529 7 20 i
612 529 172 26 kronobetjentes
800 529 86 24 händer,

65 557 105 22 förefaller
192 557 42 26 mig
256 557 99 26 temligen
369 557 63 22 klart.
462 557 48 20 Men
524 557 36 26 jag
576 557 129 21 misströstar
720 557 117 21 emellertid
852 563 34 15 om

65 587 32 20 att
112 586 138 21 öfverhufvud
265 586 48 21 med
329 586 68 21 denna
412 585 123 26 författning
548 587 44 24 just
607 586 41 21 kan
664 587 62 25 göras
737 587 70 25 något,
818 588 22 24 ty
852 592 33 15 om

65 614 60 22 äfven
148 615 59 21 detta
229 615 67 20 skulle
319 615 82 25 ordnas,
423 615 24 20 så
469 615 23 20 är
512 614 39 21 här
565 613 24 22 så
605 614 81 27 mycket
701 617 71 22 annat,
787 620 45 15 som
848 614 38 21 har

65 643 47 27 föga
128 643 65 27 utsigt
207 643 33 21 för
254 643 37 27 sig.

134 701 87 21 Prosten
246 700 169 27 Dahlberg:
441 700 49 21 Med
513 700 97 22 afseende
625 700 12 21 å
653 699 105 28 professor
772 699 114 22 Forsmans

64 729 98 27 yttrande
178 729 35 20 vill
225 729 37 26 jag
277 729 106 25 anmärka,
399 731 32 19 att
444 729 36 26 jag
494 729 8 21 i
517 729 68 22 denna
600 729 38 21 sak
654 728 52 22 varit
722 729 6 20 i
744 735 25 14 en
785 728 49 27 djup
845 728 41 21 för-

67 758 78 21 villelse
161 758 54 21 ända
231 757 32 21 till
278 757 51 22 sista
345 758 165 21 sammanträdet
525 758 40 21 och
579 757 82 27 trodde,
677 759 31 19 att
723 757 43 21 min
782 757 54 26 åsigt
850 763 37 15 var

66 786 123 22 framhållen
205 786 6 21 i
227 787 40 21 den
282 786 77 26 nådiga
373 786 164 27 propositionen.

135 843 110 22 Professor
259 843 104 21 Cleve:
387 843 39 26 Jag
442 843 38 21 har
495 843 88 22 anhållit
599 849 33 14 om
649 842 60 21 ordet
724 842 75 21 endast
811 842 32 21 för
855 843 32 20 att

66 871 21 22 få
101 873 51 25 göra
167 878 25 15 en
209 872 49 21 kort
273 871 143 27 anmärkning.
442 871 41 22 Vid
498 873 84 20 senaste
597 871 155 21 sammanträde
768 870 43 21 blef
820 870 36 27 jag
866 870 23 21 af

66 900 95 27 plötsligt
175 900 126 21 illamående
316 900 108 21 nödsakad
440 902 32 19 att
487 900 92 27 aflägsna
594 899 54 28 mig;
673 905 45 15 men
732 899 44 27 just
792 899 26 21 då
833 899 54 21 hade

66 929 36 22 det
124 929 53 22 varit
199 928 60 27 fråga
277 935 34 15 om
326 929 14 21 4
355 929 11 26 8
381 929 6 20 i
403 929 75 26 nådiga
500 929 158 27 propositionen
678 927 38 22 och
732 928 48 21 dess
796 928 12 21 3
824 934 62 15 mom.

66 958 39 21 och
120 959 6 20 i
142 958 39 21 och
203 958 47 21 med
273 958 116 21 detsamma
405 957 54 22 hade
474 957 36 22 det
525 957 67 22 blifvit
607 957 70 26 gjordt
692 957 35 20 det
742 956 84 27 förslag,
842 962 44 15 som

66 993 28 15 nu
116 987 23 21 af
155 989 86 25 prosten
262 986 107 27 Dahlberg
385 987 37 21 och
438 986 106 27 professor
559 986 103 21 Forsman
678 985 67 21 blifvit
760 985 126 21 framstäldt.

65 1015 33 22 Då
110 1015 37 28 jag
162 1015 119 27 aflägsnade
297 1015 42 26 mig
355 1015 61 21 visste
430 1015 36 26 jag
482 1015 46 21 icke
542 1015 56 21 hvad
614 1014 110 21 resultatet
740 1014 22 21 af
771 1013 116 27 öfverlägg-

66 1044 74 27 ningen
163 1044 68 21 skulle
254 1043 70 24 blifva,
347 1050 46 15 men
408 1043 6 21 i
430 1043 134 27 tidningarna
583 1043 38 21 har
633 1043 36 26 jag
684 1045 49 22 sett,
749 1044 31 19 att
802 1042 6 21 3
824 1048 62 15 mom.

66 1073 6 20 i
88 1075 12 19 4
116 1073 11 27 8
142 1073 55 21 hade
213 1072 67 21 blifvit
295 1074 90 25 antagen
401 1073 46 20 med
464 1072 35 21 det
514 1072 79 27 tillägg,
605 1078 45 15 som
660 1071 35 27 jag
705 1071 54 21 hade
770 1071 116 26 föreslagit:

66 1102 81 25 »Såvidt
169 1101 46 22 icke
238 1102 25 20 de
279 1101 224 27 skjutsningsskyldige
518 1101 31 26 sig
565 1100 88 22 emellan
669 1099 71 22 derom
756 1099 131 22 annorlunda

66 1130 199 21 öfverenskomma.*
296 1130 39 21 Om
358 1136 28 15 nu
408 1130 23 20 så
453 1129 100 22 förhåller
575 1129 37 26 sig,
635 1129 45 20 står
698 1129 57 20 detta
771 1134 27 15 nu
814 1127 73 27 gjorda

65 1159 79 26 förslag
159 1159 86 21 alldeles
260 1159 7 20 i
282 1159 53 21 strid
351 1158 47 21 med
412 1157 56 22 hvad
483 1164 45 15 som
544 1158 27 21 då
587 1157 85 21 beslöts.
697 1156 57 22 Skall
770 1157 59 20 detta
844 1155 43 22 för-

66 1187 45 27 slag
132 1187 133 27 genomföras
287 1187 67 21 måste
376 1186 132 27 naturligtvis
532 1187 58 20 detta
612 1187 93 20 moment
727 1185 87 21 alldeles
829 1185 57 26 utgå,

66 1216 79 21 hvilket
160 1216 64 21 också
239 1216 27 21 då
281 1215 22 22 af
316 1216 42 26 mig
372 1215 7 21 i
394 1215 58 26 fråga
467 1217 71 19 sattes.
563 1215 40 26 Jag
619 1214 54 21 hade
683 1213 27 22 då
720 1216 50 18 äran
782 1215 32 20 att
824 1213 63 21 fram-

66 1245 69 26 ställa,
157 1246 32 20 att
211 1245 58 20 detta
291 1246 93 19 moment
403 1244 98 26 antingen
517 1245 66 20 måste
599 1243 50 26 utgå
665 1242 51 21 eller
730 1242 22 21 få
768 1242 59 21 detta
844 1241 44 21 till-

64 1273 54 26 lägg,
141 1274 50 25 utgå
213 1273 43 21 ifall
280 1273 36 22 det
331 1273 27 21 då
372 1273 65 21 redan
452 1273 74 26 gjorda
540 1271 106 27 förslaget,
661 1277 45 15 som
722 1277 28 14 nu
764 1271 123 26 ytterligare

65 1302 39 22 har
119 1302 67 21 blifvit
201 1302 23 21 af
238 1304 76 19 tvänne
329 1301 68 22 talare
412 1301 118 21 framstäldt
546 1301 67 21 skulle
629 1306 60 15 anses
705 1299 101 27 lämpligt,
822 1300 2 20 i
834 1301 52 18 mot-

66 1333 43 19 satt
130 1331 36 21 fall
189 1330 116 22 bibehållas
327 1330 40 21 och
389 1330 20 20 få
424 1330 6 20 i
445 1329 59 27 fråga
526 1329 91 21 varande
640 1328 78 26 tillägg.
749 1327 34 21 Nu
798 1328 38 20 har
852 1327 36 21 det

66 1359 68 21 blifvit
154 1358 128 26 bibehållet;
309 1358 61 22 alltså
393 1358 40 21 kan
456 1358 46 21 icke
523 1364 66 21 gerna
611 1358 59 20 detta
687 1356 78 26 förslag
780 1355 106 22 komma
869 1351 20 38 i

66 1388 60 26 fråga
148 1388 23 21 så
191 1387 48 22 vida
255 1387 36 22 det
305 1387 47 22 icke
366 1386 100 24 beslutes,
482 1388 31 20 att
528 1387 58 21 detta
602 1388 92 19 moment
709 1385 43 22 helt
768 1384 39 22 och
822 1384 65 21 hållet

66 1416 54 22 skall
135 1417 57 25 utgå,
209 1416 19 21 d.
244 1423 18 14 v.
278 1422 15 15 s.
311 1416 36 21 det
361 1415 125 25 föregående
497 1415 92 21 beslutet
600 1414 122 26 upphäfvas.
738 1427 28 2 —
782 1413 105 24 Föröfrigt

66 1444 63 21 utber
148 1444 37 26 jag
206 1444 42 25 mig
263 1446 32 19 att
310 1444 21 20 få
345 1443 73 21 förena
433 1443 43 26 mig
490 1443 6 20 i
512 1445 85 24 prosten
613 1441 69 26 Hjelts
698 1441 138 25 anmärkning
851 1446 36 15 an-

66 1472 81 27 gående
169 1473 12 20 5
204 1478 62 15 mom.
297 1472 42 21 Det
361 1473 24 19 är
407 1471 86 21 alldeles
515 1471 79 26 riktigt,
617 1471 33 19 att
668 1469 35 21 det
719 1475 86 15 numera
820 1469 67 20 måste

67 1503 62 25 göras
151 1506 26 16 en
199 1500 89 27 ändring
311 1500 44 21 deri
377 1499 24 22 så
423 1499 32 21 till
478 1499 54 26 vida,
551 1501 32 19 att
597 1497 123 28 uppbörden
736 1497 46 21 icke
797 1497 38 21 bör
850 1496 37 21 ske

66 1536 76 21 genom
157 1529 144 27 kronofogden
316 1531 53 19 utan
383 1534 75 21 genom
474 1527 232 22 kommunalnämnden.
733 1526 49 21 Men
798 1525 90 22 orsaken
