1081 1817
311 132 158 18 Presteständet
482 134 53 17 1877.
559 135 27 16 20
599 134 90 17 oktober.
821 128 53 21 1513

86 201 102 27 nemligen
212 205 31 18 att
262 209 47 15 man
324 209 74 20 genom
415 203 94 22 enskilda
525 203 151 21 konventioner
691 203 38 21 och
746 203 156 22 öfverenskom-

86 231 63 20 melse
165 231 40 20 kan
222 230 46 22 bäst
283 231 84 21 komma
383 232 30 20 till
430 232 70 24 målet,
517 232 38 21 och
571 232 26 20 då
612 232 39 20 har
664 232 34 26 jag
714 232 64 20 också
788 232 6 20 i
806 233 37 19 och
856 233 47 19 med

87 258 116 22 detsamma
218 259 81 21 förenat
315 260 41 26 mig
371 260 5 20 i
393 264 84 22 prosten
494 260 119 26 Grönbergs
629 260 104 27 yttrande.
764 260 40 26 Jag
819 260 38 21 har
872 261 30 20 så-

84 287 58 21 ledes
166 287 72 27 ogillat
260 287 72 27 sjelfva
354 288 39 20 den
413 289 86 26 princip,
516 294 44 16 som
576 288 114 27 genomgår
705 288 143 21 betänkandet
864 288 39 21 och

86 315 83 21 hvilken
192 316 71 20 ställer
287 316 37 20 allt
347 316 5 21 i
375 316 108 22 händerna
503 317 26 26 på
544 317 39 21 den
599 316 88 22 sålunda
702 316 85 22 bildade
802 316 101 25 komitén,

86 344 37 21 der
138 347 57 23 prest
214 344 39 21 och
267 344 122 27 församling
405 344 60 22 hafva
481 345 88 21 förlorat
585 345 28 21 all
629 346 56 20 talan
702 345 38 21 och
756 345 28 21 all
798 347 50 23 rätt,
864 345 38 21 och

85 373 94 21 anhåller
201 375 38 24 att,
262 373 26 21 då
311 374 58 26 fråga
393 373 40 21 blir
455 380 34 14 om
505 374 25 21 de
545 374 68 21 skilda
629 374 154 26 paragraferna,
799 374 21 21 få
834 374 68 20 uttala

86 402 42 26 mig
143 402 78 20 vidare.

153 459 89 21 Prosten
266 459 160 22 Hackzell:
457 461 31 20 En
512 459 103 28 reglering
635 459 21 22 af
671 459 165 27 presterskapets
852 459 51 22 aflö-

86 488 48 27 ning
149 490 25 19 är
189 488 82 27 mycket
287 489 114 20 önskvärd:
417 489 57 21 såväl
490 489 90 23 lekmän,
595 495 45 16 som
657 488 47 21 laici
719 489 66 20 önska
802 489 40 21 det.
863 489 41 21 Det

85 517 81 21 bevisas
182 517 64 25 deraf,
261 519 31 19 att
305 517 54 22 ända
374 517 44 21 från
435 518 35 20 det
482 518 51 21 våra
545 518 125 26 landtdagar
680 517 61 21 hafva
751 517 153 22 sammanträdt

84 559 27 2 —
134 545 32 22 till
188 546 38 21 och
246 546 47 21 med
309 546 64 21 redan
389 547 5 20 i
409 545 88 22 Januari
513 547 104 20 utskottet
632 559 27 2 —
676 546 34 21 det
726 547 54 20 varit
796 545 58 27 fråga
869 552 33 15 om

84 574 64 25 detta,
172 574 38 21 och
233 575 122 26 regeringen
379 575 36 20 har
437 575 63 20 också
522 574 97 28 aflemnat
642 575 76 25 nådiga
743 575 160 26 propositioner.

86 602 47 21 Alla
149 603 61 20 hafva
230 603 25 20 de
270 603 63 20 likväl
349 603 75 21 hittills
439 604 102 20 strandat.
572 604 66 20 Äfven
655 609 27 14 nu
698 605 23 18 är
737 609 25 15 en
776 603 64 28 nådig
856 609 48 20 pro-

86 631 91 26 position
193 631 109 25 aflemnad,
323 631 38 22 och
375 631 36 27 jag
426 635 51 22 tror,
494 635 31 18 att
541 632 39 21 den
597 631 62 21 också
675 631 65 21 faller.
771 632 133 20 Åtminstone

85 661 42 20 kan
139 660 37 26 jag
192 661 17 25 ej
226 660 73 21 förena
314 661 42 25 mig
372 667 33 14 om
422 661 47 20 dess
486 661 124 26 antagande.
636 660 122 21 Emellertid
776 660 38 20 har
829 660 75 23 denna,

86 695 27 14 nu
135 688 141 27 föreliggande
297 688 76 27 nådiga
390 689 129 26 proposition
536 689 75 26 många
626 688 54 27 goda
696 689 62 25 sidor,
776 689 37 21 och
829 689 75 25 princi-

86 723 64 20 perna
166 719 36 19 äro
218 718 61 25 goda,
298 718 39 20 och
353 717 67 21 skulle
437 718 25 21 de
478 724 51 15 vara
543 717 32 21 väl
592 717 141 27 genomförda,
749 718 23 20 så
788 717 66 21 skulle
869 717 35 26 jag

86 746 5 20 i
114 745 42 22 allo
179 745 73 22 förena
267 746 42 26 mig
325 753 32 14 om
375 746 52 21 dem.
458 746 28 21 Sä
501 750 14 17 t.
532 753 29 14 ex.
579 749 23 18 är
617 747 38 20 der
671 745 49 25 följd
736 746 39 21 den
792 746 111 21 historiska

85 775 128 26 grundvalen
236 775 31 20 för
289 775 129 26 uppbörden,
442 775 79 21 hvilket
543 777 24 18 är
585 775 82 26 riktigt;
683 774 60 21 äfven
759 777 24 18 är
798 775 36 20 der
854 774 50 27 fölid

86 804 96 25 personel
205 802 90 28 aflöning
318 804 5 20 i
347 804 53 21 vissa
416 804 116 26 persedlar;
548 804 23 20 så
586 803 78 22 uttalas
680 803 38 21 den
735 803 82 26 mycket
833 803 71 26 billiga

86 832 86 25 önskan,
196 834 32 19 att
251 832 35 21 det
309 832 58 27 lägre
390 833 155 26 presterskapet
567 832 68 21 skulle
654 832 62 21 blifva
732 832 84 26 hulpet;
834 832 70 21 vidare

86 861 78 21 uttalas
180 861 63 21 också
259 861 39 20 den
315 861 85 25 önskan,
417 863 32 19 att
464 861 42 21 alla
521 862 44 20 små
581 861 107 27 persedlar
702 861 67 20 skulle
785 861 119 21 förvandlas

86 890 38 21 och
148 892 31 18 att
201 890 157 27 presterskapet
373 890 68 21 skulle
456 889 67 28 slippa
539 890 39 21 den
594 889 111 26 förhatliga
720 889 129 27 uppbörden,
866 891 38 20 och

86 918 96 25 slutligen
204 919 75 20 önskas
295 925 25 14 en
336 925 118 19 gemensam
471 919 104 26 reglering
590 917 22 22 af
625 918 166 27 presterskapets
807 918 96 26 aflöning.

85 946 136 27 Principerna
242 949 35 19 äro
299 947 88 24 således,
409 948 68 20 såsom
501 948 66 25 sagdt,
591 946 131 27 förträitliga;
740 949 35 18 det
790 949 24 18 är
830 947 74 20 blott
893 942 14 36 i

86 975 98 22 afseende
206 976 13 20 å
240 975 35 21 det
298 975 65 22 hårda
385 976 180 25 genomförandet,
587 982 45 14 som
654 982 46 14 man
721 975 67 22 måste
804 977 100 19 motsätta

85 1005 37 26 sig.
152 1004 41 27 Jag
214 1004 33 21 vill
271 1007 14 18 t.
309 1011 31 14 ex.
362 1005 72 20 anföra
457 1005 97 26 följande.
585 1004 42 21 För
650 1007 31 18 att
702 1004 69 27 hjelpa
794 1004 35 21 det
848 1004 56 26 lägre

85 1034 157 25 presterskapet
264 1033 30 22 till
317 1033 70 21 bättre
408 1033 122 22 inkomster,
546 1033 87 21 föreslås
649 1033 163 20 kronotiondens
828 1033 76 20 afskaf-

86 1062 68 21 fande.
184 1062 41 27 Jag
247 1065 50 22 tror,
314 1065 31 18 att
361 1063 26 20 de
408 1062 100 21 herrarne
523 1063 46 20 icke
584 1065 48 18 veta
647 1062 54 21 hvad
718 1062 139 21 kronotionde
873 1064 30 19 är.

86 1091 125 27 Derigenom
234 1091 67 21 skulle
324 1090 88 27 ungefär
436 1092 62 21 3.500
521 1090 236 28 (tretusenfemhundra)
780 1094 78 17 tunnor
879 1092 25 25 gå

87 1121 47 20 bort
155 1120 45 21 från
222 1121 60 20 deras
305 1120 120 21 nuvarande
447 1119 141 26 innehafvare,
612 1120 18 20 d.
655 1126 17 14 v.
689 1126 9 15 s
720 1126 47 14 man
785 1119 34 21 vill
836 1119 69 26 hjelpa

87 1149 34 20 det
144 1149 58 26 lägre
223 1149 157 26 presterskapet
403 1149 26 26 på
454 1149 117 21 bekostnad
591 1148 24 28 af
637 1148 35 21 det
688 1149 112 26 lyckligare
816 1148 88 23 lottade,

86 1177 74 22 liksom
182 1178 59 20 detta
263 1177 66 21 skulle
346 1177 60 21 hafva
421 1177 32 21 för
469 1177 88 27 mycket.
588 1176 100 22 Ofverallt
704 1177 137 20 annorstädes
858 1177 46 20 bru-

87 1206 38 21 kar
141 1213 46 14 man
209 1206 54 26 gifva
279 1206 162 27 dyrtidstillägg;
457 1205 38 22 här
510 1206 35 20 vill
561 1212 46 14 man
624 1207 49 24 taga
689 1205 53 21 bort.
772 1205 43 21 Det
830 1207 24 19 är
869 1205 36 21 det

86 1234 71 22 första.
189 1234 78 21 Vidare
286 1234 38 21 bar
339 1241 47 14 man
403 1235 33 20 vid
452 1234 180 21 sammanslående
647 1233 22 21 af
683 1234 60 21 dessa
759 1235 44 20 små
820 1234 85 24 persed-

86 1263 31 21 lar
132 1263 44 26 lagt
190 1264 24 21 så
230 1263 47 26 låga
293 1263 42 26 pris
349 1263 28 26 på
393 1263 43 26 allt,
453 1265 30 19 att
499 1263 35 21 det
549 1263 42 21 blir
605 1265 32 18 ett
651 1266 54 17 stort
720 1263 73 20 minus.
816 1262 86 21 Kronan

86 1291 102 27 förtjenar
203 1292 51 24 icke,
270 1292 36 21 det
322 1293 23 19 är
361 1294 52 21 sant,
429 1292 68 20 såsom
513 1291 6 21 i
536 1291 115 26 Kejserliga
663 1292 157 25 propositionen
832 1293 71 24 säges;

87 1326 46 15 men
149 1320 167 26 presterskapets
335 1320 118 21 inkomster
468 1319 124 22 förminskas
608 1319 87 27 mycket.
727 1319 77 21 Vidare
820 1321 34 18 äro
872 1325 33 14 re-

86 1349 222 27 gleringskomitéerna
323 1349 23 21 så
362 1350 157 23 sammansatta,
535 1351 32 19 att
582 1349 35 21 det
632 1348 108 24 samband,
756 1353 44 16 som
817 1347 89 21 emellan

86 1377 174 27 församlingarna
281 1378 39 20 och
337 1377 156 27 presterskapet
508 1379 23 19 är
547 1377 37 21 och
601 1377 39 20 bör
655 1382 49 15 vara
720 1377 33 20 vid
770 1377 135 26 uppgörande

87 1405 21 21 af
129 1406 166 26 presterskapets
313 1408 49 23 stat,
380 1406 42 20 helt
437 1406 39 20 och
493 1405 65 22 hållet
573 1405 86 21 afslites.
689 1405 215 27 Regleringskomitén

87 1436 23 18 är
130 1434 40 20 den
192 1434 130 24 beslutande,
339 1434 174 25 församlingarna
529 1434 38 21 och
583 1434 156 26 presterskapet
754 1434 32 23 de,
802 1440 44 14 som
863 1433 43 21 till-

87 1461 81 25 frågas;
188 1463 24 19 så
230 1461 37 21 har
283 1462 36 20 det
333 1461 46 21 icke
394 1462 55 20 varit
465 1461 62 21 förut.
557 1461 44 21 När
616 1461 174 25 församlingarna
806 1461 38 20 och
859 1466 46 20 pre-

87 1489 119 27 sterskapet
221 1489 54 21 hade
291 1490 88 20 kommit
395 1490 100 24 öfverens,
512 1489 51 25 egde
579 1489 122 26 regeringen
716 1491 32 18 att
764 1491 76 23 antaga
855 1488 51 21 eller

87 1518 93 22 förkasta
203 1518 231 22 öfverenskommelsen.
465 1517 33 22 En
516 1517 65 21 sådan
596 1517 64 26 makt,
676 1523 44 15 som
736 1523 28 15 nu
780 1518 24 20 är
819 1517 5 20 i
840 1516 64 28 fråga,
