1095 1814
201 121 55 21 1222
396 125 160 18 Presteståndet
568 126 54 17 1877.
646 126 12 16 5
670 125 92 17 oktober.

171 194 72 21 kunna
258 193 88 27 beviljas
361 193 48 23 den,
424 200 45 15 som
484 193 94 22 befinner
592 193 32 27 sig
638 193 7 21 i
659 193 95 21 särdeles
769 192 85 27 knappa
864 192 128 26 omständig-

171 222 68 21 heter.
268 222 61 21 Hvad
352 222 120 21 derutöfver
496 222 107 21 erfordras
624 221 61 28 fylles
699 228 76 20 genom
790 221 93 21 tillskott
898 220 54 22 efter
966 221 26 21 de

170 250 101 27 grunder,
286 256 46 16 som
347 250 33 22 för
394 250 135 21 kommunala
544 250 120 27 utskylders
679 250 117 27 utgörande
811 250 8 21 i
829 249 115 22 allmänhet
954 250 38 20 äro

171 279 115 27 stadgade"
308 278 18 22 d.
347 286 19 14 v.
388 284 16 16 s.
426 279 8 21 i
457 279 91 26 Sverige,
570 279 38 21 der
622 278 161 22 förhållandena
798 279 24 21 så
836 278 85 27 mycket
936 278 57 21 likna

171 307 59 27 våra,
251 308 41 21 har
313 314 49 15 man
384 309 77 24 ansett,
482 310 33 19 att
537 308 40 21 den
598 307 111 27 personela
729 307 112 27 utskylden
857 306 56 22 först
927 306 66 22 borde

172 337 85 21 komma
271 337 8 21 i
293 336 60 26 fråga
368 336 38 21 och
423 336 65 22 sedan
503 342 26 15 en
544 336 117 26 debitering
677 335 53 21 efter
746 336 26 21 de
787 336 98 26 grunder,
901 341 45 15 som
961 334 33 22 för

172 364 137 22 kommunala
330 364 121 27 utskylders
472 365 118 25 utgörande
605 366 36 19 äro
657 363 109 27 stadgade.
795 364 41 26 Jag
851 364 67 21 fäster
932 364 62 26 ingen

172 395 47 19 stor
239 394 46 26 vigt
299 393 35 21 vid
350 393 115 26 ordningen
480 393 22 21 af
515 393 71 23 saken,
604 392 35 22 det
653 392 42 21 kan
711 398 51 16 vara
778 392 117 21 detsamma
909 398 34 15 om
959 391 37 22 det

172 422 55 21 först
248 422 45 21 står
315 427 34 15 om
370 421 75 26 bidrag
465 421 53 22 efter
532 422 95 21 skattöre
642 421 40 21 och
697 421 65 21 sedan
778 426 35 16 om
829 421 40 21 den
883 420 113 26 personela

173 450 94 26 afgiften.
297 449 45 22 Allt
361 450 83 26 jemnar
467 450 31 27 sig
512 450 135 26 naturligtvis
661 449 24 21 af
699 449 75 27 sjelfva
788 449 172 21 handhafvandet
974 448 23 22 af

172 478 149 27 fattigvården.
352 478 49 22 Men
423 479 21 20 vi
465 485 22 15 se
502 478 24 22 af
539 479 59 21 detta
613 478 122 27 stadgande,
751 478 55 21 huru
821 478 58 21 klart
893 484 48 14 man
957 477 39 21 har

173 507 65 21 fattat
261 507 125 27 betydelsen
406 507 23 21 af
444 506 38 22 den
504 507 112 27 personela
638 506 215 28 fattigvärdsafgiften
873 507 8 21 i
904 506 92 27 Sverige.

173 536 52 21 Man
240 535 39 22 har
294 536 98 26 ingaluda
406 536 94 26 ätergätt
515 536 32 21 till
562 543 26 14 en
604 535 23 22 sä
641 536 61 21 oklar
717 536 135 27 uppfattning
867 535 23 22 af
899 535 41 21 den
950 541 47 21 per-

173 564 74 22 sonela
261 564 95 27 afgiften,
372 571 44 14 som
432 565 8 20 i
458 565 52 21 1852
523 564 35 21 års
568 565 121 26 förordning
700 565 102 20 existerar
812 565 40 20 och
863 570 45 15 som
919 563 77 22 bonde-

174 593 97 22 ständets
284 595 172 25 representanter
471 593 127 22 ätminstone
609 593 62 21 hafva
681 593 99 27 päpekat,
790 594 32 20 att
833 593 105 26 nemligen
948 598 49 15 man

175 622 66 21 borde
256 621 62 22 hafva
333 628 26 15 en
374 621 172 28 fastighetsafgift
560 622 40 21 och
615 627 25 16 en
655 621 166 28 personalafgift.
851 622 65 21 Detta
931 621 66 25 heter,

175 652 33 20 att
230 650 70 21 klotta
321 650 49 21 bort
392 650 71 26 saken,
485 653 33 18 att
539 651 64 20 korsa
618 650 40 21 den
673 657 40 14 ena
727 650 151 26 författningen
893 649 49 22 med
957 649 41 22 den

174 679 74 21 andra.
278 679 33 21 Dä
333 679 20 20 vi
374 679 82 26 engäng
476 679 62 22 hafva
552 679 299 26 kommunalförfattningarna
867 679 23 20 af
902 679 24 21 är
942 679 54 20 1865

176 708 40 21 och
243 708 54 21 1873
319 707 40 22 och
375 708 25 21 de
416 707 24 22 sä
455 708 56 21 klart
526 708 39 21 och
580 707 76 28 tydligt
673 709 116 20 bestämma
804 707 55 22 hvad
875 713 44 16 som
935 708 62 25 utgör

175 736 122 22 kommunal
312 735 72 28 utlaga
399 737 33 21 för
447 737 79 21 enhvar
542 737 22 21 af
577 737 139 21 kommunens
731 737 143 24 medlemmar,
889 736 24 21 sä
926 737 24 20 är
961 736 37 21 det

175 765 133 26 sannerligen
330 767 58 19 orätt
410 767 33 19 att
465 767 26 24 gä
512 765 90 22 tillbaka
625 765 32 21 till
679 771 25 15 en
727 765 58 22 äldre
805 766 139 25 bestämning,
960 765 38 20 der

176 793 176 26 handelsrörelse,
375 794 47 21 löne
445 794 93 22 inkomst
560 794 40 21 och
619 793 67 28 dylikt
701 794 79 21 räknas
794 794 33 21 till
841 793 112 27 personela
968 793 30 22 af-

175 823 72 26 gifter.
275 822 11 21 I
301 821 86 28 Sverige
411 823 39 21 har
472 829 48 15 man
544 823 56 21 klart
622 822 86 22 förstätt
731 823 39 21 och
785 823 72 24 insett,
872 824 33 20 att
919 823 41 20 den
975 823 24 21 sä

176 851 84 22 kallade
281 851 111 27 personela
412 851 89 26 afgiften
522 852 40 21 bör
584 858 48 15 vara
653 857 121 20 gemensam
793 852 34 21 för
841 851 42 22 alla
899 851 39 22 och
952 851 47 22 icke

176 881 75 20 endast
273 885 120 21 gemensam
416 881 48 26 alla,
487 883 51 19 utan
553 880 40 21 ock
608 880 42 21 lika
665 880 34 21 för
713 881 48 20 alla.
791 880 42 21 Det
848 880 61 21 heter
923 879 77 28 tydligt

177 909 33 21 för
233 908 72 27 hvarje
324 914 48 16 man
388 909 27 20 50
431 911 36 19 öre
482 909 40 21 och
537 909 33 21 för
585 909 76 26 gvinna
684 909 27 21 25
733 911 37 19 öre
790 911 52 19 utan
858 908 99 22 afseende
972 909 28 26 pä

177 937 69 26 ständ,
262 937 68 21 vilkor
345 937 39 22 och
400 938 67 20 andra
482 937 185 26 omständigheter.
690 937 41 28 Jag
747 937 36 22 ber
795 943 34 16 om
840 937 75 22 ursäkt
924 937 33 21 för
967 939 33 19 att

175 966 37 26 jag
227 966 39 21 har
281 971 55 21 noga
351 966 56 21 velat
422 966 112 22 framhälla
550 967 68 21 denna
633 966 162 28 omständighet.
821 966 41 27 Jag
873 966 42 21 kan
926 965 74 22 nemli-

176 1000 42 21 gen
232 994 47 22 icke
293 994 155 22 tillfredställas
464 996 47 20 med
527 996 40 20 den
580 994 135 25 reservation,
727 1002 45 14 som
784 995 49 21 herr
843 994 157 22 Nordenskiöld

178 1024 39 21 har
239 1023 81 26 bifogat
335 1024 116 21 utskottets
467 1024 139 24 betänkande,
623 1024 40 20 och
678 1023 85 22 hvilken
778 1023 137 27 reservation,
931 1024 69 21 säsom

175 1052 37 27 jag
233 1052 28 26 pä
283 1052 144 26 förmiddagen
449 1052 73 26 hörde,
538 1053 65 21 redan
619 1054 24 19 är
658 1055 92 23 antagen
765 1052 22 22 af
798 1052 148 27 ridderskapet
961 1052 40 21 och

177 1080 70 21 adeln.
273 1081 41 20 Det
329 1082 25 19 är
365 1080 91 22 ledsamt
468 1080 38 22 och
517 1083 77 24 ytterst
604 1080 90 22 ledsamt
705 1083 32 19 att
747 1081 46 21 icke
804 1081 70 21 kunna
885 1080 74 22 förena
968 1080 34 26 sig

178 1110 80 20 derom.
273 1109 41 25 Jag
329 1108 39 22 har
383 1110 104 26 nemligen
503 1112 56 18 emot
575 1110 48 20 herr
637 1109 168 21 Nordenskiölds
821 1109 131 21 reservation
962 1109 40 21 och

177 1136 136 22 formulation
328 1137 34 21 för
377 1138 40 20 den
432 1138 112 26 personela
559 1137 87 27 afgiften
661 1138 43 23 det,
719 1140 33 19 att
767 1138 41 21 han
825 1139 66 25 säger,
906 1138 96 21 bestämd

177 1166 99 26 personel
296 1166 60 26 afgift
371 1166 86 21 hvilken
472 1166 96 27 erlägges
584 1166 23 22 af
620 1166 134 26 ,samhällets
770 1166 96 26 samtlige
881 1166 121 21 arbetsföra

178 1194 144 26 medlemmar,
337 1200 45 15 som
398 1194 46 26 fyllt
461 1196 25 20 15
498 1194 44 22 år".
562 1195 73 21 Redan
646 1196 61 20 ordet
719 1194 130 24 ,arbetsför*
859 1194 96 27 påpekar
966 1195 36 21 nä-

177 1224 92 24 got,som
285 1222 67 22 skulle
368 1223 56 26 gälla
440 1222 55 22 blott
505 1223 164 21 arbetsklassen.
693 1223 50 21 Icke
754 1225 24 19 är
789 1223 36 21 det
835 1224 76 20 endast
921 1223 81 21 arbets-

179 1250 85 22 klassen
279 1251 36 21 det
329 1252 75 25 gäller,
418 1252 48 20 icke
481 1252 67 21 heller
562 1254 24 19 är
602 1252 35 20 det
651 1251 59 27 fråga
726 1258 34 15 om
773 1252 154 25 arbetsförhet;
952 1253 50 19 utan

178 1280 38 20 det
231 1281 24 19 är
269 1279 60 27 fräga
344 1280 44 21 helt
403 1280 71 21 enkelt
490 1286 34 15 om
541 1280 116 27 tillgängar,
673 1280 70 21 säsom
760 1281 40 21 den
815 1280 91 21 svenska.
917 1280 87 21 författ-

179 1308 78 26 ningen
275 1310 67 24 säger,
359 1308 27 22 dä
401 1308 37 21 der
454 1309 44 21 stär
513 1309 68 26 ,dock
596 1309 35 21 mä
646 1308 93 27 eftergift
754 1308 61 22 deraf
829 1309 72 21 kunna
916 1308 87 28 beviljas

179 1337 49 25 den,
243 1342 45 16 som
305 1336 93 22 befinner
414 1337 32 27 sig
461 1338 6 20 i
482 1338 94 21 särdeles
590 1338 85 25 knappa
690 1337 188 27 omständigheter.

249 1364 40 26 Jag
311 1364 38 27 gär
371 1372 29 14 nu
419 1366 59 20 öfver
501 1366 31 20 till
552 1366 41 20 den
608 1366 66 20 andra
690 1365 60 21 delen
766 1366 23 20 af
803 1366 40 20 den
858 1364 147 28 anmärkning,

178 1392 37 26 jag
229 1392 68 21 mäste
312 1393 112 21 framhälla
439 1395 58 19 emot
511 1393 115 21 utskottets
639 1393 134 21 betänkande
787 1394 40 20 och
838 1394 166 26 propositionen.

180 1420 43 22 Det
237 1420 67 27 gäller
320 1421 40 22 den
376 1421 189 27 omständigheten,
580 1423 34 20 att
625 1420 38 29 jag
678 1422 5 21 i
699 1421 42 22 allo
757 1422 62 27 gillar
833 1422 117 21 utskottets
960 1428 45 15 mo-

181 1449 37 25 tiv,
241 1449 27 22 dä
288 1449 36 22 det
338 1450 37 21 vill
390 1451 94 21 utesluta
499 1451 40 21 den
554 1451 111 26 personela
680 1451 88 26 afgiften
784 1451 65 21 sådan
866 1451 40 21 den
921 1451 83 22 härtills

180 1478 40 21 har
241 1479 56 21 varit
318 1479 40 21 och
380 1481 68 26 säger,
471 1481 32 19 att
518 1480 36 21 det
569 1481 24 20 är
606 1479 44 28 just
665 1479 69 22 denna
748 1480 111 27 personela
875 1480 69 27 afgift,
959 1486 46 16 som

181 1507 40 22 har
243 1506 121 23 framkallat
386 1509 40 21 den
449 1508 154 28 ötvertygelsen
624 1509 39 21 hos
679 1509 40 21 den
735 1509 116 22 arbetande
866 1508 91 28 klassen,
972 1511 34 20 att
