1086 1778
211 133 54 21 1288
406 138 160 18 Presteståndet
579 140 54 17 1877.
657 139 13 16 9
682 139 90 17 oktober.

181 213 29 14 nu
232 209 25 19 är
278 207 109 26 meningen
410 209 31 19 att
456 207 6 21 i
478 209 30 19 ett
523 207 150 26 sammanhang
688 207 47 20 med
751 206 128 27 tingslagens
894 207 104 26 reglering

181 235 72 26 afgöra
276 235 67 21 denna
365 235 65 26 fråga.
460 235 31 27 Ty
513 241 33 15 om
569 236 63 20 också
654 235 180 26 tingsgästningen
857 235 73 21 hittills
953 235 45 21 icke

181 264 54 20 varit
250 264 96 25 grundad
362 264 26 26 på
404 270 25 14 en
444 263 64 28 laglig
523 264 50 21 eller
588 264 87 25 behörig
691 263 210 22 öfverenskommelse
910 263 89 22 emellan

182 291 26 22 de
230 292 68 21 skilda
320 292 170 25 statsmakterna,
514 295 49 18 utan
585 292 283 27 tingsgästningskapparnas
883 292 117 27 utgörande

181 320 70 21 såsom
266 321 38 20 här
319 322 24 19 är
358 321 124 25 framstäldt,
497 320 123 22 tillkommit
635 321 26 26 på
676 321 90 26 ensidigt
781 323 49 24 sätt,
845 322 24 20 så
879 323 24 18 är
916 321 35 21 det
962 320 38 21 lik-

181 349 33 20 väl
236 355 28 15 nu
282 349 78 21 folkets
377 349 119 27 skyldighet
514 352 31 18 att
560 356 23 14 se
597 349 32 21 till
644 351 32 19 att
692 349 39 21 den
747 355 40 21 nya
803 349 94 26 ordning,
911 355 45 15 som
972 355 28 15 nu

181 377 54 21 skall
258 377 144 27 frambringas,
424 377 41 21 blir
486 378 23 21 så
524 378 79 21 ordnad
620 377 39 21 och
674 377 24 21 så
713 378 55 20 stäld
784 379 32 19 att
831 378 113 20 rättvisans
960 377 40 22 ski-

181 406 70 27 pande
273 406 46 22 icke
342 406 40 21 blir
404 406 26 27 på
450 407 64 27 något
529 409 42 19 sätt
586 406 139 28 äfventyradt.
756 406 41 22 Det
812 408 24 19 är
851 406 33 21 väl
899 408 54 23 sant,
969 408 31 19 att

182 436 41 25 det,
247 441 44 15 som
315 438 72 24 pastor
409 435 65 22 Lilius
496 442 30 14 nu
547 436 90 27 yttrade,
658 435 96 27 injagade
772 436 39 20 hos
827 435 42 27 mig
884 435 116 27 betänklig-

181 464 67 22 heter.
278 464 40 26 Jag
339 464 39 21 har
398 464 104 27 nämligen
525 465 112 25 godtroget
659 464 60 21 hållit
737 464 42 26 mig
800 464 31 21 till
847 464 26 21 de
889 464 111 26 uppgifter,

182 500 46 14 som
243 492 67 22 finnas
325 495 106 25 upptagna
446 494 6 20 i
468 494 40 20 den
524 493 199 26 komitéberättelse,
739 499 45 15 som
800 493 63 21 också
879 493 39 21 har
934 493 67 21 blifvit

182 522 95 22 ståndets
284 522 135 22 medlemmar
426 522 109 27 delgifven,
543 525 31 19 att
581 522 30 22 uti
620 522 39 20 den
667 528 40 20 nya
714 522 116 27 tingslagen
838 522 163 27 tingskapparne

182 553 37 19 äro
235 552 108 26 upptagna
358 551 31 21 till
405 553 30 19 ett
450 552 79 25 ganska
545 550 92 26 måttligt
652 551 83 27 belopp.
759 550 49 22 Men
821 550 68 22 skulle
899 557 26 14 en
936 551 66 21 sådan

182 580 88 27 uppgift,
285 586 45 14 som
347 580 39 20 den
402 582 73 24 pastor
490 580 65 21 Lilius
570 579 103 25 lemnade,
690 586 48 14 vara
753 579 128 27 fullkomligt
897 579 103 21 öfverens-

182 609 131 21 stämmande
339 608 46 21 med
408 608 113 27 sanningen
545 609 39 20 och
607 608 64 21 också
692 608 140 21 förhållandet
855 614 49 15 vara
926 608 76 21 sådant

183 637 102 25 öfverallt,
307 638 24 20 så
352 637 72 27 tyckes
450 637 35 21 det
506 637 69 21 såsom
598 643 34 15 om
654 636 45 21 skäl
722 642 49 15 vore
793 638 32 20 att
844 639 63 24 pruta
928 636 22 21 af
964 636 37 22 bra

182 666 91 27 mycket.
302 665 123 22 Emellertid
448 665 103 21 vidhåller
565 665 36 27 jag
617 667 55 19 ännu
688 665 41 25 det,
746 667 32 19 att
793 666 36 20 det
843 671 51 15 vore
910 664 44 22 skäl
970 667 32 19 att

182 696 28 25 gå
233 694 20 21 in
277 694 65 27 derpå
364 694 38 20 och
421 694 31 21 för
468 694 41 20 min
526 693 32 21 del
577 694 73 25 tycker
664 693 36 25 jag
715 695 31 19 att
762 694 63 20 också
840 693 161 26 presteståndet,

183 723 68 21 ehuru
265 722 46 21 icke
326 722 74 21 hittills
410 722 145 27 förpligtigadt
563 721 32 22 till
604 722 255 27 tingsgästningskappars
870 722 132 26 erläggande,

183 758 28 15 nu
234 751 61 21 torde
317 751 52 21 böra
392 751 73 26 frångå
488 757 24 14 en
529 751 64 20 sådan
609 750 218 27 undantagsställning
843 751 37 20 och
897 750 85 27 deltaga
996 751 6 20 i

184 780 86 27 afgiften
289 781 27 26 på
336 780 34 21 det
393 782 31 18 att
439 780 45 20 icke
505 779 35 21 det
555 779 127 21 åtminstone
698 785 48 15 vore
762 779 165 27 presteståndets
942 779 61 27 skull,

184 815 33 15 om
240 815 24 15 en
285 809 66 20 sådan
368 808 104 26 reglering
492 814 46 15 som
553 808 20 21 af
589 808 76 26 många
680 807 86 22 orsaker
781 809 66 20 måste
863 813 61 16 anses
940 808 63 21 önsk-

183 838 52 20 värd
256 837 46 21 icke
318 837 40 21 blir
373 837 21 20 af
410 837 38 21 och
464 837 70 20 derför
548 837 41 20 kan
603 837 35 26 jag
653 836 46 21 icke
714 838 64 19 annat
793 839 26 18 än
835 836 111 27 godkänna
961 836 42 21 för-

183 866 74 26 slaget,
282 865 53 22 dock
355 865 47 21 med
423 866 67 20 vilkor
507 867 31 19 att
553 865 48 21 herr
617 865 159 26 Björkenheims
792 866 136 25 reservation,
944 864 59 21 hvari

184 894 95 25 föreslås,
298 896 31 19 att
345 893 113 22 ständerna
473 893 68 22 skulle
555 895 27 25 gå
597 893 21 21 in
634 894 26 25 på
676 893 26 20 de
716 893 159 26 ifrågavarande
891 894 113 26 tingsgäst-

184 923 180 26 ningskapparnes
386 922 118 26 betalande,
522 923 46 20 med
584 921 68 22 vilkor
667 923 31 19 att
713 921 149 27 häradstingen
878 922 76 21 ordnas
970 923 34 20 så-

183 951 66 22 lunda
263 957 45 16 som
323 951 113 26 föreslaget
451 953 30 23 är,
498 953 91 24 antages.

253 1007 109 23 Professor
376 1007 132 22 Ehrströ
519 1014 29 15 m:
567 1008 40 26 Jag
622 1007 67 22 finner
700 1007 119 26 visserligen
829 1007 104 27 professor
941 1008 62 21 Fors-

184 1043 60 15 mans
253 1037 64 21 motiv
325 1037 79 25 ganska
413 1036 165 26 aktningsvärdt,
587 1042 47 15 men
644 1037 38 20 den
692 1036 107 27 bevisning
806 1036 40 22 han
855 1037 38 20 har
900 1036 106 22 framstält

184 1066 34 20 för
225 1067 32 19 att
265 1065 135 26 ådagalägga,
409 1067 31 19 att
447 1065 52 21 hans
508 1066 81 26 uppgift
597 1067 23 19 är
628 1065 69 26 riktig,
706 1065 40 21 kan
753 1066 36 26 jag
798 1065 32 21 för
838 1066 41 20 min
887 1065 34 21 del
928 1065 18 27 ej
954 1065 51 27 god-

184 1094 77 22 känna.
274 1094 48 21 Han
332 1094 61 26 utgår
406 1093 45 22 från
462 1094 36 20 det
508 1094 120 26 antagande
636 1096 32 18 att
678 1094 52 20 1829
739 1094 34 21 års
783 1094 145 21 bestämmelse
938 1094 67 20 skulle

185 1123 62 21 hafva
262 1122 54 21 varit
331 1122 70 27 laglig.
424 1122 65 21 Detta
505 1122 38 21 har
558 1123 41 21 han
615 1122 45 21 icke
676 1123 26 26 på
718 1123 63 26 något
793 1124 43 19 sätt
847 1122 86 22 bevisat.
957 1123 47 21 Han

184 1151 40 22 har
239 1152 48 20 sökt
303 1151 69 21 bevisa
388 1153 32 19 att
438 1153 52 19 1858
506 1152 34 20 års
555 1151 123 26 förordning
693 1151 45 21 icke
751 1158 37 14 var
803 1151 69 26 laglig,
888 1157 48 15 men
947 1152 59 20 detta

185 1180 39 21 har
242 1179 45 22 icke
303 1179 80 26 lyckats
399 1179 83 22 honom.
513 1179 28 22 Så
556 1180 61 26 länge
632 1179 36 21 det
683 1181 24 19 är
723 1179 110 27 oafgjordt,
850 1182 31 19 att
897 1186 47 15 man
960 1180 45 21 icke

186 1209 55 21 1858
257 1208 68 21 stälde
339 1208 64 21 saken
420 1208 26 26 på
462 1214 26 15 en
503 1214 58 15 mera
575 1207 64 28 laglig
654 1208 30 21 fot
700 1209 25 19 än
741 1215 48 14 man
805 1208 131 27 olyckligtvis
951 1209 54 20 hade

185 1237 51 21 stält
251 1236 41 21 den
309 1237 60 24 1829,
386 1239 23 18 är
424 1236 36 21 det
474 1237 46 20 icke
536 1237 67 26 någon
620 1237 104 26 synnerlig
739 1237 43 26 vigt
797 1239 32 19 att
844 1237 54 21 fästa
908 1237 34 20 vid
951 1237 55 21 hvad

185 1267 6 18 i
215 1265 159 26 bevisningsväg
394 1265 39 20 här
454 1267 70 19 senast
544 1267 23 18 är
582 1265 89 21 anfördt.
702 1265 111 21 Professor
827 1265 102 21 Forsman
945 1266 61 20 sökte

185 1295 52 24 göra
258 1293 35 21 det
316 1293 111 24 sannolikt,
444 1296 32 17 att
491 1293 55 21 hvad
561 1293 41 22 den
618 1293 32 21 för
665 1294 97 21 ärendets
778 1293 115 27 beredning
908 1295 98 20 nedsatta

185 1322 93 20 komitén
295 1321 65 26 enligt
374 1321 88 20 anförda
478 1322 113 19 dokument
607 1322 54 20 hade
676 1322 79 25 påstått
767 1327 34 15 om
812 1321 53 22 både
874 1322 132 27 inhysingars

185 1355 27 15 m.
227 1349 14 21 fl.
263 1349 118 27 skyldighet
396 1352 32 18 att
443 1351 75 24 utgöra
534 1349 136 27 tingskappar
680 1350 118 26 egentligen
808 1349 46 22 icke
863 1349 73 27 angick
946 1350 60 21 dessa

185 1378 89 27 kappar.
300 1380 50 19 utan
372 1384 38 15 var
432 1378 99 26 stadgadt
553 1384 33 15 om
609 1378 287 27 tingsgästningspenningar.
927 1377 33 22 Nu
982 1380 24 20 är

186 1406 117 22 emellertid
318 1406 71 26 saken,
405 1407 69 21 såsom
490 1407 42 26 mig
547 1413 67 20 synes,
630 1409 74 19 nästan
720 1407 86 21 alldeles
822 1407 84 27 omöjlig
921 1410 31 19 att
968 1407 38 21 all-

186 1435 58 21 deles
262 1435 103 27 komplett
380 1434 81 25 utreda,
476 1441 48 15 men
540 1435 35 21 det
591 1438 24 19 är
630 1442 44 14 mer
688 1437 26 19 än
729 1436 112 25 sannolikt,
857 1436 70 22 säsom
943 1436 63 22 ocksä

186 1464 94 22 komiten
303 1464 39 21 har
359 1464 75 26 anfört,
456 1466 32 18 att
508 1464 60 22 dessa
585 1464 246 28 tingsgästningskappar
845 1465 160 27 ursprungligen

186 1492 63 22 hafva
263 1493 56 21 varit
334 1493 106 21 desamma
455 1492 67 22 ehuru
537 1492 26 22 de
578 1499 74 16 senare
668 1492 67 23 blifvit
751 1494 56 22 olika
822 1494 32 22 för
869 1494 85 28 Sverige
966 1494 39 22 och
