1092 1831
242 122 54 21 1162
439 125 160 18 Presteståndet
612 126 54 17 1877.
690 126 13 16 3
715 124 91 18 oktober.

213 197 12 26 &
242 197 22 25 1;
287 198 23 25 ty
324 195 65 27 enligt
405 196 12 26 $
434 196 9 20 1
461 197 24 19 är
501 194 35 22 det
549 194 23 27 ju
588 194 71 27 hvarje
673 194 71 21 faders
760 194 38 21 och
814 193 83 22 moders
913 192 118 28 skyldighet

212 226 32 20 att
265 224 89 26 försörja
376 224 46 21 sina
437 224 59 21 barn.
526 223 46 21 Här
586 223 7 21 i
609 223 68 21 denna
692 224 12 20 5
720 222 11 28 $
748 221 129 29 öfverflyttas
893 222 67 22 denna
975 220 57 28 skyl-

211 253 72 27 dighet
305 252 32 23 till
359 252 129 22 husbonden.
512 264 28 4 —
562 252 30 22 Pä
614 251 67 28 grund
703 251 23 22 af
744 251 60 22 dessa
818 250 46 24 skäl
879 251 43 22 kan
935 250 36 28 jag
985 250 47 22 icke

211 284 71 24 annat,
295 284 26 20 än
337 281 91 22 vidhålla
443 281 40 22 den
499 280 60 28 äsigt,
572 281 37 27 jag
624 281 56 21 förut
698 280 40 22 har
756 280 83 26 uttalat,
858 282 31 21 att
907 279 124 29 paragrafen

211 311 46 22 icke
281 310 68 23 skulle
371 310 84 22 komma
475 312 33 20 att
530 316 50 16 vara
603 309 31 22 till
657 312 65 25 nytta,
738 311 51 20 utan
804 311 92 20 tvärtom
912 308 32 24 till
959 308 72 27 skada,

211 346 34 16 om
261 340 41 21 den
317 339 41 22 blir
372 340 40 26 lag.

281 398 77 21 Pastor
373 397 91 28 Lyra:
494 397 68 27 Hvad,
584 403 45 16 som
652 397 38 22 har
712 397 67 22 blifvit
801 397 84 23 anfördt
904 398 32 22 till
951 398 80 22 försvar

210 427 32 22 för
257 427 11 27 8
283 427 13 21 5
312 427 6 21 i
334 426 138 22 förevarande
487 426 79 28 förslag
581 427 39 21 har
634 426 46 22 icke
695 426 81 22 kunnat
790 426 63 23 häfva
868 427 43 22 min
927 428 54 26 äsigt
997 433 33 15 om

210 456 183 26 nödvändigheten
408 455 23 22 af
444 456 65 26 sagda
525 456 107 27 paragrafs
647 456 144 26 utstrykande.
819 456 60 22 Både
894 456 6 21 i
916 456 39 22 den
971 456 60 22 arbe-

209 485 74 22 tandes
299 485 38 21 och
353 484 183 28 arbetsgifvarens,
547 491 46 15 men
604 484 93 22 särdeles
709 484 7 21 i
726 485 40 21 den
776 484 69 23 förras
855 485 95 27 intresse,
960 485 69 22 skulle

207 514 38 27 jag
266 520 49 15 anse
336 514 35 21 det
392 513 61 27 högst
468 513 135 27 nödvändigt,
618 515 32 20 att
665 514 123 26 paragrafen
804 514 47 22 icke
867 514 39 22 alls
920 517 109 24 upptages.

209 555 28 3 —
251 543 41 26 Jag
306 542 54 22 hade
376 542 33 21 vid
426 542 42 22 min
483 544 84 20 senaste
582 543 172 27 argumentering
768 543 89 21 kommit
872 545 33 19 att
919 546 62 25 yttra,
997 545 32 20 att

209 572 28 26 pä
259 572 26 21 de
308 574 57 19 orter
387 572 22 20 af
430 571 79 27 landet,
526 571 36 21 der
576 571 36 27 jag
627 571 70 26 vistas,
713 572 35 21 det
763 572 46 21 icke
825 574 24 19 är
864 573 99 26 ovanligt,
979 574 50 20 utan

209 600 86 27 vanligt,
317 602 33 20 att
371 600 125 22 arbetarene
518 602 37 20 äro
575 600 97 22 försedde
685 601 47 21 med
748 608 25 14 en
789 600 64 22 talrik
867 601 76 27 familj;
959 602 72 21 säkert

209 632 29 23 är,
263 631 33 19 att
318 629 37 27 jag
379 629 56 25 sade,
459 631 31 19 att
514 630 35 20 det
564 630 83 26 vanliga
662 631 30 24 är,
708 631 32 19 att
755 636 25 15 en
796 630 99 22 arbetare
910 630 41 22 kan
967 630 63 22 hafva

209 658 51 27 fyra,
283 658 48 26 fem,
352 664 43 20 sex,
409 658 22 26 ja
447 657 31 22 till
495 658 38 21 och
550 658 46 21 med
612 658 29 22 tio
657 658 64 24 barn;
738 658 85 22 dermed
839 658 88 22 menade
941 660 42 26 jag,
999 661 32 19 att

209 687 79 21 sädana
303 686 36 22 fall
355 687 72 21 kunna
442 686 89 22 inträffa.
559 687 64 21 Detta
640 686 46 22 ville
698 687 37 27 jag
750 688 48 20 med
813 687 98 22 afseende
927 688 12 20 &
955 688 77 21 doktor

208 715 124 27 Hornborgs
347 715 144 27 berigtigande
507 715 22 21 af
543 716 47 21 mitt
603 715 70 26 dåliga
684 716 70 21 minne
764 716 30 21 vis
805 715 13 22 &
829 716 30 22 vis
868 716 163 22 Jaakkimvaara

208 744 110 27 kyrkobok
334 744 99 27 päminna
448 751 41 14 om.
514 744 83 22 Striden
613 744 66 27 gäller
694 745 32 21 för
742 745 64 27 öfrigt
820 751 29 15 nu
863 746 46 20 icke
925 745 40 21 den
981 751 50 16 enas

209 772 51 22 eller
275 774 38 21 den
330 774 77 20 andras
419 780 45 15 mer
479 772 52 23 eller
546 773 81 22 mindre
642 774 55 26 goda
712 773 77 28 minne,
804 776 52 19 utan
871 780 26 16 en
913 774 64 28 vigtig
989 774 43 27 lag-

208 802 172 27 stiftningsfräga.

276 860 69 22 Sedan
369 859 145 22 diskussionen
539 860 87 22 härmed
648 859 113 23 förklarats
784 860 98 28 afslutad,
901 860 130 22 framställde

209 888 49 22 herr
272 888 155 22 talmannen
464 888 92 28 följande
571 888 142 28 proposition:

277 946 41 22 Vill
333 946 92 24 ständet,
441 948 32 19 att
488 946 160 27 ifrägavarande
663 946 101 27 paragraf
776 946 8 21 i
798 946 103 27 förslaget
915 946 116 22 bibehälles

209 974 52 22 eller
281 974 62 23 icke?
372 975 52 25 Den,
447 982 45 14 som
513 976 64 26 yrkar
597 976 28 26 pä
646 975 30 27 &:s
691 974 149 23 bibehållande
855 981 74 16 svarar
941 975 32 27 ja;
990 976 41 21 den

209 1004 36 21 det
269 1004 46 21 icke
340 1006 38 24 gör
403 1010 72 15 svarar
500 1004 39 27 nej.
569 1004 79 22 Vinner
663 1004 39 26 nej,
719 1004 39 22 har
772 1004 85 22 ständet
872 1006 83 20 voterat
970 1010 61 22 para-

209 1032 83 28 grafens
307 1032 136 27 uteslutning.

276 1090 131 22 Besvarades
432 1091 47 21 med
506 1091 25 21 19
552 1091 22 27 ja
594 1090 40 22 och
658 1091 25 21 13
706 1091 40 27 nej,
759 1090 86 22 hvarför
859 1091 82 22 säledes
955 1091 76 28 ifräga-

209 1119 90 21 varande
315 1119 99 27 paragraf
427 1119 68 22 skulle
511 1119 116 23 bibehällas
643 1120 5 21 i
664 1120 245 27 författningsförslaget.

275 1176 136 22 Beträffande
426 1176 11 29 &
453 1177 12 21 6
481 1177 84 27 yttrade
580 1177 33 27 sig
627 1176 93 29 följande
735 1177 79 23 talare:

275 1234 82 22 Rektor
377 1234 155 22 Kihlman:
562 1235 40 27 Jag
624 1234 107 28 beklagar,
754 1236 31 21 att
804 1234 37 28 jag
861 1234 46 22 icke
921 1236 42 21 kan
978 1235 52 27 god-

207 1263 70 21 känna
299 1263 69 21 denna
390 1263 105 27 paragraf.
526 1263 40 27 Jag
586 1270 62 15 anser
662 1264 103 26 nemligen
782 1264 41 21 den
838 1270 50 15 vara
903 1264 128 22 åtminstone

208 1291 129 27 öfverflödig.
367 1291 32 22 En
415 1292 104 26 arbetare,
535 1298 45 16 som
594 1292 39 22 har
648 1292 67 27 tjenat
730 1293 39 21 hos
784 1298 26 16 en
825 1292 110 22 husbonde
949 1293 7 21 i
967 1292 63 22 minst

208 1320 26 21 25
257 1321 30 25 är,
309 1320 54 22 skall
386 1320 23 22 af
429 1320 124 22 husbonden
573 1321 121 27 visserligen
710 1321 83 27 ätnjuta
808 1321 123 27 understöd,
947 1322 26 21 dä
989 1321 41 22 han

208 1348 66 22 under
295 1348 33 22 sin
350 1349 63 27 länga
435 1349 108 27 tjenstetid
566 1350 38 21 har
619 1349 68 22 blifvit
703 1350 122 21 husbonden
842 1352 74 24 trogen
932 1350 40 21 och
986 1350 43 21 till-

207 1377 69 25 giiven
299 1388 29 3 —
350 1383 34 14 om
407 1377 103 26 nemligen
530 1378 123 20 husbonden
676 1378 41 20 kan
740 1378 129 21 understöda
891 1378 84 24 honom,
991 1378 39 21 har

207 1404 95 26 förmäga
325 1404 69 22 dertill
417 1405 51 21 eller
491 1405 36 21 vill
548 1407 52 24 göra
623 1406 41 20 det.
695 1406 45 20 Har
760 1405 124 22 husbonden
899 1406 47 21 icke
961 1406 69 21 denna

207 1432 94 28 förmäga
325 1433 53 21 eller
403 1433 68 22 denna
495 1433 49 27 vilja
568 1434 54 21 skall
644 1433 42 22 han
702 1434 134 27 naturligtvis
851 1434 95 27 begagna
961 1434 32 27 sig
1008 1434 23 22 af

208 1461 68 22 denna
297 1462 101 27 paragraf
418 1462 86 26 derhän,
527 1464 32 20 att
578 1462 42 22 han
635 1462 129 22 ätminstone
778 1463 68 21 under
861 1463 36 22 det
911 1464 58 21 25:te
983 1463 46 22 äret

207 1492 104 26 uppsäger
327 1490 94 28 tjenaren
436 1491 33 21 för
484 1493 32 19 att
530 1491 47 22 icke
592 1492 64 22 blifva
671 1492 82 28 skyldig
768 1494 32 20 att
810 1492 125 22 underhälla
945 1492 83 22 honom.

207 1519 164 28 Bestämningen
393 1520 22 21 af
432 1520 27 22 25
475 1520 24 21 är
514 1522 24 20 är
553 1520 64 22 också
632 1520 126 28 godtycklig.
789 1520 50 24 Man
854 1521 71 23 kunde
940 1521 89 23 liksäväl
