1081 1759
314 121 160 18 Presteståndet
486 122 54 17 1877.
564 122 11 16 5
588 122 92 17 oktober.
822 116 56 21 1239

82 188 43 22 den
148 188 65 27 enligt
235 189 43 21 min
300 189 84 27 mening
403 188 47 22 icke
468 188 114 22 betecknas
597 190 132 20 annorlunda
744 192 27 18 än
788 190 68 21 såsom
873 192 31 19 ett

84 217 86 26 uttryck
191 216 23 22 af
228 217 34 21 det
278 219 54 19 mest
347 218 122 26 tyranniska
483 218 55 20 våld.
567 218 30 26 Ty
612 220 31 19 ett
658 218 76 21 sådant
749 218 48 21 våld
812 218 42 21 kan
869 219 35 19 väl

82 245 48 21 icke
152 245 56 27 gifva
231 245 31 27 sig
277 246 32 20 till
325 245 69 22 känna
409 246 108 26 skarpare,
533 247 24 19 är
573 246 50 25 deri,
639 248 32 19 att
687 246 35 21 det
737 246 86 27 ålägges
838 247 18 21 A
871 248 33 19 att

83 273 72 22 betala
176 273 34 21 för
232 274 23 20 B.
286 274 42 21 Det
351 280 60 20 synes
433 275 48 25 mig,
497 276 32 18 att
545 274 126 21 åtminstone
687 274 50 21 flere
752 274 23 21 af
787 275 55 24 dem,
858 280 46 15 som

83 304 68 24 yttrat
173 302 37 26 sig,
234 302 62 21 hafva
318 302 64 21 fattat
403 302 64 21 saken
489 303 46 20 icke
557 302 87 21 alldeles
660 303 48 20 rätt.
738 303 42 20 Det
795 303 39 20 har
849 302 55 21 varit

82 330 61 28 fråga
164 337 34 14 om
214 331 128 21 husbönder.
372 330 25 27 Ej
412 330 62 22 hafva
490 330 244 27 lägenhetsinnehafvare
749 331 6 22 i
771 331 133 22 förhållande

82 359 33 22 till
137 359 128 27 inhysingar,
288 359 193 27 backstugusittare
504 359 39 21 och
565 359 71 27 dylika
659 359 68 27 någon
742 359 161 22 husbonderätt.

82 388 33 21 De
130 390 37 19 äro
182 387 40 22 fria
237 388 121 21 menniskor
373 388 84 21 enhvar.
487 389 43 20 Det
544 387 39 22 fins
599 388 106 26 dervidlag
720 388 62 27 ingen
793 388 111 21 husbonde

83 418 49 19 rätt.
162 417 40 26 Jag
224 417 99 26 upplåter
345 417 43 21 min
408 417 49 26 jord
478 417 22 21 åt
515 423 25 14 en
555 416 65 21 sådan
637 416 104 27 inhysing;
767 417 42 21 han
824 417 80 27 bygger

81 446 39 20 der
143 451 25 15 en
184 445 49 26 koja
248 445 39 21 och
303 445 61 21 odlar
377 445 132 26 jordlappen.
539 445 46 21 Han
601 447 24 19 är
639 445 43 21 lika
697 445 26 22 fri
739 445 46 21 karl
800 452 45 15 som
859 445 43 28 jag.

81 473 60 22 Skall
154 474 37 26 jag
206 473 71 22 betala
291 474 33 21 för
339 473 84 26 honom,
439 474 24 21 så
477 474 42 20 kan
534 473 41 21 han
590 473 88 22 förneka
694 475 32 20 att
741 474 71 21 betala
823 474 22 21 åt
854 474 48 26 mig.

80 502 42 27 Jag
136 502 40 21 har
191 502 61 26 ingen
267 504 44 19 rätt
327 504 32 19 att
373 504 50 25 taga
437 504 25 19 ut
476 502 23 21 af
512 502 83 21 honom.
621 501 86 22 Samma
721 504 25 19 är
760 502 143 21 förhållandet

81 537 35 15 om
135 530 37 28 jag
195 533 59 25 tager
277 537 26 14 en
325 531 97 27 inhysing
436 531 6 20 i
458 531 42 20 min
516 530 49 27 koja
580 530 39 22 och
633 530 68 27 gifver
716 530 77 22 honom
809 537 25 15 en
850 531 53 21 knut

80 561 34 20 att
129 560 26 21 bo
172 560 43 21 der.
245 559 51 22 Icke
311 560 42 21 kan
366 560 37 26 jag
417 560 28 25 gå
459 562 32 19 att
506 561 48 25 taga
570 559 65 27 några
650 559 115 27 penningar
781 560 22 21 af
811 560 90 25 honom;

78 588 38 27 jag
130 589 68 20 måste
213 589 66 21 anlita
294 588 144 27 kronofogden
455 588 32 21 för
502 591 32 18 att
549 591 49 23 taga
613 591 24 18 ut
653 588 69 26 något,
739 588 54 21 likså
806 589 39 25 väl,
857 594 46 16 som

81 617 227 22 kommunalnämnden
331 617 66 21 måste
418 619 52 24 göra
492 617 43 21 det.
564 617 34 21 Nu
621 617 86 26 ålägger
729 617 126 26 paragrafen
870 617 33 21 så-

81 647 58 21 ledes
154 646 275 26 lägenhetsinnehafvarene
444 648 32 19 att
491 646 71 21 betala
577 646 32 21 för
624 651 101 22 personer
741 652 25 15 en
779 647 65 25 skatt,
856 651 46 16 som

80 681 50 15 man
153 675 39 21 har
214 675 61 26 ingen
296 674 110 27 möjlighet
421 677 32 18 att
468 675 69 21 återfå
551 674 23 21 af
588 676 53 19 dem.
672 674 80 22 Sådant
767 676 24 19 är
806 675 44 21 helt
866 681 36 15 en-

80 704 46 21 kelt
140 703 48 22 våld
204 703 22 22 af
240 705 94 20 svåraste
349 703 50 27 slag.
426 704 32 20 En
474 709 69 15 annan
559 703 38 21 sak
612 705 25 19 är
651 703 36 21 det
698 703 47 21 med
757 703 87 27 tjenare,
856 709 46 15 som

77 733 38 26 jag
130 732 92 25 aflönar;
243 732 20 21 af
275 733 47 20 dem
339 731 41 22 kan
393 732 36 27 jag
445 732 106 21 innehålla
566 732 28 26 på
609 732 70 24 lönen;
702 738 47 15 men
765 738 34 15 om
816 732 47 21 dem
878 733 24 19 är

80 761 46 21 icke
142 761 6 20 i
164 761 126 26 paragrafen
313 760 65 27 fråga.
409 760 78 22 Derför
503 767 61 15 anser
577 761 36 26 jag
629 760 36 21 det
679 767 51 14 vara
745 761 23 21 så
783 761 57 26 godt,
856 766 46 16 som

79 789 103 27 omöjligt,
198 792 33 19 att
245 789 69 21 införa
329 796 26 14 en
371 789 65 22 sådan
451 789 105 27 paragraf,
572 795 45 16 som
633 789 72 21 denne.

148 847 77 21 Pastor
246 847 113 21 Lilius:
383 847 41 26 Jag
438 846 85 22 förenar
537 847 43 26 mig
595 853 34 14 om
644 846 55 21 hvad
715 846 108 27 professor
838 845 63 22 Cleve

78 882 51 21 nyss
144 875 40 22 och
200 876 64 21 redan
280 875 57 22 förut
352 875 39 21 har
404 877 73 25 yttrat.
503 876 40 27 Jag
559 875 66 21 måste
640 875 55 21 blott
711 875 102 25 bekänna,
825 876 32 19 att
865 875 37 26 jag

79 905 7 20 i
102 905 106 21 utskottet
229 905 40 20 har
291 904 56 27 gjort
368 904 42 26 mig
432 903 82 28 skyldig
536 904 33 21 till
590 904 39 21 den
645 903 86 28 synden,
745 905 34 20 att
794 903 27 21 30
836 903 11 27 $
863 903 39 21 har

80 933 70 21 blifvit
172 933 113 21 utstruken
308 933 39 22 och
364 933 107 21 bekänner
486 932 73 25 tillika,
576 934 33 19 att
624 933 40 20 den
679 932 80 27 synden
773 933 79 25 ångrar
865 932 36 26 jag

78 963 42 20 alls
142 962 52 26 icke,
216 965 51 18 utan
291 962 66 21 måste
375 961 36 27 jag
435 963 56 20 ännu
511 961 100 25 vidhålla,
627 963 32 19 att
671 961 36 26 jag
722 967 62 15 anser
799 961 36 20 det
850 967 52 14 vara

79 990 63 26 högst
165 991 36 20 illa
224 996 33 15 om
280 990 125 27 paragrafen
427 990 123 27 ytterligare
571 990 67 21 skulle
653 989 85 21 komma
753 991 32 18 att
800 989 101 21 införas
891 985 15 36 i

79 1019 159 26 författningen.
267 1019 44 20 Min
333 1018 120 21 erfarenhet
474 1020 23 19 är
520 1019 47 24 den,
590 1021 32 18 att
643 1024 26 15 en
684 1017 111 21 husbonde
810 1017 39 21 har
865 1017 37 21 all-

78 1047 60 22 deles
159 1047 50 27 inga
231 1047 81 21 händer
335 1047 47 20 med
403 1046 127 27 inhysingar,
553 1046 193 26 backstugusittare
767 1045 40 22 och
823 1045 78 27 dylika,

78 1082 46 15 som
146 1078 76 24 vägrar
242 1078 33 18 att
295 1075 71 21 betala
382 1075 39 21 den
437 1075 66 26 afgift,
519 1075 32 22 för
567 1075 84 20 hvilken
666 1074 125 22 husbonden
805 1074 41 21 har
860 1073 41 22 fått

77 1104 29 27 gå
120 1105 8 20 i
143 1104 129 27 utläggning.
302 1103 129 28 Tjenstefolk
446 1105 87 20 nämnas
549 1103 86 22 alldeles
651 1103 46 21 icke
712 1103 6 20 i
734 1103 27 20 30
776 1103 11 26 $
805 1102 39 21 och
859 1102 43 21 för-

79 1132 110 22 hållandet
209 1135 23 18 är
253 1133 44 21 helt
319 1136 64 17 annat
402 1132 48 21 med
465 1132 53 26 dem,
534 1134 21 25 ty
571 1132 22 21 af
607 1133 32 20 ett
653 1131 128 26 tjenstehjon
795 1130 43 22 kan
853 1130 49 21 hus-

78 1161 85 22 bonden
184 1161 108 22 innehålla
315 1161 28 26 på
365 1162 68 22 lönen,
455 1167 48 15 men
524 1161 45 21 icke
592 1161 23 20 af
635 1160 60 21 dessa
709 1159 8 21 i
731 1159 62 28 fråga
807 1159 93 22 varande

78 1196 108 21 personer,
217 1189 49 22 Men
281 1189 219 28 fattigvärdstyrelsen
515 1189 38 22 har
566 1191 89 24 utvägar
670 1188 77 21 dertill.

147 1247 91 22 Prosten
259 1248 91 21 Roos:
376 1247 45 21 Blir
443 1247 36 21 det
501 1246 81 27 engäng
605 1252 25 15 en
650 1245 80 27 afgjord
745 1245 44 26 sak,
804 1247 33 19 att
852 1245 49 21 hus-

78 1277 84 21 bonden
184 1276 54 21 skall
259 1282 63 15 svara
343 1275 33 22 för
391 1277 56 20 vissa
461 1277 46 20 sina
521 1274 183 23 underhafvandes
719 1273 181 28 fattigutskylder,

78 1305 24 21 sä
118 1307 23 19 är
156 1305 108 26 ingenting
279 1305 77 21 lättare
371 1304 34 21 för
420 1304 129 25 husbonden,
565 1305 28 20 än
607 1305 38 24 att,
662 1305 39 18 när
715 1303 42 21 han
773 1303 60 26 ingär
848 1302 53 21 kon-

78 1334 59 21 trakt
159 1333 48 22 med
230 1335 53 24 dem,
308 1333 63 22 ocksä
387 1333 38 21 har
439 1333 99 22 afseende
553 1333 28 26 pä
596 1332 42 24 det,
653 1333 32 20 att
701 1331 41 21 han
757 1331 96 21 kommer
868 1332 33 19 att

78 1362 98 21 utbetala
190 1363 65 26 något
270 1362 34 21 för
319 1361 53 27 dem,
387 1361 40 22 och
443 1361 26 22 dä
484 1362 41 21 kan
540 1361 42 21 han
597 1360 63 21 ställa
674 1359 95 22 vilkoren
781 1359 8 21 i
799 1359 101 21 kontrak-

79 1392 31 19 tet
134 1390 97 21 derefter.
262 1391 102 20 Deremot
387 1395 33 15 om
443 1389 226 21 kommunalnämnden
685 1388 52 20 skall
754 1389 27 24 pä
797 1388 40 19 den
852 1387 49 26 laga

79 1419 46 25 väg,
141 1424 45 15 som
202 1417 39 22 här
255 1417 68 22 blifvit
338 1417 99 26 omtalad,
453 1417 51 21 söka
520 1419 23 18 ut
557 1416 95 27 afgiften,
667 1416 24 20 sä
702 1417 35 19 vet
745 1415 37 27 jag
793 1414 107 27 verkligen

78 1446 53 25 icke,
147 1446 55 21 huru
217 1447 35 20 det
266 1446 55 21 skall
336 1447 27 25 gä
379 1445 36 21 till.
445 1445 43 21 Det
503 1445 42 21 kan
560 1451 50 14 vara
625 1445 26 20 25
668 1443 13 21 &
695 1445 28 20 30
738 1443 63 27 penni
817 1442 39 22 och
868 1443 33 20 för

78 1474 49 23 dem
142 1474 54 23 skall
211 1474 138 22 länsmannen
364 1480 47 16 resa
426 1474 66 26 nägra
507 1472 36 23 mil
558 1473 40 22 och
612 1471 55 23 skall
681 1472 63 22 hafva
759 1472 13 20 6
783 1470 61 23 mark
855 1471 47 22 der-
