1095 1825
315 126 159 18 Presteständet
487 128 54 17 1877.
568 129 13 16 3
593 128 91 17 oktober.
824 122 53 21 1185

87 195 61 22 skola
162 195 54 21 bäde
232 196 32 21 för
278 202 74 20 gossar
367 196 38 22 och
420 196 79 26 flickor,
515 203 25 15 en
555 197 33 21 för
600 197 108 25 hvardera,
720 198 36 26 jag
766 203 72 16 menar
847 198 60 21 Kuo-

88 224 35 27 pio
138 224 187 27 landsförsamling.
351 225 48 21 Men
415 225 66 22 denna
497 226 181 26 landsförsamling
693 226 38 22 har
742 226 63 21 ocksä
815 233 25 15 en
853 226 54 21 folk-

89 254 75 26 mängd
187 253 22 22 af
222 253 6 22 i
244 254 35 21 det
302 255 104 20 närmaste
424 256 75 24 15,000
514 254 120 22 menniskor
648 255 27 27 pä
690 261 25 15 en
731 254 57 22 areal
804 261 45 15 som
864 255 43 21 till-

88 288 105 15 sammans
213 282 47 21 med
276 282 95 26 kapellen
388 284 62 26 utgör
465 284 62 25 3,087
543 284 89 26 gvadrat
647 284 61 20 verst.
737 283 106 21 Betänker
858 289 48 15 man

88 316 29 15 nu
138 310 107 22 hurudant
265 310 140 23 förhällandet
421 312 66 20 mäste
503 311 64 22 blifva
582 318 34 15 om
632 318 47 14 man
694 312 54 21 skall
764 311 31 21 till
811 312 96 26 uppfost-

89 346 46 14 rare
158 339 127 21 öfverlemna
305 340 85 25 barnen,
406 341 24 20 sä
445 341 37 25 går
497 341 36 21 det
547 342 69 20 såsom
632 340 36 21 det
682 340 47 26 gick
745 340 47 21 med
808 347 40 15 oss.
879 340 28 22 Sä

87 370 60 19 snart
160 368 19 20 vi
195 368 55 26 fingo
266 368 117 22 folkskolan
399 368 6 21 i
421 369 68 24 ständ,
505 370 55 26 fingo
575 368 20 22 vi
611 371 50 25 göra
676 375 34 16 oss
725 369 102 21 betänkta
837 370 28 26 pä
875 372 32 18 att

88 396 22 22 få
131 397 49 20 våra
202 396 75 26 fattiga
298 396 168 22 utackorderade
487 397 52 21 barn
562 397 70 22 hållna
647 397 32 21 till
694 397 126 22 folkskolan.
850 398 57 21 Våra

89 425 113 26 tillgångar
224 426 107 25 utgjordes
347 425 31 21 till
393 428 78 18 största
487 426 59 21 delen
563 426 22 21 af
598 428 74 19 räntan
689 427 27 26 på
731 432 25 15 en
772 426 99 21 donation
887 426 22 22 af

89 453 6 21 i
111 454 35 20 det
161 455 106 20 närmaste
283 454 90 26 210,000
389 454 60 21 mark
464 456 76 24 (större
555 454 61 22 delen
631 454 22 22 af
667 454 68 22 denna
751 456 60 20 ränta
831 456 75 20 använ-

88 482 37 21 des
145 482 45 26 just
212 483 27 26 på
262 482 298 28 moderkyrkoförsamlingens
576 483 63 21 barns
653 483 129 27 uppfostran,
798 483 109 21 hvaremot

89 511 83 26 Kuopio
188 512 66 26 öfriga
277 511 68 27 kapell
367 511 146 28 församlingar
528 512 26 21 ha
569 512 6 21 i
591 512 122 27 proportion
729 512 80 21 mindre
825 512 61 21 andel
901 512 7 21 i

89 540 89 26 räntan).
208 540 33 22 Då
256 539 18 21 vi
290 540 56 21 förut
361 540 55 26 fingo
432 540 78 22 barnen
526 540 167 22 utackorderade
705 542 23 20 åt
740 540 168 22 fosterföräldrar

89 569 48 21 med
160 569 40 22 den
224 575 84 21 omsorg
327 569 19 21 vi
362 569 101 27 någonsin
478 570 70 21 kunde
563 569 71 22 fordra
648 582 28 2 —
691 569 113 33 ingalunda
819 569 89 22 sålunda

89 600 32 19 att
143 598 26 21 de
192 598 165 21 öfverlemnades
379 599 22 21 åt
424 598 40 21 den
487 600 62 20 minst
571 598 112 22 fordrande
699 611 25 2 —
740 598 51 21 för
787 594 12 36 i
808 598 99 22 medeltal

89 627 87 26 ungefär
196 628 28 21 40
246 626 12 21 å
281 628 27 20 50
328 628 60 20 mark
403 633 34 15 om
452 627 53 27 året,
521 630 22 24 ty
558 628 24 21 så
597 627 83 27 mycket
694 627 94 22 räknade
803 627 105 32 allmogen

88 656 27 26 på
131 655 25 22 de
171 657 45 20 små
231 655 90 22 barnens
337 656 56 27 hjelp
408 656 7 21 i
430 656 61 22 deras
501 645 87 33 ”körslor
603 656 38 21 och
652 657 66 20 andra
728 656 83 27 sysslor,
823 655 85 34 gjordes

87 685 91 26 anspråk
202 685 26 26 på
244 685 42 21 250
308 685 59 21 mark
387 685 31 21 för
438 685 85 27 barnen,
540 691 33 16 om
590 686 25 20 de
630 685 68 22 skulle
713 685 98 21 bekostas
826 685 6 20 i
848 685 60 22 skola

87 713 40 21 och
143 713 58 22 detta
216 720 37 14 var
267 713 46 22 icke
329 716 31 19 att
375 713 68 22 undra
458 703 65 32 öfver.
547 714 30 27 Ty
593 714 27 21 då
635 720 47 15 man
698 713 38 22 bor
749 715 27 26 på
787 714 46 27 fyra
846 714 11 21 å
866 714 41 21 fem

89 742 46 21 mils
158 742 82 21 afstånd
263 743 46 20 från
332 742 118 21 folkskolan
472 745 24 18 är
511 743 36 21 det
561 743 46 21 icke
622 743 106 24 tänkbart,
744 745 32 19 att
791 749 47 14 man
854 743 54 21 skall

88 771 70 21 kunna
175 771 88 22 bekosta
279 771 78 21 barnen
373 771 91 26 kvarter,
479 771 48 22 föda
542 779 27 14 m.
581 778 26 14 m.
617 772 39 21 och
667 771 78 22 förlora
756 771 28 21 all
795 771 40 22 den
846 771 62 28 hjelp,

88 805 45 15 som
149 806 47 15 man
212 799 23 21 af
248 802 30 19 ett
294 800 75 21 sådant
384 800 51 21 barn
452 800 40 21 kan
508 801 60 20 hafva
584 803 49 18 utan
649 801 32 20 att
696 799 71 22 fordra
782 806 25 15 en
819 803 90 18 motsva-

88 828 66 21 rande
169 829 139 26 godtgörelse.
334 829 123 26 Korteligen
473 829 60 25 sagdt
548 830 6 20 i
569 828 71 22 stället
655 829 33 21 för
703 831 32 18 att
750 829 19 20 vi
780 828 54 22 hade
844 829 65 26 något

87 857 59 21 öfver
162 858 41 21 100
219 857 51 22 barn
286 858 167 21 utackorderade
468 858 67 21 skulle
550 857 112 22 resultatet
676 857 62 22 hafva
754 857 72 26 blifvit,
841 860 33 19 att
889 857 20 22 vi

88 886 68 22 skulle
177 886 62 22 hafva
261 887 39 21 fått
315 887 75 21 endast
405 887 28 21 20
448 887 58 26 barn,
523 886 171 23 utackorderade.
725 886 56 22 Våra
796 886 112 27 tillgångar

88 915 69 22 tilläto
181 916 94 27 omöjligt
297 918 32 19 att
351 915 124 28 genomföra
495 916 58 22 detta
576 915 102 27 öfverallt,
693 917 51 20 utan
760 915 18 21 vi
794 915 67 22 måste
876 916 32 21 in-

88 945 93 21 skränka
204 950 34 16 oss
258 945 30 21 till
309 947 32 19 att
355 945 21 21 få
391 947 31 19 ett
438 945 39 21 och
492 948 65 18 annat
571 945 22 21 af
607 944 78 22 barnen
701 946 27 25 på
743 945 60 21 detta
817 947 43 19 sätt
874 947 35 19 ut-

88 974 146 21 ackorderadt.
265 974 66 21 Göres
347 980 28 14 nu
390 974 76 21 sådant
481 974 30 21 till
527 975 41 25 lag,
584 974 53 20 huru
652 973 52 21 skall
721 974 36 20 det
772 973 90 27 gestalta
877 974 31 26 sig

89 1002 48 21 med
159 1002 155 26 fattigvården?
339 1002 65 22 Skola
426 1002 47 22 icke
495 1003 36 25 tio,
554 1002 115 26 kundrade,
690 1002 130 21 tusendetals
834 1002 75 26 fattiga

90 1030 52 22 barn
157 1030 65 22 blifva
237 1033 50 19 utan
304 1031 27 21 all
346 1030 57 24 vård,
420 1038 33 14 om
469 1031 23 21 så
507 1034 58 19 stora
576 1037 94 15 summor
679 1030 81 22 fordras
771 1031 33 21 för
813 1033 32 19 att
856 1034 44 18 mot

88 1065 63 15 svara
166 1060 26 20 de
207 1060 99 26 anspråk,
321 1060 71 20 hvilka
407 1066 48 14 man
471 1060 72 21 ställer
555 1060 26 26 på
591 1059 161 27 uppfostrandet
762 1059 22 21 af
793 1062 31 18 ett
833 1060 76 21 sådant

90 1087 58 22 barn.
178 1088 40 26 Jag
232 1088 40 22 har
286 1088 62 22 tänkt
363 1088 58 22 öfver
436 1089 60 21 dessa
510 1088 143 22 förhållanden
670 1088 38 21 och
724 1088 65 22 skulle
805 1088 26 20 be
846 1090 33 19 att
889 1088 20 22 få

89 1116 55 21 fästa
165 1116 95 22 ståndets
282 1117 101 25 alvarliga
405 1117 185 27 uppmärksamhet
613 1116 33 21 vid
666 1116 53 22 dem.
750 1116 60 22 Hvad
826 1116 82 28 Kuopio

89 1145 48 21 stits
156 1144 147 28 församlingar
325 1145 60 27 angä,
408 1148 24 18 är
447 1145 140 22 förhållandet
601 1145 100 27 följande:
724 1147 32 19 att
771 1145 103 26 nemligen
889 1145 22 21 af

89 1180 80 15 summa
185 1175 105 26 tjuguätta
306 1177 101 24 pastorat,
422 1181 45 14 som
483 1175 74 27 tillyda
571 1174 83 26 Kuopio
666 1173 40 27 län,
718 1174 60 21 hafva
789 1174 74 20 endast
873 1180 36 15 sex

90 1202 147 28 församlingar
259 1203 115 22 folkskolor
394 1205 40 20 (att
450 1203 58 22 detta
524 1204 45 21 icke
585 1204 61 25 utgör
661 1203 63 27 nägot
739 1203 64 21 motiv
819 1202 32 21 till
866 1202 43 22 för-

89 1232 104 22 kastande
215 1232 23 21 af
259 1233 115 21 utskottets
389 1232 84 27 tilläggs
488 1232 122 27 lämplighet
626 1231 32 22 för
672 1232 66 21 andra
754 1231 59 22 delar
828 1231 21 22 af
864 1232 45 21 lan-

91 1261 34 21 det
148 1263 24 18 är
194 1261 62 26 klart,
278 1267 47 15 men
349 1261 34 21 det
405 1262 56 20 visar
475 1261 6 21 i
497 1261 80 21 hvilket
599 1260 130 21 förhållande
748 1260 74 21 skolan
837 1261 6 20 i
859 1262 50 20 våra

91 1289 82 21 trakter
188 1292 56 19 ännu
258 1291 45 20 stär
318 1289 31 21 till
365 1289 148 27 folkmängden
529 1290 39 21 och
584 1290 51 20 huru
648 1292 53 18 tomt
711 1289 129 26 lagtillägget
850 1289 59 21 kom-

90 1324 45 14 mer
148 1320 32 19 att
189 1319 33 20 stä
237 1317 32 21 för
285 1317 60 28 dem).
369 1317 103 22 Skolorna
487 1318 6 20 i
508 1317 102 23 Varkaus,
626 1317 134 25 Strömsdals,
776 1317 79 20 Mökkö
871 1317 39 21 och

91 1346 92 21 Värtsilä
199 1346 217 25 bruksförsamlingar,
433 1346 69 21 hvilka
517 1346 64 21 ocksä
595 1346 45 21 icke
652 1345 60 21 hafva
723 1346 67 26 nägon
803 1345 107 27 betydelse

91 1375 32 20 för
133 1375 25 20 de
167 1375 104 26 egentliga
280 1375 59 20 lands
346 1374 173 27 församlingarna
527 1375 38 20 har
574 1375 35 26 jag
620 1373 78 21 lemnat
708 1376 51 19 utan
770 1373 104 22 afseende.
882 1386 28 2 —

91 1403 132 26 Korteligen:
249 1403 82 26 Kuopio
354 1403 188 26 landsförsamling,
558 1409 45 15 som
619 1404 23 19 är
658 1403 39 20 den
713 1403 53 20 enda
781 1403 55 19 inom
853 1402 58 21 Kuo-

91 1432 35 25 pio
149 1433 101 25 pastorat,
273 1438 44 14 som
338 1431 39 21 har
392 1437 26 15 en
433 1431 148 27 församlingen
597 1431 126 20 tillhörande
739 1430 110 25 folkskola,
865 1430 45 26 har,

90 1465 45 14 som
157 1459 67 26 sagdt,
240 1465 25 14 en
282 1459 103 20 folkskola
399 1459 33 20 för
446 1465 73 18 gossar
534 1460 38 20 och
589 1465 24 14 en
629 1458 32 21 för
675 1459 73 20 flickor
763 1459 147 25 fregventerad

89 1487 24 21 af
129 1488 60 26 tjugu
204 1493 72 20 gossar
292 1487 39 20 oeh
341 1487 61 21 elfva
418 1486 77 21 flickor.
528 1487 124 21 Kontiolaks
667 1486 39 21 och
721 1486 88 21 Libelits
824 1486 86 20 försam-

90 1515 75 28 lingar,
180 1515 82 22 hvilkar
277 1515 57 22 areal
349 1517 62 25 utgör
424 1515 137 22 tillsammans
571 1515 62 26 2,957
644 1515 89 26 gvadrat
744 1517 55 19 verst
809 1515 39 21 och
857 1514 54 21 folk-

820 1554 21 18 76
