1084 1814
205 137 54 21 1346
417 142 160 18 Presteståndet
589 143 53 16 1877.
667 143 19 16 11
699 143 90 16 oktober.

175 210 49 28 lägg
246 211 46 21 icke
315 210 68 22 skulle
405 211 71 21 kunna
495 212 26 26 gå
536 214 24 18 ut
575 211 39 21 och
630 210 80 22 således
726 210 139 22 nämndeman
887 211 24 21 så
934 210 61 26 länge

175 239 41 21 han
248 238 65 22 lefver
336 239 39 22 och
390 241 24 19 är
429 239 76 27 duglig,
521 239 21 22 få
557 239 83 27 åtnujta
655 239 39 22 den
710 239 61 22 andel
786 239 6 21 i
808 239 187 27 tingsgästningen,

175 268 77 21 honom
268 270 23 19 är
307 268 148 21 tillförsäkrad.

238 325 89 22 Prosten
342 325 170 27 Rosengren:
528 326 43 21 För
587 326 41 21 min
642 325 33 22 del
687 332 62 15 anser
758 325 37 27 jag
808 324 125 29 paragrafen
945 332 50 15 vara

175 354 34 22 väl
232 354 93 22 affattad.
355 354 30 27 Ty
408 354 26 22 då
457 355 35 21 det
508 361 28 15 nu
551 357 24 19 är
589 354 59 27 fråga
663 361 33 15 om
713 354 282 22 nämndemannainstitutio-

175 389 52 15 nens
243 382 138 22 förändrande
397 383 38 21 och
450 383 7 21 i
473 384 23 21 så
511 384 102 25 väsentlig
628 384 54 24 mån,
696 385 32 19 att
738 383 182 21 nämndemännen
932 383 63 21 fram-

176 411 57 21 deles
255 414 87 24 antagas
364 412 55 20 blott
436 411 34 21 för
485 418 25 15 en
526 412 47 21 kort
589 412 30 21 tid
635 412 38 21 och
689 412 35 20 det
739 412 64 21 också
818 412 54 20 varit
887 412 106 26 förutsatt,

176 442 32 19 att
230 440 140 26 domsagorna
385 440 67 21 skulle
468 440 93 27 undergå
577 447 25 15 en
617 440 145 26 omreglering,
778 441 23 20 så
816 440 38 21 har
869 440 126 28 paragrafen

176 469 53 21 varit
251 468 87 22 affattad
361 469 47 21 med
430 469 80 27 hänsyn
533 469 31 21 till
587 468 57 22 såväl
660 469 149 27 domsagornas
825 468 170 27 omgestaltning,

176 503 45 15 som
244 498 63 20 också
328 497 41 21 den
391 498 189 26 omständigheten,
604 500 31 18 att
654 497 179 21 nämndemännen
849 498 67 20 skulle
932 497 64 21 blifva

176 528 92 24 antagna
283 526 32 21 för
331 532 25 15 en
371 526 42 21 viss
428 526 37 21 tid.
494 526 40 26 Jag
549 527 56 21 inser
620 526 69 21 derför
704 526 52 26 icke,
772 528 32 19 att
820 527 64 25 något
894 526 41 21 kan
948 526 47 21 med

176 554 46 22 skäl
237 554 83 22 anföras
335 556 44 20 mot
394 555 68 21 denna
476 555 105 27 paragraf.

244 600 31 21 På
297 600 153 26 framställning
473 600 23 22 af
517 600 48 22 herr
581 601 153 21 talmannen
750 600 43 22 blef
807 600 124 27 paragrafen
946 600 51 22 derå

176 628 22 22 af
211 629 84 21 ståndet
310 629 106 27 godkänd.

245 674 45 21 Och
305 674 68 21 skulle
394 681 33 15 om
442 674 55 22 hvad
513 674 88 22 sålunda
617 674 98 27 förelupit
730 675 196 27 protokollsutdrag
942 675 55 21 med-

177 703 58 21 delas
249 703 46 21 icke
311 703 80 21 mindre
406 703 119 27 respektiva
541 704 136 21 medstånden
692 705 26 19 än
734 703 145 27 lagutskottet.

245 834 119 27 Föredrogs
379 835 53 21 efter
444 834 86 28 behörig
538 836 87 26 liggetid
634 837 150 19 sammansatta
792 835 42 27 lag-
843 835 39 22 och
891 836 107 21 ekonomi-

177 863 114 21 utskottets
314 863 132 21 betänkande
462 870 33 15 n:o
511 865 13 20 4
539 864 7 20 i
562 864 112 26 anledning
690 864 22 21 af
725 864 59 21 Hans
799 864 117 26 Kejserliga
932 864 65 27 Maje-

177 894 53 19 stäts
253 892 76 26 nådiga
351 892 129 26 proposition
503 892 108 27 angående
633 893 117 21 ordnandet
772 892 22 22 af
808 893 189 27 skjutshållningen

177 920 38 22 och
231 920 178 27 gästgifverierna.

244 966 11 22 I
270 966 87 22 ärendet
371 966 83 27 yttrade
471 967 31 26 sig
517 966 54 22 först

245 1012 109 22 Professor
377 1012 98 22 Cleve:
506 1013 42 21 Det
571 1012 60 22 torde
653 1019 51 15 vara
720 1013 128 27 fullkomligt
864 1013 131 27 öfverflödigt

176 1042 32 20 att
230 1041 39 21 här
291 1041 52 21 söka
365 1040 109 22 framhålla
490 1041 25 22 de
538 1041 135 27 olägenheter
694 1042 39 21 och
756 1042 39 21 den
810 1044 72 24 tunga,
897 1048 46 15 som
959 1042 36 21 det

177 1070 130 20 närvarande
323 1069 272 28 skjutshällningssystemet
610 1070 7 21 i
633 1070 45 21 vårt
693 1070 49 22 land
758 1071 87 21 medför.
875 1071 43 21 Det
930 1071 66 27 ligger

177 1098 64 21 också
256 1098 5 20 i
278 1100 67 25 öppen
362 1098 45 26 dag,
423 1101 31 18 att
470 1099 39 21 den
524 1099 77 26 nådiga
615 1099 157 26 propositionen
788 1099 86 21 framför
889 1100 38 20 allt
940 1100 55 20 afser

177 1128 32 20 att
223 1128 54 20 lätta
299 1128 68 20 denna
383 1129 70 24 tunga,
469 1127 104 27 nämligen
588 1127 88 22 sålunda
691 1130 32 19 att
738 1128 40 21 den
794 1128 44 26 bas,
854 1134 44 16 som
914 1128 82 27 uppbär

177 1156 120 20 densamma
313 1155 67 21 skulle
395 1156 101 26 utvidgas.
527 1156 42 21 Det
584 1156 87 21 föreslås
680 1156 104 26 nämligen
796 1159 32 19 att
838 1156 83 22 landets
932 1157 63 21 Stän-

177 1184 38 22 der
236 1184 67 21 skulle
325 1184 69 21 utlösa
416 1184 25 21 de
462 1184 125 27 privilegier,
610 1191 45 14 som
670 1192 28 14 nu
713 1185 97 21 frikänna
825 1192 25 14 en
866 1188 44 18 stor
926 1186 33 21 del
975 1185 22 21 af

176 1212 83 22 landets
279 1212 112 27 jordegare
406 1212 46 22 från
468 1214 115 26 utgörande
599 1212 22 22 af
633 1214 233 26 skjutsningsbesväret.
896 1214 42 22 Det
952 1214 43 21 väl-

177 1241 70 27 villiga
268 1241 46 21 häri
336 1241 20 21 få
379 1242 19 20 vi
420 1241 112 27 ingalunda
553 1242 82 26 förbise,
652 1248 47 15 men
715 1243 36 21 det
766 1245 24 19 är
805 1243 53 21 dock
874 1243 75 27 tydligt
964 1245 32 19 att

177 1276 33 15 om
233 1270 113 21 ständerna
369 1272 75 25 antoge
465 1272 30 19 ett
511 1270 75 22 sådant
601 1270 83 27 förslag,
700 1271 68 22 skulle
784 1271 120 27 derigenom
920 1272 75 27 skjuts-

176 1299 158 26 ningsbesväret
344 1298 32 22 för
386 1299 28 21 all
425 1299 30 20 tid
465 1299 64 22 blifva
538 1299 79 22 bundet
627 1300 35 21 vid
669 1300 79 26 jorden.
765 1300 72 22 Skulle
848 1301 36 20 det
891 1300 104 26 nämligen

176 1329 69 25 någon
261 1328 54 26 gång
334 1327 63 21 blifva
411 1327 59 26 fråga
486 1334 33 15 om
535 1330 32 19 att
582 1327 71 28 aflyfta
669 1329 58 20 detta
742 1329 80 24 besvär,
839 1329 65 21 borde
920 1329 75 21 åtmin-

176 1358 60 17 stone
259 1357 40 18 den
321 1356 153 25 priviligierade
495 1357 76 24 jorden
593 1357 117 20 återbetala
733 1358 39 19 den
789 1357 58 20 lösen
864 1357 38 20 den
918 1363 28 14 nu
962 1363 33 14 er-

176 1383 66 20 hållit.
272 1383 38 20 Ett
333 1383 74 20 sådant
429 1383 79 26 förslag
531 1383 38 20 har
591 1384 105 21 utskottet
717 1383 71 22 derför
802 1385 46 20 icke
864 1387 69 18 ansett
948 1385 48 20 leda

176 1410 32 21 till
223 1411 120 21 ändamålet
365 1411 39 21 och
419 1411 42 26 mig
476 1417 60 22 synes
552 1412 35 21 det
602 1412 48 21 med
665 1414 61 23 rätta,
743 1414 21 26 ty
780 1419 33 14 om
829 1413 166 27 skjutsningsbe-

175 1441 70 20 sväret
267 1439 68 22 skulle
350 1439 74 22 bindas
439 1440 34 21 vid
486 1441 75 26 jorden
577 1440 68 22 skulle
660 1441 36 21 det
710 1441 136 27 ovilkorligen
862 1441 21 22 få
898 1444 62 19 natur
975 1441 22 22 af

173 1468 113 27 jordskatt,
309 1468 79 21 hvilket
404 1469 35 20 det
454 1475 28 14 nu
497 1469 47 21 icke
559 1469 44 26 har,
619 1469 66 22 ehuru
701 1470 35 21 det
752 1470 154 27 ovedersägligt
921 1472 75 25 tynger

173 1497 82 26 jorden.
285 1497 33 21 Då
341 1503 27 15 nu
390 1497 45 21 icke
458 1497 40 22 den
520 1500 90 24 utvägen
632 1499 41 20 kan
696 1499 75 21 tänkas
792 1499 33 21 för
840 1501 32 20 att
886 1499 54 22 lätta
955 1499 40 22 den

177 1525 166 28 opriviligierade
363 1525 86 28 jordens
472 1525 81 26 besvär,
567 1527 24 21 så
605 1533 62 21 synes
682 1527 35 22 det
733 1528 41 27 mig
789 1529 70 21 såsom
874 1529 69 26 någon
958 1535 38 14 an-
