1084 1825
320 138 161 19 Presteståndet
493 139 53 17 1877.
571 139 25 17 25
609 139 92 17 oktober.
819 134 54 20 1625

150 206 89 22 Prosten
255 208 150 25 Helander;
435 208 40 27 Jag
491 208 94 21 befinner
600 208 42 26 mig
657 208 47 21 åter
719 208 6 20 i
741 208 40 21 den
796 208 106 26 ställning,

81 236 30 20 att
126 234 35 27 jag
176 235 80 27 nödgas
272 236 65 26 enligt
351 236 43 22 min
409 236 55 26 åsigt
479 238 101 20 motsätta
596 237 42 26 mig
653 236 26 22 de
693 236 60 22 flesta
769 236 22 22 af
800 236 26 22 de
838 236 66 22 ärade

80 263 75 26 talare,
171 270 46 15 som
233 264 74 22 hittills
322 264 62 22 hafva
398 265 56 26 gjort
469 265 163 25 anmärkningar
646 266 44 20 mot
705 265 11 27 $
733 266 32 20 12.
788 264 40 27 Jag
843 264 59 22 kom-

81 298 45 15 mer
148 292 54 26 ihåg,
226 292 54 22 huru
295 293 67 21 under
376 293 75 21 samtal
468 293 47 21 med
530 293 271 27 församlingsmedlemmar
813 294 36 26 jag
864 293 40 21 bar

80 320 50 21 hört
152 321 80 21 sådana
252 321 163 27 anmärkningar
429 322 134 26 framställas,
580 328 44 15 som
641 324 14 19 t.
672 328 31 15 ex.
720 322 46 27 den,
782 323 31 20 att
828 322 36 21 det
879 323 25 20 är

81 348 70 22 alltför
166 350 131 27 obegripligt,
314 350 55 22 huru
388 350 35 22 det
438 350 136 28 kommertill,
588 352 38 25 att,
640 350 88 22 oaktadt
744 350 157 28 presterskapet

80 377 39 22 har
140 378 31 22 sin
196 379 56 27 goda
275 379 40 26 lön,
340 379 36 21 det
396 379 64 22 likväl
483 379 82 22 fordrar
587 379 107 28 betalning
713 379 32 22 för
761 379 71 27 hvarje
847 379 56 22 skild

80 406 133 28 förrättning,
237 408 38 21 och
296 408 37 27 jag
354 408 39 22 har
408 408 59 28 tyckt
483 408 68 26 också,
566 410 32 20 att
614 408 35 22 det
664 410 24 19 är
702 408 81 26 ganska
798 409 57 21 svårt
870 410 33 20 att

80 434 44 23 låta
146 435 29 22 bli
194 438 32 20 att
241 436 185 27 uppmärksamma
441 436 54 22 slika
509 436 164 27 anmärkningar
687 437 40 21 och
742 436 77 22 önskar
833 436 69 22 inner-

80 463 61 27 ligen,
164 466 32 20 att
219 465 39 21 den
281 465 31 21 tid
331 466 65 21 måtte
418 465 90 25 komma,
524 466 26 21 då
566 466 156 26 presterskapet
737 465 18 27 ej
772 467 59 25 tager
846 464 56 22 skild

80 492 108 27 betalning
204 494 32 20 för
255 494 25 21 de
295 493 125 28 presterliga
435 493 156 27 förrättningar,
608 500 44 16 som
669 494 25 22 de
710 494 65 27 enligt
790 495 31 20 sin
837 494 66 27 tjänst

80 522 69 21 måste
171 522 23 22 åt
208 523 175 27 församlingarna
397 523 78 21 bevisa.
505 522 40 28 Jag
560 523 39 21 har
614 522 71 22 därför
699 522 120 28 genomläst
833 523 70 21 denna

80 551 101 27 paragraf
195 552 47 21 med
258 551 182 23 tillfredsställelse
456 552 38 21 och
511 552 84 26 önskar,
612 554 31 19 att
658 552 40 21 den
710 552 66 22 måtte
788 552 22 21 af
818 552 83 21 Preste-

80 580 84 22 ståndet
187 583 87 25 antagas
296 581 66 21 sådan
386 580 40 22 den
441 580 111 22 förefinnes
568 581 5 21 i
590 581 40 21 den
645 581 76 27 nådiga
736 580 165 28 propositionen.

79 608 41 28 Jag
140 608 42 23 kan
204 609 18 28 ej
245 610 48 27 ingå
314 611 27 26 på
359 611 31 20 att
412 609 86 22 bemöta
513 610 41 22 alla
570 610 26 21 de
612 610 168 27 anmärkningar,
796 616 45 15 som
857 611 46 20 mot

80 638 123 27 paragrafen
226 640 36 20 äro
285 638 83 28 gjorda;
398 639 40 27 Jag
461 639 89 25 märker,
573 641 32 19 att
629 639 135 27 domprosten
786 639 57 26 Borg
862 638 39 22 och

80 669 85 24 prosten
188 667 58 27 Hjelt
269 667 62 22 hafva
353 667 75 28 begärt
451 668 60 21 ordet
526 668 39 21 och
582 667 24 22 de
622 670 50 25 göra
688 668 35 21 det
738 668 72 21 säkert
824 667 77 27 bättre,

80 697 26 20 än
128 696 44 27 jag.
202 696 48 22 Men
273 697 127 21 åtminstone
415 696 35 21 vill
463 697 36 26 jag
515 697 39 21 ock
568 697 68 21 uttala
649 697 42 20 min
702 696 102 27 innerliga
814 696 86 26 önskan,

80 725 32 20 att
130 724 61 22 dessa
212 725 82 27 afgifter
308 725 60 22 skola
383 725 125 22 förvandlas,
538 725 11 22 I
564 725 40 21 den
619 725 127 26 församling,
762 725 38 21 där
812 725 36 26 jag
863 725 39 26 tje-

80 759 45 20 nar,
149 753 39 22 har
210 753 36 22 det
260 753 55 22 varit
330 753 85 28 vanligt,
430 756 32 19 att
477 754 61 27 ingen
555 753 60 27 afgift
630 753 32 22 för
676 754 124 27 presterliga
815 753 86 22 förrätt-

79 781 75 27 ningar
169 782 61 22 hafva
246 782 67 22 blifvit
328 784 68 25 tagna.
423 783 43 20 Det
481 783 87 21 oaktadt
583 781 61 23 hafva
655 783 17 26 ej
684 789 86 15 resorna
783 782 31 21 till
824 782 77 21 socken

80 809 68 23 blifvit
170 810 58 28 flera,
250 813 26 19 än
299 811 62 26 förut,
383 811 39 22 och
435 811 36 27 jag
486 811 76 22 förstår
578 811 25 27 ej,
620 811 53 21 huru
689 811 25 22 de
729 811 65 22 ärade
808 811 95 21 talarene

80 838 21 22 af
118 839 68 22 denna
205 840 98 27 paragraf
321 840 65 27 draga
402 840 39 21 den
461 840 120 26 slutsatsen,
598 842 32 19 att
645 842 85 25 presten
745 845 29 16 nu
788 839 67 22 måste
871 839 31 22 för

79 867 72 28 hvarje
169 868 127 27 förrättning
314 875 47 16 resa
380 871 22 19 ut
417 869 28 27 på
460 869 84 26 socken,
560 869 60 21 äfven
636 875 34 15 om
685 869 17 27 ej
720 869 30 21 tid
766 869 39 21 och
820 867 83 22 tillfälle

80 897 35 21 det
138 897 68 22 skulle
228 897 109 27 medgifva.
367 897 45 22 Här
434 898 52 21 står:
503 897 67 26 ,,dock
586 900 31 19 att
632 898 34 21 vid
681 903 53 20 resa,
749 903 45 16 som
810 897 21 22 af
845 897 57 28 dylik

80 925 126 28 förrättning
235 926 123 26 föranledes,
387 926 39 22 och
453 927 33 21 vid
513 926 121 22 socknebud
662 929 83 24 presten
776 926 128 28 tillkommer

80 954 25 21 fri
126 955 67 26 skjuts
215 955 52 21 fram
291 955 39 22 och
351 956 46 20 åter
422 956 21 20 af
464 956 47 23 den,
534 955 84 21 hvilken
648 955 77 22 honom
748 955 94 21 anlitar”.
872 955 31 21 Är

80 983 36 21 det
132 984 17 26 ej
167 983 79 27 möjligt
262 984 31 21 för
308 986 85 25 presten
409 986 32 19 att
455 990 54 19 resa,
525 984 41 21 kan
581 984 41 21 han
638 984 18 26 ej
672 986 51 24 göra
739 984 41 21 det.
807 983 96 27 Isynner-

80 1011 37 22 het
138 1012 73 27 tycker
231 1012 42 27 jag,
296 1015 32 19 att
346 1013 36 21 det
401 1014 24 20 är
440 1012 77 27 nödigt,
534 1014 31 20 att
580 1013 48 26 inga
643 1018 16 15 s.
675 1012 19 22 k.
711 1012 93 26 sportlar
817 1013 23 20 åt
855 1018 48 20 pre-

80 1042 71 20 sterne
171 1040 81 22 betalas
267 1042 6 20 i
289 1041 26 21 de
329 1041 153 26 församlingar,
497 1042 37 20 der
550 1040 49 22 flere
615 1043 81 25 prester
711 1040 122 27 tjänstgöra.
863 1040 40 25 Jag

80 1069 36 21 vill
138 1070 18 26 ej
179 1069 94 27 beskylla
296 1070 158 27 presterskapet
471 1070 33 20 för
527 1072 119 24 egennytta,
661 1076 47 14 men
724 1069 63 21 likväl
802 1070 45 20 tror
859 1069 44 26 jag,

81 1100 31 20 att
135 1098 37 21 hos
196 1098 71 27 hvarje
290 1098 109 22 människa
422 1098 88 22 innebor
531 1099 23 21 så
569 1098 87 27 mycken
673 1100 118 25 egennytta,
807 1100 32 19 att
854 1104 49 14 man

81 1133 65 21 gerna
164 1133 34 15 ser
216 1127 30 27 sig
265 1126 64 22 blifva
343 1127 70 21 kallad
430 1127 31 21 till
477 1134 25 14 en
518 1127 132 26 förrättning,
666 1127 22 21 af
701 1126 85 22 hvilken
803 1132 46 15 man
865 1126 38 21 har

80 1156 70 26 någon
174 1155 54 22 skild
252 1156 113 26 betalning,
389 1156 38 21 och
447 1156 31 21 till
493 1156 71 21 hvilka
580 1155 171 27 obehagligheter
766 1155 32 21 för
813 1157 90 24 prester-

82 1184 80 28 skapet,
186 1184 102 27 nemligen
311 1184 33 22 för
365 1184 25 22 de
412 1186 88 25 prester,
523 1190 45 16 som
586 1184 58 27 tjena
658 1184 7 20 i
680 1190 80 16 samma
775 1183 128 27 församling,

82 1215 31 20 ett
128 1213 76 22 sådant
219 1213 130 22 förhållande
365 1212 67 23 skulle
447 1213 54 26 leda,
516 1213 41 22 kan
573 1213 78 22 enhvar
672 1212 70 22 förstå.
773 1212 131 27 Korteligen,

79 1242 36 27 jag
131 1242 83 25 önskar,
230 1244 32 19 att
276 1241 125 28 paragrafen
416 1244 94 25 antages.

138 1300 83 21 Doktor
236 1300 121 26 Lampön:
383 1299 134 22 Beträffande
533 1299 87 26 afgiften
633 1299 31 21 till
674 1299 163 26 presterskapet,
850 1299 54 20 hvil-

82 1328 40 21 ken
138 1329 61 26 utgår
214 1329 67 20 under
296 1328 55 21 titel:
368 1328 108 26 matskott,
492 1330 55 19 samt
562 1327 87 27 afgiften
664 1327 33 21 för
712 1327 71 22 likstol
798 1326 106 22 förefaller

82 1357 35 22 det
132 1357 49 26 mig,
196 1359 33 19 att
244 1357 61 21 dessa
323 1357 66 21 måste
407 1357 129 26 nödvändigt
551 1356 120 21 förvandlas
686 1356 27 27 på
728 1356 64 27 något
807 1357 48 23 sätt,
871 1358 32 19 att

82 1386 18 25 ej
116 1386 36 21 det
167 1385 73 22 odiösa
255 1386 33 21 må
304 1385 85 27 qvarstå
404 1385 35 22 vid
454 1385 146 27 uppbärandet
616 1385 22 20 af
653 1385 61 21 dessa
729 1384 88 27 afgifter.
842 1384 61 21 Hvad

82 1414 143 27 dagsverkena
247 1415 123 20 ankommer
391 1420 62 15 anser
473 1414 36 27 jag
524 1413 60 22 äfven
600 1413 36 21 det
652 1419 49 15 vara
717 1415 43 19 rätt
776 1413 38 21 och
829 1412 76 27 billigt,

83 1444 31 19 att
138 1442 61 21 dessa
214 1442 67 21 skulle
296 1441 77 22 fixeras
387 1443 48 20 med
451 1445 31 18 ett
497 1443 51 20 visst
564 1441 188 26 penningebelopp,
768 1441 135 26 hvarigenom

82 1470 46 25 den,
144 1476 44 15 som
205 1469 38 22 har
258 1472 32 19 att
305 1471 76 24 utgöra
396 1469 123 26 dagsvärke,
534 1469 70 21 kunde
620 1468 64 22 blifva
698 1469 7 21 i
720 1468 82 22 tillfälle
815 1471 31 19 att
858 1468 46 21 lösa

81 1498 31 27 sig
135 1498 45 21 från
204 1498 59 21 detta
280 1498 28 27 på
323 1499 64 26 något
402 1497 69 27 billigt
485 1499 48 20 sätt.
563 1497 168 22 Vidkommande
747 1497 26 21 de
788 1496 64 27 öfriga
869 1496 35 21 be-

81 1528 164 27 stämningarna,
267 1533 44 16 som
334 1526 39 22 här
394 1526 73 27 finnas,
487 1533 63 15 anser
569 1526 37 27 jag
623 1525 47 22 dem
689 1525 136 22 allesamman
841 1525 64 22 totalt
