1084 1786
207 137 54 20 1536
391 143 159 16 Presteståndet
562 143 53 16 1877.
639 143 27 16 20
679 143 92 16 oktober.

180 211 61 25 1646,
262 216 44 15 som
328 211 67 20 denne
418 210 74 27 biskop
508 210 118 26 utfärdade,
642 216 46 15 men
705 210 60 21 äfven
781 210 27 21 då
823 210 88 26 bidrogo
927 212 71 24 pasto-

179 245 61 15 rerne
255 238 33 22 till
304 241 60 19 deras
380 238 96 27 aflöning,
493 240 89 20 emedan
598 240 35 20 det
649 239 64 25 enligt
729 239 58 20 detta
803 238 47 21 bref
864 238 92 22 berodde
972 238 27 26 på

179 269 135 25 pastorernes
335 267 103 26 välbehag
461 268 64 20 bland
548 270 64 18 annat
635 274 33 14 om
692 267 25 21 de
739 267 49 21 ville
803 267 32 21 till
851 267 148 27 kapellanerne

180 296 22 21 af
224 296 45 21 sina
290 296 116 21 inkomster
428 297 74 20 cedera
522 296 72 21 likstol
609 296 53 21 efter
678 296 58 20 barn.
762 296 74 21 Redan
851 296 22 20 af
888 296 59 20 detta
959 295 40 22 kan

179 331 49 14 man
250 324 82 21 således
353 331 29 20 se,
404 327 32 18 att
458 327 123 24 pastorerne
603 324 62 21 hafva
688 324 77 21 aflönat
787 324 150 26 kapellanerne
961 324 39 21 och

180 356 32 18 att
232 353 156 26 kapellanerne,
411 353 62 21 äfven
496 353 64 21 sedan
583 353 26 21 de
631 353 86 26 började
740 355 31 19 att
789 353 21 20 få
826 353 31 21 sin
872 353 93 26 aflöning
980 353 21 21 af

180 382 182 27 församlingarna,
386 387 44 16 som
453 389 37 14 var
512 382 91 27 frivillig,
627 381 80 22 erhöllo
730 382 75 26 bidrag
827 381 22 22 af
871 383 129 25 pastorerne.

180 411 10 21 I
206 410 114 22 allmänhet
342 411 66 20 finnes
430 411 107 27 angående
553 411 160 27 kapellanernes
728 410 91 27 aflöning
835 411 18 26 ej
869 411 68 26 någon
953 417 48 20 syn-

180 439 77 26 nerligt
282 439 90 26 gammal
398 439 138 26 bestämning.
568 440 45 21 Den
638 439 69 21 äldsta
732 439 160 26 bestämningen
915 441 23 18 är
962 439 40 21 den

180 468 89 21 allmänt
284 468 70 21 kända
369 468 6 20 i
391 467 70 27 kongl.
479 467 82 22 brefvet
576 468 23 21 af
610 468 39 21 den
661 469 13 19 8
685 468 84 26 januari
782 468 60 25 1681,
855 474 45 21 som
911 468 91 21 bestäm-

181 503 51 19 mer,
256 498 67 20 såsom
347 497 78 20 bekant
448 499 30 22 är,
502 497 55 21 huru
579 497 39 21 den
644 497 53 20 skall
720 499 93 24 utgöras.
837 509 26 2 —
886 496 66 21 Afven
977 503 24 14 en

182 532 67 15 annan
266 525 114 27 oriktighet
396 526 47 20 ville
460 526 135 26 domprosten
610 525 88 21 Renvall
715 525 74 21 tillvita
803 525 115 21 utskottets
929 525 74 22 betän-

181 554 69 21 kande
266 555 51 24 deri,
328 556 32 19 att
372 553 39 22 här
423 554 142 22 förekommer
576 555 35 20 det
623 555 114 26 uttrycket,
749 556 32 19 att
791 554 71 21 likstol
875 554 52 21 eller
937 557 65 18 testa-

182 585 70 19 mente
274 583 68 20 skulle
365 583 62 21 hafva
442 583 123 21 tillkommit
579 583 67 21 under
661 583 98 21 katolska
775 583 56 21 tiden
847 583 34 20 för
895 583 107 26 själames-

182 618 40 14 sor.
253 612 143 26 Domprosten
418 612 87 20 Renvali
526 612 90 27 yttrade,
639 618 33 14 om
693 612 37 26 jag
745 611 18 26 ej
780 612 111 26 misstager
907 612 48 26 mig,
971 614 32 18 att

181 640 71 21 likstol
272 640 82 21 erlades
369 640 33 21 för
418 640 129 27 begrafning.
577 640 41 21 Det
633 640 108 21 förefaller
756 641 42 25 mig
814 640 61 26 högst
891 640 112 27 besynner-

181 669 47 26 ligt;
244 669 36 21 det
295 669 39 21 har
347 668 37 28 jag
398 669 68 25 aldrig
482 669 54 21 hört.
560 670 67 20 Dessa
642 669 85 26 uttryck
743 668 70 22 likstol
825 669 38 21 och
876 670 126 20 testamente

181 699 37 19 äro
234 704 28 14 nu
278 698 18 26 ej
312 698 108 26 liktydiga,
438 698 64 21 ehuru
520 698 25 21 de
560 698 7 21 i
582 704 73 15 senare
671 698 54 20 tider
738 698 63 20 hafva
813 697 132 22 förblandats
955 698 47 20 med

181 726 120 22 hvarandra.
331 726 41 22 Det
388 725 65 23 finnes
468 727 142 27 uttryckligen
626 727 105 26 stadgadt,
747 729 32 19 att
795 726 71 21 likstol
882 733 44 15 som
941 726 62 22 också

180 756 162 26 ursprungligen
354 756 82 20 erlades
447 756 7 20 i
465 756 122 26 penningar,
598 755 108 21 betalades
718 755 33 21 för
761 756 140 26 själamessor.
925 756 77 20 Derom

181 784 141 21 förekommer
342 785 6 20 i
364 784 96 26 Uplands
476 784 60 28 lagen
553 784 39 21 den
608 784 165 26 bestämningen,
788 786 32 19 att
835 787 84 23 presten
935 784 68 21 skulle

181 813 33 21 för
237 813 79 21 enhvar
338 813 76 21 afliden
437 819 55 19 man,
515 820 45 14 som
577 812 18 28 ej
611 813 53 27 egde
679 813 31 21 till
727 814 64 20 värde
807 812 58 22 öfver
880 814 29 20 tio
925 815 43 23 öre,
983 813 20 21 få

182 841 41 22 fem
247 844 35 18 öre
298 841 7 21 i
320 842 78 25 likstol,
419 841 33 21 för
474 842 81 21 hvilket
577 843 63 20 värde
655 842 41 20 han
713 848 38 14 var
765 842 119 21 förbunden
901 844 30 19 att
947 842 56 21 hålla

181 874 33 18 tre
235 870 141 26 själamessor.
407 870 72 22 Under
502 871 47 21 hela
571 870 99 22 katolska
691 870 57 22 tiden
765 870 108 22 betalades
889 871 58 21 detta
965 870 38 22 och

181 899 72 26 utgick
269 899 77 24 likstol,
362 899 74 20 endast
452 899 32 21 för
499 899 140 26 själamessor.
655 911 27 3 —
697 899 42 21 Det
755 901 24 19 är
795 899 74 21 endast
881 900 65 22 detta,
958 905 45 15 som

181 927 106 21 utskottet
310 927 38 22 har
363 929 52 25 sagt.
444 927 48 22 Med
508 930 141 19 testamenten
665 934 36 14 var
718 928 35 21 det
769 928 137 21 annorlunda.
931 928 72 21 Testa-

183 957 83 20 menten
281 956 85 26 gjordes
381 956 23 21 af
418 957 95 20 enskilda
528 957 65 20 redan
609 957 67 20 under
692 955 93 22 lifstiden
801 956 31 21 till
844 957 87 27 kyrkan.
955 957 47 21 Men

183 987 140 19 testamenten
345 985 84 26 gjordes
452 985 64 21 också
538 985 22 21 af
581 987 26 20 de
627 985 93 21 enskilde
737 985 31 21 till
784 987 116 25 presterne.
930 985 72 21 Testa-

182 1016 84 18 menten
290 1020 50 14 voro
356 1013 21 21 af
392 1013 56 22 olika
462 1014 54 26 slag;
540 1013 65 28 några
620 1015 140 20 testamenten
775 1014 84 26 gjordes
875 1015 31 20 till
923 1014 80 27 kyrkan

181 1042 33 20 för
237 1044 31 18 att
290 1049 103 20 personen
409 1042 38 21 der
463 1043 53 20 efter
532 1043 68 20 döden
616 1043 67 20 skulle
698 1043 21 20 få
735 1045 30 18 ett
780 1043 108 26 grafställe
904 1043 6 20 i
927 1043 75 26 kyrko-

181 1070 87 27 gården.
298 1071 24 26 Ej
342 1077 36 14 var
394 1071 35 20 det
444 1071 68 26 någon
528 1071 93 21 inkomst
635 1071 32 20 för
683 1073 114 24 presterne.
828 1072 42 21 För
886 1072 39 20 den
941 1071 61 26 själa-

182 1099 66 26 ryckt,
264 1099 88 27 somliga
368 1099 88 27 åtnjöto,
472 1100 177 21 testamenterade
666 1099 25 21 de
702 1099 68 27 någon
781 1102 68 19 större
861 1100 50 21 eller
923 1100 79 21 mindre

182 1133 82 15 summa
287 1128 32 20 till
341 1130 115 24 presterne.
487 1128 60 21 Efter
569 1128 176 21 reformationens
765 1129 112 21 införande
899 1129 104 20 bibehölls

181 1158 86 19 namnet
289 1156 79 27 likstol,
391 1157 67 20 ehuru
480 1156 74 27 sjelfva
576 1157 64 21 saken
664 1157 55 21 hade
740 1157 94 27 förfallit,
857 1157 38 22 och
916 1157 86 27 afgiften

181 1184 81 26 fortfor,
275 1185 39 20 och
322 1187 24 18 är
356 1185 116 21 utskottets
484 1186 133 26 uppfattning
628 1185 23 21 af
660 1186 64 20 saken
735 1186 128 26 fullkomligt
871 1186 68 26 rigtig,
951 1187 51 20 oak-

182 1213 47 20 tadt
252 1214 133 25 domprosten
408 1213 88 21 Renvall
512 1214 39 21 har
565 1216 71 19 ansett
652 1214 39 21 den
707 1220 51 14 vara
773 1214 93 26 felaktig.
883 1226 27 3 --
926 1214 77 22 Vidare

181 1242 40 19 har
236 1241 114 24 anmärkts,
367 1244 43 19 mot
426 1242 111 26 utskottet,
553 1244 32 19 att
601 1242 104 21 utskottet
720 1243 19 26 ej
755 1243 39 21 har
810 1243 97 27 upptagit
918 1243 41 25 det,
971 1245 32 19 att

183 1269 133 22 betänkande
338 1270 67 21 skulle
428 1270 49 26 vilja
499 1271 147 21 åstadkomma
669 1271 64 26 några
755 1271 130 26 rubbningar
900 1272 6 20 i
921 1274 82 25 preste-

182 1298 153 27 privilegierna.
365 1299 66 20 Detta
446 1301 24 18 är
486 1299 65 22 likväl
566 1300 45 21 icke
627 1299 65 22 fallet.
719 1299 72 22 Skulle
807 1300 129 27 högvördiga
947 1300 56 21 stän-

182 1327 35 18 det
240 1327 82 19 likvisst
345 1333 49 14 anse
410 1328 77 18 sådant
505 1335 51 12 vara
572 1328 65 23 fallet,
654 1329 41 18 kan
708 1329 24 24 ju
748 1334 25 14 en
789 1329 64 19 sådan
870 1329 133 24 bestämning

182 1354 54 25 ingå.
252 1366 28 2 —
295 1355 40 25 Jag
351 1355 67 20 skulle
435 1355 63 20 också
514 1355 71 20 vidare
601 1356 108 25 angående
725 1355 40 20 den
780 1356 88 26 princip,
882 1362 43 15 som
938 1357 65 25 ligger

182 1381 31 20 till
229 1382 69 26 grund
319 1383 33 20 för
367 1383 116 20 utskottets
498 1383 141 26 betänkande,
655 1383 48 26 vilja
719 1385 76 20 nämna
811 1384 66 27 några
893 1385 38 20 ord
947 1384 56 27 bely-

181 1411 66 20 sande
262 1411 54 20 huru
332 1411 105 21 utskottet
452 1411 39 22 har
506 1412 83 25 önskat,
600 1413 32 20 att
643 1413 58 20 detta
712 1412 135 22 betänkande
858 1413 23 21 af
889 1413 115 22 ständerna

181 1439 69 21 skulle
274 1439 114 28 uppfattas,
411 1439 104 28 nemligen
536 1441 74 21 endast
625 1441 70 21 såsom
711 1448 25 14 en
753 1441 250 28 öfvergångsförfattning

182 1468 31 21 till
230 1475 25 14 en
271 1475 68 15 annan
361 1469 88 27 princip,
466 1471 26 19 än
509 1470 46 25 den,
572 1477 45 14 som
633 1477 28 13 nu
677 1471 66 26 ligger
758 1471 32 21 till
805 1471 68 27 grund
889 1472 32 20 för
936 1474 67 24 prest-

182 1497 128 27 aflöningens
332 1498 123 26 utgörande.
485 1499 41 21 Det
549 1505 67 21 synes,
639 1501 32 19 att
694 1499 105 22 utskottet
821 1500 38 21 har
880 1502 75 24 ansett,
972 1502 31 20 att

181 1526 261 28 personlighetsprincipen
459 1534 49 14 vore
524 1528 40 21 den
580 1528 53 22 enda
648 1528 82 27 riktiga.
765 1529 41 21 Det
826 1529 59 22 torde
897 1530 32 20 väl
941 1530 62 21 också
