1095 1745
225 118 54 21 1148
427 123 159 18 Presteständet
599 123 52 17 1877.
676 123 13 16 3
701 123 92 17 oktober.

196 197 34 15 om
254 198 25 14 en
294 191 98 27 gammal,
408 191 93 21 orkeslös
517 191 39 21 och
572 191 32 21 till
620 191 73 21 arbete
707 191 120 26 oförmögen
843 197 54 14 man.
928 190 88 21 Derföre

196 219 67 21 skulle
284 220 36 26 jag
342 219 76 22 föreslå
440 222 33 18 att
495 220 6 20 i
523 219 71 21 stället
617 219 31 21 för
668 225 62 19 ,,man
745 219 32 21 sin
793 219 87 21 hustru"
897 219 36 20 det
947 219 69 20 skulle

196 247 50 22 heta
269 248 36 24 ,så
328 248 39 21 ock
389 247 74 22 makar
484 248 120 24 inbördes",
620 247 39 22 och
674 250 45 18 tror
734 249 32 19 att
781 247 46 21 icke
842 248 69 25 någon
927 247 89 21 oförrätt

197 276 122 27 härigenom
342 276 68 21 skulle
428 275 124 28 tillskyndas
567 276 102 27 qvinnan:
686 275 79 22 hennes
780 275 41 22 lott
837 275 39 22 blir
891 275 6 21 i
913 275 104 22 hvardera

198 304 61 22 fallet
281 305 127 21 densamma.
424 317 27 3 —
467 305 109 21 Huruvida
599 305 94 21 deremot
715 304 121 21 återremiss
859 306 24 19 är
907 303 63 28 nödig
984 304 33 21 för

197 333 69 22 denna
281 333 62 22 korta
358 333 121 26 förändring
494 334 79 26 nödgas
586 333 37 27 jag
638 333 65 26 draga
718 333 5 20 i
739 333 78 21 tvifvel.

265 391 77 21 Pastor
356 390 79 28 Lyra:
467 390 41 22 Det
523 391 41 21 kan
580 390 45 22 icke
640 390 85 22 komma
739 390 7 21 i
762 390 59 27 fråga
836 390 31 22 för
883 391 42 27 mig
940 392 31 19 att
986 390 31 22 in-

197 420 44 21 låta
264 419 41 26 mig
320 420 6 20 i
342 420 64 25 något
421 419 109 22 uttalande
545 426 34 15 om
594 419 131 27 principerna
741 418 32 22 för
787 419 137 22 förevarande
939 418 78 28 lagför-

197 448 52 27 slag,
271 449 24 20 så
316 447 84 28 mycket
422 448 87 25 mindre,
532 455 44 14 som
599 448 84 21 ståndet
705 447 65 22 redan
786 448 91 21 bestämt
892 449 31 26 sig
938 447 32 22 för
984 451 33 18 att

198 477 101 27 förslaget
320 477 68 21 skulle
411 476 99 28 paragraf
530 477 32 20 för
577 477 99 26 paragraf
689 477 113 26 genomgås
818 477 38 21 och
871 476 50 22 flere
936 477 82 27 föregå-

199 506 53 21 ende
267 505 67 22 talare
350 506 64 21 redan
430 505 62 22 hafva
507 505 53 21 hvad
572 506 130 26 principerna
714 505 100 22 beträffar
824 505 134 22 förekommit
968 506 48 27 mig.

199 535 61 21 Hvad
282 533 82 22 således
385 534 25 21 de
432 534 94 21 enskilda
542 534 249 27 detaljbestämningarna
807 534 129 21 vidkommer
952 534 67 22 skulle

197 563 36 26 jag
254 563 32 21 för
308 562 42 21 min
373 563 34 20 del
429 563 61 21 hafva
512 562 66 26 några
600 562 103 22 särskilda
728 563 75 21 dubier
825 563 47 21 med
893 563 98 22 afseende
1006 564 13 20 ä

200 591 148 27 lämpligheten
374 591 21 21 af
414 592 66 26 några
502 591 22 22 af
542 591 112 24 desamma,
670 597 47 15 men
733 591 35 21 vill
784 591 45 21 icke
845 591 67 21 uttala
928 591 41 27 mig
984 597 34 16 om

200 620 47 21 dem
263 621 63 21 innan
342 620 26 21 de
378 619 128 28 paragrafer,
517 626 44 15 som
572 619 106 22 innehålla
690 620 60 21 dessa
761 619 162 28 bestämningar,
935 620 84 21 komma

200 649 32 21 till
249 649 46 21 tals.
311 661 27 3 —
357 648 45 21 Här
417 649 38 20 har
470 651 94 19 närmast
580 649 54 20 varit
649 648 58 27 fråga
722 655 34 14 om
772 648 12 27 &
801 650 18 19 1.
849 649 115 26 Angående
980 649 39 22 den

200 677 68 22 skulle
288 678 36 27 jag
346 677 106 27 tillstyrka
467 677 162 27 godkännandet
643 677 22 21 af
680 677 112 27 kejserliga
807 678 157 26 propositionen
980 678 39 21 och

200 706 244 23 utskottsbetänkandet,
474 706 40 27 Jag
529 712 61 15 anser
606 705 111 28 verkligen,
734 708 32 19 att
781 706 239 22 utskottsbetänkandet

201 735 6 20 i
223 735 32 21 sin
270 735 125 26 motivering
410 735 26 26 på
452 734 64 22 slutet
531 735 23 21 af
564 741 46 21 pag.
627 735 12 20 6
655 735 40 21 och
710 735 73 26 början
799 734 24 22 af
835 741 47 20 pag.
894 737 12 19 7
917 735 103 27 tillfyllest

201 763 40 22 har
263 763 59 27 gifvit
344 763 46 22 skäl
412 763 33 21 för
468 766 31 19 att
521 764 45 21 icke
590 766 76 24 antaga
681 764 69 26 någon
767 769 68 16 annan
851 763 79 28 lydelse
945 765 75 21 visavis

202 792 90 27 qvinnan
308 793 38 21 och
363 792 77 21 hennes
456 792 124 27 skyldighet,
596 794 26 20 än
633 793 46 25 den,
690 799 44 14 som
745 793 7 20 i
763 793 124 26 paragrafen
899 793 120 21 innehålles.

202 821 40 26 Jag
265 827 61 15 anser
348 821 63 22 också
430 821 53 23 icke,
499 822 27 25 på
541 823 43 19 sätt
600 821 39 21 den
654 824 83 18 senaste
753 821 63 22 ärade
832 821 81 21 talaren
929 821 92 27 anförde,

203 851 32 20 att
250 856 25 15 en
291 849 60 27 fylsig
366 849 39 22 och
421 849 85 27 oduglig
522 857 48 14 man
585 849 68 22 skulle
669 856 48 15 vara
733 849 43 22 lika
791 850 120 21 oförskämd
927 851 6 20 i
948 851 73 26 hvarje

199 878 107 26 händelse,
322 881 50 19 utan
388 881 51 22 tror,
456 880 31 19 att
503 885 33 14 om
552 879 42 20 han
609 884 62 15 anser
685 879 31 26 sig
732 878 61 21 hafva
808 878 48 22 stöd
872 878 32 21 för
919 879 31 21 sin
966 879 54 21 oför-

200 907 112 21 skämdhet
327 907 6 21 i
349 907 68 26 lagen,
433 906 54 22 skall
503 907 39 21 han
560 907 40 21 öka
616 907 127 21 densamma.

268 964 89 21 Prosten
380 965 182 25 Rosengren:
588 965 41 20 Det
653 971 36 14 var
709 966 94 19 närmast
826 965 47 21 med
895 965 98 22 afseende
1008 966 14 21 å

200 995 87 26 prosten
311 993 67 27 Hjelts
401 993 65 21 kritik
488 993 57 21 öfver
568 994 54 21 1852
637 994 34 20 års
687 993 123 26 fattigvårds
826 993 134 27 reglemente,
976 1000 45 15 som

198 1023 37 26 jag
251 1021 70 22 anhöll
339 1024 32 19 att
383 1021 21 22 få
419 1022 95 26 begagna
529 1021 42 27 mig
586 1021 22 22 af
621 1022 176 27 yttranderätten.
828 1022 41 21 Det
885 1025 23 19 är
923 1029 25 15 en
964 1029 56 20 gam-

201 1050 42 22 mal
258 1051 51 26 visa,
324 1056 45 16 som
385 1053 25 18 är
424 1051 87 26 sjungen
527 1051 102 26 öfverallt,
645 1053 33 19 att
693 1051 35 20 det
744 1053 24 18 är
784 1051 53 21 1852
849 1051 33 22 års
893 1051 128 27 förordning,

201 1085 44 16 som
268 1081 24 18 är
314 1079 90 21 orsaken
427 1079 32 21 till
475 1079 39 21 den
530 1079 125 26 tilltagande
670 1079 145 26 fattigdomen,
832 1080 66 21 ehuru
910 1080 37 27 jag
963 1081 58 26 inga-

201 1107 64 22 lunda
280 1108 41 20 kan
336 1107 113 26 godkänna
465 1114 24 15 en
505 1107 66 22 sådan
582 1107 140 28 uppfattning.
745 1107 40 27 Jag
796 1111 50 23 tror,
858 1111 31 18 att
901 1110 120 20 densamma

201 1135 149 27 författningen
366 1136 46 21 icke
428 1136 39 21 alls
482 1136 39 21 har
536 1136 64 26 något
616 1137 101 26 egentligt
732 1135 28 22 fel
776 1136 51 21 eller
842 1139 86 24 rättare,
944 1137 40 21 den
997 1139 25 19 är

201 1164 46 21 icke
270 1165 89 20 orsaken
384 1164 30 21 till
430 1164 149 27 fattigdomens
594 1164 122 21 förökande.
747 1164 45 21 Den
809 1167 23 18 är
847 1165 84 27 mycket
945 1165 77 22 konse-

201 1195 70 24 qvent.
302 1192 68 21 Sedan
387 1199 47 14 man
451 1193 38 20 har
504 1194 70 19 ansett
590 1193 34 20 det
639 1199 50 14 vara
705 1192 86 22 alldeles
807 1193 129 27 nödvändigt
950 1196 32 19 att
995 1195 27 25 på

202 1221 36 21 det
260 1223 49 23 sätt,
331 1227 47 14 man
395 1220 97 27 möjligen
508 1220 47 27 kan,
571 1221 83 20 försöka
670 1221 84 21 hemma
769 1221 104 26 tiggeriet,
889 1222 69 21 kunde
974 1228 47 15 man

201 1249 46 22 icke
270 1249 62 24 finna,
355 1251 32 19 att
410 1249 58 21 detta
491 1249 69 21 kunde
582 1249 37 21 ske
635 1250 26 25 på
677 1252 64 18 annat
756 1251 50 24 sätt,
823 1251 26 19 än
864 1251 23 20 så
903 1252 32 19 att
950 1250 72 26 hvarje

201 1277 100 21 kommun
324 1277 136 26 ovilkorligen
482 1277 157 26 förpligtigades
660 1280 33 17 att
715 1278 48 21 föda
785 1278 46 20 sina
853 1278 81 25 fattiga.
972 1279 49 20 Deri

201 1311 62 15 anser
282 1305 36 25 jag
336 1307 32 18 att
385 1305 53 20 1852
454 1306 34 19 års
503 1305 122 25 förordning
640 1306 44 20 står
700 1305 57 21 öfver
773 1305 58 21 detta
846 1305 85 27 förslag,
946 1309 22 24 ty
984 1307 38 19 här

202 1334 85 20 nämnes
311 1332 46 21 icke
380 1332 38 21 alls
434 1332 54 22 huru
504 1339 48 15 man
567 1332 54 21 skall
636 1332 69 28 hjelpa
721 1334 47 24 den,
783 1339 46 16 som
847 1346 22 2 —
885 1334 36 27 jag
936 1334 86 28 medger

202 1362 36 21 det
253 1374 27 3 —
296 1362 22 21 af
332 1363 47 25 eget
394 1361 130 22 förvållande
540 1362 38 21 har
594 1362 102 21 hemfallit
710 1363 23 21 åt
748 1362 42 22 nöd
805 1363 38 22 och
860 1363 86 27 hunger.
976 1363 46 22 Här

202 1393 30 24 är,
255 1391 68 21 såsom
347 1390 67 27 sagdt,
438 1391 46 21 icke
507 1391 105 21 bestämdt
634 1391 55 21 hvad
705 1397 48 16 man
768 1391 54 22 skall
837 1393 51 26 göra
903 1393 48 21 med
967 1393 55 22 dem.

201 1419 133 22 Kommunen
357 1419 39 22 har
415 1419 118 27 fullkomlig
554 1421 43 20 rätt
619 1421 31 20 att
673 1419 43 22 låta
737 1421 47 21 dem
806 1421 33 21 dö.
854 1433 28 3 —
898 1421 124 22 Emellertid

202 1448 65 22 sedan
289 1451 69 19 staten
381 1449 65 26 ansåg
468 1448 36 22 det
527 1455 49 16 vara
592 1448 31 21 sin
639 1448 52 28 pligt
706 1451 32 20 att
754 1449 107 28 öfvertaga
877 1449 145 28 fattigförsörj-

203 1477 82 27 ningen,
301 1484 45 15 som
362 1477 160 28 ursprungligen
539 1490 23 3 —
579 1478 86 21 hvarom
681 1477 41 22 alla
738 1479 62 21 torde
816 1485 50 16 vara
881 1485 50 16 ense
946 1493 26 2 —
986 1486 36 15 var

203 1512 25 15 en
251 1506 83 27 kyrklig
356 1505 125 27 institution,
504 1507 39 20 har
565 1512 47 15 man
634 1509 70 18 ansett
719 1507 37 21 det
770 1508 74 26 nödigt
859 1509 32 19 att
907 1509 116 20 bestämma
