1084 1823
205 136 54 22 1358
395 142 160 18 Presteständet
567 143 55 17 1877.
647 143 22 16 13
682 142 90 17 oktober.

381 217 62 14 mom.
466 211 13 21 8
502 211 22 21 af
543 211 168 27 presterskapets
730 209 120 27 privilegier
865 209 22 21 af
899 210 25 21 år
941 210 54 20 1723

381 239 65 22 måtte
469 239 63 26 åtaga
556 240 32 25 sig
609 238 65 22 sådan
689 238 125 27 skyldighet;
831 244 44 15 som
891 243 75 21 genom
982 238 15 27 &

380 268 28 21 60
429 268 7 20 i
451 267 89 28 Förslag
555 268 32 21 till
602 267 75 26 stadga
698 273 34 15 om
751 267 77 21 allmän
851 266 117 27 värnepligt
988 267 8 20 i

381 296 203 22 Storfurstendömet
604 295 89 22 Finland
709 295 158 28 presterskapet
881 294 112 22 åhvälfves.

244 353 80 22 Genom
347 353 193 27 protokollsutdrag
560 353 22 22 af
601 353 40 22 den
657 354 13 20 4
685 352 95 22 sistlidne
796 352 39 27 maj
852 352 39 21 har
906 352 89 27 högvör-

175 383 48 26 diga
246 382 154 27 presteståndet
421 382 31 21 till
474 382 152 22 förberedande
642 381 157 27 handläggning
814 381 21 21 af
849 381 37 21 sitt
901 380 94 22 enskilda

176 410 168 22 besvärsutskott
366 411 121 26 hänskjutet
509 417 25 15 en
557 411 23 21 af
598 411 35 21 det
648 411 33 20 vid
698 410 69 21 denna
782 410 101 27 landtdag
898 409 99 22 nedsatta

175 439 239 27 värnepligtsutskottet,
437 440 7 20 i
466 439 109 22 skrifvelse
597 439 22 22 af
640 439 40 22 den
703 439 26 21 28
752 439 110 21 nästvikne
887 438 60 27 april,
963 439 32 20 till

175 468 156 27 presteståndet
358 468 117 21 framställd
500 469 111 26 förfrågan,
635 467 102 22 huruvida
759 467 84 22 ståndet
866 467 45 22 icke
933 467 64 21 funne

176 497 46 21 skäl
236 496 131 22 förekomma
382 499 38 24 att,
432 497 117 22 oberoende
565 497 22 22 af
600 497 125 26 stadgandet
740 497 6 20 i
762 503 61 14 mom.
841 497 12 20 8
869 496 22 21 af
905 497 91 26 prester-

176 526 85 26 skapets
283 525 119 27 privilegier
424 525 22 22 af
465 526 25 21 år
513 527 61 25 1723,
596 525 108 27 samtycka
719 525 77 25 dertill,
813 527 32 18 att
859 525 67 21 sådan
941 524 56 27 skyl-

176 554 78 26 dighet,
275 560 45 15 som
342 555 12 26 8
377 555 27 20 60
427 554 22 21 af
466 554 87 27 Förslag
575 554 31 21 till
621 554 75 26 stadga
711 560 33 15 om
762 553 77 22 allmän
855 552 119 27 värnepligt
989 553 7 20 i

176 582 90 22 Finland
287 583 123 24 innebåller,
433 583 75 21 varder
530 583 157 26 presterskapet
709 582 69 27 ålagd,
798 582 115 21 bestående
928 581 70 22 denna

177 611 118 27 skyldighet
317 611 6 21 i
346 611 130 22 aflemnande
494 611 44 22 före
555 612 39 21 den
612 612 25 21 15
650 611 84 26 januari
750 611 71 26 hvarje
837 611 24 20 år
875 611 32 20 till
923 610 72 21 veder-

177 640 93 21 börande
293 640 232 21 distriktskommission
548 640 23 21 af
586 639 134 28 specificerad
735 639 132 27 förteckning
882 639 57 21 öfver
955 639 43 21 alla

177 669 7 20 i
199 669 148 26 församlingen
362 669 101 21 inskrifna
478 675 101 21 personer
595 669 21 21 af
630 669 97 25 mankön,
744 674 44 15 som
801 668 56 21 inom
870 667 127 27 föregående

177 698 25 21 år
216 698 90 26 uppnått
324 698 90 26 tjuguett
430 697 34 22 års
479 698 65 26 ålder,
560 698 107 21 äfvensom
683 697 56 21 öfver
754 696 41 22 alla
811 697 26 21 de
851 696 110 28 ynglingar
976 696 21 21 af

178 726 64 27 sagda
264 726 59 21 ålder
344 725 71 22 hvilka
434 727 47 21 året
496 726 56 22 förut
567 726 46 22 från
629 725 148 28 församlingen
793 725 124 27 bortflyttat,
930 725 67 27 jemte

179 755 81 26 uppgift
274 755 27 27 på
317 755 39 21 den
372 755 120 27 församling
508 755 30 22 dit
554 755 193 27 flyttningsbetyget
761 753 111 22 utfärdats.

246 783 33 23 Då
303 784 101 21 utskottet
428 784 52 25 tagit
495 784 137 21 förenämnda
647 783 153 26 framställning
815 783 6 21 i
838 783 160 26 öfvervägande,

179 813 38 21 har
240 813 35 21 det
296 812 47 22 icke
362 814 79 20 kunnat
457 813 70 26 undgå
542 815 31 19 att
589 812 62 25 finna,
667 815 32 19 att
715 812 40 22 den
771 812 136 26 förpligtelse,
923 818 45 15 som
982 812 12 26 $

179 842 27 20 60
221 842 6 20 i
243 841 87 27 Förslag
345 841 32 21 till
392 842 74 26 stadga
482 848 33 15 om
531 842 77 21 allmän
624 841 116 27 värnepligt
750 840 35 22 vill
797 840 97 22 åhvälfva
906 842 91 25 prester-

178 870 76 28 skapet
276 870 39 22 och
338 870 45 21 från
406 870 84 22 hvilken
513 871 116 21 detsamma
644 876 75 20 genom
735 870 48 21 8:de
798 871 116 20 momentet
929 869 6 21 i
950 875 48 21 pre-

178 899 180 28 staprivilegierna
380 902 24 19 är
418 899 92 27 fritaget,
526 900 95 21 kommer
636 901 31 19 att
682 899 55 26 gifva
752 899 183 25 församlingarnes
950 904 47 21 pre-

179 928 97 27 sterskap
298 929 31 20 ett
347 928 79 26 arbete,
441 935 45 14 som
502 929 46 20 icke
564 929 54 20 blott
633 930 24 19 är
671 927 129 22 främmande
815 927 32 22 för
863 927 47 21 dess
926 929 71 25 egent-

179 957 41 26 liga
241 957 41 21 kall
306 959 50 19 utan
378 957 60 21 äfven
454 957 65 21 delvis
535 957 118 27 svårgjordt
668 957 38 20 och
721 955 141 22 ansvarsfullt.
892 956 39 21 Att
946 961 51 20 nog-

179 987 76 25 grannt
277 985 57 28 ifylla
356 985 42 22 alla
420 986 26 21 de
468 985 117 27 kolumner,
607 991 44 16 som
673 987 104 26 upptagas
800 985 13 21 å
828 985 25 21 de
869 985 129 26 blanketter,

179 1014 77 27 hvilka,
277 1014 32 21 för
331 1014 145 27 ifrågakomna
498 1014 166 27 förteckningars
687 1014 123 27 afgifvande,
833 1013 60 22 skola
907 1015 91 25 prester-

179 1043 75 27 skapet
268 1043 178 27 tillhandahållas,
462 1043 40 22 blir
518 1043 121 22 tillochmed
656 1043 90 26 ogörligt
761 1043 47 21 med
819 1043 40 21 den
870 1042 54 22 enda
935 1042 63 26 källa,

179 1078 45 15 som
240 1073 44 20 står
298 1072 158 27 presterskapet
471 1072 32 21 till
519 1072 52 21 buds
587 1085 27 2 —
629 1072 144 26 kyrkoboken.
797 1071 31 22 Ur
843 1071 68 22 denna
926 1071 71 21 kunna

180 1103 14 18 t.
218 1107 31 14 ex.
271 1101 47 21 icke
333 1101 90 21 erhållas
439 1101 106 26 uppgifter
561 1107 32 15 om
610 1101 44 21 deri
669 1100 82 21 införda
767 1106 110 21 personers
893 1099 106 22 skrifkun-

179 1129 73 26 nighet
273 1131 55 19 samt
351 1130 25 20 de
399 1129 104 26 lärovärk,
526 1129 35 22 vid
582 1129 71 21 hvilka
674 1129 25 21 de
722 1128 84 21 erhållit
828 1129 51 21 eller
893 1128 33 21 för
941 1128 57 21 tiden

180 1157 80 23 erhålla
282 1158 153 26 undervisning,
454 1159 46 20 icke
515 1158 68 21 heller
597 1159 6 20 i
619 1158 112 26 tillräcklig
746 1157 39 22 och
801 1157 96 27 möjligen
913 1157 86 21 fordrad

180 1193 48 14 mon
244 1188 55 20 samt
314 1187 47 20 med
376 1187 126 26 garanterad
518 1187 162 26 tillförlitlighet,
693 1193 33 14 om
738 1187 26 20 de
774 1185 226 27 familjeförhällanden

180 1215 39 21 och
234 1215 132 27 kropplyten,
383 1216 26 25 på
424 1216 68 26 grund
508 1215 20 21 af
542 1215 70 21 hvilka
629 1215 92 26 eftergift
735 1215 52 20 eller
799 1215 97 20 befrielse
906 1215 7 20 i
924 1216 75 19 värne-

180 1243 90 26 pligtens
293 1244 116 26 utgörande
431 1244 65 26 enligt
515 1244 48 27 kap.
578 1244 18 21 V
611 1244 6 20 i
633 1243 100 27 förslaget
748 1243 31 21 till
795 1243 207 27 värnepligtsstadga

180 1271 42 22 kan
241 1272 158 27 ifrågakomma.
429 1273 77 20 Likaså
522 1273 41 20 kan
579 1273 17 24 ej
613 1272 66 21 heller
695 1272 38 21 den
749 1271 98 22 fordrade
863 1271 94 27 uppiften
973 1271 29 26 på

180 1299 86 28 familje-
288 1301 40 21 och
350 1301 95 21 tillnamn
469 1301 59 21 alltid
551 1301 86 25 lemnas,
657 1300 87 22 emedan
760 1300 79 21 sådana
854 1306 62 15 namn
932 1299 67 22 icke
986 1295 16 36 i

181 1329 41 20 alla
245 1329 58 21 delar
324 1329 24 21 af
367 1329 72 21 landet
461 1331 37 20 äro
521 1329 96 27 brukliga
640 1329 45 26 och,
709 1329 36 21 der
761 1329 25 21 de
801 1329 137 25 förekomma,
954 1328 45 21 icke

181 1357 67 20 sällan
272 1360 38 18 äro
334 1361 91 22 antagna
447 1364 81 16 senare,
551 1360 27 18 än
601 1357 124 25 anteckning
747 1358 6 18 i
776 1357 138 26 kyrkoboken
936 1357 66 19 skett.

180 1383 61 27 Fylla
264 1384 88 21 sålunda
377 1385 13 20 &
414 1391 39 14 ena
480 1385 60 20 sidan
565 1385 26 20 de
615 1384 111 27 uppgifter,
752 1391 44 14 som
827 1383 174 27 kyrkoherdarne

181 1412 71 21 kunna
273 1413 75 24 lemna,
368 1413 46 20 icke
434 1413 36 20 det
485 1413 60 26 mått,
559 1419 44 14 som
619 1412 94 27 begäres,
730 1413 23 20 så
769 1414 24 19 är
808 1412 35 21 det
859 1411 60 22 äfven
935 1412 12 21 å
963 1418 38 13 an-

182 1440 38 21 dra
238 1441 60 22 sidan
320 1441 56 24 visst,
400 1443 31 19 att
453 1442 158 26 presterskapet
630 1447 75 20 genom
720 1443 32 19 att
767 1441 99 26 förpligta
881 1441 31 26 sig
928 1440 31 21 till
975 1441 28 20 de

181 1469 79 23 äskade
277 1469 143 29 uppgifternas
441 1469 130 23 aflemnande
593 1470 54 22 skall
667 1471 90 20 utsättas
771 1469 33 22 för
820 1470 75 26 många
910 1469 91 27 obehag-

181 1498 95 27 ligheter,
299 1505 45 15 som
366 1499 29 21 bli
418 1506 26 14 en
466 1499 50 27 följd
539 1499 22 21 af
581 1505 26 15 en
630 1498 38 22 hos
690 1499 104 27 allmogen
809 1498 41 22 lätt
870 1498 133 28 uppstående

182 1527 150 28 föreställning,
348 1530 33 20 att
403 1527 96 23 befrielse
522 1528 51 22 eller
588 1528 90 26 lindring
693 1528 6 21 i
715 1528 154 27 värnepligtens
884 1527 120 27 utgörande
