1086 1834
205 146 54 20 1526
396 150 158 17 Presteståndet
567 151 54 16 1877.
646 150 27 16 20
687 150 91 16 oktober.

175 218 65 21 sedde
255 224 101 21 personer
372 218 38 21 och
426 218 83 21 hvilken
526 218 53 21 hade
595 221 31 18 att
642 218 117 21 bestämma
775 218 34 21 det
826 218 105 21 ordinarie
947 224 48 20 pre-

177 247 129 26 sterskapets
321 246 59 21 löner
396 246 47 21 med
459 246 98 21 afseende
572 247 27 26 på
613 246 97 26 gällande
726 246 154 26 författningar,
897 247 55 20 förut
963 248 32 19 ut-

175 275 81 25 gående
276 274 83 27 afgifter
377 274 55 21 inom
449 275 152 26 församlingen,
617 277 55 19 samt
688 275 26 20 de
729 274 89 27 afgifter,
833 281 44 15 som
895 276 21 20 af
930 275 65 26 ötrige

175 306 120 24 pastorater
313 303 57 21 inom
386 305 60 19 orten
461 303 67 21 under
542 304 103 20 likartade
661 302 143 22 förhällanden
813 303 56 27 utgä.
886 303 109 22 Huruvida

176 332 157 21 vederbörande
356 331 67 21 skulle
445 332 71 20 kunna
538 333 26 25 pä
580 334 30 18 ett
625 332 75 21 sädant
716 332 77 26 förslag
809 332 54 26 ingä,
879 333 67 20 mäste
962 335 33 18 vä-

175 360 103 27 sentligen
301 360 50 21 bero
374 360 22 21 af
414 360 114 21 nämndens
548 360 194 26 sammansättning,
759 361 38 21 och
811 361 36 26 jag
863 360 37 22 har
914 361 6 20 i
937 361 59 21 detta

176 389 119 21 hänseende
311 388 102 22 föreställt
429 389 48 27 mig,
493 391 32 19 att
540 389 63 26 nödig
617 389 100 21 säkerhet
732 396 49 14 vore
797 396 88 16 vunnen,
902 396 33 14 om
947 390 48 21 ord-

177 418 87 21 förande
283 419 85 25 utsäges
391 419 23 19 af
434 418 115 26 Konungen
573 418 54 21 efter
649 417 78 27 förslag
750 418 21 21 af
785 418 156 26 Landshöfding
958 418 38 21 och

176 446 79 27 Biskop
270 448 136 25 gemensamt,
422 446 70 21 vidare
508 446 82 22 Stiftets
600 446 157 22 Konsistorium
769 446 39 22 och
819 447 67 21 länets
897 446 97 22 Hushäll-

177 476 60 25 nings
258 475 93 26 sällskap
374 475 54 28 egde
444 478 32 18 att
491 478 46 18 utse
553 475 103 21 hvardera
671 481 25 16 en
713 476 99 24 ledamot,
828 481 54 16 samt
898 478 31 18 att
944 476 52 21 slut-

176 504 62 26 ligen,
259 504 66 27 jemte
348 504 60 21 dessa
428 505 80 24 trenne,
525 516 25 3 —
567 510 44 15 som
628 504 64 21 borde
708 504 99 21 tillsättas
824 505 31 20 för
871 507 31 18 tre
918 505 24 20 är
957 503 39 22 och

175 533 23 20 sä
218 534 32 18 att
268 539 25 14 en
310 532 70 26 hvarje
395 532 24 21 är
434 539 25 13 ur
472 533 103 20 nämnden
591 533 84 25 utginge
687 532 32 21 för
735 532 71 27 hvarje
821 533 41 26 län,
873 539 43 14 som
928 533 67 20 skulle

174 561 135 25 bestämmas,
339 560 6 21 i
368 561 103 20 nämnden
492 561 83 26 inginge
595 563 76 18 tvänne
687 561 55 20 inom
759 561 147 26 församlingen
923 561 51 20 eller
989 561 5 20 i

175 589 47 20 dess
249 589 120 26 grannskap
397 589 83 20 bosatte
508 591 53 23 män,
589 589 22 21 af
632 589 69 21 hvilka
723 589 148 26 församlingen
895 589 37 21 och
950 589 44 21 lön-

176 620 93 24 tagaren,
285 617 7 21 i
307 617 99 22 händelse
422 617 22 21 af
458 617 97 27 ledighet,
570 618 6 21 i
593 617 51 21 hans
657 618 60 21 ställe
729 618 202 26 Kontraktsprosten
942 618 54 21 hade

176 648 32 19 att
228 646 55 26 välja
297 646 104 21 hvardera
417 649 46 17 en.*
495 647 43 20 Här
553 647 38 20 har
607 646 68 21 blifvit
689 647 56 20 inom
761 647 84 20 ständet
861 647 61 20 väckt
938 647 58 26 fräga

176 681 34 15 om
233 677 32 18 att
281 675 18 20 vi
315 675 65 20 borde
401 674 63 21 blifva
480 675 33 21 vid
530 675 24 21 de
569 675 67 26 gamla
654 675 175 27 författningarna
844 675 38 21 och
898 675 56 21 hälla
970 675 26 27 pä

175 704 51 21 vära
241 703 125 27 privilegier,
382 709 44 15 som
442 705 36 20 äro
496 704 187 27 omkringgärdade
693 704 22 21 af
724 704 199 26 regeringsformens
935 710 61 20 para-

176 732 75 26 grafer.
281 732 41 21 Vid
338 733 39 20 den
394 733 90 25 riksdag,
501 733 26 20 dä
543 733 68 20 denna
626 732 22 21 af
663 733 41 26 mig
720 739 27 14 nu
758 734 98 25 upplästa
867 733 129 26 proposition

175 761 108 26 angående
305 761 218 26 regleringskomit&er
540 764 74 23 antogs
630 761 101 26 enhälligt
746 762 69 20 såsom
831 761 34 26 lag
880 764 42 19 satt
937 761 6 20 i
959 761 37 21 all-

176 791 77 19 männa
275 789 93 22 besvärs-
392 789 38 21 och
454 790 207 25 ekonomiutskottet,
683 789 62 22 bland
761 789 72 26 andra,
850 790 146 27 kyrkoherden

177 817 129 24 Ternström,
323 824 43 15 som
386 823 36 15 var
438 818 38 20 den
493 819 59 24 enda,
568 824 44 15 som
628 819 118 25 uppträdde
756 821 57 18 emot
824 818 130 27 påståendet,
966 821 30 18 att

176 853 48 14 man
247 846 143 26 vedervågade
406 846 145 27 privilegierna
567 853 75 19 genom
658 850 31 17 ett
704 847 75 20 sådant
795 846 200 27 regleringsförslag.

176 875 59 20 Hans
250 875 38 21 ord
304 875 72 26 lydde:
397 875 53 26 ,Jag
465 875 104 21 erkänner
584 875 47 21 med
646 875 131 26 underdänig
792 875 131 21 tacksamhet
939 876 35 20 det
989 875 7 21 i

175 903 138 21 förevarande
329 903 91 27 grunder
434 910 27 14 m.
478 909 25 15 m.
518 903 79 27 ganska
619 903 91 28 synbara
732 903 147 23 bemödandet,
896 906 32 19 att
943 906 52 19 rätt-

175 932 41 21 vist
239 932 39 22 och
301 932 67 27 billigt
389 932 66 21 ordna
478 939 25 14 en
524 932 157 27 angelägenhet,
697 939 45 15 som
758 932 61 27 länge
834 933 47 21 med
898 939 44 15 mer
958 932 38 22 och

176 961 82 21 mindre
273 961 53 26 skäl,
342 963 80 19 ansetts
438 967 48 15 vare
502 961 59 21 deraf
575 961 6 21 i
598 961 69 26 behof,
684 962 38 20 och
739 961 122 21 förblandar
877 962 46 20 dem
939 962 57 26 inga-

176 989 65 21 lunda
257 990 47 21 med
320 990 25 20 de
360 990 123 21 flerchanda
499 991 102 20 motioner
617 990 37 21 och
671 990 126 27 skrifvelser,
813 990 70 21 hvilka
892 990 33 21 vid
938 991 58 21 detta

175 1018 39 22 och
230 1018 125 27 föregående
370 1018 114 22 riksmöten
502 1018 66 22 blifvit
583 1019 6 20 i
605 1021 71 19 ämnet
691 1019 82 26 afgifna.

245 1048 78 26 Hvarje
339 1048 201 26 församlingslärare
555 1048 67 21 måste
637 1048 48 20 med
700 1048 86 26 längtan
795 1050 80 18 emotse
884 1047 39 21 den
931 1048 63 21 stund

175 1076 27 21 då
217 1076 40 21 den
273 1076 61 26 långa
349 1076 39 21 och
403 1076 61 26 ifriga
479 1076 128 26 agitationen
623 1076 6 20 i
645 1076 59 21 detta
719 1076 119 22 hänseende
853 1082 49 15 vore
917 1076 76 26 slutad,

175 1105 40 21 den
230 1105 7 20 i
252 1104 52 22 flere
320 1104 36 21 fall
372 1104 112 26 olämpliga
499 1105 122 25 uppbörden
637 1104 132 22 annorlunda
777 1105 100 24 inrättad,
888 1105 38 21 och
937 1105 57 21 löne-

176 1132 103 27 beloppen
295 1132 110 22 bestämda
421 1133 27 26 på
463 1134 30 20 ett
509 1133 32 21 för
555 1133 56 21 båda
626 1134 25 20 de
667 1133 140 21 intresserade
823 1136 97 24 varterna
937 1140 57 14 mera

175 1161 193 21 tillfredsställande
384 1163 42 19 sätt
442 1164 25 18 än
484 1168 28 14 nu
527 1164 24 18 är
565 1162 141 21 förhållandet
743 1162 49 20 Icke
807 1162 66 21 heller
882 1162 67 20 skulle
959 1162 35 26 jag

175 1190 62 21 hafva
258 1190 76 21 minsta
351 1190 149 26 betänklighet,
517 1193 31 18 att
562 1192 23 20 åt
601 1196 24 15 en
641 1191 84 25 nämnd,
741 1190 65 22 sådan
823 1191 38 20 den
877 1191 6 20 i
900 1190 94 21 bemälde

175 1218 92 26 grunder
289 1218 94 24 föreslås,
406 1218 38 21 och
465 1219 5 20 i
487 1219 39 21 den
542 1219 96 26 ordning,
654 1219 64 25 enligt
733 1219 85 21 hvilken
835 1219 39 21 den
890 1218 65 22 borde
968 1218 26 27 gå

175 1246 93 27 tillväga,
288 1246 128 22 öfverlemna
436 1247 66 21 denna
518 1248 158 26 angelägenhet,
691 1253 32 15 om
737 1248 37 26 jag
790 1247 54 21 blott
859 1248 79 26 vågade
954 1248 40 20 för-

175 1277 87 24 utsätta,
285 1278 32 19 att
340 1276 40 20 den
399 1276 71 20 städse
486 1276 66 20 skulle
568 1276 57 21 ledas
641 1276 22 21 af
677 1276 25 21 de
717 1276 142 26 grundsatser,
875 1282 44 15 som
936 1278 58 19 otve-

173 1304 69 26 tydigt
257 1304 68 21 uttala
341 1304 31 26 sig
387 1304 5 20 i
410 1304 39 21 den
465 1304 75 26 nådiga
555 1304 164 27 propositionen,
736 1304 51 21 eller
803 1304 43 21 deri
858 1305 70 20 kunna
938 1304 57 22 finna

175 1332 126 27 tillräckliga
320 1333 113 25 garantier,
453 1335 32 19 att
505 1334 168 26 presterskapets
689 1332 75 26 lagliga
779 1335 44 19 rätt
838 1334 17 25 ej
872 1332 66 22 skulle
954 1333 40 21 för-

175 1363 90 22 närmas,
289 1361 66 21 sedan
381 1361 117 21 detsamma
523 1360 104 22 frånträdt
650 1361 40 21 den
720 1361 183 26 grundlagsenliga
926 1361 68 26 helgd,

174 1389 119 20 hvarunder
317 1389 35 20 det
374 1395 28 14 nu
420 1389 23 20 åt
458 1389 70 25 njuter
549 1389 46 20 sina
610 1389 120 20 inkomster.
762 1389 37 20 Ett
814 1389 76 20 sådant
905 1388 89 21 frånträ-

176 1416 67 21 dande
266 1423 61 15 anser
347 1416 35 27 jag
405 1416 103 27 nemligen
530 1416 6 21 i
552 1416 71 27 sjelfva
640 1417 72 21 verket
727 1417 60 21 skola
803 1423 38 21 ega
855 1423 53 19 rum,
926 1417 69 21 derest

173 1444 100 26 förslaget
295 1445 22 21 af
337 1445 155 27 presteståndet
514 1447 94 25 antages,
629 1448 50 18 enär
702 1446 35 21 det
759 1446 120 21 sedermera
900 1449 23 18 är
939 1446 55 21 löne-

174 1473 220 27 regleringsnämnden
417 1474 39 21 och
477 1474 53 25 icke,
552 1480 45 15 som
612 1480 35 19 nu,
663 1474 153 27 författningar,
833 1475 126 26 omgärdade
975 1474 21 22 af

176 1503 41 21 114
238 1505 10 24 $
270 1502 222 28 Regerings-Formen,
515 1502 70 22 hvilka
606 1503 115 21 bestämma
744 1503 53 22 hvad
821 1503 134 22 innehafvare
975 1503 22 22 af

175 1531 72 28 hvarje
269 1531 112 28 presterlig
404 1532 98 27 lägenhet
525 1531 51 22 böra
597 1531 149 26 ,oförändradt
762 1532 58 27 njuta
836 1532 38 21 och
890 1532 103 22 behålla."
