1086 1825
328 142 159 17 Presteständet
499 143 52 16 1877.
575 142 23 17 18
610 142 91 17 oktober.
838 136 55 20 1477

104 216 44 16 som
171 210 38 21 här
232 211 38 21 har
292 210 80 22 anförts
394 212 45 19 mot
457 210 114 22 utskottets
590 210 139 26 betänkande,
745 210 39 21 har
800 209 64 27 enligt
878 209 43 22 min

104 238 132 27 uppfattning
259 239 45 21 icke
320 238 54 22 varit
388 240 63 25 nägot
467 241 52 25 nytt,
534 241 50 19 utan
599 238 38 22 allt
652 238 81 26 sädant,
749 244 45 15 som
809 239 65 20 redan
889 240 32 18 ut-

103 267 79 21 skottet
198 267 54 21 hade
267 268 75 20 anfört.
368 267 40 27 Jag
423 267 67 21 finner
505 267 81 21 säledes
600 267 46 21 icke
661 267 64 26 nägot
739 267 46 21 skäl
800 268 32 20 att
847 266 73 26 frängä

103 295 42 21 min
167 296 7 20 i
196 296 105 21 utskottet
321 296 84 26 yttrade
428 296 59 26 äsigt,
510 298 32 19 att
560 296 156 27 presterskapet
731 295 66 21 borde
812 295 62 26 ätaga
889 295 32 26 sig

102 324 60 21 dessa
184 324 167 26 förteckningars
368 324 141 26 uppgörande.
541 324 68 22 Gerna
623 324 67 21 skulle
704 324 34 26 jag
754 324 72 25 önska,
842 325 33 19 att
890 326 31 18 ett

102 352 75 22 sådant
199 352 72 27 tillägg
293 352 68 23 skulle
383 352 53 27 ingå,
451 355 33 19 att
499 353 155 26 presterskapet
669 353 73 25 ätager
756 352 32 26 sig
802 352 61 21 dessa
878 351 42 21 för-

101 380 134 27 teckningars
250 381 136 27 uppgörande
399 381 53 21 intill
466 381 47 22 dess
525 381 130 27 fullständigt
668 380 134 26 civilregister
814 381 28 26 pä
850 386 69 15 annan

101 411 40 24 väg
155 410 42 21 kan
212 410 97 21 erhällas.

168 466 89 21 Prosten
278 466 166 22 Johnsson:
475 466 46 22 Den
543 466 126 26 föregäende
691 466 81 21 talaren
794 465 38 22 har
855 466 63 20 redan

99 494 120 26 framhällit,
238 494 54 22 huru
315 495 71 21 rektor
401 494 109 22 Kihlmans
523 494 65 27 jemte
604 494 75 22 andras
694 494 97 27 yttrande
806 494 113 27 ingalunda

99 522 45 22 stär
165 524 7 20 i
194 523 53 21 strid
269 524 48 20 med
339 522 95 23 enskilda
456 522 194 23 besvärsutskottet.
681 522 101 22 Enskilda
800 522 119 22 besvärsut-

99 552 80 21 skottet
201 552 38 21 har
259 554 71 19 svarat
350 552 26 26 pä
392 552 40 21 den
448 552 71 27 frågan
535 558 33 15 om
584 552 80 22 sådana
679 552 154 26 förteckningar
847 552 72 20 kunna

99 579 92 28 afgifvas,
207 582 31 19 att
253 580 80 22 sädana
348 580 45 22 icke
408 581 70 21 kunna
493 580 85 26 afgifvas
591 580 136 27 fullständigt,
741 583 51 18 utan
808 581 23 21 sä
846 580 38 21 och
896 580 23 21 sä

98 608 119 22 beskaffade
239 608 156 27 förteckningar
410 609 71 22 kunna
496 609 91 26 afgifvas.
611 609 101 21 Enskilda
728 608 190 23 besvärsutskottet

98 637 39 22 har
160 637 94 22 förordat
276 638 39 21 hos
330 637 90 28 ständet,
436 640 31 19 att
482 638 84 21 ständet
581 637 67 22 skulle
664 637 71 22 bifalla
750 637 76 26 dertill,
840 639 32 19 att
888 637 30 21 af-

97 665 54 26 gifva
174 667 80 20 sädana
275 666 162 27 förteckningar,
460 673 45 14 som
527 667 157 26 presterskapet
706 666 41 21 kan
766 665 81 28 afgifva.
878 665 40 26 Jag

97 693 118 23 föreställer
234 695 41 26 mig
291 695 65 20 saken
371 695 29 25 sä,
415 696 32 20 att
463 701 33 15 om
511 695 85 20 ständet
610 695 84 20 förenar
708 695 31 26 sig
754 701 34 14 om
804 694 115 21 utskottets

97 722 140 25 betänkande,
250 723 35 21 det
295 723 59 26 afgär
367 722 45 22 frän
425 723 84 22 ständet
519 723 107 21 skrifvelse
636 723 31 20 till
679 722 239 27 värnepligtsutskottet,

97 751 6 20 i
126 751 81 22 hvilken
231 751 108 21 skrifvelse
362 751 35 21 det
412 754 128 23 omnämnes,
555 753 31 19 att
602 751 155 27 presterskapet
772 752 45 21 icke
832 751 41 21 kan
889 751 28 20 af-

99 779 55 27 gifva
169 780 79 21 sädana
263 779 161 27 förteckningar,
440 785 44 16 som
501 781 10 24 $
527 781 26 20 60
569 779 6 21 i
587 779 228 28 värnepligtsförslaget
824 779 94 26 föreslär,

96 810 50 19 utan
166 809 23 20 sä
205 808 38 21 och
259 809 24 20 sä
297 807 126 26 beskaffade,
439 807 104 22 bristfulla
558 808 160 27 förteckningar.
748 809 42 20 Det
804 810 25 19 är
844 810 74 19 värne-

97 836 62 27 pligts
180 837 110 26 utskottet,
313 842 44 16 som
380 837 64 21 sedan
463 843 48 20 eger
526 839 32 19 att
572 837 79 27 pröfva,
667 837 101 21 huruvida
783 837 79 21 sådana
876 836 41 21 för-

97 865 127 26 teckningar,
249 871 44 15 som
316 866 156 27 presterskapet
494 865 42 22 kan
559 865 82 27 afgifva,
664 868 36 19 äro
722 865 196 27 tillfyllestgörande

96 893 52 22 eller
170 894 52 21 icke.
251 894 65 26 Ingen
336 894 38 21 har
392 894 82 21 säledes
489 895 56 20 velat
559 893 77 26 bevisa,
654 896 32 19 att
702 894 35 21 det
751 896 24 19 är
790 893 81 28 möjligt
885 896 32 19 att

96 923 55 26 gifva
174 923 79 21 sådana
275 923 162 26 förteckningar,
457 929 45 15 som
525 924 11 25 $
556 924 27 20 60
598 923 7 21 i
621 923 227 27 värnepligtsförslaget
862 922 56 21 före-

96 951 94 26 skrifver,
212 954 50 18 utan
278 954 91 19 tvärtom
384 952 39 20 har
438 958 48 15 man
501 954 52 24 sagt,
568 953 32 20 att
616 952 36 20 det
667 953 23 19 är
706 951 94 27 omöjligt
815 953 32 19 att
861 950 55 26 gifva

96 980 83 21 sädana.
196 992 27 3 —
238 980 168 22 Reservanterne
422 980 39 21 och
477 980 31 26 de,
524 986 45 16 som
585 980 62 21 hafva
662 980 81 22 förenat
758 981 31 25 sig
802 980 47 20 med
862 980 53 25 dem,

95 1014 57 20 anse,
168 1010 32 19 att
215 1008 137 28 kyrkoboken
368 1008 53 22 skall
437 1009 71 26 läggas
523 1009 33 20 till
570 1009 68 27 grund
653 1009 31 21 för
696 1008 118 27 afgifvande
824 1008 23 21 af
856 1008 60 21 dessa

96 1037 161 27 förteckningar.
287 1038 32 20 De
335 1037 60 22 hafva
411 1037 101 27 förordat,
528 1040 33 19 att
576 1037 193 21 häradsskrifvaren
784 1037 51 21 eller
846 1037 69 25 nägon

96 1072 69 15 annan
192 1072 75 20 person
292 1066 68 21 skulle
384 1068 51 24 göra
458 1066 77 27 utdrag
559 1066 44 21 frän
627 1066 143 27 kyrkoboken.
800 1065 31 22 De
853 1065 62 21 hafva

96 1096 75 24 ansett,
193 1097 32 19 att
248 1094 57 22 detta
328 1096 24 20 är
374 1094 62 27 högst
453 1095 128 27 nödvändigt
596 1094 32 22 för
642 1097 32 18 att
688 1096 84 26 presten
788 1094 45 22 icke
849 1094 66 21 skulle

96 1122 89 22 behöfva
201 1122 80 22 befatta
296 1123 31 26 sig
343 1124 47 20 med
406 1124 68 20 denna
489 1124 121 26 anordning.
633 1124 49 20 Men
698 1123 60 21 hvem
774 1125 23 19 är
812 1123 42 25 det,
870 1128 45 16 som

95 1151 88 21 skrifver
205 1152 148 27 kyrkoboken;
375 1152 61 21 hvem
457 1154 24 19 är
503 1152 41 26 det,
567 1158 45 16 som
632 1158 72 15 svarar
718 1151 32 21 för
764 1151 150 28 kyrkoboken
901 1147 17 37 ;

96 1180 60 22 hvem
180 1182 23 19 är
224 1180 81 22 således
328 1180 116 28 egentligen
469 1181 45 25 den,
535 1187 45 15 som
595 1180 81 22 lemnar
690 1180 70 22 stoffet
775 1180 32 21 till
822 1180 26 22 de
862 1186 53 21 upp-

95 1208 113 28 lysningar,
231 1215 45 16 som
299 1210 39 21 den
360 1209 156 22 vederbörande
539 1210 64 21 sedan
626 1209 54 22 skall
692 1209 113 22 afskrifva?
834 1209 42 21 Det
891 1210 24 20 är

95 1237 162 28 presterskapet.
288 1239 46 20 Kan
350 1245 74 20 genom
440 1239 155 21 reservationen
610 1238 156 27 presterskapet
779 1237 76 22 befrias
868 1237 45 22 frän

96 1266 68 21 denna
175 1267 131 27 skyldighet?
321 1267 40 26 Jag
373 1269 50 24 tror,
435 1269 32 19 att
479 1267 75 21 sädant
564 1267 45 21 icke
620 1269 24 19 är
652 1267 86 26 möjligt.
753 1267 42 21 Det
802 1269 24 19 är
834 1272 80 15 samma

95 1295 105 26 svärighet
215 1295 34 21 för
263 1296 163 26 presterskapet.
451 1295 39 21 Om
505 1296 158 25 presterskapet
677 1295 54 21 skall
745 1295 45 21 helt
800 1294 39 22 och
848 1295 66 21 hället

95 1323 71 27 afsäga
181 1323 31 27 sig
223 1323 63 26 detta,
300 1325 66 20 måste
380 1324 26 21 dä
417 1324 95 26 päyrkas,
525 1326 32 19 att
570 1324 35 21 det
615 1323 54 22 skall
682 1323 75 22 befrias
768 1323 46 22 från
824 1325 32 19 att
867 1323 46 21 föra

95 1352 77 21 sädana
180 1351 152 28 kyrkoböcker,
345 1358 43 15 som
400 1352 25 21 de
436 1358 27 15 nu
474 1352 51 24 föra,
536 1352 38 21 och
586 1352 68 21 dertill
666 1358 60 15 anser
731 1352 43 27 jag,
784 1354 30 19 att
826 1357 87 16 reserva-

94 1379 71 22 tionen
181 1381 64 20 ocksä
259 1381 61 21 torde
335 1380 53 22 leda.
410 1381 61 21 Hvad
482 1387 48 14 man
541 1380 53 22 talat
607 1387 33 14 om
652 1380 134 27 civilregister
799 1380 38 21 och
848 1380 66 20 andra

95 1409 179 26 omständigheter
296 1409 39 21 hör
357 1409 46 21 icke
426 1409 36 21 hit.
493 1409 83 27 Frägan
598 1415 37 15 var
656 1409 55 21 stäld
733 1409 29 26 sä,
779 1415 34 14 om
828 1408 86 21 ständet

94 1436 74 26 ätager
189 1438 31 25 sig
243 1437 68 22 denna
327 1437 120 27 skyldighet
462 1437 118 22 oberoende
595 1437 21 22 af
631 1438 12 20 8
658 1443 62 16 mom.
737 1438 7 20 i
758 1436 154 27 prestaprivile-

94 1465 78 26 gierna.
202 1465 41 20 Det
259 1467 23 19 är
297 1466 26 25 pä
339 1466 67 20 denna
422 1465 57 26 fråga
492 1466 19 19 vi
521 1465 59 21 skola
591 1471 66 20 svara,
668 1465 46 21 icke
725 1466 28 25 pä
765 1466 65 25 något
842 1467 70 18 annat.

162 1521 89 22 Prosten
275 1521 167 27 Grönberg:
473 1521 48 22 Alla
542 1521 168 27 betänkligheter
733 1527 61 22 synas
816 1521 42 27 mig
873 1520 40 21 lätt

94 1550 71 21 kunna
187 1550 141 27 undanrödjas
351 1556 33 16 om
407 1551 12 26 $
442 1551 27 21 60
491 1550 6 21 i
520 1550 188 28 värnepligtslagen
726 1551 118 21 modifieras
860 1549 53 22 efter
