1078 1806
299 134 158 18 Presteståndet
470 135 55 17 1877.
549 136 25 16 25
585 134 91 18 oktober.
816 128 54 22 1663

80 205 45 18 mot
147 202 7 20 i
175 202 100 22 komitén.
306 203 42 21 Det
371 205 25 19 är
417 204 18 26 ej
457 204 62 27 sagdt
534 203 81 22 hvilket
631 203 136 27 domkapitel,
783 209 46 15 som
843 203 55 21 skall

79 233 48 19 utse
148 230 107 22 komiténs
277 232 99 26 ledamot,
398 232 27 20 då
440 232 60 21 desse
515 232 116 22 ledamöter
646 235 58 18 utses
719 232 78 21 länsvis
813 232 39 20 och
867 234 32 18 ett

80 259 35 21 län
137 259 43 21 kan
203 266 50 14 vara
269 260 72 21 deladt
357 261 89 20 emellan
462 261 36 21 två
513 260 135 27 domkapitel,
665 260 98 21 hvarföre
779 260 68 27 någon
863 260 36 21 be-

81 287 106 27 stämning
202 288 6 20 i
224 288 59 21 detta
298 288 101 22 afseende
412 288 67 22 borde
494 291 69 25 göras.

149 356 90 22 Prosten
253 356 142 22 Hackzell
410 356 71 22 afstod
497 356 46 22 från
559 357 68 21 ordet.

149 431 142 27 Domprosten
317 431 88 28 Borg:
433 432 152 22 Diskussionen
611 431 38 21 har
674 431 129 28 visserligen,
829 432 69 22 såsom

81 462 86 25 prosten
183 460 59 27 Hjelt
257 460 118 26 anmärkte,
391 460 45 28 gått
451 460 84 22 utöfver
550 460 132 28 paragrafen,
698 466 47 16 men
762 461 19 27 ej
797 463 50 19 utan
863 468 37 15 an-

81 489 86 27 ledning
183 489 38 22 och
237 489 17 27 ej
271 491 51 19 utan
337 489 115 27 betydelse.
482 489 50 22 Med
547 490 113 27 anledning
672 489 24 22 af
705 490 73 21 rektor
787 489 113 22 Kihlmans

81 520 85 19 senaste
184 518 146 27 anmärkning,
346 518 105 27 nemligen
467 521 31 18 att
513 519 142 21 komitéernas
670 518 160 22 användbarhet
844 519 56 21 hvad

82 547 25 21 de
128 547 177 27 angelägenheter
327 547 60 27 angå,
411 553 44 15 som
471 549 11 24 $
500 549 24 20 19
547 547 122 24 innehåller,
692 553 47 16 men
763 547 18 28 ej
803 547 55 22 hvad
874 547 26 22 de

81 575 127 28 åligganden
231 575 65 28 angår
319 582 44 15 som
380 576 12 27 $
409 577 25 20 20
451 576 62 21 berör
529 589 24 2 —
570 577 37 20 der
629 576 62 27 hyser
711 576 73 22 rektor
799 576 101 22 Kihlman

81 606 57 20 ännu
158 605 131 21 fortfarande
309 605 133 26 tvifvelsmål,
458 605 104 22 huruvida
578 605 39 22 den
634 605 125 27 paragrafen
776 606 41 20 kan
833 607 67 20 sättas

82 634 7 21 i
104 634 153 27 sammanhang
280 634 47 21 med
343 634 140 27 kyrkolagens
499 635 157 26 bestämningar
671 646 21 3 —
713 634 36 21 vill
763 635 37 27 jag
815 636 84 23 nämna,

82 664 31 19 att
136 663 44 20 lika
202 663 48 20 med
272 663 73 21 rektor
366 662 99 22 Kihlman
489 669 62 16 anser
570 663 38 27 jag
623 663 34 21 det
673 669 50 15 vara
739 663 62 26 klart,
818 665 31 19 att
864 663 36 21 vid

81 691 130 27 kyrkolagen
233 691 52 21 böra
308 691 19 22 vi
348 691 57 22 hålla
425 697 34 16 oss
475 692 38 21 och
529 694 32 19 att
577 693 27 20 20
619 692 11 27 8
646 691 67 22 måste
728 692 127 21 formuleras
870 693 29 25 sä,

82 723 33 18 att
131 721 39 20 den
186 721 18 26 ej
220 719 95 22 kommer
331 723 32 18 att
379 720 32 21 stå
426 720 6 21 i
449 721 53 21 strid
518 721 92 21 dermed.
640 720 169 22 Vidkommande
825 721 39 21 den
879 721 23 21 af

82 750 73 21 rektor
174 749 100 21 Kihlman
295 749 74 27 gjorda
383 749 166 28 anmärkningen
566 752 43 19 mot
624 749 11 28 $
654 751 23 20 17
693 749 36 22 vill
743 750 38 27 jag
795 751 57 24 säga,
868 753 32 18 att

83 778 26 21 då
132 780 31 19 ett
185 778 34 21 län
241 778 67 27 ligger
330 779 29 25 så,
383 780 31 19 att
438 779 36 20 det
489 779 39 21 hör
543 779 33 21 till
591 779 34 20 två
641 778 54 23 stift,
710 778 24 21 så
749 780 24 19 är
788 779 36 20 det
838 779 61 20 alltid

82 807 57 21 inom
163 807 35 21 det
221 807 52 23 stift,
297 807 36 21 der
355 807 155 27 moderkyrkan
534 808 71 27 ligger,
629 813 43 16 som
690 807 140 27 domkapitlet
844 808 55 21 skall

82 838 47 19 utse
144 835 85 27 ombud,
245 835 39 22 och
299 835 32 22 för
346 836 39 21 den
402 837 65 20 andra
483 837 60 21 delen
559 837 46 20 åter
620 836 36 21 det
671 837 66 20 andra
753 836 145 27 domkapitlet.

82 865 41 26 Jag
145 865 80 27 tycker,
248 867 32 18 att
303 865 58 21 detta
383 865 65 21 borde
463 871 50 16 vara
528 871 25 15 en
569 865 47 21 klar
631 865 45 21 sak.
705 865 48 21 Men
770 871 28 15 nu
813 865 37 27 går
863 865 37 27 jag

82 893 33 22 till
137 893 147 22 hufvudsaken
306 893 39 22 och
368 893 35 21 det
425 896 24 19 är
472 895 46 24 den,
540 900 44 15 som
601 893 70 22 blifvit
686 893 76 22 anförd
777 893 24 22 af
814 897 86 24 prosten

81 922 106 27 Bergroth
206 923 48 20 med
275 922 23 21 så
314 922 87 27 mycken
418 922 124 26 humanitet,
559 929 44 15 som
619 924 24 19 är
657 922 77 22 honom
751 929 59 20 egen,
826 923 74 20 nemli-

83 957 40 20 gen
146 954 32 18 att
201 951 48 21 med
271 951 61 21 dessa
355 952 115 27 reglerings
493 952 103 21 komitéer
611 958 48 14 man
676 952 18 27 ej
709 952 43 21 kan
767 952 85 21 komma
867 951 32 21 till

83 979 71 22 målet.
184 980 40 26 Jag
239 980 32 21 får
286 980 27 21 då
328 979 53 22 först
396 980 55 21 fästa
467 980 213 27 uppmärksamheten
696 980 79 24 dervid,
791 982 32 19 att
838 981 62 26 ingen

83 1008 212 21 öfverenskommelse
310 1015 75 20 genom
401 1009 26 21 de
442 1015 16 15 s.
469 1009 20 21 k.
500 1009 181 22 konventionerna
696 1009 109 27 angående
819 1011 81 24 presta-

83 1037 118 26 aflöningen
224 1038 41 20 kan
288 1038 63 20 vinna
373 1037 127 28 öfverhetlig
523 1038 134 21 stadfästelse
678 1038 57 21 inom
752 1038 25 20 de
793 1037 107 26 områden,

83 1066 37 21 der
137 1067 54 20 1743
207 1065 34 22 års
261 1065 123 27 förordning
403 1066 74 27 gäller.
507 1067 28 20 Sä
550 1067 61 26 länge
627 1067 58 20 detta
700 1066 133 21 förhållande
848 1065 53 22 fort-

83 1095 38 27 går
143 1095 43 21 kan
208 1094 81 22 således
312 1094 18 27 ej
351 1094 87 27 hjelpas,
462 1097 31 19 att
516 1095 27 21 då
557 1097 31 19 ett
603 1097 106 24 pastorats
724 1095 128 20 inkomsters
866 1096 34 19 ut-

83 1124 126 21 arranderas
225 1123 32 22 för
272 1123 63 22 enke-
351 1123 38 21 och
405 1123 155 27 pupillkassans
570 1124 96 27 räkning,
678 1124 61 20 dessa
749 1123 22 20 få
782 1123 55 26 stiga
847 1123 53 21 huru

83 1152 58 28 högt,
158 1159 44 14 som
218 1152 59 21 helst.
309 1151 65 22 Detta
388 1154 24 19 är
427 1154 31 19 ett
473 1153 57 24 ondt,
546 1158 45 15 som
607 1159 47 14 man
671 1152 67 21 måste
750 1151 100 26 afskaffa;
861 1151 39 22 och

81 1181 27 21 då
127 1181 126 27 öfverhetlig
273 1180 135 22 stadfästelse
423 1181 33 21 för
471 1181 131 27 regleringen
617 1181 24 21 af
653 1180 179 28 prestaflöningen
847 1180 7 21 i
870 1183 31 18 ett

80 1212 97 25 pastorat
192 1209 72 26 finnes,
280 1209 41 22 kan
337 1209 69 28 aldrig
421 1209 158 28 ifrågakomma,
595 1212 32 19 att
643 1210 34 21 det
693 1210 71 21 vidare
775 1209 49 21 sker
835 1209 64 27 något

81 1239 81 25 sådant,
183 1245 45 15 som
249 1239 143 26 skylräkning.
422 1238 139 28 Obestridligt
585 1240 22 19 är
631 1239 35 21 det
682 1238 83 21 således
781 1244 26 15 en
823 1238 77 25 fördel;

81 1274 48 14 man
152 1268 42 20 kan
217 1267 89 27 tillägga
327 1267 44 25 här,
395 1269 32 19 att
446 1274 33 14 om
495 1268 47 20 vårt
557 1267 61 21 lands
633 1267 134 26 presterskap
784 1267 68 21 skulle
867 1267 34 21 stå

81 1297 75 20 endast
178 1296 27 27 på
227 1296 31 21 sin
282 1302 52 21 egen
357 1295 74 26 fördel,
447 1302 50 15 vore
514 1297 53 20 1743
583 1296 34 21 års
633 1295 124 27 förordning
772 1295 23 21 af
809 1295 40 21 den
865 1295 35 21 be-

81 1325 123 25 skaffenhet,
227 1326 32 19 att
274 1324 99 27 odlingen
389 1324 23 21 af
426 1324 26 21 de
467 1325 66 21 ändar
548 1324 23 22 af
584 1324 47 21 vårt
646 1325 56 25 land,
718 1324 38 21 der
771 1324 40 21 den
826 1324 73 27 gäller,

81 1353 69 22 skulle
171 1356 48 18 rent
241 1353 24 21 af
285 1353 102 21 hämmas.
418 1353 38 21 Att
477 1353 142 21 förhållandet
634 1355 23 19 är
672 1355 64 20 annat
753 1352 39 21 och
808 1353 70 20 bättre
893 1353 7 20 i

81 1382 152 27 verkligheten,
257 1382 36 21 det
315 1382 80 26 hjelper
417 1381 18 27 ej
459 1382 74 26 sjelfva
555 1382 72 21 saken.
656 1381 42 21 Det
716 1383 25 20 är
755 1381 82 22 således
852 1381 47 21 med

81 1411 55 26 goda
159 1411 45 20 skäl
226 1417 50 14 man
298 1410 39 21 har
351 1411 63 26 yrkat
429 1410 27 27 på
471 1412 32 19 att
519 1411 122 26 dispensera
656 1410 61 21 dessa
732 1410 69 27 grund
816 1410 84 21 författ-

81 1439 75 26 ningar
172 1451 27 2 —
215 1439 38 20 och
269 1439 7 20 i
292 1439 65 20 bland
372 1439 46 20 dem
436 1440 53 18 1743
505 1439 34 20 års
555 1449 26 3 —
597 1439 27 25 på
639 1445 25 13 en
680 1439 42 19 viss
738 1439 31 19 tid
782 1438 39 20 och
834 1438 67 19 under

82 1467 70 21 denna
166 1467 31 21 tid
212 1466 81 27 reglera
309 1468 133 25 pastorernes
458 1466 117 21 inkomster
590 1466 6 20 i
613 1466 26 20 de
651 1466 57 21 olika
719 1468 122 24 pastoraten
853 1465 47 21 med

81 1495 101 22 afseende
206 1495 11 21 å
237 1495 17 27 ej
277 1495 57 22 blott
357 1494 25 21 de
397 1495 34 20 för
446 1497 60 19 orten
522 1494 97 27 gällande
635 1495 157 26 författningar,
807 1497 51 18 utan
874 1494 26 21 de

82 1525 47 22 från
149 1524 151 27 församlingen
316 1523 58 22 förut
388 1523 108 28 utgångna
511 1523 149 28 lönebidragen
676 1523 39 22 och
731 1523 60 22 äfven
807 1523 48 21 med
870 1523 31 21 af-
