1098 1809
325 131 160 19 Presteständet
497 134 54 16 1877.
576 134 26 16 23
616 134 92 17 oktober.
832 129 54 21 1567

92 199 64 33 icke?
167 195 11 41 -
185 200 81 22 Vinner
280 200 41 27 nej,
337 201 39 21 har
391 201 84 22 ståndet
490 204 70 20 ansett
576 202 65 22 orden
658 202 51 27 ,,råg
724 203 39 21 och
778 203 68 21 korn"
862 202 54 22 böra

92 229 45 22 deri
152 229 81 22 införas
248 229 53 22 efter
316 230 62 21 ordet
393 230 130 26 ,spanmäl.*

160 292 132 21 Besvarades
314 292 47 21 med
385 292 27 21 20
432 292 23 27 ja
477 293 39 20 och
540 293 26 20 10
588 293 44 26 nej;
655 292 86 22 hvarför
757 293 83 21 således
854 294 60 20 detta

90 322 96 19 moment
208 320 22 21 af
250 320 127 27 paragrafen
397 320 105 26 godkänts
521 321 23 21 af
564 321 91 26 ståndet,
679 321 46 22 med
746 321 130 26 uteslutning
892 321 25 21 af

92 348 40 50 de
148 354 75 44 Senare
238 349 111 26 meningen
365 349 101 26 börjande
473 349 47 22 med
529 350 65 21 orden
608 349 40 25 ,,de
660 349 113 22 betalande
784 350 54 21 dock
848 351 66 26 öppet

100 379 104 20 emnadt.*

159 434 135 22 Beträffande
309 441 62 15 mom.
389 435 12 20 2
416 435 93 27 uppstod
524 435 92 28 följande
632 434 127 23 diskussion.

159 497 89 22 Prosten
264 497 145 22 Johnsson:
426 498 95 21 Emedan
537 499 25 26 $$
579 499 40 20 247
636 498 38 21 och
690 499 42 20 307
747 499 6 20 i
769 498 25 21 K.
811 499 23 21 L.
846 499 67 21 tiller-

90 526 82 22 känner
198 526 175 27 församlingarna
399 527 102 26 rättighet
523 529 33 20 att
578 527 81 22 fördela
682 527 116 25 aflöningen
822 527 90 22 emellan

90 555 159 27 presterskapet
267 555 40 22 och
322 555 64 22 ocksä
402 556 89 21 emellan
507 556 26 21 de
547 555 121 26 betalande,
684 561 62 16 anser
758 555 38 27 jag
810 556 36 21 det
860 562 52 15 vara

90 584 110 21 stridande
223 587 44 18 mot
289 584 136 27 kyrkolagen,
448 586 32 19 att
500 585 68 21 denna
583 584 114 22 förordade
712 585 81 20 komit6
808 584 68 21 skulle
890 584 24 21 fä

90 613 103 26 rättighet
215 615 33 18 att
269 613 82 21 fördela
373 613 118 26 aflöningen
513 613 90 22 emellan
625 613 136 26 löntagarene
784 613 40 22 och
842 613 28 27 pä
885 613 29 21 de

91 641 117 22 betalande,
240 641 40 27 Jag
295 647 64 16 anser
373 642 69 20 denna
457 641 60 26 fråga
531 648 76 21 genom
623 641 25 22 de
663 641 165 27 bestämningar,
843 647 46 16 som
904 641 7 20 i

91 670 129 27 kyrkolagen
235 670 124 27 innehällas,
375 670 6 21 i
397 671 59 20 detta
471 670 99 22 afseende
584 670 100 27 upphäfd.
707 670 93 27 Säledes,
816 671 60 21 detta
888 671 25 20 är

92 704 25 16 en
138 699 67 26 fråga,
224 705 45 16 som
285 699 17 26 ej
319 699 42 21 kan
376 699 84 26 afgöras
475 699 34 22 vid
525 699 135 26 landtdagen,
690 699 50 21 Men
756 705 34 16 om
805 700 23 20 sä
843 698 69 22 skulle

93 734 55 20 vara,
164 729 32 20 att
211 727 109 28 pluralitet
335 727 68 22 skulle
417 729 74 20 vinnas
506 729 32 20 för
554 729 40 21 den
609 729 88 25 äsigten,
712 729 33 20 att
755 728 25 21 de
792 728 122 26 föreslagna

91 757 249 26 regleringskomiteerna
362 756 67 21 skulle
452 757 85 21 komma
559 758 32 20 att
612 757 97 26 inrättas,
731 763 62 15 anser
813 757 43 26 jag,
879 758 35 19 att

92 785 60 23 dessa
175 785 103 22 komitöer
301 785 19 27 ej
343 785 66 22 borde
429 785 21 21 få
466 791 25 16 en
506 786 24 21 sä
545 788 45 19 stor
605 785 65 27 makt,
686 787 32 19 att
733 785 26 22 de
775 785 71 21 kunna
860 785 52 26 god-

91 814 88 27 tyckligt
202 815 78 20 handla
302 815 6 20 i
331 814 60 22 detta
412 814 104 27 afseende,
538 817 51 18 utan
604 815 69 20 skulle
686 814 36 27 jag
738 814 26 21 dä
780 813 84 26 föreslä,
879 815 34 20 att

92 843 36 21 det
148 843 68 21 skulle
239 843 127 22 bestämmas
386 843 54 21 efter
459 843 84 21 hvilken
558 843 75 26 grund,
649 843 26 21 de
690 842 61 22 skola
765 843 81 21 fördela
861 842 50 21 aflö-

90 872 77 27 ningen
183 872 89 22 emellan
288 872 143 26 löntagarene.
447 872 41 27 Jag
502 872 96 21 anhäller
608 874 32 19 att
650 872 120 21 sedermera
780 872 21 21 fä
812 872 100 27 uppgifva

91 901 64 21 ocksä
169 901 102 26 grunden.
287 901 41 26 Jag
344 907 68 19 anser,
429 902 32 20 att
476 902 31 19 ett
521 901 52 21 visst
586 901 111 21 rationstal
706 900 27 21 dä
743 901 66 21 borde
820 901 92 20 bestäm-

91 935 51 15 mas.
173 929 49 22 Men
238 929 28 21 all
282 929 40 22 den
337 929 63 22 stund
414 929 37 27 jag
465 930 115 25 förmodar,
596 931 31 20 att
640 929 36 21 det
686 929 129 26 högvördiga
827 929 88 21 ståndet

92 958 59 21 delar
173 959 43 20 min
238 958 54 27 äsigt
315 958 39 22 och
377 964 62 15 anser
458 959 61 20 dessa
539 958 122 26 föreslagna
681 957 232 27 regleringskomitöers

92 987 59 22 makt
166 987 108 21 utsträcka
289 987 32 27 sig
336 987 23 21 sä
374 986 66 27 långt,
455 989 33 18 att
503 987 40 21 den
558 989 38 24 gör
611 987 84 25 intrång
710 986 27 27 pä
753 986 41 21 den
804 986 109 27 rättighet,

91 1022 45 15 som
158 1016 130 27 kyrkolagen
310 1015 138 22 tillerkänner
468 1015 176 28 församlingarna
659 1015 7 21 i
681 1015 59 22 detta
754 1015 106 26 afseende,
876 1015 36 21 vill

90 1044 36 27 jag
142 1045 18 27 ej
175 1045 33 21 för
226 1045 68 21 denna
308 1045 56 26 gäng
379 1044 71 22 vidare
466 1045 58 21 orda.

161 1108 84 21 Doktor
259 1108 164 21 Nordström:
453 1107 74 22 Redan
548 1108 7 21 i
578 1108 40 21 den
642 1107 85 26 komit6,
746 1113 46 16 som
812 1107 102 22 affattade

92 1137 60 22 detta
173 1137 139 26 betänkande,
333 1137 119 26 uppträdde
471 1136 36 27 jag
527 1137 39 21 och
585 1136 85 27 yttrade
685 1136 89 27 ungefär
788 1136 125 23 detsamma,

92 1171 45 16 som
156 1167 87 25 prosten
264 1166 106 21 Johnsson
385 1171 28 14 nu
429 1165 39 20 har
483 1165 77 27 anfört,
576 1165 39 21 och
630 1166 100 20 motsatte
746 1165 42 26 mig
802 1164 112 21 införande

92 1194 24 22 af
130 1194 79 22 sådana
224 1193 227 28 regleringskomiteer.
464 1193 41 26 Jag
520 1194 49 21 ville
584 1193 65 22 också
656 1193 128 22 tillerkänna
793 1193 120 21 församlin-

92 1229 66 21 garna
175 1222 39 21 full
234 1224 43 19 rätt
292 1224 32 20 att
339 1222 82 27 reglera
437 1221 38 22 och
491 1222 82 21 fördela
588 1222 113 26 afgifterna
716 1221 89 22 emellan
821 1223 93 25 prester-

92 1251 75 28 skapet
182 1251 48 21 med
246 1251 121 21 konsistorii
383 1251 55 26 goda
453 1251 76 21 minne.
545 1251 40 26 Jag
600 1249 68 22 skulle
683 1250 28 27 pä
726 1251 40 20 den
778 1250 68 26 grund
860 1249 56 28 yrka

92 1281 27 26 pä
134 1281 33 20 att
182 1279 48 22 hela
244 1280 36 21 det
295 1285 74 16 senare
385 1281 115 19 momentet
515 1279 23 21 af
550 1278 126 27 paragrafen
692 1278 66 21 mätte
773 1279 58 26 utgä.

162 1343 90 21 Prosten
266 1342 144 27 Bergroth:
440 1342 33 21 Dä
490 1342 35 21 det
540 1342 35 21 vid
590 1341 160 22 diskuterandet
765 1341 22 22 af
802 1342 25 20 17
836 1336 13 37 $
872 1340 42 21 blir

93 1373 60 25 fråga
176 1378 34 15 om
232 1371 184 26 nödvändigheten
439 1371 22 20 af
479 1369 230 28 regleringskomitöers
730 1369 130 22 tillsättande
876 1369 37 21 vill

90 1401 38 26 jag
141 1407 30 14 nu
187 1401 75 21 endast
277 1400 73 21 förena
365 1400 42 27 mig
421 1399 48 21 med
484 1401 87 25 prosten
586 1399 106 21 Johnsson
708 1399 38 21 och
758 1399 77 20 doktor
844 1397 69 22 Nord-

94 1431 65 18 ström
175 1435 34 14 om
224 1431 33 18 att
272 1429 60 20 detta
347 1435 74 14 senare
436 1430 93 19 moment
543 1428 45 20 helt
603 1428 39 20 och
658 1427 66 21 hället
739 1427 65 20 mätte
820 1427 57 25 utgä.

162 1490 83 22 Doktor
267 1490 114 26 Lamp6n
403 1488 99 22 förenade
523 1489 33 27 sig
576 1495 34 15 om
632 1488 55 22 hvad
705 1488 126 27 föregående
847 1487 69 22 talare

94 1518 85 23 uttalat.
