1092 1806
310 117 159 17 Presteståndet
483 118 55 17 1877.
562 119 12 16 3
587 118 93 18 oktober.
809 112 55 21 1165

141 186 92 22 Prosten
253 186 170 28 Bergroth:
455 187 69 22 Också
544 188 36 26 jag
601 186 85 23 förenar
700 188 42 26 mig
758 187 47 21 med
822 188 25 21 de
863 189 32 20 ta-

73 215 51 27 lare,
146 215 71 22 hvilka
239 215 95 22 förordat
357 216 135 26 paragrafens
522 216 146 22 bibehållande
698 216 38 22 och
760 216 36 21 det
818 218 28 25 på
868 216 26 22 de

73 244 53 27 skäl,
148 250 46 16 som
216 244 65 22 redan
300 244 67 22 blifvit
383 244 94 22 anförda.
507 244 41 28 Jag
562 244 69 22 skulle
646 244 75 22 endast
736 245 49 27 vilja
800 245 94 27 tillägga,

73 275 32 19 att
120 273 125 27 paragrafen
260 272 39 22 bör
314 273 116 21 bibehållas
444 274 47 21 icke
506 274 24 21 så
544 273 83 27 mycket
637 273 78 27 derför,
726 276 32 18 att
770 280 46 16 man
828 273 67 22 skulle

73 302 71 21 frukta
165 301 33 22 för
221 302 75 27 många
317 302 80 21 sådana
417 302 137 22 samvetslösa
568 302 126 24 husbönder,
710 309 45 15 som
770 302 68 22 skulle
853 302 42 22 för-

72 330 71 27 skjuta
159 330 70 26 gamla
243 332 76 25 trogna
335 330 86 27 tjenare,
436 333 51 19 utan
504 331 63 21 också
580 330 76 26 derför,
668 332 31 20 att
710 331 58 21 detta
778 331 117 26 stadgande

72 358 68 22 skulle
162 358 65 22 blifva
249 361 31 19 ett
301 358 109 22 korrektiv
431 359 33 21 för
486 359 134 22 husbondens
635 359 110 27 arfvingar.
776 359 30 28 Ty
821 359 36 21 det
872 361 24 20 är

74 388 46 21 icke
136 387 87 22 alldeles
238 387 93 28 sällsynt,
347 390 32 19 att
394 387 105 28 arfvingar
514 388 102 25 förskjuta
631 388 79 22 sådana
724 390 76 25 trogna
808 388 87 26 tjenare.

73 416 11 21 I
106 416 65 22 slutet
194 416 22 22 af
229 416 124 27 paragrafen
369 417 43 21 står
424 416 24 28 ju
464 416 109 28 nemligen,
589 419 33 19 att
636 417 94 25 tjenaren
746 417 53 22 skall
814 417 82 27 åtnjuta

73 444 111 23 underhåll
199 446 38 21 der
252 446 75 21 sådant
342 445 77 27 skäligt
433 446 85 27 pröfvas
533 446 60 21 äfven
608 446 22 21 af
638 445 135 22 husbondens
783 446 112 27 arfvingar.

142 503 142 27 Domprosten
307 503 88 27 Borg:
425 503 41 26 Jag
488 503 35 22 vill
546 503 117 26 korteligen
678 503 92 27 tillägga,
788 505 32 20 att
836 503 24 22 de
876 502 21 23 af

74 532 55 21 mine
153 532 64 21 värde
239 531 157 27 ständsbröder,
417 532 70 21 hvilka
503 532 62 21 hafva
579 532 62 27 yrkat
656 533 27 26 pä
698 532 136 27 paragrafens
849 534 47 19 ute-

74 561 99 27 slutning,
195 560 62 22 hafva
274 561 99 21 förbisett
388 561 39 21 den
444 561 188 26 omständigheten,
648 563 32 20 att
695 561 39 21 här
748 563 24 20 är
787 561 60 26 fräga
862 567 33 15 om

74 592 32 19 att
128 590 59 21 stifta
209 596 25 15 en
257 590 34 26 lag
309 589 46 22 icke
370 589 75 22 endast
460 590 88 21 emellan
564 589 109 22 husbonde
690 590 38 21 och
744 590 87 27 tjenare,
845 592 51 19 utan

74 619 64 21 ocksä
160 618 91 22 emellan
273 618 237 27 fattigvärdssamhället
531 620 38 20 och
591 620 39 20 den
650 618 129 22 behöfvande
794 619 102 26 tjenaren.

74 647 47 21 Kan
136 653 49 16 man
201 647 46 22 icke
262 647 65 22 tänka
341 647 32 27 sig
388 647 42 26 det,
447 649 32 19 att
493 653 26 15 en
534 647 87 26 tjenare,
636 653 45 15 som
696 647 40 21 har
750 648 6 20 i
772 648 27 21 25
815 647 35 21 ärs
865 646 31 21 tid

75 676 67 25 tjenat
164 682 81 15 samma
265 675 110 22 husbonde
391 675 39 22 och
445 675 69 22 blifvit
529 676 94 21 orkeslös
639 676 39 21 och
693 675 77 27 sjuklig
785 675 112 25 derunder,

74 706 39 25 gör
135 704 92 27 anspråk
249 705 28 26 pä
296 703 178 28 fattigunderhäll.
505 704 39 22 Om
560 705 68 21 denna
643 705 99 26 paragraf
755 705 45 20 icke
816 703 81 25 funnes,

76 732 68 22 skulle
160 733 36 21 det
210 732 67 23 finnas
293 734 75 25 mänga
384 732 126 27 husbönder,
524 739 45 16 som
585 733 45 22 icke
646 733 72 27 blygas
733 733 33 21 för
777 735 32 20 att
819 733 78 26 begära

76 761 178 28 fattigunderstöd
268 762 23 21 ät
305 762 46 21 sina
366 761 160 22 orkeslösblifna
540 762 68 27 gamle
624 761 86 27 tjenare.
736 762 42 21 Det
793 763 23 20 är
832 762 65 25 detta,

76 797 45 16 som
145 791 135 27 domprosten
298 790 87 22 Renvall
401 790 97 27 förbisäg.
514 803 28 3 —
557 791 77 22 Vidare
650 791 36 21 vill
699 791 37 27 jag
750 791 93 26 tillägga,
859 792 37 24 att,

77 820 68 21 säsom
169 822 85 25 prosten
276 819 105 27 Bergroth
405 819 82 27 nyligen
503 819 75 26 anfört,
594 820 36 21 det
646 821 23 20 är
684 826 25 15 en
725 819 64 27 vigtig
804 821 95 20 omstän-

78 848 77 29 dighet,
178 850 32 20 att
232 848 63 22 också
314 847 119 29 ,arfvingar
448 849 71 21 kunna
534 848 132 28 förpligtigas
681 848 31 21 till
728 850 32 19 att
775 847 124 22 underhålla

76 883 26 16 en
124 877 93 27 gammal
239 878 120 26 trotjenare.
376 890 28 3 —
419 877 109 27 Slutligen,
544 884 34 15 om
594 878 68 27 nägon
679 877 107 21 husbonde
802 877 97 26 hjertlöst

76 906 128 21 bortdrifver
220 912 25 15 en
260 906 67 21 sädan
342 906 81 26 tjenare
438 905 51 22 eller
505 906 47 21 dess
567 905 92 27 arfvinge
674 906 7 21 i
696 906 62 21 24:de
774 905 52 22 eller
841 906 58 20 25:te

76 935 52 26 äret,
151 935 24 21 sä
197 935 66 21 finnes
283 935 36 21 det
334 941 26 14 en
376 934 77 21 allmän
469 935 84 26 opinion
568 935 6 20 i
590 934 77 26 landet,
683 940 46 15 som
744 940 61 15 anser
819 934 79 21 honom

76 969 44 16 som
141 970 26 15 en
187 963 120 28 lagbrytare
322 963 33 21 för
370 965 31 20 att
416 963 41 22 han
473 963 39 21 har
527 963 87 22 handlat
630 965 57 20 emot
701 963 197 26 fattigvärdslagens

75 992 79 27 tydliga
170 992 61 21 anda.

144 1049 91 22 Prosten
250 1049 91 22 Roos:
371 1049 42 22 Det
437 1049 39 21 har
501 1050 64 20 redan
589 1048 68 23 blifvit
681 1049 23 21 sä
726 1048 112 27 fullgiltiga
853 1047 45 22 skäl

76 1078 126 22 frambällna
226 1078 32 21 för
282 1078 135 28 paragrafens
443 1078 152 26 bibehållande,
618 1080 32 19 att
669 1077 36 27 jag
720 1077 46 21 icke
781 1077 39 21 har
834 1077 65 27 något

77 1108 72 21 vidare
173 1109 31 20 att
227 1107 92 27 tillägga,
343 1110 26 18 än
392 1108 31 20 att
447 1107 40 25 det,
510 1108 68 20 säsom
594 1106 53 22 hvar
662 1112 48 16 man
725 1108 41 22 vet,
782 1108 23 20 är
820 1106 79 26 ganska

76 1136 80 27 vanligt
171 1136 7 22 i
194 1136 46 22 värt
255 1136 50 22 land
320 1138 32 20 att
367 1135 121 28 tjenstefolk
504 1136 82 27 mycket
602 1136 43 21 ofta
659 1134 72 28 flyttar
745 1134 46 22 frän
807 1135 40 21 den
859 1141 40 15 ena

76 1165 33 22 till
131 1166 41 21 den
195 1165 71 22 andra.
296 1165 33 21 En
351 1164 66 23 sädan
436 1164 138 27 bestämning,
590 1170 45 16 som
651 1164 74 26 denna,
741 1164 73 26 skulle,
829 1164 70 21 säsom

76 1194 70 22 blifvit
160 1194 127 26 framhället,
303 1194 32 21 för
350 1194 108 26 tjenarene
473 1196 76 24 utgöra
560 1200 25 14 en
596 1195 142 25 uppmuntran
748 1195 32 19 att
791 1199 25 15 en
827 1192 72 27 längre

76 1223 32 21 tid
128 1225 131 24 gvarstanna
279 1223 28 27 pä
329 1223 31 21 sin
383 1222 60 26 plats.
461 1234 25 3 —
503 1223 37 20 Att
555 1223 46 21 äter
616 1221 99 22 förändra
730 1221 123 27 paragrafen
869 1221 30 24 sä,

78 1253 32 20 att
131 1258 48 15 man
202 1251 68 21 skulle
290 1252 7 20 i
312 1251 70 21 stället
398 1250 33 22 för
447 1252 26 20 25
489 1251 25 21 är
528 1251 78 21 insätta
622 1250 74 21 orden:
714 1256 37 22 ,en
767 1250 72 26 längre
855 1250 43 21 tid"

77 1280 74 28 tycker
170 1280 37 26 jag
228 1286 49 15 vore
299 1282 33 18 att
353 1281 68 25 öppna
437 1280 76 20 dörren
528 1280 32 20 för
574 1279 111 27 godtycke.
717 1278 29 27 Ty
762 1279 61 21 hvem
838 1280 61 24 säger

77 1309 67 27 precis
160 1311 39 19 när
214 1308 40 22 den
269 1308 58 22 tiden
343 1310 24 19 är
382 1308 122 26 tillräckligt
519 1307 55 27 lång.
605 1307 85 22 Säledes
706 1308 91 26 päyrkar
809 1307 43 27 jag,
868 1308 31 20 att

78 1337 124 28 paragrafen
217 1339 66 19 mätte
297 1336 118 22 bibehällas
430 1336 134 22 oförändrad.

146 1394 91 22 Prosten
253 1394 164 22 Warelius:
447 1389 66 26 Äfven
534 1394 35 26 jag
592 1399 67 20 anser,
675 1394 31 20 att
722 1392 124 27 paragrafen
862 1392 39 21 bör

79 1422 117 22 bibehällas
219 1423 39 21 och
276 1424 52 24 tror,
343 1424 32 19 att
390 1423 45 20 skäl
451 1422 71 21 derför
537 1421 121 26 tillräckligt
673 1422 39 20 har
727 1421 68 21 blifvit
810 1421 90 21 anfördt.

79 1450 42 22 Det
142 1453 24 18 är
189 1451 74 20 endast
285 1453 32 18 ett
338 1450 79 26 tillägg,
438 1456 45 14 som
505 1450 35 26 jag
562 1450 38 20 har
616 1451 77 23 väntat,
709 1450 31 19 att
755 1450 70 24 någon
840 1449 21 21 af
875 1449 26 21 de

79 1478 64 22 ärade
158 1478 74 26 talare,
249 1485 44 15 som
309 1479 101 25 uppträdt
425 1477 68 22 skulle
510 1477 60 21 hafva
586 1477 116 26 föreslagit;
718 1483 48 15 men
782 1477 26 21 dä
821 1478 24 20 sä
855 1477 46 22 icke

79 1507 39 22 har
133 1508 63 25 skett,
212 1507 38 22 ber
263 1507 36 27 jag
314 1509 31 19 att
360 1506 21 22 fä
397 1506 54 22 fästa
466 1506 130 27 högvördiga
608 1506 94 21 ständets
714 1505 187 27 uppmärksamhet
