1084 1820
212 141 56 20 1334
416 144 159 18 Presteständet
589 145 53 17 1877.
667 145 20 16 11
700 144 91 18 oktober.

185 214 22 21 af
222 213 238 28 författningsförslaget
474 213 8 21 i
497 214 48 20 dess
560 213 72 22 helhet
647 212 107 27 anmärka,
770 213 33 20 att
813 212 37 21 der
859 212 68 21 finnes
934 212 71 27 ingen-

184 243 46 26 ting
244 244 74 20 nämnt
333 243 48 21 med
396 241 98 22 afseende
509 242 13 21 å
537 242 192 21 nämndemännens
744 241 62 21 andel
821 240 6 21 i
843 240 95 22 böterna.
963 240 42 22 Det

185 272 42 21 kan
250 272 34 21 väl
304 271 47 22 icke
366 271 85 21 komma
466 271 6 21 i
488 271 67 26 fråga,
571 273 31 19 att
617 271 26 20 de
659 270 60 21 skola
733 269 80 22 förlora
829 269 31 22 sin
876 270 62 21 andel
954 269 50 26 deri,

186 300 89 21 oaktadt
296 300 73 21 derom
390 299 47 22 icke
458 300 45 21 står
524 299 65 27 något
605 299 8 21 i
628 299 157 26 författningen.
816 298 72 22 Skulle
903 298 37 21 det
954 305 52 14 vara

185 329 59 21 fallet
264 328 66 22 måste
344 329 36 26 jag
395 329 102 20 motsätta
512 328 42 26 mig
569 329 122 21 detsamma.
722 327 107 21 Måhända
844 327 39 21 har
895 327 37 27 jag
946 327 60 21 miss-

185 357 55 26 tagit
262 357 50 26 mig,
335 363 47 15 men
403 357 35 26 jag
458 356 119 22 föreställer
597 357 49 26 mig,
667 358 32 19 att
720 356 73 21 derom
808 356 67 21 borde
889 355 63 22 äfven
967 355 40 22 här

184 385 50 28 ingå
248 385 69 28 någon
332 385 139 27 bestämning.

254 443 84 21 Doktor
362 443 172 25 Hornborg:
564 443 41 21 Till
627 443 54 20 hvad
705 442 108 28 professor
834 443 103 21 Forsman
957 449 49 21 nyss

187 471 87 23 anförde
290 472 34 21 vill
339 472 35 26 jag
390 472 74 21 endast
479 472 93 27 tillägga,
587 473 33 20 att
635 471 62 22 dessa
712 474 38 24 tre,
766 477 45 15 som
827 471 62 22 tänkt
898 477 109 16 reservera

187 501 37 26 sig,
248 500 46 22 icke
315 502 53 25 göra
390 500 92 27 anspråk
504 500 28 27 på
554 500 88 26 hälften,
665 502 51 20 utan
739 502 51 25 säga
810 502 33 20 att
863 500 104 22 nämnden
982 503 25 19 är

187 529 84 21 belåten
293 530 48 20 med
362 530 68 26 tredje
452 529 60 21 delen
532 530 23 21 af
569 530 26 21 de
610 531 33 19 tre
658 528 87 28 kappar,
761 535 45 15 som
822 528 82 22 tillfalla
919 529 87 22 härads-

185 558 119 27 höfdingen.

256 615 69 22 Sedan
341 615 146 21 diskussionen
503 615 87 21 härmed
606 616 107 20 afstannat
725 615 39 21 och
775 616 28 26 på
813 616 50 21 herr
875 615 133 22 talmannens

186 644 156 26 framställning
364 644 104 24 beslutits,
492 646 31 20 att
545 644 145 22 diskussionen
709 644 66 22 skulle
797 645 56 21 föras
869 647 12 24 &
897 644 32 22 för
944 645 18 27 8,
978 644 29 21 af-

187 672 60 22 bröts
262 672 122 22 densamma
398 672 33 22 för
446 674 32 20 att
494 672 46 22 åter
555 675 104 25 upptagas
671 673 32 21 vid
715 672 178 28 eftermiddagens
903 679 104 15 samman-

187 702 68 24 träde,
271 707 45 15 som
332 703 90 19 utsattes
438 701 32 21 till
485 701 90 22 klockan
591 702 19 20 6.

256 834 89 21 Prosten
368 834 154 22 Borenius
544 834 71 22 anhöll
637 840 33 16 om
694 833 95 23 tillstånd
810 836 32 20 att
859 834 34 22 för
913 834 95 22 enskilda

188 863 177 27 angelägenheter
386 863 20 21 få
428 869 51 15 vara
499 863 140 21 frånvarande
659 863 34 21 vid
711 862 178 28 eftermiddagens
904 870 102 15 samman-

187 893 67 20 träde.

255 949 81 22 Bifölls.

256 1075 111 22 Sessionen
390 1075 52 22 slöts
465 1075 53 22 härå
537 1075 90 22 klockan
647 1077 13 19 2
679 1076 39 21 och
739 1077 26 20 10
781 1076 90 21 minuter
886 1075 53 22 efter
954 1075 53 22 mid-

188 1104 73 27 dagen.

753 1162 22 17 In
787 1161 58 18 fidem:

674 1213 51 21 Carl
740 1213 50 21 Joh.
806 1213 132 28 Lindeqvist.
