1084 1820
199 140 54 20 1340
387 144 160 18 Presteståndet
560 145 54 17 1877.
628 145 20 16 11
660 144 92 16 oktober.

170 214 46 25 den,
239 220 44 14 som
305 212 88 22 innehar
415 215 64 19 stats-
501 213 51 21 eller
574 212 82 28 kyrklig
671 212 80 27 tjenst*.
781 212 40 27 Jag
835 211 68 22 skulle
919 211 70 22 derför

170 242 49 26 vilja
234 241 81 25 föreslå,
332 244 32 19 att
382 242 3 20 i
401 241 68 22 denna
484 242 12 20 5
512 242 11 26 $
539 242 61 21 ordet
615 243 64 25 ,stats
694 241 78 26 tjenst'
788 240 67 22 skulle
866 240 76 22 ändras
952 240 35 26 sä;

170 273 32 19 att
224 270 37 22 der
282 271 61 20 stode
359 272 76 24 ,stats-
450 270 51 21 eller
516 270 82 27 kyrklig
613 270 79 26 tjänst'*
708 270 39 21 och
762 271 32 20 att
810 270 39 21 den
865 270 12 20 6
893 269 11 27 $
921 268 68 22 skulle

170 298 63 22 blifva
248 298 127 22 oförändrad
389 298 65 27 enligt
469 298 77 27 nädiga
561 298 164 28 propositionen.

238 356 109 21 Professor
388 356 147 21 Ehrström:
561 356 89 21 Prosten
665 355 59 27 Hjelt
739 355 38 21 har
792 354 103 26 förbisett,
911 356 32 20 att
956 361 34 15 en-

170 384 78 22 skildas
263 384 126 28 tjenstehjon
405 384 46 22 icke
466 385 70 21 kunna
551 384 21 22 fä
587 384 121 21 förtroende
723 384 96 26 uppdrag
829 384 55 21 inom
895 384 95 21 kommu-

170 419 54 19 nen;
246 416 22 24 ty
283 413 36 21 det
334 413 61 21 heter
409 413 140 27 uttryckligen
566 413 6 21 i
588 414 12 20 9
616 413 11 27 $
646 412 2 21 i
664 412 279 26 kommunalförfattningen,
959 414 32 19 att

170 442 101 26 rättighet
285 444 32 19 att
335 442 3 21 i
354 442 222 21 kommunalstämmas
588 441 180 26 öfverläggningar
778 441 39 21 och
828 441 68 21 beslut
908 441 83 26 deltaga

170 470 129 21 tillkommer
320 470 72 26 hvarje
414 470 33 21 väl
469 470 81 26 frejdad
570 469 89 22 medlem
675 470 21 21 af
710 470 133 27 kommunen,
859 476 52 20 som,
927 469 64 22 bland

171 501 71 24 annat,
263 498 59 26 ,icke
342 499 45 20 står
402 499 66 21 under
483 505 80 15 annans
579 498 191 22 husbondevälde*'.
802 499 65 20 Deraf
881 505 62 20 synes
957 499 32 20 sä-

171 527 64 22 lunda
256 526 57 28 följa,
336 530 33 19 att
390 528 62 26 ingen
474 527 91 22 enskilds
581 527 125 27 tjenstehjon
724 528 41 20 kan
780 527 85 22 komma
879 529 33 19 att
927 527 65 26 väljas

171 556 32 21 till
219 557 145 20 nämndeman.
395 557 37 20 Att
447 556 100 26 förslaget
562 559 66 18 sätter
644 556 25 21 de
685 556 95 26 väljande
795 557 6 20 i
817 555 81 22 tillfälle
913 558 32 19 att
960 555 32 22 för

172 584 62 28 öfrigt
256 584 42 22 lika
317 584 45 22 fritt
377 584 54 27 välja
446 585 45 21 sine
505 585 170 21 förtroendemän
690 584 6 21 i
712 584 59 22 detta
786 584 43 26 fall,
844 590 45 16 som
904 584 8 21 i
927 584 66 22 andra

171 613 76 27 frägor,
264 614 69 21 hvilka
349 616 48 19 röra
413 614 133 21 kommunala
561 613 150 25 förhällanden,
726 619 62 21 synes
799 613 40 27 mig
850 613 71 21 kunna
931 619 61 15 anses

171 642 75 22 endast
260 643 68 21 säsom
344 649 26 15 en
385 642 96 26 förtjenst
496 642 7 21 i
517 642 158 26 författningen.
700 642 31 27 Ty
746 642 60 26 eljest
818 642 67 22 skulle
896 642 40 21 den
947 642 45 21 icke

172 672 32 20 stä
219 671 7 20 i
242 671 214 21 öfverensstämmelse
472 672 47 20 med
535 671 37 21 vär
586 670 97 27 gällande
695 670 131 27 lagstiftning
836 672 26 26 pä
873 671 66 21 andra
949 676 44 16 om-

170 700 72 20 räden.
258 712 27 3 —
301 699 106 27 Föröfrigt
421 706 62 20 synes
498 706 48 14 man
562 700 32 20 väl
610 700 70 20 kunna
696 699 30 21 till
743 700 25 20 de
785 699 94 27 väljande
895 699 52 27 hysa
957 699 36 21 det

170 728 127 25 förtroende,
321 730 31 19 att
375 729 26 20 de
423 728 47 21 med
485 728 37 22 sitt
538 728 32 22 val
589 728 59 21 skola
664 728 49 21 falla
728 729 28 25 pä
771 728 98 27 lämpliga
885 734 106 21 personer,

171 758 23 20 sä
210 759 31 19 att
256 756 45 22 icke
317 757 64 26 nägra
397 756 138 27 olägenheter
550 757 34 21 mä
599 756 76 27 uppstä
691 756 21 21 af
726 757 40 21 den
781 756 106 27 rättighet,
899 763 44 14 som
955 756 38 21 här

172 787 23 19 är
210 785 122 27 föreslagen.
350 798 25 2 —
391 785 61 21 Hvad
468 788 72 24 pastor
555 785 123 21 Lindstedts
694 785 138 27 anmärkning
844 785 101 21 beträffar
955 785 38 21 har

169 814 35 26 jag
226 814 55 20 inom
303 814 104 21 utskottet
428 814 77 21 uttalat
520 820 80 15 samma
615 814 61 26 äsigt,
692 820 44 15 som
753 814 47 23 han,
817 814 38 21 och
871 814 122 26 godkänner

172 842 40 21 den
227 842 82 21 säledes
324 843 6 20 i
345 842 125 21 hufvudsak.
496 842 49 22 Men
562 842 26 21 dä
603 842 104 21 utskottet
722 843 6 19 i
743 842 140 27 nästföljande
895 842 99 27 paragraf

171 870 39 21 har
220 870 113 32 föreslagit,
344 873 33 19 att
387 871 91 27 kyrkans
488 872 130 31 tjenstemän
627 870 59 22 skola
696 870 62 22 hafva
768 871 111 25 ovilkorlig
891 871 102 26 rättighet

172 901 31 18 att
226 898 70 27 afsäga
318 899 31 26 sig
372 900 123 26 uppdraget,
515 906 61 21 synes
592 900 42 25 mig
649 902 107 23 presterne
772 906 50 15 vara
837 900 33 20 väl
886 888 107 38 skyddade

171 933 75 20 genom
262 928 68 21 denna
345 928 107 27 rättighet.

243 984 89 21 Prosten
355 985 189 26 Rosengren:
570 985 7 21 I
595 984 67 21 likhet
685 985 47 20 med
752 984 107 27 professor
881 984 111 21 Ehrström

172 1019 62 15 anser
248 1013 63 21 också
323 1013 37 26 jag
376 1013 35 21 det
427 1020 50 14 vara
492 1020 25 15 en
533 1013 81 21 förmån
629 1015 31 19 att
676 1013 25 21 de
717 1013 96 27 väljande
829 1013 61 22 hafva
906 1015 42 19 rätt
961 1015 31 19 att

172 1041 54 26 välja
248 1041 139 22 nämndeman
410 1041 46 22 från
473 1042 56 21 olika
544 1041 130 22 folkklasser.
704 1042 43 21 Det
762 1042 40 21 har
816 1042 107 21 dessutom
939 1041 53 22 visat

172 1070 31 26 sig
224 1072 32 18 att
277 1069 59 21 äfven
360 1076 33 19 nu,
410 1071 67 20 ehuru
491 1071 46 20 icke
552 1071 60 25 lagen
628 1070 120 26 medgifver,
765 1073 32 18 att
812 1071 65 20 andra
893 1073 26 18 än
935 1071 57 20 hem-

172 1104 122 20 mansegare
314 1098 21 21 få
351 1098 50 21 sitta
416 1099 69 21 såsom
501 1099 145 25 nämndemän,
662 1098 62 22 likväl
741 1100 26 26 pä
783 1098 56 22 olika
854 1101 57 19 orter
926 1099 6 20 i
948 1098 45 22 lan-

172 1127 36 21 det
223 1126 216 27 häradshöfdingarne
454 1128 80 26 antagit
550 1127 31 21 till
592 1128 139 20 nämndemän
742 1128 79 20 sådana
831 1134 106 20 personer,
947 1133 45 15 som

172 1155 45 21 icke
232 1157 36 19 äro
285 1155 39 21 och
340 1155 67 27 aldrig
423 1156 54 21 varit
493 1156 177 26 hemmansegare,
686 1156 39 21 och
741 1156 59 21 detta
815 1156 88 27 bevisar,
919 1158 31 19 att
966 1156 26 21 då

172 1190 48 14 man
242 1184 37 20 har
295 1184 6 20 i
316 1184 70 26 praxis
401 1185 88 20 kommit
504 1184 45 22 från
565 1184 72 27 lagens
652 1184 90 26 bokstaf,
758 1184 111 27 föreligger
884 1187 31 19 ett
931 1184 64 22 behof

172 1215 32 18 att
220 1212 63 21 också
298 1212 85 26 utvidga
399 1213 35 21 det
449 1219 44 14 som
510 1213 60 26 lagen
587 1213 131 24 bestämmer,
735 1213 39 21 och
785 1213 35 21 det
831 1216 23 18 är
869 1214 6 20 i
891 1213 40 21 alla
942 1214 50 20 hän-

172 1241 91 21 seenden
277 1241 126 26 förståndigt
418 1244 32 18 att
460 1242 48 20 låta
524 1242 26 20 de
565 1242 96 26 väljande
676 1242 73 26 sjelfva
761 1242 55 20 inom
827 1242 32 21 sin
870 1242 58 21 krets
939 1242 54 26 välja

172 1270 26 20 de
217 1269 131 27 lämpligaste
363 1269 91 27 subjekt.
485 1270 42 21 För
543 1270 62 26 öfrigt
620 1270 84 21 förenar
716 1270 36 26 jag
768 1270 41 26 mig
825 1271 46 20 med
887 1270 106 27 professor

172 1298 110 21 Ehrström
305 1298 129 21 beträffande
456 1298 42 26 det,
513 1305 45 15 som
575 1299 48 21 herr
638 1298 120 27 professorn
774 1298 69 22 anfört
859 1301 44 19 mot
919 1299 38 21 den
973 1298 22 22 af

172 1329 73 24 pastor
260 1326 111 22 Lindstedt
386 1326 74 27 gjorda
475 1327 171 27 anmärkningen.

240 1381 75 22 Pastor
331 1376 180 27 Lindstedt:
528 1383 41 20 Det
585 1385 23 18 är
624 1382 50 21 visst
689 1384 54 24 sant,
754 1385 32 18 att
797 1385 84 24 presten
892 1389 75 21 genom
979 1384 12 19 6

172 1410 56 27 $:ens
250 1409 94 22 innehåll
367 1410 65 26 enligt
455 1411 115 20 utskottets
593 1410 133 21 betänkande
749 1413 24 19 är
794 1411 96 27 skyddad
913 1411 32 22 för
961 1413 30 19 att

172 1438 64 21 blifva
250 1438 48 21 vald
314 1439 32 20 till
361 1439 146 21 nämndeman.
538 1439 49 22 Men
603 1439 36 21 det
654 1441 24 19 är
693 1439 86 22 alldeles
795 1440 92 27 onödigt,
903 1442 32 19 att
950 1439 40 22 han

172 1467 87 22 sålunda
280 1467 102 28 skyddas;
404 1467 47 22 vida
467 1467 69 22 bättre
552 1474 50 15 vore
617 1467 41 22 han
674 1468 96 27 skyddad
786 1475 33 15 om
835 1469 41 22 han
891 1469 46 22 icke
952 1469 40 22 alls

172 1496 67 21 skulle
260 1496 71 21 kunna
354 1496 65 27 väljas
441 1496 32 21 till
495 1497 68 21 denna
586 1497 123 27 befattning,
725 1497 136 27 hvarigenom
877 1505 48 15 man
940 1498 52 21 und-

172 1525 58 22 viker
252 1525 76 27 många
350 1527 99 25 omvägar
471 1525 7 21 i
499 1526 58 21 detta
572 1525 103 22 afseende.
705 1526 40 27 Jag
760 1527 38 21 har
813 1526 123 28 visserligen
952 1527 40 22 den
