1081 1809
301 134 159 18 Presteståndet
474 136 54 16 1877.
553 136 25 16 25
591 135 91 17 oktober.
817 130 54 20 1643

147 202 92 22 Prosten
259 202 86 22 Roos:
376 203 70 21 Också
458 204 37 26 jag
510 203 122 27 godkänner
648 204 38 21 den
703 204 22 21 af
738 206 87 25 prosten
840 203 60 27 Hjelt

78 230 120 28 föreslagna
213 231 137 21 redaktionen
367 232 39 20 och
422 235 46 17 tror
483 232 87 21 alldeles
585 232 53 25 icke,
654 234 32 19 att
702 232 35 21 det
752 234 24 19 är
791 232 24 21 så
826 232 74 26 nödigt

78 261 33 20 att
125 259 107 22 bibehålla
248 260 65 21 orden
330 260 141 24 ,bestämmas
486 260 23 21 af
520 260 230 27 regleringskomiten*,
768 261 88 20 emedan
864 261 37 26 jag

79 288 86 22 alldeles
181 288 18 27 ej
215 288 90 27 befarar,
327 291 31 19 att
380 289 69 27 någon
465 291 58 25 prest
538 289 68 21 skulle
622 289 117 22 bestämma
754 294 146 22 sommarupp-

78 317 80 22 börden
179 317 33 21 till
234 317 82 22 vintern
340 317 39 22 och
401 319 98 24 tvärtom,
522 318 89 21 likasom
630 317 36 28 jag
679 318 17 27 ej
713 318 67 21 heller
795 320 51 22 tror,
868 319 32 20 att

79 347 69 26 någon
167 348 58 25 prest
241 347 67 21 skulle
324 346 72 22 fordra
412 347 117 27 ersättning
544 347 31 21 för
591 349 32 19 att
638 347 42 20 han
695 347 49 26 sjelf
758 347 38 20 bär
811 353 41 21 upp
868 346 33 21 sin

78 375 42 21 lön.
170 375 115 22 Åtminstone
300 375 69 22 hittils
385 375 38 22 har
438 376 36 21 det
489 376 24 26 ej,
530 375 68 22 såvidt
610 375 38 27 jag
662 375 86 26 känner,
764 375 55 22 fallit
831 375 69 27 någon

79 404 21 21 in
116 406 32 19 att
163 404 63 27 klaga
242 404 59 21 öfver
316 404 84 21 tiderna
414 404 33 21 för
462 404 131 27 uppbörden.
622 405 32 21 De
670 405 82 27 reglera
772 404 32 27 sig
819 403 81 28 själfva.

147 473 83 22 Doktor
245 473 161 22 Hornborg:
431 473 47 27 Nog
493 473 73 27 tycker
578 473 42 27 jag,
634 475 33 19 att
682 473 36 21 det
733 475 24 18 är
772 473 48 20 bäst
830 472 70 21 såsom

78 504 87 25 prosten
188 502 58 26 Hjelt
264 501 97 27 föreslog,
382 504 32 19 att
429 502 192 26 uppbördstiderna
636 501 88 22 föresläs
740 501 23 22 af
776 501 124 27 reglerings-

79 531 100 20 komit6n.
210 531 30 26 Ty
254 537 34 14 om
305 530 168 21 bestämmandet
496 531 22 20 af
536 531 46 20 dem
599 531 67 20 skulle
682 531 6 20 i
704 531 41 20 allo
762 530 138 21 öfverlemnas

78 560 23 21 ät
116 559 125 27 löntagaren
256 559 52 27 sjelf,
331 558 41 21 kan
395 565 48 15 man
459 559 65 22 tänka
538 559 38 26 sig,
597 561 32 19 att
644 559 40 21 han
700 561 15 18 t.
732 565 30 15 ex.
779 559 71 21 kunde
865 559 36 20 be-

78 590 91 19 stämma
191 587 166 28 uppbördstiden
381 587 31 22 till
431 589 7 18 1
457 588 48 27 maj,
529 588 38 21 och
590 588 138 21 öfverlemnas
744 588 58 21 detta
818 587 45 22 åter
878 587 23 21 ät

80 617 156 26 församlingen,
260 617 70 21 kunde
353 617 35 21 det
410 617 50 21 falla
483 617 121 21 densamma
626 617 21 21 in
668 619 32 18 att
715 617 117 20 bestämma
847 622 53 20 upp-

81 645 123 22 bördstiden
220 645 32 21 till
268 646 26 21 30
310 645 60 26 april,
387 645 23 21 sä
426 647 32 19 att
472 648 85 24 presten
572 645 68 22 skulle
655 645 21 22 fä
692 647 63 19 vänta
770 647 32 19 ett
816 645 44 20 helt
871 644 29 21 är.

149 714 141 27 Domprpsteu
306 714 87 26 Borg:
416 713 41 27 Jag
472 713 49 22 ville
536 714 64 21 ocksä
615 713 74 21 förena
704 713 42 27 mig
757 714 48 20 med
815 715 85 24 prosten

81 742 58 27 Hjelt
162 743 39 20 och
224 749 62 14 anser
301 743 35 20 det
352 742 86 21 alldeles
453 742 135 26 nödvändigt,
605 744 32 19 att
652 742 57 21 tiden
725 742 126 21 bestämmes
867 741 35 21 vid

80 771 132 26 regleringen
235 771 39 21 och
297 771 18 26 ej
332 770 21 22 af
367 772 85 25 presten
467 771 53 26 sjelf,
544 771 38 21 och
598 771 59 21 detta
672 771 23 20 sä
712 771 82 26 mycket
810 771 92 20 nödvän-

83 799 79 28 digare,
178 806 44 15 som
239 799 63 22 ocksä
317 799 57 21 förut
390 802 96 23 prestens
501 799 97 27 uppbörd
613 799 39 21 har
666 799 56 21 varit
731 799 103 21 bestämd.
861 799 41 20 Det

80 828 54 21 finns
149 829 7 20 i
172 829 50 20 vära
236 828 70 27 gamla
320 827 150 27 författningar
485 829 82 26 mycket
581 827 57 22 klart
653 827 61 28 sagdt
729 827 80 22 härom.

149 897 89 22 Prosten
260 897 88 28 Hjelt
367 897 95 27 frängick
483 897 103 28 yrkandet
601 897 32 27 pä,
654 898 32 21 att
701 897 6 22 i
723 897 65 21 slutet
803 895 23 23 af
838 902 64 21 para-

81 926 72 27 grafen
176 926 171 22 förekommande
370 927 64 21 orden
457 930 71 21 ,utom
544 927 7 20 i
567 927 36 20 det
618 925 35 22 fall
670 928 31 19 att
715 926 124 27 löntagaren
854 925 49 27 sjelf

80 955 126 27 uppbörden
228 956 132 26 verkställer,
381 955 26 22 dä
429 955 68 27 någon
520 955 118 26 ersättning
660 955 46 21 icke
724 955 176 26 ifrägakommer*

80 984 69 22 skulle
164 984 57 27 utgä.

149 1048 60 21 Efter
222 1048 87 21 härmed
319 1047 94 22 afslutad
426 1047 118 22 diskussion
555 1047 123 21 framstälde
693 1047 49 20 herr
755 1046 146 21 talmannen

81 1077 92 26 följande
188 1077 165 27 propositioner:

150 1135 84 25 Önskar
256 1139 85 22 ständet
363 1139 32 21 till
415 1138 209 27 kontraproposition
648 1139 36 20 det
706 1138 22 21 af
742 1139 86 25 prosten
844 1137 58 26 Hjelt

82 1168 75 27 gjorda
179 1167 225 28 redaktionsförslaget
429 1167 51 22 eller
501 1168 61 21 icke?
593 1167 80 21 Vinner
694 1167 40 26 nej,
760 1168 87 25 antages
870 1165 32 22 till

82 1197 210 27 kontraproposition
315 1197 40 22 den
378 1197 22 20 af
414 1199 86 24 prosten
516 1195 104 28 Bergroth
635 1195 120 27 föreslagna
770 1194 133 22 redaktions-

82 1226 129 26 förändring.

149 1289 131 22 Besvarades
295 1289 47 21 med
357 1290 76 19 nästan
448 1288 102 27 enhälligt
563 1287 32 27 ja;
612 1288 39 21 och

152 1353 127 22 Godkännes
297 1352 139 21 förevarande
452 1352 12 26 $
480 1353 26 20 15
522 1350 128 22 oförändrad
666 1350 50 21 eller
731 1349 63 22 icke?
822 1349 83 21 Vinner

82 1382 42 27 nej,
140 1381 39 22 har
193 1381 84 22 ståndet
293 1380 87 22 anslutit
394 1380 32 27 sig
442 1379 32 22 till
486 1382 85 25 prosten
588 1379 68 26 Hjelts
671 1378 85 27 förslag,
772 1378 65 27 enligt
852 1378 52 21 hvil-

83 1411 37 20 ket
140 1409 125 28 paragrafen
288 1409 80 21 erhölle
386 1409 92 26 följande
493 1408 89 27 lydelse:
613 1407 105 24 Tiderna
733 1407 32 21 för
780 1407 124 26 uppbörden

83 1439 89 20 föreslås
187 1438 23 20 af
223 1437 220 26 regleringskomitén;
466 1437 39 20 och
520 1437 44 23 bör,
581 1436 45 19 ifall
642 1436 123 25 uppbörden
781 1435 124 20 verkställes

82 1466 24 21 af
126 1466 89 21 utsedde
238 1465 163 26 uppbördsmän,
424 1465 40 20 den
487 1465 112 26 uppburna
621 1463 118 26 aflöningen
754 1464 55 19 inom
825 1462 79 27 fjorton

84 1495 66 27 dagar
165 1493 55 23 efter
234 1493 109 23 verkstäld
358 1492 97 28 uppbörd
470 1493 32 22 till
518 1493 122 26 löntagaren
657 1491 153 21 öfverlemnas”
825 1497 19 15 0.
858 1497 16 15 s.
884 1496 20 15 v.

83 1524 7 21 i
105 1523 217 23 öfverensstämmelse
339 1522 48 22 med
403 1522 40 22 den
458 1522 118 28 Kejserliga
590 1520 165 28 propositionen.
