1078 1817
305 130 161 19 Presteständet
478 132 55 17 1877.
556 132 25 18 27
594 132 90 18 oktober.
823 133 54 21 1727

82 205 51 31 göra
145 204 40 32 det
200 204 97 23 derefter.
327 205 49 23 Men
392 206 65 22 finnes
473 206 36 22 det
523 206 55 23 blott
593 206 111 28 tillräcklig
714 207 89 27 tillgång
815 207 26 27 på
852 207 52 27 dug-

82 232 42 32 liga
139 232 137 27 inspektorer,
292 233 41 22 blir
347 240 25 16 en
388 235 201 27 systemförändring
603 235 63 27 nödig
680 235 39 21 och
735 235 91 27 önsklig,
837 235 67 21 ehuru

80 266 37 21 jag
138 261 129 27 visserligen,
289 262 32 21 för
341 264 33 20 att
394 264 51 25 säga
465 264 121 26 sanningen,
602 263 101 24 betviflar,
718 265 34 19 att
767 270 48 15 man
831 264 8 20 i
853 263 49 22 hela

82 288 74 22 landet
177 289 108 27 lätteligen
307 290 54 21 skall
383 290 70 22 kunna
473 291 56 21 finna
551 298 36 14 ens
602 292 44 21 åtta
662 291 47 22 med
724 291 122 22 folkskolan
860 292 43 20 för-

83 319 76 25 trogna
174 318 38 21 och
227 318 32 22 för
273 319 38 21 sitt
326 318 42 22 kall
379 318 47 22 fullt
436 319 99 27 lämpliga
545 326 100 21 personer
654 319 121 28 isynnerhet
785 326 46 15 som
842 319 63 22 deras

82 345 37 22 lön
133 348 26 20 är
173 347 96 21 bestämd
285 346 56 22 blott
355 347 32 21 till
401 348 63 24 3,0v0
480 348 64 22 mark.

151 404 83 21 Doktor
256 404 126 22 Lindelöf:
397 404 78 22 Pastor
489 406 55 26 Lyra
559 405 39 21 har
613 405 64 21 redan
691 405 75 22 berört
785 405 40 22 den
839 405 63 21 funk-

82 432 51 26 tion,
152 438 46 16 som
218 433 60 21 dessa
300 433 180 28 skolinspektorer
502 434 65 27 enligt
581 433 221 28 skolöfverstyrelsens
818 434 86 27 mening

82 461 66 21 borde
164 461 66 22 hafva.
261 462 45 21 Här
321 463 39 20 har
376 462 66 22 blifvit
455 463 67 27 sagdt,
534 465 31 19 att
575 463 79 21 sådana
664 462 239 27 folkskoleinspektorer

82 489 68 22 borde
170 490 113 21 öfvervaka
301 490 176 27 undervisningen
496 491 39 22 och
555 491 64 22 också
640 491 55 27 gifva
714 491 39 22 råd
768 492 23 21 åt
807 491 95 22 lärarene

83 518 38 22 och
137 518 116 22 bestämma
269 519 61 21 deras
346 519 139 22 verksamhet.
515 520 64 21 Detta
594 526 62 15 mom.
672 525 61 16 anser
746 519 39 28 jag
795 519 46 22 icke
852 526 50 15 vara

82 546 23 22 af
117 547 69 26 någon
202 547 145 28 hufvudsaklig
363 548 106 27 betydelse
484 549 5 20 i
501 549 52 21 hans
563 548 139 22 verksamhet.
716 548 41 27 Jag
768 554 61 16 anser
839 548 63 22 också

83 577 32 20 att
128 577 52 20 våra
194 575 158 23 folkskollärare
366 577 24 22 så
405 576 58 27 långt
479 577 42 21 min
536 577 119 21 erfarenhet
670 577 95 21 sträcker
779 577 39 27 sig,
833 578 28 25 på
871 579 31 19 ett

83 605 84 26 mycket
186 604 192 23 tillfredsställande
398 608 43 19 sätt
462 605 46 28 fyllt
527 606 32 21 sin
577 605 86 28 uppgift.
694 605 32 22 De
742 605 61 22 hafva
819 605 40 22 fått
874 612 25 15 en

83 633 85 27 mycket
188 633 42 27 god
253 633 120 22 methodisk
393 634 120 27 utbildning
533 635 7 20 i
559 635 38 20 sitt
619 633 42 22 kall
682 633 86 22 hvarför
788 633 35 22 det
843 634 5 21 i
865 634 36 21 det

83 661 97 22 afseende
196 662 45 21 icke
256 664 24 19 är
295 662 84 27 mycket
394 665 31 18 att
440 663 119 26 öfvervaka,
572 669 47 15 men
632 662 32 21 väl
676 663 7 20 i
696 663 40 21 den
747 665 57 25 yttre
816 663 85 21 ordnin-

82 696 47 21 gen,
151 690 135 22 skolbesöket
307 691 87 21 framför
414 691 44 22 allt.
496 691 66 22 Dessa
581 691 180 26 skolinspektorer
782 691 121 22 föreställer

80 718 37 27 jag
136 719 42 26 mig
201 719 68 21 skulle
291 726 50 15 vara
360 719 83 22 biträde
463 720 23 21 åt
507 719 217 28 öfverinspektorerne
739 719 34 21 för
788 719 113 22 folkskole-

81 747 108 25 väsendet,
205 747 39 22 och
259 748 6 21 i
281 748 65 21 sådan
361 748 108 27 betydelse
484 748 67 21 skulle
565 749 47 21 åtta
627 748 63 21 också
706 754 50 15 vara
768 749 32 20 ett
810 748 92 21 tillräck-

81 775 39 27 ligt
135 776 65 21 antal.

150 832 89 22 Prosten
254 833 149 21 Johnsson:
419 833 40 27 Jag
469 833 95 21 anhåller
575 834 31 20 att
616 833 21 21 få
648 835 82 24 nämna,
741 835 32 19 att
782 833 37 26 jag
825 833 78 21 stödde

81 861 56 21 mina
156 861 104 27 uppgifter
279 861 108 27 angående
407 861 205 22 folkskoleväsendet
633 862 27 25 på
676 861 95 22 direktor
786 861 115 26 Leinbergs

80 889 112 28 uppgifter,
208 889 21 22 af
243 889 70 22 hvilka
327 890 63 21 också
406 890 84 21 ståndet
505 890 40 21 fått
561 889 40 22 del.
631 889 49 22 Man
696 889 119 22 föreställer
827 890 31 26 sig
869 892 32 19 att

81 919 105 21 utskottet
206 919 38 20 har
263 919 101 24 förordat,
385 921 32 19 att
439 917 208 29 skolöfverstyrelsen
664 918 64 21 borde
745 919 97 20 använda
858 918 41 22 alla

81 948 61 21 dessa
157 948 77 23 90,000
251 947 58 21 mark
325 947 39 22 och
379 948 89 21 tillsätta
483 948 133 26 inspektorer
627 947 6 20 i
645 947 122 26 tillräckligt
779 947 63 26 antal,
854 953 47 15 men

80 975 106 22 utskottet
206 975 37 21 har
262 975 80 22 lemnat
361 976 64 21 saken
443 976 44 21 helt
502 976 38 21 och
557 975 64 22 hållet
637 975 105 22 beroende
758 976 27 27 på
801 975 100 27 öfversty-

80 1004 80 22 relsens
176 1004 100 27 pröfning.
313 1004 111 22 Utskottet
442 1004 38 22 har
495 1005 95 20 förordat
603 1006 31 19 ett
649 1005 73 26 anslag
732 1004 23 21 åt
767 1004 134 27 öfverstyrel-

79 1039 37 15 sen
137 1033 6 20 i
165 1033 39 21 och
225 1033 32 20 för
277 1033 252 27 folkskoleinspektionen
550 1035 56 19 emot
628 1032 271 27 redovisningsskyldighet.

80 1061 213 27 Skolöfverstyrelsen
315 1062 38 21 bör
373 1062 82 21 således
471 1062 45 21 icke
531 1061 22 22 af
567 1062 58 21 detta
641 1061 73 26 anslag
730 1062 97 21 använda
842 1067 59 15 mera

81 1092 26 19 än
127 1096 46 15 som
192 1090 99 21 behöfves
305 1090 32 21 för
353 1090 131 21 anställande
500 1090 23 21 af
536 1089 138 28 pedagogiskt
689 1089 102 28 skicklige
808 1089 38 22 och
862 1090 38 20 bil-

81 1119 54 21 dade
154 1121 55 18 män.
239 1119 47 21 Kan
302 1119 35 21 det
352 1119 45 21 icke
413 1119 32 21 fås
460 1120 85 24 sådana,
561 1121 24 18 är
600 1118 35 21 det
651 1118 102 27 naturligt
769 1120 32 19 att
816 1118 84 27 inspek-

80 1147 71 22 tionen
172 1149 67 20 måste
258 1147 130 21 handhafvas
403 1148 28 26 på
446 1153 79 16 samma
540 1149 49 23 sätt,
605 1153 45 16 som
666 1146 83 25 hittills,
766 1153 76 20 genom
859 1147 41 21 väl-

80 1176 104 21 betrodda
205 1182 105 20 personer,
327 1176 77 25 hvilka,
420 1182 33 15 om
470 1176 25 21 de
511 1177 64 20 också
589 1176 46 21 icke
650 1177 37 20 äro
704 1175 141 28 pedagogiskt
860 1175 39 22 bil-

80 1205 59 26 dade,
163 1205 53 21 dock
232 1205 70 21 kunna
318 1211 49 15 vara
382 1204 105 27 lämpliga.
518 1204 155 28 Skolstyrelsen
690 1204 40 21 kan
748 1204 64 21 också
827 1205 73 20 utdela

79 1234 82 21 mindre
182 1234 91 21 arvoden
294 1235 27 20 än
341 1234 62 25 3,000
424 1234 60 21 mark
504 1233 38 22 allt
557 1233 53 22 efter
625 1239 114 21 personens
756 1232 144 28 qvalifikation

80 1262 39 22 och
137 1262 39 21 har
191 1262 81 21 således
288 1262 38 21 här
341 1261 40 22 fria
396 1262 81 22 händer
491 1264 55 20 samt
561 1262 100 21 behöfver
676 1261 46 22 icke
737 1262 98 21 använda
849 1261 49 22 hela

80 1291 103 27 anslaget.

149 1331 88 21 Prosten
260 1331 147 26 Bergroth:
437 1331 41 26 Jag
499 1331 39 21 har
560 1330 74 27 begärt
656 1330 60 21 ordet
739 1330 32 21 för
791 1332 32 19 att
837 1330 6 21 i
859 1329 42 22 allo

79 1359 85 22 biträda
187 1360 39 21 den
248 1359 61 28 åsigt,
331 1366 46 15 som
399 1361 24 20 är
445 1359 81 22 uttalad
548 1359 21 22 af
590 1361 73 25 pastor
684 1358 57 28 Lyra
761 1359 38 21 och
815 1360 86 25 prosten

79 1388 102 22 Hackzell
197 1388 39 22 och
251 1394 61 16 anser
327 1388 36 22 det
378 1389 32 21 för
425 1388 62 26 högst
502 1388 127 26 nödvändigt
645 1389 31 19 att
689 1387 212 27 folkskoleinspekto-

80 1422 35 16 rer
134 1416 66 22 borde
219 1416 74 26 finnas,
313 1423 48 15 men
376 1418 31 20 att
423 1417 77 26 90,000
516 1416 59 22 mark
590 1418 24 19 är
629 1415 86 22 alldeles
730 1416 34 21 för
778 1416 53 26 litet,
847 1416 55 27 isyn-

81 1444 74 22 nerhet
170 1451 34 14 om
220 1445 57 21 detta
293 1444 42 22 kall
351 1445 54 21 skall
419 1445 72 21 kunna
505 1445 48 21 med
568 1450 84 20 omsorg
666 1445 80 20 skötas.

148 1489 81 22 Rektor
251 1489 141 22 Kihlman:
422 1485 66 25 Äfven
509 1489 35 27 jag
567 1488 59 22 delar
641 1489 25 21 de
681 1488 126 26 föregående
823 1488 79 22 talares

79 1518 62 28 åsigt,
159 1524 45 16 som
225 1518 60 22 hafva
303 1517 94 23 betviflat
412 1517 134 29 möjligheten
561 1519 32 21 att
607 1516 57 23 finna
678 1517 24 21 så
717 1517 76 28 många
809 1517 92 28 pedago-
