1089 1817
315 131 160 19 Presteståndet
487 133 54 17 1877.
565 132 13 18 9
591 133 91 17 oktober.
822 126 54 30 1283

153 199 43 21 Vill
219 200 83 21 ståndet
324 200 111 26 godkänna
458 201 115 21 utskottets
594 202 80 26 förslag
695 208 34 15 om
745 201 160 26 ifrågavarande

84 227 108 26 paragrafs
214 229 128 26 uteslutning
365 229 52 21 eller
440 229 34 26 ej?
486 230 73 21 vinner
574 229 31 27 nej
622 231 95 20 kommer
733 229 125 27 paragrafen
873 231 32 20 att

84 255 80 22 erhålla
179 262 25 15 en
221 256 78 27 lydelse
314 257 5 20 i
333 257 93 27 enlighet
441 258 48 21 med
505 258 34 21 det
555 258 76 26 nådiga
646 257 108 27 förslaget.

152 312 129 22 Besvarades
297 314 48 21 med
362 315 25 20 18
400 313 23 27 ja
438 314 39 21 och
494 314 25 21 15
536 314 39 26 nej.

151 369 24 28 88
192 371 12 20 6
220 369 31 22 till
274 371 6 20 8
295 371 130 25 godkändes.

153 427 38 22 Om
213 427 54 21 hvad
290 427 89 22 sålunda
397 427 97 27 förelupit
511 428 66 21 under
592 427 154 26 behandlingen
762 429 21 20 af
797 429 108 20 ekonomi-

84 455 115 22 utskottets
222 455 159 27 ifrågavarande
399 455 132 22 betänkande
546 455 68 22 skulle
629 456 57 21 såväl
701 456 98 21 bemälda
814 457 89 26 utskott,

83 490 45 15 som
152 484 137 21 medstånden
312 491 75 20 genom
410 485 75 26 utdrag
501 491 25 14 ur
541 484 129 27 protokollet
684 485 141 25 underrättas,
838 485 67 26 jemte

85 513 36 21 det
141 513 106 21 utskottet
269 513 68 21 skulle
359 513 80 21 erinras
461 519 34 15 om
519 513 182 26 nödvändigheten
716 515 31 20 att
763 513 65 22 ändra
844 520 60 21 para-

83 541 108 27 grafernes
213 541 192 26 nummerordning.
428 541 65 22 sådan
517 543 38 20 den
579 541 122 28 betingades
717 548 75 21 genom
808 542 96 22 ståndets

84 571 69 20 beslut
168 577 34 14 om
218 570 131 27 uteslutning
364 570 21 21 af
399 570 24 28 $$
438 571 34 25 30,
488 571 25 20 31
531 571 38 20 och
585 571 34 20 34.

151 683 39 21 Till
214 684 72 20 vidare
309 684 75 25 åtgärd
406 684 93 26 företogs
521 683 83 22 härtills
620 684 116 26 bordlagda
751 686 153 19 sammansatta

83 712 44 27 lag-
151 712 39 22 och
205 712 213 22 ekonomiutskottets
434 712 133 22 betänkande
582 718 34 16 n:o
633 714 8 20 1
660 712 7 21 i
682 712 112 27 anledning
809 712 21 22 af
844 712 60 22 Hans

83 740 118 27 Kejserliga
217 740 109 27 Majestäts
342 741 76 27 nådiga
433 742 131 26 proposition
580 741 108 27 angående
704 741 159 27 tingsgästning.

151 798 73 22 Under
246 798 40 22 den
310 798 117 22 diskussion
449 804 45 16 som
517 798 73 22 härom
614 798 91 28 uppstod
720 799 85 27 yttrade
819 799 33 27 sig
866 798 38 22 föl-

81 827 63 27 jande
159 828 76 20 talare:

150 884 111 22 Professor
283 885 150 21 Forsman:
463 886 33 20 Då
515 886 58 21 detta
588 885 229 22 utskottsbetänkande
832 887 72 19 senast

82 914 83 21 förevar
187 914 6 20 i
212 914 85 21 ståndet
312 914 55 21 hade
379 914 36 26 jag
431 914 40 21 den
487 916 50 19 äran
553 916 32 19 att
599 914 63 21 hafva
677 914 62 21 ordet
754 914 39 21 och
809 914 95 21 uttalade

82 942 68 22 tillika
166 943 39 20 den
221 942 88 27 åsigten,
325 944 33 20 att
373 943 36 20 det
425 942 105 22 måhända
545 949 49 15 vore
605 942 45 22 skäl
660 943 32 21 för
702 943 85 21 ståndet
797 945 32 19 att
839 942 65 22 inför-

81 974 64 18 vänta
167 971 255 21 utskottsbetänkandena
437 971 108 27 angående
561 971 183 22 häradsrätternas
760 972 144 26 omorganisa-

83 1000 44 21 tion
151 1000 38 21 och
212 1000 189 25 häradsnämnden,
425 1000 32 20 för
480 1002 31 19 att
533 1000 84 20 ståndet
632 1000 68 20 skulle
715 1000 72 21 kunna
802 1000 62 21 hafva
879 1006 25 14 en

83 1028 100 27 öfversigt
205 1028 58 22 öfver
285 1029 68 21 denna
376 1028 122 22 tillämnade
520 1028 136 27 lagstiftning,
673 1034 44 16 som
733 1028 82 22 ändock
830 1028 32 22 till
878 1034 26 15 en

82 1058 42 20 viss
146 1056 53 27 grad
214 1057 176 25 sammanhänger
405 1056 92 22 dermed.
528 1057 41 21 Det
584 1058 24 20 är
623 1056 63 22 likväl
702 1057 65 25 fallet,
783 1059 32 19 att
830 1056 74 27 frågan

83 1092 34 15 om
141 1086 181 26 tingsgästningen
337 1084 33 22 till
386 1092 25 14 en
426 1085 41 21 viss
483 1086 52 26 grad
550 1086 45 21 står
610 1085 65 21 skildt
689 1085 33 21 för
737 1085 31 26 sig
784 1085 39 22 och
839 1085 67 22 ehuru

83 1114 36 21 det
137 1116 23 19 är
175 1114 52 25 godt
242 1116 31 19 att
289 1115 69 20 känna
373 1113 60 22 äfven
449 1114 36 21 det
501 1114 70 26 öfriga,
588 1114 41 21 kan
646 1114 53 21 dock
714 1114 81 25 ganska
810 1114 101 27 lämpligt.

83 1143 68 21 denna
172 1142 60 27 fråga
253 1142 101 21 särskildt
377 1142 39 21 och
439 1142 33 21 för
494 1143 31 25 sig
545 1142 89 26 afgöras.
665 1142 39 27 Jag
719 1142 42 21 kan
776 1142 46 21 icke
838 1143 66 25 draga

82 1171 43 26 mig
147 1171 32 21 till
202 1171 81 21 minnes
306 1170 132 27 fullständigt
461 1171 53 21 huru
536 1171 59 26 långt
610 1171 39 21 och
665 1171 5 20 i
686 1171 85 21 hvilken
787 1170 67 27 punkt
868 1171 36 26 jag

82 1200 54 21 hade
155 1202 51 19 äran
222 1201 32 20 att
269 1202 82 19 senaste
367 1200 54 26 gång
436 1199 101 22 framföra
552 1200 48 21 mitt
615 1199 116 27 påstående
747 1200 38 21 och
798 1200 36 26 jag
850 1200 53 21 nöd-

82 1234 37 21 gas
142 1227 71 22 derför
235 1228 127 21 åtminstone
384 1228 7 20 i
413 1228 87 21 korthet
518 1234 108 15 resumera
641 1229 36 20 det
691 1228 54 21 hela.
775 1228 42 21 Det
832 1229 24 20 är
871 1227 32 22 för

83 1257 25 20 de
131 1257 60 21 fleste
213 1256 210 22 ständsmedlemmar
445 1259 58 18 utom
526 1256 21 21 af
568 1257 37 20 det
626 1256 83 24 referat,
732 1262 46 15 som
798 1256 70 27 gifvits
884 1256 23 21 af

83 1285 64 21 saken
171 1285 5 20 i
201 1285 39 20 den
263 1285 111 26 kejserliga
395 1285 160 26 propositionen
577 1285 39 21 och
639 1285 115 20 utskottets
769 1284 135 22 betänkande

84 1313 124 26 tillräckligt
231 1313 72 25 kändt,
327 1315 31 18 att
376 1313 68 21 denna
459 1313 58 26 fråga
532 1313 39 21 har
587 1319 24 15 en
627 1312 73 26 längre
715 1313 32 21 tid
761 1313 54 20 varit
829 1313 78 20 under-

84 1342 76 21 kastad
183 1342 88 26 mycken
296 1341 55 21 tvist.
381 1341 10 21 I
414 1341 73 26 början
511 1341 22 22 af
552 1342 58 21 detta
625 1341 133 21 århundrade
773 1341 82 26 tycktes
871 1341 36 21 det

83 1371 64 20 redan
171 1370 17 26 ej
206 1370 61 21 hafva
283 1370 54 21 varit
352 1369 86 22 alldeles
453 1370 56 21 klart
524 1371 51 20 utan
590 1369 106 22 beroende
712 1369 27 28 på
754 1369 57 22 olika
826 1370 76 26 praxis,

83 1398 71 22 hvilka
176 1405 102 20 personer
300 1399 84 20 komme
407 1400 32 19 att
457 1400 76 25 utgöra
549 1399 159 26 tingsgästning,
723 1398 55 21 huru
793 1398 113 27 tingsgäst-

83 1427 76 26 ningen
182 1427 68 21 skulle
273 1427 112 27 rätteligen
401 1427 55 26 utgå.
488 1427 40 21 Till
543 1426 52 27 följd
611 1427 60 21 deraf
683 1426 122 22 utfärdades
821 1427 40 21 den
876 1427 28 20 20

82 1455 114 21 november
219 1456 55 20 1829
298 1457 31 19 ett
351 1455 106 25 kejserligt
477 1455 92 20 cirkulär
583 1455 52 25 bref,
651 1455 59 20 hvari
725 1455 131 20 förklarades
871 1457 33 18 att

83 1483 63 26 inga
168 1483 66 21 andra
256 1483 127 27 inhysingar,
406 1483 198 26 spanmålstorpare,
627 1483 136 26 statdrängar
784 1482 40 21 och
840 1482 62 21 back-

83 1511 114 28 stuguhjon
219 1511 54 28 finge
296 1511 86 28 äläggas
403 1510 105 28 lagmans-
530 1511 39 22 och
592 1511 178 27 häradshöfdinge
789 1511 114 27 tingsgäst-
