1086 1803
193 139 55 21 1458
385 143 160 18 Presteståndet
557 144 53 17 1877.
635 143 22 17 16
670 143 91 17 oktober.

163 213 67 27 syftar
245 213 26 26 på
287 214 31 20 ett
333 212 100 27 afsigtligt
448 211 139 28 fördröjande,
603 211 39 22 och
657 212 8 21 i
679 211 76 22 sådant
767 211 36 22 fall
815 212 38 21 bör
863 211 34 22 väl
906 211 78 27 skjuts-

163 241 72 22 karlen
251 242 57 21 böta.
325 254 24 3 —
366 241 106 26 Föröfrigt
487 241 66 22 skulle
566 241 37 26 jag
613 240 72 21 förena
696 240 42 27 mig
750 247 33 15 om
795 241 106 26 professor
910 239 77 23 Cleves

162 270 130 21 reservation
315 270 6 21 i
337 269 97 22 afseende
449 270 13 21 å
477 269 41 22 tids
534 269 157 26 bestämningen
708 269 21 21 af
743 269 32 27 sju
790 269 92 21 minuter
896 269 28 27 pä
940 275 44 16 ver-

163 300 53 23 sten,
239 301 51 19 utan
313 299 107 26 undantag
438 297 32 22 för
485 299 68 25 någon
569 304 49 15 vare
633 297 31 27 sig
679 299 48 25 post
743 298 50 21 eller
809 297 134 22 embetsman.
974 298 11 21 I

162 328 125 26 paragrafen
307 327 97 22 kommer
423 327 24 26 ju
468 326 112 27 sjelfiallet,
603 326 65 26 enligt
687 327 36 20 det
738 326 70 22 beslut
823 327 84 21 ståndet
922 325 63 23 fattat

162 355 131 22 beträffande
313 355 117 27 antagande
446 355 23 21 af
481 355 107 27 professor
603 355 74 21 Cleves
691 355 130 21 reservation
836 355 7 21 i
858 355 128 25 föregäende

163 384 104 28 paragraf,
289 384 159 26 bestämningen
474 390 32 15 om
529 384 36 21 tvä
587 383 107 21 fullvuxna
716 390 110 20 personers
844 383 82 22 äkande
937 384 48 20 med

163 414 81 26 bagage
267 413 52 21 efter
340 419 25 15 en
388 412 47 21 häst
456 412 29 22 tio
504 415 57 19 verst
576 412 27 28 pä
619 413 27 20 70
662 412 91 22 minuter
769 414 32 20 att
816 412 77 22 ändras
907 412 33 22 till
954 412 31 22 tio

156 444 64 19 .verst
235 443 27 26 pä
277 443 28 20 90
320 441 97 21 minuter.

230 510 61 22 Efter
305 509 88 22 härmed
408 509 91 22 afslutad
515 509 124 25 diskussion,
654 509 123 22 framstälde
792 509 49 22 herr
860 510 127 21 talman-

163 545 53 16 nen
239 539 91 27 följande
345 539 139 27 proposition:

232 607 42 21 Vill
297 606 84 22 ständet
403 606 6 22 i
430 606 92 27 enlighet
538 607 47 21 med
600 606 115 22 utskottets
730 607 84 27 förslag,
829 607 63 22 hafva
907 607 79 27 hastig-

163 636 63 21 heten
249 635 96 22 faststäld
367 634 32 22 till
422 642 26 14 en
463 638 56 18 verst
541 636 27 26 pä
583 641 36 15 sex
635 636 96 24 minuter,
748 636 51 21 eller
814 636 63 22 icke?
906 636 82 22 Vinner

163 664 40 27 nej,
226 664 39 22 har
282 664 84 22 ständet
382 664 96 22 omfattat
494 664 105 27 professor
615 664 74 22 Cleves
704 664 78 27 förslag
797 670 34 16 om
847 672 25 14 en
887 666 57 20 verst
959 666 28 26 pä

163 694 33 26 sju
210 693 97 21 minuter.

230 756 131 23 Besvarades
380 757 48 22 med
444 757 153 28 öfvervägande
611 757 40 28 nej,
667 757 85 22 hvarför
767 756 82 23 säledes
865 757 39 21 den
919 756 7 21 i
941 763 44 15 mo-

163 787 80 20 mentet
267 785 118 28 föreslagna
402 786 158 27 bestämningen
577 787 90 22 rörande
683 786 139 27 hastigheten,
838 786 47 21 med
901 785 83 22 hvilken

161 814 90 22 resande
266 815 34 20 mä
315 814 70 22 färdas
400 815 59 24 fram,
476 815 67 22 skulle
560 816 79 21 derhän
650 815 115 27 förändras,
777 817 31 20 att
818 815 7 20 i
835 814 153 27 frägavarande

162 843 112 26 hastighet,
297 843 6 21 i
326 843 91 27 enlighet
439 844 47 21 med
508 845 107 26 professor
637 844 73 22 Cleves
725 843 172 22 reservationsvis
912 843 76 27 gjorda

162 871 86 28 förslag,
263 871 45 23 icke
323 871 55 28 finge
394 872 130 22 öfverskrida
540 879 25 16 en
581 875 56 20 verst
651 873 29 27 pä
695 872 32 27 sju
742 873 97 21 minuter.

231 935 107 26 Derjemte
354 935 67 22 skulle
436 936 35 21 vid
487 936 58 22 detta
559 939 94 19 moment
668 935 8 22 i
691 935 62 27 öfrigt
769 935 6 21 i
789 935 125 27 tillämpliga
926 934 62 22 delar

163 963 23 22 af
197 963 105 22 utskottet
317 964 105 27 iakttagas
438 964 55 22 hvad
504 965 84 22 ständet
599 965 87 22 beslutit
696 964 108 27 angäende
815 970 61 15 mom.
880 959 14 38 1
911 964 7 21 i
928 965 55 20 näst-

162 992 127 27 föregående
304 993 14 27 $&
334 994 34 20 21.

230 1055 100 22 Rörande
345 1057 11 25 $
372 1056 26 21 23
414 1055 102 27 begärdes
532 1056 61 21 ordet
607 1056 22 21 af

230 1113 111 21 Professor
382 1118 124 21 Forsman,
522 1119 45 15 som
582 1112 96 28 yttrade:
693 1113 42 27 Jag
750 1112 79 28 tycker,
844 1114 32 20 att
887 1114 31 20 ett
927 1113 58 21 stad-

162 1141 68 27 gande
247 1148 32 14 om
295 1141 193 27 bötesbestämning
503 1142 33 21 för
549 1141 76 26 förfall,
642 1141 70 22 hvilka
727 1142 50 21 falla
793 1142 67 20 under
872 1141 39 21 den
923 1142 61 20 krist-

161 1170 43 26 liga
226 1170 112 22 kärlekens
360 1170 102 26 kategori,
485 1170 92 22 alldeles.
593 1170 46 21 icke
661 1172 24 19 är
708 1170 27 27 på
757 1170 32 22 sin
811 1170 62 26 plats.
904 1170 42 21 Det
961 1172 26 19 är

161 1199 101 27 temligen
284 1199 65 25 klart,
372 1200 32 19 att
424 1205 34 15 om
477 1205 25 15 en
518 1198 95 26 resande,
628 1198 42 22 han
685 1200 35 20 må
732 1205 47 15 resa
793 1198 53 21 hvar
861 1204 44 16 som
921 1198 63 26 hälst,

161 1226 96 22 kommer
271 1227 6 20 i
292 1227 65 25 något
373 1226 55 27 slags
444 1227 107 26 svårighet
565 1229 32 19 att
612 1226 71 22 vidare
698 1227 85 21 komma
798 1226 60 27 fram,
873 1226 55 22 skall
942 1226 42 21 han

161 1256 34 21 väl
210 1256 7 20 i
232 1255 55 27 godo
302 1255 72 21 kunna
388 1254 85 22 komma
489 1255 94 21 öfverens
599 1256 46 20 med
661 1255 126 27 menniskor,
802 1261 45 15 som
861 1255 66 21 finnas
938 1256 47 20 när-

162 1286 54 19 mast
239 1283 105 22 tillhands.
374 1283 49 22 Men
446 1286 32 19 att
499 1284 76 27 ålägga
590 1284 47 21 dem
653 1286 32 19 att
699 1284 35 21 vid
749 1284 62 20 böter
825 1283 66 23 skaffa
907 1284 77 20 honom

161 1312 49 22 häst
224 1312 40 22 och
279 1312 99 22 förskaffa
393 1312 77 22 honom
486 1312 59 26 fram,
561 1312 72 27 tycker
645 1312 38 27 jag
697 1314 25 20 är
736 1312 100 27 temligen
852 1329 4 5 .
873 1328 4 6 .
894 1312 25 27 .*)

162 1341 40 25 Jag
218 1347 63 15 anser
296 1343 32 18 att
343 1341 123 26 paragrafen
482 1341 70 20 kunde
567 1341 44 20 helt
627 1342 39 19 och
681 1341 66 21 hållet
762 1342 56 24 utgå.

230 1409 142 27 Domprosten
391 1408 91 27 Borg:
512 1408 40 26 Jag
571 1408 78 28 tycker,
665 1409 39 25 att,
720 1408 37 21 der
773 1407 39 23 den
828 1407 95 27 kristliga
938 1406 48 23 kär-

162 1438 62 22 leken
239 1438 46 21 icke
300 1436 74 29 finnes,
390 1438 37 21 der
442 1437 71 22 kunna
524 1436 62 23 böter
600 1437 7 21 i
621 1437 60 26 fräga
697 1437 90 21 komma.

230 1541 16 22 *)
270 1540 94 24 Meningen
376 1541 19 18 är
406 1540 6 18 i
424 1540 127 23 manuskriptet
562 1540 37 19 icke
611 1539 83 20 afslutad.
