1086 1814
291 127 159 18 Presteståndet
461 129 55 16 1877.
540 129 11 16 5
564 128 91 17 oktober.
815 121 55 22 1199

80 197 69 21 såsom
172 203 60 14 norm
253 196 32 22 för
307 196 163 22 hemortsrätten
489 197 38 22 och
543 199 45 19 tror
602 197 25 27 ej,
643 199 32 20 att
690 197 47 22 mitt
751 197 79 26 förslag
844 196 54 22 skall

79 224 64 22 hafva
157 226 68 25 någon
241 227 68 19 större
323 225 107 27 svårighet
444 227 26 20 än
487 227 64 25 något
565 228 71 19 annat.

148 281 89 22 Prosten
259 281 168 28 Dahlberg:
454 283 42 20 För
518 282 41 21 min
575 280 33 23 del
625 283 45 20 tror
682 282 37 27 jag
733 282 26 27 ej,
775 284 32 19 att
821 281 76 23 förhål-

81 310 88 21 landena
183 310 7 20 i
206 310 100 21 Schweitz
328 317 62 20 passa
413 311 19 20 in
454 311 27 27 på
495 310 159 22 förhållandena
668 310 7 21 i
690 311 45 21 vårt
750 311 56 21 land.
837 311 60 21 Inne-

81 339 105 21 vånarena
201 339 6 20 i
223 339 100 22 Schweitz
339 339 59 27 flytta
413 341 38 20 när
467 339 26 21 de
507 339 59 27 flytta
577 342 23 18 ut
613 339 45 21 från
671 339 45 21 sina
725 339 113 26 hemorter,
850 345 49 15 van-

81 367 54 28 ligen
150 369 58 20 utom
219 368 78 25 landet,
307 368 88 21 emedan
406 367 47 22 hela
463 368 99 21 Schweitz
573 370 24 19 är
606 369 24 20 så
640 367 172 26 öfverbefolkadt,
824 370 30 19 att
865 367 32 28 de,

80 403 45 15 som
141 397 52 20 söka
208 396 106 22 förkofran
330 397 38 21 och
384 399 93 19 utkomst
493 397 65 21 måste
572 397 53 21 söka
640 397 36 20 det
689 399 56 19 utom
757 397 75 21 landet.
858 396 39 22 Om

82 425 25 22 de
123 425 26 22 då
164 425 114 22 återvända
293 426 55 25 hem,
363 427 23 19 är
402 425 36 22 det
452 426 106 27 naturligt,
573 428 33 19 att
619 425 25 22 de
655 425 60 22 skola
724 425 61 22 hafva
796 425 103 22 hemorts-

81 456 44 19 rätt
146 454 27 27 på
193 454 31 21 sin
245 454 131 26 födelse-ort,
392 456 21 25 ty
428 453 61 22 hvart
504 454 66 21 skulle
586 455 26 20 de
628 454 50 27 eljes
692 457 48 23 taga
756 456 72 23 vägen.
858 453 40 22 Om

83 483 35 21 det
133 483 47 21 åter
193 484 6 20 i
216 483 45 20 vårt
276 482 49 22 land
336 482 67 22 skulle
414 482 119 26 fastställas,
544 485 31 19 att
586 483 163 21 hemortsrätten
762 482 58 22 alltid
831 482 68 22 skulle

81 511 97 22 förblifva
192 511 33 20 vid
242 511 39 21 den
297 513 40 24 ort,
353 511 38 21 der
405 517 25 15 en
446 517 75 20 person
537 513 23 20 är
574 511 56 26 född,
646 512 23 20 så
684 511 66 22 måste
766 511 18 21 vi
797 511 65 21 tänka
872 512 27 26 pä

81 540 55 21 huru
151 539 158 22 förhållandena
323 539 39 22 hos
376 545 35 16 oss
426 539 83 22 komme
524 542 31 19 att
566 540 91 26 gestalta
668 541 42 24 sig:
731 546 99 20 personer
839 539 61 27 flytta

80 568 49 21 bort
143 568 45 21 från
203 568 46 21 sina
265 569 105 20 hemorter
384 568 82 21 derföre
481 570 32 19 att
529 569 25 20 de
569 568 18 27 ej
604 568 61 21 hafva
680 568 112 26 tillräcklig
804 569 94 20 utkomst

82 597 42 21 der.
155 597 41 21 Det
218 596 68 22 skulle
304 597 45 26 just
363 596 100 22 förundra
478 597 42 25 mig
535 599 31 18 att
580 603 29 20 se,
626 597 54 21 huru
695 597 58 21 desse
768 597 75 26 fattiga
858 596 40 21 för-

81 625 118 27 samlingar,
222 625 69 22 hvilka
314 625 66 22 måste
402 626 43 21 låta
467 625 135 22 arbetsfriska
625 625 119 22 menniskor
758 625 27 28 gå
800 625 45 22 från
861 626 37 26 sig,

82 661 48 15 vore
146 655 121 21 trakterade
283 654 22 21 af
318 657 32 18 att
364 654 68 21 återfå
447 655 46 20 dem
509 655 26 26 på
551 655 60 21 deras
626 655 69 26 gamla
708 655 70 26 dagar.
804 654 39 21 Jan
857 654 40 21 kan

81 683 81 22 således
184 683 32 21 för
239 683 41 22 min
304 683 33 22 del
361 683 17 28 ej
401 685 64 19 annat
487 685 26 19 än
529 685 56 20 rösta
600 683 32 21 för
648 683 156 28 bestämningen
819 683 80 22 såväl
888 678 15 37 i

81 712 110 27 kejserliga
206 712 157 27 propositionen
378 718 45 15 som
439 712 113 21 utskottets
568 712 139 21 betänkande.

149 769 141 26 Domprosten
306 769 143 22 Renvall:
477 769 72 22 Såsom
565 769 105 21 utskottet
686 768 59 22 äfven
761 769 91 26 medger,
867 771 31 19 ut-

80 800 39 25 gör
136 797 167 22 bestämmandet
318 798 22 21 af
353 798 162 21 hemortsrätten
532 800 72 19 nästan
621 798 39 21 den
676 798 92 21 svåraste
783 797 92 28 punkten
891 797 7 21 i

80 827 151 26 fattigvårdens
254 827 130 26 reglerande.
413 827 42 21 Det
470 827 84 26 förslag,
570 833 44 14 som
631 826 145 27 kyrkoherden
792 826 106 22 Stenbäck

80 855 80 27 gjorde,
178 857 45 20 tror
236 855 37 28 jag
288 856 63 21 också
366 855 18 27 ej
400 855 61 22 hafva
475 857 68 20 större
558 855 136 26 svårigheter,
710 857 27 19 än
751 855 146 27 genomföran-

81 885 35 20 det
139 884 22 21 af
181 884 80 21 hvilket
283 887 65 18 annat
369 884 78 27 förslag
461 891 45 14 som
521 884 56 21 hälst
592 883 7 21 i
614 883 97 22 afseende
726 885 12 20 å
754 884 144 21 hemortsrätt.

80 913 46 22 Den
143 913 113 26 obillighet,
272 919 45 16 som
333 919 46 15 man
396 912 67 22 skulle
479 913 67 26 tycka,
562 914 32 20 att
608 919 26 14 en
650 913 98 21 kommun
760 913 95 20 kommer
867 914 32 20 att

80 943 59 25 röna,
160 942 82 27 jemkas
265 941 26 28 på
315 942 34 21 det
372 944 70 23 sättet,
459 944 31 19 att
505 949 24 14 en
546 942 99 21 kommun
661 942 80 26 engång
756 941 73 22 vinner
844 941 56 22 hvad

81 971 39 22 den
143 977 25 15 en
189 977 69 15 annan
280 971 55 27 gång
354 971 89 21 förlorar
464 970 44 27 och,
523 973 59 25 taget
596 971 6 20 i
617 972 55 19 stort
687 970 57 21 öfver
759 970 47 21 hela
821 970 77 26 landet,

80 1000 104 27 utjemnas
207 1000 158 22 förhållandena
387 999 94 22 alldeles.
511 1000 40 27 Jag
572 999 35 22 vill
630 999 60 21 äfven
708 999 38 21 här
761 999 91 28 tillägga,
868 1001 32 19 att

81 1029 26 22 då
128 1029 226 27 fattigvårdsstyrelsen
368 1029 6 20 i
410 1029 26 20 Åbo
458 1029 48 21 stad
528 1035 36 15 var
578 1029 6 20 i
600 1028 81 22 tillfäfle
696 1030 31 19 att
742 1028 55 27 gifva
813 1029 37 20 sitt
865 1029 35 20 ut-

80 1057 85 22 låtande
188 1058 57 21 öfver
267 1057 36 22 det
325 1057 116 27 framlagda
457 1057 104 26 förslaget,
578 1057 32 22 till
626 1057 38 21 den
680 1057 110 26 kejserliga
805 1057 94 26 proposi-

80 1087 70 21 tionen
171 1087 94 21 uttalade
286 1086 40 21 den
348 1087 32 26 sig
402 1086 79 21 derhän
502 1089 32 18 att
549 1087 162 20 hemortsrätten
726 1085 66 22 skulle
809 1085 90 22 bestäm-

81 1121 45 16 mas
145 1115 52 22 efter
211 1115 117 21 individens
343 1115 120 24 födelseort,
480 1115 51 21 eller
545 1117 80 19 rättare
640 1115 68 25 sagdt,
725 1115 36 21 der
777 1115 47 20 dess
839 1114 61 21 fader

81 1143 51 22 eller
154 1144 73 21 moder
249 1144 33 21 vid
299 1144 84 21 barnets
398 1143 79 22 födelse
493 1144 53 21 hade
562 1144 141 21 hemortsrätt.
733 1143 40 26 Jag
788 1149 50 14 vore
852 1143 46 20 der-

80 1173 45 21 före
143 1173 60 20 äfven
218 1173 49 26 böjd
283 1174 32 19 att
329 1171 73 22 förena
417 1173 41 26 mig
473 1178 34 15 om
523 1172 145 28 kyrkoherden
684 1171 116 22 Stenbäcks
814 1171 84 27 förslag.

150 1230 82 21 Doktor
254 1230 172 27 Hornborg:
455 1229 171 22 Bestämmandet
648 1229 22 21 af
690 1229 162 22 hemortsrätten
875 1231 25 20 är

81 1259 118 26 verkeligen
216 1259 39 21 den
271 1258 117 28 kinkigaste
400 1259 93 26 punkten
509 1259 5 20 i
530 1259 47 21 hela
588 1258 154 26 författningen,
754 1264 46 15 men
813 1258 32 21 för
857 1258 41 21 min

81 1288 33 21 del
138 1289 72 26 tycker
230 1289 42 26 jag,
288 1290 32 19 att
335 1288 40 21 den
390 1287 111 26 kejserliga
516 1287 156 27 propositionen
688 1286 39 22 och
742 1287 103 21 utskottet
860 1287 39 21 har

80 1317 42 21 löst
145 1317 67 20 denna
235 1317 57 26 fråga
307 1316 125 26 fullkomligt
448 1317 108 26 nöjaktigt,
572 1315 39 22 och
626 1318 32 19 att
673 1316 51 27 hysa
739 1315 98 27 farhågor
852 1315 46 22 der-

81 1345 58 22 öfver
154 1348 31 18 att
200 1346 65 26 några
280 1344 147 27 församlingar
442 1345 67 21 skulle
524 1345 75 21 hindra
613 1343 148 28 inflyttningar,
777 1344 73 27 tycker
863 1345 35 25 jag

81 1374 18 27 ej
122 1373 61 22 hafva
204 1374 45 21 skäl
270 1374 33 21 för
317 1374 39 26 sig,
372 1375 50 19 enär
438 1373 35 21 det
489 1375 4 18 i
509 1373 12 28 &
537 1374 26 21 24
579 1373 60 21 heter
654 1375 32 18 att
700 1373 18 26 ej
734 1373 68 26 någon
819 1373 33 20 mä
867 1372 32 21 för

81 1402 116 26 äfventyret
217 1403 22 20 af
253 1402 98 21 framtida
366 1401 188 27 fattigvårdstunga
569 1402 105 21 förmenas
689 1403 42 19 rätt
746 1404 31 18 att
792 1401 54 25 välja
862 1401 36 20 bo-

80 1431 95 25 ningsort
190 1431 55 20 inom
256 1431 78 23 landet,
346 1430 39 20 och
396 1430 99 21 likaledes
507 1431 6 19 i
524 1431 11 26 $
548 1431 7 19 1
570 1430 22 21 af
601 1429 137 25 kungörelsen
750 1435 34 15 om
794 1428 104 27 flyttning,

81 1458 38 21 der
141 1458 35 21 det
191 1458 85 25 stadgas
291 1459 32 19 att
338 1457 47 20 med
400 1457 6 20 i
422 1457 86 26 behörig
524 1457 88 25 ordning
627 1457 112 20 utverkadt
755 1457 62 25 betyg
832 1456 67 21 skedd

80 1485 118 28 inflyttning
219 1486 18 26 ej
261 1486 34 21 må
314 1485 22 21 af
353 1485 120 26 församling
489 1485 113 26 förvägras.
631 1485 40 26 Jag
686 1484 115 27 tillstyrker
816 1484 83 21 derföre

81 1515 58 22 bifall
161 1515 31 21 till
215 1515 40 21 den
276 1513 111 28 kejserliga
401 1514 157 27 propositionen
573 1513 39 22 oeh
627 1513 115 21 utskottets
759 1512 138 22 betänkande.
