<?xml version="1.0" encoding="UTF-8"?>
<alto xmlns="http://www.loc.gov/standards/alto/ns-v3#" xmlns:xlink="http://www.w3.org/1999/xlink" xmlns:xsi="http://www.w3.org/2001/XMLSchema-instance" xsi:schemaLocation="http://www.loc.gov/standards/alto/ns-v3# http://www.loc.gov/alto/v3/alto-3-0.xsd">
	<Description>
		<MeasurementUnit>pixel</MeasurementUnit>
		<sourceImageInformation>
			<fileName>/tmp/tess_8b53c0nt_input.PNG</fileName>
		</sourceImageInformation>
		<OCRProcessing ID="OCR_0">
			<ocrProcessingStep>
				<processingSoftware>
					<softwareName>tesseract 5.3.4</softwareName>
				</processingSoftware>
			</ocrProcessingStep>
		</OCRProcessing>
	</Description>
	<Layout>
		<Page WIDTH="1084" HEIGHT="1825" PHYSICAL_IMG_NR="0" ID="page_0">
			<PrintSpace HPOS="0" VPOS="0" WIDTH="1084" HEIGHT="1825">
				<ComposedBlock ID="cblock_0" HPOS="196" VPOS="142" WIDTH="574" HEIGHT="23">
					<TextBlock ID="block_0" HPOS="196" VPOS="142" WIDTH="574" HEIGHT="23">
						<TextLine ID="line_0" HPOS="196" VPOS="142" WIDTH="574" HEIGHT="23">
							<String ID="string_0" HPOS="196" VPOS="142" WIDTH="54" HEIGHT="21" WC="0.96" CONTENT="1622"/><SP WIDTH="139" VPOS="142" HPOS="250"/>
							<String ID="string_1" HPOS="389" VPOS="146" WIDTH="161" HEIGHT="19" WC="0.91" CONTENT="Presteståndet"/><SP WIDTH="12" VPOS="146" HPOS="550"/>
							<String ID="string_2" HPOS="562" VPOS="148" WIDTH="55" HEIGHT="17" WC="0.96" CONTENT="1877."/><SP WIDTH="24" VPOS="148" HPOS="617"/>
							<String ID="string_3" HPOS="641" VPOS="148" WIDTH="25" HEIGHT="16" WC="0.96" CONTENT="25"/><SP WIDTH="13" VPOS="148" HPOS="666"/>
							<String ID="string_4" HPOS="679" VPOS="148" WIDTH="91" HEIGHT="16" WC="0.96" CONTENT="oktober."/>
						</TextLine>
					</TextBlock>
				</ComposedBlock>
				<GraphicalElement ID="cblock_1" HPOS="165" VPOS="172" WIDTH="814" HEIGHT="11"></GraphicalElement >
				<ComposedBlock ID="cblock_2" HPOS="163" VPOS="215" WIDTH="829" HEIGHT="403">
					<TextBlock ID="block_1" HPOS="163" VPOS="215" WIDTH="829" HEIGHT="403">
						<TextLine ID="line_1" HPOS="164" VPOS="215" WIDTH="824" HEIGHT="28">
							<String ID="string_5" HPOS="164" VPOS="216" WIDTH="51" HEIGHT="21" WC="0.96" CONTENT="Men"/><SP WIDTH="23" VPOS="216" HPOS="215"/>
							<String ID="string_6" HPOS="238" VPOS="216" WIDTH="18" HEIGHT="26" WC="0.96" CONTENT="ej"/><SP WIDTH="23" VPOS="216" HPOS="256"/>
							<String ID="string_7" HPOS="279" VPOS="216" WIDTH="71" HEIGHT="21" WC="0.96" CONTENT="kunna"/><SP WIDTH="19" VPOS="216" HPOS="350"/>
							<String ID="string_8" HPOS="369" VPOS="216" WIDTH="20" HEIGHT="21" WC="0.96" CONTENT="vi"/><SP WIDTH="14" VPOS="216" HPOS="389"/>
							<String ID="string_9" HPOS="403" VPOS="216" WIDTH="90" HEIGHT="26" WC="0.96" CONTENT="jämföra"/><SP WIDTH="16" VPOS="216" HPOS="493"/>
							<String ID="string_10" HPOS="509" VPOS="216" WIDTH="26" HEIGHT="21" WC="0.96" CONTENT="de"/><SP WIDTH="16" VPOS="216" HPOS="535"/>
							<String ID="string_11" HPOS="551" VPOS="215" WIDTH="119" HEIGHT="28" WC="0.96" CONTENT="preussiska"/><SP WIDTH="15" VPOS="215" HPOS="670"/>
							<String ID="string_12" HPOS="685" VPOS="216" WIDTH="175" HEIGHT="26" WC="0.96" CONTENT="församlingarna"/><SP WIDTH="15" VPOS="216" HPOS="860"/>
							<String ID="string_13" HPOS="875" VPOS="216" WIDTH="47" HEIGHT="22" WC="0.96" CONTENT="med"/><SP WIDTH="16" VPOS="216" HPOS="922"/>
							<String ID="string_14" HPOS="938" VPOS="216" WIDTH="50" HEIGHT="22" WC="0.96" CONTENT="våra"/>
						</TextLine>
						<TextLine ID="line_2" HPOS="166" VPOS="244" WIDTH="823" HEIGHT="28">
							<String ID="string_15" HPOS="166" VPOS="244" WIDTH="213" HEIGHT="28" WC="0.90" CONTENT="landsförsamlingar."/><SP WIDTH="31" VPOS="244" HPOS="379"/>
							<String ID="string_16" HPOS="410" VPOS="244" WIDTH="25" HEIGHT="22" WC="0.96" CONTENT="Vi"/><SP WIDTH="16" VPOS="244" HPOS="435"/>
							<String ID="string_17" HPOS="451" VPOS="244" WIDTH="62" HEIGHT="22" WC="0.96" CONTENT="hafva"/><SP WIDTH="15" VPOS="244" HPOS="513"/>
							<String ID="string_18" HPOS="528" VPOS="244" WIDTH="84" HEIGHT="28" WC="0.96" CONTENT="mycket"/><SP WIDTH="14" VPOS="244" HPOS="612"/>
							<String ID="string_19" HPOS="626" VPOS="244" WIDTH="95" HEIGHT="28" WC="0.95" CONTENT="göromål"/><SP WIDTH="17" VPOS="244" HPOS="721"/>
							<String ID="string_20" HPOS="738" VPOS="245" WIDTH="39" HEIGHT="21" WC="0.96" CONTENT="och"/><SP WIDTH="16" VPOS="245" HPOS="777"/>
							<String ID="string_21" HPOS="793" VPOS="245" WIDTH="35" HEIGHT="21" WC="0.96" CONTENT="det"/><SP WIDTH="15" VPOS="245" HPOS="828"/>
							<String ID="string_22" HPOS="843" VPOS="244" WIDTH="40" HEIGHT="22" WC="0.96" CONTENT="blir"/><SP WIDTH="14" VPOS="244" HPOS="883"/>
							<String ID="string_23" HPOS="897" VPOS="244" WIDTH="92" HEIGHT="28" WC="0.96" CONTENT="ogörligt"/>
						</TextLine>
						<TextLine ID="line_3" HPOS="163" VPOS="273" WIDTH="826" HEIGHT="28">
							<String ID="string_24" HPOS="163" VPOS="274" WIDTH="36" HEIGHT="21" WC="0.95" CONTENT="för"/><SP WIDTH="23" VPOS="274" HPOS="199"/>
							<String ID="string_25" HPOS="222" VPOS="279" WIDTH="34" HEIGHT="16" WC="0.94" CONTENT="oss"/><SP WIDTH="21" VPOS="279" HPOS="256"/>
							<String ID="string_26" HPOS="277" VPOS="275" WIDTH="33" HEIGHT="19" WC="0.95" CONTENT="att"/><SP WIDTH="21" VPOS="275" HPOS="310"/>
							<String ID="string_27" HPOS="331" VPOS="273" WIDTH="64" HEIGHT="21" WC="0.96" CONTENT="hinna"/><SP WIDTH="23" VPOS="273" HPOS="395"/>
							<String ID="string_28" HPOS="418" VPOS="274" WIDTH="48" HEIGHT="21" WC="0.96" CONTENT="med"/><SP WIDTH="24" VPOS="274" HPOS="466"/>
							<String ID="string_29" HPOS="490" VPOS="274" WIDTH="25" HEIGHT="21" WC="0.95" CONTENT="de"/><SP WIDTH="22" VPOS="274" HPOS="515"/>
							<String ID="string_30" HPOS="537" VPOS="274" WIDTH="76" HEIGHT="26" WC="0.95" CONTENT="många"/><SP WIDTH="22" VPOS="274" HPOS="613"/>
							<String ID="string_31" HPOS="635" VPOS="273" WIDTH="157" HEIGHT="28" WC="0.96" CONTENT="förrättningar,"/><SP WIDTH="22" VPOS="273" HPOS="792"/>
							<String ID="string_32" HPOS="814" VPOS="280" WIDTH="46" HEIGHT="15" WC="0.96" CONTENT="som"/><SP WIDTH="17" VPOS="280" HPOS="860"/>
							<String ID="string_33" HPOS="877" VPOS="280" WIDTH="30" HEIGHT="15" WC="0.96" CONTENT="nu"/><SP WIDTH="15" VPOS="280" HPOS="907"/>
							<String ID="string_34" HPOS="922" VPOS="273" WIDTH="67" HEIGHT="22" WC="0.96" CONTENT="skulle"/>
						</TextLine>
						<TextLine ID="line_4" HPOS="167" VPOS="302" WIDTH="822" HEIGHT="28">
							<String ID="string_35" HPOS="167" VPOS="302" WIDTH="85" HEIGHT="21" WC="0.96" CONTENT="komma"/><SP WIDTH="16" VPOS="302" HPOS="252"/>
							<String ID="string_36" HPOS="268" VPOS="302" WIDTH="37" HEIGHT="21" WC="0.92" CONTENT="till."/><SP WIDTH="31" VPOS="302" HPOS="305"/>
							<String ID="string_37" HPOS="336" VPOS="302" WIDTH="41" HEIGHT="21" WC="0.95" CONTENT="Det"/><SP WIDTH="16" VPOS="302" HPOS="377"/>
							<String ID="string_38" HPOS="393" VPOS="303" WIDTH="24" HEIGHT="20" WC="0.96" CONTENT="är"/><SP WIDTH="13" VPOS="303" HPOS="417"/>
							<String ID="string_39" HPOS="430" VPOS="302" WIDTH="23" HEIGHT="27" WC="0.96" CONTENT="ju"/><SP WIDTH="14" VPOS="302" HPOS="453"/>
							<String ID="string_40" HPOS="467" VPOS="302" WIDTH="88" HEIGHT="22" WC="0.93" CONTENT="alldeles"/><SP WIDTH="16" VPOS="302" HPOS="555"/>
							<String ID="string_41" HPOS="571" VPOS="302" WIDTH="92" HEIGHT="27" WC="0.91" CONTENT="kristligt"/><SP WIDTH="15" VPOS="302" HPOS="663"/>
							<String ID="string_42" HPOS="678" VPOS="302" WIDTH="22" HEIGHT="21" WC="0.96" CONTENT="af"/><SP WIDTH="14" VPOS="302" HPOS="700"/>
							<String ID="string_43" HPOS="714" VPOS="309" WIDTH="34" HEIGHT="16" WC="0.96" CONTENT="oss"/><SP WIDTH="16" VPOS="309" HPOS="748"/>
							<String ID="string_44" HPOS="764" VPOS="304" WIDTH="31" HEIGHT="20" WC="0.96" CONTENT="att"/><SP WIDTH="16" VPOS="304" HPOS="795"/>
							<String ID="string_45" HPOS="811" VPOS="302" WIDTH="18" HEIGHT="21" WC="0.96" CONTENT="vi"/><SP WIDTH="15" VPOS="302" HPOS="829"/>
							<String ID="string_46" HPOS="844" VPOS="303" WIDTH="27" HEIGHT="27" WC="0.96" CONTENT="gå"/><SP WIDTH="15" VPOS="303" HPOS="871"/>
							<String ID="string_47" HPOS="886" VPOS="303" WIDTH="27" HEIGHT="27" WC="0.93" CONTENT="på"/><SP WIDTH="15" VPOS="303" HPOS="913"/>
							<String ID="string_48" HPOS="928" VPOS="302" WIDTH="61" HEIGHT="22" WC="0.91" CONTENT="barn-"/>
						</TextLine>
						<TextLine ID="line_5" HPOS="164" VPOS="331" WIDTH="826" HEIGHT="27">
							<String ID="string_49" HPOS="164" VPOS="331" WIDTH="45" HEIGHT="27" WC="0.96" CONTENT="dop"/><SP WIDTH="23" VPOS="331" HPOS="209"/>
							<String ID="string_50" HPOS="232" VPOS="333" WIDTH="23" HEIGHT="19" WC="0.95" CONTENT="ut"/><SP WIDTH="21" VPOS="333" HPOS="255"/>
							<String ID="string_51" HPOS="276" VPOS="331" WIDTH="7" HEIGHT="21" WC="0.96" CONTENT="i"/><SP WIDTH="22" VPOS="331" HPOS="283"/>
							<String ID="string_52" HPOS="305" VPOS="331" WIDTH="84" HEIGHT="27" WC="0.96" CONTENT="socken,"/><SP WIDTH="23" VPOS="331" HPOS="389"/>
							<String ID="string_53" HPOS="412" VPOS="337" WIDTH="46" HEIGHT="15" WC="0.96" CONTENT="men"/><SP WIDTH="23" VPOS="337" HPOS="458"/>
							<String ID="string_54" HPOS="481" VPOS="338" WIDTH="28" HEIGHT="15" WC="0.95" CONTENT="nu"/><SP WIDTH="15" VPOS="338" HPOS="509"/>
							<String ID="string_55" HPOS="524" VPOS="331" WIDTH="69" HEIGHT="22" WC="0.91" CONTENT="skulle"/><SP WIDTH="15" VPOS="331" HPOS="593"/>
							<String ID="string_56" HPOS="608" VPOS="331" WIDTH="20" HEIGHT="21" WC="0.96" CONTENT="vi"/><SP WIDTH="14" VPOS="331" HPOS="628"/>
							<String ID="string_57" HPOS="642" VPOS="331" WIDTH="21" HEIGHT="22" WC="0.96" CONTENT="få"/><SP WIDTH="15" VPOS="331" HPOS="663"/>
							<String ID="string_58" HPOS="678" VPOS="331" WIDTH="44" HEIGHT="22" WC="0.96" CONTENT="fara"/><SP WIDTH="16" VPOS="331" HPOS="722"/>
							<String ID="string_59" HPOS="738" VPOS="332" WIDTH="26" HEIGHT="26" WC="0.96" CONTENT="på"/><SP WIDTH="16" VPOS="332" HPOS="764"/>
							<String ID="string_60" HPOS="780" VPOS="331" WIDTH="41" HEIGHT="22" WC="0.96" CONTENT="alla"/><SP WIDTH="16" VPOS="331" HPOS="821"/>
							<String ID="string_61" HPOS="837" VPOS="331" WIDTH="96" HEIGHT="22" WC="0.93" CONTENT="enskilda"/><SP WIDTH="14" VPOS="331" HPOS="933"/>
							<String ID="string_62" HPOS="947" VPOS="331" WIDTH="43" HEIGHT="22" WC="0.92" CONTENT="för-"/>
						</TextLine>
						<TextLine ID="line_6" HPOS="167" VPOS="359" WIDTH="823" HEIGHT="28">
							<String ID="string_63" HPOS="167" VPOS="360" WIDTH="123" HEIGHT="27" WC="0.90" CONTENT="rättningar."/><SP WIDTH="24" VPOS="360" HPOS="290"/>
							<String ID="string_64" HPOS="314" VPOS="360" WIDTH="40" HEIGHT="27" WC="0.96" CONTENT="Jag"/><SP WIDTH="15" VPOS="360" HPOS="354"/>
							<String ID="string_65" HPOS="369" VPOS="359" WIDTH="68" HEIGHT="22" WC="0.96" CONTENT="skulle"/><SP WIDTH="14" VPOS="359" HPOS="437"/>
							<String ID="string_66" HPOS="451" VPOS="360" WIDTH="78" HEIGHT="27" WC="0.92" CONTENT="därför,"/><SP WIDTH="10" VPOS="360" HPOS="529"/>
							<String ID="string_67" HPOS="539" VPOS="360" WIDTH="7" HEIGHT="21" WC="0.92" CONTENT="i"/><SP WIDTH="11" VPOS="360" HPOS="546"/>
							<String ID="string_68" HPOS="557" VPOS="360" WIDTH="67" HEIGHT="21" WC="0.96" CONTENT="likhet"/><SP WIDTH="10" VPOS="360" HPOS="624"/>
							<String ID="string_69" HPOS="634" VPOS="360" WIDTH="48" HEIGHT="22" WC="0.96" CONTENT="med"/><SP WIDTH="11" VPOS="360" HPOS="682"/>
							<String ID="string_70" HPOS="693" VPOS="360" WIDTH="146" HEIGHT="27" WC="0.90" CONTENT="kyrkoherden"/><SP WIDTH="12" VPOS="360" HPOS="839"/>
							<String ID="string_71" HPOS="851" VPOS="361" WIDTH="139" HEIGHT="21" WC="0.96" CONTENT="Fredriksson"/>
						</TextLine>
						<TextLine ID="line_7" HPOS="166" VPOS="388" WIDTH="824" HEIGHT="28">
							<String ID="string_72" HPOS="166" VPOS="389" WIDTH="40" HEIGHT="21" WC="0.96" CONTENT="och"/><SP WIDTH="23" VPOS="389" HPOS="206"/>
							<String ID="string_73" HPOS="229" VPOS="388" WIDTH="50" HEIGHT="23" WC="0.94" CONTENT="flere"/><SP WIDTH="16" VPOS="388" HPOS="279"/>
							<String ID="string_74" HPOS="295" VPOS="389" WIDTH="71" HEIGHT="26" WC="0.96" CONTENT="andre,"/><SP WIDTH="17" VPOS="389" HPOS="366"/>
							<String ID="string_75" HPOS="383" VPOS="388" WIDTH="77" HEIGHT="22" WC="0.96" CONTENT="föreslå"/><SP WIDTH="16" VPOS="388" HPOS="460"/>
							<String ID="string_76" HPOS="476" VPOS="389" WIDTH="35" HEIGHT="22" WC="0.96" CONTENT="det"/><SP WIDTH="16" VPOS="389" HPOS="511"/>
							<String ID="string_77" HPOS="527" VPOS="389" WIDTH="101" HEIGHT="27" WC="0.96" CONTENT="tillägget,"/><SP WIDTH="16" VPOS="389" HPOS="628"/>
							<String ID="string_78" HPOS="644" VPOS="390" WIDTH="33" HEIGHT="21" WC="0.96" CONTENT="att"/><SP WIDTH="15" VPOS="390" HPOS="677"/>
							<String ID="string_79" HPOS="692" VPOS="389" WIDTH="32" HEIGHT="22" WC="0.96" CONTENT="för"/><SP WIDTH="15" VPOS="389" HPOS="724"/>
							<String ID="string_80" HPOS="739" VPOS="389" WIDTH="79" HEIGHT="22" WC="0.96" CONTENT="sådana"/><SP WIDTH="14" VPOS="389" HPOS="818"/>
							<String ID="string_81" HPOS="832" VPOS="389" WIDTH="158" HEIGHT="27" WC="0.96" CONTENT="förrättningar,"/>
						</TextLine>
						<TextLine ID="line_8" HPOS="165" VPOS="417" WIDTH="825" HEIGHT="28">
							<String ID="string_82" HPOS="165" VPOS="423" WIDTH="47" HEIGHT="16" WC="0.96" CONTENT="som"/><SP WIDTH="16" VPOS="423" HPOS="212"/>
							<String ID="string_83" HPOS="228" VPOS="418" WIDTH="37" HEIGHT="21" WC="0.96" CONTENT="ske"/><SP WIDTH="14" VPOS="418" HPOS="265"/>
							<String ID="string_84" HPOS="279" VPOS="417" WIDTH="7" HEIGHT="21" WC="0.96" CONTENT="i"/><SP WIDTH="16" VPOS="417" HPOS="286"/>
							<String ID="string_85" HPOS="302" VPOS="417" WIDTH="67" HEIGHT="28" WC="0.96" CONTENT="kyrka"/><SP WIDTH="15" VPOS="417" HPOS="369"/>
							<String ID="string_86" HPOS="384" VPOS="417" WIDTH="51" HEIGHT="22" WC="0.96" CONTENT="eller"/><SP WIDTH="15" VPOS="417" HPOS="435"/>
							<String ID="string_87" HPOS="450" VPOS="418" WIDTH="56" HEIGHT="21" WC="0.96" CONTENT="invid"/><SP WIDTH="15" VPOS="418" HPOS="506"/>
							<String ID="string_88" HPOS="521" VPOS="418" WIDTH="67" HEIGHT="27" WC="0.96" CONTENT="kyrka"/><SP WIDTH="16" VPOS="418" HPOS="588"/>
							<String ID="string_89" HPOS="604" VPOS="418" WIDTH="51" HEIGHT="21" WC="0.96" CONTENT="eller"/><SP WIDTH="12" VPOS="418" HPOS="655"/>
							<String ID="string_90" HPOS="667" VPOS="418" WIDTH="6" HEIGHT="21" WC="0.93" CONTENT="i"/><SP WIDTH="12" VPOS="418" HPOS="673"/>
							<String ID="string_91" HPOS="685" VPOS="420" WIDTH="96" HEIGHT="25" WC="0.92" CONTENT="prestens"/><SP WIDTH="11" VPOS="420" HPOS="781"/>
							<String ID="string_92" HPOS="792" VPOS="419" WIDTH="48" HEIGHT="21" WC="0.96" CONTENT="hem"/><SP WIDTH="11" VPOS="419" HPOS="840"/>
							<String ID="string_93" HPOS="851" VPOS="418" WIDTH="68" HEIGHT="22" WC="0.96" CONTENT="skulle"/><SP WIDTH="10" VPOS="418" HPOS="919"/>
							<String ID="string_94" HPOS="929" VPOS="419" WIDTH="61" HEIGHT="26" WC="0.96" CONTENT="ingen"/>
						</TextLine>
						<TextLine ID="line_9" HPOS="166" VPOS="446" WIDTH="825" HEIGHT="27">
							<String ID="string_95" HPOS="166" VPOS="446" WIDTH="109" HEIGHT="27" WC="0.96" CONTENT="betalning"/><SP WIDTH="18" VPOS="446" HPOS="275"/>
							<String ID="string_96" HPOS="293" VPOS="448" WIDTH="66" HEIGHT="25" WC="0.95" CONTENT="tagas,"/><SP WIDTH="17" VPOS="448" HPOS="359"/>
							<String ID="string_97" HPOS="376" VPOS="449" WIDTH="51" HEIGHT="19" WC="0.96" CONTENT="utan"/><SP WIDTH="15" VPOS="449" HPOS="427"/>
							<String ID="string_98" HPOS="442" VPOS="446" WIDTH="145" HEIGHT="23" WC="0.96" CONTENT="inkomsterna"/><SP WIDTH="15" VPOS="446" HPOS="587"/>
							<String ID="string_99" HPOS="602" VPOS="446" WIDTH="33" HEIGHT="22" WC="0.96" CONTENT="för"/><SP WIDTH="15" VPOS="446" HPOS="635"/>
							<String ID="string_100" HPOS="650" VPOS="447" WIDTH="47" HEIGHT="21" WC="0.96" CONTENT="dem"/><SP WIDTH="16" VPOS="447" HPOS="697"/>
							<String ID="string_101" HPOS="713" VPOS="447" WIDTH="120" HEIGHT="22" WC="0.96" CONTENT="förvandlas"/><SP WIDTH="15" VPOS="447" HPOS="833"/>
							<String ID="string_102" HPOS="848" VPOS="447" WIDTH="54" HEIGHT="21" WC="0.96" CONTENT="efter"/><SP WIDTH="15" VPOS="447" HPOS="902"/>
							<String ID="string_103" HPOS="917" VPOS="446" WIDTH="74" HEIGHT="23" WC="0.96" CONTENT="värdet"/>
						</TextLine>
						<TextLine ID="line_10" HPOS="166" VPOS="475" WIDTH="825" HEIGHT="28">
							<String ID="string_104" HPOS="166" VPOS="475" WIDTH="24" HEIGHT="21" WC="0.96" CONTENT="af"/><SP WIDTH="14" VPOS="475" HPOS="190"/>
							<String ID="string_105" HPOS="204" VPOS="475" WIDTH="26" HEIGHT="22" WC="0.96" CONTENT="de"/><SP WIDTH="15" VPOS="475" HPOS="230"/>
							<String ID="string_106" HPOS="245" VPOS="477" WIDTH="83" HEIGHT="20" WC="0.96" CONTENT="senaste"/><SP WIDTH="15" VPOS="477" HPOS="328"/>
							<String ID="string_107" HPOS="343" VPOS="476" WIDTH="29" HEIGHT="21" WC="0.96" CONTENT="tio"/><SP WIDTH="16" VPOS="476" HPOS="372"/>
							<String ID="string_108" HPOS="388" VPOS="476" WIDTH="61" HEIGHT="25" WC="0.96" CONTENT="åren;"/><SP WIDTH="18" VPOS="476" HPOS="449"/>
							<String ID="string_109" HPOS="467" VPOS="482" WIDTH="47" HEIGHT="15" WC="0.96" CONTENT="men"/><SP WIDTH="15" VPOS="482" HPOS="514"/>
							<String ID="string_110" HPOS="529" VPOS="476" WIDTH="34" HEIGHT="21" WC="0.95" CONTENT="för"/><SP WIDTH="15" VPOS="476" HPOS="563"/>
							<String ID="string_111" HPOS="578" VPOS="475" WIDTH="42" HEIGHT="22" WC="0.96" CONTENT="alla"/><SP WIDTH="15" VPOS="475" HPOS="620"/>
							<String ID="string_112" HPOS="635" VPOS="476" WIDTH="79" HEIGHT="21" WC="0.96" CONTENT="sådana"/><SP WIDTH="16" VPOS="476" HPOS="714"/>
							<String ID="string_113" HPOS="730" VPOS="475" WIDTH="157" HEIGHT="27" WC="0.96" CONTENT="förrättningar,"/><SP WIDTH="16" VPOS="475" HPOS="887"/>
							<String ID="string_114" HPOS="903" VPOS="476" WIDTH="27" HEIGHT="21" WC="0.91" CONTENT="då"/><SP WIDTH="15" VPOS="476" HPOS="930"/>
							<String ID="string_115" HPOS="945" VPOS="481" WIDTH="46" HEIGHT="22" WC="0.90" CONTENT="pre-"/>
						</TextLine>
						<TextLine ID="line_11" HPOS="165" VPOS="503" WIDTH="826" HEIGHT="28">
							<String ID="string_116" HPOS="165" VPOS="506" WIDTH="49" HEIGHT="19" WC="0.96" CONTENT="sten"/><SP WIDTH="12" VPOS="506" HPOS="214"/>
							<String ID="string_117" HPOS="226" VPOS="504" WIDTH="67" HEIGHT="21" WC="0.96" CONTENT="kallas"/><SP WIDTH="16" VPOS="504" HPOS="293"/>
							<String ID="string_118" HPOS="309" VPOS="503" WIDTH="31" HEIGHT="22" WC="0.95" CONTENT="till"/><SP WIDTH="16" VPOS="503" HPOS="340"/>
							<String ID="string_119" HPOS="356" VPOS="504" WIDTH="99" HEIGHT="26" WC="0.96" CONTENT="hemmet,"/><SP WIDTH="16" VPOS="504" HPOS="455"/>
							<String ID="string_120" HPOS="471" VPOS="504" WIDTH="68" HEIGHT="22" WC="0.95" CONTENT="skulle"/><SP WIDTH="15" VPOS="504" HPOS="539"/>
							<String ID="string_121" HPOS="554" VPOS="504" WIDTH="36" HEIGHT="22" WC="0.96" CONTENT="det"/><SP WIDTH="16" VPOS="504" HPOS="590"/>
							<String ID="string_122" HPOS="606" VPOS="504" WIDTH="86" HEIGHT="22" WC="0.95" CONTENT="betalas."/><SP WIDTH="25" VPOS="504" HPOS="692"/>
							<String ID="string_123" HPOS="717" VPOS="504" WIDTH="41" HEIGHT="27" WC="0.96" CONTENT="Jag"/><SP WIDTH="14" VPOS="504" HPOS="758"/>
							<String ID="string_124" HPOS="772" VPOS="506" WIDTH="46" HEIGHT="20" WC="0.96" CONTENT="tror"/><SP WIDTH="15" VPOS="506" HPOS="818"/>
							<String ID="string_125" HPOS="833" VPOS="504" WIDTH="76" HEIGHT="22" WC="0.96" CONTENT="sådant"/><SP WIDTH="14" VPOS="504" HPOS="909"/>
							<String ID="string_126" HPOS="923" VPOS="504" WIDTH="68" HEIGHT="22" WC="0.96" CONTENT="skulle"/>
						</TextLine>
						<TextLine ID="line_12" HPOS="164" VPOS="532" WIDTH="828" HEIGHT="29">
							<String ID="string_127" HPOS="164" VPOS="532" WIDTH="105" HEIGHT="22" WC="0.93" CONTENT="förmedla"/><SP WIDTH="16" VPOS="532" HPOS="269"/>
							<String ID="string_128" HPOS="285" VPOS="532" WIDTH="140" HEIGHT="27" WC="0.91" CONTENT="öfvergången"/><SP WIDTH="16" VPOS="532" HPOS="425"/>
							<String ID="string_129" HPOS="441" VPOS="532" WIDTH="46" HEIGHT="22" WC="0.96" CONTENT="från"/><SP WIDTH="17" VPOS="532" HPOS="487"/>
							<String ID="string_130" HPOS="504" VPOS="533" WIDTH="35" HEIGHT="22" WC="0.96" CONTENT="det"/><SP WIDTH="12" VPOS="533" HPOS="539"/>
							<String ID="string_131" HPOS="551" VPOS="533" WIDTH="69" HEIGHT="28" WC="0.96" CONTENT="gamla"/><SP WIDTH="12" VPOS="533" HPOS="620"/>
							<String ID="string_132" HPOS="632" VPOS="535" WIDTH="101" HEIGHT="25" WC="0.96" CONTENT="systemet"/><SP WIDTH="10" VPOS="535" HPOS="733"/>
							<String ID="string_133" HPOS="743" VPOS="533" WIDTH="32" HEIGHT="21" WC="0.96" CONTENT="till"/><SP WIDTH="11" VPOS="533" HPOS="775"/>
							<String ID="string_134" HPOS="786" VPOS="533" WIDTH="64" HEIGHT="26" WC="0.96" CONTENT="detta,"/><SP WIDTH="13" VPOS="533" HPOS="850"/>
							<String ID="string_135" HPOS="863" VPOS="533" WIDTH="129" HEIGHT="22" WC="0.96" CONTENT="åtminstone"/>
						</TextLine>
						<TextLine ID="line_13" HPOS="168" VPOS="561" WIDTH="824" HEIGHT="28">
							<String ID="string_136" HPOS="168" VPOS="561" WIDTH="68" HEIGHT="22" WC="0.96" CONTENT="skulle"/><SP WIDTH="22" VPOS="561" HPOS="236"/>
							<String ID="string_137" HPOS="258" VPOS="562" WIDTH="36" HEIGHT="21" WC="0.96" CONTENT="det"/><SP WIDTH="23" VPOS="562" HPOS="294"/>
							<String ID="string_138" HPOS="317" VPOS="561" WIDTH="62" HEIGHT="22" WC="0.96" CONTENT="hafva"/><SP WIDTH="22" VPOS="561" HPOS="379"/>
							<String ID="string_139" HPOS="401" VPOS="562" WIDTH="40" HEIGHT="21" WC="0.96" CONTENT="den"/><SP WIDTH="16" VPOS="562" HPOS="441"/>
							<String ID="string_140" HPOS="457" VPOS="564" WIDTH="80" HEIGHT="25" WC="0.96" CONTENT="nyttan,"/><SP WIDTH="17" VPOS="564" HPOS="537"/>
							<String ID="string_141" HPOS="554" VPOS="564" WIDTH="32" HEIGHT="20" WC="0.96" CONTENT="att"/><SP WIDTH="16" VPOS="564" HPOS="586"/>
							<String ID="string_142" HPOS="602" VPOS="561" WIDTH="19" HEIGHT="22" WC="0.96" CONTENT="vi"/><SP WIDTH="16" VPOS="561" HPOS="621"/>
							<String ID="string_143" HPOS="637" VPOS="562" WIDTH="19" HEIGHT="27" WC="0.96" CONTENT="ej"/><SP WIDTH="16" VPOS="562" HPOS="656"/>
							<String ID="string_144" HPOS="672" VPOS="561" WIDTH="68" HEIGHT="22" WC="0.93" CONTENT="skulle"/><SP WIDTH="16" VPOS="561" HPOS="740"/>
							<String ID="string_145" HPOS="756" VPOS="562" WIDTH="125" HEIGHT="27" WC="0.91" CONTENT="öfverhopas"/><SP WIDTH="16" VPOS="562" HPOS="881"/>
							<String ID="string_146" HPOS="897" VPOS="562" WIDTH="47" HEIGHT="21" WC="0.96" CONTENT="med"/><SP WIDTH="15" VPOS="562" HPOS="944"/>
							<String ID="string_147" HPOS="959" VPOS="562" WIDTH="33" HEIGHT="21" WC="0.96" CONTENT="för"/>
						</TextLine>
						<TextLine ID="line_14" HPOS="167" VPOS="591" WIDTH="176" HEIGHT="27">
							<String ID="string_148" HPOS="167" VPOS="591" WIDTH="84" HEIGHT="27" WC="0.95" CONTENT="mycket"/><SP WIDTH="15" VPOS="591" HPOS="251"/>
							<String ID="string_149" HPOS="266" VPOS="591" WIDTH="77" HEIGHT="21" WC="0.96" CONTENT="arbete."/>
						</TextLine>
					</TextBlock>
				</ComposedBlock>
				<ComposedBlock ID="cblock_3" HPOS="164" VPOS="648" WIDTH="830" HEIGHT="574">
					<TextBlock ID="block_2" HPOS="164" VPOS="648" WIDTH="830" HEIGHT="574">
						<TextLine ID="line_15" HPOS="236" VPOS="648" WIDTH="756" HEIGHT="28">
							<String ID="string_150" HPOS="236" VPOS="649" WIDTH="83" HEIGHT="21" WC="0.93" CONTENT="Doktor"/><SP WIDTH="22" VPOS="649" HPOS="319"/>
							<String ID="string_151" HPOS="341" VPOS="648" WIDTH="149" HEIGHT="27" WC="0.90" CONTENT="Hornborg:"/><SP WIDTH="31" VPOS="648" HPOS="490"/>
							<String ID="string_152" HPOS="521" VPOS="648" WIDTH="70" HEIGHT="22" WC="0.93" CONTENT="Också"/><SP WIDTH="19" VPOS="648" HPOS="591"/>
							<String ID="string_153" HPOS="610" VPOS="648" WIDTH="37" HEIGHT="27" WC="0.96" CONTENT="jag"/><SP WIDTH="22" VPOS="648" HPOS="647"/>
							<String ID="string_154" HPOS="669" VPOS="648" WIDTH="85" HEIGHT="22" WC="0.96" CONTENT="förenar"/><SP WIDTH="22" VPOS="648" HPOS="754"/>
							<String ID="string_155" HPOS="776" VPOS="650" WIDTH="41" HEIGHT="26" WC="0.96" CONTENT="mig"/><SP WIDTH="15" VPOS="650" HPOS="817"/>
							<String ID="string_156" HPOS="832" VPOS="649" WIDTH="48" HEIGHT="22" WC="0.96" CONTENT="med"/><SP WIDTH="16" VPOS="649" HPOS="880"/>
							<String ID="string_157" HPOS="896" VPOS="649" WIDTH="26" HEIGHT="21" WC="0.92" CONTENT="de"/><SP WIDTH="14" VPOS="649" HPOS="922"/>
							<String ID="string_158" HPOS="936" VPOS="649" WIDTH="56" HEIGHT="21" WC="0.92" CONTENT="före-"/>
						</TextLine>
						<TextLine ID="line_16" HPOS="168" VPOS="677" WIDTH="825" HEIGHT="28">
							<String ID="string_159" HPOS="168" VPOS="678" WIDTH="81" HEIGHT="27" WC="0.93" CONTENT="gående"/><SP WIDTH="22" VPOS="678" HPOS="249"/>
							<String ID="string_160" HPOS="271" VPOS="678" WIDTH="80" HEIGHT="21" WC="0.91" CONTENT="talarne"/><SP WIDTH="16" VPOS="678" HPOS="351"/>
							<String ID="string_161" HPOS="367" VPOS="678" WIDTH="39" HEIGHT="21" WC="0.96" CONTENT="och"/><SP WIDTH="15" VPOS="678" HPOS="406"/>
							<String ID="string_162" HPOS="421" VPOS="684" WIDTH="68" HEIGHT="19" WC="0.96" CONTENT="anser,"/><SP WIDTH="16" VPOS="684" HPOS="489"/>
							<String ID="string_163" HPOS="505" VPOS="680" WIDTH="33" HEIGHT="18" WC="0.96" CONTENT="att"/><SP WIDTH="16" VPOS="680" HPOS="538"/>
							<String ID="string_164" HPOS="554" VPOS="678" WIDTH="68" HEIGHT="20" WC="0.96" CONTENT="denna"/><SP WIDTH="15" VPOS="678" HPOS="622"/>
							<String ID="string_165" HPOS="637" VPOS="677" WIDTH="99" HEIGHT="27" WC="0.95" CONTENT="paragraf"/><SP WIDTH="14" VPOS="677" HPOS="736"/>
							<String ID="string_166" HPOS="750" VPOS="678" WIDTH="71" HEIGHT="21" WC="0.96" CONTENT="kunde"/><SP WIDTH="14" VPOS="678" HPOS="821"/>
							<String ID="string_167" HPOS="835" VPOS="678" WIDTH="20" HEIGHT="21" WC="0.96" CONTENT="få"/><SP WIDTH="16" VPOS="678" HPOS="855"/>
							<String ID="string_168" HPOS="871" VPOS="684" WIDTH="26" HEIGHT="14" WC="0.96" CONTENT="en"/><SP WIDTH="16" VPOS="684" HPOS="897"/>
							<String ID="string_169" HPOS="913" VPOS="678" WIDTH="80" HEIGHT="26" WC="0.96" CONTENT="ganska"/>
						</TextLine>
						<TextLine ID="line_17" HPOS="168" VPOS="706" WIDTH="825" HEIGHT="28">
							<String ID="string_170" HPOS="168" VPOS="706" WIDTH="42" HEIGHT="28" WC="0.89" CONTENT="god"/><SP WIDTH="25" VPOS="706" HPOS="210"/>
							<String ID="string_171" HPOS="235" VPOS="713" WIDTH="50" HEIGHT="15" WC="0.89" CONTENT="usus"/><SP WIDTH="22" VPOS="713" HPOS="285"/>
							<String ID="string_172" HPOS="307" VPOS="706" WIDTH="104" HEIGHT="28" WC="0.92" CONTENT="practicus"/><SP WIDTH="22" VPOS="706" HPOS="411"/>
							<String ID="string_173" HPOS="433" VPOS="706" WIDTH="54" HEIGHT="22" WC="0.96" CONTENT="blott"/><SP WIDTH="22" VPOS="706" HPOS="487"/>
							<String ID="string_174" HPOS="509" VPOS="706" WIDTH="36" HEIGHT="22" WC="0.93" CONTENT="det"/><SP WIDTH="19" VPOS="706" HPOS="545"/>
							<String ID="string_175" HPOS="564" VPOS="706" WIDTH="96" HEIGHT="26" WC="0.92" CONTENT="tillägges"/><SP WIDTH="23" VPOS="706" HPOS="660"/>
							<String ID="string_176" HPOS="683" VPOS="709" WIDTH="32" HEIGHT="18" WC="0.96" CONTENT="att"/><SP WIDTH="19" VPOS="709" HPOS="715"/>
							<String ID="string_177" HPOS="734" VPOS="706" WIDTH="117" HEIGHT="27" WC="0.96" CONTENT="ersättning"/><SP WIDTH="15" VPOS="706" HPOS="851"/>
							<String ID="string_178" HPOS="866" VPOS="706" WIDTH="33" HEIGHT="22" WC="0.96" CONTENT="för"/><SP WIDTH="15" VPOS="706" HPOS="899"/>
							<String ID="string_179" HPOS="914" VPOS="706" WIDTH="79" HEIGHT="22" WC="0.96" CONTENT="sådana"/>
						</TextLine>
						<TextLine ID="line_18" HPOS="168" VPOS="734" WIDTH="825" HEIGHT="28">
							<String ID="string_180" HPOS="168" VPOS="736" WIDTH="157" HEIGHT="26" WC="0.96" CONTENT="förrättningar,"/><SP WIDTH="16" VPOS="736" HPOS="325"/>
							<String ID="string_181" HPOS="341" VPOS="735" WIDTH="32" HEIGHT="21" WC="0.96" CONTENT="för"/><SP WIDTH="15" VPOS="735" HPOS="373"/>
							<String ID="string_182" HPOS="388" VPOS="735" WIDTH="72" HEIGHT="21" WC="0.95" CONTENT="hvilka"/><SP WIDTH="15" VPOS="735" HPOS="460"/>
							<String ID="string_183" HPOS="475" VPOS="741" WIDTH="48" HEIGHT="15" WC="0.96" CONTENT="man"/><SP WIDTH="16" VPOS="741" HPOS="523"/>
							<String ID="string_184" HPOS="539" VPOS="735" WIDTH="67" HEIGHT="21" WC="0.93" CONTENT="måste"/><SP WIDTH="15" VPOS="735" HPOS="606"/>
							<String ID="string_185" HPOS="621" VPOS="734" WIDTH="115" HEIGHT="22" WC="0.91" CONTENT="värkställa"/><SP WIDTH="16" VPOS="734" HPOS="736"/>
							<String ID="string_186" HPOS="752" VPOS="741" WIDTH="24" HEIGHT="15" WC="0.96" CONTENT="en"/><SP WIDTH="13" VPOS="741" HPOS="776"/>
							<String ID="string_187" HPOS="789" VPOS="741" WIDTH="53" HEIGHT="17" WC="0.96" CONTENT="resa,"/><SP WIDTH="13" VPOS="741" HPOS="842"/>
							<String ID="string_188" HPOS="855" VPOS="736" WIDTH="96" HEIGHT="21" WC="0.96" CONTENT="kommer"/><SP WIDTH="10" VPOS="736" HPOS="951"/>
							<String ID="string_189" HPOS="961" VPOS="738" WIDTH="32" HEIGHT="18" WC="0.96" CONTENT="att"/>
						</TextLine>
						<TextLine ID="line_19" HPOS="167" VPOS="762" WIDTH="826" HEIGHT="28">
							<String ID="string_190" HPOS="167" VPOS="764" WIDTH="97" HEIGHT="25" WC="0.91" CONTENT="utfästas,"/><SP WIDTH="23" VPOS="764" HPOS="264"/>
							<String ID="string_191" HPOS="287" VPOS="763" WIDTH="126" HEIGHT="27" WC="0.96" CONTENT="exempelvis"/><SP WIDTH="22" VPOS="763" HPOS="413"/>
							<String ID="string_192" HPOS="435" VPOS="766" WIDTH="33" HEIGHT="18" WC="0.96" CONTENT="tre"/><SP WIDTH="24" VPOS="766" HPOS="468"/>
							<String ID="string_193" HPOS="492" VPOS="764" WIDTH="67" HEIGHT="25" WC="0.96" CONTENT="mark,"/><SP WIDTH="24" VPOS="764" HPOS="559"/>
							<String ID="string_194" HPOS="583" VPOS="763" WIDTH="51" HEIGHT="21" WC="0.96" CONTENT="eller"/><SP WIDTH="23" VPOS="763" HPOS="634"/>
							<String ID="string_195" HPOS="657" VPOS="765" WIDTH="31" HEIGHT="19" WC="0.96" CONTENT="ett"/><SP WIDTH="22" VPOS="765" HPOS="688"/>
							<String ID="string_196" HPOS="710" VPOS="763" WIDTH="76" HEIGHT="22" WC="0.96" CONTENT="sådant"/><SP WIDTH="23" VPOS="763" HPOS="786"/>
							<String ID="string_197" HPOS="809" VPOS="762" WIDTH="81" HEIGHT="28" WC="0.96" CONTENT="belopp,"/><SP WIDTH="20" VPOS="762" HPOS="890"/>
							<String ID="string_198" HPOS="910" VPOS="766" WIDTH="32" HEIGHT="18" WC="0.96" CONTENT="att"/><SP WIDTH="15" VPOS="766" HPOS="942"/>
							<String ID="string_199" HPOS="957" VPOS="764" WIDTH="36" HEIGHT="21" WC="0.96" CONTENT="det"/>
						</TextLine>
						<TextLine ID="line_20" HPOS="164" VPOS="792" WIDTH="829" HEIGHT="28">
							<String ID="string_200" HPOS="164" VPOS="792" WIDTH="73" HEIGHT="22" WC="0.60" CONTENT="-skulle"/><SP WIDTH="18" VPOS="792" HPOS="237"/>
							<String ID="string_201" HPOS="255" VPOS="792" WIDTH="114" HEIGHT="28" WC="0.96" CONTENT="förebygga"/><SP WIDTH="16" VPOS="792" HPOS="369"/>
							<String ID="string_202" HPOS="385" VPOS="792" WIDTH="40" HEIGHT="22" WC="0.93" CONTENT="den"/><SP WIDTH="16" VPOS="792" HPOS="425"/>
							<String ID="string_203" HPOS="441" VPOS="792" WIDTH="56" HEIGHT="25" WC="0.91" CONTENT="osed,"/><SP WIDTH="16" VPOS="792" HPOS="497"/>
							<String ID="string_204" HPOS="513" VPOS="798" WIDTH="45" HEIGHT="15" WC="0.96" CONTENT="som"/><SP WIDTH="13" VPOS="798" HPOS="558"/>
							<String ID="string_205" HPOS="571" VPOS="792" WIDTH="37" HEIGHT="27" WC="0.96" CONTENT="jag"/><SP WIDTH="15" VPOS="792" HPOS="608"/>
							<String ID="string_206" HPOS="623" VPOS="792" WIDTH="71" HEIGHT="21" WC="0.96" CONTENT="säkert"/><SP WIDTH="16" VPOS="792" HPOS="694"/>
							<String ID="string_207" HPOS="710" VPOS="792" WIDTH="107" HEIGHT="22" WC="0.93" CONTENT="förmodar"/><SP WIDTH="16" VPOS="792" HPOS="817"/>
							<String ID="string_208" HPOS="833" VPOS="792" WIDTH="67" HEIGHT="22" WC="0.92" CONTENT="blefve"/><SP WIDTH="15" VPOS="792" HPOS="900"/>
							<String ID="string_209" HPOS="915" VPOS="792" WIDTH="78" HEIGHT="27" WC="0.96" CONTENT="följden"/>
						</TextLine>
						<TextLine ID="line_21" HPOS="164" VPOS="820" WIDTH="829" HEIGHT="28">
							<String ID="string_210" HPOS="164" VPOS="822" WIDTH="28" HEIGHT="20" WC="0.95" CONTENT="af"/><SP WIDTH="15" VPOS="822" HPOS="192"/>
							<String ID="string_211" HPOS="207" VPOS="821" WIDTH="68" HEIGHT="22" WC="0.93" CONTENT="denna"/><SP WIDTH="15" VPOS="821" HPOS="275"/>
							<String ID="string_212" HPOS="290" VPOS="820" WIDTH="108" HEIGHT="28" WC="0.92" CONTENT="paragrafs"/><SP WIDTH="15" VPOS="820" HPOS="398"/>
							<String ID="string_213" HPOS="413" VPOS="820" WIDTH="141" HEIGHT="22" WC="0.96" CONTENT="oförändrade"/><SP WIDTH="14" VPOS="820" HPOS="554"/>
							<String ID="string_214" HPOS="568" VPOS="821" WIDTH="160" HEIGHT="27" WC="0.96" CONTENT="godkännande,"/><SP WIDTH="11" VPOS="821" HPOS="728"/>
							<String ID="string_215" HPOS="739" VPOS="820" WIDTH="105" HEIGHT="28" WC="0.96" CONTENT="nämligen"/><SP WIDTH="10" VPOS="820" HPOS="844"/>
							<String ID="string_216" HPOS="854" VPOS="823" WIDTH="33" HEIGHT="19" WC="0.96" CONTENT="att"/><SP WIDTH="10" VPOS="823" HPOS="887"/>
							<String ID="string_217" HPOS="897" VPOS="822" WIDTH="96" HEIGHT="26" WC="0.95" CONTENT="mången,"/>
						</TextLine>
						<TextLine ID="line_22" HPOS="168" VPOS="848" WIDTH="826" HEIGHT="28">
							<String ID="string_218" HPOS="168" VPOS="857" WIDTH="46" HEIGHT="15" WC="0.96" CONTENT="som"/><SP WIDTH="23" VPOS="857" HPOS="214"/>
							<String ID="string_219" HPOS="237" VPOS="850" WIDTH="54" HEIGHT="21" WC="0.95" CONTENT="skall"/><SP WIDTH="21" VPOS="850" HPOS="291"/>
							<String ID="string_220" HPOS="312" VPOS="850" WIDTH="63" HEIGHT="21" WC="0.96" CONTENT="hafva"/><SP WIDTH="20" VPOS="850" HPOS="375"/>
							<String ID="string_221" HPOS="395" VPOS="851" WIDTH="31" HEIGHT="19" WC="0.96" CONTENT="ett"/><SP WIDTH="23" VPOS="851" HPOS="426"/>
							<String ID="string_222" HPOS="449" VPOS="849" WIDTH="52" HEIGHT="22" WC="0.95" CONTENT="barn"/><SP WIDTH="23" VPOS="849" HPOS="501"/>
							<String ID="string_223" HPOS="524" VPOS="849" WIDTH="32" HEIGHT="21" WC="0.95" CONTENT="till"/><SP WIDTH="23" VPOS="849" HPOS="556"/>
							<String ID="string_224" HPOS="579" VPOS="850" WIDTH="47" HEIGHT="26" WC="0.96" CONTENT="dop,"/><SP WIDTH="22" VPOS="850" HPOS="626"/>
							<String ID="string_225" HPOS="648" VPOS="848" WIDTH="67" HEIGHT="23" WC="0.96" CONTENT="hällre"/><SP WIDTH="22" VPOS="848" HPOS="715"/>
							<String ID="string_226" HPOS="737" VPOS="849" WIDTH="84" HEIGHT="22" WC="0.96" CONTENT="skickar"/><SP WIDTH="16" VPOS="849" HPOS="821"/>
							<String ID="string_227" HPOS="837" VPOS="856" WIDTH="25" HEIGHT="15" WC="0.97" CONTENT="en"/><SP WIDTH="15" VPOS="856" HPOS="862"/>
							<String ID="string_228" HPOS="877" VPOS="850" WIDTH="49" HEIGHT="21" WC="0.96" CONTENT="häst"/><SP WIDTH="14" VPOS="850" HPOS="926"/>
							<String ID="string_229" HPOS="940" VPOS="850" WIDTH="54" HEIGHT="21" WC="0.96" CONTENT="efter"/>
						</TextLine>
						<TextLine ID="line_23" HPOS="168" VPOS="878" WIDTH="826" HEIGHT="29">
							<String ID="string_230" HPOS="168" VPOS="880" WIDTH="94" HEIGHT="27" WC="0.91" CONTENT="presten,"/><SP WIDTH="23" VPOS="880" HPOS="262"/>
							<String ID="string_231" HPOS="285" VPOS="881" WIDTH="27" HEIGHT="19" WC="0.96" CONTENT="än"/><SP WIDTH="23" VPOS="881" HPOS="312"/>
							<String ID="string_232" HPOS="335" VPOS="879" WIDTH="41" HEIGHT="21" WC="0.95" CONTENT="han"/><SP WIDTH="23" VPOS="879" HPOS="376"/>
							<String ID="string_233" HPOS="399" VPOS="878" WIDTH="100" HEIGHT="22" WC="0.95" CONTENT="bekostar"/><SP WIDTH="23" VPOS="878" HPOS="499"/>
							<String ID="string_234" HPOS="522" VPOS="879" WIDTH="36" HEIGHT="21" WC="0.95" CONTENT="två"/><SP WIDTH="22" VPOS="879" HPOS="558"/>
							<String ID="string_235" HPOS="580" VPOS="878" WIDTH="74" HEIGHT="22" WC="0.96" CONTENT="hästar"/><SP WIDTH="22" VPOS="878" HPOS="654"/>
							<String ID="string_236" HPOS="676" VPOS="878" WIDTH="32" HEIGHT="21" WC="0.93" CONTENT="för"/><SP WIDTH="14" VPOS="878" HPOS="708"/>
							<String ID="string_237" HPOS="722" VPOS="878" WIDTH="119" HEIGHT="22" WC="0.92" CONTENT="faddrarne."/><SP WIDTH="30" VPOS="878" HPOS="841"/>
							<String ID="string_238" HPOS="871" VPOS="879" WIDTH="42" HEIGHT="21" WC="0.96" CONTENT="Det"/><SP WIDTH="16" VPOS="879" HPOS="913"/>
							<String ID="string_239" HPOS="929" VPOS="880" WIDTH="24" HEIGHT="20" WC="0.96" CONTENT="är"/><SP WIDTH="15" VPOS="880" HPOS="953"/>
							<String ID="string_240" HPOS="968" VPOS="885" WIDTH="26" HEIGHT="15" WC="0.95" CONTENT="en"/>
						</TextLine>
						<TextLine ID="line_24" HPOS="169" VPOS="906" WIDTH="824" HEIGHT="28">
							<String ID="string_241" HPOS="169" VPOS="908" WIDTH="69" HEIGHT="26" WC="0.92" CONTENT="gifven"/><SP WIDTH="21" VPOS="908" HPOS="238"/>
							<String ID="string_242" HPOS="259" VPOS="908" WIDTH="44" HEIGHT="26" WC="0.96" CONTENT="sak,"/><SP WIDTH="18" VPOS="908" HPOS="303"/>
							<String ID="string_243" HPOS="321" VPOS="910" WIDTH="33" HEIGHT="18" WC="0.95" CONTENT="att"/><SP WIDTH="15" VPOS="910" HPOS="354"/>
							<String ID="string_244" HPOS="369" VPOS="907" WIDTH="7" HEIGHT="20" WC="0.93" CONTENT="i"/><SP WIDTH="16" VPOS="907" HPOS="376"/>
							<String ID="string_245" HPOS="392" VPOS="907" WIDTH="140" HEIGHT="21" WC="0.91" CONTENT="vidsträktare"/><SP WIDTH="15" VPOS="907" HPOS="532"/>
							<String ID="string_246" HPOS="547" VPOS="906" WIDTH="153" HEIGHT="27" WC="0.96" CONTENT="församlingar,"/><SP WIDTH="17" VPOS="906" HPOS="700"/>
							<String ID="string_247" HPOS="717" VPOS="907" WIDTH="39" HEIGHT="21" WC="0.96" CONTENT="där"/><SP WIDTH="15" VPOS="907" HPOS="756"/>
							<String ID="string_248" HPOS="771" VPOS="907" WIDTH="131" HEIGHT="22" WC="0.96" CONTENT="distanserna"/><SP WIDTH="15" VPOS="907" HPOS="902"/>
							<String ID="string_249" HPOS="917" VPOS="909" WIDTH="76" HEIGHT="25" WC="0.96" CONTENT="utgöra"/>
						</TextLine>
						<TextLine ID="line_25" HPOS="168" VPOS="935" WIDTH="826" HEIGHT="28">
							<String ID="string_250" HPOS="168" VPOS="936" WIDTH="52" HEIGHT="22" WC="0.96" CONTENT="flere"/><SP WIDTH="15" VPOS="936" HPOS="220"/>
							<String ID="string_251" HPOS="235" VPOS="936" WIDTH="43" HEIGHT="27" WC="0.93" CONTENT="mil,"/><SP WIDTH="16" VPOS="936" HPOS="278"/>
							<String ID="string_252" HPOS="294" VPOS="938" WIDTH="85" HEIGHT="25" WC="0.91" CONTENT="presten"/><SP WIDTH="12" VPOS="938" HPOS="379"/>
							<String ID="string_253" HPOS="391" VPOS="935" WIDTH="67" HEIGHT="22" WC="0.95" CONTENT="skulle"/><SP WIDTH="15" VPOS="935" HPOS="458"/>
							<String ID="string_254" HPOS="473" VPOS="935" WIDTH="21" HEIGHT="22" WC="0.96" CONTENT="få"/><SP WIDTH="15" VPOS="935" HPOS="494"/>
							<String ID="string_255" HPOS="509" VPOS="935" WIDTH="53" HEIGHT="22" WC="0.95" CONTENT="ifrån"/><SP WIDTH="15" VPOS="935" HPOS="562"/>
							<String ID="string_256" HPOS="577" VPOS="941" WIDTH="87" HEIGHT="22" WC="0.95" CONTENT="morgon"/><SP WIDTH="16" VPOS="941" HPOS="664"/>
							<String ID="string_257" HPOS="680" VPOS="935" WIDTH="33" HEIGHT="22" WC="0.96" CONTENT="till"/><SP WIDTH="15" VPOS="935" HPOS="713"/>
							<String ID="string_258" HPOS="728" VPOS="935" WIDTH="57" HEIGHT="22" WC="0.96" CONTENT="kväll"/><SP WIDTH="12" VPOS="935" HPOS="785"/>
							<String ID="string_259" HPOS="797" VPOS="942" WIDTH="46" HEIGHT="15" WC="0.95" CONTENT="resa"/><SP WIDTH="15" VPOS="942" HPOS="843"/>
							<String ID="string_260" HPOS="858" VPOS="937" WIDTH="27" HEIGHT="26" WC="0.96" CONTENT="på"/><SP WIDTH="10" VPOS="937" HPOS="885"/>
							<String ID="string_261" HPOS="895" VPOS="936" WIDTH="99" HEIGHT="25" WC="0.96" CONTENT="socknen,"/>
						</TextLine>
						<TextLine ID="line_26" HPOS="169" VPOS="964" WIDTH="824" HEIGHT="27">
							<String ID="string_262" HPOS="169" VPOS="965" WIDTH="41" HEIGHT="21" WC="0.96" CONTENT="och"/><SP WIDTH="23" VPOS="965" HPOS="210"/>
							<String ID="string_263" HPOS="233" VPOS="965" WIDTH="41" HEIGHT="22" WC="0.96" CONTENT="alla"/><SP WIDTH="21" VPOS="965" HPOS="274"/>
							<String ID="string_264" HPOS="295" VPOS="965" WIDTH="66" HEIGHT="26" WC="0.95" CONTENT="öfriga"/><SP WIDTH="22" VPOS="965" HPOS="361"/>
							<String ID="string_265" HPOS="383" VPOS="966" WIDTH="58" HEIGHT="20" WC="0.96" CONTENT="utom"/><SP WIDTH="22" VPOS="966" HPOS="441"/>
							<String ID="string_266" HPOS="463" VPOS="965" WIDTH="47" HEIGHT="26" WC="0.96" CONTENT="den,"/><SP WIDTH="23" VPOS="965" HPOS="510"/>
							<String ID="string_267" HPOS="533" VPOS="971" WIDTH="44" HEIGHT="15" WC="0.96" CONTENT="som"/><SP WIDTH="24" VPOS="971" HPOS="577"/>
							<String ID="string_268" HPOS="601" VPOS="965" WIDTH="27" HEIGHT="20" WC="0.96" CONTENT="då"/><SP WIDTH="22" VPOS="965" HPOS="628"/>
							<String ID="string_269" HPOS="650" VPOS="964" WIDTH="77" HEIGHT="21" WC="0.96" CONTENT="anlitar"/><SP WIDTH="20" VPOS="964" HPOS="727"/>
							<String ID="string_270" HPOS="747" VPOS="965" WIDTH="78" HEIGHT="21" WC="0.96" CONTENT="honom"/><SP WIDTH="22" VPOS="965" HPOS="825"/>
							<String ID="string_271" HPOS="847" VPOS="964" WIDTH="32" HEIGHT="22" WC="0.92" CONTENT="för"/><SP WIDTH="16" VPOS="964" HPOS="879"/>
							<String ID="string_272" HPOS="895" VPOS="964" WIDTH="98" HEIGHT="26" WC="0.96" CONTENT="tillfället,"/>
						</TextLine>
						<TextLine ID="line_27" HPOS="169" VPOS="992" WIDTH="825" HEIGHT="28">
							<String ID="string_273" HPOS="169" VPOS="993" WIDTH="67" HEIGHT="22" WC="0.93" CONTENT="skulle"/><SP WIDTH="16" VPOS="993" HPOS="236"/>
							<String ID="string_274" HPOS="252" VPOS="993" WIDTH="103" HEIGHT="27" WC="0.91" CONTENT="förgäfves"/><SP WIDTH="16" VPOS="993" HPOS="355"/>
							<String ID="string_275" HPOS="371" VPOS="993" WIDTH="52" HEIGHT="22" WC="0.96" CONTENT="söka"/><SP WIDTH="15" VPOS="993" HPOS="423"/>
							<String ID="string_276" HPOS="438" VPOS="993" WIDTH="77" HEIGHT="22" WC="0.96" CONTENT="honom"/><SP WIDTH="16" VPOS="993" HPOS="515"/>
							<String ID="string_277" HPOS="531" VPOS="993" WIDTH="84" HEIGHT="22" WC="0.96" CONTENT="hemma"/><SP WIDTH="14" VPOS="993" HPOS="615"/>
							<String ID="string_278" HPOS="629" VPOS="993" WIDTH="7" HEIGHT="21" WC="0.96" CONTENT="i"/><SP WIDTH="15" VPOS="993" HPOS="636"/>
							<String ID="string_279" HPOS="651" VPOS="992" WIDTH="53" HEIGHT="22" WC="0.93" CONTENT="hans"/><SP WIDTH="14" VPOS="992" HPOS="704"/>
							<String ID="string_280" HPOS="718" VPOS="993" WIDTH="117" HEIGHT="27" WC="0.91" CONTENT="prestgård."/><SP WIDTH="31" VPOS="993" HPOS="835"/>
							<String ID="string_281" HPOS="866" VPOS="993" WIDTH="40" HEIGHT="27" WC="0.92" CONTENT="Jag"/><SP WIDTH="15" VPOS="993" HPOS="906"/>
							<String ID="string_282" HPOS="921" VPOS="993" WIDTH="73" HEIGHT="22" WC="0.92" CONTENT="behöf-"/>
						</TextLine>
						<TextLine ID="line_28" HPOS="170" VPOS="1021" WIDTH="824" HEIGHT="28">
							<String ID="string_283" HPOS="170" VPOS="1029" WIDTH="37" HEIGHT="14" WC="0.96" CONTENT="ver"/><SP WIDTH="15" VPOS="1029" HPOS="207"/>
							<String ID="string_284" HPOS="222" VPOS="1023" WIDTH="17" HEIGHT="26" WC="0.96" CONTENT="ej"/><SP WIDTH="17" VPOS="1023" HPOS="239"/>
							<String ID="string_285" HPOS="256" VPOS="1022" WIDTH="71" HEIGHT="22" WC="0.93" CONTENT="vidare"/><SP WIDTH="14" VPOS="1022" HPOS="327"/>
							<String ID="string_286" HPOS="341" VPOS="1022" WIDTH="86" HEIGHT="27" WC="0.92" CONTENT="utlägga"/><SP WIDTH="15" VPOS="1022" HPOS="427"/>
							<String ID="string_287" HPOS="442" VPOS="1022" WIDTH="75" HEIGHT="26" WC="0.96" CONTENT="saken;"/><SP WIDTH="16" VPOS="1022" HPOS="517"/>
							<String ID="string_288" HPOS="533" VPOS="1022" WIDTH="37" HEIGHT="21" WC="0.96" CONTENT="det"/><SP WIDTH="15" VPOS="1022" HPOS="570"/>
							<String ID="string_289" HPOS="585" VPOS="1022" WIDTH="61" HEIGHT="21" WC="0.96" CONTENT="torde"/><SP WIDTH="16" VPOS="1022" HPOS="646"/>
							<String ID="string_290" HPOS="662" VPOS="1028" WIDTH="49" HEIGHT="15" WC="0.96" CONTENT="vara"/><SP WIDTH="15" VPOS="1028" HPOS="711"/>
							<String ID="string_291" HPOS="726" VPOS="1021" WIDTH="63" HEIGHT="27" WC="0.96" CONTENT="klart,"/><SP WIDTH="15" VPOS="1021" HPOS="789"/>
							<String ID="string_292" HPOS="804" VPOS="1023" WIDTH="33" HEIGHT="20" WC="0.96" CONTENT="att"/><SP WIDTH="10" VPOS="1023" HPOS="837"/>
							<String ID="string_293" HPOS="847" VPOS="1022" WIDTH="21" HEIGHT="21" WC="0.96" CONTENT="af"/><SP WIDTH="9" VPOS="1022" HPOS="868"/>
							<String ID="string_294" HPOS="877" VPOS="1024" WIDTH="31" HEIGHT="20" WC="0.96" CONTENT="ett"/><SP WIDTH="10" VPOS="1024" HPOS="908"/>
							<String ID="string_295" HPOS="918" VPOS="1022" WIDTH="76" HEIGHT="22" WC="0.96" CONTENT="sådant"/>
						</TextLine>
						<TextLine ID="line_29" HPOS="169" VPOS="1049" WIDTH="825" HEIGHT="28">
							<String ID="string_296" HPOS="169" VPOS="1051" WIDTH="124" HEIGHT="26" WC="0.95" CONTENT="stadgande,"/><SP WIDTH="23" VPOS="1051" HPOS="293"/>
							<String ID="string_297" HPOS="316" VPOS="1057" WIDTH="46" HEIGHT="15" WC="0.94" CONTENT="som"/><SP WIDTH="23" VPOS="1057" HPOS="362"/>
							<String ID="string_298" HPOS="385" VPOS="1051" WIDTH="65" HEIGHT="24" WC="0.94" CONTENT="detta,"/><SP WIDTH="22" VPOS="1051" HPOS="450"/>
							<String ID="string_299" HPOS="472" VPOS="1051" WIDTH="7" HEIGHT="20" WC="0.93" CONTENT="i"/><SP WIDTH="22" VPOS="1051" HPOS="479"/>
							<String ID="string_300" HPOS="501" VPOS="1050" WIDTH="151" HEIGHT="22" WC="0.92" CONTENT="vidsträcktare"/><SP WIDTH="16" VPOS="1050" HPOS="652"/>
							<String ID="string_301" HPOS="668" VPOS="1049" WIDTH="145" HEIGHT="28" WC="0.93" CONTENT="församlingar"/><SP WIDTH="15" VPOS="1049" HPOS="813"/>
							<String ID="string_302" HPOS="828" VPOS="1051" WIDTH="127" HEIGHT="26" WC="0.92" CONTENT="uppkomme"/><SP WIDTH="15" VPOS="1051" HPOS="955"/>
							<String ID="string_303" HPOS="970" VPOS="1051" WIDTH="24" HEIGHT="21" WC="0.96" CONTENT="så"/>
						</TextLine>
						<TextLine ID="line_30" HPOS="169" VPOS="1079" WIDTH="825" HEIGHT="28">
							<String ID="string_304" HPOS="169" VPOS="1082" WIDTH="61" HEIGHT="19" WC="0.96" CONTENT="stora"/><SP WIDTH="21" VPOS="1082" HPOS="230"/>
							<String ID="string_305" HPOS="251" VPOS="1079" WIDTH="154" HEIGHT="27" WC="0.96" CONTENT="förvecklingar"/><SP WIDTH="16" VPOS="1079" HPOS="405"/>
							<String ID="string_306" HPOS="421" VPOS="1079" WIDTH="38" HEIGHT="21" WC="0.96" CONTENT="och"/><SP WIDTH="17" VPOS="1079" HPOS="459"/>
							<String ID="string_307" HPOS="476" VPOS="1080" WIDTH="23" HEIGHT="20" WC="0.96" CONTENT="så"/><SP WIDTH="15" VPOS="1080" HPOS="499"/>
							<String ID="string_308" HPOS="514" VPOS="1080" WIDTH="76" HEIGHT="26" WC="0.96" CONTENT="många"/><SP WIDTH="15" VPOS="1080" HPOS="590"/>
							<String ID="string_309" HPOS="605" VPOS="1079" WIDTH="136" HEIGHT="27" WC="0.96" CONTENT="svårigheter,"/><SP WIDTH="15" VPOS="1079" HPOS="741"/>
							<String ID="string_310" HPOS="756" VPOS="1081" WIDTH="32" HEIGHT="20" WC="0.96" CONTENT="att"/><SP WIDTH="16" VPOS="1081" HPOS="788"/>
							<String ID="string_311" HPOS="804" VPOS="1079" WIDTH="58" HEIGHT="22" WC="0.96" CONTENT="detta"/><SP WIDTH="15" VPOS="1079" HPOS="862"/>
							<String ID="string_312" HPOS="877" VPOS="1079" WIDTH="117" HEIGHT="28" WC="0.96" CONTENT="stadgande"/>
						</TextLine>
						<TextLine ID="line_31" HPOS="170" VPOS="1107" WIDTH="824" HEIGHT="28">
							<String ID="string_313" HPOS="170" VPOS="1109" WIDTH="68" HEIGHT="21" WC="0.96" CONTENT="måste"/><SP WIDTH="21" VPOS="1109" HPOS="238"/>
							<String ID="string_314" HPOS="259" VPOS="1108" WIDTH="101" HEIGHT="27" WC="0.96" CONTENT="stämplas"/><SP WIDTH="21" VPOS="1108" HPOS="360"/>
							<String ID="string_315" HPOS="381" VPOS="1110" WIDTH="69" HEIGHT="20" WC="0.96" CONTENT="såsom"/><SP WIDTH="23" VPOS="1110" HPOS="450"/>
							<String ID="string_316" HPOS="473" VPOS="1108" WIDTH="93" HEIGHT="21" WC="0.96" CONTENT="särdeles"/><SP WIDTH="22" VPOS="1108" HPOS="566"/>
							<String ID="string_317" HPOS="588" VPOS="1107" WIDTH="119" HEIGHT="28" WC="0.96" CONTENT="opraktiskt"/><SP WIDTH="15" VPOS="1107" HPOS="707"/>
							<String ID="string_318" HPOS="722" VPOS="1107" WIDTH="40" HEIGHT="22" WC="0.96" CONTENT="och"/><SP WIDTH="22" VPOS="1107" HPOS="762"/>
							<String ID="string_319" HPOS="784" VPOS="1107" WIDTH="78" HEIGHT="28" WC="0.94" CONTENT="farligt."/><SP WIDTH="29" VPOS="1107" HPOS="862"/>
							<String ID="string_320" HPOS="891" VPOS="1108" WIDTH="41" HEIGHT="27" WC="0.96" CONTENT="Jag"/><SP WIDTH="15" VPOS="1108" HPOS="932"/>
							<String ID="string_321" HPOS="947" VPOS="1108" WIDTH="47" HEIGHT="22" WC="0.96" CONTENT="ville"/>
						</TextLine>
						<TextLine ID="line_32" HPOS="171" VPOS="1136" WIDTH="823" HEIGHT="28">
							<String ID="string_322" HPOS="171" VPOS="1137" WIDTH="72" HEIGHT="21" WC="0.96" CONTENT="därför"/><SP WIDTH="21" VPOS="1137" HPOS="243"/>
							<String ID="string_323" HPOS="264" VPOS="1137" WIDTH="83" HEIGHT="26" WC="0.96" CONTENT="föreslå,"/><SP WIDTH="23" VPOS="1137" HPOS="347"/>
							<String ID="string_324" HPOS="370" VPOS="1139" WIDTH="32" HEIGHT="19" WC="0.96" CONTENT="att"/><SP WIDTH="22" VPOS="1139" HPOS="402"/>
							<String ID="string_325" HPOS="424" VPOS="1136" WIDTH="75" HEIGHT="22" WC="0.96" CONTENT="endast"/><SP WIDTH="20" VPOS="1136" HPOS="499"/>
							<String ID="string_326" HPOS="519" VPOS="1137" WIDTH="34" HEIGHT="21" WC="0.96" CONTENT="för"/><SP WIDTH="14" VPOS="1137" HPOS="553"/>
							<String ID="string_327" HPOS="567" VPOS="1137" WIDTH="80" HEIGHT="21" WC="0.96" CONTENT="sådana"/><SP WIDTH="15" VPOS="1137" HPOS="647"/>
							<String ID="string_328" HPOS="662" VPOS="1137" WIDTH="157" HEIGHT="27" WC="0.96" CONTENT="förrättningar,"/><SP WIDTH="15" VPOS="1137" HPOS="819"/>
							<String ID="string_329" HPOS="834" VPOS="1143" WIDTH="45" HEIGHT="16" WC="0.93" CONTENT="som"/><SP WIDTH="14" VPOS="1143" HPOS="879"/>
							<String ID="string_330" HPOS="893" VPOS="1137" WIDTH="101" HEIGHT="22" WC="0.92" CONTENT="värkstäl-"/>
						</TextLine>
						<TextLine ID="line_33" HPOS="170" VPOS="1165" WIDTH="824" HEIGHT="28">
							<String ID="string_331" HPOS="170" VPOS="1165" WIDTH="32" HEIGHT="22" WC="0.96" CONTENT="las"/><SP WIDTH="22" VPOS="1165" HPOS="202"/>
							<String ID="string_332" HPOS="224" VPOS="1166" WIDTH="6" HEIGHT="21" WC="0.96" CONTENT="i"/><SP WIDTH="25" VPOS="1166" HPOS="230"/>
							<String ID="string_333" HPOS="255" VPOS="1165" WIDTH="66" HEIGHT="28" WC="0.96" CONTENT="kyrka"/><SP WIDTH="23" VPOS="1165" HPOS="321"/>
							<String ID="string_334" HPOS="344" VPOS="1165" WIDTH="51" HEIGHT="22" WC="0.95" CONTENT="eller"/><SP WIDTH="22" VPOS="1165" HPOS="395"/>
							<String ID="string_335" HPOS="417" VPOS="1165" WIDTH="84" HEIGHT="22" WC="0.96" CONTENT="hemma"/><SP WIDTH="21" VPOS="1165" HPOS="501"/>
							<String ID="string_336" HPOS="522" VPOS="1166" WIDTH="39" HEIGHT="21" WC="0.93" CONTENT="hos"/><SP WIDTH="22" VPOS="1166" HPOS="561"/>
							<String ID="string_337" HPOS="583" VPOS="1168" WIDTH="91" HEIGHT="25" WC="0.92" CONTENT="presten,"/><SP WIDTH="23" VPOS="1168" HPOS="674"/>
							<String ID="string_338" HPOS="697" VPOS="1166" WIDTH="63" HEIGHT="26" WC="0.96" CONTENT="ingen"/><SP WIDTH="23" VPOS="1166" HPOS="760"/>
							<String ID="string_339" HPOS="783" VPOS="1165" WIDTH="107" HEIGHT="28" WC="0.93" CONTENT="betalning"/><SP WIDTH="16" VPOS="1165" HPOS="890"/>
							<String ID="string_340" HPOS="906" VPOS="1165" WIDTH="88" HEIGHT="22" WC="0.92" CONTENT="behöfde"/>
						</TextLine>
						<TextLine ID="line_34" HPOS="170" VPOS="1194" WIDTH="187" HEIGHT="28">
							<String ID="string_341" HPOS="170" VPOS="1195" WIDTH="7" HEIGHT="21" WC="0.96" CONTENT="i"/><SP WIDTH="16" VPOS="1195" HPOS="177"/>
							<String ID="string_342" HPOS="193" VPOS="1194" WIDTH="60" HEIGHT="28" WC="0.95" CONTENT="fråga"/><SP WIDTH="14" VPOS="1194" HPOS="253"/>
							<String ID="string_343" HPOS="267" VPOS="1195" WIDTH="90" HEIGHT="22" WC="0.96" CONTENT="komma."/>
						</TextLine>
					</TextBlock>
				</ComposedBlock>
				<ComposedBlock ID="cblock_4" HPOS="171" VPOS="1252" WIDTH="826" HEIGHT="314">
					<TextBlock ID="block_3" HPOS="171" VPOS="1252" WIDTH="826" HEIGHT="314">
						<TextLine ID="line_35" HPOS="240" VPOS="1252" WIDTH="755" HEIGHT="27">
							<String ID="string_344" HPOS="240" VPOS="1252" WIDTH="76" HEIGHT="22" WC="0.96" CONTENT="Pastor"/><SP WIDTH="15" VPOS="1252" HPOS="316"/>
							<String ID="string_345" HPOS="331" VPOS="1252" WIDTH="79" HEIGHT="26" WC="0.96" CONTENT="Lyra:"/><SP WIDTH="31" VPOS="1252" HPOS="410"/>
							<String ID="string_346" HPOS="441" VPOS="1252" WIDTH="45" HEIGHT="21" WC="0.94" CONTENT="Den"/><SP WIDTH="15" VPOS="1252" HPOS="486"/>
							<String ID="string_347" HPOS="501" VPOS="1252" WIDTH="143" HEIGHT="27" WC="0.96" CONTENT="föreliggande"/><SP WIDTH="16" VPOS="1252" HPOS="644"/>
							<String ID="string_348" HPOS="660" VPOS="1252" WIDTH="124" HEIGHT="26" WC="0.96" CONTENT="paragrafen"/><SP WIDTH="15" VPOS="1252" HPOS="784"/>
							<String ID="string_349" HPOS="799" VPOS="1252" WIDTH="90" HEIGHT="22" WC="0.96" CONTENT="handlar"/><SP WIDTH="15" VPOS="1252" HPOS="889"/>
							<String ID="string_350" HPOS="904" VPOS="1258" WIDTH="34" HEIGHT="16" WC="0.92" CONTENT="om"/><SP WIDTH="15" VPOS="1258" HPOS="938"/>
							<String ID="string_351" HPOS="953" VPOS="1252" WIDTH="42" HEIGHT="22" WC="0.92" CONTENT="för-"/>
						</TextLine>
						<TextLine ID="line_36" HPOS="171" VPOS="1280" WIDTH="824" HEIGHT="28">
							<String ID="string_352" HPOS="171" VPOS="1281" WIDTH="99" HEIGHT="26" WC="0.92" CONTENT="vandling"/><SP WIDTH="15" VPOS="1281" HPOS="270"/>
							<String ID="string_353" HPOS="285" VPOS="1280" WIDTH="32" HEIGHT="22" WC="0.96" CONTENT="till"/><SP WIDTH="16" VPOS="1280" HPOS="317"/>
							<String ID="string_354" HPOS="333" VPOS="1280" WIDTH="110" HEIGHT="22" WC="0.93" CONTENT="bestämda"/><SP WIDTH="15" VPOS="1280" HPOS="443"/>
							<String ID="string_355" HPOS="458" VPOS="1280" WIDTH="83" HEIGHT="27" WC="0.92" CONTENT="afgifter"/><SP WIDTH="15" VPOS="1280" HPOS="541"/>
							<String ID="string_356" HPOS="556" VPOS="1280" WIDTH="21" HEIGHT="22" WC="0.96" CONTENT="af"/><SP WIDTH="15" VPOS="1280" HPOS="577"/>
							<String ID="string_357" HPOS="592" VPOS="1287" WIDTH="26" HEIGHT="15" WC="0.96" CONTENT="en"/><SP WIDTH="14" VPOS="1287" HPOS="618"/>
							<String ID="string_358" HPOS="632" VPOS="1282" WIDTH="46" HEIGHT="20" WC="0.96" CONTENT="stor"/><SP WIDTH="16" VPOS="1282" HPOS="678"/>
							<String ID="string_359" HPOS="694" VPOS="1280" WIDTH="32" HEIGHT="22" WC="0.96" CONTENT="del"/><SP WIDTH="16" VPOS="1280" HPOS="726"/>
							<String ID="string_360" HPOS="742" VPOS="1280" WIDTH="22" HEIGHT="22" WC="0.96" CONTENT="af"/><SP WIDTH="14" VPOS="1280" HPOS="764"/>
							<String ID="string_361" HPOS="778" VPOS="1281" WIDTH="26" HEIGHT="21" WC="0.96" CONTENT="de"/><SP WIDTH="11" VPOS="1281" HPOS="804"/>
							<String ID="string_362" HPOS="815" VPOS="1282" WIDTH="122" HEIGHT="25" WC="0.93" CONTENT="inkomster,"/><SP WIDTH="12" VPOS="1282" HPOS="937"/>
							<String ID="string_363" HPOS="949" VPOS="1288" WIDTH="46" HEIGHT="20" WC="0.91" CONTENT="pre-"/>
						</TextLine>
						<TextLine ID="line_37" HPOS="171" VPOS="1308" WIDTH="825" HEIGHT="28">
							<String ID="string_364" HPOS="171" VPOS="1309" WIDTH="120" HEIGHT="27" WC="0.92" CONTENT="sterskapet"/><SP WIDTH="22" VPOS="1309" HPOS="291"/>
							<String ID="string_365" HPOS="313" VPOS="1309" WIDTH="45" HEIGHT="26" WC="0.96" CONTENT="har,"/><SP WIDTH="25" VPOS="1309" HPOS="358"/>
							<String ID="string_366" HPOS="383" VPOS="1309" WIDTH="18" HEIGHT="27" WC="0.96" CONTENT="ej"/><SP WIDTH="24" VPOS="1309" HPOS="401"/>
							<String ID="string_367" HPOS="425" VPOS="1309" WIDTH="55" HEIGHT="21" WC="0.96" CONTENT="blott"/><SP WIDTH="22" VPOS="1309" HPOS="480"/>
							<String ID="string_368" HPOS="502" VPOS="1308" WIDTH="33" HEIGHT="23" WC="0.96" CONTENT="för"/><SP WIDTH="18" VPOS="1308" HPOS="535"/>
							<String ID="string_369" HPOS="553" VPOS="1310" WIDTH="157" HEIGHT="26" WC="0.93" CONTENT="förrättningar,"/><SP WIDTH="16" VPOS="1310" HPOS="710"/>
							<String ID="string_370" HPOS="726" VPOS="1310" WIDTH="87" HEIGHT="21" WC="0.93" CONTENT="hvarom"/><SP WIDTH="15" VPOS="1310" HPOS="813"/>
							<String ID="string_371" HPOS="828" VPOS="1316" WIDTH="28" HEIGHT="16" WC="0.96" CONTENT="nu"/><SP WIDTH="15" VPOS="1316" HPOS="856"/>
							<String ID="string_372" HPOS="871" VPOS="1312" WIDTH="71" HEIGHT="19" WC="0.96" CONTENT="senast"/><SP WIDTH="15" VPOS="1312" HPOS="942"/>
							<String ID="string_373" HPOS="957" VPOS="1310" WIDTH="39" HEIGHT="22" WC="0.95" CONTENT="har"/>
						</TextLine>
						<TextLine ID="line_38" HPOS="172" VPOS="1337" WIDTH="824" HEIGHT="28">
							<String ID="string_374" HPOS="172" VPOS="1338" WIDTH="54" HEIGHT="21" WC="0.96" CONTENT="varit"/><SP WIDTH="23" VPOS="1338" HPOS="226"/>
							<String ID="string_375" HPOS="249" VPOS="1338" WIDTH="36" HEIGHT="27" WC="0.96" CONTENT="tal,"/><SP WIDTH="20" VPOS="1338" HPOS="285"/>
							<String ID="string_376" HPOS="305" VPOS="1339" WIDTH="52" HEIGHT="20" WC="0.95" CONTENT="utan"/><SP WIDTH="22" VPOS="1339" HPOS="357"/>
							<String ID="string_377" HPOS="379" VPOS="1338" WIDTH="64" HEIGHT="21" WC="0.96" CONTENT="också"/><SP WIDTH="21" VPOS="1338" HPOS="443"/>
							<String ID="string_378" HPOS="464" VPOS="1338" WIDTH="33" HEIGHT="20" WC="0.96" CONTENT="för"/><SP WIDTH="22" VPOS="1338" HPOS="497"/>
							<String ID="string_379" HPOS="519" VPOS="1338" WIDTH="67" HEIGHT="22" WC="0.96" CONTENT="andra"/><SP WIDTH="20" VPOS="1338" HPOS="586"/>
							<String ID="string_380" HPOS="606" VPOS="1338" WIDTH="96" HEIGHT="26" WC="0.93" CONTENT="kyrkliga"/><SP WIDTH="15" VPOS="1338" HPOS="702"/>
							<String ID="string_381" HPOS="717" VPOS="1337" WIDTH="100" HEIGHT="27" WC="0.91" CONTENT="afgälder."/><SP WIDTH="28" VPOS="1337" HPOS="817"/>
							<String ID="string_382" HPOS="845" VPOS="1339" WIDTH="41" HEIGHT="25" WC="0.96" CONTENT="Jag"/><SP WIDTH="14" VPOS="1339" HPOS="886"/>
							<String ID="string_383" HPOS="900" VPOS="1338" WIDTH="96" HEIGHT="22" WC="0.96" CONTENT="anhåller"/>
						</TextLine>
						<TextLine ID="line_39" HPOS="171" VPOS="1365" WIDTH="825" HEIGHT="27">
							<String ID="string_384" HPOS="171" VPOS="1366" WIDTH="73" HEIGHT="20" WC="0.96" CONTENT="därför"/><SP WIDTH="22" VPOS="1366" HPOS="244"/>
							<String ID="string_385" HPOS="266" VPOS="1368" WIDTH="32" HEIGHT="18" WC="0.96" CONTENT="att"/><SP WIDTH="22" VPOS="1368" HPOS="298"/>
							<String ID="string_386" HPOS="320" VPOS="1366" WIDTH="21" HEIGHT="20" WC="0.96" CONTENT="få"/><SP WIDTH="20" VPOS="1366" HPOS="341"/>
							<String ID="string_387" HPOS="361" VPOS="1368" WIDTH="51" HEIGHT="22" WC="0.96" CONTENT="säga"/><SP WIDTH="23" VPOS="1368" HPOS="412"/>
							<String ID="string_388" HPOS="435" VPOS="1365" WIDTH="59" HEIGHT="21" WC="0.96" CONTENT="äfven"/><SP WIDTH="23" VPOS="1365" HPOS="494"/>
							<String ID="string_389" HPOS="517" VPOS="1372" WIDTH="35" HEIGHT="14" WC="0.95" CONTENT="om"/><SP WIDTH="22" VPOS="1372" HPOS="552"/>
							<String ID="string_390" HPOS="574" VPOS="1367" WIDTH="26" HEIGHT="19" WC="0.95" CONTENT="de"/><SP WIDTH="23" VPOS="1367" HPOS="600"/>
							<String ID="string_391" HPOS="623" VPOS="1366" WIDTH="66" HEIGHT="26" WC="0.94" CONTENT="öfriga"/><SP WIDTH="22" VPOS="1366" HPOS="689"/>
							<String ID="string_392" HPOS="711" VPOS="1367" WIDTH="66" HEIGHT="25" WC="0.92" CONTENT="några"/><SP WIDTH="15" VPOS="1367" HPOS="777"/>
							<String ID="string_393" HPOS="792" VPOS="1367" WIDTH="45" HEIGHT="20" WC="0.96" CONTENT="ord."/><SP WIDTH="29" VPOS="1367" HPOS="837"/>
							<String ID="string_394" HPOS="866" VPOS="1366" WIDTH="130" HEIGHT="26" WC="0.88" CONTENT="Paragrafen"/>
						</TextLine>
						<TextLine ID="line_40" HPOS="172" VPOS="1392" WIDTH="825" HEIGHT="29">
							<String ID="string_395" HPOS="172" VPOS="1392" WIDTH="117" HEIGHT="22" WC="0.95" CONTENT="innehåller"/><SP WIDTH="16" VPOS="1392" HPOS="289"/>
							<String ID="string_396" HPOS="305" VPOS="1394" WIDTH="32" HEIGHT="20" WC="0.96" CONTENT="att"/><SP WIDTH="11" VPOS="1394" HPOS="337"/>
							<String ID="string_397" HPOS="348" VPOS="1392" WIDTH="32" HEIGHT="22" WC="0.93" CONTENT="för"/><SP WIDTH="16" VPOS="1392" HPOS="380"/>
							<String ID="string_398" HPOS="396" VPOS="1393" WIDTH="190" HEIGHT="27" WC="0.87" CONTENT=",,påskpenningar,"/><SP WIDTH="18" VPOS="1393" HPOS="586"/>
							<String ID="string_399" HPOS="604" VPOS="1394" WIDTH="138" HEIGHT="26" WC="0.92" CONTENT="dagsvärken,"/><SP WIDTH="15" VPOS="1394" HPOS="742"/>
							<String ID="string_400" HPOS="757" VPOS="1394" WIDTH="103" HEIGHT="21" WC="0.93" CONTENT="matskott"/><SP WIDTH="12" VPOS="1394" HPOS="860"/>
							<String ID="string_401" HPOS="872" VPOS="1396" WIDTH="55" HEIGHT="19" WC="0.93" CONTENT="samt"/><SP WIDTH="10" VPOS="1396" HPOS="927"/>
							<String ID="string_402" HPOS="937" VPOS="1394" WIDTH="60" HEIGHT="27" WC="0.92" CONTENT="afgif-"/>
						</TextLine>
						<TextLine ID="line_41" HPOS="172" VPOS="1421" WIDTH="824" HEIGHT="28">
							<String ID="string_403" HPOS="172" VPOS="1424" WIDTH="34" HEIGHT="18" WC="0.96" CONTENT="ter"/><SP WIDTH="14" VPOS="1424" HPOS="206"/>
							<String ID="string_404" HPOS="220" VPOS="1421" WIDTH="32" HEIGHT="21" WC="0.93" CONTENT="för"/><SP WIDTH="15" VPOS="1421" HPOS="252"/>
							<String ID="string_405" HPOS="267" VPOS="1421" WIDTH="71" HEIGHT="21" WC="0.92" CONTENT="likstol"/><SP WIDTH="15" VPOS="1421" HPOS="338"/>
							<String ID="string_406" HPOS="353" VPOS="1421" WIDTH="40" HEIGHT="21" WC="0.93" CONTENT="och"/><SP WIDTH="16" VPOS="1421" HPOS="393"/>
							<String ID="string_407" HPOS="409" VPOS="1421" WIDTH="187" HEIGHT="23" WC="0.91" CONTENT="barnaföderskors"/><SP WIDTH="14" VPOS="1421" HPOS="596"/>
							<String ID="string_408" HPOS="610" VPOS="1421" WIDTH="136" HEIGHT="28" WC="0.92" CONTENT="kyrkogäng*"/><SP WIDTH="16" VPOS="1421" HPOS="746"/>
							<String ID="string_409" HPOS="762" VPOS="1428" WIDTH="20" HEIGHT="16" WC="0.95" CONTENT="o."/><SP WIDTH="11" VPOS="1428" HPOS="782"/>
							<String ID="string_410" HPOS="793" VPOS="1428" WIDTH="16" HEIGHT="16" WC="0.96" CONTENT="s."/><SP WIDTH="12" VPOS="1428" HPOS="809"/>
							<String ID="string_411" HPOS="821" VPOS="1428" WIDTH="18" HEIGHT="16" WC="0.96" CONTENT="v."/><SP WIDTH="10" VPOS="1428" HPOS="839"/>
							<String ID="string_412" HPOS="849" VPOS="1422" WIDTH="68" HEIGHT="22" WC="0.96" CONTENT="skulle"/><SP WIDTH="13" VPOS="1422" HPOS="917"/>
							<String ID="string_413" HPOS="930" VPOS="1423" WIDTH="66" HEIGHT="26" WC="0.96" CONTENT="några"/>
						</TextLine>
						<TextLine ID="line_42" HPOS="172" VPOS="1450" WIDTH="823" HEIGHT="28">
							<String ID="string_414" HPOS="172" VPOS="1450" WIDTH="111" HEIGHT="22" WC="0.93" CONTENT="bestämda"/><SP WIDTH="14" VPOS="1450" HPOS="283"/>
							<String ID="string_415" HPOS="297" VPOS="1450" WIDTH="85" HEIGHT="27" WC="0.92" CONTENT="afgifter"/><SP WIDTH="10" VPOS="1450" HPOS="382"/>
							<String ID="string_416" HPOS="392" VPOS="1452" WIDTH="111" HEIGHT="20" WC="0.91" CONTENT="statueras."/><SP WIDTH="26" VPOS="1452" HPOS="503"/>
							<String ID="string_417" HPOS="529" VPOS="1450" WIDTH="68" HEIGHT="22" WC="0.96" CONTENT="Bland"/><SP WIDTH="11" VPOS="1450" HPOS="597"/>
							<String ID="string_418" HPOS="608" VPOS="1450" WIDTH="62" HEIGHT="22" WC="0.93" CONTENT="dessa"/><SP WIDTH="10" VPOS="1450" HPOS="670"/>
							<String ID="string_419" HPOS="680" VPOS="1451" WIDTH="147" HEIGHT="27" WC="0.90" CONTENT="utgiftsposter"/><SP WIDTH="10" VPOS="1451" HPOS="827"/>
							<String ID="string_420" HPOS="837" VPOS="1451" WIDTH="31" HEIGHT="21" WC="0.93" CONTENT="för"/><SP WIDTH="10" VPOS="1451" HPOS="868"/>
							<String ID="string_421" HPOS="878" VPOS="1450" WIDTH="117" HEIGHT="23" WC="0.92" CONTENT="åhörarene"/>
						</TextLine>
						<TextLine ID="line_43" HPOS="172" VPOS="1478" WIDTH="824" HEIGHT="29">
							<String ID="string_422" HPOS="172" VPOS="1478" WIDTH="68" HEIGHT="22" WC="0.96" CONTENT="skulle"/><SP WIDTH="13" VPOS="1478" HPOS="240"/>
							<String ID="string_423" HPOS="253" VPOS="1479" WIDTH="36" HEIGHT="28" WC="0.96" CONTENT="jag"/><SP WIDTH="14" VPOS="1479" HPOS="289"/>
							<String ID="string_424" HPOS="303" VPOS="1479" WIDTH="34" HEIGHT="21" WC="0.96" CONTENT="för"/><SP WIDTH="15" VPOS="1479" HPOS="337"/>
							<String ID="string_425" HPOS="352" VPOS="1478" WIDTH="43" HEIGHT="22" WC="0.96" CONTENT="min"/><SP WIDTH="15" VPOS="1478" HPOS="395"/>
							<String ID="string_426" HPOS="410" VPOS="1479" WIDTH="33" HEIGHT="21" WC="0.96" CONTENT="del"/><SP WIDTH="16" VPOS="1479" HPOS="443"/>
							<String ID="string_427" HPOS="459" VPOS="1478" WIDTH="60" HEIGHT="22" WC="0.96" CONTENT="äfven"/><SP WIDTH="15" VPOS="1478" HPOS="519"/>
							<String ID="string_428" HPOS="534" VPOS="1482" WIDTH="66" HEIGHT="24" WC="0.96" CONTENT="gärna"/><SP WIDTH="16" VPOS="1482" HPOS="600"/>
							<String ID="string_429" HPOS="616" VPOS="1485" WIDTH="28" HEIGHT="20" WC="0.95" CONTENT="se,"/><SP WIDTH="15" VPOS="1485" HPOS="644"/>
							<String ID="string_430" HPOS="659" VPOS="1481" WIDTH="33" HEIGHT="20" WC="0.96" CONTENT="att"/><SP WIDTH="16" VPOS="1481" HPOS="692"/>
							<String ID="string_431" HPOS="708" VPOS="1480" WIDTH="25" HEIGHT="22" WC="0.92" CONTENT="de"/><SP WIDTH="15" VPOS="1480" HPOS="733"/>
							<String ID="string_432" HPOS="748" VPOS="1486" WIDTH="16" HEIGHT="16" WC="0.88" CONTENT="s."/><SP WIDTH="15" VPOS="1486" HPOS="764"/>
							<String ID="string_433" HPOS="779" VPOS="1480" WIDTH="20" HEIGHT="21" WC="0.93" CONTENT="k."/><SP WIDTH="14" VPOS="1480" HPOS="799"/>
							<String ID="string_434" HPOS="813" VPOS="1480" WIDTH="48" HEIGHT="27" WC="0.93" CONTENT="jura"/><SP WIDTH="15" VPOS="1480" HPOS="861"/>
							<String ID="string_435" HPOS="876" VPOS="1480" WIDTH="75" HEIGHT="27" WC="0.92" CONTENT="stolae,"/><SP WIDTH="12" VPOS="1480" HPOS="951"/>
							<String ID="string_436" HPOS="963" VPOS="1480" WIDTH="33" HEIGHT="22" WC="0.96" CONTENT="till"/>
						</TextLine>
						<TextLine ID="line_44" HPOS="172" VPOS="1507" WIDTH="824" HEIGHT="29">
							<String ID="string_437" HPOS="172" VPOS="1507" WIDTH="72" HEIGHT="22" WC="0.96" CONTENT="hvilka"/><SP WIDTH="15" VPOS="1507" HPOS="244"/>
							<String ID="string_438" HPOS="259" VPOS="1508" WIDTH="39" HEIGHT="21" WC="0.96" CONTENT="den"/><SP WIDTH="16" VPOS="1508" HPOS="298"/>
							<String ID="string_439" HPOS="314" VPOS="1508" WIDTH="24" HEIGHT="21" WC="0.96" CONTENT="så"/><SP WIDTH="14" VPOS="1508" HPOS="338"/>
							<String ID="string_440" HPOS="352" VPOS="1507" WIDTH="113" HEIGHT="28" WC="0.93" CONTENT="förhatliga"/><SP WIDTH="15" VPOS="1507" HPOS="465"/>
							<String ID="string_441" HPOS="480" VPOS="1507" WIDTH="82" HEIGHT="22" WC="0.90" CONTENT="likstols"/><SP WIDTH="16" VPOS="1507" HPOS="562"/>
							<String ID="string_442" HPOS="578" VPOS="1509" WIDTH="42" HEIGHT="22" WC="0.96" CONTENT="kon"/><SP WIDTH="15" VPOS="1509" HPOS="620"/>
							<String ID="string_443" HPOS="635" VPOS="1508" WIDTH="45" HEIGHT="24" WC="0.96" CONTENT="hör,"/><SP WIDTH="15" VPOS="1508" HPOS="680"/>
							<String ID="string_444" HPOS="695" VPOS="1509" WIDTH="68" HEIGHT="21" WC="0.96" CONTENT="skulle"/><SP WIDTH="14" VPOS="1509" HPOS="763"/>
							<String ID="string_445" HPOS="777" VPOS="1509" WIDTH="28" HEIGHT="26" WC="0.96" CONTENT="på"/><SP WIDTH="15" VPOS="1509" HPOS="805"/>
							<String ID="string_446" HPOS="820" VPOS="1510" WIDTH="65" HEIGHT="26" WC="0.95" CONTENT="något"/><SP WIDTH="13" VPOS="1510" HPOS="885"/>
							<String ID="string_447" HPOS="898" VPOS="1510" WIDTH="45" HEIGHT="20" WC="0.93" CONTENT="sätt"/><SP WIDTH="9" VPOS="1510" HPOS="943"/>
							<String ID="string_448" HPOS="952" VPOS="1508" WIDTH="44" HEIGHT="23" WC="0.92" CONTENT="för-"/>
						</TextLine>
						<TextLine ID="line_45" HPOS="172" VPOS="1536" WIDTH="823" HEIGHT="30">
							<String ID="string_449" HPOS="172" VPOS="1536" WIDTH="93" HEIGHT="23" WC="0.86" CONTENT="vandlas."/><SP WIDTH="30" VPOS="1536" HPOS="265"/>
							<String ID="string_450" HPOS="295" VPOS="1536" WIDTH="114" HEIGHT="23" WC="0.91" CONTENT="Likaledes"/><SP WIDTH="22" VPOS="1536" HPOS="409"/>
							<String ID="string_451" HPOS="431" VPOS="1536" WIDTH="70" HEIGHT="22" WC="0.93" CONTENT="kunde"/><SP WIDTH="18" VPOS="1536" HPOS="501"/>
							<String ID="string_452" HPOS="519" VPOS="1537" WIDTH="87" HEIGHT="27" WC="0.93" CONTENT="afgiften"/><SP WIDTH="16" VPOS="1537" HPOS="606"/>
							<String ID="string_453" HPOS="622" VPOS="1537" WIDTH="32" HEIGHT="22" WC="0.93" CONTENT="för"/><SP WIDTH="14" VPOS="1537" HPOS="654"/>
							<String ID="string_454" HPOS="668" VPOS="1537" WIDTH="189" HEIGHT="23" WC="0.91" CONTENT="barnaföderskors"/><SP WIDTH="15" VPOS="1537" HPOS="857"/>
							<String ID="string_455" HPOS="872" VPOS="1537" WIDTH="123" HEIGHT="29" WC="0.92" CONTENT="kyrkogång"/>
						</TextLine>
					</TextBlock>
				</ComposedBlock>
				<GraphicalElement ID="cblock_5" HPOS="1081" VPOS="0" WIDTH="3" HEIGHT="380"></GraphicalElement >
			</PrintSpace>
		</Page>
	</Layout>
</alto>
