1084 1806
288 107 158 29 Presteständet
459 120 52 16 1877.
536 119 12 17 9
561 119 91 17 oktober.
792 113 54 21 1277

127 187 110 22 Professor
258 188 162 21 Ehrström:
451 188 69 22 Också
540 188 36 27 jag
598 188 67 21 skulle
680 194 64 19 gerna
760 187 54 21 afstä
829 187 45 21 från

59 216 61 22 ordet
141 216 7 21 i
171 216 35 22 fall
229 216 36 22 det
287 217 46 21 icke
355 216 67 22 skulle
444 217 94 21 förefalla
561 217 41 26 mig
623 223 44 14 som
682 216 67 22 skulle
765 218 31 18 ett
810 216 65 21 förbi-

58 245 77 21 seende
158 244 61 22 hafva
237 247 34 24 egt
287 252 45 14 rum
348 246 6 20 i
370 245 97 21 afseende
482 246 12 20 å
510 245 36 21 det
560 244 156 26 sammanhang,
733 244 58 21 hvari
808 244 66 21 denne

59 273 100 27 paragraf
171 274 45 20 stär
231 274 31 20 till
278 274 66 20 andra
358 274 155 32 propositioner
527 273 34 21 vid
577 273 68 21 denne
657 272 105 27 landtdag.
786 273 88 20 Prosten

59 302 59 26 Hjelt
139 302 85 27 yttrade
245 302 71 24 redan,
339 305 32 17 att
385 302 7 20 i
413 303 6 19 2
436 302 12 26 8
464 302 21 20 af
500 302 58 20 detta
573 302 76 25 förslag
664 301 31 21 till
711 300 125 27 kungörelse
852 303 23 18 är

59 330 59 27 fräga
139 336 35 15 om
194 318 139 39 arbetsbetyg.
364 330 72 21 Redan
457 330 61 21 deraf
534 336 61 21 synes
611 329 51 21 böra
677 317 90 39 framgå
772 329 54 21 hvad
839 329 37 26 jag

59 359 48 21 ville
130 358 61 22 hafva
213 359 112 27 påpekadt,
347 361 32 19 att
400 361 30 19 ett
452 358 171 27 flyttningsbetyg
645 358 45 21 icke
713 358 41 21 kan
770 358 105 26 begagnas

59 388 69 21 såsom
151 387 136 27 arbetsintyg.
318 388 48 21 Men
390 388 58 20 detta
463 387 98 21 framstår
576 389 55 19 ännu
647 386 88 28 klarare,
748 387 127 21 åtminstone

60 416 129 22 beträffande
205 417 133 26 regeringens
353 416 83 27 mening
451 416 6 21 i
473 416 70 26 saken,
559 422 33 15 om
608 422 48 14 man
671 416 95 20 kommer
776 416 55 26 ihog,
844 417 32 19 att

60 445 19 21 vi
95 446 34 20 vid
144 446 68 20 denne
227 445 101 27 landtdag
343 445 40 21 fått
398 452 25 14 en
439 445 129 27 proposition
584 451 33 15 om
633 450 75 16 ansvar
723 444 33 21 för
772 444 46 26 den,
831 450 45 15 som

59 474 6 20 i
89 474 37 21 sitt
148 474 73 21 arbete
243 476 60 24 tager
324 474 75 26 någon,
414 480 45 14 som
475 474 45 21 icke
536 476 23 18 är
574 473 84 21 försedd
673 473 46 21 med
735 472 140 27 arbetsbetyg.

60 502 44 22 Blir
128 502 68 21 denna
217 502 136 27 proposition,
379 508 45 15 som
451 502 129 21 fortfarande
604 502 67 21 hvilar
695 502 6 20 i
726 501 150 27 lagutskottets

59 531 66 27 värjo,
147 533 97 25 antagen,
267 532 23 20 så
312 531 41 21 kan
376 531 35 21 det
429 531 32 21 väl
478 531 68 26 aldrig
561 531 83 20 komma
659 530 6 20 i
680 530 65 26 fråga,
762 532 31 19 att
808 531 68 25 någon

58 560 55 21 skall
135 560 56 20 inom
215 560 57 21 detta
295 560 50 21 land
367 560 21 20 få
409 560 72 21 arbete
504 561 26 25 på
546 562 31 18 ett
592 559 176 27 flyttningsbetyg.
799 558 78 22 Likaså

59 595 68 21 synes,
143 591 32 19 att
190 595 48 14 man
252 589 80 21 kanske
347 588 39 21 bör
401 589 68 20 erinra
485 588 78 26 derom,
579 591 32 18 att
622 588 82 21 landets
714 588 85 20 ständer
811 588 65 20 redan

60 618 63 21 hafva
145 617 82 27 antagit
249 624 24 14 en
289 617 122 26 författning
427 617 108 26 angående
551 623 74 15 ansvar
641 616 32 21 för
687 616 125 26 lösdrifveri;
829 616 47 24 den,

60 652 46 15 som
122 646 76 21 drifver
213 646 96 26 omkring
325 646 38 21 och
379 646 45 20 icke
439 645 38 21 har
492 646 141 26 arbetsbetyg,
648 648 50 18 utan
714 645 54 21 blott
779 647 30 18 ett
819 644 57 27 flytt-

62 674 129 27 ningsbetyg,
213 674 40 21 han
277 676 23 19 är
322 674 45 21 icke
390 674 94 26 skyddad
502 674 32 21 för
549 676 32 19 att
597 673 62 21 blifva
675 673 117 21 behandlad
807 673 69 21 såsom

61 702 128 22 lösdrifvare.
220 702 39 22 Vid
283 703 76 21 sådant
381 702 129 22 förhållande
531 709 62 21 synes
615 702 42 26 mig
673 701 21 22 af
708 702 61 21 dessa
785 703 91 19 omstän-

62 731 95 26 digheter
172 738 50 14 vara
238 731 124 27 uppenbart,
377 734 37 21 att,
430 732 24 20 så
469 731 63 21 framt
547 738 47 14 man
610 731 45 20 icke
671 730 35 21 vill
721 733 49 24 taga
785 736 50 15 vara
850 731 27 26 på

60 760 74 26 sjelfva
155 759 201 27 flyttningsbetyget,
379 763 31 17 att
430 760 35 20 det
479 760 45 20 icke
540 760 63 20 råkar
617 758 123 26 förkomma,
755 761 32 18 ett
802 758 75 22 sådant

60 788 79 27 tillägg,
156 794 45 15 som
217 788 105 21 utskottet
337 788 39 21 har
390 788 114 27 föreslagit,
520 790 24 19 är
559 787 86 22 alldeles
660 788 90 26 onödigt.

128 845 84 21 Doktor
226 844 181 22 Nordström:
424 844 82 22 Doktor
521 844 113 26 Hornborg
649 844 89 26 yttrade,
754 847 32 18 att
794 844 36 26 jag
840 844 38 20 har

60 874 54 21 visat
130 873 42 27 mig
187 879 58 15 mera
260 873 115 27 angelägen
391 879 33 15 om
439 873 204 27 flyttningsbetygets
658 872 98 22 ankomst
771 872 31 21 till
815 872 63 21 desti-

61 903 150 25 nationsorten,
227 904 26 19 än
269 908 34 15 om
319 902 26 21 de
359 902 102 26 flyttande
476 908 144 20 personernas.
650 901 54 21 Hela
718 901 47 21 mitt
780 901 98 26 yttrande

61 932 39 20 har
121 930 116 22 föranledts
257 931 45 25 just
324 930 64 25 deraf,
410 932 32 20 att
457 930 25 22 de
497 930 101 27 flyttande
613 936 128 20 personerna
756 929 45 21 icke
817 929 61 21 hafva

61 960 90 20 infunnit
166 960 32 26 sig
213 959 6 21 i
236 960 39 20 den
291 959 127 26 församling,
434 959 33 21 till
482 959 83 21 bvilken
577 960 25 20 de
612 958 78 26 uttagit
700 958 176 27 flyttningsbetyg.

61 988 32 21 En
116 988 65 22 sådan
204 988 62 26 afsigt
288 988 41 20 kan
353 988 81 20 således
455 988 46 20 icke
517 988 26 26 på
559 988 65 20 allvar
639 987 22 21 af
675 987 76 21 doktor
766 987 112 25 Hornborg

62 1016 61 22 hafva
145 1016 67 21 blifvit
235 1016 40 27 mig
291 1015 79 27 tillagd.
400 1016 82 21 Doktor
497 1016 114 26 Hornborg
625 1016 82 26 tycktes
723 1015 48 25 vilja
786 1015 92 21 undvika

62 1045 57 22 såväl
134 1051 144 21 personernas,
294 1051 45 15 som
355 1044 208 28 flyttningsbetygens
578 1044 97 21 ankomst
687 1044 32 20 till
730 1043 147 27 församlingen

62 1074 39 21 och
117 1074 36 21 det
168 1074 86 20 dermed
269 1074 99 20 förenade
383 1074 101 20 besväret.
506 1073 49 21 Men
566 1073 27 21 då
604 1079 48 15 man
663 1078 24 15 en
700 1073 55 26 gång
765 1074 24 19 är
799 1076 78 23 pastor,

62 1102 32 21 får
108 1109 48 14 man
171 1102 32 21 väl
220 1102 29 21 lof
264 1104 31 19 att
311 1102 126 21 underkasta
453 1102 30 26 sig
499 1102 35 21 det
550 1101 118 22 bestående.
698 1101 42 21 Det
754 1101 39 21 har
808 1103 70 24 tyvärr

62 1131 54 21 varit
130 1131 66 26 fallet,
212 1133 31 19 att
257 1130 172 27 flyttningsbetyg
444 1130 67 21 blifvit
527 1130 143 21 missbrukade
682 1129 22 22 af
714 1136 106 20 personer,
833 1135 45 15 som

62 1160 62 21 hafva
146 1160 76 21 saknat
244 1160 79 26 arbete,
347 1159 38 22 och
401 1159 35 21 det
451 1160 60 20 torde
526 1159 112 21 framdeles
653 1159 45 20 icke
714 1158 66 21 heller
795 1158 84 21 komma

62 1191 33 18 att
116 1188 132 21 annorlunda
269 1188 44 26 ske,
337 1194 34 15 om
393 1194 25 15 en
440 1189 55 26 gång
517 1187 198 28 flyttningsbetygen
736 1187 80 21 lemnas
831 1187 6 20 i
853 1186 25 21 de

62 1217 101 27 flyttande
185 1223 140 21 personernas
347 1223 52 20 egen
421 1217 63 26 värjo.
514 1217 38 25 De,
575 1222 45 16 som
636 1216 84 21 komma
734 1218 32 19 att
781 1221 22 16 se
819 1215 61 22 dessa

63 1246 69 27 betyg,
155 1248 48 19 .veta
225 1246 96 26 vanligen
343 1245 46 22 icke
411 1251 34 15 om
471 1245 25 22 de
514 1245 104 26 berättiga
634 1245 46 20 dem
695 1244 32 21 till
743 1244 94 21 vistande
853 1245 27 25 pä

63 1277 61 19 orten
139 1275 52 21 eller
206 1275 51 20 icke.
288 1275 42 20 Det
345 1276 24 19 är
383 1274 27 25 få,
426 1281 44 14 som
486 1274 71 21 kunna
572 1273 89 21 bedöma
672 1273 107 21 skilnaden
791 1273 89 21 emellan

64 1305 31 19 ett
117 1303 80 26 vanligt
219 1303 130 27 frejdebetyg
371 1303 38 20 och
425 1305 31 18 ett
471 1302 177 27 flyttningsbetyg.
678 1302 31 21 De
726 1302 104 26 begagnas
845 1307 34 15 om

62 1332 125 21 hvarandra.

132 1388 81 21 Rektor
228 1388 147 21 Hallstén:
393 1387 109 27 Förslaget
517 1387 122 26 innehåller,
655 1389 31 19 att
696 1387 46 25 den,
754 1393 45 14 som
811 1386 69 27 flyttat

64 1419 30 24 ut,
110 1416 54 22 skall
179 1417 66 21 förete
261 1417 58 26 intyg
335 1417 57 21 öfver
406 1416 86 26 erlagda
506 1417 77 20 krono-
599 1416 38 21 och
652 1415 135 22 kommunala
802 1415 78 26 utskyl-

66 1446 41 20 der.
140 1445 10 20 I
165 1446 75 25 många
255 1445 125 20 kommuner
394 1445 106 25 uppbäras
515 1443 205 26 kronoutskylderna
735 1443 54 20 först
804 1443 6 20 i
826 1449 55 14 mars

66 1473 40 21 och
128 1475 6 20 i
157 1473 53 26 april
233 1473 38 20 och
294 1471 134 22 kommunala
450 1472 136 25 utskylderna
607 1471 7 20 i
632 1471 82 26 augusti
729 1471 33 20 för
778 1471 35 20 det
827 1471 55 20 före-

66 1501 80 28 gående
168 1502 52 21 året.
251 1500 59 22 Skall
332 1501 42 21 han
397 1500 26 21 då
445 1500 45 22 icke
506 1500 20 21 få
540 1499 61 28 flytta
616 1499 65 22 under
696 1499 127 22 månaderne
837 1499 44 26 juni
