1086 1775
312 122 159 18 Presteständet
484 124 54 16 1877.
562 124 12 16 5
587 124 92 16 oktober.
811 117 54 21 1209

143 191 12 26 8
170 191 28 21 23
212 190 129 27 godkändes.

456 248 12 28 8
483 249 33 21 24.

143 304 110 22 Professor
275 306 132 21 Donner:
438 305 33 21 Dä
487 306 39 21 den
542 305 78 27 vigtiga
635 305 107 27 principen
758 306 39 20 här
811 305 86 25 införes,

75 335 33 21 att
129 333 61 27 ingen
213 334 41 21 kan
272 334 118 21 förhindras
406 335 32 20 att
452 333 60 28 flytta
528 334 45 22 frän
590 334 83 21 hvilken
688 334 100 21 kommun
803 334 6 20 i
825 333 74 21 landet

75 369 45 15 som
135 362 55 21 helst
200 362 31 21 till
240 370 25 13 en
276 369 75 19 annan,
360 368 61 22 synes
429 363 36 21 det
473 363 42 27 mig
527 362 58 22 äfven
597 362 99 22 behöfvas
707 364 30 20 ett
747 362 150 27 komplement.

75 391 46 21 Här
135 391 45 21 står
195 406 6 9 ,
202 391 62 27 välja
279 390 179 28 bosättningsort*
476 392 39 21 och
531 392 34 20 det
580 391 66 27 gäller
661 391 6 21 i
683 391 151 25 sammanhang
849 390 49 21 med

74 419 56 22 hvad
152 426 45 14 som
216 420 87 26 stadgas
318 420 6 20 i
340 420 65 21 andra
420 420 123 26 paragrafen
560 420 59 21 äfven
635 419 144 22 hemortsrätt.
809 419 33 21 Dä
857 419 42 21 den

74 448 133 26 bestämning
222 448 39 21 här
276 450 109 25 upptages,
400 448 68 22 skulle
484 449 35 21 det
535 450 50 20 utan
601 448 70 21 tvifvel
686 448 60 22 äfven
763 455 24 14 ur
797 447 101 22 mantals-

75 476 139 27 skrifningens
237 477 107 27 synpunkt
366 477 38 21 hos
423 483 34 16 oss
473 484 49 15 vara
538 477 21 21 af
573 478 88 20 intresse
677 479 31 19 att
723 477 67 21 införa
806 477 40 21 den
862 476 37 22 be-

75 506 111 26 stämning,
208 507 33 20 att
263 506 52 21 hvar
335 506 39 21 och
396 512 33 20 en,
452 512 45 16 som
520 506 90 21 sälunda
633 505 89 22 faktiskt
744 506 71 21 bosatt
837 505 31 27 sig
890 505 8 21 i

75 540 27 16 en
124 534 51 22 eller
193 541 70 15 annan
279 534 106 26 kommun,
401 534 55 22 inom
473 535 41 21 viss
529 535 42 21 tids
586 534 82 28 förlopp
683 536 60 20 äfven
758 534 66 21 borde
839 540 58 16 man-

76 563 130 22 talsskrifvas
231 564 57 21 inom
309 564 67 20 denna
405 564 106 21 kommun.
547 563 34 22 Nu
603 570 50 20 eger
681 564 68 20 säsom
773 563 66 21 kändt
861 564 40 20 det

75 592 131 22 förhällande
226 599 54 20 rum,
302 595 33 18 att
355 591 50 22 flere
427 599 105 20 personer,
555 592 72 22 hvilka
648 592 45 21 icke
712 592 53 27 tagit
779 592 65 26 tjenst
859 591 42 22 hos

75 621 73 26 andra,
164 621 138 26 undandraga
317 621 32 26 sig
363 621 227 26 mantalsskrifningen,
603 621 136 26 hvarigenom
751 627 48 14 man
810 620 91 21 kommit

76 649 32 22 till
124 649 41 22 den
180 651 58 20 stora
253 649 139 27 olägenheten
408 652 32 19 att
455 652 31 19 ett
501 650 80 26 ganska
596 649 104 28 betydligt
714 649 65 26 antal,
795 648 50 22 flere
859 649 41 21 tio-

76 679 104 20 tusentals
194 685 102 20 personer
311 677 74 27 finnas,
400 684 46 15 som
461 679 45 20 icke
522 680 36 19 äro
574 677 177 22 mantalsskrifna.

145 735 110 21 Professor
277 734 103 23 Cleve:
410 734 111 22 Professor
543 735 86 21 Donner
652 734 39 21 har
713 734 46 21 icke
782 741 37 15 ens
834 733 66 22 satt
890 729 15 37 i

76 763 60 28 fräga
159 763 150 27 lämpligheten
332 763 51 22 eller
404 763 173 26 rättmätigheten
600 763 89 26 derutaf,
712 765 31 19 att
758 763 72 27 hvarje
845 763 55 21 finsk

78 792 139 27 medborgare
239 792 32 21 fär
292 793 7 20 i
322 792 72 21 landet
408 794 50 19 röra
472 792 32 27 sig
518 792 46 21 fritt
579 792 39 21 och
631 792 52 21 söka
697 792 31 21 sin
744 792 103 27 bergning
862 791 40 22 der

77 821 43 22 han
135 822 47 21 bäst
197 821 42 21 kan
255 821 62 21 vinna
332 827 25 16 en
372 821 72 21 sådan.
466 820 48 22 Men
530 821 95 22 deremot
640 821 39 20 har
693 820 106 27 professor
813 821 89 21 Donner

79 852 70 20 ansett
171 849 80 27 vigtigt,
275 856 35 15 om
328 850 36 26 jag
386 849 81 22 förstod
482 849 64 22 saken
561 851 50 23 rätt,
627 851 31 20 att
674 849 39 22 här
727 849 67 22 skulle
810 849 49 26 ingä
874 855 26 14 en

79 879 133 26 bestämning
232 879 78 25 derom,
326 881 33 19 att
374 878 46 25 den,
436 884 44 16 som
496 878 93 27 inflyttar
606 878 3 21 i
625 884 25 16 en
666 878 106 25 kommun,
789 877 59 22 äfven
863 877 40 22 der

79 908 53 22 skall
156 907 175 22 mantalskrifvas.
361 907 41 27 Jag
421 906 65 22 nekar
508 907 51 26 icke,
582 909 32 19 att
634 906 220 27 mantalsskrifningen
877 908 26 19 är

79 936 125 26 nödvändig,
225 942 48 14 men
288 936 46 21 icke
349 935 39 21 hör
403 936 39 20 den
458 935 31 21 till
505 936 68 21 denna
587 935 127 26 förordning.
744 936 42 20 Det
801 935 38 21 har
853 934 48 22 icke

79 965 56 21 fallit
152 964 105 21 utskottet
272 964 21 21 in
309 966 32 20 att
355 964 7 21 i
378 964 68 21 denna
461 964 120 26 förordning
595 964 68 21 införa
678 963 161 27 bestämningar,
855 969 45 15 som

79 994 53 21 höra
147 992 33 22 till
195 999 25 15 en
235 993 45 21 helt
295 999 75 15 annan.
392 993 42 20 Det
449 994 24 19 är
485 993 24 27 ju
524 999 25 15 en
565 992 56 21 känd
637 992 38 21 sak
685 994 32 19 att
727 992 32 21 för
769 992 134 21 närvarande

79 1024 25 20 är
118 1021 102 28 styrelsen
236 1022 109 27 sysselsatt
360 1021 47 21 med
421 1022 33 19 att
468 1022 82 26 reglera
565 1020 220 27 mantalsskrifningen
796 1020 27 27 pä
833 1020 68 26 grund

80 1050 22 22 af
116 1051 35 21 det
167 1050 116 26 utlåtande,
298 1056 45 15 som
359 1056 25 14 en
400 1049 70 21 derför
485 1050 83 21 nedsatt
583 1049 80 21 komitö
677 1049 86 27 afgifvit.
792 1048 44 22 Och
851 1054 50 15 man

80 1079 61 21 torde
161 1078 82 22 säledes
258 1078 62 22 hafva
335 1080 32 20 att
382 1080 63 19 vänta
460 1084 26 15 en
501 1078 121 26 förändring
637 1077 32 22 till
684 1078 37 21 det
736 1078 70 21 bättre
820 1078 7 20 i
842 1078 61 20 detta

80 1107 104 23 afseende.

147 1164 90 23 Prosten
253 1164 99 28 Hjelt:
368 1164 138 27 Fullkomligt
520 1163 153 22 instämmande
687 1164 7 20 i
710 1163 108 28 professor
828 1162 75 24 Cleves

78 1196 83 20 senaste
181 1194 99 27 yttrande
302 1192 68 23 skulle
390 1193 36 26 jag
449 1193 55 21 blott
519 1193 48 26 vilja
582 1192 88 21 hänvisa
685 1192 32 21 till
734 1194 24 19 19
775 1193 11 26 $
810 1193 5 20 3
830 1198 72 19 mom.,

78 1223 7 21 i
107 1223 80 21 hvilket
209 1223 39 21 allt
270 1222 42 26 det,
335 1228 45 15 som
403 1221 106 28 professor
532 1221 85 22 Donner
639 1221 93 26 anförde,
748 1220 67 22 finnes
829 1220 75 28 älagdt

79 1251 73 27 hvarje
168 1251 105 21 kommun.

147 1308 83 22 Doktor
275 1307 147 27 Hornborg:
444 1307 40 26 Jag
499 1307 84 21 förenar
597 1307 42 27 mig
654 1307 49 21 med
719 1306 105 27 professor
839 1306 65 22 Cleve

79 1337 40 22 och
141 1339 86 25 prosten
250 1337 60 26 Hjelt
332 1336 39 21 och
394 1337 54 20 hade
470 1336 32 21 för
518 1335 62 26 afsigt
595 1338 31 19 att
642 1335 86 21 hänvisa
743 1335 32 21 till
793 1335 25 20 19
835 1335 12 26 $
863 1334 40 22 och

81 1365 169 28 upplysningsvis
269 1364 96 22 meddela
380 1367 33 19 att
427 1365 7 21 i
450 1365 35 20 det
500 1364 83 27 förslag,
599 1371 44 14 som
659 1366 24 19 är
698 1363 113 28 uppgjordt
825 1364 24 21 af
863 1363 40 21 den

78 1394 86 25 komit6,
186 1395 7 19 i
217 1394 85 20 hvilken
323 1393 60 22 äfven
402 1393 36 26 jag
456 1393 54 21 hade
526 1395 50 18 äran
591 1393 56 22 sitta,
664 1393 61 20 äfven
740 1393 42 20 vite
797 1394 24 19 är
836 1393 69 20 utsatt

78 1421 33 22 för
125 1421 146 22 försummelse
286 1421 7 21 i
309 1421 36 21 det
361 1421 21 22 af
396 1420 106 28 professor
518 1421 85 20 Donner
618 1420 93 27 antydda
725 1419 114 22 afseendet.

146 1478 111 22 Professor
271 1478 132 21 Donner:
433 1477 40 26 Jag
496 1477 38 21 ber
553 1479 32 20 att
607 1477 22 30 fä
651 1476 88 27 päpeka,
759 1478 32 20 att
804 1476 37 27 jag
855 1475 48 22 icke

79 1508 95 28 åsyftade
198 1507 75 22 endast
299 1507 47 22 dem
371 1512 45 16 som
441 1505 81 28 inflytta
544 1505 32 22 till
591 1512 26 15 en
633 1505 128 27 församling,
777 1507 50 20 utan
843 1505 61 21 äfven
