1084 1834
214 142 54 21 1540
397 146 159 18 Presteståndet
568 147 54 17 1877.
647 147 27 17 20
690 145 91 19 oktober.

184 216 95 21 fromma.
310 216 70 21 Annat
403 215 40 21 blir
458 215 141 21 förhållandet
614 222 33 14 om
663 221 48 15 man
726 214 106 22 beräknar
846 214 56 22 hvad
917 214 86 22 aflönin-

186 251 40 20 gen
241 244 46 22 från
302 244 122 21 landsdelen
439 244 7 21 i
461 244 148 26 församlingen
624 246 64 24 utgör
698 243 38 22 och
748 243 27 21 då
786 245 59 25 tager
857 244 59 20 detta
928 243 76 27 belopp

186 274 6 20 i
208 272 131 22 förhållande
354 273 32 21 till
402 272 128 26 persontalet
545 272 6 20 i
567 272 214 27 stadsförsamlingen.
805 272 34 21 Då
853 272 42 21 kan
911 272 36 21 det
961 272 44 21 låta

188 303 50 26 säga
254 302 37 26 sig.
321 302 49 21 Men
385 301 69 21 såsom
470 301 65 21 orden
551 301 38 21 här
603 300 50 28 lyda
667 301 42 21 kan
725 307 47 15 man
783 301 102 26 misstaga
893 301 38 27 sig.
953 300 52 21 Huf-

187 330 108 22 vudsaken
311 336 50 16 vore
377 332 31 18 att
423 330 39 21 här
477 330 46 21 icke
539 330 65 20 måtte
620 329 64 21 blifva
699 328 74 23 luckor
788 331 69 25 öppna
870 330 33 20 för
913 329 92 21 advoka-

186 362 32 18 ter
242 362 32 18 att
295 365 59 21 mysa
375 358 64 22 öfver.
456 371 27 3 —
499 358 84 22 Sådana
598 358 164 26 anmärkningar
777 358 39 21 har
829 358 36 27 jag
880 360 70 20 ansett
964 358 42 26 mig

187 388 52 21 böra
262 388 69 20 uttala
353 386 107 28 angående
483 388 69 20 denna
568 389 9 19 1
594 387 12 28 &
622 387 39 21 och
678 386 123 22 hemställer
822 387 32 21 till
877 387 129 27 högvördiga

185 416 86 22 ståndet
293 418 32 20 att
339 416 56 21 fästa
410 416 39 21 den
465 416 195 27 uppmärksamhet,
676 416 84 21 ståndet
775 422 62 15 anser
853 416 40 21 den
908 416 97 26 förtjena.

255 473 89 21 Prosten
359 473 80 21 Roos:
464 472 44 21 Här
523 473 38 20 har
577 479 25 15 en
618 473 51 20 ärad
684 473 67 20 talare
766 473 63 25 förut,
846 473 77 21 doktor
937 473 69 21 Nord-

186 504 72 23 ström,
273 502 70 27 tyckts
358 501 56 22 fästa
429 501 88 26 mycken
531 501 44 26 vigt
590 501 35 21 vid
641 501 25 21 de
682 504 32 18 tre
725 501 66 22 första
802 502 89 21 raderna
901 502 7 21 i
926 502 3 20 I
942 508 63 15 mom.

187 531 22 21 af
228 531 5 26 8
252 533 16 18 1.
299 531 42 20 För
362 531 43 20 min
427 530 33 21 del
477 531 46 20 åter
538 535 62 16 anser
612 531 43 25 jag,
671 530 7 21 i
694 529 66 22 likhet
776 531 46 20 med
837 533 86 24 prosten
939 529 66 22 Grön-

187 560 57 26 berg,
254 559 105 27 uttrycket
368 559 37 21 der
413 565 50 14 vara
473 558 79 27 ganska
563 559 113 21 sväfvande
686 559 39 21 och
736 559 129 26 obestämdt;
877 565 47 15 men
933 559 27 21 då
971 559 35 21 det

185 594 61 21 synes
269 594 51 15 vara
335 587 215 26 regleringskomitén,
566 593 45 15 som
627 587 55 21 skall
696 588 97 26 slutligen
810 588 119 21 bestämma
943 588 62 25 hvad,

186 623 44 15 som
246 618 23 19 är
285 616 121 26 anständigt
428 616 39 21 och
491 615 87 22 emedan
593 616 209 26 regleringskomitén
817 616 19 27 ej
851 617 61 26 tycks
927 616 7 20 i
950 617 55 20 stån-

186 646 36 20 det
244 645 62 21 hafva
329 645 111 26 opinionen
463 645 33 20 för
511 645 37 26 sig,
564 651 62 14 anser
638 644 38 27 jag
691 645 35 20 det
742 645 98 26 temligen
855 645 150 26 betydelselöst

186 676 32 19 att
241 673 107 22 diskutera
365 675 9 18 1
392 679 61 15 mom.
469 673 70 21 förrän
555 679 48 15 man
618 676 42 23 vet,
675 673 103 21 huruvida
794 673 161 22 bestämmelsen
971 680 34 15 om

186 702 247 27 regleringskomitéerna
456 709 36 14 ens
514 702 38 26 går
566 702 89 26 igenom.
686 702 42 21 Går
744 702 18 27 ej
778 702 122 21 densamma
915 703 89 26 igenom,

186 731 93 21 förfaller
301 731 48 20 hela
365 731 35 21 det
415 732 124 24 momentet;
555 733 22 24 ty
592 731 27 20 då
634 732 24 19 är
673 731 35 20 det
723 731 68 27 ingen,
806 737 44 15 som
866 733 61 25 säger
943 731 61 26 hvad,

186 766 45 15 som
253 762 23 19 är
299 760 127 25 anständigt.
443 772 26 3 —
484 759 134 22 Beträffande
639 760 46 21 åter
706 759 26 21 de
755 760 23 21 af
791 759 50 22 flere
856 760 68 21 talare
940 760 65 21 redan

187 789 112 21 omnämda
314 787 61 22 svåra
388 788 162 27 beskyllningar,
566 794 44 15 som
620 788 84 27 gjordes
716 788 173 27 kyrkoherdarne
901 789 6 20 i
918 789 87 20 allmän-

186 817 37 21 het
245 817 26 25 på
291 817 152 26 förmiddagen,
467 819 44 18 tror
531 817 43 26 jag,
597 818 33 19 att
649 817 39 21 den
704 817 64 21 ärade
783 817 81 22 talaren
880 817 72 21 dervid
968 817 37 26 såg

187 845 89 22 tillbaka
298 845 27 26 på
347 852 26 14 en
395 845 97 21 förfluten
514 845 38 26 tid,
568 845 79 21 hvilket
662 851 62 20 synes
738 846 43 26 mig
796 846 81 27 framgå
892 846 65 26 deraf,
973 848 32 19 att

186 881 81 14 samme
282 874 64 21 ärade
361 874 68 21 talare
444 874 64 21 också
522 874 35 21 vid
568 875 36 20 det
614 874 92 21 tillfället
716 875 76 20 nämde
803 881 33 14 om
848 875 70 25 något,
930 881 45 14 som
986 874 18 27 ej

188 904 26 26 på
230 903 60 27 länge
306 903 38 21 har
359 902 80 22 funnits
455 903 38 27 till,
510 903 103 26 nemligen
629 905 31 19 ett
675 903 57 27 lägre
747 903 140 27 presterskap.

256 960 89 22 Prosten
367 959 155 22 Helander:
552 960 41 26 Jag
614 960 39 21 har
675 960 65 26 tyckt,
762 962 32 19 att
816 960 26 21 de
864 960 59 21 fleste
943 960 23 21 af
979 960 26 21 de

186 990 64 20 ärade
277 989 178 21 ståndsbröderne
485 989 51 21 eller
564 989 127 21 åtminstone
712 989 81 27 ganska
814 989 75 26 mänge
913 988 22 22 af
956 989 47 21 dem

187 1017 63 22 hafva
265 1018 6 21 i
287 1018 68 21 denna
372 1018 9 19 1
399 1017 12 27 8
426 1017 59 27 tyckt
500 1018 32 26 sig
547 1017 56 21 finna
618 1017 46 21 skäl
679 1018 32 20 till
728 1018 35 20 det
776 1017 63 27 hopp,
854 1020 32 18 att
896 1017 108 27 ändtligen

188 1053 25 15 en
229 1046 71 27 obillig
315 1046 118 26 fördelning
443 1046 73 22 ibland
527 1047 37 21 det
573 1046 158 27 tjenstgörande
742 1047 157 26 presterskapet
909 1047 6 20 i
926 1052 79 16 samma

186 1076 123 26 församling
323 1075 68 21 skulle
406 1075 123 27 upphäfvas.
556 1075 28 21 Sä
599 1076 81 21 förstod
695 1076 64 21 också
772 1075 35 27 jag
816 1075 125 27 paragrafen
952 1076 53 20 först

187 1105 39 21 och
241 1104 87 27 gladdes
343 1104 7 21 i
365 1104 48 21 mitt
428 1104 58 21 sinne
502 1104 103 26 deröfver,
618 1106 32 19 att
660 1104 36 22 det
706 1111 28 14 nu
745 1104 107 27 ändtligen
863 1104 68 22 skulle
942 1103 63 22 blifva

187 1133 88 27 möjligt,
298 1135 32 19 att
351 1132 48 26 alla,
418 1139 44 15 som
479 1134 74 20 arbeta
567 1133 7 21 i
590 1139 80 15 samma
685 1134 79 26 arbete,
781 1133 63 21 också
859 1133 68 21 skulle
942 1133 21 21 få
978 1133 27 27 på

186 1163 32 26 sig
240 1162 126 26 tillämpadt,
389 1164 32 19 att
439 1161 113 22 arbetaren
568 1163 23 20 är
606 1162 31 21 sin
653 1162 34 21 lön
703 1162 51 21 värd
770 1162 39 22 och
825 1164 31 19 att
872 1162 79 21 enhvar
966 1161 39 22 bör

186 1191 22 21 få
230 1190 35 22 lön
287 1190 54 22 efter
360 1190 37 21 sitt
412 1190 79 22 arbete.
522 1190 49 22 Men
584 1191 24 27 ju
622 1196 78 20 nogare
715 1197 49 14 man
780 1190 54 22 läser
849 1190 156 27 paragraferna,

187 1220 93 20 dessmer
302 1220 94 20 kommer
417 1225 48 14 man
480 1219 32 21 till
527 1219 41 21 den
584 1219 159 27 öfvertygelsen,
760 1221 32 19 att
806 1219 47 21 från
868 1218 137 28 paragrafens

189 1250 9 18 1
216 1254 62 14 mom.
297 1254 48 14 man
361 1247 18 27 ej
395 1247 41 21 kan
453 1247 70 21 hemta
538 1247 46 21 skäl
599 1248 31 20 till
647 1249 31 19 ett
692 1248 76 21 sådant
784 1248 63 26 hopp.
876 1248 66 20 Läser
957 1253 48 15 man

187 1276 103 27 nemligen
313 1282 56 20 noga
389 1276 40 21 den
444 1275 67 22 första
525 1277 117 25 meningen,
658 1276 45 21 står
718 1276 38 21 der
778 1276 89 28 ,Hvarje
883 1276 123 26 församling

185 1311 51 15 vare
256 1305 73 27 pligtig
349 1306 32 20 att
402 1304 55 22 förse
473 1305 37 21 sitt
523 1304 136 27 presterskap
674 1304 48 22 med
738 1311 25 15 en
779 1304 54 22 efter
847 1304 158 22 embetsbefatt-

187 1334 51 26 ning
255 1334 38 21 och
310 1333 86 21 dermed
411 1333 100 21 förenade
527 1333 124 27 åligganden
666 1333 86 26 lämpad
768 1332 109 28 anständig
893 1332 111 27 aflöning.*

187 1362 86 21 Således
295 1362 116 21 bibehälles
426 1362 7 19 i
449 1361 144 26 fördelningen
615 1361 38 21 allt
674 1362 130 20 fortfarande
827 1368 81 14 samma
923 1361 82 20 skilnad

186 1389 89 22 emellan
296 1389 199 26 embetsbefattning
510 1389 40 20 och
566 1389 84 20 dermed
666 1389 100 20 förenade
782 1389 75 26 tjenste
873 1389 131 26 åligganden,

188 1423 45 15 som
255 1418 64 21 förut.
348 1417 40 26 Jag
405 1417 80 26 tycker,
500 1419 33 19 att
548 1423 47 15 man
612 1417 64 21 också
691 1417 22 20 af
726 1417 77 21 doktor
817 1417 138 21 Nordströms
970 1416 35 27 på-

186 1445 97 28 pekande
305 1445 42 22 kan
363 1445 84 22 komma
462 1445 32 21 till
509 1451 81 16 samma
604 1444 93 22 slutsats.
727 1445 73 22 Skulle
816 1445 35 22 det
866 1452 29 14 nu
909 1451 52 16 vara
975 1445 29 26 sä,

186 1475 24 21 sä
224 1475 68 21 skulle
308 1474 32 21 väl
356 1474 92 21 flertalet
462 1473 22 22 af
498 1473 25 22 de
538 1474 65 21 ärade
618 1474 157 27 ständsbröder,
791 1480 45 16 som
848 1474 63 21 hafva
923 1474 82 27 afgifvit

187 1503 169 26 betänkligheter
377 1507 46 17 mot
445 1503 59 21 detta
525 1503 120 26 lagförslag,
667 1503 64 21 ocksä
750 1503 79 21 kanske
845 1503 70 25 insett,
931 1505 32 19 att
979 1503 25 20 de

186 1531 197 28 betänkligheterna
398 1532 7 21 i
420 1531 36 22 det
471 1531 109 22 afseendet
594 1531 128 22 ätminstone
737 1533 37 20 äro
791 1532 95 27 onödiga.
909 1531 43 23 För
962 1531 43 22 min
