1089 1814
205 132 54 22 1300
395 135 225 18 Presteständet
566 127 63 34 1877.
645 135 13 15 9
670 134 92 16 oktober.
972 129 15 1 -

174 205 83 21 således
267 194 8 40 '
279 210 34 16 om
333 204 42 21 han
395 204 45 20 icke
456 202 89 27 äsämjes
561 202 47 21 med
624 202 99 20 domaren
739 206 33 16 om
788 200 66 27 priset
868 199 42 21 kan
925 198 72 22 betala

176 234 69 20 denna
265 232 20 21 in
301 234 82 20 natura.
412 232 48 21 Men
477 238 33 14 om
526 232 45 20 åter
587 230 47 21 med
649 230 104 26 gångbart
768 229 43 26 pris
826 234 72 16 menas
914 227 82 21 marke-

175 261 116 27 gångspris,
307 267 50 15 vore
367 260 36 21 det
413 266 25 15 en
449 260 109 26 obillighet
569 261 57 19 emot
636 259 118 24 domarene,
767 259 21 25 ty
799 257 120 27 derigenom
930 256 67 22 skulle

176 296 26 15 en
222 290 93 26 ansenlig
334 289 119 26 minskning
468 289 6 20 i
491 288 60 22 deras
566 288 116 21 inkomster
697 285 89 27 inträffa,
803 285 88 22 emedan
907 285 26 21 de
948 284 48 22 obe-

176 321 61 19 sutne
260 319 67 21 under
349 318 55 27 goda
418 318 30 25 år,
465 317 27 21 då
507 317 155 26 markegången
678 318 22 18 är
716 314 83 28 mycket
814 314 54 32 hög,
878 313 68 22 skulle
962 312 36 22 be-

176 348 44 20 tala
235 348 20 20 in
271 349 76 19 natura
362 346 39 22 och
416 346 66 21 under
498 346 70 26 dåliga
582 346 31 25 år,
628 345 27 21 då
671 344 35 21 det
718 343 108 27 gångbara
837 345 65 25 priset
913 344 23 19 är
947 342 51 26 högt

176 376 39 21 och
239 376 155 26 markegängen
415 375 41 26 låg,
478 374 24 21 de
525 375 45 21 icke
593 374 66 21 skulle
682 373 111 21 underlåta
813 374 31 19 att
859 371 71 22 betala
945 371 53 21 efter

177 404 204 27 medelmarkegång.

245 461 154 27 Kyrkoherden
422 460 211 21 Fredriksson
656 458 141 22 understödde
813 458 72 21 rektor
899 457 99 21 Kihlman

175 490 7 21 i
199 490 78 22 dennes
291 492 72 18 senast
378 489 115 26 framlagda
508 488 84 27 förslag.

246 547 89 21 Prosten
358 545 98 28 Hjelt:
485 546 41 21 Det
550 552 36 15 var
608 545 48 21 med
679 544 97 22 afseende
791 545 13 21 å
819 546 31 19 ett
868 543 22 22 af
904 549 25 16 en
945 543 55 22 före-

177 575 80 28 gående
278 575 50 21 ärad
352 575 66 20 talare
440 575 54 20 fäldt
516 575 104 26 yttrande,
638 580 45 15 som
696 573 36 27 jag
748 573 91 26 begärde
855 573 67 21 ordet.
952 572 47 21 Han

177 607 67 24 säger,
266 606 32 19 att
321 603 71 26 hvarje
414 603 189 21 samhällsmedlem
626 602 39 21 bör
679 603 7 20 i
701 602 31 21 sin
754 608 48 15 mon
818 601 88 26 bidraga
921 600 32 21 till
969 603 31 18 att

178 633 124 21 underhålla
325 632 123 21 domstolen.
478 631 78 27 Hvarje
578 631 192 22 samhällsmedlem
793 631 67 20 måste
875 631 6 20 i
896 629 32 22 sin
951 635 49 15 mon

178 661 39 21 och
233 661 31 21 sin
279 660 100 27 ställning
394 660 88 27 bidraga
496 660 32 21 till
544 659 195 28 upprätthållandet
752 660 22 21 af
782 658 218 26 samhällsordningen

178 690 40 21 och
233 689 7 22 i
255 689 39 22 och
309 689 48 22 med
373 689 115 21 detsamma
505 689 97 26 bidrager
615 689 40 20 ban
668 689 64 20 också
742 688 32 21 till
785 687 128 22 domstolens
924 687 76 21 under-

178 719 49 20 håll.
258 719 41 20 Det
313 718 75 26 bidrag
403 717 78 22 enhvar
496 717 80 22 lemnar
591 719 23 19 är
629 717 58 20 lösen
702 717 32 21 för
750 717 26 20 de
792 716 148 27 expeditioner,
956 721 44 15 som

178 747 22 21 af
214 747 124 26 domstolen,
363 747 26 20 dä
410 746 42 22 han
471 746 107 27 begagnar
593 747 47 23 den,
656 745 32 21 till
703 746 77 21 honom
796 745 100 22 utfärdas.
927 744 73 22 Redan

178 776 34 21 vid
234 775 166 22 sammanträdet
422 776 40 20 den
478 777 10 19 1
506 775 41 26 Maj
570 775 54 21 fäste
644 774 36 27 jag
698 774 213 27 uppmärksamheten
926 773 28 26 på
969 775 32 19 att

179 804 42 21 alla
243 803 154 27 författningar,
420 810 44 15 som
487 804 66 21 under
576 810 25 14 en
624 803 39 21 och
684 809 80 15 samma
784 803 101 26 landtdag
900 803 101 24 utfärdas,

179 833 66 21 borde
262 833 33 20 stå
310 833 7 20 i
332 832 126 21 konformité
474 833 46 20 med
536 831 125 22 hvarandra.
687 832 11 21 I
713 831 100 27 förslaget
828 838 34 15 om
878 831 123 27 presteaflö-

178 862 50 26 ning
243 861 44 22 står
301 863 33 20 att
348 861 72 21 tionde
434 861 123 27 spanmålen
572 860 32 22 får
619 861 55 20 lösas
690 861 47 20 med
753 861 116 26 penningar
881 860 39 21 och
931 860 27 21 då
968 862 33 19 ut-

178 890 81 21 skottet
273 889 46 22 icke
335 889 106 26 föreslagit
456 890 45 20 deri
516 891 69 25 någon
600 889 94 27 ändring,
710 889 24 22 så
749 891 45 19 tror
806 889 38 27 jag
854 891 31 19 att
896 889 36 21 det
941 889 61 21 kom-

179 925 45 15 mer
239 920 32 20 att
285 918 64 22 blifva
363 918 123 21 ständernas
502 919 75 21 beslut.
608 918 28 21 Af
650 924 80 15 samma
744 917 47 22 skäl
806 924 44 15 som
867 918 83 21 dennna
966 918 35 21 be-

179 948 105 25 stämning
299 947 68 27 ingått
382 947 6 20 i
404 947 67 21 denna
486 947 39 21 sist
541 947 126 22 omnämnda
683 946 129 27 författning,
828 947 38 21 bör
882 947 63 22 också
956 946 7 21 i
974 953 28 15 nu

179 976 159 27 ifrågavarande
359 975 124 27 författning
498 976 132 26 bestämning
644 976 50 26 ingå
709 976 78 25 derom,
804 977 32 20 att
851 975 36 22 det
902 976 44 21 står
962 975 40 22 den

179 1005 112 21 betalande
307 1005 46 21 fritt
367 1007 32 19 att
414 1004 45 22 lösa
475 1004 40 22 den
531 1005 76 21 honom
618 1005 75 26 ålagda
704 1004 96 27 afgälden
810 1005 6 20 i
828 1004 122 27 penningar,
962 1004 40 22 den

180 1035 33 20 mä
229 1034 64 22 sedän
309 1034 87 26 bidraga
412 1034 30 20 till
458 1033 78 27 ökning
551 1034 51 21 eller
618 1033 118 27 minskning
751 1033 6 21 i
776 1033 124 21 domarenes
920 1034 81 20 inkom-

179 1064 50 19 ster.
260 1062 102 26 Slutligen
377 1062 84 21 förenar
474 1062 36 26 jag
525 1063 42 25 mig
582 1062 48 20 med
645 1062 146 27 kyrkoherden
805 1062 139 21 Fredriksson
956 1062 45 21 der-

179 1091 38 25 uti,
240 1093 32 19 att
285 1091 36 26 jag
336 1090 45 21 icke
397 1096 61 15 anser
474 1090 64 26 något
553 1090 45 22 skäl
614 1096 50 15 vara
679 1090 84 21 anfördt
778 1090 32 21 för
826 1092 31 19 att
872 1090 130 27 presterska-

179 1121 37 25 pet
238 1119 67 21 skulle
328 1119 69 21 ikläda
416 1119 31 26 sig
462 1125 26 15 en
503 1118 125 28 skyldighet,
644 1119 46 21 från
706 1118 84 22 hvilken
807 1118 35 21 det
856 1118 56 22 ända
926 1118 76 22 hittills

179 1148 55 21 varit
249 1147 90 21 befriadt
355 1148 38 20 och
408 1146 47 22 från
471 1147 83 22 hvilken
568 1148 36 26 jag
620 1147 80 27 hoppas
715 1149 32 19 att
762 1148 36 21 det
814 1148 60 21 äfven
889 1146 113 23 framdeles

179 1176 54 21 skall
248 1182 50 16 vara
313 1175 113 23 frikalladt.

248 1233 76 21 Pastor
345 1233 210 21 Westerlund:
581 1233 10 21 I
606 1232 112 27 anledning
740 1233 22 21 af
783 1235 85 25 prosten
884 1232 118 26 Dahlbergs

179 1263 83 20 senaste
277 1262 100 27 yttrande
391 1262 67 21 måste
471 1262 37 26 jag
522 1261 115 27 lyckönska
653 1262 25 21 de
694 1264 58 19 orter
766 1262 41 22 han
819 1262 88 22 omtalat
918 1262 32 21 till
963 1262 40 22 den

180 1291 55 26 goda
250 1290 137 22 ekonomiska
402 1290 98 27 ställning
516 1290 26 21 de
557 1290 110 22 innehafva
678 1290 39 22 och
728 1290 100 21 särskildt
840 1292 86 25 prosten
937 1290 66 22 Dahl-

180 1319 51 26 berg
254 1318 31 21 till
309 1320 31 20 att
358 1318 62 22 hafva
434 1318 40 22 fått
489 1319 31 21 sin
536 1318 83 22 hemort
634 1318 116 22 derstädes.
780 1319 10 21 TI
805 1319 37 21 sitt
857 1319 57 21 förra
930 1320 74 21 andra-

179 1347 69 25 gande
263 1348 51 20 sade
329 1348 105 24 nämligen
450 1347 48 21 herr
514 1349 92 24 prosten,
622 1349 31 18 att
668 1348 38 20 der
720 1347 77 21 funnos
812 1347 128 27 inhysingar,
956 1354 46 14 som

179 1374 55 21 hade
257 1374 103 21 tusentals
383 1374 59 22 mark
457 1374 100 21 utlånade
572 1374 38 21 och
626 1374 50 21 fann
692 1374 44 21 deri
751 1376 32 19 ett
798 1374 46 22 skäl
858 1374 33 22 för
906 1375 49 21 dem
971 1377 33 19 att

180 1402 71 21 betala
270 1402 153 27 tingsgästning
438 1402 40 21 och
493 1408 28 15 nu
536 1402 67 21 finner
619 1402 41 21 han
675 1402 191 22 bruksarbetarene
882 1402 62 22 hafva
959 1409 45 15 mer

181 1430 39 22 och
236 1430 69 21 bättre
321 1430 117 23 inkomster
452 1433 27 19 än
494 1431 149 27 inhysingarne
660 1443 24 3 —
700 1431 62 22 alltså
778 1432 67 22 måste
858 1432 35 21 det
904 1432 32 21 stå
948 1438 54 21 myc-

180 1459 37 22 ket
239 1459 33 21 väl
293 1459 33 22 till
349 1459 114 22 derstädes.
494 1460 30 21 Pä
540 1459 50 22 vära
605 1461 57 20 orter
677 1462 23 19 är
716 1460 46 22 äter
777 1461 59 22 detta
850 1463 31 19 ett
896 1461 107 27 undantag

181 1489 39 21 och
233 1488 36 27 jag
284 1489 36 21 vill
333 1489 45 22 icke
394 1489 21 21 af
429 1489 107 28 undantag
550 1491 52 25 göra
617 1495 25 16 en
653 1489 63 27 regel.
738 1489 86 22 Kanske
834 1489 122 22 fabrikerna
967 1490 37 22 der

181 1517 52 22 bära
248 1517 31 27 sig
293 1518 70 22 bättre
379 1519 26 20 än
420 1517 39 22 hos
474 1524 40 16 oss.
