1084 1817
308 131 159 19 Presteståndet
478 134 54 16 1877.
558 134 21 16 16
592 133 91 18 oktober.
823 128 54 22 1437

86 198 157 28 förutsättning,
263 201 32 20 att
318 200 48 22 mitt
387 200 79 28 förslag
487 201 122 27 godkännes
631 214 26 3 —
676 208 50 15 anse
741 201 36 21 det
792 201 66 27 klokt,
875 203 33 20 att

87 227 59 21 detta
163 228 66 26 förlag
245 231 86 24 antages
351 229 23 21 af
386 230 156 26 presteståndet
556 230 75 21 endast
645 229 112 27 eventuelt,
774 230 19 20 d.
808 236 19 14 v.
842 236 16 16 s.
875 232 32 19 att

86 256 156 26 presteståndet
263 257 79 21 uttalar
364 258 31 26 sig
416 258 32 20 för
468 258 121 24 detsamma,
605 264 54 20 men,
673 258 7 20 i
695 258 99 21 händelse
810 258 36 21 det
861 258 46 22 icke

86 284 42 21 kan
142 284 34 21 för
191 284 133 27 ögonblicket
338 286 62 20 vinna
414 286 115 26 pluralitet,
545 286 27 21 då
587 286 32 22 för
634 286 36 21 det
684 286 84 27 förslag,
784 292 46 15 som
842 286 6 21 i
858 293 49 20 pro-

85 312 68 22 fessor
168 313 74 21 Cleves
256 314 130 21 reservation
400 314 68 22 finnas
482 314 124 22 tramstäldt.

154 370 110 22 Professor
279 371 172 21 Ehrström:
467 371 73 22 Under
555 371 145 22 diskussionen
716 377 34 15 om
766 372 68 21 denna
844 378 62 20 para-

86 398 49 28 graf
155 399 64 21 hafva
239 398 51 22 flere
313 400 64 21 ärade
397 400 74 25 talare,
490 400 28 27 pä
532 400 83 22 hvilkas
630 400 78 26 äsigter
720 400 38 26 jag
772 402 68 20 sätter
856 400 52 26 högt

86 428 71 24 värde,
176 428 121 26 framhällit,
313 430 33 20 att
361 428 40 22 den
416 428 80 22 olikhet
511 430 7 20 i
533 429 137 27 skjutslegan,
685 435 45 15 som
746 429 88 22 föresläs
848 428 59 22 säväl

86 457 6 21 i
114 456 39 22 den
174 457 77 26 nädiga
271 458 165 26 propositionen,
456 464 45 15 som
516 457 68 24 äfven,
600 457 67 22 ehuru
682 458 31 20 till
729 458 57 21 olika
801 458 84 26 belopp,
900 458 7 20 i

86 486 116 21 utskottets
218 486 140 26 betänkande,
374 486 67 22 skulle
456 486 44 22 afse
516 488 31 20 ett
557 486 64 26 tväng
631 486 32 22 till
673 488 32 20 att
715 486 114 22 framhälla
840 488 68 19 entre-

86 515 80 27 prenad
189 514 38 22 och
250 514 89 22 sälunda
361 514 56 22 hvila
440 515 27 27 pä
489 516 40 21 den
547 515 113 27 jesuitiska
675 517 81 19 satsen:
773 514 135 26 ,ändamälet

86 544 74 26 helgar
181 544 101 21 medlen*.
312 544 33 21 Dä
365 543 36 27 jag
422 544 33 21 för
469 545 43 21 min
528 544 34 21 del
577 544 66 21 finner
657 544 42 26 mig
714 544 24 21 af
752 545 48 21 mitt
814 546 94 20 samvete

86 572 137 22 oförhindrad
239 574 31 20 att
284 574 60 20 rösta
358 572 33 22 för
406 573 40 21 den
462 573 56 21 olika
533 573 130 26 skjutslegan
679 572 39 22 och
732 573 46 21 icke
794 579 62 15 anser
866 573 42 26 mig

86 601 121 27 derigenom
230 601 113 21 hemfallen
358 601 23 21 ät
396 602 68 26 nägon
477 602 111 26 jesuitism,
604 607 61 15 anser
678 601 36 27 jag
729 601 43 27 mig
786 601 75 27 pligtig
876 603 32 19 att

86 630 118 27 framlägga
225 630 73 21 skälen
321 630 32 21 för
376 630 39 22 den
438 630 61 27 äsigt,
521 631 80 27 hvarpä
616 632 31 19 ett
662 630 76 21 sädant
752 630 156 27 handlingssätt

86 658 47 22 frän
155 659 42 21 min
221 658 46 22 sida
289 658 68 22 skulle
378 659 63 21 hvila.
470 658 159 22 Presteständet
644 659 38 21 har
697 658 33 22 för
746 659 31 21 sin
793 659 33 22 del
842 659 66 21 redan

85 694 76 20 genom
183 688 38 21 sitt
242 688 69 20 beslut
333 688 108 26 angående
465 689 9 20 1
492 688 11 27 &
518 688 79 21 uttalat
611 688 40 21 den
666 688 116 26 principen,
798 689 32 20 att
845 687 63 24 hvad,

86 722 46 15 som
154 722 29 15 nu
205 717 93 25 stadgas,
320 716 65 21 borde
407 716 85 22 komma
512 719 33 19 att
562 716 57 27 gälla
635 718 73 19 endast
724 716 42 22 tills
782 717 70 21 vidare
869 716 39 21 och

86 747 32 19 att
134 745 110 26 meningen
260 751 50 15 vore
326 746 31 20 att
373 745 157 27 lagstiftningen
546 745 65 21 borde
627 744 63 22 blifva
702 745 72 26 sädan,
787 747 32 19 att
829 744 79 28 skjuts-

87 773 121 27 hållningen
232 773 115 22 framdeles
371 774 70 20 kunde
465 774 86 21 komma
575 775 32 19 att
631 773 146 27 upprätthålla
800 774 32 26 sig
854 773 54 27 sjelf.

86 802 81 22 Medlet
182 802 71 22 härtill
269 804 25 19 är
309 804 146 25 entreprenad.
478 802 149 22 Preteständet
642 802 38 21 har
695 802 55 22 varit
764 808 50 16 ense
829 802 79 27 derom,

86 832 39 26 att,
146 831 45 21 ifall
213 831 94 27 antaglig
321 831 140 27 entreprenad
477 831 41 21 kan
533 831 92 21 erhällas
639 831 34 21 för
687 831 69 22 blotta
771 831 138 27 skjutslegan,

87 860 27 21 dä
129 859 54 22 skall
199 860 140 27 entreprenad
351 860 106 26 anläggas.
480 860 125 22 Emellertid
617 860 39 21 har
667 859 84 22 ständet
761 859 61 22 äfven
832 860 76 20 under-

87 888 71 22 kastat
180 888 32 26 sig
234 889 42 25 det,
300 891 38 24 att,
361 895 34 15 om
410 889 141 26 entreprenad
566 888 46 22 icke
627 889 42 20 kan
684 888 92 22 erhällas
792 888 33 22 för
840 888 69 22 blotta

86 916 137 28 skjutslegan,
237 920 50 18 utan
300 918 65 27 nägot
379 917 93 22 tillskott
487 920 24 18 är
526 916 106 28 behöfligt,
647 917 54 21 skall
716 917 60 21 detta
790 917 83 21 betalas
888 917 23 21 af

87 946 54 26 dem,
162 946 71 21 hvilka
249 946 190 28 hällskjutsningen
454 946 64 27 enligt
533 946 92 22 beslutet
641 946 67 21 skulle
721 946 77 26 åligga,
828 946 42 21 Det
884 947 26 19 är

87 974 82 22 säledes
191 974 59 28 fräga
266 982 33 14 om
315 975 143 27 möjligheten,
475 976 38 20 och
529 976 36 20 det
581 977 23 19 är
620 975 61 26 högst
696 975 114 25 sannolikt,
826 976 32 20 att
873 974 36 22 det

87 1004 7 20 i
109 1004 106 20 närmaste
237 1003 92 28 framtid,
351 1004 127 21 ätminstone
501 1004 69 26 nägon
592 1004 31 21 tid
646 1004 78 26 bortät,
745 1004 41 20 blir
800 1002 108 28 behöfligt,

86 1034 33 19 att
141 1034 32 18 ett
192 1032 91 22 tillskott
305 1032 68 22 skulle
396 1032 82 22 betalas
497 1033 7 20 i
519 1033 40 20 och
574 1032 33 21 för
622 1032 146 28 entreprenad.
798 1032 34 21 Nu
848 1038 61 20 synes

87 1060 37 22 det
145 1061 50 26 mig,
217 1060 69 22 säsom
309 1067 34 15 om
367 1061 68 21 denna
457 1062 71 23 tanke,
547 1061 86 21 hvilken
648 1061 46 21 icke
708 1062 56 20 varit
779 1060 130 21 främmande

87 1088 33 22 för
134 1089 135 27 regeringens
283 1090 131 26 proposition
429 1090 6 20 i
451 1091 77 23 ämnet,
543 1090 19 26 ej
578 1089 66 22 heller
659 1089 33 21 för
706 1089 117 21 utskottets
837 1089 72 21 betän-

88 1117 75 26 kande,
186 1120 24 19 är
230 1118 45 26 just
297 1119 46 26 den,
367 1124 44 16 som
433 1118 40 21 har
495 1118 122 22 framkallat
640 1118 160 26 bestämningen
819 1124 34 15 om
869 1118 40 20 den

88 1146 57 21 olika
167 1146 130 28 skjutslegan
320 1147 34 21 vid
377 1148 140 26 entreprenad
540 1147 40 21 och
602 1146 35 22 vid
655 1147 119 27 skjutsning
788 1146 22 22 in
824 1148 84 20 natura.

87 1174 31 28 Ty
139 1175 168 27 uppenbarligen
329 1177 24 20 är
375 1176 35 21 det
431 1176 98 24 tillskott,
552 1182 45 15 som
620 1177 24 19 är
659 1176 7 20 i
680 1176 60 26 fråga
755 1176 33 20 att
802 1177 108 24 entrepre-

88 1205 65 19 nören
176 1203 68 22 skulle
267 1204 82 22 erhålla
363 1204 7 22 i
385 1205 161 27 skjutspenning
560 1204 83 22 utöfver
658 1203 56 22 hvad
729 1204 26 21 de
770 1203 140 27 skjutsnings-

88 1232 95 27 skyldige
205 1232 74 27 sjelfva
294 1233 69 22 skulle
377 1233 22 21 fä
413 1233 101 27 uppbära,
531 1233 69 21 afsedt
615 1234 32 20 att
661 1232 83 22 minska
760 1232 35 22 det
811 1232 97 24 tillskott,

89 1267 44 15 som
156 1262 27 20 de
204 1261 226 28 skjutsningsskyldige
445 1262 67 22 borde
527 1262 71 22 betala
613 1261 23 21 ät
651 1262 165 26 entreprenören
831 1260 39 22 och
886 1263 23 19 är

88 1289 83 21 säledes
182 1290 6 20 i
200 1290 74 26 sjelfva
289 1290 74 22 verket
378 1290 126 22 tillkommet
518 1290 34 22 för
567 1292 32 20 att
614 1290 68 21 lindra
697 1289 213 27 skjutsningsbördan

88 1318 34 20 för
137 1318 26 21 de
178 1318 230 28 skjutsningsskyldige.
439 1319 32 21 Då
486 1320 60 20 detta
561 1319 66 27 enligt
641 1318 55 22 hvad
710 1318 36 27 jag
760 1318 42 21 kan
817 1318 57 21 finna
886 1319 24 19 är

88 1346 147 26 grundtanken
257 1347 8 21 i
285 1348 40 21 den
341 1348 164 26 bestämningen,
521 1348 42 21 kan
575 1348 38 26 jag
627 1347 46 21 icke
689 1346 56 22 finna
760 1346 86 21 hvarför
860 1352 49 15 man

89 1375 46 21 icke
155 1381 67 21 gerna
243 1376 69 22 skulle
330 1376 27 28 gä
371 1376 21 22 in
406 1377 29 26 pä
449 1383 26 15 en
490 1377 66 21 sädan
571 1376 137 26 bestämning.
738 1375 49 21 Men
800 1374 37 27 jag
852 1374 58 22 med-

88 1403 67 27 gifver
175 1406 33 19 att
230 1405 69 21 denna
320 1406 133 26 grundtanke
475 1406 118 26 egentligen
615 1404 68 22 skulle
705 1403 63 22 hafva
787 1404 82 21 fordrat
884 1409 26 15 en

90 1432 65 21 sädan
171 1432 138 28 bestämning,
325 1440 45 15 som
387 1436 23 18 är
424 1434 99 26 gällande
537 1434 8 20 i
560 1434 85 26 Sverige
661 1433 39 21 och
715 1432 33 22 för
762 1432 86 22 hvilken
857 1432 51 26 jem-

90 1459 34 22 väl
145 1460 158 26 professorerne
325 1462 104 21 Forsman
451 1462 39 21 och
510 1462 86 20 Donner
612 1461 77 21 uttalat
704 1460 38 27 sig,
758 1462 32 19 att
805 1460 105 26 nemligen

90 1490 204 26 entreprenadlegan
315 1490 48 22 icke
385 1490 68 21 skulle
474 1490 129 21 bestämmas
618 1488 34 26 fix,
668 1490 51 20 utan
734 1488 48 22 med
797 1490 31 20 ett
844 1488 66 21 maxi-

90 1523 64 19 mum,
176 1524 46 16 som
243 1518 42 22 kan
300 1519 77 22 sänkas
391 1518 8 22 i
412 1518 133 22 förhällande
559 1518 34 22 till
608 1517 104 22 anbuden.
741 1516 42 28 Jag
797 1523 51 16 vore
863 1517 47 21 der-
