1081 1811
309 139 161 19 Presteståndet
483 140 55 19 1877.
562 141 25 17 25
600 141 92 18 oktober.
824 135 54 21 1645

87 215 26 16 en
128 209 66 26 högre
209 209 112 26 folkskola,
341 211 56 19 samt
412 209 108 26 angående
535 209 73 22 remiss
623 209 33 22 till
671 209 161 22 statsutskottet
846 210 22 21 af
882 216 25 15 en

87 237 33 22 till
135 237 86 22 ståndet
235 237 104 22 atlemnad
354 237 22 21 af
389 237 225 28 Finansexpeditionen
631 238 5 20 i
648 237 118 27 Kejserliga
776 240 87 19 senaten
875 238 33 21 för

87 266 91 21 Finland
192 265 106 27 uppgjord
313 266 73 25 kalkyl
400 265 59 22 öfver
474 265 156 27 tillgångarna
623 261 14 35 i
644 267 107 20 allmänna
765 266 143 21 statsfondens

88 294 106 21 ordinarie
216 294 116 20 inkomster
354 293 34 21 för
408 294 136 21 bestridande
566 294 22 20 af
608 296 62 19 extra
688 294 88 26 utgifter
791 297 58 19 utom
865 296 43 19 stat

87 322 67 22 under
168 322 74 27 loppet
257 322 22 21 af
292 322 24 21 år
333 323 65 24 1877;
412 322 40 21 och

156 380 40 20 2:o.
226 378 57 22 Från
305 378 133 22 hedervärda
461 378 155 22 bondeståndet
636 379 34 21 för
692 379 40 21 den
755 380 27 20 20
803 379 39 21 och
858 379 49 21 23
894 374 17 37 i

86 413 81 15 samma
190 408 75 21 månad
287 406 131 23 beträffande
440 407 95 21 ståndets
557 408 69 21 beslut
647 408 90 21 rörande
757 408 151 26 lagutskottets

87 436 134 21 betänkande
231 436 8 21 i
250 436 114 27 anledning
374 436 22 21 af
405 436 77 27 nådiga
492 436 159 27 propositionen
662 436 109 27 angående
780 436 128 21 förändrade

87 464 159 27 bestämningar
261 471 34 15 om
310 465 175 21 häradsrätterna
500 466 40 20 och
555 467 152 19 sammansatta
722 466 44 26 lag-
781 465 39 21 och
830 465 78 21 ekozo-

88 493 146 21 miutskottets
248 493 134 22 betänkande
397 494 7 20 i
420 493 114 27 anledning
555 494 22 21 af
597 493 78 27 nådiga
696 494 158 26 propositionen
870 500 38 15 an-

87 522 81 26 gående
184 522 160 27 tingsgästning.

155 665 120 21 Fortsattes
293 665 48 20 med
357 665 149 21 diskuterande
526 665 24 21 af
567 666 152 20 sammansatta
739 665 44 26 lag-
803 664 38 22 och
858 665 50 20 eko-

88 693 174 22 nomiutskottets
285 693 133 22 betänkande
441 700 33 15 n:o
491 694 12 20 6
526 694 7 20 i
552 694 113 26 anledning
680 693 22 22 af
715 693 60 22 Hans
790 693 118 27 Kejserliga

87 722 111 27 Majestäts
213 722 77 27 nådiga
305 722 130 27 proposition
450 722 33 21 till
499 722 101 21 Finlands
611 722 98 25 Ständer,
723 722 108 27 angående
841 722 67 27 regle-

87 751 47 26 ring
156 750 23 22 af
198 751 169 27 presterskapets
383 750 92 27 aflöning
489 751 7 20 i
512 751 83 22 landets
611 750 241 28 evangelisk-lutherska
866 751 40 20 för-

87 779 120 26 samlingar.

156 837 11 26 8
185 837 25 20 16
226 836 122 27 godkändes
363 838 51 19 utan
430 836 127 22 diskussion.

156 893 38 21 Om
212 894 12 26 $
241 895 25 19 17
282 895 92 25 utspann
389 893 32 27 sig
435 893 92 27 följande
544 893 129 21 diskussion:

156 950 90 22 Prosten
269 950 152 28 Grönberg:
451 950 40 27 Jag
514 950 37 22 ber
566 952 32 20 att
612 950 22 21 få
648 950 120 21 återhemta
782 950 56 21 hvad
851 950 36 27 jag
902 950 7 20 i

88 979 75 27 början
178 979 22 21 af
214 980 147 21 diskussionen
376 980 117 24 anmärkte,
509 981 31 19 att
556 980 26 21 de
597 985 16 15 s.
624 978 20 22 k.
656 978 253 27 regleringskomitéerna,

87 1008 70 22 såvidt
169 1008 37 27 jag
222 1009 41 20 kan
279 1008 51 26 inse,
346 1008 84 27 mycket
447 1008 31 21 väl
494 1008 71 21 kunna
579 1007 105 22 umbäras.
714 1007 26 22 Vi
754 1008 65 20 hafva
832 1007 77 21 hittills

88 1037 64 27 slagit
174 1044 34 14 oss
231 1040 24 18 ut
278 1037 47 21 dem
341 1037 85 21 förutan
441 1037 45 25 och,
510 1037 88 21 emedan
614 1036 36 22 det
665 1038 23 20 är
704 1037 32 20 att
751 1038 83 25 antaga,
855 1038 32 19 att
902 1036 7 20 i

89 1067 55 21 vissa
165 1066 38 21 fall
226 1066 26 21 de
274 1066 75 21 endast
371 1065 69 22 skulle
462 1065 94 22 medföra
578 1066 73 26 längre
666 1065 134 27 tidsutdrägt,
815 1065 8 21 i
837 1064 37 22 fall
888 1064 24 21 af

88 1094 113 28 rättegång
222 1094 55 22 ända
299 1095 32 21 till
354 1095 36 21 två
411 1094 39 22 och
470 1097 32 18 tre
518 1094 29 26 är,
569 1096 56 19 utom
640 1094 56 20 hvad
712 1100 44 15 som
772 1094 65 21 redan
853 1094 57 20 förut

88 1124 39 21 har
142 1124 54 21 varit
212 1123 58 22 fallet
285 1136 28 2 —
328 1123 37 21 det
385 1123 39 21 har
440 1123 55 21 varit
518 1122 93 27 exempel
631 1122 29 27 pä
680 1124 32 19 att
732 1122 36 21 det
790 1122 39 21 har
849 1122 62 21 räckt

88 1152 43 22 fem
152 1152 24 21 är
197 1152 64 21 innan
287 1158 26 15 en
334 1151 106 28 reglering
465 1152 38 21 har
525 1152 80 21 kunnat
626 1151 86 21 komma
737 1151 32 21 till
794 1151 63 21 ständ
876 1163 34 12 —,

88 1181 106 27 afstyrker
206 1181 37 26 jag
257 1180 137 27 paragrafens
409 1181 125 26 antagande.

157 1238 83 21 Doktor
255 1237 161 27 Hornborg:
440 1237 72 21 Under
526 1236 160 22 äterhemtande
703 1236 22 21 af
733 1236 55 21 hvad
796 1236 37 26 jag
843 1236 67 21 redan

88 1266 36 22 vid
139 1266 36 22 det
190 1266 68 21 första
272 1266 92 26 plenum,
386 1266 27 21 dä
434 1266 72 26 frägan
522 1266 90 24 förevar,
632 1264 90 28 yttrade,
738 1265 123 27 godkänner
874 1264 36 27 jag

90 1295 68 21 denna
172 1294 103 27 paragraf
288 1295 75 20 endast
378 1295 48 20 med
442 1295 46 25 den,
504 1295 28 25 pä
547 1294 67 26 grund
630 1294 22 20 af
666 1293 58 21 förut
738 1293 80 21 fattade
834 1292 75 27 beslut,

88 1324 78 26 nödiga
181 1322 123 27 förändring
318 1322 22 22 af
354 1323 28 26 pä
396 1329 48 20 pag.
463 1325 25 19 10
503 1323 43 21 rad.
557 1323 12 19 2
580 1321 174 22 förekommande
764 1322 62 20 ordet
836 1321 75 24 ,verk-

88 1352 85 21 ställes*
188 1351 32 21 till
236 1351 152 26 ,förberedes*.
417 1351 10 21 I
442 1357 80 15 samma
537 1350 54 28 syfte
606 1350 39 22 har
657 1350 37 26 jag
709 1350 62 21 äfven
786 1350 125 21 formulerat

89 1380 77 26 nödiga
181 1380 149 26 förändringar
344 1380 7 20 i
366 1380 25 26 $$
407 1380 34 24 18,
460 1380 24 21 19
500 1379 39 21 och
550 1380 34 24 21,
600 1378 32 22 till
643 1378 72 22 hvilka
724 1378 38 27 jag
773 1378 96 22 anhäller
879 1379 32 20 att

89 1408 21 21 fä
125 1408 138 26 äterkomma,
280 1408 26 21 dä
322 1408 36 21 det
373 1408 40 20 blir
429 1407 59 27 fräga
503 1414 33 14 om
554 1408 60 20 dessa
629 1407 130 26 paragrafer.

157 1464 84 21 Doktor
262 1464 133 26 Lamp6n:
426 1463 31 21 På
478 1464 67 25 grund
567 1462 23 22 af
608 1462 36 21 det
661 1462 37 26 jag
720 1462 64 21 redan
800 1462 57 20 förut
872 1461 39 21 har

88 1492 47 21 haft
150 1494 51 19 äran
217 1492 80 26 anföra,
312 1493 46 20 stär
370 1492 37 27 jag
422 1491 39 21 allt
476 1491 130 21 fortfarande
622 1490 42 21 fast
676 1490 36 21 vid
727 1492 32 19 att
774 1490 95 20 förkasta
879 1489 31 21 in-

90 1521 97 22 förandet
202 1521 23 22 af
238 1521 61 21 dessa
314 1521 120 26 föreslagna
448 1519 227 29 regleringskomit6er,
698 1519 87 21 emedan
798 1518 36 27 jag
850 1523 62 17 anser
