1084 1817
302 137 161 19 Presteståndet
475 139 55 17 1877.
554 140 26 17 25
593 139 95 18 oktober.
814 133 54 21 1627

150 208 142 25 Domprosten
315 207 84 26 Borg:
427 207 42 27 Jag
491 208 108 27 beklagar,
621 210 33 19 att
673 208 35 27 jag
731 208 23 22 af
773 208 72 21 ohelsa
858 208 45 26 just

82 236 7 21 i
106 236 60 21 dessa
181 235 98 22 sednaste
296 235 65 27 dagar
376 235 60 22 äfven
453 243 27 14 nu
495 238 55 20 varit
565 237 90 21 hindrad
670 239 32 18 att
718 237 48 21 med
781 237 64 26 nödig
855 243 51 20 nog-

81 265 107 26 grannhet
202 264 52 26 följa
272 264 48 21 med
335 265 56 20 mina
407 264 163 22 ständsbröders
585 265 157 26 andraganden.
772 265 40 26 Jag
828 265 81 21 lemnar

83 293 80 21 kanske
186 293 27 20 dä
234 293 71 24 ocksä,
329 294 50 20 utan
402 295 32 19 att
449 293 48 26 sjelf
518 296 49 19 veta
582 293 42 26 det,
640 296 31 19 ett
686 294 39 21 och
740 295 66 20 annat
820 293 88 22 obesva-

84 321 48 22 radt
153 321 23 22 af
194 321 62 26 hvad,
278 327 45 15 som
347 321 69 22 blifvit
438 322 99 21 anmärkt
560 323 44 21 mot
625 322 133 27 paragrafen.
788 322 55 21 Mest
865 322 42 21 för-

82 351 81 20 undrar
186 350 35 21 det
242 350 41 26 mig
306 349 145 28 öfverhufvud,
474 353 32 19 att
526 357 48 15 man
594 350 68 22 finner
683 351 68 21 denna
772 351 100 26 paragraf
885 351 24 20 sä

82 379 111 27 opraktisk
216 379 39 21 och
276 378 23 21 sä
321 378 37 21 illa
381 379 117 26 redigerad.
528 380 40 27 Jag
591 379 80 22 vänder
690 380 42 26 mig
754 379 54 22 först
822 382 45 19 mot
882 379 26 21 de

84 407 170 26 anmärkningar,
277 413 44 15 som
343 407 69 21 blifvit
433 407 74 27 gjorda
529 411 45 19 mot
588 407 178 28 prestaflöningen
781 408 34 21 för
829 409 26 20 de
873 413 36 16 en-

81 436 71 21 skilda
167 435 186 27 förrättningarna,
369 436 52 21 eller
436 437 102 24 deremot,
555 439 31 19 att
597 437 113 26 afoifterna
720 437 34 20 för
764 437 71 26 vigsel,
846 436 63 21 barn-

81 465 50 26 dop,
151 464 141 27 jordfästning
308 463 39 22 och
363 466 65 19 annat
443 465 68 26 dylikt
526 465 164 22 embetsbiträde
706 465 66 22 borde
787 465 51 21 eller
853 465 55 26 finge

81 493 88 27 utbytas
192 495 45 19 mot
258 493 111 20 bestämda
392 493 67 25 ärliga
481 494 115 26 utskylder.
626 493 40 27 Jag
683 494 36 21 ber
734 496 56 19 ännu
806 495 31 20 att
852 494 56 20 mine

82 521 158 26 ständsbröder,
260 521 49 21 ville
329 521 98 27 betänka,
444 521 55 22 huru
515 522 117 26 betänkligt
648 523 35 20 det
699 521 102 22 förhäller
815 522 32 26 sig
860 522 48 21 med

81 550 126 27 uppbörden
230 549 22 22 af
273 550 62 21 dessa
357 550 213 27 förrättningsmedel.
600 551 40 27 Jag
655 552 61 25 säger
731 553 56 19 ännu
802 550 53 21 hvad
870 551 39 26 jag

81 578 35 22 för
138 578 78 22 femton
239 578 24 22 är
285 579 89 21 tillbaka
397 579 56 25 sade,
475 581 32 20 att
527 580 60 21 dessa
602 579 89 27 ligvider
707 579 130 22 omedelbart
852 579 56 22 efter

82 607 167 27 förrättningens
264 607 43 21 slut
321 607 83 27 förtaga
419 607 140 27 välsignelsen
576 608 47 21 dess
639 608 40 21 frid
695 608 39 22 och
746 610 60 19 störa
816 608 89 21 embets-

84 636 191 27 förrättningarnas
297 635 69 28 helgd,
389 637 39 20 och
449 636 37 27 jag
506 637 106 26 tillägger:
631 637 36 21 det
689 639 23 19 är
730 637 7 21 i
758 639 88 24 sanning
865 637 42 20 för-

81 664 117 26 skräckligt
217 666 33 20 att
268 665 65 21 tänka
355 665 71 26 derpä,
446 667 31 19 att
492 671 48 15 man
556 666 30 21 lik
602 665 39 21 den
657 665 120 27 lumpnaste
792 665 115 21 handtvär-

82 693 52 21 kare
157 693 69 27 aldrig
246 693 54 21 skall
320 693 68 27 slippa
411 694 36 20 det
467 695 32 20 att
519 696 75 25 genast
617 694 90 21 kontant
730 693 81 22 betalas
826 693 33 22 för
874 694 32 21 sin

82 722 103 26 heligaste
210 722 133 26 förrättning.
380 722 39 22 Att
441 722 83 22 således
546 722 158 28 propositionen
727 722 40 22 och
791 722 115 22 utskottets

83 750 134 22 betänkande
239 750 67 22 skulle
327 750 63 21 hafva
413 750 23 22 så
458 751 83 27 mycket
556 752 76 26 syndat
647 751 39 21 och
702 751 49 21 felat
767 751 50 25 deri,
834 752 31 20 att
881 751 27 21 de

83 779 63 21 hafva
168 779 57 21 velat
245 779 100 21 reducera
363 780 42 20 alla
427 780 84 27 möjliga
530 780 229 26 förrättningsafgifter,
775 786 45 14 som
836 780 71 20 kunna

82 808 120 26 reduceras,
225 808 32 22 till
280 808 110 21 bestämda
411 809 112 26 personela
544 808 115 28 utskylder,
683 808 77 22 förstår
780 808 37 26 jag
838 808 25 26 ej.
880 820 27 3 —

81 836 42 27 Jag
144 836 77 28 tyckte,
244 838 32 20 att
300 836 69 27 någon
394 837 23 21 af
444 838 25 20 de
498 837 127 27 föregående
655 837 95 22 talarene
779 837 128 21 förundrade

83 866 31 26 sig
130 866 60 21 äfven
206 865 58 22 öfver
279 866 42 26 det,
337 867 32 20 att
384 865 141 27 sjukbesöken
541 866 19 27 ej
576 866 63 22 hafva
654 865 68 23 blifvit
736 866 128 21 reducerade
875 865 32 21 till

82 894 80 22 sådana
178 894 42 22 fixa
234 894 111 27 personela
360 894 116 27 utskylder.
507 895 88 21 Förstår
610 901 48 15 man
674 894 27 22 då
716 895 18 27 ej
750 894 52 22 eller
811 894 35 21 vill
857 900 50 15 man

84 923 19 26 ej
124 923 60 25 fatta,
208 924 32 20 att
262 924 54 25 manj
332 923 41 21 kan
389 923 94 21 beräkna
496 924 79 21 antalet
590 924 23 21 af
626 924 68 26 vigda,
711 924 71 26 döpta,
797 923 55 21 döda
867 923 39 21 och

77 952 108 26 jordfästa
206 952 6 20 i
235 958 26 15 en
282 952 132 27 församling;
430 958 47 15 men
493 959 48 15 man
557 952 41 22 kan
614 952 20 27 ej
651 952 93 22 beräkna
759 951 148 27 sjukbesöken.

82 980 41 22 Det
139 981 95 21 kommer
249 980 31 22 alt
295 981 65 27 derpä
375 987 33 20 an,
425 980 54 22 huru
494 981 6 21 i
516 988 25 15 en
557 981 125 27 församling
697 987 45 15 mer
758 980 52 22 eller
825 980 82 22 mindre

81 1009 81 27 vanligt
177 1012 24 19 är
216 1012 83 24 presten
315 1010 80 20 anlitad
410 1010 35 20 vid
461 1010 121 26 sjukbesök.
612 1010 41 21 Det
668 1012 24 18 är
708 1010 96 26 omöjligt
819 1011 32 19 att
863 1009 43 21 tala

82 1044 34 15 om
140 1038 70 26 någon
232 1038 27 20 fix
281 1038 97 26 personel
399 1038 67 26 afgift,
482 1044 45 15 som
542 1038 68 22 skulle
626 1039 96 26 erläggas
736 1038 23 21 ät
774 1040 84 24 presten
874 1038 34 20 för

81 1066 64 22 dessa
160 1066 71 22 besök.
262 1067 48 21 Men
326 1072 33 16 om
375 1067 62 21 dessa
452 1067 114 26 sjukbesök
582 1067 39 21 och
636 1067 117 27 ersättning
768 1066 32 21 för
810 1067 47 20 dem
868 1066 39 21 har

82 1100 47 16 man
150 1095 61 21 äfven
230 1097 53 25 sagt,
298 1097 33 19 att
347 1095 137 27 ovilkorligen
501 1096 72 21 dervid
586 1095 66 21 borde
667 1095 67 28 fästas
750 1101 26 15 en
792 1094 115 27 penninge-

79 1123 70 26 afgift.
180 1124 59 21 Skall
254 1125 37 20 det
309 1124 27 21 dä
350 1124 107 26 verkligen
473 1124 77 25 hända,
566 1126 32 19 att
613 1124 64 21 också
693 1124 6 20 i
712 1124 145 23 Österbotten,
869 1124 38 20 der

82 1158 48 15 man
146 1152 69 27 aldrig
230 1154 24 19 är
268 1159 40 14 van
324 1154 32 19 att
373 1152 52 21 bära
440 1159 42 20 upp
497 1153 70 26 någon
583 1152 61 27 afgift
659 1152 33 21 för
705 1151 120 28 sjukbesök,
837 1151 70 22 denna

80 1180 62 27 afgift
157 1181 54 21 skall
226 1181 85 21 införas.
327 1181 43 21 Det
386 1187 49 15 vore
451 1184 32 18 att
497 1182 51 24 visa,
565 1183 31 19 att
612 1183 84 24 presten
712 1180 69 27 aldrig
791 1181 41 20 kan
841 1181 66 20 vårda

80 1210 34 25 sig
137 1216 33 15 om
186 1210 31 21 sin
234 1209 99 22 åbörares
349 1209 44 28 själ,
408 1210 47 21 icke
470 1216 37 15 ens
521 1211 7 20 i
544 1211 78 20 dennes
638 1209 102 26 dödsnöd,
757 1212 50 18 utan
823 1211 32 19 att
871 1209 36 20 det

81 1239 90 20 betalas.
201 1238 43 26 Mig
266 1239 83 26 trycker
371 1238 79 21 tanken
472 1238 27 27 på
521 1239 70 20 denna
606 1238 175 27 lagbestämning,
796 1243 45 16 som
857 1243 49 15 man

80 1267 87 24 önskar,
183 1267 31 21 till
230 1267 39 21 den
285 1267 59 27 grad,
361 1269 31 19 att
408 1267 37 26 jag
460 1267 37 21 ber
513 1269 33 19 att
561 1266 21 22 få
598 1266 117 27 korteligen
731 1266 55 21 blott
802 1269 56 22 säga,
874 1268 33 19 att

81 1296 21 20 vi
124 1295 6 21 i
154 1296 40 21 den
217 1295 86 27 komité,
326 1296 37 21 der
381 1295 36 26 jag
433 1296 54 20 hade
502 1298 52 19 äran
570 1297 32 19 att
616 1295 51 21 sitta
683 1296 46 20 med
745 1297 87 24 prosten
848 1294 59 25 Hjelt

80 1323 42 22 och
144 1326 74 24 pastor
232 1324 72 27 Lilius,
320 1323 85 27 ansågo,
421 1326 39 22 att,
477 1324 26 21 då
519 1325 19 20 vi
554 1323 82 22 införde
651 1323 84 27 afgifter
749 1323 33 21 för
797 1323 42 20 alla
854 1323 52 25 möj-

81 1352 43 25 liga
139 1353 69 26 betyg,
228 1359 44 14 som
288 1353 21 20 vi
325 1351 62 22 hafva
403 1353 81 20 kunnat
499 1352 117 27 uppräkna,
636 1351 20 21 vi
671 1352 120 26 derigenom
808 1353 41 19 sett
865 1351 42 20 till-

80 1381 57 25 godo
153 1381 164 26 presterskapet,
332 1381 24 21 så
370 1382 33 19 att
418 1381 20 20 vi
454 1381 70 20 kunde
539 1381 74 26 stryka
628 1382 31 19 ett
674 1380 71 21 streck
761 1379 58 21 öfver
832 1379 75 25 frågan

82 1414 35 15 om
132 1409 116 26 ersättning
264 1409 32 21 för
312 1409 119 27 sjukbesök,
447 1415 34 14 om
497 1409 85 21 hvilken
597 1410 74 25 pastor
686 1408 62 27 Lyra,
764 1407 143 27 besynnerligt

82 1442 48 20 nog,
141 1439 62 24 säger
218 1437 31 26 sig
264 1438 19 24 ej
299 1437 63 21 hafva
377 1439 42 18 sett
435 1439 31 18 ett
481 1438 37 19 ord
535 1438 6 19 i
557 1436 132 27 paragrafen.
712 1437 43 20 Det
770 1437 24 19 är
804 1438 53 21 sant,
870 1435 38 20 der

82 1465 106 26 begagnas
204 1465 18 26 ej
238 1465 61 21 ordet
313 1465 125 27 sjukbesök;
461 1471 48 15 men
531 1464 79 21 förstår
633 1469 48 16 man
704 1464 90 21 svenska
813 1465 49 24 rätt,
884 1462 24 21 så

82 1493 89 28 betyder
193 1493 122 22 socknebud
337 1493 121 26 sjukbesök.
474 1505 27 3 —
516 1493 42 27 Jag
580 1493 96 20 kommer
695 1499 29 14 nu
743 1492 32 21 till
791 1492 54 25 dem,
861 1497 46 15 som

82 1522 63 22 hafva
167 1525 87 20 motsatt
276 1523 33 26 sig
326 1521 62 23 äfven
407 1524 32 19 att
454 1521 176 28 päskpenningar,
651 1520 137 28 dagsverken,
803 1519 104 23 matskott
