1095 1806
317 119 160 17 Presteständet
489 120 52 17 1877.
565 121 13 15 3
590 118 90 18 oktober.
818 108 54 24 1155

85 186 62 22 Cleve
162 186 116 28 föreslagit,
294 188 19 20 d.
329 194 18 14 v.
363 194 16 15 s.
395 190 33 20 att
443 188 36 22 det
493 189 68 21 skulle
576 189 55 27 lyda,
663 189 38 25 ,så
716 188 40 22 ock
770 194 90 16 mannen
871 188 32 21 sin

85 216 74 21 hustru
175 215 39 22 och
229 216 88 22 hustrun
334 217 31 21 sin
381 218 66 20 man”.

153 273 89 21 Prosten
267 274 89 20 Roos:
380 274 33 21 Då
433 280 89 15 mannen
537 274 62 27 gifter
615 274 31 26 sig
660 275 88 25 antages
764 274 41 24 det,
820 274 33 20 att
868 274 37 20 det

86 303 24 19 är
134 302 53 20 hans
212 302 38 20 sak
276 304 32 19 att
331 302 91 27 försörja
446 303 32 20 sin
509 303 74 21 hustru
609 302 39 22 och
675 303 32 20 sin
732 302 99 26 möjligen
855 301 50 21 blif-

86 330 66 21 vande
174 330 72 27 familj,
268 330 40 22 och
332 331 67 21 under
414 337 25 15 en
455 331 65 21 sådan
536 330 148 27 förutsättning
700 332 24 20 är
740 330 36 22 det
791 330 33 21 väl
839 330 65 22 också

86 365 44 15 som
156 359 91 27 qvinnan
272 359 66 27 gifver
360 360 32 26 sig
414 359 23 21 åt
455 366 96 17 mannen,
573 360 46 20 icke
640 361 32 19 att
687 359 41 21 hon
744 359 54 21 skall
814 359 91 26 försörja

85 388 85 23 honom,
190 390 51 18 utan
262 388 41 21 han
326 388 73 21 henne.
430 389 39 20 Att
488 389 27 20 då
530 388 38 21 här
583 388 77 21 införes
675 394 25 14 en
716 388 133 26 bestämning
864 393 40 21 om,

87 418 32 19 att
143 416 63 21 också
228 416 89 22 hustrun
340 417 6 20 i
370 417 55 27 vissa
447 417 36 21 fall
499 416 54 22 skall
568 416 91 28 försörja
674 417 31 20 sin
721 422 56 19 man,
793 422 62 16 anser
868 416 37 26 jag

86 445 63 21 hårdt
172 445 39 21 och
234 446 104 20 orättvist.
369 446 30 20 Är
422 446 35 20 det
479 452 25 14 en
526 445 135 21 rättskaffens
676 445 82 24 hustru,
773 451 46 15 som
834 444 72 21 älskar

86 474 31 21 sin
139 480 55 19 man,
217 476 39 24 gör
270 474 41 21 hon
334 474 39 21 allt
387 474 32 21 för
434 476 32 19 att
481 474 71 21 kunna
567 474 89 26 försörja
671 473 87 27 honom;
774 475 23 19 är
812 474 43 20 hon
871 473 35 21 det

87 502 52 26 icke,
163 502 80 26 bjelper
266 503 72 21 dervid
353 503 62 25 ingen
431 503 40 27 lag,
487 503 40 21 den
542 502 59 22 leder
616 503 74 21 endast
705 502 32 21 till
752 502 154 26 förvecklingar

88 531 38 21 och
151 530 31 22 till
203 531 117 28 boskilnad,
343 531 27 21 då
391 531 55 21 båda
468 534 109 24 parternes
593 531 120 27 skyldighet
727 533 45 19 mot
786 530 121 22 hvarandra

88 560 39 21 har
149 559 99 27 upphört.
278 561 30 20 Ar
323 560 36 21 det
375 560 46 21 åter
436 566 25 15 en
477 560 91 27 gammal
584 560 95 21 orkeslös
694 566 55 20 man,
766 566 44 15 som
826 560 39 20 har
881 565 26 15 en

88 595 43 20 ung
155 588 75 22 hustru
258 588 15 16 —
303 589 35 21 det
360 591 23 19 är
399 589 54 21 dock
469 591 30 19 ett
514 588 156 27 undantagsfall
684 591 33 19 att
732 595 26 15 en
774 595 41 20 ung
829 588 78 27 gvinna

88 620 61 24 tager
163 624 26 14 en
204 618 91 26 gammal
310 618 69 26 gubbe
394 630 28 2 —
438 618 23 21 så
476 618 34 21 må
525 618 42 21 hon
583 618 27 20 då
624 617 91 27 försörja
729 617 85 21 honom.
829 629 28 3 —
867 616 40 26 Jag

89 646 68 21 skulle
178 646 72 21 derför
265 653 56 19 anse,
338 648 32 19 att
385 647 62 26 ingen
462 647 122 26 förändring
599 646 23 21 af
634 646 126 27 paragrafen
776 648 23 19 är
815 646 93 20 nödvän-

90 675 40 27 dig,
147 677 57 25 utan,
220 677 32 19 att
267 675 125 27 paragrafen
413 676 42 20 kan
469 676 124 26 godkännas
608 674 66 22 sådan
689 675 40 21 den
744 676 24 20 är
782 674 126 27 föreslagen.

158 732 111 22 Professor
290 732 102 22 Cleve:
414 732 40 27 Jag
476 732 92 28 begärde
584 732 60 22 ordet
658 732 76 21 endast
748 732 34 20 för
797 733 32 19 att
845 730 64 22 blifva

90 762 7 20 i
113 761 81 21 tillfälle
211 763 32 19 att
258 763 56 19 ännu
329 768 25 14 en
370 761 56 27 gång
441 761 78 21 betona
533 763 33 19 att
581 761 39 21 här
630 760 45 22 icke
688 762 24 19 är
722 760 61 27 fråga
793 766 33 15 om
837 761 72 23 annat,

91 792 26 19 än
133 791 37 20 det
185 790 142 26 alternativet,
343 792 24 19 är
383 790 35 21 det
433 790 151 21 kommunerne
599 790 52 21 eller
666 791 24 19 är
703 790 38 26 det
756 790 95 25 hustrun,
865 794 45 15 som

92 819 53 21 skall
169 818 124 22 underhålla
316 819 40 21 den
379 818 161 26 ifrågavarande
562 824 96 15 mannen.
691 818 57 26 Ager
771 824 28 14 nu
821 818 90 20 hustrun

92 848 103 26 egendom
219 848 51 20 eller
293 849 50 25 äger
363 848 41 20 hon
426 848 55 20 blott
496 847 39 22 och
550 848 49 20 bart
615 846 71 22 starka
702 853 76 17 armar,
794 848 24 19 är
833 846 36 21 det
885 846 26 20 då

93 878 50 24 rätt,
168 878 32 19 att
222 876 126 21 kommunen
377 876 85 27 älägges
484 876 146 27 skyldigheten
654 877 31 20 att
707 875 126 21 underhålla
855 881 58 15 man-

93 906 57 21 nen?
172 904 39 22 Om
228 905 68 21 denna
312 905 100 27 paragraf
426 904 115 22 bibehålles
557 906 47 20 med
621 905 38 21 den
676 904 137 28 ordalydelse,
829 904 40 21 den
882 909 29 15 nu

93 934 45 26 har,
154 934 42 21 kan
212 934 36 21 det
262 934 91 26 inträffa,
369 936 32 19 att
417 940 25 15 en
458 934 75 21 hustru
547 934 62 22 sitter
624 934 7 20 i
646 934 51 26 godt
712 933 35 27 bo,
760 933 23 27 ja
797 933 7 21 i
815 932 96 22 rikedom

93 963 40 21 och
155 969 90 15 mannen
267 963 67 21 måste
355 962 65 26 legalt
435 962 134 22 underhållas
585 962 21 22 af
620 962 134 22 kommunen.
783 962 42 21 Det
840 962 25 20 är
879 960 33 21 för

93 994 32 19 att
148 994 31 19 ett
200 992 75 21 sådant
295 992 182 21 missförhållande
500 992 34 21 må
549 992 103 26 aflägsnas
667 991 39 21 och
721 991 46 21 icke
781 992 64 25 göras
860 989 52 27 möj-

93 1021 45 26 ligt,
155 1026 44 16 som
216 1020 35 22 det
266 1021 6 21 i
288 1020 59 27 fråga
362 1020 93 22 varande
471 1020 96 28 tillägget
582 1020 66 22 borde
663 1021 69 25 göras.

163 1077 110 22 Professor
314 1077 148 22 Ehrström:
485 1078 72 26 Enligt
568 1078 42 20 min
621 1076 136 27 uppfattning
768 1077 23 19 är
803 1075 38 21 här
853 1074 61 27 fråga

96 1106 46 21 icke
164 1106 56 21 blott
242 1107 78 25 derom,
337 1106 105 21 huruvida
458 1107 35 20 det
508 1108 23 19 är
546 1106 127 21 kommunen
690 1105 51 20 eller
756 1104 97 25 hustrun,
869 1109 45 15 som

97 1135 53 21 skall
166 1135 125 21 underhålla
306 1135 40 21 den
361 1135 131 26 afsigkomne
508 1141 97 19 mannen,
615 1136 51 19 utan
678 1133 165 26 uppenbarligen
853 1131 62 21 äfven

97 1169 33 16 om
146 1165 32 19 att
193 1163 59 21 stifta
266 1170 26 14 en
308 1163 40 26 lag,
364 1169 45 15 som
425 1164 44 20 står
484 1163 6 20 i
507 1163 215 21 öfverensstämmelse
738 1161 47 21 med
800 1161 38 20 vår
849 1159 66 27 öfriga

96 1192 138 27 lagstiftning,
264 1193 38 20 Att
317 1192 62 21 ställa
390 1191 284 28 fattigvårdslagstiftningen
686 1191 28 26 på
724 1196 26 15 en
761 1195 68 16 annan
840 1189 75 26 grund,

97 1223 26 18 än
139 1221 39 20 den
195 1221 60 20 civila
271 1221 157 26 lagstiftningen
444 1227 33 14 om
496 1221 84 20 makars
599 1218 251 28 egendomsförhållande,
866 1223 50 15 vore

97 1249 122 26 visserligen
235 1252 31 17 att
282 1249 53 26 begå
349 1249 71 26 något,
439 1255 44 15 som
494 1255 47 15 man
553 1249 70 20 kunde
634 1254 49 15 anse
694 1247 81 21 mindre
786 1245 130 25 välbetänkt,

97 1280 22 24 ty
136 1278 40 21 den
187 1283 40 16 ena
236 1278 61 25 lagen
308 1279 39 20 bör
359 1278 33 20 väl
403 1277 33 22 stå
446 1277 7 21 i
464 1276 217 22 öfverensstämmelse
691 1276 47 20 med
750 1275 39 20 den
800 1275 73 20 andra.
889 1273 28 21 Så

97 1306 62 25 länge
170 1306 63 21 seden
242 1306 7 21 i
259 1306 72 21 landet
342 1307 24 20 är
375 1306 73 25 sådan,
459 1312 44 15 som
515 1311 48 21 nyss
575 1307 85 24 prosten
670 1304 58 21 Roos
742 1303 98 21 framhöll
856 1307 61 22 synes

99 1334 36 21 det
150 1335 41 25 mig
206 1334 46 21 icke
267 1335 71 20 kunna
353 1334 64 21 blifva
432 1334 60 26 fråga
508 1340 32 15 om
557 1335 71 22 annat,
644 1334 25 19 än
686 1335 31 18 att
732 1332 36 21 det
783 1333 24 18 är
820 1336 96 19 mannen,

99 1368 45 15 som
159 1363 149 21 företrädesvis
323 1363 39 20 bör
377 1369 61 14 svara
454 1362 33 21 för
503 1362 58 21 boets
577 1361 116 22 underhåll.
722 1360 11 21 I
749 1361 31 20 ett
789 1358 129 22 kärleksrikt

98 1391 118 26 äktenskap
239 1394 23 18 är
285 1392 35 21 det
342 1391 122 26 visserligen
486 1391 112 26 sjelffallet,
613 1391 33 19 att
661 1395 34 15 om
710 1394 90 15 mannen
815 1387 46 21 icke
876 1387 42 20 kan

99 1419 125 22 underhålla
246 1421 31 24 sig
298 1420 53 26 sjelf,
374 1419 90 22 hustrun
487 1419 53 21 efter
562 1418 96 26 förmåga
680 1418 63 20 söker
762 1418 32 19 att
808 1418 52 24 göra
873 1416 44 31 det.

99 1447 49 22 Men
164 1449 32 19 att
212 1448 58 21 stifta
285 1449 34 26 lag
335 1447 72 21 derom
423 1447 64 21 också
501 1447 34 20 för
550 1447 26 20 de
591 1446 77 27 många
682 1445 44 24 fall,
742 1451 44 14 som
797 1443 122 32 visserligen

99 1476 46 21 icke
168 1477 37 20 äro
228 1477 57 25 regel
305 1477 7 20 i
327 1476 78 24 landet,
421 1481 47 16 men
484 1475 54 21 dock
552 1475 81 26 ganska
648 1473 45 22 ofta
708 1472 90 27 inträffa,
813 1471 106 26 nemligen
