1081 1798
301 124 159 19 Presteståndet
473 126 54 17 1877.
551 126 27 17 20
595 126 92 18 oktober,
823 120 53 21 1545

85 195 87 19 nämnas
188 193 69 21 såsom
273 194 40 21 den
328 193 116 22 förnämsta
460 194 125 21 inkomsten.
604 194 48 21 Men
669 194 27 21 då
709 194 196 27 påskpenningarne

85 223 36 19 äro
144 222 109 21 bestämda
277 222 30 21 till
332 225 31 18 ett
383 224 35 20 öre
434 222 70 22 silfver
519 225 58 24 mynt
592 223 33 21 för
640 223 71 26 hvarje
726 229 83 20 person,
826 225 37 18 äro
879 223 25 20 de

84 249 90 28 afgifter,
198 256 44 15 som
265 250 57 21 inom
343 251 98 22 städerne
463 252 96 26 erläggas
574 251 32 21 till
621 251 170 26 presterskapets
806 251 99 26 aflöning,

85 279 23 20 så
123 277 66 28 ringa,
208 281 31 18 att
255 279 25 21 de
296 279 18 26 ej
330 279 64 21 förslå
410 281 32 20 att
458 279 100 22 förskaffa
570 279 23 22 åt
607 280 109 21 städernes
731 279 135 27 presterskap
879 285 25 15 en

84 307 112 27 anständig
217 307 108 27 bergning,
342 308 39 21 och
396 308 27 21 då
438 308 19 26 ej
472 308 68 26 någon
555 307 124 27 författning
694 309 67 25 fanns,
777 308 28 27 på
821 307 83 22 hvilken

85 337 31 20 ett
136 337 48 25 nytt
204 335 77 27 förslag
304 336 70 21 kunde
397 337 134 26 framläggas,
551 337 90 26 föreslog
656 337 99 24 komitén,
771 339 32 19 att
818 343 49 15 man
883 336 23 21 åt

84 364 72 27 hvarje
172 364 159 22 stadskommun
347 365 68 21 skulle
431 365 128 22 öfverlemna
575 367 32 20 att
621 365 49 22 med
685 366 46 20 sina
741 367 83 25 prester
832 365 72 21 derom

85 393 187 22 öfverenskomma.
301 406 24 3 —
342 393 49 22 Man
407 394 40 21 har
462 394 6 21 i
484 395 36 20 det
535 395 12 20 3
564 400 60 15 mom.
641 394 99 22 klandrat
755 395 61 20 ordet
832 394 72 25 ,kom-

84 425 76 22 mun";
183 429 48 14 men
254 423 35 20 det
312 425 23 18 är
358 423 18 26 ej
399 423 127 26 längesedan
548 422 51 22 flere
614 423 66 21 talare
697 423 6 21 i
719 429 25 15 en
760 429 69 15 annan
844 423 62 26 fråga

85 451 117 24 omnämde,
225 453 31 19 att
275 457 49 15 man
340 451 60 22 äfven
416 452 71 21 talade
503 457 34 16 om
552 451 96 28 kyrkliga
663 451 130 22 kommuner.
815 452 50 27 Det
880 453 25 19 är

85 479 55 22 blott
156 486 33 15 om
206 481 39 20 den
261 481 98 26 kyrkliga
373 480 135 25 kommunen,
523 487 45 15 som
584 481 39 21 här
638 487 29 14 nu
682 483 23 18 är
721 481 66 26 fråga.
809 481 31 20 Är
856 486 48 15 man

85 508 63 21 likväl
172 508 52 21 rädd
247 508 31 22 för
302 509 35 21 det
358 509 67 26 ordet,
441 509 42 21 kan
498 515 47 15 man
560 509 22 27 ju
598 512 49 23 taga
663 509 45 22 från
724 509 129 26 kyrkolagen
870 509 36 20 det

86 537 36 21 der
144 537 172 22 förekommande
337 537 107 28 uttrycket
464 538 38 21 och
519 538 88 21 sålunda
622 537 149 22 omformulera
787 538 59 21 detta
861 543 43 15 mo-

86 568 63 24 ment,
173 567 23 20 så
211 568 32 19 att
258 567 36 21 det
309 566 68 22 skulle
392 566 21 21 få
428 567 93 26 följande
537 567 90 26 lydelse:
644 567 23 24 ,I
682 567 87 21 förenad
785 567 67 20 stads-
866 567 38 20 och

84 595 184 26 landsförsamling
289 595 53 22 böra
357 595 33 26 de,
405 601 45 15 som
466 596 6 20 i
488 595 74 22 staden
577 595 34 26 bo,
627 595 84 27 deltaga
727 596 6 20 i
749 595 121 21 aflönandet
885 595 23 20 af

85 623 161 27 församlingens
261 624 134 26 presterskap
411 625 32 20 till
458 624 23 21 så
496 626 54 19 stort
566 624 82 27 belopp,
665 631 44 14 som
717 625 34 20 vid
759 624 146 26 fördelningen

85 652 23 21 af
122 653 39 20 den
177 652 45 22 från
239 652 211 26 landsförsamlingen
465 653 105 26 utgående
586 653 117 26 aflöningen
719 653 12 21 &
747 653 47 21 dess
805 653 113 20 medlem-
909 648 12 36 .

85 687 45 16 mar
153 681 53 21 efter
228 681 160 26 personantalet
410 681 87 27 belöper
521 681 30 26 sig
574 682 27 25 pä
621 681 85 22 stadens
729 681 137 22 medlemmar
884 680 22 21 af

86 709 239 27 evangelisk-lutherska
340 710 149 26 församlingen
505 710 148 21 motsvarande
668 710 127 27 persontal*.
819 709 33 21 Då
866 709 40 21 har

84 738 128 21 åtminstone
232 739 40 20 den
288 741 109 22 stötesten,
414 745 45 15 som
476 739 64 26 enligt
555 739 105 26 ätskillige
675 739 78 20 talares
768 738 136 21 förmenande

85 773 28 15 nu
135 767 66 21 finnes
223 767 6 20 i
252 767 133 26 paragrafen,
407 767 44 21 helt
473 767 38 21 oeh
534 767 65 22 hället
615 767 109 25 bortfallit,
741 767 66 21 ehuru
821 767 36 26 jag
873 767 33 20 för

86 796 42 21 min
150 795 34 21 del
206 797 52 23 tror,
281 798 32 19 att
335 796 36 21 det
393 797 18 25 ej
427 798 24 19 är
466 796 147 25 vilseledande,
629 798 32 18 att
677 795 106 22 bibehålla
797 795 108 26 uttrycket

86 824 136 25 »kommun*,
246 824 27 21 då
294 825 36 20 det
351 830 74 19 genom
446 824 195 25 sammanställning
664 825 47 20 med
727 824 36 21 det
778 823 127 26 föregående

86 851 76 28 tydligt
184 853 99 26 framgår,
304 855 33 19 att
359 853 47 21 med
430 868 9 9 ,
443 853 114 21 kommun"
579 853 6 20 i
607 853 60 20 detta
689 852 72 27 stycke
777 858 72 15 menas
865 852 41 21 den

84 881 98 27 kyrkliga
207 881 133 22 kommunen.
366 893 27 3 —
415 881 49 22 Med
489 881 112 27 anledning
625 881 22 21 af
674 884 86 24 prosten
783 881 122 26 Grönbergs

84 911 100 25 yttrande
199 910 67 21 skulle
281 910 37 27 jag
333 912 49 25 taga
397 911 42 25 mig
454 910 89 22 friheten
559 910 107 24 anmärka,
682 912 32 20 att
727 910 66 26 enligt
803 910 39 20 den
856 910 25 21 20
894 909 12 27 $

84 939 41 21 kan
142 939 36 21 det
194 938 164 28 åstadkommas,
374 939 55 21 hvad
444 939 42 21 han
501 946 48 19 nyss
564 939 75 21 nämde
656 946 40 19 om,
712 938 103 27 nemligen
826 938 80 22 sådana

85 967 163 27 församlingars,
273 969 38 20 der
336 968 118 26 aflöningen
479 970 24 18 är
527 968 22 21 så
574 968 57 25 liten,
656 970 33 18 att
711 968 40 20 den
767 968 18 26 ej
802 967 48 26 sjelf
864 968 41 20 kan

86 996 68 21 aflöna
176 997 44 20 sina
237 999 88 23 prester,
342 996 181 22 sammanslående
539 996 32 22 till
587 1002 24 15 en
627 996 61 24 enda,
704 996 136 25 hvarigenom
856 995 49 21 aflö-

85 1026 87 26 ningens
195 1024 90 28 höjande
307 1024 32 22 till
363 1025 34 21 det
420 1025 83 27 belopp,
523 1032 44 14 som
583 1024 106 22 erfordras
704 1025 33 21 för
752 1031 25 15 en
793 1024 113 26 anständig

85 1054 108 26 bergning,
216 1054 41 20 kan
273 1054 80 21 vinnas.
384 1054 41 21 Det
443 1056 60 24 säges
518 1054 103 26 nemligen
637 1054 5 20 i
659 1054 27 20 20
701 1054 24 27 $:
741 1053 111 25 ,Komitén
868 1058 38 21 ege

86 1083 38 21 ock
147 1085 32 19 att
202 1084 50 24 göra
275 1082 156 26 framställning
453 1089 33 14 om
503 1083 18 27 ej
537 1083 80 21 mindre
633 1082 86 26 delning
734 1082 22 21 af
770 1084 68 19 större
854 1082 51 20 eller

85 1110 182 22 sammanslående
283 1112 22 20 af
319 1112 81 20 mindre
416 1111 146 27 församlingar
577 1113 56 19 samt
648 1111 103 26 reglering
767 1110 22 22 af
799 1112 107 24 pastorats

86 1140 51 21 eller
158 1140 134 26 församlings
314 1140 89 26 omfång,
420 1141 26 19 än
461 1140 126 26 indragning
601 1140 23 21 af
637 1140 124 26 presttjenst
777 1140 37 20 der
830 1139 76 21 sådant

85 1169 33 20 för
140 1168 105 21 vinnande
268 1168 23 21 af
311 1169 36 21 det
369 1168 47 22 med
440 1168 178 27 löneregleringen
639 1168 88 22 afsedda
747 1167 101 22 ändamål
863 1168 42 20 kan

85 1203 51 15 vara
151 1197 23 21 af
190 1197 208 27 omständigheterna
413 1197 129 26 päkalladt*.

154 1254 83 22 Doktor
251 1255 142 26 Lampén:
414 1254 42 22 Det
473 1255 8 20 1
500 1260 61 16 mom.
577 1254 7 21 i
601 1255 9 20 1
628 1255 11 26 S
655 1254 116 21 innehåller
787 1253 119 28 egentligen

86 1283 18 27 ej
120 1283 64 27 något
205 1285 52 26 nytt.
288 1284 47 21 Men
351 1285 24 19 är
391 1283 36 21 det
441 1283 110 27 meningen
567 1285 32 19 att
614 1283 129 26 aflöningens
759 1283 77 26 belopp
851 1282 54 21 skall

86 1312 128 21 bestämmas
237 1312 39 21 och
299 1312 92 27 regleras
413 1313 27 25 på
463 1314 64 19 annat
542 1313 49 24 sätt,
605 1313 27 20 än
648 1311 45 26 här,
710 1313 14 19 t.
741 1317 30 15 ex.
788 1317 75 20 genom
880 1316 25 16 en

86 1341 84 23 komité,
194 1341 67 21 måste
281 1341 37 26 jag
332 1342 102 20 motsätta
449 1341 43 26 mig
507 1343 126 18 momentets
648 1340 125 26 antagande.
804 1339 44 22 Allt
863 1339 42 26 det,

86 1375 44 15 som
150 1370 125 26 paragrafen
298 1369 118 21 innehåller
439 1369 39 22 och
498 1375 45 15 som
562 1369 37 26 jag
621 1375 61 14 anser
703 1375 51 14 vara
774 1368 74 27 billigt,
864 1368 41 21 kan

86 1397 48 22 fullt
148 1397 93 26 regleras
256 1403 75 21 genom
347 1397 158 27 kyrkostämma
519 1398 40 21 och
575 1397 162 27 kyrkostyrelse,
748 1397 70 20 dertill
830 1397 76 26 kyrko-

86 1427 61 25 lagen
162 1425 66 26 gifver
242 1426 39 21 full
296 1426 119 25 anledning.

154 1481 90 21 Prosten
267 1481 162 28 Hackzell:
459 1481 40 26 Jag
522 1481 39 21 har
583 1481 74 26 begärt
677 1481 60 20 ordet
752 1480 59 26 först,
826 1480 34 21 för
874 1482 33 19 att

87 1510 85 23 bemöta
194 1513 72 24 pastor
288 1509 64 25 Öller,
375 1509 27 22 då
425 1509 40 22 han
491 1511 54 20 stött
567 1510 31 26 sig
620 1509 34 21 vid
677 1509 48 22 mitt
740 1509 116 21 anförande
872 1515 34 16 om
