1086 1803
302 121 159 18 Presteståndet
474 122 53 17 1877.
550 122 13 17 5
575 121 92 17 oktober.
813 115 54 22 1197

148 189 39 21 Till
210 189 119 22 kännedom
345 190 135 21 meddelades
495 189 91 28 följande
602 190 32 20 till
650 189 96 22 ståndets
760 188 91 22 diarium
865 189 31 21 in-

79 217 79 22 komna
172 218 206 27 protokollsutdrag:

149 292 32 19 1:o
201 290 45 22 från
268 291 113 27 höglofliga
401 291 146 27 ridderskapet
567 290 39 22 och
622 290 63 22 adeln
700 290 22 21 af
736 291 40 21 den
792 292 9 20 1
820 291 77 21 dennes

79 319 48 21 med
142 319 161 23 underrättelse,
319 322 32 19 att
367 319 98 22 bemälda
479 320 62 21 stånd
556 320 22 26 a)
593 319 35 21 vid
643 319 155 27 behandlingen
813 320 23 20 af
846 320 51 20 eko-

79 347 174 22 nomiutskottets
277 348 134 21 betänkande
433 349 6 20 i
466 348 113 26 anledning
598 348 23 21 af
640 348 78 26 nådiga
739 348 159 27 propositionen

79 376 110 27 angående
203 377 108 21 allmänna
326 376 141 27 fattigvården
483 379 85 19 stannat
583 377 6 20 i
604 375 93 28 följande
714 376 80 22 beslut:
804 376 94 27 godkänt

79 405 108 27 ingressen
207 405 65 27 jemte
296 406 23 27 $$
344 406 64 25 1—9;
430 405 95 28 godkänt
540 406 10 25 $
568 405 25 21 10
608 407 52 19 utan
676 411 69 15 annan
760 405 95 26 ändring,
871 406 27 20 än

79 435 33 20 att
134 434 36 21 det
192 434 6 21 i
219 435 14 20 4
248 440 62 15 mom.
327 433 171 22 förekommande
513 433 112 28 tryckfelet
641 433 177 28 ,författningen''
832 435 66 20 rätta-

80 463 37 21 des
132 463 32 20 till
180 462 178 27 ,,fördelningen'*;
374 463 82 26 antagit
471 463 25 26 $$
511 463 83 20 11—14
604 462 149 26 oförändrade;
767 461 131 23 beträffande

79 491 13 27 $
117 491 25 21 15
164 491 83 26 antagit
267 491 37 21 det
326 491 24 22 af
370 491 105 21 utskottet
497 491 119 26 föreslagna
636 491 145 26 alternativet;
796 491 61 27 gillat
872 491 25 26 $$

81 519 92 26 17—28;
195 520 163 21 vidkommande
380 520 12 27 &
414 520 26 21 29
463 520 81 26 antagit
558 520 50 21 herr
623 519 166 22 Nordenskiölds
804 525 94 16 reserva-

80 547 55 27 tion;
151 547 95 26 godkänt
261 548 24 27 $$
301 548 94 26 30--35;
411 548 6 20 i
433 549 12 26 &
461 549 26 20 36
503 550 66 19 rättat
584 548 150 25 hänvisningen
750 548 32 21 till
797 548 11 27 &
824 548 26 21 39
866 547 33 22 till

94 576 15 27 8
131 576 48 26 37%;
203 576 128 22 oförändrad
352 576 109 22 bibehållit
476 577 13 26 $
508 577 35 25 37;
560 576 81 27 antagit
663 576 5 28 &
685 577 26 20 38
727 582 61 15 mom.
807 578 8 19 1
833 576 65 26 enligt

80 604 115 22 utskottets
210 605 79 26 förslag
303 605 40 21 och
358 611 62 15 mom.
435 607 12 27 2
463 605 65 27 enligt
543 605 40 21 den
598 605 78 26 nådiga
690 605 168 27 propositicnens
871 605 27 21 40

79 633 12 28 $
107 633 12 22 2
135 639 70 21 mom,;
221 633 165 22 äterremitterat
401 633 13 27 &
429 634 26 21 39
471 633 32 22 till
520 634 109 24 utskottet,
645 633 33 22 för
693 635 31 20 att
739 633 160 26 omredigeras
889 629 14 36 i

80 662 36 21 det
131 662 59 27 syfte,
205 664 32 20 att
256 663 75 20 endast
345 662 144 21 kostnaderna
503 662 32 21 för
549 662 165 22 återsändandet
729 662 23 21 af
764 662 80 22 sådana
858 662 40 27 tig-

78 697 58 20 gare,
160 697 45 15 som
228 693 37 19 äro
281 691 32 21 till
328 691 116 22 understöd
459 691 22 21 af
495 691 140 27 fattigvården
650 691 56 21 inom
722 691 126 21 kommunen
863 691 35 21 be-

80 720 111 25 rättigade,
214 720 51 20 böra
281 719 72 27 gäldas
368 719 23 21 af
404 720 36 20 det
454 719 108 26 samhälle,
577 720 85 21 hvarest
678 719 94 27 tiggaren
787 719 39 21 har
840 719 58 21 hem-

79 749 101 24 ortsrätt;
196 748 59 26 gillat
265 748 26 27 $$
301 749 85 20 40—47
401 748 22 27 ($
438 748 27 21 46
482 748 64 26 enligt
560 748 115 21 utskottets
690 748 65 21 första
770 748 128 26 alternativ),

80 775 107 22 äfvensom
203 776 144 22 betänkandet
362 777 6 21 i
384 776 97 22 afseende
491 777 13 21 å
516 776 77 27 förslag
603 776 32 22 till
648 776 131 27 kungörelse,
790 777 109 26 angående

79 803 97 28 flyttning
198 804 46 22 från
267 811 24 15 en
307 804 121 27 församling
442 804 32 22 till
490 811 25 15 en
531 810 68 16 annan
614 807 56 19 samt
685 811 34 15 om
734 805 165 21 arbetssökande

79 832 58 22 inom
152 833 39 21 och
206 835 58 19 utom
280 833 95 27 Finland,
390 832 75 22 liksom
482 833 39 22 ock
537 833 113 21 utskottets
660 833 97 27 yttrande
768 833 131 22 beträffande

81 860 50 22 herr
152 861 77 21 Malms
251 861 185 27 petitionsförslag,
460 862 39 20 och
522 861 21 28 b)
561 861 79 22 istället
654 862 32 20 för
701 862 73 20 herrar
789 862 109 21 Hackman

81 889 39 22 och
135 896 41 14 von
191 890 80 25 Daehn,
290 896 45 15 som
351 890 126 21 återlemnat
491 890 46 21 sina
552 890 91 26 poletter
658 890 32 21 till
705 890 93 22 ledamot
812 890 7 21 i
834 890 66 21 bank-

80 918 105 22 utskottet
199 920 66 20 utsett
278 918 49 22 herr
341 918 155 28 Björkenheim,
511 918 81 22 Robert
606 918 40 22 och
661 918 32 21 till
703 918 111 28 suppleant
826 919 6 21 i
840 918 59 27 jern-

81 946 156 28 vägsutskottet
251 946 49 22 herr
315 946 77 27 Antell,
407 949 56 19 samt

150 1022 33 20 2:0
206 1020 46 22 från
274 1020 131 22 hedervärda
426 1020 155 23 bondeståndet
598 1021 22 21 af
634 1020 40 22 den
690 1022 13 20 3
718 1020 6 22 i
740 1021 68 21 denna
823 1020 76 22 månad

82 1049 47 22 med
151 1049 206 27 tillkännagifvande,
379 1051 32 19 att
432 1050 85 21 ståndet
536 1050 59 26 gillat
610 1049 149 27 lagutskottets
774 1050 78 25 förslag
868 1049 32 21 till

81 1078 202 26 sammanjemkning
297 1078 22 21 af
332 1078 100 21 ståndens
447 1078 119 26 skiljaktiga
581 1078 69 21 beslut
666 1078 6 20 i
686 1078 113 27 anledning
808 1078 22 21 af
840 1078 59 21 Hans

81 1106 118 27 Kejserliga
214 1106 110 27 Majestäts
339 1105 77 28 nådiga
431 1107 129 26 proposition
571 1106 109 27 angående
691 1107 123 26 utvidgning
824 1105 23 22 af
857 1106 43 21 val-

81 1137 44 20 rätt
140 1134 39 22 och
194 1135 110 21 valbarhet
319 1134 32 21 till
366 1134 161 27 landtdagsman
542 1135 7 20 i
564 1135 180 26 borgareståndet.

150 1208 86 22 Hvilket
251 1208 147 22 antecknades.

151 1410 41 21 Till
207 1410 85 21 fortsatt
306 1409 127 26 behandling
443 1408 92 28 företogs
546 1408 212 22 ekonomiutskottets
768 1407 133 32 betänkande

83 1437 40 22 N:o
139 1438 13 19 8
167 1438 6 20 i
189 1438 111 25 anledning
315 1438 23 20 af
351 1438 58 20 Hans
424 1437 117 26 Kejserliga
556 1437 109 25 Majestäts
679 1436 77 25 nådiga
772 1436 129 25 proposition

83 1465 108 27 angående
206 1465 106 22 allmänna
327 1464 147 27 fattigvården.
