1081 1809
221 137 54 20 1609
406 141 158 18 Presteståndet
577 142 53 24 1877.
655 143 26 16 23
694 141 91 19 oktober,

258 210 110 21 Professor
390 210 114 23 Donner,
526 216 44 15 som
593 211 92 26 yttrade:
708 210 173 25 Formuleringen
902 209 22 21 af
942 210 68 20 denna

190 239 100 26 paragraf
305 238 106 22 förefaller
430 239 127 21 åtminstone
573 239 41 25 mig
629 239 68 21 såsom
714 244 34 15 om
765 238 38 21 den
819 237 67 23 skulle
902 238 67 21 införa
984 244 24 16 en

191 273 26 20 ny
238 267 79 27 princip
333 268 6 20 i
355 267 167 26 beskattningen.
553 268 10 20 I
579 268 39 20 den
634 268 11 20 6
661 267 14 27 &
691 269 23 19 är
726 266 212 27 jordbeskattningen
953 266 57 22 bibe-

166 298 2 2 *
190 295 75 25 hållen,
289 302 47 14 men
353 295 38 21 här
405 296 85 26 åsyftas,
506 296 67 21 sävidt
589 296 32 26 jag
637 296 41 20 kan
695 296 61 25 finna,
773 297 31 19 att
820 295 88 27 pälägga
924 302 25 14 en
964 294 46 22 full-

190 324 79 26 komlig
283 324 150 26 näringsskatt.
463 324 40 25 Jag
518 324 39 21 har
572 325 41 25 mig
629 324 120 26 visserligen
764 323 85 26 bekant,
866 327 32 17 att
912 324 61 20 äfven
984 330 27 14 nu

190 353 68 26 sågar,
274 359 90 19 gvarnar
379 352 38 21 och
433 352 220 26 fabriksinrättningar
669 352 61 22 hafva
745 352 68 22 blifvit
823 352 188 27 älagda
906 348 13 35 i
929 352 82 27 egarens

191 381 51 21 eller
264 380 138 22 förvaltarens
424 388 100 20 personer
547 388 25 14 en
595 381 64 27 afgift.
691 381 47 21 Men
758 382 68 21 såsom
849 381 123 27 paragrafen
988 382 24 19 är

190 410 127 21 formulerad
340 416 61 21 synes
424 410 35 21 det
482 410 47 26 mig,
551 413 32 19 att
603 410 92 21 härefter
710 410 17 26 ej
744 411 64 25 nägot
823 411 107 26 undantag
945 410 67 21 skulle

190 439 71 21 kunna
283 446 40 20 ega
345 446 52 17 rum,
420 439 6 21 i
449 438 100 22 händelse
572 440 25 21 de
612 445 49 21 egas
677 438 51 22 eller
743 439 101 21 förvaltas
859 438 23 22 af
896 445 25 15 en
936 444 76 22 person

190 468 127 21 tillhörande
339 474 25 15 en
388 474 68 15 annan
475 468 178 26 trosbekännelse,
669 470 26 18 än
711 468 40 21 den
767 467 245 27 evangelisk-lutherska,

190 497 127 21 ätminstone
333 496 41 22 kan
388 496 35 27 jag
439 497 17 27 ej
473 496 56 22 finna
545 501 70 22 annat,
631 499 26 19 än
673 498 31 20 att
717 497 68 21 denna
798 496 100 27 paragraf
908 503 27 15 nu
946 496 66 21 skulle

191 526 67 20 införa
273 532 26 14 en
314 525 136 26 beskattning
464 526 27 26 pä
502 526 27 20 all
542 525 214 22 fabriksverksamhet
765 525 28 27 pä
805 526 77 26 landet,
896 526 26 26 pä
933 531 79 15 samma

190 556 49 22 sätt,
255 560 45 15 som
313 554 210 26 jordbeskattningen
540 556 46 20 med
603 555 98 20 afseende
716 555 13 19 &
744 556 120 24 presternas
890 554 122 21 inkomster.

190 582 42 22 Det
254 584 45 20 står
319 583 17 26 ej
361 583 39 21 alls
423 583 64 26 något
509 583 106 26 undantag
631 582 32 21 för
678 588 106 21 personer,
800 582 71 22 hvilka
886 582 85 21 tillhöra
987 588 25 15 en

190 610 131 22 främmande
343 611 134 21 bekännelse.
506 612 71 26 Enligt
600 612 41 20 min
664 611 133 27 uppfattning
819 611 65 21 borde
900 614 30 18 ett
946 610 66 28 dylikt

191 640 108 26 undantag
314 639 39 21 här
367 639 48 26 ingå
431 640 32 20 för
478 641 31 19 alt
525 642 51 24 göra
592 640 35 21 det
642 640 87 26 möjligt,
746 641 31 19 att
793 639 65 21 befria
874 646 102 20 personer
992 639 22 21 af

190 668 132 21 främmande
343 668 128 21 bekännelse
493 668 45 21 från
558 668 125 27 erläggande
704 668 22 20 af
739 668 68 21 denna
824 668 63 24 skatt,
904 668 38 21 och
958 668 7 20 i
980 667 31 21 så-

190 696 52 22 dant
264 696 97 22 afseende
383 697 69 21 kunde
469 696 34 22 det
519 696 73 28 tillägg
608 698 36 20 der
659 696 84 26 införas,
761 699 44 22 ,att
822 696 24 22 de
862 696 88 28 afgifter,
966 702 46 16 som

192 725 95 27 erläggas
310 726 21 20 af
345 725 164 21 industriidkare
525 725 50 21 eller
590 726 66 20 andra
671 731 101 21 personer
787 728 50 18 utan
853 725 42 22 fast
910 726 102 26 egendom

192 754 38 21 oeh
253 754 126 22 tillhörande
401 754 155 26 församlingen,
572 755 34 21 må
629 754 126 21 bestämmas
775 754 6 21 i
797 753 215 22 öfverensstämmelse

192 783 48 21 med
268 782 135 22 kommunala
425 783 114 27 utskylder,
562 783 71 21 hvilka
658 783 32 21 för
706 783 61 21 dessa
782 783 140 27 inrättningar
938 783 38 21 och
992 782 22 22 af

191 811 77 21 nämda
290 817 100 21 personer
413 812 114 26 erläggas".
558 812 65 21 Detta
644 817 73 15 senare
740 812 31 20 för
787 813 32 19 att
834 812 54 26 gifva
903 811 108 25 tillkänna,

191 842 39 24 att,
252 840 6 21 i
281 840 100 21 händelse
397 846 24 14 en
437 846 82 20 person,
535 847 45 15 som
596 840 71 21 tillhör
683 846 79 15 samma
777 840 128 26 församling,
922 840 38 21 har
975 840 38 21 nå-

191 874 41 21 gon
248 870 68 20 större
331 868 200 26 fabriksinrättning,
548 869 40 20 han
605 869 26 21 då
646 870 34 20 må
696 868 107 22 beskattas
818 870 112 20 rättvisare
941 870 26 20 än
978 875 34 15 om

192 897 36 21 det
252 896 54 23 blott
328 903 49 15 vore
400 903 24 15 en
440 897 96 27 personel
553 897 65 27 afgift.
647 898 42 21 Det
705 903 60 21 synes
781 897 43 27 mig
839 897 103 27 nemligen
958 898 55 26 ligga

190 932 27 14 en
240 926 53 21 våda
309 926 7 21 i
332 928 31 19 att
378 926 89 26 pålägga
483 926 58 21 äfven
558 926 105 21 blifvande
679 926 221 26 fabriksinrättningar
915 933 25 15 en
957 926 55 22 skatt

192 955 31 20 till
240 956 35 20 det
291 954 238 26 evangelisk-lutherska
545 955 162 26 presterskapet,
724 961 34 15 om
774 955 26 21 de
815 955 90 22 inrättas
920 954 22 22 af
951 954 62 28 bolag

192 983 51 21 eller
264 984 61 21 äfven
345 983 101 26 enskilda,
463 989 44 15 som
523 983 39 21 alls
578 984 18 26 ej
612 984 61 21 hafva
689 984 47 20 med
752 984 68 21 denna
836 983 126 22 bekännelse
977 984 36 21 nå-

191 1014 37 24 got
244 1014 32 19 att
291 1014 57 25 göra.
377 1012 11 21 I
404 1014 57 19 östra
475 1012 89 22 Finland
580 1013 60 21 torde
656 1012 36 21 det
707 1012 63 21 blifva
785 1012 59 22 fallet
860 1012 38 22 och
910 1012 104 22 måhända

192 1040 60 22 äfven
274 1041 7 21 i
304 1041 65 21 andra
391 1040 63 27 delar,
478 1043 32 19 att
533 1041 70 27 dylika
618 1041 222 27 fabriksinrättningar
855 1041 31 21 för
902 1040 110 23 framtiden

192 1070 83 26 uppstå,
299 1070 39 20 och
361 1070 64 26 enligt
447 1070 135 26 paragrafens
605 1070 78 26 lydelse
698 1076 50 15 vore
764 1070 25 20 de
805 1071 6 20 i
826 1070 73 26 hvarje
914 1070 99 21 händelse

192 1098 95 26 skyldige
298 1100 30 19 att
336 1098 88 27 bidraga
432 1098 32 21 till
472 1098 35 22 det
516 1098 237 27 evangelisk-lutherska
761 1099 169 26 presterskapets
939 1100 75 20 under-

192 1126 50 27 håll,
264 1126 67 22 ehuru
354 1127 35 21 det
410 1127 17 26 ej
451 1127 41 21 kan
515 1128 84 20 komma
620 1127 6 21 i
647 1127 65 27 fråga,
733 1130 32 18 att
781 1127 26 21 de
823 1127 22 21 af
859 1128 47 20 dess
923 1128 90 21 embets-

192 1156 82 21 biträde
290 1156 69 20 kunde
377 1156 63 26 något
455 1156 99 26 påräkna.

260 1212 84 21 Doktor
366 1212 169 27 Hornborg:
558 1212 43 22 För
616 1213 42 21 min
675 1212 33 22 del
723 1212 68 22 skulle
803 1213 37 27 jag
855 1212 105 28 tillstyrka
976 1213 37 21 hos

192 1241 36 21 det
250 1240 130 28 högvördiga
402 1240 84 22 ståndet
507 1241 117 26 antagande
646 1240 21 22 af
682 1241 123 27 paragrafen
822 1244 50 18 utan
888 1242 98 21 afseende
1002 1242 12 20 å

192 1270 54 20 hvad
263 1269 40 21 den
319 1268 125 27 föregående
460 1270 64 20 ärade
540 1270 80 20 talaren
635 1269 76 21 anfört.
741 1270 40 26 Jag
797 1272 44 19 tror
858 1270 24 27 ej,
893 1272 32 20 att
935 1271 79 21 sådana

192 1298 158 21 etablissement
371 1297 152 27 ifrågakomma
545 1298 38 21 här
603 1298 6 21 i
632 1298 77 26 landet,
733 1298 36 21 der
789 1299 18 26 ej
824 1300 78 20 största
918 1298 60 22 delen
994 1299 20 21 af

192 1327 125 21 arbetarene
338 1332 51 16 vore
411 1326 130 26 lutheraner;
556 1327 38 21 och
611 1333 60 15 anser
684 1327 36 27 jag
736 1329 31 19 att
782 1330 108 23 undantag
904 1328 110 26 härvidlag

193 1354 63 21 blifva
278 1355 43 20 lika
343 1355 108 25 orättvisa,
467 1360 46 15 som
529 1361 33 14 om
577 1361 49 14 man
641 1355 68 20 skulle
724 1356 88 25 indraga
828 1356 31 20 till
875 1356 82 20 kronan
973 1356 41 20 alla

192 1382 84 26 afgifter
298 1382 46 21 från
368 1382 79 21 sådana
469 1383 88 20 säterier
573 1382 38 21 och
627 1383 66 20 andra
708 1385 68 19 större
793 1384 134 26 egendomar,
943 1384 71 21 hvilka

192 1410 133 22 händelsevis
347 1410 82 22 komme
449 1413 32 19 att
496 1410 85 22 tillhöra
596 1417 101 21 personer
712 1412 23 20 af
749 1418 69 15 annan
834 1412 179 26 trosbekännelse,

192 1446 48 15 men
256 1440 37 21 der
309 1439 41 22 alla
365 1439 170 23 underhafvande
551 1440 63 21 likväl
630 1446 49 15 vore
692 1440 128 22 lutheraner.

261 1497 90 22 Prosten
374 1497 95 27 Hjelt:
493 1498 46 21 Den
561 1498 7 20 i
590 1498 67 21 denna
679 1498 99 26 paragraf
791 1498 172 22 förekommande
979 1498 34 23 be-

191 1526 133 27 stämningen
341 1528 24 19 är
380 1526 18 26 ej
413 1526 65 27 något
493 1528 52 26 nytt.
575 1526 42 22 Det
632 1528 23 20 är
667 1526 64 22 redan
743 1526 105 23 bestämdt
858 1527 7 21 i
876 1527 70 28 kongl.
957 1534 57 16 reso-
