1084 1781
312 121 159 18 Presteståndet
483 122 54 17 1877.
562 122 19 17 11
594 122 90 18 oktober.
821 115 55 22 1807

166 223 168 34 Torsdagen
355 224 57 27 den
432 224 30 27 11
486 224 123 28 oktober
627 224 42 27 kl.
688 224 34 27 10
739 224 22 26 f.
779 232 38 19 m.

148 292 171 21 Sammanträdet
346 292 107 26 öppnades
476 292 48 21 med
546 292 42 22 bön
611 292 27 27 på
661 292 89 21 svenska
772 292 86 27 språket
881 292 24 20 af

80 321 86 25 prosten
181 320 64 22 Roos.

148 376 41 22 Vid
209 376 53 22 härå
284 376 62 22 skedt
361 382 82 22 upprop
459 376 103 22 befunnos
577 376 95 22 ståndets
689 377 96 25 samtlige
801 376 100 22 medlem-

80 410 46 16 mar
146 406 132 20 närvarande
300 406 49 20 med
368 406 108 26 undantag
492 405 22 21 af
528 406 136 26 domprosten
680 406 95 26 Renvall,
792 412 45 14 som
853 405 48 21 med

80 433 95 22 ståndets
196 433 125 27 begifvande
343 440 37 15 var
400 434 48 22 från
464 436 59 20 orten
540 434 65 22 afrest
620 436 55 19 samt
689 436 73 25 pastor
777 434 61 26 Lyra,
855 440 45 15 som
916 459 1 3 .

80 462 80 21 anmält
175 462 107 27 sjukdoms
298 462 76 22 förfall.

148 519 40 22 Till
213 520 102 27 justering
342 520 108 26 upplästes
473 522 31 19 ett
526 520 203 27 protokollsutdrag,
752 520 147 21 innehållande

78 548 96 22 ståndets
189 548 7 21 i
211 548 74 28 frågan
302 555 34 15 om
352 549 106 21 allmänna
474 549 140 26 fattigvården
629 549 81 21 fattade
721 548 74 22 beslut.

149 703 89 21 Ståndet
260 703 33 21 till
315 703 119 22 kännedom
458 704 123 26 föredrogos
599 703 92 27 följande
707 704 47 20 från
769 703 132 21 hedervärda

80 731 156 22 bondeståndet
256 732 101 21 inkomna
378 732 197 27 protokollsutdrag
597 732 22 21 af
638 732 39 21 den
691 732 12 21 9
719 732 6 20 i
741 732 68 21 denna
824 732 77 21 månad

80 760 48 22 med
143 761 210 25 tillkännagifvande,
372 763 32 19 att
419 761 99 21 bemälda
532 761 63 21 stånd
610 761 21 27 a)
647 760 131 22 beträffande
795 761 106 21 allmänna

80 790 204 21 besvärsutskottets
300 790 134 21 betänkande
449 790 7 21 i
472 790 112 26 anledning
599 790 24 21 af
635 790 103 21 särskilda
747 790 56 21 inom
815 791 86 25 preste-,

80 818 101 26 borgare-
204 818 39 22 och
266 818 159 22 bondestånden
446 818 75 22 väckta
537 818 180 27 petitionsförslag
733 818 108 27 angående
857 817 44 21 dels

79 847 112 21 införande
205 846 24 22 af
242 847 110 26 lärotvång
367 848 6 20 i
389 847 90 21 Finland
495 847 44 21 dels
549 847 226 21 landskommunernas
785 846 116 27 åläggande

80 878 32 19 att
135 876 79 20 enhvar
234 876 57 21 inom
314 876 37 21 sitt
374 876 86 21 område
480 876 78 21 inrätta
579 876 128 21 åtminstone
726 882 26 14 en
767 875 66 27 högre
848 874 54 22 folk-

80 904 60 22 skola
163 904 27 27 på
213 904 25 21 de
260 905 23 21 af
303 904 74 22 herrar
399 904 52 21 Rein
472 904 39 22 och
532 904 110 22 Meurman
657 904 126 22 framhållna
798 904 47 20 skäl
859 903 43 21 för-

80 933 72 21 kastat
175 932 143 22 betänkandet
340 933 39 21 och
394 933 104 21 förklarat
513 933 146 27 ifrågakomna
674 932 179 27 petitionsförslag
869 932 33 21 för

80 962 134 20 närvarande
228 962 46 21 icke
290 962 33 21 till
338 962 70 26 någon
423 961 75 27 åtgärd
514 962 118 25 föranleda;
649 962 20 26 b)
684 961 95 27 godkänt
795 960 107 22 ekonomi-

80 990 116 21 utskottets
218 990 134 21 betänkande
374 990 6 20 i
396 990 113 26 anlenning
524 990 23 21 af
561 992 77 20 tvänne
654 991 56 20 inom
726 989 177 27 borgareståndet

80 1018 76 22 väckta
179 1018 180 27 petitionsförslag
380 1019 91 21 rörande
493 1019 92 26 lindring
603 1019 6 21 i
625 1018 66 27 några
706 1018 194 21 stadskommuners

80 1047 230 27 inqvarteringstunga,
331 1047 39 21 och
386 1048 19 26 c)
422 1047 47 21 med
484 1047 153 27 godkännande
653 1048 6 20 i
675 1047 41 21 allo
732 1047 23 21 af
769 1047 132 21 ekonomiut-

80 1076 92 21 skottets
199 1076 134 21 betänkande
358 1076 109 28 angående
493 1076 106 21 allmänna
621 1075 142 27 fattigvården
785 1077 86 19 stannat
893 1074 7 20 i

80 1104 94 26 följande
197 1104 79 22 beslut:
294 1104 96 28 godkänt
404 1105 120 26 ingressen;
539 1106 7 19 i
562 1105 11 27 &
590 1106 9 19 1
617 1105 82 26 antagit
715 1110 25 15 en
756 1103 88 22 sålunda
859 1104 41 20 för-

80 1133 82 21 ändrad
185 1133 89 27 lydelse:
299 1133 86 27 ,hvarje
406 1134 104 20 arbetsför
530 1140 49 14 man
594 1133 52 21 eller
662 1134 76 26 qvinna
753 1139 50 15 vare
818 1132 83 26 skyldig

80 1164 32 18 att
134 1162 91 26 försörja
247 1162 31 26 sig
299 1161 49 27 sjelf
369 1162 39 21 och
426 1162 46 21 sina
488 1162 141 26 minderåriga
644 1162 53 20 barn
713 1162 23 20 så
751 1161 40 21 ock
806 1162 40 20 den
862 1166 39 16 ena

80 1190 52 21 äkta
146 1190 77 21 maken
239 1190 40 22 den
294 1190 88 26 andra";
397 1191 6 20 i
420 1191 12 26 $
449 1191 26 21 10
490 1196 63 16 mom.
569 1191 13 20 4
597 1191 66 20 rättat
678 1190 112 26 tryckfelet
805 1189 96 25 ,författ-

80 1219 92 27 ningen"
195 1219 32 21 till
249 1236 8 9 ,
262 1219 166 26 fördelningen",
447 1218 33 22 för
496 1219 11 26 8
525 1220 26 20 14
566 1225 62 15 mom.
645 1220 12 20 2
673 1218 81 27 antagit
770 1218 39 21 den
825 1217 77 26 nådiga

80 1248 170 26 propositionens
265 1248 143 26 formulering,
424 1247 32 21 till
472 1249 10 24 $
500 1249 24 20 15
540 1248 83 26 antagit
638 1248 36 20 det
689 1247 57 21 förra
761 1246 22 22 af
797 1246 105 21 utskottet

80 1277 107 21 eventuelt
210 1276 124 22 framstälda
355 1276 146 25 alternativet;
525 1276 33 22 för
580 1276 11 26 $
613 1276 27 21 29
663 1276 82 26 antagit
761 1276 40 20 den
816 1274 23 21 af
852 1275 50 20 herr

80 1304 158 22 Nordenskiöld
259 1305 7 21 i
282 1305 48 21 dess
344 1304 132 22 reservation
491 1304 120 27 föreslagna
626 1304 90 26 lydelse;
733 1304 31 21 till
779 1303 14 28 &
809 1304 33 24 30,
857 1309 44 15 som

82 1332 22 22 af
117 1333 105 21 utskottet
240 1335 140 19 utmönstrats
395 1334 39 20 och
450 1333 7 21 i
472 1334 72 20 stället
559 1334 76 20 insatts
651 1333 12 26 $
679 1333 33 25 32,
727 1332 83 26 antagit
825 1332 12 26 $
853 1332 25 20 31
896 1331 6 21 i

82 1362 39 20 den
137 1361 77 27 nådiga
229 1362 159 26 propositionen
404 1361 48 21 med
468 1362 87 21 rättelse
569 1362 8 20 i
593 1362 40 20 den
648 1361 68 21 finska
731 1363 72 19 texten
819 1360 22 21 af
850 1360 52 20 häu-

80 1390 109 26 visningen
210 1390 33 21 till
258 1391 12 25 $
286 1390 28 21 23
328 1390 33 21 till
376 1390 13 26 $
402 1390 37 26 29;
455 1390 23 21 af
492 1390 12 28 &
520 1390 25 21 31
562 1390 7 21 i
583 1390 145 21 betänkandet
743 1389 82 26 antagit
840 1394 62 15 mom.

82 1419 11 19 1
110 1418 89 21 sälunda
214 1420 32 18 att
260 1418 48 22 med
327 1418 111 26 anledning
454 1418 21 20 af
490 1418 95 22 ständets
601 1418 70 20 beslut
686 1418 90 20 rörande
792 1418 13 26 &
822 1418 9 19 1
849 1416 54 21 efter

82 1446 65 21 orden
170 1446 77 25 ,hvars
269 1446 91 22 hustru"
382 1446 88 21 tillsatts
492 1446 66 22 orden
575 1446 64 27 ,eller
655 1446 60 21 man"
731 1446 39 20 och
785 1445 24 21 af
822 1450 79 16 samma

81 1474 47 22 skäl
142 1474 62 28 gifvit
219 1476 116 20 momentet
349 1474 94 27 följande
457 1474 128 22 förändrade
601 1474 79 27 lydelse
696 1474 54 25 ,den
766 1479 45 16 som
827 1479 76 21 genom

82 1503 153 28 dryckenskap,
257 1504 62 27 lättja
341 1504 52 22 eller
412 1503 118 27 liknöjähet
545 1503 90 27 ädrager
650 1503 32 21 sin
697 1502 75 22 hustru
788 1509 48 15 man
852 1502 51 22 eller
