1092 1823
320 131 160 33 Presteständet
492 132 53 18 1877.
569 132 23 17 13
603 132 92 32 oktober.
837 125 54 22 1383

96 201 130 21 sistnämnda
248 202 151 20 sammansatta
421 203 61 19 stats-
509 201 39 21 och
570 201 192 21 ekonomiutskotts
784 200 135 22 betänkande

96 229 18 27 ej
138 231 71 20 ansett
230 229 106 21 allmänna
358 229 201 22 besvärsutskottets
581 229 133 22 betänkande
737 229 6 20 i
765 229 114 27 anledning
898 229 23 21 af

95 257 105 22 särskilda
214 258 57 21 inom
284 258 114 21 ständerna
409 258 76 21 väckta
495 257 179 28 petitionsförslag
684 257 109 27 angående
803 257 116 22 Siitoinska

97 286 130 21 folkskolans
249 285 135 22 ombildande
405 285 32 22 till
460 288 31 19 ett
512 285 133 27 fullständigt
666 285 65 22 finskt
745 285 173 22 folkskolelärare

96 315 40 20 och
150 313 244 22 lärarinneseminarium
408 314 46 21 icke
470 313 105 22 föranledt
590 314 32 21 till
643 315 71 25 någon.
724 309 80 35 åtgärd.

164 376 86 22 Hvilket
265 376 148 22 antecknades.

164 553 121 22 Fortsattes
309 552 145 22 diskussionen
470 553 21 21 af
504 554 151 20 sammansatta
670 552 46 27 lag-
731 552 39 22 och
785 552 131 22 ekonomiut-

93 581 94 22 skottets
210 581 136 22 betänkande
360 582 7 20 i
382 581 113 27 anledning
510 581 22 22 af
545 581 59 22 Hans
619 581 118 27 Kejserliga
752 581 110 27 Majestäts
877 581 39 24 nå-

94 610 50 27 diga
159 610 131 33 proposition
306 610 108 27 angående
429 610 122 21 ordnandet
561 610 29 27 af
596 609 198 28 skjutshållningen
807 609 38 22 och
827 659 4 2 N
856 612 59 25 gäst.

92 635 136 53 sivarierna
243 639 8 20 i
266 639 80 20 landet.

427 708 11 25 $
456 707 13 20 2
485 713 62 15 mom.
563 707 19 21 2.

162 763 89 22 Prosten
267 763 78 28 Hjelt:
376 764 32 21 En
424 763 34 22 del
474 763 21 22 af
509 763 25 22 de
549 763 162 27 bestämningar,
725 769 46 16 som
784 763 130 22 förekomma

92 793 8 21 i
116 793 12 21 2
144 798 70 19 mom.,
236 792 48 28 ingå
306 793 64 21 redan
392 793 7 20 i
415 793 41 21 den
470 792 136 27 formulering
621 792 22 22 af
664 793 3 20 1
685 798 69 20 mom.,
769 798 46 16 som
831 793 27 27 pä
873 792 41 21 för-

93 822 113 26 middagen
228 828 76 20 genom
319 821 96 27 votering
430 823 74 25 antogs
520 821 22 21 af
555 821 128 27 högvördiga
698 821 85 21 ständet
798 821 39 21 och
852 826 62 22 synes

92 850 38 21 det
152 850 42 27 mig
216 850 82 22 säledes
316 856 46 15 som
378 856 33 15 om
428 850 58 21 detta
501 852 93 19 moment
609 850 66 21 borde
690 849 33 21 till
738 850 104 21 utskottet
857 850 56 21 äter-

93 879 121 21 remitteras
228 878 32 22 för
274 880 33 20 att
324 878 113 22 behandlas
452 878 8 21 i
474 878 151 27 sammanhang
640 878 48 21 med
704 879 10 20 1
732 884 62 16 mom.

160 942 32 21 Pä
214 941 49 22 herr
284 941 173 22 talmannens
479 941 153 27 framställning
654 941 80 22 beslöts
757 941 101 27 enhälligt
880 942 33 20 att

90 971 159 21 återremittera
264 972 116 19 momentet
394 970 32 21 till
441 971 111 20 utskottet.

425 1055 12 29 8
454 1056 12 21 2
482 1062 61 15 mom.
560 1056 18 21 3.

159 1113 89 21 Prosten
264 1113 172 27 Rosengren:
466 1113 50 21 Man
532 1112 79 23 uttalar
627 1119 28 15 nu
671 1119 24 15 en
711 1112 138 27 bestämning,
866 1119 45 15 som

90 1141 47 22 icke
152 1143 24 20 är
191 1141 131 22 främmande
338 1141 38 22 hos
392 1147 39 16 oss.
462 1141 38 22 Ett
515 1141 108 27 skjutslag,
639 1147 34 16 om
689 1141 36 22 det
740 1141 65 22 sedan
821 1141 40 21 blir
876 1141 35 21 be-

90 1171 80 20 stämdt
191 1170 53 22 efter
266 1170 72 21 hvilka
355 1171 92 26 grunder
462 1177 45 14 som
523 1171 60 25 helst,
598 1171 42 20 kan
656 1170 113 27 möjligtvis
783 1170 128 21 ätminstone

89 1200 71 20 säsom
183 1199 35 21 det
241 1201 23 19 är
280 1198 114 27 föreslaget
409 1201 33 18 att
456 1201 87 24 utgöras
558 1199 22 21 af
594 1199 89 21 häradet
698 1205 51 14 vara
763 1199 24 20 sä
802 1200 61 24 stort,
879 1200 32 19 att

90 1227 36 22 det
148 1227 71 22 kunde
241 1227 77 27 uppstä
340 1227 143 26 olägenheter,
499 1233 44 15 som
559 1227 70 21 kunde
645 1233 49 15 vara
709 1227 79 32 ganska
803 1227 62 20 svära
879 1228 32 20 att

90 1256 58 21 bära.
178 1256 41 27 Jag
241 1255 36 22 vill
299 1257 49 25 taga
370 1256 69 21 såsom
462 1255 93 27 exempel
578 1256 36 21 det
636 1255 65 21 härad
717 1255 36 26 jag
768 1255 81 21 tillhör:
865 1255 45 21 från

89 1285 50 21 dess
154 1273 113 39 sydligaste
282 1284 55 21 ända
352 1284 6 21 i
373 1283 67 22 Yläne
455 1284 32 20 till
503 1284 46 21 dess
565 1283 129 27 nordligaste
708 1283 7 21 i
731 1283 76 22 Siikais
817 1285 25 19 är
851 1284 60 21 ader-

89 1315 38 19 ton
152 1313 43 21 mil.
225 1313 73 21 Skulle
320 1313 36 20 det
379 1318 28 15 nu
430 1312 64 21 blifva
515 1312 64 26 fallet,
602 1313 69 20 såsom
694 1312 39 21 här
752 1313 25 20 är
791 1311 119 32 föreslaget,

90 1341 71 21 kunde
183 1341 37 21 det
242 1341 70 21 hända
334 1343 32 19 att
386 1340 106 21 Ylänebor
515 1343 88 24 tvunges
624 1342 33 19 att
679 1342 76 24 utgöra
777 1339 111 27 hållskjuts
903 1339 8 21 i

88 1369 84 22 Siikais.
201 1369 43 22 Det
268 1369 70 21 kunde
360 1369 104 26 nämligen
488 1369 83 21 inträffa
592 1370 31 20 att
639 1368 34 21 vid
688 1368 40 22 alla
744 1368 166 27 gästgifverier
897 1364 16 35 i

89 1398 90 21 häradet
193 1398 69 21 skulle
276 1397 90 22 inrättas
381 1399 140 25 entreprenad
536 1401 59 18 utom
609 1397 28 27 på
652 1398 31 20 ett
693 1397 60 26 enda,
764 1397 38 20 der
815 1396 95 28 skjutsen

88 1426 69 21 skulle
172 1426 104 22 bestridas
290 1425 25 21 in
330 1428 87 19 natura.
447 1426 34 21 Då
496 1425 67 22 skulle
577 1425 48 22 hela
640 1425 89 21 häradet
743 1425 72 21 kunna
829 1425 81 26 tvingas

89 1456 33 19 att
136 1457 96 24 prestera
246 1454 67 26 skjuts
328 1454 28 26 på
370 1453 59 21 detta
444 1454 55 20 enda
513 1453 120 27 gästgifveri
648 1453 39 20 och
702 1453 59 21 detta
776 1453 67 21 skulle
859 1455 50 18 utan

89 1481 71 23 tvifvel
176 1482 147 22 åstadkomma
338 1484 58 19 stora
411 1481 141 27 olägenheter,
568 1483 22 25 ty
602 1481 62 27 ingen
675 1481 181 21 kommunikation
867 1481 42 21 kan

89 1510 76 22 tänkas
187 1510 113 22 förefinnas
322 1510 90 22 emellan
434 1510 24 22 så
476 1510 58 27 långt
548 1510 93 27 aflägsna
657 1511 62 20 orter.
749 1509 77 22 Derför
840 1508 69 23 skulle
