1081 1831
202 130 55 21 1368
387 134 160 18 Presteständet
559 136 55 16 1877.
638 135 23 16 18
674 134 91 18 oktober.

172 205 69 21 såsom
256 203 29 27 pä
299 204 66 26 några
379 206 58 19 orter
451 203 68 22 blefve
534 203 66 27 fallet,
615 204 7 20 i
638 202 100 22 händelse
753 203 40 21 den
809 203 95 27 ,skäliga
918 204 75 20 ersätt-

172 233 90 26 ningen*
278 232 67 21 skulle
361 238 50 15 vara
426 238 60 14 norm
501 231 32 22 för
548 231 140 27 skjutslegans
703 231 84 27 belopp.
811 232 75 21 Denna
901 230 92 28 skyldig-

171 260 43 27 het,
230 262 32 20 att
276 260 152 22 kommunerna
443 260 68 22 skulle
526 260 93 26 bidraga,
635 266 62 21 synes
711 261 43 25 mig
763 260 82 26 framgä
855 260 61 22 äfven
927 260 68 28 deraf,

172 291 33 20 att
227 290 26 20 de
274 289 131 26 kommuner,
422 288 37 22 der
474 291 68 19 större
557 289 57 21 antal
629 290 64 25 vägar
708 288 67 22 finnes
789 288 41 22 och
844 295 45 15 som
904 289 88 26 antagli-

172 324 40 20 gen
233 317 23 22 af
277 318 107 21 desamma
403 317 61 21 hafva
479 319 68 20 större
562 323 120 21 gemensam
697 320 67 24 nytta,
779 317 68 22 skulle
862 318 85 21 komma
961 319 33 20 att

173 346 84 27 deltaga
272 346 7 21 i
295 345 227 27 skjutsningsbesväret
536 346 7 21 i
558 348 68 20 större
641 346 52 26 grad
707 348 27 19 än
745 346 32 26 de,
788 346 38 22 der
836 346 54 22 blott
901 353 26 15 en
940 346 54 22 enda

172 377 40 25 väg
227 376 38 26 gär
279 374 59 22 fram.
369 375 42 21 Det
427 376 24 20 är
465 375 83 21 rättvist
563 376 32 20 att
610 375 47 24 den,
673 380 44 16 som
733 374 39 22 har
787 375 36 21 det
833 376 68 20 större
911 377 84 25 gagnet,

172 404 66 21 ocksä
259 403 40 21 bör
321 403 83 27 deltaga
419 403 6 21 i
441 403 40 22 den
503 405 68 20 större
594 403 124 21 kostnaden.
748 403 49 22 Men
818 403 40 21 den
873 404 121 21 mellanme-

172 432 57 27 ning,
244 438 46 16 som
311 432 73 21 rektor
399 431 99 22 Kihlman
513 432 77 21 insatte
605 432 6 20 i
628 433 10 20 1
655 432 12 26 &
683 432 105 26 nämligen
804 434 59 25 ,,mot
878 432 117 26 ersättning

172 467 46 15 som
240 461 7 21 i
270 460 68 22 denna
360 460 123 26 förordning
505 463 96 19 närmare
623 460 148 27 bestämmes",
795 460 69 22 kunde
886 460 109 22 föranleda

173 489 32 21 till
228 490 39 21 den
290 488 140 28 uppfattning,
453 491 32 19 att
504 496 48 15 man
574 489 17 26 ej
608 488 137 22 tillerkänner
759 489 153 22 kommunerna
927 490 69 26 nägon

172 518 120 27 skyldighet
314 520 33 19 att
369 517 84 27 deltaga
475 518 6 21 i
504 520 33 19 att
551 517 56 22 hälla
622 517 129 27 skjutslegan
767 518 28 27 pä
810 524 26 15 en
851 518 58 27 lägre
924 518 72 22 ständ-

172 546 74 28 punkt.
275 546 41 27 Jag
339 547 123 26 godkänner
483 546 127 27 fullkomligt
633 546 36 22 det
684 546 132 27 berättigade
830 548 7 20 i
853 549 32 19 att
900 553 26 15 en
941 546 55 22 skild

174 575 117 27 ersättning
306 575 72 26 gifves,
394 581 47 15 men
457 575 60 21 äfven
533 576 68 21 denna
616 575 67 21 andra
697 576 107 27 synpunkt
820 575 48 22 ville
882 576 36 26 jag
933 576 63 21 hafva

173 603 131 23 framhällen.
336 604 39 21 Om
396 604 67 21 denna
486 604 135 26 formulering
643 606 94 25 antoges,
759 604 68 22 skulle
845 604 37 28 jag
897 604 55 22 helst
967 611 29 18 se,

174 634 32 19 att
228 632 62 22 dessa
312 633 38 20 ord
373 633 92 26 utginge,
487 633 105 21 äfvensom
609 633 36 20 det
659 632 46 22 icke
719 632 129 27 följdriktiga
867 633 130 22 insättandet

185 660 8 22 f
209 661 220 27 skjutsningstungans
444 660 121 23 fördelande
581 660 59 23 äfven
657 662 26 26 pä
691 661 120 26 skattlagde
825 664 85 25 torpare
922 668 18 15 0.
949 668 16 15 s.
976 668 20 15 v.

242 718 81 21 Rektor
344 717 147 22 Kihlman:
520 718 50 21 Med
592 717 112 27 anledning
727 717 21 22 af
769 719 77 20 tvänne
868 718 128 27 föregående

174 746 78 23 talares
275 746 164 27 anmärkningar
461 753 34 15 om
517 749 32 19 att
569 745 110 23 skilnaden
696 746 89 22 emellan
801 747 47 21 mitt
863 747 78 26 förslag
956 747 39 22 och

173 775 116 22 utskottets
313 776 17 26 ej
346 775 68 21 skulle
429 782 51 15 vara
495 775 22 22 af
531 776 68 26 någon
615 775 114 27 betydelse,
745 775 32 21 får
789 775 36 27 jag
841 778 97 19 närmare
954 775 42 22 till-

173 804 128 27 kännagifva
323 803 42 22 min
387 804 90 26 mening.
506 804 41 26 Jag
568 810 68 18 anser,
659 806 32 19 att
713 804 36 22 det
771 806 24 19 är
818 811 80 15 samma
912 804 84 22 skilnad

175 832 88 23 emellan
285 833 115 21 utskottets
415 832 78 26 förslag
509 833 39 21 och
563 833 47 21 mitt
624 832 84 27 förslag,
724 839 45 16 som
785 833 90 22 emellan
890 835 33 19 att
938 835 57 25 säga,

174 863 32 20 att
220 861 147 27 skyldigheten
381 861 79 27 åligger
474 862 19 21 A
508 864 32 19 att
555 861 80 27 skjutsa
651 861 39 21 och
700 861 146 28 skyldigheten
861 862 80 27 åligger
950 862 47 21 icke

175 891 18 20 A
214 892 32 19 att
267 890 87 27 skjutsa.
391 889 26 22 D.
433 896 18 15 v.
467 897 15 14 s.
496 890 40 21 det
551 893 24 18 är
589 890 52 21 raka
656 892 122 19 motsatsen.
809 891 42 20 Det
866 891 41 21 kan
922 891 19 26 ej
959 891 38 21 här

174 919 64 21 blifva
252 918 59 27 fråga
326 925 34 15 om
375 920 33 19 att
423 919 95 26 redigera
533 919 131 26 paragrafen,
680 921 50 19 utan
746 919 75 21 endast
836 921 32 19 att
882 919 68 22 uttala
965 920 32 27 sig

174 947 7 21 i
204 947 71 22 saken.
306 947 32 21 En
356 947 74 22 remiss
445 947 22 22 af
481 947 144 22 betänkandet
640 947 61 22 torde
716 947 7 21 i
738 947 41 22 alla
794 947 36 22 fall
846 948 64 21 blifva
926 947 21 22 af
960 950 36 19 nö-

175 976 40 21 den
231 975 39 22 och
285 976 42 21 min
343 975 84 26 mening
441 982 38 15 var
493 978 38 23 att,
547 977 28 20 då
589 975 88 22 ärendet
693 975 67 22 skulle
775 977 174 31 återremitteras,
962 983 34 14 om

174 1004 115 21 ständerna
308 1003 68 22 skulle
391 1003 47 22 dela
453 1005 43 20 min
511 1004 60 26 åsigt,
587 1011 48 14 man
649 1004 68 21 skulle
733 1005 68 20 uttala
816 1005 37 25 sig,
869 1007 32 19 att
916 1005 81 21 utskot-

175 1034 31 19 tet
229 1032 48 22 ville
299 1032 131 32 omredigera
453 1032 124 27 paragrafen
600 1033 5 20 i
623 1032 54 27 syfte
692 1035 32 18 att
739 1033 36 21 det
790 1033 92 27 tydligen
899 1033 97 26 framgår,

175 1063 32 19 att
229 1061 115 22 ständerna
366 1061 19 26 ej
407 1061 93 22 erkänna
523 1061 39 22 den
585 1061 6 21 i
613 1060 80 22 mantal
707 1063 56 19 satta
775 1061 76 33 jorden
866 1061 84 28 skyldig
964 1063 32 19 att

174 1091 77 25 utgöra
272 1089 74 27 skjuts,
370 1095 46 15 men
439 1091 32 19 att
486 1097 54 18 man,
556 1091 51 20 utan
622 1091 32 20 att
669 1096 47 15 man
732 1096 62 15 anser
809 1090 32 27 sig
856 1090 70 21 dertill
942 1090 55 27 skyl-

176 1118 40 27 dig,
239 1118 64 21 likväl
326 1117 35 22 vill
376 1118 33 21 för
427 1107 130 32 närvarande
572 1119 63 26 åtaga
650 1118 31 27 sig
697 1119 59 20 detta
771 1118 75 22 besvär
861 1119 67 21 under
943 1119 54 21 vissa

174 1146 181 27 förutsättningar,
379 1153 44 14 som
442 1147 6 20 i
465 1147 35 21 det
515 1147 92 26 följande
621 1149 98 19 närmare
734 1147 126 22 bestämmes
876 1148 39 21 och
930 1148 68 21 under

175 1181 26 15 en
217 1175 41 22 viss
272 1175 38 26 tid,
326 1176 23 21 så
364 1177 32 20 att
411 1175 27 21 då
453 1175 41 22 den
509 1176 56 21 tiden
586 1177 24 20 är
624 1176 95 27 förlupen
735 1176 36 21 det
787 1175 67 22 blefve
870 1176 128 26 nödvändigt

176 1206 32 19 att
222 1204 47 21 åter
284 1205 94 26 upptaga
395 1204 72 21 saken.
496 1204 34 21 Då
545 1205 38 21 har
598 1210 48 15 man
662 1204 66 21 under
743 1205 68 21 denna
826 1205 31 21 tid
872 1205 74 22 vunnit
961 1205 36 21 nå-

175 1238 42 21 gon
240 1232 120 22 erfarenhet
382 1233 39 21 och
444 1233 61 21 torde
525 1233 26 21 då
567 1233 64 21 också
645 1233 28 27 på
687 1233 68 26 grund
770 1233 22 21 af
803 1233 41 22 den
859 1239 69 15 vunna
944 1233 54 22 erfa-

176 1261 101 21 renheten
299 1260 72 22 kunna
392 1261 53 22 fatta
466 1263 31 19 ett
522 1261 68 22 beslut
611 1261 33 21 för
667 1268 26 15 en
712 1261 73 26 längre
799 1262 32 21 tid
846 1264 26 19 än
885 1262 37 27 jag
937 1268 61 16 anser

176 1295 48 15 man
239 1295 29 15 nu
283 1289 42 22 kan
339 1291 58 24 göra.

244 1346 111 21 Professor
376 1346 144 21 Forsman:
550 1347 41 27 Jag
613 1353 62 15 anser
697 1348 6 20 i
726 1347 67 22 likhet
814 1349 47 20 med
880 1347 56 22 hvad
951 1354 46 15 som

175 1376 78 25 yttrats
275 1375 23 20 af
320 1375 73 20 rektor
413 1375 106 24 Kihlman,
542 1377 33 18 att
596 1375 68 26 någon
686 1377 109 24 strängare
818 1375 138 27 formulering
978 1376 22 21 af

175 1402 151 27 paragraferne
349 1402 18 27 ej
391 1402 42 21 kan
448 1403 85 21 komma
548 1402 68 27 ifråga
631 1403 27 26 på
673 1403 60 21 detta
748 1403 61 22 ställe
826 1404 39 21 och
878 1403 37 27 jag
929 1403 68 22 skulle

175 1430 33 22 till
230 1431 40 21 och
292 1430 48 22 med
362 1436 50 16 anse
434 1432 33 20 att
489 1436 34 16 om
542 1431 151 27 paragraferne
715 1431 147 23 diskuterades
880 1432 6 22 i
902 1438 96 16 nummer

175 1458 52 28 följd
248 1459 47 21 icke
317 1465 37 15 ens
374 1459 65 27 något
461 1460 109 26 strängare
593 1460 70 21 beslut
685 1460 41 22 kan
747 1462 106 21 statueras
868 1462 6 20 i
890 1461 26 21 de
931 1462 67 21 första

174 1488 158 27 paragraferna,
348 1488 88 22 emedan
446 1488 75 27 sjelfva
535 1488 84 28 frågans
634 1489 150 33 tyngdpunkt
773 1485 14 41 i
801 1490 43 22 alla
858 1490 37 22 fall
909 1490 67 35 ligger
990 1491 8 21 i

176 1517 26 21 de
224 1517 129 28 paragrafer,
374 1523 45 16 som
434 1517 53 22 först
502 1524 74 16 senare
591 1518 85 22 komma
691 1518 6 22 i
713 1519 122 27 ordningen.
863 1520 43 22 Det
920 1521 25 20 är
960 1520 39 22 all-

616 1776 18 18 >
