1086 1773
320 131 158 18 Presteständet
491 132 53 17 1877.
569 132 25 16 23
607 132 92 17 oktober.
839 126 52 21 1591

103 199 85 22 alldeles
211 199 103 27 indragas,
337 199 36 22 det
394 200 87 22 sednare
505 200 52 22 dock
578 201 74 21 endast
667 200 6 21 i
689 200 25 22 de
729 200 43 25 fall,
788 202 32 20 att
835 200 25 22 de
876 200 45 22 icke

103 230 37 19 äro
163 229 156 26 presterskapet
339 228 33 21 för
386 228 27 21 all
429 229 85 21 framtid
529 229 175 21 tillförsäkrade.*
734 229 67 21 Dessa
816 229 51 21 sista
883 230 37 20 ord

101 256 69 22 skulle
188 256 37 28 jag
248 257 26 21 be
295 259 32 19 att
349 257 21 21 fä
392 256 77 22 föreslä
491 260 31 19 att
537 257 67 21 skulle
618 258 82 26 intagas
716 258 38 20 här
768 258 6 20 i
790 257 129 27 paragrafen.

104 285 48 21 Man
176 285 41 21 kan
232 285 17 27 ej
266 285 61 27 skilja
349 286 96 25 ständiga
467 286 97 26 vederlag
586 285 46 21 från
648 286 96 26 behaglig
758 286 42 21 tids
815 286 105 26 vederlag,

101 314 25 20 så
141 314 63 20 framt
219 320 48 15 man
283 314 18 26 ej
317 313 104 26 åberopar
436 314 150 26 privilegierna,
602 314 70 22 såsom
688 314 134 27 domprosten
833 314 87 21 Renvall

103 341 132 27 fullständigt
249 342 38 21 har
304 342 120 21 framhållit.
453 342 61 22 Hvad
529 342 139 22 kronotionde
684 342 135 27 vidkommer,
835 342 37 21 ber
885 342 36 27 jag

102 372 33 19 att
157 371 68 21 erinra
248 371 78 25 derom,
349 373 32 19 att
402 370 67 22 under
493 372 36 20 det
549 373 86 19 namnet
657 371 139 21 förekommer
818 370 101 28 följande:

105 399 104 27 vederlag,
225 399 36 21 det
275 399 97 27 ständiga
388 399 38 21 och
442 399 110 27 behagliga
566 399 42 22 tids
620 400 126 26 vederlaget,
757 399 80 22 hvilket
847 406 74 15 senare

102 427 65 22 också
188 428 53 21 bade
257 428 62 21 namn
335 428 22 21 af
370 428 208 27 gästningsspanmäl,
594 428 87 21 emedan
697 429 35 20 det
746 428 89 25 tillkom,
851 428 69 21 såsom

103 458 85 24 prosten
204 456 58 26 Hjelt
277 457 96 24 nämnde,
389 456 31 21 för
436 458 31 19 att
482 457 127 20 understöda
624 456 120 27 prestbolen
759 456 7 21 i
782 457 40 20 den
841 457 36 25 tid,
894 457 26 20 då

102 484 145 27 gästgifverier
262 485 39 20 och
317 485 65 20 andra
397 484 202 27 ordningsanstalter
613 485 18 26 ej
648 491 50 15 voro
713 485 88 24 införda,
815 487 106 24 prosttun-

103 518 73 21 norna,
192 513 228 27 domkyrkotunnorna,
437 514 42 20 vin-
495 513 39 21 och
549 513 167 27 byggningssäde
731 520 26 14 m.
777 520 27 14 m.
834 513 85 27 Alitnog

103 541 39 21 här
164 543 23 19 är
202 541 59 27 fräga
276 547 34 16 om
325 542 75 21 sädant
415 541 78 28 anslag,
509 548 44 15 som
569 549 25 14 en
611 542 52 21 eller
678 547 67 16 annan
761 541 121 28 församling
898 544 23 19 är

103 569 88 27 tillagdt,
216 571 39 20 och
276 571 69 20 säsom
367 570 92 27 exempel
483 571 64 26 derpä
569 570 35 21 vill
620 571 36 26 jag
671 570 79 26 anföra,
766 573 32 18 att
812 572 108 25 pastorn
909 565 15 36 i

102 598 96 26 Limingo
222 598 37 21 bär
278 605 43 20 upp
344 601 73 18 sexton
441 601 75 18 tunnor
532 599 102 26 vederlag,
652 599 37 21 och
706 599 26 21 dä
748 605 47 15 man
812 599 107 26 betänker,

101 629 33 18 att
147 627 62 21 också
222 627 53 21 efter
287 627 81 26 måttlig
379 627 127 21 konvention
517 628 68 21 denna
600 627 132 27 kyrkoherde
744 627 39 22 har
793 627 127 27 fyrahundra

103 655 100 27 tjugufem
227 658 83 23 tunnor,
333 656 23 21 sä
378 662 41 20 nog
441 656 66 21 mäste
524 663 46 14 man
583 656 24 26 ju
622 658 56 24 säga,
694 657 32 20 att
741 656 58 21 detta
815 655 104 28 vederlag,

101 690 47 15 som
164 684 36 21 der
216 684 17 27 ej
250 687 23 18 är
288 684 93 27 ständigt
396 683 102 28 vederlag,
514 685 33 20 väl
562 684 68 22 skulle
645 685 71 20 kunna
731 684 99 21 behöfvas
841 683 31 22 för
885 685 35 21 det

102 719 59 14 arma
183 713 122 26 Kuolajärvi
323 713 52 21 eller
390 713 68 26 nägon
475 719 67 15 annan
558 713 44 22 usel
618 713 127 26 församling.
762 726 26 2 —
804 714 39 25 Jag
859 719 61 16 anser

103 742 41 26 mig
160 741 17 27 ej
193 741 90 22 behöiva
298 741 111 28 uppehälla
424 742 91 25 ständet,
526 744 51 19 utan
590 743 70 20 röstar
672 741 32 21 för
717 742 133 27 paragrafens
862 745 58 18 anta-

101 769 69 27 gande
191 771 47 20 med
254 771 72 26 tillägg
342 771 22 20 af
378 771 64 20 orden
459 771 36 24 ,sä
510 771 62 21 framt
588 770 25 21 de
628 770 46 21 icke
689 773 36 18 äro
741 771 157 26 presterskapet
913 771 6 20 i

102 798 148 28 församlingen
265 799 33 21 för
313 799 27 21 all
356 798 86 22 framtid
456 799 171 22 tillförsäkrade*.

170 855 60 22 Efter
241 855 87 22 härmed
341 855 91 22 afslutad
443 856 124 27 diskussion,
576 855 122 22 framstälde
708 855 49 22 herr
765 856 153 21 talmannen

101 883 92 29 följande
207 885 140 27 proposition:

172 943 31 20 1:0
226 942 114 21 Godkännes
356 941 176 28 ”ifrägavarande
551 944 11 25 $
578 943 12 20 5
606 942 48 22 med
676 942 51 22 eller
749 944 51 19 utan
824 942 95 27 ändring,

101 970 52 22 eller
167 970 60 21 icke?
249 970 80 22 Vinner
344 971 39 26 nej,
399 971 39 21 har
453 972 123 26 paragrafen
593 971 67 21 blifvit
674 971 22 20 af
710 970 84 22 ständet
804 970 115 22 förkastad.

169 1027 129 22 Besvarades
315 1028 46 21 med
376 1029 25 20 21
416 1028 22 27 ja
454 1027 39 22 och
509 1029 26 20 10
550 1028 40 27 nej;
608 1027 38 22 och

170 1086 33 21 2:0
219 1085 126 22 Godkännes
361 1085 6 21 i
382 1084 151 28 frägavarande
547 1085 100 27 paragraf
661 1085 125 21 oförändrad
799 1085 51 21 eller
860 1085 59 21 icke?

102 1114 77 21 Vinner
198 1114 40 26 nej,
254 1114 38 21 har
307 1114 123 27 paragrafen
447 1113 66 22 blifvit
529 1117 88 24 antagen
635 1114 47 21 med
698 1114 34 21 det
747 1113 22 22 af
784 1113 134 27 domprosten

99 1143 57 26 Borg
179 1142 118 27 föreslagna
318 1142 95 27 tillägget
428 1143 22 20 af
465 1143 64 21 orden
545 1143 37 24 ,,så
597 1143 63 20 framt
676 1143 24 20 de
716 1142 45 21 icke
776 1144 36 19 äro
829 1144 90 25 prester-

99 1172 75 26 skapet
189 1171 6 21 i
211 1171 148 26 församlingen
381 1171 33 21 för
436 1171 27 21 all
486 1171 84 22 framtid
593 1171 167 21 tillförsäkrade*
784 1171 52 21 efter
858 1170 61 21 ordet

100 1200 169 27 ykronotionde*.

167 1257 130 22 Besvarades
312 1257 49 21 med
374 1257 26 21 10
413 1257 23 26 ja
451 1257 38 21 och
507 1257 25 22 19
544 1257 44 27 nej;
604 1256 86 22 hvarför
702 1256 81 22 säledes
794 1256 124 27 paragrafen

99 1286 23 21 af
135 1286 84 21 ständet
241 1286 122 26 godkändes
387 1287 47 20 med
457 1285 59 22 detta
531 1286 21 21 af
566 1286 135 26 domprosten
722 1285 56 27 Borg
801 1285 118 26 föreslagna

99 1313 79 28 tillägg.

166 1371 31 22 På
211 1371 152 27 framställning
378 1371 21 21 af
412 1371 49 21 herr
476 1371 149 22 talmannen
641 1371 83 24 beslöts,
740 1373 32 19 att
787 1370 39 22 den
842 1370 22 21 af
873 1376 46 21 pro-

97 1402 48 18 sten
166 1400 107 20 Helander
295 1400 75 20 väckta
392 1399 79 26 frägan,
492 1406 33 14 om
541 1402 32 17 att
588 1405 28 14 nu
630 1400 65 19 redan
711 1399 66 20 skulle
793 1399 126 20 bestämmas

98 1433 34 15 om
155 1427 39 22 den
219 1427 36 25 tid,
278 1427 149 26 författningen
446 1426 83 22 komme
544 1429 32 18 att
590 1426 61 26 gälla,
666 1426 67 21 skulle
748 1426 124 27 uppskjutas
888 1425 31 22 till

99 1455 47 22 dess
160 1455 144 21 betänkandet
319 1454 68 22 blifvit
402 1454 180 22 slutdiskuteradt.

168 1507 153 27 Öfverskriften
337 1512 32 21 till
390 1512 5 20 2
412 1512 48 26 kap.
475 1512 126 26 godkändes.
