1084 1803
200 135 56 20 1420
392 139 159 18 Presteståndet
563 141 55 16 1877.
641 140 23 16 16
677 140 90 17 oktober.

171 208 27 26 gå
221 208 35 21 två
278 208 79 26 gånger
379 208 58 21 detta
459 207 50 27 håll,
528 208 19 21 d.
563 214 19 14 v.
598 214 16 14 s.
631 208 35 20 två
680 208 80 26 gånger
774 208 33 20 tre
822 206 52 22 eller
889 206 44 28 fyra
949 207 43 25 mil,

173 236 36 21 det
231 238 23 19 är
276 242 36 16 sex
334 236 39 21 och
388 236 46 21 åtta
449 236 36 21 mil
500 242 34 15 om
550 236 74 26 dagen,
640 236 39 20 och
695 236 36 20 det
746 236 77 26 fjorton
839 236 66 26 dagar
919 236 14 20 å
947 236 46 24 rad,

172 267 24 19 är
219 264 35 22 det
275 264 86 22 alldeles
383 264 63 26 klart,
469 267 32 19 att
523 265 62 27 ingen
600 264 22 22 af
635 265 50 21 våra
700 264 73 21 hästar
788 264 57 22 hålla
859 266 24 19 ut
898 264 93 22 dermed.

172 294 32 26 Ty
226 293 48 21 med
295 296 33 19 att
349 294 28 26 gå
391 294 27 20 60
434 293 13 21 å
462 294 27 21 80
505 293 35 21 mil
556 294 27 26 pä
600 294 26 20 10
641 294 65 26 dagar
721 292 51 22 eller
784 294 55 20 ända
854 293 32 21 till
900 293 41 21 120
957 293 35 21 mil

172 322 27 27 på
221 322 78 22 femton
322 322 66 27 dagar
409 322 44 22 står
475 328 26 16 en
516 322 48 22 häst
576 322 46 22 icke
637 324 29 23 ut,
682 322 120 27 isynnerhet
816 323 70 20 såsom
901 321 92 22 hållhäst

172 351 119 21 betraktad.
321 350 40 26 Jag
383 350 38 21 har
444 351 70 21 derför
536 353 71 19 ansett
625 350 36 21 det
682 353 48 18 rent
752 350 21 21 af
795 350 100 27 omöjligt,
915 352 32 19 att
962 353 31 18 ett

173 379 76 22 sådant
264 379 116 27 stadgande
395 379 66 21 skulle
476 379 71 21 kunna
562 380 49 25 ingå
625 379 7 20 i
647 379 149 26 förordningen
808 379 38 21 och
857 379 70 21 derför
939 379 54 21 före-

172 407 69 27 slagit,
264 409 31 20 att
311 408 6 21 i
332 407 151 27 frägavarande
499 410 93 19 moment
606 407 68 22 skulle
689 407 21 22 få
725 407 90 27 följande
830 407 92 28 lydelse:
954 407 37 27 Ej

172 436 35 21 må
222 436 70 27 någon
307 442 50 15 vara
372 436 83 27 skyldig
470 439 32 18 att
517 437 48 21 med
580 436 43 21 håll
638 435 54 28 häst,
703 442 46 15 som
764 436 32 21 till
807 436 68 27 skjuts
885 436 108 27 användts,

172 465 54 27 ånyo
249 465 88 26 skjutsa,
359 465 63 21 innan
445 465 54 21 efter
520 465 84 21 afresan
626 465 46 21 från
693 465 144 26 gästgifveriet
858 464 89 21 förflutit
961 466 33 19 tre

172 494 79 26 gånger
270 494 23 21 så
309 493 76 26 många
399 493 90 26 timmar,
505 500 45 15 som
566 493 80 22 antalet
661 493 22 21 af
697 493 26 21 de
738 494 13 20 å
766 493 97 22 sednaste
879 493 114 26 skjutsfärd

172 523 68 20 under
261 521 52 22 fram
336 522 40 21 och
397 523 109 20 återresan
529 522 161 27 tillryggalagda
704 521 45 26 mil;
766 522 18 26 ej
801 521 65 22 heller
881 524 32 19 att
928 522 67 21 under

173 557 81 14 samma
274 551 54 26 dygn
343 551 87 26 skjutsa,
447 551 37 21 der
499 551 106 21 afståndet
620 550 123 27 öfverstiger
758 557 25 14 en
800 550 41 26 mil,
857 556 45 15 mer
917 552 26 19 än
959 556 35 15 en-

173 580 61 25 gång,
250 579 45 24 och,
312 579 37 21 der
365 579 116 22 detsamma
496 579 75 22 endast
585 580 63 25 utgör
662 579 30 21 tio
708 581 56 18 verst
780 579 51 21 eller
845 579 88 26 mindre,
943 579 51 21 flere

174 610 26 19 än
224 609 36 20 två
274 608 99 26 gånger".
402 607 79 27 Början
497 608 22 21 af
533 609 42 20 min
591 608 130 21 reservation
737 607 39 22 och
792 608 115 21 utskottets
919 607 75 22 betän-

173 637 70 20 kande
265 636 39 21 har
327 636 89 21 kommit
439 639 32 18 att
492 636 49 27 lyda
563 636 43 21 lika
621 635 24 22 af
658 636 36 21 det
709 636 75 26 skälet,
800 638 31 19 att
847 636 26 21 då
886 636 37 27 jag
938 636 59 21 skref

174 665 69 21 denna
257 665 135 25 reservation,
407 665 48 21 stod
470 666 105 20 utskottet
590 667 56 19 ännu
660 665 42 20 fast
717 665 34 20 vid
766 665 40 20 den
819 665 111 26 kejserliga
945 671 49 20 pro-

174 693 125 27 positionen,
321 699 46 16 som
389 695 61 25 säger
473 710 8 9 ,
487 693 98 26 dubbelt"
606 694 24 21 så
653 693 75 26 många
744 694 89 25 timmar,
850 693 39 22 och
905 694 36 21 det
958 699 37 14 var

174 722 53 21 först
242 722 33 20 vid
288 722 138 26 justeringen,
442 728 45 15 som
503 722 105 21 utskottet
623 721 105 27 öfvergick
744 721 31 21 till
791 722 40 20 den
846 722 90 26 mening,
949 727 45 15 som

174 750 143 21 betänkandet
339 756 29 15 nu
390 750 43 21 har.
464 750 49 22 Men
529 750 59 22 detta
602 750 44 21 blef
660 750 104 21 oändradt
779 750 6 21 i
800 750 42 21 min
857 750 136 21 reservation.

173 778 165 22 Reservationen
353 778 67 27 gäller
435 779 81 21 således
531 779 6 21 i
553 779 73 27 sjelfva
642 778 73 22 verket
730 778 91 27 följande
836 779 39 21 ord
890 779 7 21 i
911 779 83 21 utskot-

174 810 41 18 tets
230 807 78 27 förslag
324 807 31 27 ,,ej
373 807 65 21 heller
453 808 67 20 under
535 814 80 14 samma
630 808 54 26 dygn
700 807 81 26 skjutsa
795 807 51 21 flere
861 809 27 19 än
897 808 37 20 två
944 807 50 27 gän-

173 838 57 24 ger".
260 836 43 20 Det
325 837 24 19 är
371 836 121 26 visserligen
515 839 53 22 sant,
591 838 31 19 att
644 836 35 20 det
700 836 47 21 icke
769 838 25 18 är
811 836 183 26 mängenstädes
984 832 15 35 i

174 865 46 20 vårt
244 864 55 26 land,
322 864 38 21 der
382 864 106 22 afståndet
510 866 24 20 är
556 864 54 22 blott
631 870 25 15 en
680 864 44 26 mil;
746 870 47 16 men
808 864 77 22 sådant
899 864 96 22 inträffar

174 893 60 21 äfven
255 894 26 25 på
303 892 78 22 allmän
396 892 108 27 landsväg.
537 893 49 21 Men
601 892 93 22 särdeles
709 895 25 19 är
749 893 36 21 det
799 893 60 21 fallet
873 895 52 19 nära
937 893 57 27 jern-

174 922 160 26 vägsstationer,
354 922 38 20 der
406 921 90 22 trafiken
511 924 24 19 är
550 924 45 19 stor
610 922 39 21 och
664 922 38 20 der
716 922 47 20 från
779 928 25 14 en
816 922 178 26 jernvägsstation

174 950 31 21 till
228 952 106 19 närmaste
356 950 120 26 gästgifveri
498 951 47 21 icke
568 952 24 19 är
613 956 65 20 mera,
700 952 26 19 än
742 950 89 22 emellan
847 950 40 22 fem
905 950 38 22 och
959 950 35 20 nio

174 980 62 20 verst.
265 979 44 21 Der
332 978 41 22 kan
395 984 25 16 en
443 979 47 21 häst
512 980 27 25 gå
554 980 35 20 två
604 979 79 27 gånger
697 979 8 21 i
720 979 78 27 dygnet
812 979 38 21 och
867 979 38 21 der
919 981 24 19 är
959 979 36 21 det

174 1007 64 21 också
261 1007 86 27 onödigt
367 1009 33 19 att
422 1007 56 21 hålla
492 1007 51 22 flere
558 1008 78 24 hästar,
653 1010 26 18 än
695 1009 32 19 att
742 1008 93 26 skjutsen
851 1008 41 20 kan
908 1010 87 24 utgöras

174 1036 48 20 med
242 1036 35 20 två
299 1036 92 26 skjutser
412 1036 7 20 i
437 1036 83 27 dygnet.
550 1036 42 22 Det
607 1038 24 19 är
646 1036 81 21 således
742 1036 45 21 icke
803 1037 23 20 så
841 1036 87 22 alldeles
943 1038 52 19 utan

174 1064 32 20 sin
220 1064 110 27 praktiska
343 1066 65 24 nytta,
424 1066 33 19 att
471 1065 127 20 åtminstone
614 1065 32 20 för
661 1065 36 20 det
707 1065 85 20 kortare
803 1065 105 21 afståndet
918 1065 77 26 skjuts-

175 1092 76 27 ningen
273 1093 42 20 kan
337 1092 38 21 ske
398 1093 35 20 två
451 1093 79 27 gånger
545 1093 7 21 i
568 1093 77 28 dygnet
660 1093 6 20 i
682 1096 64 18 annat
762 1093 36 21 fall
814 1100 49 14 vore
879 1093 36 21 det
930 1093 65 26 enligt

174 1121 43 21 min
232 1121 54 26 åsigt
301 1121 48 21 bäst
364 1123 32 19 att
411 1122 32 21 stå
459 1121 34 22 vid
509 1122 36 21 det
559 1121 77 28 gamla,
652 1124 32 19 att
698 1122 143 26 skjutshästen
857 1121 46 22 icke
913 1122 7 21 i
930 1123 65 24 något

174 1149 36 22 fall
233 1149 67 22 skulle
322 1149 89 22 behöfva
433 1151 26 25 gå
481 1151 72 21 vidare
574 1153 27 18 än
616 1157 26 14 en
657 1151 55 26 gång
727 1151 7 20 i
750 1151 83 26 dygnet.
863 1150 49 21 Men
928 1151 67 20 måste

174 1178 74 21 hästen
273 1179 27 26 gå
321 1180 77 19 tvenne
419 1180 79 25 gånger
520 1179 34 21 vid
576 1179 72 26 längre
671 1179 49 26 båll,
744 1180 34 20 må
800 1186 47 15 man
870 1179 45 21 icke
938 1179 57 21 bilda

175 1206 199 27 skyddsföreningar
396 1210 57 18 emot
476 1207 135 27 djurplågeri,
630 1207 47 22 icke
692 1207 66 22 heller
773 1207 57 22 åtala
845 1208 32 21 för
892 1207 103 28 djursplå-

175 1235 75 26 gande,
266 1235 27 21 då
309 1241 46 15 man
371 1237 38 25 gör
425 1236 36 20 det
476 1236 7 20 i
498 1235 34 27 lag
548 1236 31 21 till
595 1243 25 14 en
635 1236 54 26 pligt
703 1238 32 19 att
750 1236 62 27 plåga
827 1236 53 27 djur.

243 1292 92 21 Prosten
356 1292 170 22 Johnsson:
556 1293 40 25 Jag
618 1292 35 21 vill
676 1292 72 22 förena
771 1293 42 25 mig
827 1293 47 21 med
891 1293 106 27 professor

175 1320 63 22 Cleve
260 1321 6 20 i
289 1320 52 22 hans
364 1322 56 20 emot
443 1320 143 22 betänkandet
608 1320 78 27 afgifna
708 1322 135 20 reservation.
875 1321 69 22 Också
960 1321 36 27 jag

174 1355 69 18 anser,
259 1351 32 18 att
307 1349 35 20 det
357 1351 24 18 är
396 1349 30 19 tid
442 1351 32 18 att
489 1350 132 20 förekomma
637 1350 35 19 det
689 1350 134 25 djurplågeri,
838 1355 46 15 som
899 1355 29 15 nu
943 1350 54 20 exis-

175 1378 57 18 terar
254 1376 32 21 vid
310 1376 179 26 gästgifverierna,
513 1377 26 21 då
562 1383 79 15 samma
663 1377 91 21 hållhäst
770 1377 105 27 begagnas
890 1377 107 25 åtskilliga

174 1404 84 27 gånger.
288 1404 219 27 Penningelystnaden
537 1405 77 21 drifver
629 1405 50 21 flere
695 1405 76 27 dertill,
788 1405 37 22 och
841 1405 32 21 för
888 1408 32 19 att
935 1405 62 27 stäfja

176 1433 58 21 detta
256 1432 79 26 oskick,
358 1439 62 15 anser
440 1433 43 27 jag,
506 1435 32 19 att
558 1434 35 21 det
614 1434 123 25 stadgande,
752 1440 45 15 som
813 1434 106 26 professor
934 1434 74 21 Cleve
1000 1428 12 36 -

175 1461 39 22 har
236 1461 108 27 föreslagit
359 1462 7 20 i
381 1467 74 16 senare
471 1464 123 23 momentet,
610 1464 23 19 är
649 1463 33 20 väl
697 1462 130 27 berättigadt
841 1463 40 21 och
897 1463 64 21 också
975 1463 23 21 af

175 1489 160 23 förhållandena
350 1490 114 27 påkalladt.
