1081 1820
316 124 159 19 Presteståndet
488 126 54 17 1877.
566 126 26 17 20
606 125 91 18 oktober.
823 120 53 20 1515

87 194 64 21 redan
167 194 104 21 inrättade
286 194 153 27 församlingar,
456 201 33 15 om
506 201 39 21 nya
561 195 155 26 församlingars
727 194 99 22 stiftande
834 201 17 15 o.
861 201 16 15 s.
887 200 18 16 v.

84 225 59 19 samt
163 229 34 15 om
219 224 128 20 inrättandet
363 224 22 20 af
399 230 40 20 nya
455 224 38 20 och
509 224 151 26 upprättandet
675 224 22 20 af
710 224 64 20 redan
791 223 114 21 bestående

87 252 163 26 prestatjenster
272 252 5 20 i
301 252 179 26 församlingarna,
504 252 78 20 hvilket
604 252 129 25 ankommer,
751 252 69 21 säsom
841 252 64 20 orden

88 280 54 26 lyda,
163 280 27 25 pä
208 279 173 27 församlingarna
396 280 78 26 sjelfva.
505 280 77 21 Vidare
598 280 145 21 bestämmes
734 275 14 36 i
759 280 11 25 $
786 281 40 20 307
843 286 62 15 mom.

89 310 31 21 10,
137 310 32 18 att
184 308 211 21 öfverenskommelse
411 308 89 22 rörande
516 309 144 26 presterskaps
672 309 39 20 och
721 308 185 27 kyrkobetjenings

85 336 94 27 aflöning
201 336 38 21 hör
262 336 31 22 till
308 337 168 26 kyrkostämmas
492 337 162 27 handläggning.
684 336 30 22 På
730 337 175 27 kyrkostämmor,

87 365 38 20 der
147 365 170 27 kyrkostyrelsen
341 365 38 21 och
395 369 68 17 staten
479 365 45 21 haft
539 366 44 20 sina
598 365 78 21 ombud
692 366 137 25 närvarande,
844 365 63 21 hafva

86 393 83 22 derföre
191 394 61 20 dessa
275 394 70 26 frågor
367 394 127 21 diskuterats
517 394 38 21 och
578 394 87 27 afgjorts
681 394 46 21 från
743 394 92 26 urgamla
852 394 55 20 tider

86 422 40 20 och
149 428 43 14 som
213 422 36 26 jag
272 426 33 17 vet
327 422 31 21 till
380 422 183 27 församlingarnas
578 429 66 15 sanna
660 422 78 22 båtnad
753 423 38 21 och
807 422 99 21 tillfreds-

86 450 99 21 ställelse.
217 450 116 27 Styrelsens
356 451 125 25 tillgörande
505 452 37 20 har
564 452 78 20 bestått
665 451 50 23 deri,
739 454 31 18 att
785 451 122 20 densamma

86 481 42 18 sett
144 479 37 25 till,
197 481 32 19 att
241 479 158 27 presterskapet
414 480 38 20 har
467 479 31 21 sin
515 480 123 26 anständiga
654 479 107 26 bergning,
777 482 32 18 att
825 479 16 26 ej
859 479 48 21 allt-

86 507 32 20 för
142 508 45 20 smä
206 508 194 27 prestalägenheter
423 508 67 21 bildas
506 508 38 21 och
560 511 31 18 att
612 509 6 20 &
634 507 67 22 andra
716 508 59 21 sidan
791 507 116 22 församlin-

85 542 67 20 garna
174 537 17 25 ej
215 537 62 26 ätaga
301 537 31 26 sig
351 536 70 21 alltför
436 537 114 26 tryckande
566 537 66 20 börda
646 537 6 20 i
668 537 39 20 och
722 538 32 19 för
769 539 70 24 presta
855 535 52 22 aflö-

87 565 83 26 ningen.
201 565 30 21 På
253 565 58 21 detta
333 567 42 19 sätt
397 565 38 21 och
457 566 6 20 i
479 566 67 20 denna
562 565 88 27 ordning
665 565 62 21 hafva
742 565 119 25 föreningar
877 566 30 20 in-

86 594 63 25 gåtts,
165 599 73 21 genom
256 593 71 21 hvilka
342 594 146 26 persedlarnas
503 594 57 20 antal
577 594 67 20 blifvit
660 594 127 21 reducerade
803 594 30 20 till
844 594 63 26 högst

86 622 26 24 få,
135 623 28 25 på
182 622 25 21 de
222 621 60 22 flesta
297 622 74 21 ställen
388 622 30 21 till
435 622 100 26 spanmål,
550 624 56 19 smör
622 622 39 22 och
677 622 121 27 penningar,
815 622 36 21 och
869 622 38 20 har

85 650 121 27 derigenom
229 651 27 21 all
272 651 111 25 anledning
399 650 31 22 till
447 651 63 21 oreda
526 651 38 21 och
579 651 96 25 missnöje
691 651 46 21 från
753 651 154 26 församlingar-

86 685 36 15 nas
146 679 38 21 och
208 679 167 27 presterskapets
397 680 46 20 sida
464 679 121 21 försvunnit.
616 680 48 20 Men
680 678 45 22 från
741 680 55 20 vissa
812 679 59 21 delar
885 679 24 21 af

85 707 72 21 landet
180 708 112 26 förspörjes
315 708 44 21 från
381 708 185 26 församlingarnas
581 709 44 20 sida
641 708 104 27 missnöje,
762 708 38 21 och
817 708 89 21 orsaken

85 736 69 21 dertill
178 736 66 27 ligger
264 737 50 25 deri,
338 739 31 19 att
391 743 47 15 man
455 737 43 21 dels
514 737 60 26 följer
589 737 65 21 andra
669 737 93 26 grunder
777 737 33 20 vid
827 740 79 24 presta-

85 764 128 27 aflöningens
235 765 156 22 bestämmande
408 766 38 21 och
462 766 44 21 dels
523 766 49 25 deri,
590 768 31 18 att
637 772 47 15 man
700 766 18 26 ej
735 766 80 20 kunnat
830 766 76 25 sämjas

85 800 34 15 om
142 794 59 27 billig
224 794 38 21 och
285 795 74 21 rättvis
379 794 100 27 förening.
509 795 45 21 Den
577 795 6 21 i
604 794 66 22 första
685 795 58 21 fallet
759 794 147 26 öfverklagade

85 822 213 28 betalningsgrunden
315 823 51 21 eller
381 823 127 26 rättigheten
525 826 31 18 att
568 823 96 27 uppbära
675 824 31 20 sin
719 822 91 26 aflöning
819 823 6 21 i
834 823 72 21 tionde

83 852 94 26 grundar
192 852 31 26 sig
238 852 27 26 pä
285 852 58 22 äldre
359 852 153 26 författningar,
528 852 97 26 gällande
641 852 74 21 endast
730 852 32 21 för
777 852 54 20 vissa
847 852 59 20 land-

83 881 60 26 skap.
174 881 73 21 Denna
268 880 73 27 grund,
363 887 44 15 som
431 882 23 20 är
474 881 40 21 den
536 881 68 21 äldstä
626 881 38 21 och
685 880 166 22 omedelbaraste
868 880 38 21 har

83 915 76 20 genom
183 909 144 21 katolicismen
351 910 110 20 inkommit
484 910 4 19 i
512 910 137 24 nordianden,
672 910 39 19 och
735 911 24 19 är
773 910 67 20 under
856 910 50 20 våra

84 938 121 20 nuvarande
228 937 145 22 förhällanden
396 937 103 26 ohällbar,
512 938 23 26 ja
550 938 102 25 hinderlig
668 937 32 21 för
715 937 190 21 framätskridande

84 966 5 20 i
107 965 71 28 odling
201 967 38 20 och
255 967 107 20 förkofran.
399 966 46 21 Den
462 967 38 20 har
514 966 60 27 gifvit
589 966 113 27 anledning
717 966 32 21 till
765 965 141 22 ledsamheter

85 994 89 21 emellan
191 995 156 26 presterskapet
363 995 38 21 och
418 995 179 27 församlingarna,
614 995 39 21 och
669 995 38 20 har
717 994 139 27 synnerligast
865 995 40 20 den

86 1023 183 27 omständigheten
293 1026 43 18 mot
358 1024 37 26 sig,
419 1025 31 20 att
473 1023 39 21 den
535 1024 45 21 stär
602 1029 50 21 gvar
668 1029 45 15 som
729 1025 31 19 ett
775 1023 130 22 skrämskott

86 1055 44 18 mot
153 1052 180 26 församlingarna,
355 1055 50 18 utan
428 1055 32 18 att
483 1052 53 22 dock
559 1053 71 20 kunna
652 1052 106 26 tillämpas
773 1052 6 21 i
796 1052 46 21 hela
858 1052 47 21 dess

87 1080 54 20 vidd.
171 1081 67 21 Dessa
260 1080 146 25 författningar
426 1080 75 22 hindra
522 1081 66 21 tillika
611 1080 112 26 ingäendet
743 1080 20 21 af
785 1080 120 26 föreningar

85 1109 33 21 för
139 1109 72 26 längre
233 1110 36 20 tid.
301 1109 48 21 Men
371 1110 38 20 har
431 1116 26 14 nu
477 1116 23 14 en
516 1109 65 21 sådan
597 1108 246 28 undantagsförfattning,
859 1115 45 15 som

84 1137 68 27 gäller
175 1138 54 21 blott
251 1138 32 21 för
306 1144 25 15 en
354 1138 49 21 liten
426 1138 33 21 del
475 1138 21 21 af
510 1138 76 26 landet,
602 1138 27 26 pä
644 1137 63 27 laglig
723 1140 38 24 väg
777 1137 127 23 tillkommit,

84 1167 23 20 sä
123 1167 41 20 kan
181 1166 39 22 den
237 1167 31 20 väl
288 1166 59 22 äfven
363 1167 27 26 pä
405 1166 64 26 laglig
484 1169 40 23 väg
538 1166 104 25 afskattas,
658 1166 38 21 och
713 1169 44 18 tror
771 1166 41 26 jag,
828 1169 31 18 att
875 1168 30 18 ett

84 1194 115 27 lagförslag
219 1196 6 19 i
249 1196 58 20 detta
328 1194 53 28 syfte
403 1195 68 21 skulle
488 1196 107 25 mottagits
610 1195 48 21 med
674 1194 191 25 tillfredsställelse;
883 1197 21 24 ty

84 1223 28 21 dä
134 1223 67 21 skulle
222 1223 6 21 i
252 1226 106 18 närmaste
376 1223 84 21 framtid
477 1224 37 20 allt
528 1224 80 20 kunnat
624 1223 92 26 regleras
731 1223 40 21 och
786 1223 117 25 aflöningen

84 1252 129 21 bestämmas
235 1252 37 21 fixt
293 1258 75 20 genom
389 1252 105 26 ingängna
509 1252 126 26 föreningar.
665 1252 33 20 Dä
713 1251 68 21 skulle
796 1252 39 20 den
851 1251 53 21 före-

83 1280 99 26 liggande
204 1281 76 25 nädiga
302 1280 164 26 propositionen,
489 1280 83 21 hvilken
588 1280 56 21 afser
658 1283 33 17 att
705 1280 100 21 förändra
819 1286 85 20 synner-

84 1308 63 26 ligast
170 1309 58 21 detta
251 1308 117 26 onaturliga
390 1308 138 26 förhållande,
548 1309 17 26 ej
582 1308 52 21 varit
650 1308 22 20 af
686 1308 98 21 behofvet
799 1307 105 27 påkallad,

84 1338 38 20 och
138 1337 53 21 allra
207 1337 62 21 minst
285 1337 39 21 den
339 1336 97 28 flygande
451 1337 92 21 komiten
560 1336 71 22 behöft
646 1336 83 22 anlitas.
759 1336 10 22 I
785 1336 66 26 öfriga
867 1336 37 21 de-

83 1365 32 21 Jar
137 1365 21 22 af
179 1365 72 22 landet
265 1365 68 22 finnas
348 1365 38 21 här
401 1365 39 21 och
456 1365 37 21 der
508 1365 151 26 församlingar,
676 1365 84 21 hvarest
775 1365 70 26 gamla
861 1364 42 21 för-

82 1395 88 25 eningar
191 1397 56 18 ännu
269 1394 61 27 gälla,
351 1393 65 28 enligt
438 1394 70 21 hvilka
529 1393 117 26 aflöningen
662 1393 61 26 utgär
738 1393 7 21 i
760 1393 143 26 hvarjehanda

84 1423 114 26 persedlar,
223 1423 122 21 obestämda
368 1423 32 20 till
424 1423 56 21 antal
502 1423 38 21 och
563 1422 83 24 mängd,
668 1422 96 21 hvarföre
780 1421 65 22 oreda
860 1421 44 21 ofta

84 1452 88 25 uppstår
191 1451 39 20 och
246 1451 137 25 anledningar
397 1451 67 20 finnas
480 1452 32 19 till
528 1451 142 24 hvarjehanda
686 1450 97 26 ogenhet,
799 1451 50 19 svek
866 1449 38 21 och

84 1478 94 27 obehag;
199 1479 66 20 likasä
280 1479 67 20 finner
363 1485 47 14 man
426 1479 68 24 nägon
510 1479 60 25 gäng,
586 1480 32 18 att
633 1480 15 18 t.
664 1484 31 14 ex.
711 1476 193 27 spanmälsafgiften

83 1507 64 27 utgår
169 1507 53 22 efter
243 1509 76 25 ytterst
339 1506 72 27 obillig
426 1506 123 27 fördelning,
565 1512 47 15 men
628 1505 38 22 allt
681 1506 59 21 detta
755 1506 41 21 kan
812 1505 38 22 och
867 1505 38 21 bör
