1086 1753
312 119 159 18 Presteständet
484 121 54 17 1877.
559 121 12 16 3
584 120 91 18 oktober.
814 115 54 22 1195

79 189 98 27 uppgifva
202 190 48 21 dess
266 188 65 23 behof
344 189 22 22 af
380 189 137 27 undsättning
532 189 39 22 och
587 189 101 27 derjemte
703 189 78 22 föreslå
796 189 26 21 de
837 191 60 19 utvä-

77 224 44 20 gar,
137 224 45 15 som
198 224 62 15 anses
274 224 51 15 vara
339 218 121 26 lämpligast
474 219 33 20 till
522 218 79 21 nödens
617 217 155 28 afhjelpande*.
802 217 38 22 Ett
856 217 41 21 till-

78 247 48 26 lägg
141 247 6 20 i
163 246 59 22 detta
236 247 54 26 syfte
300 252 61 21 synes
376 247 42 25 mig
432 253 50 14 vara
497 246 23 21 af
529 245 98 22 behofvet
637 246 116 26 påkalladt,
763 246 87 22 emedan
862 246 36 21 det

77 275 82 26 ganska
173 274 41 22 lätt
229 275 41 20 kan
287 275 74 27 hända,
372 277 32 19 att
414 281 25 14 en
451 275 99 21 kommun
559 275 45 21 icke
615 281 50 20 eger
677 275 127 27 tillräckliga
813 275 84 26 tillgån-

76 309 40 20 gar
131 306 32 19 att
178 304 71 20 kunna
265 303 89 22 bekosta
369 303 43 22 alla
427 303 25 21 de
468 304 93 26 utgifter,
577 309 44 15 som
638 305 37 19 äro
691 303 132 26 nödvändiga
838 305 14 18 t.
864 309 32 14 ex.

78 332 66 21 under
167 334 31 19 ett
220 332 100 21 missvext
335 331 29 22 år.
395 331 45 22 Och
455 332 137 27 ovilkorligen
608 332 68 21 måste
691 331 32 21 väl
740 338 25 15 en
780 331 117 22 framställ-

78 360 53 26 ning
158 360 47 22 från
229 360 128 22 kommunen
378 360 38 22 ske
435 360 31 21 till
486 362 138 25 guvernören,
646 366 45 15 som
714 360 94 27 återigen
824 360 73 21 derom

77 389 122 21 sedermera
214 390 95 20 anmäler
323 389 28 27 på
366 389 65 27 högre
447 391 40 24 ort,
502 390 24 20 så
541 391 32 19 att
588 388 75 28 åtgärd
679 389 33 21 till
724 388 173 22 förekommande

77 418 23 21 af
121 418 77 21 allmän
220 418 42 21 nöd
284 418 7 21 i
307 418 41 26 god
363 418 30 21 tid
410 418 100 27 vidtages.
540 418 41 26 Jag
596 424 62 15 anser
673 418 59 21 detta
747 418 75 26 tillägg
837 418 60 21 desto

78 452 59 16 mera
159 446 130 27 nödvändigt
310 453 45 15 som
370 452 48 16 man
432 446 44 27 just
492 447 6 21 i
514 447 69 21 denna
597 446 124 27 författning
736 446 74 28 spårar
824 446 73 22 åtskil-

77 475 41 27 liga
133 476 141 27 antydningar
288 476 34 20 för
336 476 151 20 kommunerne
508 478 33 18 att
555 475 86 27 vidtaga
656 476 99 26 åtgärder
771 475 39 22 och
825 474 73 23 ikläda

77 505 32 26 sig
124 504 151 28 uppoffringar,
291 504 71 22 hvilka
377 505 56 27 ligga
447 506 59 20 utom
522 505 61 21 deras
598 504 136 22 kommunala
749 504 60 27 pligt.

145 567 90 21 Prosten
256 567 172 26 Grönberg:
451 567 43 27 Mig
509 574 61 20 synes
585 574 45 15 som
646 574 34 14 om
694 567 126 27 paragrafen
831 567 66 22 sådan

77 596 41 21 den
134 596 113 22 förefinnes
262 596 7 21 i
285 596 76 26 nådiga
377 596 158 27 propositionen
551 596 115 22 innefattar
681 596 39 22 allt
734 596 55 22 hvad
805 596 38 22 här
856 596 42 21 kan

77 624 107 27 behöfvas,
194 625 27 21 då
231 625 36 21 det
277 626 105 25 nämligen
391 624 66 25 heter,
471 626 31 20 att
513 624 227 27 fattigvårdsstyrelsen
751 625 52 21 bör
795 620 10 36 i
814 626 41 26 god
865 625 32 21 tid

76 654 113 21 hemställa
212 654 33 20 till
267 653 240 27 fattigvårdssamhället
522 660 33 15 om
571 654 127 26 vidtagande
713 654 22 20 af
750 654 26 21 de
791 654 105 26 åtgärder,

77 682 72 21 hvilka
164 682 62 21 deraf
239 682 126 21 föranledas.
395 682 43 21 Der
453 682 113 26 inrymmes
580 682 23 27 ju
619 682 42 21 alla
676 682 104 21 tänkbara
790 682 107 27 åtgärder.

77 711 88 21 Således
180 717 62 14 anser
255 711 36 27 jag
306 711 64 26 något
386 710 73 27 tillägg
474 710 45 21 icke
536 710 105 22 behöfvas.

146 774 89 21 Prosten
262 774 98 27 Hjelt:
384 773 49 22 Man
454 774 108 21 åhvälfver
582 774 24 27 ju
628 780 75 20 genom
725 774 61 21 dessa
808 773 38 22 ord
869 774 27 26 på

76 803 129 21 kommunen
221 809 25 14 en
262 803 125 26 skyldighet,
403 809 45 14 som
464 803 40 20 den
520 803 75 21 hittills
610 802 46 21 icke
669 803 51 24 haft,
732 802 38 21 den
784 803 112 26 nämligen,

77 833 33 19 att
125 831 6 21 i
146 831 56 21 vissa
216 831 43 24 fall,
276 837 70 15 ensam
361 837 90 15 ansvara
466 831 34 21 för
514 831 146 27 skyldigheten
673 833 32 19 att
715 831 91 27 afbjelpa
816 831 28 21 all
856 831 40 21 den

77 860 48 26 nöd,
142 866 44 15 som
202 859 63 22 råder
280 860 6 21 i
301 860 128 21 kommunen
444 862 15 19 t.
475 866 30 15 ex.
522 860 6 21 i
543 861 112 20 missväxts
670 859 23 21 år
709 859 38 22 och
762 859 76 22 sådant
854 859 42 22 kan

76 888 83 27 ganska
181 889 44 20 ofta
252 889 112 26 öfverstiga
379 888 138 21 kommunens
532 888 115 27 förmånga.
677 888 41 27 Jag
732 888 65 27 vågar
812 888 84 21 derföre

77 917 60 27 yrka,
163 919 31 20 att
219 917 36 22 det
277 917 6 21 i
308 917 53 22 1852
384 917 34 22 års
444 917 123 26 författning
582 916 172 22 förekommande
769 917 127 27 stadgandet

76 946 69 21 skulle
161 946 85 21 komma
261 948 33 19 att
309 946 48 27 ingå
372 945 60 22 äfven
448 946 6 21 i
470 946 68 21 denna
553 945 130 27 författning.

147 1009 141 26 Domprosten
302 1009 90 26 Borg:
414 1008 131 27 Stadgandet
559 1009 7 21 i
584 1009 53 21 1852
647 1009 36 20 års
695 1008 123 27 författning
828 1008 68 21 måste

77 1044 52 15 vara
144 1037 99 21 aftattadt
258 1039 69 20 såsom
343 1038 35 20 det
394 1039 24 19 är
434 1038 70 20 derför
516 1040 32 18 att
559 1037 209 27 kommunalstyrelse
778 1037 46 21 icke
834 1037 62 21 fanns

78 1067 39 26 till,
141 1066 27 22 då
191 1066 69 22 denna
281 1066 123 26 författning
426 1066 130 21 utfärdades.
586 1065 73 23 Såsom
677 1066 125 26 paragrafen
818 1065 39 21 här
872 1066 24 20 är

78 1095 95 26 affattad,
190 1096 24 20 är
230 1095 39 21 den
285 1095 74 27 riktigt
374 1094 94 27 affattad,
483 1097 23 24 ty
521 1095 35 21 det
571 1096 24 20 är
605 1094 234 27 kommunalstyrelsen,
850 1100 44 15 som

77 1124 8 21 i
101 1124 76 21 sådant
191 1123 36 21 fall
244 1124 67 21 måste
326 1124 84 21 komma
426 1125 32 19 att
472 1124 28 26 gå
515 1124 30 20 till
560 1125 133 25 guvernören
705 1123 39 21 och
760 1122 98 27 möjligen
869 1124 27 19 än

77 1152 80 28 längre,
174 1152 104 27 nemligen
293 1153 7 20 i
316 1152 136 22 kommunens
468 1158 69 15 namn.
566 1152 89 21 Prosten
671 1152 111 26 Grönberg
793 1151 39 21 har
842 1151 53 21 såle-

77 1182 38 20 des
130 1182 78 20 uttalat
224 1181 55 21 hvad
293 1182 39 20 här
347 1181 91 21 behöfde
453 1183 61 24 sägas
530 1181 31 21 till
576 1180 97 27 genmäle
688 1182 56 19 emot
759 1180 41 22 den
815 1179 22 22 af
848 1186 48 20 pro-

77 1212 47 20 sten
140 1210 59 27 Hjelt
212 1210 75 26 gjorda
302 1210 173 26 anmärkningen.

146 1273 90 21 Prosten
258 1273 194 27 Rosengren:
474 1272 40 26 Jag
536 1272 94 22 biträder
646 1273 85 25 prosten
747 1271 59 27 Hjelt
820 1272 7 20 i
842 1272 54 20 hans

77 1302 108 28 yttrande;
208 1304 23 25 ty
251 1302 27 20 då
290 1302 37 26 jag
341 1301 131 27 genomläste
486 1300 113 27 kejserliga
614 1300 164 27 propositionen,
792 1300 104 21 framstod

77 1331 33 21 för
125 1331 42 27 mig
180 1330 44 27 just
240 1331 40 21 den
296 1331 60 25 brist,
371 1336 44 15 som
431 1332 86 24 prosten
533 1329 58 27 Hjelt
606 1329 88 21 anförde
708 1331 32 19 att
755 1329 27 27 på
801 1329 95 21 kommu-

77 1366 41 14 nen
142 1359 109 22 åhvälfves
266 1360 70 25 något,
351 1358 48 22 med
414 1358 81 22 hvilket
510 1358 40 22 den
565 1358 46 22 icke
626 1358 85 21 mäktar
726 1358 39 21 och
781 1357 48 22 med
844 1357 52 21 hvil-

77 1387 37 21 ket
129 1387 41 20 den
184 1387 46 21 icke
246 1389 80 18 ansetts
341 1387 79 24 mäkta,
436 1387 19 19 d.
471 1392 18 14 v.
504 1392 16 14 s.
536 1388 33 19 att
583 1386 7 20 i
605 1387 179 24 utomordentliga
794 1386 36 20 fall
840 1386 56 19 med-

77 1415 49 21 dela
141 1415 39 21 den
196 1415 64 26 hjelp,
275 1421 46 15 som
336 1415 41 20 kan
392 1420 52 16 vara
459 1413 96 27 behöfig.

146 1477 60 22 Efter
222 1477 35 22 det
272 1476 145 23 diskussionen
429 1476 87 21 härmed
529 1475 114 22 förklarats
654 1475 100 27 afslutad,
764 1474 132 23 framställde

77 1507 50 22 herr
142 1507 176 22 talmannen
333 1505 93 28 följande
440 1505 144 28 proposition:
