1084 1811
308 135 158 19 Presteständet
479 137 54 17 1877.
558 137 23 17 16
593 136 91 17 oktober.
827 132 55 20 1435

92 203 191 28 skjutshällningen
302 203 61 23 alltid
382 205 38 21 bör
436 205 26 26 på
478 205 139 26 entreprenad
633 205 144 25 öfverlemnas,
793 205 68 22 skulle
874 205 38 26 jag

92 232 7 21 i
120 233 36 20 det
173 232 129 22 hänseendet
317 233 62 20 hafva
394 233 110 26 föreslagit
518 233 163 27 fortsättningen
697 233 97 22 sålunda:
825 233 87 27 ,Entre-

91 261 180 26 prenadanbuden
284 261 141 22 underställas
436 261 25 22 de
474 262 236 27 skjutsningsskyldiges
723 261 103 27 pröfning,
834 261 77 26 hvilka,

92 289 70 21 derest
183 289 25 21 de
227 290 47 20 med
291 289 45 27 fyra
350 290 62 26 penni
428 289 33 22 för
476 292 83 19 versten
573 290 7 20 i
596 290 47 26 lega
657 290 133 27 underbjuda
804 291 108 25 entrepre-

91 319 72 25 nören,
178 324 39 20 ega
232 319 43 20 rätt
291 320 32 19 att
337 318 72 27 sjelfve
419 318 120 27 ombesörja
551 318 209 28 skjutshällningen.**
784 318 127 26 Derigenom

88 345 71 23 skulle
181 346 105 26 nemligen
308 353 26 15 en
357 347 103 27 sänkning
475 347 47 21 frän
538 348 26 20 de
579 347 235 27 skjutsningsskyldiges
830 346 46 22 sida
890 346 23 22 af

90 374 130 28 skjutslegan
243 375 71 21 kunna
335 375 38 21 ske
396 375 31 21 till
443 375 39 22 och
498 375 48 22 med
562 376 66 21 under
645 376 25 20 16
685 376 73 26 penni;
767 370 10 37 i
796 375 37 21 fall
848 377 14 19 t.
879 381 32 15 ex.

89 405 165 26 entreprenören
269 404 69 21 skulle
352 403 88 27 erbjuda
454 404 32 26 sig
500 406 32 20 att
547 404 26 27 gä
589 404 22 22 af
624 403 33 22 för
670 405 25 19 18
706 404 62 27 penni
778 404 33 21 för
821 405 89 24 versten,

91 437 47 16 men
161 432 26 21 de
209 432 227 27 skjutsningsskyldige
454 432 65 21 sedan
534 433 35 21 vid
584 432 97 27 pröfoing
695 432 23 21 af
730 432 98 21 anbuden
843 432 68 21 skulle

91 459 82 22 besluta
195 461 31 25 sig
248 460 32 21 för
302 462 32 19 att
355 459 72 28 sjelfva
448 461 108 27 öfvertaga
570 461 150 26 skjutsningen,
736 460 68 22 skulle
819 459 26 22 de
860 462 52 25 göra

91 489 37 20 det
149 488 32 21 för
204 488 75 22 endast
301 490 26 20 14
342 489 62 27 penni
418 488 33 22 för
466 491 89 20 versten.
585 489 49 22 Men
649 489 57 21 detta
722 491 24 20 är
763 495 28 15 nu
806 488 47 21 icke
868 494 44 16 mer

91 517 127 27 tillämpligt,
239 519 51 20 utan
313 517 35 22 det
369 517 39 21 blir
423 517 129 28 nödvändigt
566 520 33 19 att
613 518 46 21 icke
673 517 44 22 läta
732 517 26 22 de
772 517 140 27 skjutsnings-

88 545 98 27 skyldige
206 545 27 28 pä
248 547 43 20 sätt
306 546 39 21 och
361 545 30 22 vis
406 545 72 27 sjelfva
493 547 85 26 deltaga
592 547 7 20 i
615 545 120 26 auktionen,
750 548 51 19 utan
817 545 32 21 för
864 545 47 22 dem

90 573 65 22 fixera
171 576 31 19 ett
217 575 120 26 maximum,
353 573 39 22 och
407 574 27 22 dä
448 575 68 21 skulle
527 575 163 26 fortsättningen
706 574 61 27 lyda:
792 573 39 22 Om
844 576 68 19 entre-

90 604 77 25 prenör
181 603 46 21 icke
243 603 90 21 erhälles
349 602 51 22 eller
415 609 34 15 om
464 603 145 27 skjutsningen
625 603 22 22 af
660 609 68 15 annan
744 603 62 21 orsak
822 603 46 21 icke
885 603 27 26 pä

90 631 141 27 entreprenad
254 631 144 27 öfverlämnas,
420 631 40 21 blir
475 632 129 26 skjutslegan
621 632 25 21 16
663 631 60 27 penni
739 631 33 22 för
787 630 53 22 finsk
856 633 56 19 verst

90 660 32 21 för
144 666 26 15 en
192 666 76 20 person
290 663 55 18 samt
367 660 47 21 med
438 660 26 21 25
480 663 99 24 procents
593 660 118 26 förhöjning
726 660 34 21 för
774 662 76 18 tvenne
865 665 47 21 per-

90 689 79 21 soner*.
195 688 42 22 Det
252 694 74 16 senare
341 688 59 22 fallet
414 694 50 16 vore
479 688 82 22 säledes
576 689 43 22 fixt.
644 688 42 22 För
697 688 215 28 entreprenörskjuts-

89 716 62 26 legan
166 717 47 21 åter
228 716 67 22 skulle
310 723 51 15 vara
376 719 30 19 ett
422 718 118 25 maximum,
557 724 45 15 som
615 718 46 21 icke
671 717 42 21 kan
724 716 129 27 öfverstigas,
864 722 48 16 men

89 745 34 21 väl
138 746 145 25 understigas;
304 746 88 21 emedan
408 745 40 22 den
463 748 24 19 är
502 749 31 18 ett
548 746 119 26 maximum,
683 746 42 21 kan
740 745 40 22 den
796 745 54 21 dock
861 751 51 15 vara

89 776 64 24 tagen
175 774 66 26 nägot
262 774 48 27 hög,
329 774 67 22 ehuru
410 774 60 22 äfven
486 775 58 22 detta
559 775 46 21 icke
621 777 24 19 är
659 775 65 25 nägot
738 774 58 26 högt,
809 773 101 27 jemfördt

89 802 48 22 med
159 802 56 22 hvad
230 803 7 21 i
252 802 67 22 andra
341 803 73 21 länder
433 805 24 19 är
477 804 86 25 vanligt.
581 815 24 3 —
622 803 50 21 Med
693 802 113 26 anledning
828 802 22 21 af
869 802 40 21 den

88 831 126 25 diskussion,
237 837 45 16 som
303 831 96 27 föröfrigt
413 832 7 21 i
435 832 73 26 frägan
530 834 36 25 egt
587 838 53 20 rum,
664 832 36 20 ber
719 831 37 27 jag
770 832 33 20 att
817 832 57 20 ännu
888 830 22 22 fä

89 861 52 25 göra
163 860 66 26 nägra
244 860 168 26 anmärkningar.
442 860 44 28 Jag
500 861 35 21 vill
549 861 100 27 päminna
664 866 40 19 om,
720 862 32 19 att
768 860 35 21 det
818 860 46 26 blir,
880 859 30 21 äf-

89 895 39 15 ven
143 895 34 15 om
194 895 48 15 man
257 888 69 22 skulle
340 889 85 21 försöka
440 889 60 27 huru,
516 896 45 15 som
576 889 61 26 helst,
653 889 117 21 bestämma
780 888 128 27 skjutslegan

89 916 46 27 fixt,
158 924 25 15 en
207 917 122 27 omöjlighet
351 919 32 20 att
397 917 54 22 hitta
463 918 27 27 pä
506 919 35 20 det
556 918 49 27 pris,
621 924 44 15 som
681 917 107 27 verkligen
804 917 106 21 öfverens-

89 948 100 19 stämmer
205 946 47 21 med
267 946 117 21 kostnaden
400 947 33 20 för
448 946 193 27 skjutshällningen.
666 945 41 22 Det
722 946 101 21 nämndes
836 945 74 22 visser-

89 975 62 26 ligen,
174 976 33 20 att
229 981 48 16 man
299 975 71 21 kunde
392 975 61 26 lägga
467 975 33 21 till
515 975 68 27 grund
599 974 176 27 ökedagsverkets
790 974 44 27 pris
849 973 40 22 och
903 974 6 21 i

88 1003 77 22 sådant
184 1003 38 21 fall
238 1003 71 22 kunna
324 1003 64 22 fixera
403 1004 128 27 skjutslegan
547 1005 6 20 i
569 1004 26 21 de
611 1003 68 22 skilda
694 1003 147 22 landsorterna
856 1002 54 21 efter

89 1031 36 22 det
140 1032 70 27 värde,
226 1031 81 22 hvilket
322 1032 166 27 ökedagsverket
497 1033 39 21 har
545 1033 8 21 i
563 1033 62 21 dessa
637 1032 67 21 skilda
715 1031 124 22 landsorter.
860 1030 50 22 Men

90 1061 58 22 detta
163 1062 24 19 är
202 1067 29 14 nu
246 1061 45 21 icke
307 1063 32 19 ett
354 1061 162 26 ökedagsverke,
533 1064 50 19 utan
599 1061 65 26 något
679 1060 82 27 mycket
776 1059 132 26 obestämdt;

89 1091 22 26 ty
127 1089 36 22 det
178 1091 23 19 är
217 1089 75 21 endast
307 1089 135 27 möjligheten
457 1091 33 20 att
504 1090 89 26 förtjena
608 1089 54 21 hvad
674 1089 164 26 ökedagsverket
848 1093 62 16 anses

88 1117 104 27 inbringa.
222 1117 43 22 Det
286 1119 24 20 är
332 1117 102 28 nemligen
457 1118 65 26 fallet,
545 1120 33 19 att
597 1118 36 21 det
648 1117 66 22 mäste
729 1117 69 21 hällas
812 1118 28 25 pä
854 1118 55 25 gäst-

88 1146 126 27 gifverierna
235 1145 124 28 tiliräckligt
381 1146 56 21 antal
458 1146 73 22 hästar
545 1147 33 20 för
593 1146 103 27 behofvet,
712 1145 46 22 icke
773 1146 33 25 dä,
821 1147 39 19 när
875 1145 35 21 det

89 1181 58 15 reser
162 1174 64 22 minst
241 1175 50 25 folk,
306 1177 51 19 utan
372 1175 127 21 ätminstone
514 1175 33 21 för
562 1174 174 23 medelbehofvet.
766 1173 88 27 Följden
870 1173 41 22 blir

89 1203 7 21 i
112 1203 41 21 alla
175 1203 112 21 händelser
310 1203 46 25 den,
377 1206 31 18 att
430 1205 163 25 entreprenören
609 1203 68 25 aldrig
692 1203 42 21 kan
749 1205 50 24 taga
813 1203 7 20 i
835 1201 75 22 beräk-

90 1231 56 27 ning,
169 1233 32 19 att
223 1231 41 22 han
285 1232 42 21 alla
343 1232 64 26 dagar
422 1231 54 22 skall
491 1231 62 22 hafva
568 1231 38 22 full
621 1232 115 26 ersättning
752 1231 32 21 för
799 1231 45 21 sina
860 1230 50 21 öke-

90 1260 143 26 dagsverken
230 1254 12 36 ;
257 1260 41 22 han
314 1261 67 21 mäste
396 1260 60 22 alltid
471 1260 99 26 beräkna,
585 1262 31 20 att
632 1260 56 21 tiden
704 1260 38 26 gär
756 1259 33 21 för
804 1260 52 20 hans
866 1258 44 22 folk

90 1288 39 21 och
151 1289 98 26 möjligen
272 1288 64 22 ocksä
356 1288 33 22 för
408 1289 53 21 hans
481 1289 73 21 hästar
574 1289 65 21 delvis
660 1288 54 21 vissa
730 1288 65 25 dagar
810 1287 99 21 förlorad.

89 1317 43 21 Det
153 1319 24 19 är
200 1317 196 26 öfverhufvudtaget
417 1323 26 15 en
465 1318 44 24 sak,
532 1323 45 15 som
591 1316 46 22 icke
653 1316 47 26 kan,
716 1316 128 21 åtminstone
856 1315 18 27 ej
890 1314 22 22 af

90 1346 65 25 något
176 1345 56 26 slags
253 1345 206 27 värderingsnämnd,
481 1346 27 26 pä
530 1345 90 21 förhand
634 1345 130 27 uppskattas.
794 1344 46 21 Den
856 1343 55 22 enda

90 1373 85 27 möjliga
198 1374 178 26 uppskattningen
399 1374 59 21 deraf
473 1376 23 19 är
511 1374 47 25 den,
573 1380 46 15 som
635 1374 187 25 entreprenörerne
838 1372 73 26 sjelfve

90 1404 57 24 göra,
163 1402 19 20 d.
198 1408 17 15 v.
233 1408 15 15 s.
266 1402 128 26 derigenom,
412 1404 32 19 att
460 1402 34 21 det
510 1402 40 21 blir
565 1402 61 22 deras
642 1408 52 19 egen
709 1401 58 26 affär,
784 1401 126 26 derigenom,

90 1432 32 18 att
137 1430 26 20 de
177 1430 21 20 fä
214 1430 63 26 bjuda
291 1431 24 20 sä
330 1430 50 25 lägt,
396 1436 44 14 som
457 1430 41 25 det,
513 1430 101 21 hvarmed
630 1430 25 20 de
671 1432 32 18 tro
719 1430 31 25 sig
760 1430 72 20 kunna
841 1429 27 25 gä
881 1431 29 23 ut,

90 1459 30 19 är.
150 1458 43 20 Det
212 1457 67 22 finnes
299 1457 32 21 för
347 1460 31 18 att
392 1457 117 22 bestämma
524 1458 59 20 detta
597 1457 49 26 pris,
661 1457 60 21 äfven
737 1457 27 26 pä
780 1462 26 16 en
820 1456 91 21 särskild

90 1487 40 24 ort,
151 1485 46 22 icke
217 1486 68 26 någon
308 1492 69 15 annan
399 1486 110 25 grundval,
524 1488 27 18 än
567 1486 40 21 den
623 1484 22 22 af
658 1485 88 26 tillgång
761 1484 39 22 och
816 1483 95 23 efterfrä-

90 1520 47 21 gan,
161 1514 39 22 och
223 1521 34 15 om
278 1513 36 22 det
329 1513 195 28 öfverhufvudtaget
538 1515 25 20 är
577 1513 58 22 svårt
649 1515 32 20 att
696 1513 116 22 bestämma
828 1514 32 20 ett
874 1511 38 22 fixt
