1084 1803
206 137 54 21 1542
390 141 159 17 Presteständet
560 141 53 18 1877.
638 142 27 16 20
678 141 90 17 oktober.

176 212 45 20 mot
238 210 39 21 den
294 209 57 21 klass
367 210 22 20 af
402 209 164 27 presterskapet,
582 215 44 15 som
640 209 36 26 jag
691 208 49 26 sjelf
752 208 39 21 har
806 208 82 21 tillhört
902 214 29 15 nu
946 208 7 20 i
968 208 27 20 40

176 240 24 20 år
216 238 39 22 och
270 238 49 21 hela
333 238 43 20 min
392 238 109 26 prestatid.
526 237 86 22 Tanken
627 236 143 22 föresväfvade
785 237 42 25 mig
840 237 75 21 endast
925 235 70 27 derpå,

176 267 114 21 huruledes
313 267 36 21 det
371 266 65 21 finnes
459 266 224 27 kapellförsamlingar,
706 266 36 21 der
758 265 123 27 kapellanen
896 265 33 21 får
944 267 51 24 göra

176 298 76 18 nästan
268 295 47 21 hela
330 295 91 27 tjensten
436 295 39 21 och
490 294 63 22 likväl
569 294 92 27 åtnjuter
677 300 24 15 en
717 294 81 27 ganska
809 294 50 21 liten
869 297 48 24 part
927 295 6 20 i
941 294 54 26 jem-

176 324 77 22 förelse
275 324 47 21 med
346 324 53 20 hvad
421 326 72 24 pastor
514 323 92 26 åtnjuter
626 323 47 21 från
694 323 62 21 dessa
770 322 225 27 kapellförsamlingar.

176 353 42 21 Det
233 359 36 14 var
285 353 19 26 ej
320 353 111 25 meningen
447 355 32 18 att
493 351 118 22 frånkänna
625 355 124 24 pastorerne
764 351 29 21 all
803 352 70 26 kraft;
899 354 22 24 ty
932 351 64 21 också

178 387 24 15 en
226 381 108 21 föråldrad
348 384 73 23 pastor
437 383 24 18 är
476 380 132 27 naturligtvis
624 380 51 21 värd
690 382 32 19 att
737 380 82 26 åtnjuta
834 380 48 21 hela
897 380 32 21 sin
944 379 51 22 aflö-

176 410 56 25 ning.
263 409 40 27 Jag
326 409 37 21 ber
379 409 80 21 således
475 411 32 19 att
521 409 21 20 få
557 411 57 19 rätta
630 409 58 20 detta
702 409 84 26 uttryck
802 409 6 20 i
825 409 35 20 det
874 408 61 27 syfte,
951 414 44 15 som

177 437 106 26 verkligen
303 438 37 25 jag
361 437 49 21 ville
433 437 68 21 uttala
524 437 41 22 det.
587 449 26 3 —
630 437 69 21 Sedan
715 436 96 27 öfvergår
824 438 37 26 jag
876 437 32 20 till
923 437 73 25 sjelfva

178 467 40 20 den
243 467 9 19 1
277 467 19 25 8.
326 466 41 26 Jag
389 465 36 22 vill
447 466 32 21 för
501 466 61 26 ingen
585 466 33 21 del
640 465 52 27 yrka
715 465 73 27 derpä,
803 468 32 18 att
850 465 146 22 diskussionen

177 495 68 20 skulle
269 494 64 21 blifva
354 500 59 15 mera
435 494 83 21 bunden
539 494 39 22 och
594 496 32 19 att
641 500 48 15 man
704 495 70 20 kunde
789 493 54 22 fatta
858 494 70 21 beslut
943 493 53 22 efter

178 524 40 20 den
242 523 65 21 första
331 523 151 26 diskussionen,
507 525 51 19 utan
580 526 52 23 tror,
654 525 32 19 att
710 523 35 20 det
766 525 24 18 är
804 523 34 20 väl
853 523 95 26 betänkt,
964 524 32 19 att

178 558 48 15 man
242 552 6 20 i
264 559 24 14 en
309 552 24 21 så
347 553 115 25 grannlaga
477 551 44 24 sak,
537 558 44 15 som
598 552 40 20 den
654 551 137 25 närvarande,
808 551 53 21 först
876 551 120 21 diskuterar

178 581 70 20 saken.
280 580 48 21 Men
351 581 52 20 hvad
427 581 26 20 de
475 581 164 25 anmärkningar
661 579 94 26 beträffa,
778 586 45 15 som
840 579 68 22 blifvit
923 579 73 28 gjorda

177 611 44 19 mot
245 609 11 28 $
281 612 17 23 1,
321 609 74 26 tycker
414 609 41 27 jag,
475 612 31 18 att
527 609 25 22 de
568 609 66 21 sakna
649 609 80 26 verklig
744 609 74 26 grund.
848 609 71 26 Någre
934 609 23 20 af
971 609 24 20 de

177 638 126 26 föregående
327 638 94 21 talarene
444 638 62 21 hafva
528 641 52 23 sagt,
603 639 32 19 att
656 638 159 27 presterskapet
837 638 7 21 i
867 637 72 28 hvarje
955 637 40 21 för-

177 667 89 26 samling
286 669 23 18 är
324 666 153 22 tillförsäkradt
493 667 27 21 all
536 667 40 20 den
592 667 98 24 inkomst,
705 673 45 14 som
767 667 35 21 det
817 666 57 21 förut
889 666 39 21 har
943 666 52 25 haft,

178 696 68 21 såsom
269 696 64 21 också
353 697 45 25 just
419 695 102 28 förslaget
543 695 32 21 till
590 695 122 27 förordning
728 696 107 25 angående
851 695 96 26 grunden
963 695 32 20 för

178 723 103 27 reglering
304 723 22 21 af
347 724 168 26 presterskapets
538 723 91 27 aflöning
649 725 33 20 vid
700 724 54 21 1867
770 725 34 20 års
819 724 102 26 landtdag
936 724 60 20 inne-

177 752 49 21 höll.
257 752 42 21 Det
322 752 58 22 hette
403 752 37 21 der
461 753 6 20 i
491 754 9 20 1
525 754 21 24 3:
570 752 174 26 ,Presterskapet
764 753 6 20 i
786 752 71 26 hvarje
873 752 124 26 församling

177 787 49 15 vare
250 780 31 22 för
303 781 113 21 framtiden
438 782 99 26 tryggadt
559 781 35 21 vid
612 781 123 27 åtnjutande
752 781 22 21 af
787 780 90 26 aflöning
892 780 46 22 från
954 780 41 21 för-

178 810 115 26 samlingen
315 810 33 21 till
371 810 83 26 belopp,
477 810 48 21 fullt
546 810 148 21 motsvarande
710 810 54 21 hvad
781 808 102 22 härintills
899 810 7 20 i
921 810 75 20 sådant

178 839 98 21 afseende
297 838 90 28 erlagts;
410 845 47 14 men
480 839 46 21 med
542 838 97 22 afseende
654 840 12 20 å
682 840 66 20 sättet
762 838 34 22 för
811 839 68 20 denna
895 838 102 26 aflönings

178 868 116 26 utgörande
316 868 37 20 och
371 868 47 20 dess
433 867 117 27 fördelning
566 868 88 20 emellan
671 868 136 26 löntagarene
822 867 55 21 skall
893 868 104 26 reglering

177 896 166 26 församlingsvis
366 896 109 21 efterhand
498 896 152 27 genomföras”.
681 896 41 21 Det
744 902 37 14 var
804 896 68 20 denna
891 896 106 27 paragraf,

178 931 44 15 som
246 926 64 20 stötte
332 925 83 21 landets
437 925 86 21 ständer
546 925 38 21 och
606 926 66 20 måste
695 927 51 24 göra
769 925 41 24 det,
834 927 21 24 ty
875 925 38 20 den
937 926 60 24 säger

177 954 108 26 ingenting
307 954 72 20 vidare
402 955 26 19 än
450 954 66 27 ,hvad
536 960 74 20 magen
626 953 45 26 har,
687 953 24 21 så
727 954 38 20 har
780 954 46 25 den,
843 953 32 21 får
890 954 40 20 den
946 959 50 17 mer,

178 982 23 21 sä
216 984 34 19 tar
265 982 59 21 den".
356 982 41 21 Det
417 984 24 19 är
457 989 25 14 en
498 983 92 24 alldeles,
607 984 32 19 att
651 982 37 26 jag
703 983 23 21 så
742 982 34 21 må
792 983 55 25 säga,
864 981 133 27 oevangelisk

178 1010 134 28 uppfattning
332 1011 23 21 af
368 1010 185 27 församlingarnas
568 1010 131 22 förhällande
715 1012 31 20 till
762 1010 165 27 presterskapet.
957 1010 40 27 Jag

177 1046 68 17 anser,
268 1041 31 19 att
323 1046 24 14 en
370 1039 65 21 sädan
457 1040 54 26 äsigt
534 1040 18 26 ej
575 1040 101 24 förtjenar
699 1040 63 25 nägot
785 1039 132 21 bemötande.
949 1039 48 21 Men

178 1068 79 20 kanske
279 1069 56 19 ännu
358 1074 57 14 mera
437 1068 68 21 mäste
524 1068 38 27 jag
580 1068 68 21 uttala
663 1068 43 20 min
722 1068 110 26 förväning
847 1067 102 26 deröfver,
966 1071 32 17 att

178 1102 48 15 man
250 1095 18 26 ej
290 1096 36 21 vill
348 1095 66 22 förstå
438 1097 61 20 enkla
523 1097 43 20 ord.
596 1096 33 21 Då
652 1097 36 20 det
710 1096 45 21 står
770 1096 90 27 ,Hvarje
876 1096 122 26 församling

178 1131 49 14 vare
251 1124 73 28 pligtig
343 1127 32 19 att
389 1125 56 21 förse
461 1126 36 20 sitt
512 1125 136 26 presterskap
664 1125 48 21 med
727 1131 26 14 en
769 1124 54 22 efter
838 1124 160 22 embetsbefatt-

177 1154 51 25 ning
244 1153 37 22 och:
301 1153 85 22 dermed
401 1154 100 21 förenade
517 1153 125 28 åligganden
657 1153 84 27 lämpad
758 1154 111 26 anständig
885 1153 112 27 aflöning*,

178 1182 23 21 så
224 1183 24 19 är
269 1183 36 20 det
326 1182 33 20 väl
381 1183 71 25 gifvet,
476 1185 31 18 att
529 1183 82 20 skilnad
627 1184 24 19 är
666 1183 27 26 på
709 1182 88 21 embete.
827 1183 26 20 Vi
869 1181 63 22 hafva
947 1182 50 21 våra

178 1210 144 27 kyrkoherdar
345 1217 51 20 qvar
419 1211 38 20 och
481 1211 61 21 deras
568 1211 225 26 embetsbefattningar
816 1213 36 18 äro
876 1212 71 24 annat,
971 1212 26 19 än

178 1238 167 26 kapellanernes.
371 1239 25 26 Ej
413 1240 40 20 kan
467 1239 35 27 jag
518 1240 101 26 någonsin
635 1239 119 27 öfvertygas
771 1239 79 26 derom,
865 1239 56 21 hvad
937 1245 25 15 en
977 1239 23 20 af

178 1268 55 19 mine
256 1268 63 20 värde
337 1267 78 21 bröder
430 1268 7 20 i
453 1268 83 21 ståndet
552 1268 38 20 har
604 1269 72 25 yttrat,
693 1270 32 18 att
741 1267 35 21 det
791 1270 24 18 är
830 1268 61 25 ingen
907 1267 89 21 skilnad.

177 1296 46 20 Den
248 1302 39 14 ene
312 1296 79 26 åligger
411 1296 6 20 i
439 1296 133 26 församlings
595 1296 77 21 vården
696 1296 88 26 mycket,
807 1296 32 20 för
862 1295 79 21 hvilket
957 1296 40 20 den

178 1324 65 21 andre
266 1324 17 26 ej
307 1330 78 15 svarar.
417 1324 41 21 Det
481 1326 22 19 är
525 1327 33 18 att
573 1325 64 20 tvista
652 1330 34 15 om
702 1324 96 26 afgjorda
813 1324 62 21 saker
889 1326 33 19 att
938 1324 60 26 börja

178 1354 32 18 att
232 1352 43 20 tala
298 1358 33 14 om
353 1352 159 26 kapellanernes
535 1352 139 25 likställighet
696 1352 46 20 med
766 1351 183 27 kyrkoherdarne;
975 1352 22 20 så

177 1379 62 27 länge
262 1382 35 18 det
319 1380 66 21 finnes
408 1380 128 26 kapellaner,
560 1382 36 18 äro
617 1380 25 21 de
664 1380 109 26 kaplaner,
794 1380 38 21 och
847 1380 23 20 så
885 1380 61 26 länge
963 1380 34 20 det

178 1408 66 21 finnes
268 1408 151 26 kyrkoherdar,
443 1410 36 19 äro
503 1409 24 20 de
552 1408 151 27 kyrkoherdar.
734 1408 48 21 Men
799 1408 35 21 det
849 1410 24 19 är
889 1408 18 27 ej
923 1408 74 21 endast

178 1436 231 28 embetsbefattningen,
433 1438 51 20 utan
506 1437 63 21 också
590 1437 72 26 sjelfva
682 1437 171 26 tjenstgöringen,
870 1443 44 15 som
931 1437 67 21 måste

178 1465 60 22 afses.
269 1465 40 26 Jag
332 1465 34 22 vill
390 1465 89 27 uppläsa
501 1465 46 22 från
571 1466 39 21 den
634 1466 89 21 svenska
746 1467 151 26 författningen
912 1466 46 22 från
974 1466 23 21 år

180 1494 61 26 1862,
263 1494 47 21 med
333 1494 84 22 hvilken
438 1495 48 20 hela
508 1495 97 26 Sveriges
626 1495 56 21 rikes
704 1495 136 26 presterskap
856 1495 39 21 har
910 1495 88 21 kommit

178 1524 84 26 mycket
280 1523 33 21 väl
329 1524 32 21 till
377 1525 62 24 rätta,
455 1523 101 28 följande:
574 1523 184 28 ,,Presterskapets
774 1524 117 21 inkomster
906 1524 91 21 fördelas
