1081 1820
215 136 52 20 1516
417 141 159 17 Presteständet
588 142 56 18 187%
664 141 26 17 20
703 141 91 17 oktober.

185 210 102 25 utjemnas
303 210 38 20 och
358 212 24 18 är
398 210 38 20 lätt
451 210 80 20 rättadt
546 216 33 14 om
596 208 156 22 vederbörande
767 209 74 24 skulle,
855 209 26 20 dä
891 208 47 21 skäl
950 208 54 21 före-

185 238 91 24 komma,
301 238 64 26 flitigt
389 244 106 20 uppmana
519 238 32 21 till
576 244 39 20 nya
635 238 131 26 föreningars
787 238 110 26 ingäende,
921 237 83 21 hvartill

185 266 78 27 otaliga
278 266 136 26 öfverhetliga
431 266 69 26 påbud
516 273 61 14 mana
593 266 38 21 och
646 266 66 27 gifver
727 265 111 27 anledning.
863 265 40 21 Till
918 265 51 27 följd
984 266 22 20 af

185 295 54 21 hvad
259 295 37 27 jag
319 295 45 21 haft
379 296 51 20 äran
445 297 56 25 yttra
517 296 66 20 måste
596 296 36 25 jag
648 296 101 20 motsätta
764 295 42 26 mig
821 294 28 21 all
865 294 104 26 reglering
984 294 21 20 af

185 324 166 26 presterskapets
373 322 90 28 aflöning
479 330 74 20 genom
569 330 69 14 annan
654 323 128 27 myndighet,
798 325 27 19 än
840 322 118 27 Kejserliga
973 329 32 15 se-

185 354 70 22 naten,
277 352 150 27 Domkapitlen
450 352 38 22 och
507 354 77 25 ytterst
606 352 127 25 föreningar,
754 352 104 26 ingängna
877 351 34 21 vid
927 351 79 27 kyrko-

185 382 106 20 stämmor.

256 667 75 21 Pastor
353 667 83 27 Lyra:
466 668 42 21 Det
530 668 40 20 kan
592 667 118 27 säkerligen
727 667 44 21 icke
788 666 69 27 nekas,
873 669 31 18 att
920 666 46 21 icke
981 673 26 14 en

186 696 76 26 mängd
285 698 59 19 stora
367 696 166 26 oegentligheter
554 696 110 21 förefinnas
681 696 5 20 i
702 696 117 26 utgörande
841 695 22 21 af
884 694 124 28 prestaaflö-

187 725 81 26 ningen,
290 724 88 21 likasom
402 725 63 21 ocksä
480 725 6 20 i
503 726 46 20 dess
572 725 103 27 uppbörd,
699 724 70 21 hvilka
791 730 48 16 man
862 725 27 26 pä
912 723 38 22 allt
965 726 43 19 sätt

187 754 66 20 mäste
268 754 65 20 önska
348 754 21 20 fä
384 754 89 22 rättade,
490 754 39 21 och
544 754 37 20 det
596 756 23 18 är
635 753 16 27 ej
668 753 67 21 heller
745 753 42 21 min
799 753 82 26 mening
894 756 32 18 att
939 752 69 22 fränse

187 782 24 21 de
227 782 78 26 försök,
320 788 45 15 som
381 782 68 21 blifvit
464 783 74 25 gjorda
554 782 37 21 och
607 782 100 21 särskildt
720 783 39 20 den
770 782 142 26 föreliggande
923 781 83 26 Kejser-

186 811 42 26 liga
244 811 168 26 propositionens
428 810 38 22 och
483 812 113 20 utskottets
617 811 144 21 betänkandes
777 811 76 25 mänga
867 810 141 26 förtjenster
995 806 16 35 i

187 840 58 20 detta
267 839 104 21 afseende.
403 840 90 20 Likvisst
516 841 41 20 kan
578 840 35 26 jag
631 840 47 20 icke
694 839 70 21 bifalla
779 839 119 26 antagande
914 838 21 22 af
950 838 59 21 detta

186 867 84 27 förslag.
300 868 78 26 Mänga
393 868 21 20 af
430 869 25 20 de
470 868 126 27 föregäende
619 869 94 20 talarene
736 868 61 20 hafva
814 868 63 20 redan
893 866 117 22 framhällit

185 896 52 21 flera
252 896 21 21 af
288 896 25 21 de
329 897 77 26 vigtiga
428 896 52 26 skäl,
496 904 44 13 som
556 899 51 24 göra
622 897 59 20 detta
697 896 118 26 antagande
831 896 31 21 till
879 902 25 14 en
920 896 88 21 betänk-

187 925 71 26 lighet,
272 925 22 25 ja
311 925 122 26 omöjlighet
448 925 32 20 för
495 925 160 26 presteständet.
686 925 40 26 Jag
749 924 99 21 behöfver
863 925 45 20 icke
925 925 83 20 vidröra

187 953 41 25 det,
245 959 44 16 som
305 954 64 20 redan
386 953 38 21 har
438 953 68 22 blifvit
522 954 114 21 omnämdt.
661 953 48 21 Men
726 953 33 21 vid
775 953 77 21 tanken
863 953 32 27 pä,
907 955 32 19 att
951 953 57 21 detta

186 981 77 28 förslag
280 982 37 21 bar
333 982 55 21 varit
403 981 45 22 före
464 982 6 21 i
480 983 80 26 januari
577 983 109 25 utskottet,
703 983 33 20 vid
752 982 138 21 1863—1864
902 982 38 21 och
955 982 53 21 1867

187 1011 34 20 års
237 1011 124 26 landtdagar
377 1011 134 26 behandladt,
528 1011 38 22 och
583 1011 46 21 med
645 1011 112 26 anledning
773 1010 65 27 deraf,
856 1013 31 18 att
899 1011 57 20 detta
968 1011 41 20 för-

188 1039 45 27 slag
249 1040 36 21 hos
301 1039 156 26 presteständet
472 1040 65 21 delvis
553 1041 38 20 har
606 1041 54 20 mött
676 1040 112 25 motstånd,
801 1039 22 26 ja
839 1041 32 20 att
886 1045 49 15 man
947 1039 6 21 i
964 1039 46 22 lan-

187 1068 46 20 dets
250 1068 88 21 officiela
359 1068 81 26 tidning
455 1069 39 20 har
509 1069 41 20 läst
565 1072 14 17 t.
597 1075 30 14 ex.
643 1069 92 25 följande
751 1069 91 25 spetsiga
861 1068 147 26 anmärkning:

189 1096 62 24 ,Man
275 1096 33 21 mä
327 1096 44 22 icke
388 1097 64 20 tänka
466 1098 37 25 sig,
518 1099 32 19 att
565 1096 189 28 prestaaflöningen
769 1097 7 20 i
792 1096 71 21 landet
878 1096 71 21 kunde
964 1102 46 20 reg-

187 1125 54 21 leras
265 1126 26 25 pä
313 1131 25 14 en
361 1131 69 14 annan
453 1125 36 26 fot,
510 1127 25 19 än
552 1126 40 20 den
608 1132 27 14 nu
652 1125 119 25 bestäende,
787 1125 72 21 sävida
875 1125 34 20 det
925 1125 46 21 icke
986 1126 25 19 är

186 1154 59 26 fråga
261 1160 33 14 om
310 1160 25 14 en
351 1153 173 27 prestaaflönings
547 1154 124 26 förökning"
688 1153 35 21 vill
738 1154 35 26 jag
788 1155 51 24 göra
855 1154 40 20 den
911 1153 99 21 anmärk-

187 1181 82 27 ningen,
286 1184 32 19 att
333 1182 36 20 det
384 1184 24 18 är
422 1184 122 19 smärtsamt
559 1183 31 20 för
606 1182 155 26 presteständet
776 1184 32 18 att
821 1182 45 20 icke
877 1182 72 20 kunna
959 1182 50 24 visa,

187 1213 32 17 att
235 1210 34 20 det
284 1217 65 19 gerna
363 1211 39 25 gär
416 1210 20 20 in
453 1212 27 24 pä
496 1211 70 26 hvarje
589 1210 84 26 förslag,
696 1216 45 14 som
757 1212 23 18 är
797 1212 30 19 ett
843 1210 66 26 billigt
925 1210 84 26 förslag,

188 1244 46 15 men
250 1238 45 22 icke
311 1238 41 21 kan
369 1238 54 21 finna
440 1239 35 20 det
490 1240 98 25 förenligt
603 1239 47 21 med
667 1239 91 27 kyrkans
769 1238 66 22 fördel
849 1241 31 18 att
891 1241 77 24 antaga
979 1241 31 19 ett

187 1266 84 27 förslag,
287 1273 46 15 som
348 1273 45 15 mer
408 1267 52 21 eller
474 1268 81 20 mindre
570 1270 24 18 är
610 1270 30 18 ett
655 1267 247 27 förminskningsförslag.
930 1267 41 21 Det
982 1273 27 15 nu

186 1295 143 26 föreliggande
351 1295 101 27 förslaget
474 1298 24 19 är
520 1296 58 21 äfven
599 1298 31 19 ett
645 1296 21 20 af
681 1296 61 21 dessa
757 1296 251 26 förminskningsförslag
998 1291 12 36 ;

187 1326 22 24 ty
225 1324 47 21 med
293 1325 42 20 alla
356 1324 47 22 dess
426 1325 76 25 mänga
524 1324 119 27 förtjenster
658 1325 61 25 ingär
735 1325 37 20 der
787 1324 71 22 alltför
873 1326 76 24 mänga
965 1331 44 14 mo-

187 1354 64 21 ment,
273 1359 43 14 som
340 1353 85 20 komma
440 1356 33 16 att
488 1354 85 19 beröfva
594 1354 80 25 kyrkan
691 1353 46 20 dess
753 1355 78 18 största
847 1353 39 20 och
901 1353 61 19 bästa
977 1353 33 19 in-

187 1380 99 21 komster.
316 1380 41 26 Jag
379 1380 35 21 vill
436 1379 39 21 här
498 1381 80 26 påpeka
601 1381 73 20 endast
697 1381 65 24 några
780 1381 22 20 af
816 1380 65 21 dessa.
913 1380 32 21 Då
960 1386 49 15 man

187 1408 120 21 eliminerar
329 1409 59 20 bästa
412 1407 60 22 delen
494 1408 22 21 af
536 1408 92 27 tionden,
652 1408 100 21 särskildt
771 1408 150 26 smörtionden,
942 1409 67 20 som
993 1403 18 36 i

187 1438 68 19 större
278 1436 60 21 delen
359 1437 21 20 af
394 1436 72 22 landet
488 1439 62 24 utgör
573 1437 167 26 presterskapets
763 1437 95 26 reelaste,
881 1437 128 21 ätminstone

187 1465 73 22 lättast
282 1465 32 21 till
336 1466 117 27 penningar
468 1465 135 22 förvandlade
619 1465 98 26 inkomst,
734 1466 38 21 och
787 1466 7 21 i
810 1468 57 19 östra
889 1466 97 24 Finland,
1002 1467 7 20 i

187 1493 90 28 Viborgs
300 1494 41 27 län,
357 1496 73 19 nästan
446 1495 54 20 enda
514 1494 62 21 säkra
592 1494 202 27 penningeinkomst,
811 1495 26 21 dä
852 1501 47 15 man
913 1495 35 20 vill
967 1494 41 21 för-

187 1523 76 21 vandla
286 1523 69 22 denna
377 1524 26 26 pä
426 1525 30 20 ett
472 1523 74 22 sädant
561 1526 49 24 sätt,
626 1525 38 24 att,
681 1524 26 21 dä
723 1524 40 21 den
780 1523 125 22 bestämmes
921 1524 6 21 i
943 1524 65 21 andra
