1095 1831
305 120 159 18 Presteståndet
477 122 52 17 1877.
552 122 13 16 3
577 122 91 16 oktober.
818 116 51 22 1161

81 195 25 27 en
129 189 93 27 tillfällig
242 190 97 28 sjukdom
354 192 39 26 gör
408 191 119 27 nödvändig
541 191 32 22 för
588 192 122 22 arbetarens
725 191 58 22 vård.
813 191 48 22 Han
876 194 24 20 är

81 218 45 22 icke
151 219 83 27 skyldig
258 221 32 19 att
313 220 125 21 underhålla
463 227 25 15 en
515 220 61 27 fattig
591 220 71 22 alltför
676 220 68 28 länge,
759 222 50 20 enär
824 220 76 22 sådant

80 246 84 28 älägges
186 247 76 22 honom
276 248 74 22 endast
365 249 7 21 i
387 248 36 21 fall
439 248 22 22 af
474 250 32 20 att
521 249 122 27 sjukdomen
659 251 24 19 är
697 248 103 28 tillfällig
798 242 12 38 ;
817 250 26 21 då
859 248 40 22 den

81 276 40 21 blir
135 276 107 27 långvarig
257 276 32 22 får
304 277 126 21 kommunen
446 279 105 25 emottaga
566 278 40 21 den
621 277 79 27 fattiga.

148 334 84 22 Doktor
275 334 147 27 Hornborg:
453 334 40 28 Jag
518 334 91 28 begärde
633 335 61 22 ordet
719 335 74 21 endast
815 335 32 21 för
868 336 31 20 att

80 364 45 21 mot
139 365 72 25 pastor
227 362 55 29 Lyra
298 364 106 25 anmärka,
420 365 33 20 att
469 364 34 22 det
517 363 107 23 förefaller
639 364 41 26 mig
696 364 69 22 såsom
781 370 34 16 om
831 364 68 21 denna

79 392 101 27 paragraf
197 392 46 22 icke
258 392 67 22 skulle
341 393 66 21 strida
423 395 44 19 mot
481 393 11 27 &
507 393 13 20 3
537 392 39 22 och
592 393 58 21 detta
665 392 87 27 förslags
768 392 131 27 grundtanke

79 422 7 20 i
102 420 68 28 öfrigt,
186 424 51 18 utan
253 423 90 20 tvärtom
359 420 44 22 helt
419 422 38 20 och
472 421 66 23 hållet
547 421 184 23 öfverensstämma
740 422 92 24 dermed,
843 428 56 15 eme-

80 450 41 21 dan
136 449 64 28 syftet
215 450 6 20 i
237 450 59 22 detta
311 449 213 29 författningsförslag
540 452 23 20 är
578 452 32 20 att
624 451 24 21 så
663 450 89 28 mycket,
764 456 44 16 som
819 450 81 27 möjligt

79 479 115 21 inskränka
209 478 147 28 fattigvården.
373 491 27 3 —
416 480 39 26 Jag
470 480 79 26 nödgas
562 480 105 21 dessutom
679 478 90 27 betvifla,
782 486 33 14 om
827 482 72 23 pastor

79 507 57 28 Lyra
158 508 95 22 kommer
271 508 72 27 rigtigt
365 508 49 26 ihåg
436 508 136 28 kyrkoboken
593 508 6 22 i
615 508 31 22 sin
661 508 128 27 församling.
819 508 30 28 Ty
864 508 35 22 det

78 536 67 23 skulle
166 536 94 22 förefalla
280 537 42 27 mig
337 537 109 27 högeligen
462 538 132 26 förvånande,
610 544 33 15 om
660 537 36 22 der
710 537 75 21 funnes
799 537 58 27 flere,
872 539 27 19 än

81 566 97 27 möjligen
193 572 39 21 par
247 568 33 20 tre
295 566 103 27 arbetare,
414 572 44 16 som
474 566 62 22 hafva
551 567 29 21 tio
597 566 61 26 barn;
676 566 35 22 det
726 568 24 20 är
762 566 81 22 således
853 566 46 22 icke

80 595 37 21 det
132 595 88 27 vanliga,
235 597 50 19 utan
302 595 126 27 ohjelpligen
444 597 31 20 ett
489 596 113 26 undantag.

148 652 81 22 Rektor
250 652 151 22 Kihlman:
432 652 69 22 Sedan
520 652 50 23 flere
589 653 67 21 talare
676 653 100 26 uppträdt
791 652 30 21 till
838 659 60 20 para-

79 681 85 26 grafens
188 681 86 27 försvar,
296 681 37 22 ber
352 681 36 28 jag
403 683 33 20 att
451 681 20 22 få
485 681 87 28 tillägga
587 682 65 27 några
668 682 43 21 ord.
742 681 73 27 Enligt
830 681 68 22 denna

80 710 99 27 paragraf
192 710 80 27 åligger
288 711 35 21 det
339 710 164 27 arbetsgifvaren
520 713 31 19 att
566 710 56 27 sörja
637 710 32 21 för
684 712 32 19 att
731 710 122 22 arbetarens
869 709 28 22 fa-

79 739 44 26 milj
140 739 45 22 icke
200 739 60 21 faller
275 739 140 27 fattigvården
432 739 31 21 till
477 740 48 25 last,
541 740 23 21 så
579 739 61 27 länge
656 739 70 21 arbets
741 738 74 22 aftalet
825 738 73 28 gäller.

79 768 42 21 Det
142 769 23 20 är
180 768 82 21 således
278 767 176 27 arbetsgifvarens
468 768 119 27 skyldighet
602 770 32 19 att
648 767 124 22 underhålla
787 768 111 21 arbetaren

80 796 39 22 och
133 796 53 22 hans
207 797 64 26 familj
287 797 68 21 under
369 797 48 21 hela
433 797 39 21 den
487 797 38 26 tid,
541 797 71 21 arbets
626 796 74 22 aftalet
715 796 72 27 gäller.
818 795 81 22 Hittills

78 825 40 22 har
139 826 35 21 det
195 825 55 21 varit
264 825 79 27 vanligt
358 828 37 23 att,
411 832 34 15 om
461 832 25 15 en
501 825 151 27 arbetsgifvare
668 825 99 22 behöfver
782 831 25 16 en
823 831 75 22 person

79 855 7 20 i
101 854 38 21 sitt
153 854 79 25 arbete,
248 854 94 22 kommer
357 854 41 22 han
414 854 95 22 öfverens
524 855 47 21 med
587 854 76 22 honom
679 860 33 15 om
728 860 26 15 en
777 854 41 21 viss
838 854 61 26 dags-

79 883 52 22 eller
145 883 180 27 mänadspenning
340 883 52 22 eller
405 883 78 22 ärslön.
505 883 45 21 Blir
566 883 67 21 denna
648 883 99 27 paragraf
760 883 41 26 lag,
817 884 24 20 sä
856 883 42 21 kan

80 911 35 22 det
137 912 46 21 icke
205 911 63 22 blifva
290 911 59 28 fråga
371 918 34 15 om
428 914 32 19 att
481 918 48 15 man
551 912 53 22 skall
627 912 180 21 öfverenskomma
823 918 33 15 om
873 918 25 15 en

79 941 41 21 viss
143 941 61 26 dags-
226 940 52 22 eller
299 941 186 26 mänadspenning,
506 943 50 19 utan
579 940 164 27 arbetsgifvaren
766 941 67 21 mäste
848 946 50 15 vara

79 969 79 22 beredd
172 970 29 27 pä
215 971 33 20 att
263 970 93 21 beräkna
370 969 62 22 lönen
448 970 23 21 sä
485 972 51 22 stor,
552 971 32 20 att
599 969 47 22 hela
660 969 92 27 familjeon
768 969 41 21 kan
824 969 75 21 under-

79 998 74 22 hållas.
182 999 89 26 Följden
295 998 61 22 häraf
377 998 41 21 blir
438 999 132 26 naturligtvis
593 999 47 26 den,
656 1000 32 19 att
703 998 40 21 den
759 997 65 23 första
839 997 59 27 fråga

79 1027 72 27 hvarje
174 1027 156 27 arbetsgifvare,
353 1027 26 22 dä
400 1027 42 21 han
457 1028 34 20 vill
507 1030 48 24 taga
571 1033 26 16 en
612 1027 96 21 arbetare
724 1027 6 20 i
745 1027 31 20 sin
792 1027 64 26 tjenst
871 1039 27 2 —

80 1056 35 21 det
135 1057 33 20 mä
191 1062 50 15 vara
263 1057 31 20 för
310 1057 72 26 längre
397 1057 52 20 eller
463 1057 86 21 kortare
564 1057 30 20 tid
610 1068 27 3 —
652 1055 72 22 ställer
740 1055 32 21 till
787 1055 111 22 arbetaren

80 1087 25 19 är
127 1085 50 21 den:
202 1085 53 21 huru
276 1088 45 18 stor
343 1084 64 28 familj
432 1085 38 21 har
485 1085 44 22 du?
544 1085 39 21 och
598 1085 6 20 i
619 1091 80 15 samma
715 1090 48 15 mon
779 1090 44 15 som
840 1084 58 21 arbe-

79 1117 71 18 tarens
175 1113 63 27 familj
264 1115 24 20 är
312 1115 51 25 stor,
389 1114 6 20 i
420 1120 80 15 samma
523 1120 48 15 mon
586 1113 53 22 skali
655 1113 63 22 ocksä
733 1113 164 26 arbetsgifvaren

80 1142 64 22 blifva
167 1142 107 22 afskräckt
296 1143 45 21 från
364 1144 32 19 att
418 1145 93 23 mottaga
527 1149 25 15 en
568 1143 103 24 arbetare,
688 1143 26 20 dä
730 1142 65 26 utsigt
809 1142 41 21 kan
867 1141 32 21 för

79 1171 77 22 honom
179 1171 112 22 förefinnas
313 1173 32 20 att
359 1171 21 21 fä
395 1171 71 22 betala
481 1177 25 15 en
522 1172 83 26 mycket
620 1173 44 19 stor
680 1170 148 27 dagspenning.
859 1170 39 21 Om

79 1199 46 22 icke
140 1200 68 21 nöden
224 1202 24 19 är
262 1199 87 22 alldeles
365 1202 51 25 stor,
432 1200 52 21 skall
500 1199 41 22 han
557 1201 26 20 dä
598 1206 71 15 svara:
679 1199 35 27 jag
725 1199 41 22 kan
776 1199 46 22 icke
833 1201 66 19 emot-

80 1231 49 25 taga
149 1235 26 15 en
198 1229 98 22 arbetare
314 1229 48 21 med
377 1235 25 15 en
418 1229 23 21 sä
457 1231 44 19 stor
515 1229 72 26 familj,
604 1229 38 21 och
658 1228 80 21 säledes
754 1229 94 20 kommer
863 1228 36 21 det

79 1259 32 20 att
133 1257 91 26 inträffa,
247 1259 32 20 att
300 1263 25 16 en
347 1257 103 27 arbetare,
466 1264 44 15 som
526 1257 39 22 har
580 1264 25 15 en
621 1259 44 20 stor
680 1257 64 27 familj
760 1257 39 21 och
814 1256 84 21 hvilken

79 1287 81 21 således
182 1287 87 20 framför
289 1287 42 21 alla
347 1287 66 21 andra
429 1287 65 21 borde
509 1287 62 21 hafva
586 1286 40 21 lätt
641 1288 31 19 att
687 1285 21 22 få
723 1285 78 26 arbete,
815 1285 32 22 får
863 1285 36 22 det

79 1316 95 25 svärare;
190 1316 42 20 han
247 1315 40 22 blir
302 1315 142 22 tillbakastött
456 1316 45 26 just
515 1315 33 22 för
563 1315 33 22 sin
611 1317 58 20 stora
683 1315 76 26 familjs
774 1314 61 21 skull.
856 1314 43 21 Det

79 1346 24 19 är
117 1344 82 21 säledes
214 1345 6 20 i
236 1344 175 26 arbetsgifvarens
426 1344 95 26 intresse,
537 1350 44 15 som
594 1344 37 26 jag
646 1343 39 21 här
699 1343 69 27 yrkat,
783 1345 32 19 att
830 1343 69 21 denna

79 1372 99 27 paragraf
191 1373 47 20 icke
252 1374 35 20 mä
302 1372 63 22 blifva
380 1372 97 27 gällande
491 1372 42 27 lag,
549 1372 87 22 emedan
649 1372 36 27 jag
700 1371 97 26 förutser,
813 1373 32 19 att
857 1371 41 21 den

79 1401 104 26 arbetare,
205 1407 46 15 som
272 1401 39 22 har
332 1407 26 16 en
381 1403 46 19 stor
448 1401 72 28 familj,
542 1401 120 26 derigenom
681 1400 95 21 kommer
791 1401 31 20 att
836 1400 21 21 få
872 1405 26 16 en

79 1431 68 19 större
169 1430 106 26 svärighet
290 1431 32 20 att
337 1429 74 21 lifnära
427 1430 126 21 densamma.
582 1429 126 26 Paragrafen
724 1435 61 21 synes
800 1428 42 26 mig
857 1428 42 21 vis-

79 1458 90 25 serligen
192 1458 185 20 öfverensstämma
400 1458 47 20 med
469 1458 107 26 principen
598 1458 7 20 i
626 1457 62 25 öfrigt
704 1459 32 18 att
750 1457 52 20 söka
817 1456 81 21 minska

79 1485 138 21 kommunens
242 1485 119 27 skyldighet
386 1487 32 25 att
442 1485 83 27 deltaga
546 1486 7 20 i
575 1484 224 26 fattigförsörjningen;
823 1490 48 14 men
887 1484 12 20 ä

80 1514 66 22 andra
168 1513 60 23 sidan
250 1520 61 22 synes
333 1514 36 21 det
392 1513 48 28 mig,
460 1516 32 19 att
507 1513 68 22 denna
590 1512 98 29 paragraf
702 1513 45 21 stär
762 1512 6 22 i
783 1511 53 23 strid
851 1512 47 21 med
