1086 1803
212 134 54 21 1332
412 138 160 18 Presteståndet
585 139 55 17 1877.
665 140 20 15 11
697 139 92 17 oktober.

182 207 23 22 af
224 207 80 22 landet.
334 207 164 26 Bestämningen
515 207 74 21 härom
603 207 40 21 har
657 207 47 20 icke
721 206 70 22 berott
806 207 23 20 af
843 207 55 21 1720
912 207 35 21 års
962 206 43 21 för-

182 236 89 27 ordning
293 237 52 20 utan
365 235 29 28 på
413 235 61 22 aftal.
504 235 38 22 Att
561 242 50 15 man
626 235 27 27 på
668 240 74 17 senare
757 235 56 21 tider
827 241 75 20 genom
917 235 87 27 misstag

182 266 54 20 trott
258 265 31 26 sig
311 265 53 22 böra
386 264 96 27 tillämpa
504 264 160 27 bestämningen
684 263 7 22 i
713 265 54 20 1720
783 263 35 22 års
833 263 122 28 förordning
970 270 34 15 om

182 293 282 28 tingsgästningspenningar
485 293 27 27 på
532 293 255 28 tingsgästningskappar,
803 292 87 22 hindrar
904 292 53 25 icke,
972 295 33 19 att

181 329 50 15 man
253 322 40 21 har
314 322 104 27 misstagit
440 322 32 27 sig
494 322 34 26 då,
550 322 40 21 och
609 328 29 15 nu
657 321 89 22 kommit
767 321 32 22 till
815 327 25 16 en
857 321 69 22 bättre
942 321 63 27 insigt

182 351 79 21 derom.
291 352 32 20 De
347 351 122 24 dokument,
491 357 45 14 som
557 350 58 22 förut
634 350 55 20 varit
703 350 128 26 förbisedda,
845 350 63 22 hafva
922 350 83 21 kunnat

181 379 49 22 leda
251 379 161 27 uppfattningen
435 379 24 21 af
480 378 101 22 historien
603 380 6 20 i
632 378 68 22 andra
720 379 56 27 spår,
796 380 26 19 än
839 379 40 21 den
894 378 56 22 förut
964 378 40 22 har

181 408 62 21 varit.
273 408 49 21 Men
337 408 41 20 den
393 407 114 21 historiska
521 407 149 27 utvecklingen
687 407 22 22 af
723 408 65 20 saken
803 409 24 19 är
839 407 23 21 af
871 407 133 27 temmeligen

181 436 62 26 ringa
262 436 109 27 betydelse
392 436 60 21 äfven
474 436 34 20 för
530 436 68 21 denna
613 436 66 26 fråga.
710 436 45 21 Här
771 438 24 18 är
810 435 60 27 fråga
885 436 119 27 egentligen

181 465 80 25 derom,
283 465 105 21 huruvida
402 464 104 22 nämnden
522 464 38 22 har
575 464 125 27 tillräckligt
715 464 112 22 underhåll
843 464 34 22 vid
893 465 73 27 tinget,
981 466 23 25 ty

181 493 69 27 någon
265 494 93 26 aflöning
372 494 42 20 kan
429 494 33 20 för
478 493 46 21 dem
535 494 46 21 icke
591 499 66 21 gerna
667 493 160 27 ifrågakomma,
835 493 48 21 med
891 499 26 15 en
925 493 78 26 fjerde-

181 522 31 20 del
230 522 23 20 af
265 522 49 21 hela
329 521 180 28 tingsgästningen
525 522 51 21 eller
591 528 34 15 om
641 521 70 21 denna
725 521 93 27 aflöning
828 522 39 20 bör
877 522 27 26 på
914 521 89 21 härads-

181 550 126 27 höfdingens
322 550 119 22 bekostnad
457 550 51 21 ökas
519 550 32 21 till
564 550 65 27 högre
640 550 83 27 belopp.
747 550 39 21 Om
797 550 64 21 också
871 550 42 25 det,
924 550 80 21 hvilket

179 579 37 26 jag
239 579 46 22 icke
308 579 111 24 erkänner,
441 579 40 20 har
502 579 81 21 kunnat
605 585 62 15 anses
688 585 51 15 vara
761 580 74 25 nödigt
851 581 33 18 att
899 579 105 21 nämnden

179 607 69 22 skulle
269 608 83 26 åtnjuta
367 613 25 16 en
408 609 68 20 större
492 607 34 22 del
541 609 26 20 än
583 607 130 26 tredjedelen
728 607 22 22 af
764 608 26 21 de
805 611 33 18 tre
853 608 89 26 kappar,
958 614 45 15 som

180 636 192 27 häradshöfdingen
388 637 39 20 har
442 635 108 28 uppburit,
566 636 81 21 hvilket
662 637 83 20 komme
760 638 31 20 att
807 638 107 19 motsvara
926 636 76 27 fjerde-

181 665 61 21 delen
262 665 23 21 af
303 665 48 21 hela
366 665 181 26 tingsgästningen
563 665 119 26 framdeles,
697 665 24 21 så
735 665 71 22 kunde
822 665 59 21 detta
896 665 106 21 försvaras

180 693 48 22 med
250 694 35 21 det
301 693 52 26 skäl,
369 695 32 20 att
416 694 181 21 nämndemännen
613 693 84 22 härtills
712 694 55 21 varit
781 694 90 21 utsedde
886 694 26 26 på
928 693 73 22 lifstid.

180 722 60 21 Hans
255 722 118 26 befattning
389 722 38 20 har
443 722 113 27 möjligtvis
571 722 82 21 kunnat
667 722 101 21 förliknas
783 723 34 20 vid
834 728 24 15 en
875 722 70 26 tjenst.
968 722 34 21 Nu

179 752 24 19 är
226 751 37 21 det
284 750 61 27 fråga
367 757 34 14 om
422 752 33 19 att
472 750 101 21 förändra
595 750 52 21 hans
663 750 104 28 ställning.
798 751 47 21 Han
861 750 68 22 skulle
945 753 57 18 utses

180 778 27 28 på
229 781 33 19 tre
283 779 24 21 år
329 779 7 21 i
359 779 81 21 sender.
470 779 42 21 Det
535 780 24 20 är
581 780 110 26 meningen
714 780 32 20 att
767 781 52 25 göra
834 780 168 20 nämndemanna

180 808 145 26 befattningen
347 808 33 20 till
402 809 31 19 ett
455 808 133 21 kommunalt
609 808 225 27 förtroendeuppdrag.
863 808 42 21 Vid
926 808 76 21 sådant

180 836 132 22 förhållande
334 838 24 20 är
380 836 36 21 det
438 836 127 22 åtminstone
587 838 56 20 orätt
664 838 33 19 att
718 837 97 27 uppfatta
837 836 39 21 den
891 837 69 21 såsom
976 842 25 16 en

180 865 72 27 tjenst,
267 872 46 14 som
328 866 84 21 fordrar
426 865 98 27 aflöning.
548 864 73 23 Håller
635 872 49 14 man
700 872 25 14 en
740 866 56 26 gång
810 866 27 26 på
849 865 42 25 det,
904 865 24 22 så
935 865 67 21 borde

180 900 48 15 man
251 894 99 27 uppfatta
370 894 72 26 hvarje
464 894 132 21 kommunalt
614 894 97 27 uppdrag
732 894 69 22 såsom
817 900 26 15 en
858 894 58 27 dylik
931 894 71 27 tjenst,

179 929 45 15 som
241 922 54 22 skall
310 922 86 22 aflönas.
427 922 33 22 Då
476 922 117 22 emellertid
608 923 121 26 uppehället
744 923 35 21 vid
791 923 66 27 tinget
869 925 24 19 är
903 923 98 21 förenadt

180 952 49 20 med
251 951 115 21 kostnader
388 951 36 21 vill
442 952 36 26 jag
496 951 47 22 icke
557 951 88 22 förneka
660 954 33 18 att
708 952 35 21 det
758 952 42 21 kan
816 952 101 21 behöfvas
932 952 69 26 någon

179 980 118 26 ersättning
319 980 77 25 derför,
418 986 48 16 men
488 980 33 21 för
541 981 43 21 min
605 980 34 22 del
653 986 64 16 anser
729 980 37 27 jag
781 981 40 21 den
836 980 67 28 fjerde
917 980 84 28 kappen

180 1015 50 15 vara
246 1009 70 21 dertill
332 1009 48 21 fullt
396 1009 120 27 tillräcklig.

247 1066 90 21 Prosten
358 1066 97 26 Hjelt:
484 1066 50 21 Man
554 1072 61 21 synes
631 1066 51 26 utgå
697 1066 46 21 från
759 1066 40 21 den
815 1066 55 27 åsigt
884 1067 7 20 i
906 1067 12 27 $
933 1068 19 22 2,
968 1069 32 19 att

179 1094 313 27 nämndemannabefattningen
514 1096 24 19 är
561 1096 31 20 ett
613 1095 133 20 kommunalt
768 1095 101 27 uppdrag.
890 1090 17 36 TI
924 1095 24 21 sä
962 1096 38 21 fall

179 1123 66 21 borde
268 1123 34 21 val
325 1123 22 20 af
366 1123 139 21 nämndeman
518 1123 37 21 ske
575 1123 65 26 enligt
654 1123 281 27 kommunalförfattningen,
952 1130 47 15 men

179 1151 67 26 enligt
268 1151 13 28 &
304 1153 13 20 2
335 1151 39 21 har
395 1151 72 27 hvarje
482 1157 81 20 person,
579 1158 45 15 som
640 1151 83 22 betalar
737 1152 160 27 tingsgästning,
914 1159 26 14 en
955 1155 45 19 röst

178 1192 27 3 —
221 1179 81 22 hvilket
317 1180 87 21 alldeles
420 1181 77 20 strider
509 1183 57 18 emot
576 1187 28 14 nu
615 1181 99 26 gällande
724 1181 117 26 stadgande
852 1181 6 21 i
869 1181 130 22 kommunal-

178 1208 159 27 författningen.
354 1220 27 3 —
396 1209 78 20 Vidare
497 1209 86 27 stadgas
605 1209 7 21 i
632 1209 11 26 $
665 1210 18 25 7,
704 1211 32 19 att
749 1209 40 21 den
804 1210 48 21 med
867 1210 56 21 valet
939 1211 60 20 miss-

178 1237 63 26 nöjde
263 1239 64 25 ,äger
341 1237 57 21 inom
413 1237 40 21 den
469 1237 43 21 tid*
528 1243 45 16 som
589 1237 33 21 för
635 1238 196 26 ändringssökande
846 1239 7 21 i
868 1238 130 22 kommunal-

178 1267 103 25 stämmas
304 1265 70 22 beslut
396 1266 89 26 stadgad
508 1268 30 24 är,
561 1266 92 22 inlemna
674 1266 105 26 skriftliga
802 1268 32 20 till
849 1267 150 22 häradsrätten

178 1294 79 21 ställda
279 1294 76 21 besvär
376 1296 6 20 i
403 1294 77 26 saken;
502 1295 39 21 och
561 1295 110 26 föredrage
687 1295 192 27 häradshöfdingen
894 1296 54 21 efter
962 1296 37 22 be-

178 1323 129 21 svärstidens
323 1323 79 27 utgång
415 1322 174 23 fordersammast
604 1324 89 21 ärendet
708 1324 6 21 i
730 1324 155 25 häradsrätten,
895 1331 45 15 som
952 1326 46 20 der-

178 1350 34 20 vid
233 1351 34 20 må
287 1351 74 25 pröfva
381 1352 40 19 den
438 1352 72 19 valdes
527 1352 130 25 behörighet,
673 1358 34 14 om
723 1352 40 20 ock
777 1352 77 26 klagan
871 1352 57 21 öfver
942 1353 57 20 valet

177 1378 19 26 ej
218 1378 73 21 förts."
320 1379 48 20 Men
391 1379 27 20 då
439 1379 76 21 besvär
530 1379 58 21 öfver
603 1380 283 21 kommunalstämmebeslut
901 1380 46 21 icke
962 1381 36 20 nå-

177 1407 75 25 gonsin
274 1412 78 16 annars
373 1406 27 28 gå
421 1406 33 22 till
476 1406 149 22 häradsrätten
645 1410 51 18 utan
712 1408 32 21 till
759 1410 139 25 guvernören,
914 1408 84 22 hvarför

177 1435 53 21 skall
254 1435 35 21 det
309 1435 27 21 då
357 1436 37 21 ske
414 1436 6 20 i
436 1436 59 20 detta
510 1436 49 21 fall?
589 1436 42 21 Det
645 1436 83 21 bevisar
743 1437 82 21 således
841 1439 32 19 att
888 1443 48 16 man
952 1438 46 21 icke

177 1463 39 22 har
230 1463 65 22 fattat
310 1465 41 21 den
365 1464 32 21 till
412 1465 141 21 nämndeman
568 1465 89 21 utsedde
673 1465 69 22 såsom
757 1466 40 21 den
813 1467 38 20 der
865 1472 49 16 vore
921 1467 77 21 utsedd

176 1492 28 27 pä
218 1493 69 26 grund
303 1493 23 21 af
339 1493 131 22 kommunalt
485 1493 128 22 förtroende.
642 1494 41 27 Jag
698 1494 68 22 skulle
782 1495 70 21 derför
867 1495 73 22 förena
955 1496 43 27 mig

177 1522 48 21 med
247 1521 108 28 professor
376 1522 104 21 Forsman
500 1523 7 21 i
524 1524 33 19 att
572 1523 105 22 nämnden
692 1523 68 22 skulle
776 1523 117 23 bibehållas
908 1525 34 21 vid
957 1525 40 21 den
