1081 1828
206 133 55 22 1656
395 139 161 18 Presteståndet
568 140 54 17 1877.
646 140 26 16 25
685 139 91 18 oktober.

176 209 45 19 mot
242 206 136 28 kyrkolagen.
408 207 81 22 Hittills
511 207 39 21 har
571 207 74 26 frågan
667 213 34 15 om
724 207 167 27 presterskapets
906 207 92 27 aflöning

177 235 86 22 alldeles
279 235 46 22 icke
340 235 55 22 fallit
410 236 66 21 under
491 236 138 27 kyrkolagen,
645 237 51 20 utan
712 236 72 21 derom
800 235 57 27 gälla
871 235 45 22 helt
931 235 67 22 andra

176 263 156 28 författningar.
361 263 51 22 Man
435 264 39 21 har
495 264 68 22 såsom
587 264 57 21 bevis
665 264 66 27 derpå
745 264 76 26 anfört,
835 266 33 20 att
883 264 114 27 löneregle-

175 292 191 27 ringskomitéerna
387 293 69 21 skulle
478 293 21 21 få
520 299 25 16 en
565 292 141 26 verksamhet,
722 299 45 16 som
783 293 55 21 vissa
852 293 124 27 paragrafer
990 293 7 21 i

175 321 132 27 kyrkolagen
329 321 127 22 tillerkänna
478 322 67 21 andra
566 322 152 27 myndigheter.
749 322 32 21 De
803 321 129 28 paragrafer,
952 328 45 15 som

177 350 63 21 hafva
262 349 69 22 blifvit
351 350 127 27 åberopade,
501 352 36 19 äro
560 351 54 20 först
629 351 13 25 &
659 351 32 20 15.
722 351 75 21 Denna
811 350 102 27 paragraf
926 351 72 26 börjar

177 378 48 22 med
247 379 61 21 ordet
330 378 132 28 ,Uppstär*;
488 378 36 22 det
545 381 25 19 är
584 379 83 21 således
682 378 19 27 ej
717 380 68 25 sagdt,
800 381 32 19 att
847 378 60 27 fråga
922 386 34 14 om
972 385 25 15 en

176 407 135 27 församlings
330 408 85 26 delning
430 408 136 26 ovilkorligen
582 408 54 21 skall
651 408 52 26 utgå
717 408 46 21 från
779 408 149 26 församlingen
943 408 55 27 sjelf,

176 440 53 17 utan
249 436 64 21 blott:
339 436 88 27 uppstår
441 436 61 27 fråga
516 443 33 15 om
566 442 26 16 en
607 436 133 27 församlings
756 437 91 26 delning,
863 436 54 22 skall
932 437 65 21 saken

176 464 116 23 behandlas
314 465 24 21 så
360 465 39 21 och
415 465 29 21 så.
471 465 256 27 Regleringskomitéerna
739 465 62 22 hafva
813 465 108 26 ingenting
933 467 65 20 annat

176 495 33 20 att
223 495 58 25 göra,
297 495 26 20 än
338 496 34 19 att
386 494 84 26 påpeka
484 493 150 22 förhållandet.
660 494 43 21 Der
718 493 67 22 finnes
799 494 82 21 således
896 494 18 27 ej
927 494 69 27 någon

176 523 127 26 motsägelse
326 525 45 19 mot
390 523 140 26 kyrkolagens
545 522 113 22 föreskrift.
689 523 49 20 Man
754 523 38 21 har
807 523 72 21 vidare
895 522 103 27 åberopat

177 551 41 22 247
234 551 13 27 $
261 551 8 21 i
283 551 27 22 K.
326 551 31 25 L.;
380 551 37 27 jag
433 551 37 21 har
482 551 65 22 redan
560 551 81 27 engång
653 551 58 22 förut
722 551 81 25 erkänt,
815 554 32 18 att
857 552 69 21 denna
936 557 61 21 para-

176 579 49 28 graf
237 581 45 20 står
297 581 7 20 i
319 580 52 21 strid
387 580 49 21 med
450 581 53 21 sista
519 580 108 27 meningen
644 580 22 21 af
681 581 26 21 20
720 580 12 27 $
743 581 40 20 och
793 581 39 20 har
842 581 36 21 det
887 580 32 22 sin
929 581 68 26 grund

177 609 52 25 deri,
251 611 33 20 att
299 615 48 16 man
363 612 37 23 tog
415 609 79 26 hänsyn
510 609 33 21 till
558 609 25 21 de
598 610 7 20 i
621 609 25 21 de
662 609 117 27 Kejserliga
795 609 96 27 utslagen
906 610 91 21 rörande

177 640 134 25 pastoratens
327 638 105 26 reglering
446 638 102 26 ingående
563 638 164 27 bestämningar,
743 641 32 18 att
791 645 32 15 om
840 639 121 26 någondera
976 639 23 20 af

177 667 116 26 tjensterna
315 667 6 21 i
343 667 151 26 församlingen
516 667 67 21 skulle
606 667 64 21 blifva
691 667 70 26 lediga
783 667 62 21 innan
869 669 128 25 pastoratets

177 695 105 28 reglering
294 695 76 22 hunnit
380 696 27 26 gå
418 696 7 21 i
436 695 165 28 verkställighet,
612 696 68 21 skulle
692 697 39 20 den
742 696 71 21 skötas
823 702 74 20 genom
909 696 87 22 vikarie.

177 725 65 21 Detta
257 726 24 19 är
297 725 18 27 ej
330 731 45 15 mer
390 725 90 26 tillåtet
482 721 9 35 ;
497 727 23 25 ty
534 725 128 27 kyrkolagen
674 725 38 21 har
722 725 77 21 ändrat
809 725 36 21 det
856 725 142 21 förhållandet

178 754 39 21 och
239 754 35 20 det
291 753 62 22 faller
369 753 81 22 således
466 753 22 21 af
501 754 33 26 sig
548 754 63 26 sjelft,
627 756 32 19 att
674 754 41 21 den
730 754 51 20 sista
796 754 111 26 meningen
921 754 8 21 i
944 755 10 25 $
971 755 27 20 20

177 783 68 26 utgår.
269 794 27 4 —
318 782 78 22 Vidare
411 782 39 22 har
470 788 48 16 man
534 782 102 27 åberopat
651 784 11 24 $
678 783 41 21 318
734 783 6 20 i
756 783 24 20 K.
797 783 30 25 L.,
845 795 24 3 —
886 783 7 21 i
909 784 41 25 dag
965 783 33 21 för

177 811 68 22 första
259 812 82 26 gången
357 824 27 2 —
400 811 39 21 och
454 813 76 25 ansett,
546 813 32 19 att
592 817 75 21 genom
684 811 35 21 det
733 811 78 27 förslag
824 811 32 22 till
868 811 130 27 förändring,

178 846 45 16 som
246 840 77 21 doktor
344 840 114 26 Hornborg
476 840 113 26 föreslagit,
608 846 48 15 man
671 840 90 21 likasom
777 840 22 21 åt
813 840 185 26 regleringskomi-

177 870 73 21 téerna
265 868 67 22 skulle
347 868 110 28 uppdraga
472 869 71 25 något,
558 875 45 15 som
617 875 76 20 genom
709 869 41 21 318
766 868 12 29 &
794 869 7 21 i
816 869 26 21 K.
858 869 22 21 L.
893 869 5 21 i
910 876 25 14 en
947 869 51 21 eller

177 904 70 15 annan
261 897 55 21 form
331 898 40 20 här
386 897 106 21 bestämdt
502 898 22 21 åt
534 898 149 26 församlingen
694 898 52 26 sjelf.
771 898 41 27 Jag
823 898 67 21 skulle
901 898 18 27 ej
931 898 68 21 heller

177 926 50 27 vilja
249 926 106 27 tillstyrka
377 926 119 27 antagande
517 926 22 21 af
554 926 77 22 doktor
646 926 124 28 Hornborgs
785 928 78 25 förslag
878 928 32 20 till
926 927 72 21 förän-

178 955 69 27 dring;
272 957 22 24 ty
317 956 35 20 det
375 956 61 20 ordet
458 956 24 20 är
504 956 19 26 ej
546 957 44 19 rätt
610 956 103 26 passande
728 955 40 22 och
783 956 68 20 skulle
867 956 66 20 hellre
948 955 50 26 vilja

177 983 64 22 hafva
255 986 32 19 ett
301 984 92 27 uttryck,
408 990 46 15 som
470 984 44 21 står
529 984 5 21 i
551 986 96 19 närmare
662 983 129 23 förbindelse
807 985 47 21 med
870 984 36 21 det
921 984 6 21 i
943 984 11 28 $
972 984 25 20 19

177 1012 173 22 förekommande
371 1013 107 26 uttrycket
499 1013 51 24 ,sitt
572 1012 95 27 förslag".
697 1012 40 27 Jag
759 1013 68 21 skulle
844 1013 46 21 helt
905 1013 93 21 enkelt
988 1008 15 35 i

178 1042 71 21 stället
267 1042 32 21 för
314 1042 65 21 orden
395 1058 11 8 ,
409 1042 138 26 Regleringen
563 1042 125 21 verkställes
703 1042 23 20 af
739 1042 116 21 komit6er*
871 1042 50 26 vilja
935 1041 63 22 hafva

177 1070 84 22 införda
283 1070 65 21 orden
369 1087 5 9 ,
375 1070 97 26 Förslag
488 1070 31 21 till
535 1071 105 26 reglering
655 1072 104 25 uppgöres
774 1070 24 21 af
811 1071 123 21 komiter*.
965 1070 33 22 Då

177 1099 41 21 blir
241 1099 107 27 uttrycket
363 1099 6 20 i
385 1099 40 20 den
443 1101 24 19 17
483 1098 11 27 $
510 1099 88 26 ungefär
614 1099 123 25 detsamma,
753 1105 44 15 som
813 1099 6 21 i
836 1100 25 20 19
877 1099 18 26 $,
910 1099 40 21 och
966 1099 30 21 sä-

177 1127 59 22 ledes
251 1128 40 21 den
307 1127 145 26 anmärkning,
468 1133 45 15 som
528 1127 147 27 kyrkoherden
692 1127 106 22 Stenbäck
812 1127 79 27 gjorde,
907 1129 32 19 att
950 1133 48 16 man

177 1162 62 22 synes
261 1156 48 27 vilja
324 1158 52 24 göra
391 1156 247 27 regleringskomitéerna
653 1156 33 21 till
701 1156 41 21 den
756 1156 123 27 myndighet
894 1162 44 15 som
955 1156 43 21 för-

177 1185 89 21 bereder
281 1185 91 21 ärenden
388 1185 33 20 för
436 1185 164 26 kyrkostämma,
615 1184 51 21 falla
681 1185 58 25 bort;
755 1185 47 21 med
818 1187 31 19 ett
859 1185 48 25 ord;
923 1185 27 21 de
961 1185 37 21 be-

177 1214 131 26 stämningar
330 1213 90 21 rörande
440 1213 121 22 inrättande
576 1213 22 22 af
611 1213 274 28 löneregleringskomitéer,
900 1220 45 15 som
962 1216 36 19 äro

177 1243 7 20 i
199 1242 66 26 fråga,
286 1245 37 18 äro
344 1242 48 21 med
412 1242 100 21 afseende
527 1242 12 21 å
555 1243 40 20 den
616 1241 132 27 befogenhet,
764 1249 44 14 som
825 1242 173 27 lönereglerings-

177 1270 131 22 komitéerna
323 1271 70 25 hafva,
407 1270 47 21 icke
469 1271 27 26 på
507 1271 64 26 något
582 1273 43 19 sätt
636 1271 109 21 stridande
755 1274 44 19 mot
809 1271 130 27 kyrkolagen
950 1271 48 21 med

177 1300 109 25 undantag
307 1299 24 22 af
344 1299 55 22 hvad
414 1300 65 21 redan
495 1299 57 22 förut
568 1301 23 20 är
606 1299 97 21 erkändt.
733 1299 75 27 Någon
823 1299 127 22 hemställan
966 1300 31 21 till

177 1329 135 26 kyrkomötet
328 1334 33 15 om
377 1329 89 26 ändring
482 1329 23 20 af
518 1328 140 27 kyrkolagens
673 1328 126 21 föreskrift
794 1324 12 35 i
810 1328 58 21 detta
878 1329 120 20 hänseende

177 1359 24 19 är
223 1357 82 21 således
323 1357 19 26 ej
361 1357 24 20 af
399 1357 98 21 behofvet
512 1357 106 26 påkallad.
648 1356 49 21 Man
713 1356 39 21 har
767 1360 52 23 sagt,
835 1359 32 18 att
883 1358 115 25 löneregle-

177 1385 161 26 ringskomitéer
360 1386 38 19 äro
421 1384 65 27 något
500 1384 33 21 för
548 1383 149 26 församlingen
709 1384 136 21 främmande.
870 1384 40 27 Jag
920 1384 78 27 frågar,

177 1415 24 18 är
223 1412 26 21 då
269 1412 150 27 kronofogden,
434 1418 46 15 som
496 1412 94 26 vanligen
607 1414 24 19 är
645 1414 143 24 guvernörens
803 1413 78 20 ombud
897 1413 33 21 vid
947 1419 51 21 upp-

177 1441 102 27 görandet
294 1441 23 21 af
329 1441 153 21 konventioner
498 1440 81 21 mindre
588 1440 131 22 främmande
729 1440 33 22 för
771 1441 163 27 församlingen?
957 1442 42 21 Det

177 1472 24 19 är
214 1469 79 28 precist
308 1469 117 22 detsamma
440 1475 34 15 om
490 1469 257 27 löneregleringskomitén
763 1472 86 25 utgöres
865 1470 21 22 af
899 1470 42 22 fem
952 1476 45 21 per-

176 1505 71 19 soner,
262 1504 45 16 som
323 1500 37 20 äro
375 1498 33 22 för
422 1498 149 27 församlingen
586 1498 137 27 främmande,
739 1498 52 22 eller
806 1505 35 16 om
856 1500 40 20 den
913 1501 85 25 utgöres

177 1528 23 22 af
213 1534 33 16 en.
261 1538 28 4 —
304 1528 79 21 Vidare
401 1528 39 21 har
462 1534 49 14 man
534 1528 104 26 anmärkt,
654 1530 33 19 att
701 1527 297 28 löneregleringskomitéerna
