1092 1811
216 132 55 21 1188
412 136 160 18 Presteständet
585 137 54 17 1877.
664 137 12 16 3
689 137 91 18 oktober.

255 205 109 28 Professor
379 205 85 22 Cleve:
485 205 165 26 Ifrågavarande
665 206 12 20 2
694 213 62 14 mom.
772 206 24 21 af
810 207 27 20 14
851 207 12 25 &
879 205 62 22 berör
956 206 51 19 utan

187 234 72 22 tvifvel
282 236 31 19 ett
335 234 23 21 af
378 234 26 21 de
426 236 55 19 mest
501 234 185 27 maktpäliggande
701 234 152 26 förhällanden,
869 235 87 20 hvarom
973 233 35 21 det

187 263 35 22 vid
242 263 141 26 fattigvärden
405 262 41 22 kan
462 263 65 21 blifva
541 263 67 27 fräga.
638 263 42 21 Det
695 265 24 20 är
734 264 52 21 visst
800 270 27 15 en
843 263 112 22 ömmande
970 261 39 22 sak

188 293 32 20 att
236 298 34 15 om
285 292 131 26 vansinniga,
432 292 94 26 vanföra,
542 292 184 27 älderdomssvaga
741 299 19 14 o.
776 299 16 13 s.
807 299 20 13 v.
843 294 59 24 tages
917 291 58 23 huld,
985 291 24 20 så

189 322 32 20 att
236 321 26 21 de
276 320 47 21 icke
338 322 104 19 marteras
457 320 23 21 af
495 320 82 27 hunger
592 320 39 22 och
646 320 69 21 svälta
729 320 58 27 ihjäl.
817 320 49 21 Men
882 318 127 29 ojemförligt

188 349 102 27 vigtigare
312 351 24 19 är
354 350 33 20 att
401 348 113 22 samhället
529 351 59 24 tager
604 349 51 21 värd
671 354 33 16 om
720 349 36 21 det
771 348 139 28 uppväxande
925 348 84 26 slägtet.

187 377 125 22 Vanvärdas
328 377 41 26 det,
386 377 92 21 riskeras
493 384 45 15 mer
553 378 52 21 eller
620 378 82 21 mindre
716 378 121 22 framtiden.
867 378 42 21 Det
919 379 25 19 är
954 376 55 22 säle-

188 406 37 22 des
248 413 25 15 en
296 406 93 26 naturlig
409 406 39 21 sak
463 407 33 20 att
511 406 59 22 detta
585 412 62 16 mom.
664 406 64 22 ocksä
742 407 7 21 i
764 407 106 21 utskottet
885 406 55 21 varit
955 405 55 21 före-

188 435 43 22 mål
245 435 32 21 för
293 435 109 26 allvarliga
417 434 186 27 öfverläggningar.
634 434 111 22 Utskottet
760 435 39 22 har
814 435 54 21 dock
884 435 33 21 för
931 434 31 21 sin
976 434 34 21 del

188 464 47 21 icke
255 463 81 22 kunnat
359 463 79 22 föreslä
460 465 64 20 annat
547 463 51 22 eller
621 470 44 15 mer
686 466 26 19 än
728 464 55 21 hvad
799 464 36 21 det
850 470 28 15 nu
894 462 115 23 omordade

188 493 98 26 tillägget
307 492 95 22 innebär.
433 493 45 23 Att,
501 492 69 21 säsom
586 494 74 25 pastor
674 492 56 27 Lyra
744 493 40 21 här
798 492 115 27 föreslagit,
928 491 7 22 i
951 491 58 22 detta

189 528 63 15 mom.
267 521 44 22 läta
326 521 49 27 ingä
390 523 31 19 ett
436 521 118 27 stadgande
570 522 79 23 derom,
666 524 32 19 att
712 522 230 27 fattigvärdsstyrelsen
955 520 54 22 skall

189 551 45 21 läta
255 550 32 27 sig
309 550 111 27 angeläget
442 556 51 15 vara
515 552 32 19 att
567 550 47 22 icke
629 551 140 21 utackordera
785 551 53 21 barn
854 551 31 20 till
901 549 67 22 andra
983 551 27 19 än

188 579 138 27 gudfruktiga
346 579 40 21 och
408 579 123 21 välsinnade
554 579 96 27 familjer,
673 580 68 21 skulle
756 586 52 15 vara
823 581 32 19 att
870 579 39 21 här
923 578 87 27 inrycka

189 614 26 15 en
231 608 139 26 bestämning,
386 614 45 15 som
446 607 88 21 alldeles
549 608 47 21 icke
612 608 47 20 med
674 608 157 26 nödvändighet
846 607 60 27 ingår
921 607 4 21 i
938 606 72 27 fattig-

189 636 78 22 vården
289 636 40 22 och
351 642 45 15 som
416 636 67 22 måste
505 636 51 21 bero
573 636 23 21 af
609 636 36 21 det
660 636 134 27 reglemente,
811 636 87 21 hvarom
913 636 98 20 kommu-

188 671 66 15 nerne
269 665 63 21 hafva
347 666 33 20 att
394 664 73 28 sjelfva
483 665 187 21 öfverenskomma.
692 665 42 21 Det
748 667 25 19 är
788 664 87 22 alldeles
885 664 46 22 icke
943 663 67 27 sagdt,

189 695 32 20 att
242 693 80 22 barnen
343 693 60 22 skola
419 694 163 26 utackorderas;
598 694 34 20 för
647 694 61 21 deras
723 694 34 21 väl
773 694 39 21 och
828 693 125 27 uppfostran
969 693 41 20 kan

189 723 28 27 pä
239 724 65 20 annat
326 724 43 20 sätt
392 722 74 27 sörjas.
496 723 40 25 Jag
558 728 63 16 anser
640 723 36 21 det
690 722 83 22 säledes
788 722 47 22 icke
850 728 51 15 vara
915 721 96 27 lämpligt

189 753 34 20 att
245 751 88 22 sålunda
348 751 89 27 inrycka
452 757 26 15 en
493 750 157 22 inskränkande
665 751 133 27 bestämning
813 751 6 21 i
835 752 61 20 detta
911 752 100 20 moment.

191 793 24 3 —
239 780 62 22 Hvad
319 780 47 22 åter
381 780 36 21 det
432 780 81 27 tillägg,
529 786 45 15 som
589 780 105 22 utskottet
708 780 103 26 förordat,
827 779 102 22 beträffar
943 779 68 22 måste

191 810 36 21 det
249 816 51 14 vara
322 809 27 26 på
372 810 31 20 ett
425 809 52 21 eller
499 812 65 18 annat
585 811 43 19 sätt
650 809 91 27 otydligt
756 810 101 26 uttryckt,
873 808 28 22 då
916 808 36 22 det
967 808 45 24 här,

191 838 69 21 såvidt
281 838 35 26 jag
338 838 43 21 kan
402 837 73 27 förstå,
499 838 106 21 föranledt
620 838 32 21 till
668 844 26 15 en
709 838 192 26 missuppfattning.
931 838 42 20 Det
988 838 23 20 är

189 866 124 26 visserligen
329 873 25 15 en
369 866 66 28 tydlig
450 866 46 27 sak,
511 869 33 19 att
559 867 36 21 det
610 868 74 20 nästan
700 868 24 20 är
739 867 95 26 omöjligt
848 866 33 22 för
897 868 31 19 ett
938 865 74 27 fattig-

190 894 167 22 vårdssamhälle
379 897 32 19 att
432 896 57 20 hålla
510 896 43 20 alla
568 896 75 26 fattiga
658 896 52 20 barn
726 896 7 20 i
748 896 66 25 högre
829 895 118 25 folkskola;
963 900 49 15 man

190 924 40 21 har
252 923 39 21 här
313 923 54 26 tagit
389 924 62 21 ordet
473 923 106 22 folkskola
597 924 75 21 endast
686 924 7 20 i
708 925 69 20 denna
792 924 90 25 mening.
912 923 43 21 För
969 922 43 21 min

191 952 33 21 del
249 952 39 21 har
310 951 128 22 åtminstone
458 952 38 26 jag
517 953 7 20 i
546 952 106 21 utskottet
674 953 48 20 med
744 952 107 21 folkskola
865 951 87 22 förstått
966 951 46 21 icke

191 981 76 20 endast
289 980 39 21 och
350 981 91 20 allenast
465 981 39 20 den
520 981 66 26 högre
600 981 127 24 folkskolan,
743 982 52 19 utan
810 981 45 20 helt
870 979 72 22 enkelt
957 979 55 22 folk-

190 1009 75 22 skolan
288 1009 40 22 och
349 1008 106 22 folkskola
477 1011 25 19 är
524 1009 134 27 naturligtvis
680 1009 72 27 hvarje
775 1009 170 26 skolinrättning,
967 1013 45 16 som

191 1038 86 21 arbetar
299 1037 32 22 för
346 1037 174 28 folkbildningen.
550 1037 129 22 Folkskolan
694 1038 67 21 måste
776 1037 83 22 således
876 1037 39 22 här
929 1040 61 24 tagas
1005 1037 7 20 i

191 1073 26 15 en
235 1067 23 21 så
273 1067 118 21 vidsträckt
405 1066 139 27 bemärkelse,
560 1069 32 19 att
607 1067 86 21 dermed
708 1073 72 15 menas
795 1066 72 27 hvarje
883 1067 67 25 skola,
966 1072 45 15 som

191 1096 86 21 arbetar
292 1095 33 22 för
339 1095 174 26 folkbildningen.
543 1096 34 21 Nu
592 1096 42 21 kan
651 1096 36 21 det
701 1095 130 28 visserligen,
846 1095 69 22 såsom
927 1095 36 22 det
973 1095 39 21 här

192 1125 64 22 också
278 1124 63 26 skett,
365 1126 66 19 sättas
454 1125 6 20 i
483 1124 67 28 fråga,
574 1125 104 21 huruvida
701 1127 31 19 ett
754 1125 77 22 sådant
846 1124 73 27 tillägg
935 1124 38 21 alls
989 1126 24 19 är

191 1154 80 25 nödigt,
287 1153 88 22 emedan
391 1159 33 15 om
440 1155 31 19 ett
487 1154 53 21 barn
555 1154 88 21 insättes
658 1153 6 21 i
680 1159 26 16 en
720 1153 74 28 familj,
810 1153 65 21 borde
891 1159 48 15 man
950 1153 63 21 hafva

192 1183 35 20 det
249 1182 122 21 förtroende
393 1182 32 21 till
447 1182 100 26 familjen,
568 1185 33 18 att
622 1183 122 20 densamma
764 1182 71 21 kunde
849 1182 113 21 undervisa
977 1182 36 21 det

191 1210 132 22 främmande
343 1210 75 21 barnet
440 1210 89 21 likasom
544 1210 46 22 sina
606 1216 59 20 egna.
696 1210 48 21 Men
760 1210 36 22 det
812 1212 24 19 är
851 1210 54 21 dock
921 1216 26 15 en
962 1210 51 20 skil-

191 1239 42 21 nad
249 1238 90 22 emellan
354 1245 53 20 egna
422 1239 54 21 barn
491 1239 40 21 och
546 1241 31 19 ett
592 1239 27 27 på
634 1238 94 27 offentlig
743 1239 89 21 auktion
842 1239 100 27 inropadt
952 1238 60 22 barn.

191 1268 43 20 Det
254 1268 61 20 torde
337 1266 84 22 således
442 1267 46 21 icke
509 1274 51 14 vara
575 1268 88 21 alldeles
678 1274 25 14 ur
718 1269 73 25 vägen,
807 1269 32 19 att
855 1266 158 28 lagstiftningen

192 1296 63 21 söker
277 1298 32 19 att
324 1297 75 26 trygga
414 1296 243 26 barnaundervisningen
672 1296 128 22 åtminstone
815 1302 76 20 genom
907 1296 35 21 det
957 1296 56 21 stad-

192 1324 75 27 gande,
287 1326 38 24 att,
348 1324 37 22 der
406 1324 87 27 tiligång
514 1325 33 21 till
565 1325 61 21 skola
646 1326 30 25 är,
698 1325 37 21 der
755 1325 34 21 får
809 1324 143 28 fattigvården
967 1324 46 22 icke

191 1354 70 18 lemna
277 1354 36 19 det
329 1353 106 20 beroende
450 1354 22 19 af
486 1354 126 20 husfadrens
626 1354 112 25 godtycke,
753 1360 33 14 om
803 1354 42 19 han
860 1354 36 19 vill
911 1354 44 19 låta
966 1354 47 19 bar-

191 1386 41 15 nen
247 1380 96 26 begagna
359 1382 30 25 sig
405 1380 22 21 af
440 1381 70 21 denna
525 1382 61 20 skola
602 1381 50 21 eller
668 1382 52 25 icke,
735 1384 53 18 utan
803 1381 142 27 uttryckligen
961 1382 52 25 göra

193 1409 58 21 detta
271 1408 111 23 förbehåll.
413 1408 44 22 Och
472 1411 60 25 tager
548 1416 48 15 man
611 1416 29 14 nu
654 1422 28 3 —
697 1409 70 23 såsom
783 1410 43 26 mig
841 1416 62 21 synes
917 1411 33 20 att
966 1415 48 16 man

192 1437 67 22 måste
276 1440 53 24 göra
348 1438 35 22 det
402 1450 28 3 —
448 1438 119 22 folkskolan
588 1438 6 21 i
616 1438 68 22 denna
704 1438 155 22 vidsträcktare
875 1438 139 26 bemärkelse,

193 1467 60 21 torde
274 1467 65 22 också
361 1468 36 21 det
415 1466 24 22 af
452 1467 106 22 utskottet
572 1468 120 27 föreslagna
706 1468 97 28 tillägget
817 1474 52 16 vara
884 1468 129 27 tillräckligt.
