1084 1786
307 136 161 18 Presteståndet
482 138 52 17 1877.
559 138 25 17 28
597 138 91 17 oktober.
818 133 54 20 1593

83 204 32 21 för
130 205 27 20 all
174 205 85 21 framtid
275 205 39 22 och
330 205 58 22 detta
404 205 85 22 alldeles
504 207 28 26 pä
547 206 40 21 den
603 207 74 26 grund,
691 213 44 14 som
747 206 155 27 presteprivile-

82 234 72 25 gierna
169 234 6 20 i
191 235 13 20 4
220 234 94 27 punkten
330 236 83 19 nämna.

150 291 89 20 Prosten
256 291 87 25 Hjelt:
374 291 71 26 Eniigt
467 293 67 19 denna
557 291 99 27 paragraf
670 293 23 19 är
708 291 34 21 vid
758 291 72 26 hvarje
844 292 58 20 löne-

83 319 103 25 reglering
209 320 32 19 tre
261 320 179 26 omständigheter
462 322 32 19 att
514 320 107 26 jakttaga:
653 320 38 23 1:0)
707 319 97 27 gällande
819 319 83 21 författ-

83 347 80 26 ningar,
186 348 27 25 pä
228 347 70 21 hvilka
314 348 168 27 presterskapets
497 348 125 27 rättigheter
637 348 82 26 grunda
733 348 42 26 sig;
805 348 41 24 2:0)
863 348 40 20 den

82 376 98 25 inkomst,
197 381 44 16 som
257 377 159 25 presterskapet
431 378 32 20 för
479 377 131 21 närvarande
626 376 99 27 åtnjuter,
742 377 39 21 och
804 376 41 27 3:0)
860 376 41 21 för-

83 404 107 21 hällandet
213 404 6 21 i
243 404 67 27 öfriga
326 406 88 20 socknar
430 406 6 20 i
452 406 63 21 länet.
545 406 26 21 Vi
586 406 70 20 känna
672 405 85 22 enhvar,
770 408 31 18 att
831 407 70 19 presten

82 432 66 21 sällan
171 432 91 22 erhåller
278 434 38 20 allt
330 433 84 21 hvartill
431 434 41 20 han
488 434 53 21 efter
556 435 35 25 lag
607 434 38 22 och
660 434 150 26 författningar
825 436 24 18 är
865 434 36 20 be-

82 462 99 26 rättigad,
204 462 127 21 åtminstone
353 462 95 22 inträffar
471 464 58 20 detta
552 463 45 21 icke
621 463 6 20 i
651 462 24 21 de
691 462 60 21 flesta
766 462 43 21 fall.
840 462 62 21 Hvad

82 492 84 24 presten
189 490 81 22 säledes
295 491 81 27 uppbär
399 493 24 19 är
445 491 107 22 minimum
575 492 23 20 af
616 491 55 21 hvad
687 491 76 21 honom
780 491 66 21 borde
862 491 41 21 till-

82 519 92 25 komma,
196 520 55 20 hvad
274 520 41 21 han
338 520 65 26 enligt
425 520 177 27 författningarna
617 522 24 19 är
660 520 119 26 berättigad
780 515 48 36 till,
843 521 59 25 utgör

83 548 119 27 maximum,
219 548 38 21 och
274 549 127 21 deremellan
416 550 66 26 ligger
498 550 35 20 det
548 551 62 20 rätta.
641 549 41 21 Det
697 550 25 19 är
734 549 82 21 säledes
827 548 22 21 af
859 548 44 27 vigt

82 577 33 20 för
137 577 40 21 den
199 578 85 25 nämnd,
307 583 45 16 som
374 578 53 20 skall
444 580 94 24 uppgöra
553 578 79 26 förslag
648 578 32 20 till
695 577 158 27 lönereglering,
870 580 32 18 att

83 604 60 22 äfven
165 607 50 25 taga
237 606 118 21 kännedom
380 612 40 19 om,
445 606 55 21 huru
526 606 157 27 presterskapet
707 606 7 20 i
739 606 115 20 allmänhet
879 608 23 18 är

82 633 99 27 aflönadt,
198 634 20 21 d.
235 640 16 15 v.
268 641 15 14 s.
301 635 53 21 huru
369 634 142 28 förhållandet
526 638 24 18 är
560 636 6 20 i
577 635 26 21 de
617 635 66 26 öfriga
693 635 118 20 socknarna
812 629 11 39 i
838 635 63 20 länet.

82 662 75 27 Nägon
181 663 70 21 tionde
272 664 93 26 sättning
388 664 6 20 i
410 664 137 21 Österbotten
563 664 48 22 kan,
627 664 68 20 sävidt
711 664 35 20 det
761 664 65 26 angär
842 662 60 28 afgif-

83 693 59 19 terna
165 692 32 20 till
220 692 163 26 presterskapet,
407 693 17 25 ej
448 692 163 26 ifräsakomma;
633 694 22 24 ty
679 692 26 21 dä
727 692 68 21 skulle
811 694 92 24 prester-

82 720 81 27 skapet,
187 720 81 22 hvilket
290 721 27 21 dä
340 727 49 15 vore
412 721 92 27 skyldigt
526 724 32 18 att
579 721 88 21 bekosta
689 721 71 21 tionde
776 720 126 28 sättningen,

83 748 84 22 komma
190 751 32 19 att
245 750 115 21 vidkännas
383 749 71 22 alltför
478 752 58 19 stora
557 750 93 26 utgifter.
680 750 41 25 Jag
737 749 64 26 vågar
826 756 29 20 tro,
871 751 32 19 att

83 778 43 25 allt,
150 777 54 21 hvad
223 778 5 20 i
245 779 68 20 denna
327 778 101 26 paragraf
441 779 146 24 förekommer,
605 780 23 19 är
643 781 104 23 noggrant
763 778 38 21 och
817 778 32 20 väl
866 778 36 20 be-

82 807 68 25 tänkt,
166 807 39 21 och
221 809 32 19 att
268 808 42 20 alla
326 808 24 20 de
366 809 31 19 tre
408 808 184 26 omständigheter,
603 814 45 14 som
661 808 36 20 der
706 807 120 27 uppräknas
834 807 68 21 såsom

82 836 140 26 nödvändiga,
238 838 37 19 äro
292 836 22 21 af
328 836 99 21 behofvet
442 836 118 27 påkallade,

151 893 29 21 På
196 893 154 26 framställning
366 893 21 22 af
400 893 50 22 herr
466 894 147 21 talmannen
649 892 44 22 blef
709 893 125 26 paragrafen
852 892 51 21 derå

83 922 127 21 oförändrad
226 922 104 27 godkänd.

151 979 99 21 Rörande
265 979 11 27 $
293 981 11 20 7
320 980 91 26 uppstod
427 980 93 26 följande
536 979 129 22 diskussion:

151 1036 153 27 Kyrkoherden
319 1037 204 21 Fredriksson:
553 1038 40 25 Jag
609 1037 68 20 skulle
692 1036 47 21 med
755 1036 113 27 anledning
883 1035 21 22 af

83 1065 68 21 denna
166 1067 10 18 7
193 1066 11 25 $
221 1065 53 26 våga
288 1066 39 20 hos
343 1066 84 21 ståndet
443 1066 117 26 hemställa,
575 1065 104 21 huruvida
694 1066 40 20 den
745 1065 32 20 för
790 1065 39 20 140
841 1065 12 20 å
863 1065 40 20 150

83 1099 24 21 år
122 1099 88 21 tillbaka
226 1101 6 20 i
248 1094 46 27 Åbo
310 1100 39 21 och
364 1100 130 21 Tavastehus
504 1100 34 21 län
550 1099 105 28 ingångna
665 1100 121 25 föreningen
796 1105 33 15 om
839 1100 64 19 smör-

83 1128 39 21 och
138 1129 159 26 avicktiondens
313 1129 117 26 utgörande
446 1129 6 20 i
468 1129 94 26 spanmål
578 1129 131 20 fortfarande
725 1128 53 21 skall
789 1128 72 25 läggas
871 1127 31 20 till

83 1157 67 26 grund
171 1157 33 20 för
227 1157 63 21 också
314 1157 68 21 denna
402 1164 41 20 nya
465 1157 101 27 förening,
582 1157 51 21 eller
649 1163 33 14 om
699 1157 35 20 det
750 1157 17 26 ej
784 1163 49 14 vore
849 1155 53 26 skäl,

82 1188 31 18 att
136 1192 25 14 en
184 1192 27 20 ny
234 1186 152 26 uppskattning
408 1186 54 20 efter
484 1186 120 21 nuvarande
626 1185 145 21 förhållanden
787 1185 68 20 skulle
870 1184 33 21 för

83 1214 67 21 denna
166 1220 40 21 nya
222 1214 118 27 fördelning
355 1214 72 27 läggas
443 1214 32 21 till
490 1214 75 27 grund.

150 1266 76 21 Pastor
247 1266 80 27 Lyra:
358 1266 32 21 Då
410 1266 37 27 jag
468 1266 34 21 vid
522 1268 49 19 näst
586 1266 51 20 sista
653 1265 84 26 plenum
753 1267 36 24 tog
804 1265 43 26 mig
863 1265 40 20 den

82 1294 90 21 friheten
195 1297 32 18 att
248 1298 58 23 yttra
329 1295 169 26 betänkligheter
513 1297 45 18 mot
576 1294 119 26 antagande
711 1293 21 21 af
746 1294 59 21 detta
819 1293 84 26 förslag,

82 1323 92 26 djerfdes
197 1324 35 25 jag
254 1324 101 26 derjemte
373 1325 57 25 säga,
447 1325 32 19 att
494 1323 32 21 till
542 1323 26 21 de
583 1322 197 26 betänkligheterna
796 1322 59 23 höra,
871 1323 32 18 att

82 1351 143 27 föreliggande
248 1352 78 26 förslag
349 1352 6 20 i
378 1353 55 20 vissa
455 1352 86 26 stycken
565 1353 24 19 är
607 1354 30 18 ett
653 1349 249 28 förminskningsförslag,

82 1380 67 21 ehuru
166 1381 35 20 det
217 1380 79 27 åsyftar
311 1382 32 19 att
358 1380 55 21 blott
429 1381 81 26 reglera
528 1380 168 27 presterskapets
711 1379 121 22 inkomster.
863 1378 40 26 Jag

82 1409 88 20 nämnde
194 1409 60 20 äfven
270 1409 27 20 då
312 1409 69 20 såsom
398 1409 95 25 exempel
508 1409 27 25 på
551 1408 177 25 förminskningen
744 1407 159 25 förvandlingen

83 1436 21 20 af
126 1437 102 20 särskildt
246 1436 150 25 smörtionden,
413 1436 80 21 hvilket
508 1437 22 20 af
544 1438 85 24 prosten
646 1435 57 26 Hjelt
719 1435 120 21 vederlades
855 1435 48 20 der-

82 1465 54 23 med,
151 1466 32 20 att
198 1465 144 20 smörtionden
359 1464 17 26 ej
393 1465 123 25 försvinner,
532 1467 51 18 utan
599 1463 126 26 förvandlas,
741 1463 69 21 såsom
827 1463 5 20 i
848 1463 55 20 före-

82 1493 92 22 varande
189 1493 100 27 paragraf
303 1492 51 25 står,
370 1492 31 22 till
417 1492 96 22 bestämd
528 1492 65 26 afgift.
623 1491 51 21 Icke
688 1492 33 20 för
736 1493 23 25 ty
774 1493 23 19 är
808 1491 59 21 detta
877 1497 26 14 en

82 1522 152 26 förminskning
257 1522 23 21 så
300 1524 51 23 stor,
367 1524 31 19 att
414 1522 35 21 det
465 1522 17 26 ej
498 1521 67 21 finnes
580 1523 68 19 större
664 1520 5 21 i
686 1520 58 22 detta
759 1520 144 27 föreliggande
