1086 1775
204 140 55 21 1592
391 144 158 19 Presteståndet
561 145 54 17 1877.
639 145 25 17 28
678 145 91 16 oktober.

243 213 134 22 Beträffande
392 214 11 25 &
419 214 12 20 6
447 212 81 22 anhölls
544 219 33 15 om
593 212 60 22 ordet
669 212 22 21 af

243 271 140 26 Domprosten
398 270 120 26 Renvall,
533 276 44 15 som
593 269 94 27 yttrade:
717 269 40 26 Jag
771 271 25 19 är
811 269 46 22 med
873 269 119 22 afseende
981 265 14 36 å

175 300 12 20 6
204 299 12 26 $
232 299 77 22 försatt
324 299 7 20 i
346 299 39 21 den
402 298 110 27 behagliga
528 299 131 25 ställningen,
676 299 32 20 att
722 298 35 26 jag
772 298 41 21 kan
829 299 58 20 rösta
901 299 33 20 för
946 298 48 21 dess

175 328 118 27 antagande
315 328 6 20 i
344 327 119 21 hufvudsak
486 327 38 21 och
540 327 31 21 till
587 327 39 21 och
642 327 47 20 med
706 327 41 20 kan
761 327 42 26 jag,
820 333 33 14 om
867 327 36 26 jag
918 327 18 26 ej
952 327 42 20 för-

175 363 76 20 svagar
271 356 106 27 intrycket
399 355 23 22 af
442 356 49 21 mitt
511 355 65 27 bifall,
598 355 71 21 dertill
684 355 92 27 åberopa
792 356 25 20 de
833 357 21 19 så
869 355 126 26 ringaktade

175 385 168 26 presterskapets
365 384 118 27 privilegier
506 385 47 20 med
575 383 98 22 afseende
695 383 12 21 å
729 384 69 21 denna
819 384 103 26 paragraf.
952 384 42 21 Det

175 413 60 21 heter
250 413 104 26 nemligen
370 413 46 20 der:
433 413 69 24 ,,hvad
517 413 6 20 i
540 413 62 26 öfrigt
614 412 174 27 preste-tijonden
797 412 136 27 vidkommer,
944 412 49 21 then

175 442 46 21 skal
244 441 30 22 uti
290 442 43 21 alla
349 441 118 22 landsorter
482 441 22 21 af
519 447 60 16 enom
595 441 39 21 och
650 441 94 25 androm,
760 447 45 14 som
821 441 108 26 vederbör,
945 443 49 18 ovä-

175 471 51 26 gerl.
249 472 86 25 utgöras
358 470 52 21 efter
432 470 50 21 then
505 470 88 25 ordning
609 469 38 21 och
664 469 185 26 riksdags-beslut,
865 476 43 15 som
925 469 69 26 giordt

175 499 38 21 och
228 499 100 26 stadgadt
343 501 24 18 är
387 498 37 21 ähr
442 499 60 24 1638,
518 499 50 21 eller
583 499 39 20 ock
638 497 53 22 efter
706 497 46 22 thet
768 497 60 26 bruk,
844 504 44 15 som
903 499 91 25 speciale

175 527 46 21 bref
235 527 54 21 efter
305 529 95 19 orternas
415 527 145 21 beskaffenhet
575 527 72 20 kunna
662 526 110 26 medgifva,
789 526 39 21 och
839 527 22 20 af
869 527 125 20 hemmanen

174 557 95 26 utgiöras
284 555 45 26 bör,
345 555 53 22 efter
413 556 41 20 viss
469 555 78 27 tijonde
557 556 88 25 sätning,
653 561 45 15 som
709 555 98 26 antingen
820 555 65 21 redan
895 555 101 27 stadgadt

175 586 31 24 är,
230 585 51 21 eller
304 584 37 21 här
357 585 52 21 efter
426 585 89 25 lagligen
532 585 84 26 stadgas
632 584 61 21 kan".
723 583 34 22 Dä
772 584 81 21 således
869 584 125 27 paragrafen

175 613 53 21 först
249 612 122 27 innehäller,
394 616 32 18 att
446 614 84 21 tertiale
553 612 121 28 spanmälen
697 612 60 25 skall,
777 612 70 22 säsom
862 613 82 26 hittills,
961 613 33 21 be-

175 642 82 22 traktas
277 642 69 21 såsom
370 643 30 20 ett
420 642 199 26 jordlägenheterna
639 641 110 27 äliggande
765 641 123 27 lönebidrag
904 642 38 21 och
959 642 35 20 det

175 671 68 22 tillika
263 673 67 24 säges,
346 673 31 19 att
393 671 35 21 det
444 671 52 20 skall
513 671 127 21 bestämmas
656 670 133 26 naturligtvis
805 670 6 20 i
827 671 63 26 laglig
906 671 89 25 ordning

175 700 87 26 vjemväl
277 700 6 20 i
300 699 25 21 de
341 699 58 21 delar
415 699 21 21 af
451 700 77 24 landet,
545 700 36 20 der
596 698 85 22 tionden
698 705 27 14 nu
741 698 62 27 utgår
815 698 52 22 efter
878 700 56 20 årets
945 701 49 19 växt

175 728 51 21 eller
250 728 64 26 enligt
329 728 75 20 träffad
421 728 218 22 öfverenskommelse,
655 728 31 20 till
703 728 50 20 visst
769 727 76 27 belopp
861 728 45 20 frän
922 728 72 26 hvarje

175 757 104 26 lägenhet,
295 757 64 25 enligt
375 757 25 20 de
416 756 32 21 för
464 757 71 21 landet
550 757 6 20 i
571 756 115 21 allmänhet
702 756 51 21 eller
763 756 55 21 vissa
829 758 57 19 orter
894 756 100 22 särskildt

175 785 97 27 gällande
293 785 149 26 författningar
464 786 38 20 och
525 785 136 27 stadganden,
683 784 108 22 äfvensom
806 785 47 21 med
868 785 80 21 fästadt
963 785 31 20 af-

175 815 76 21 seende
266 815 27 26 pä
309 815 25 20 de
349 814 46 21 från
411 814 149 27 församlingen
571 815 31 20 till
616 814 47 21 dess
676 814 134 26 presterskap
821 814 57 21 förut
890 814 104 27 utgående

175 843 87 33 bidrag"
279 855 26 3 —
321 843 36 20 det
372 843 52 21 sista
440 845 68 22 ,,samt
523 844 25 20 de
564 843 90 26 afgifter,
671 849 44 14 som
731 842 46 21 från
793 843 66 20 andra
875 845 120 24 pastorater

175 873 56 20 inom
255 871 66 22 stiftet
344 872 66 20 under
433 872 103 21 likartade
551 871 147 22 förhållanden
715 873 97 24 utgöras"
829 871 70 22 kunde
915 871 79 22 saklöst

174 906 51 15 vara
241 900 149 24 bortlemnadt,
406 900 78 21 kanske
501 901 36 20 det
552 900 53 21 dock
621 900 17 27 ej
655 899 77 22 skadar
748 906 33 15 om
797 900 36 21 det
849 901 96 25 qvarstår
960 913 34 12 —,

174 929 36 21 vill
233 928 63 22 också
313 929 37 26 jag
373 935 57 18 anse,
453 931 31 18 att
500 930 5 20 i
524 925 135 26 Österbotten
675 935 25 14 en
717 929 40 20 viss
773 929 164 26 tiondesättning
953 929 41 21 kan

174 957 93 28 försiggå
286 958 39 21 och
340 958 98 21 tertialen
454 959 37 20 der
506 957 63 22 blifva
584 957 87 22 fixerad.
703 957 53 21 1743
772 958 33 20 års
821 957 46 21 fört:
869 945 82 39 rttning,
968 958 26 21 då

175 987 39 20 den
230 987 53 20 först
298 986 80 24 utkom,
395 986 155 23 framkallades,
567 987 67 20 såsom
648 986 37 27 jag
701 987 72 26 redan
781 993 24 14 en
821 987 54 26 gång
886 975 58 32 förut
955 986 39 21 har

175 1015 45 21 haft
236 1017 51 18 äran
303 1017 32 19 att
350 1017 82 24 nämna,
443 1015 27 26 på
480 1015 67 26 grund
559 1016 22 20 af
590 1015 104 26 klagomål
704 1015 45 20 från
759 1015 137 21 Österbotten
904 1015 90 21 rörande

175 1043 158 27 tillämpningen
349 1043 23 21 af
387 1044 51 27 1681
457 1043 34 21 års
506 1043 190 27 uppbördsstadga.
722 1043 41 21 Det
774 1043 130 27 åberopades
916 1043 26 21 då
954 1044 39 21 den

175 1073 59 26 ringa
250 1073 76 25 odling,
342 1078 44 15 som
402 1072 6 20 i
424 1072 137 21 Österbotten
570 1073 60 20 fanns
639 1072 39 21 och
689 1073 40 20 den
739 1073 60 25 ringa
810 1071 127 27 befolkning,
948 1078 45 15 som

175 1101 37 20 der
234 1107 43 14 var.
308 1101 124 20 Sedermera
448 1101 61 21 hafva
524 1101 96 26 odlingen
636 1101 39 20 och
691 1100 148 27 folkmängden
855 1101 38 20 der
908 1101 86 26 tilltagit

175 1129 39 21 och
237 1129 36 21 det
293 1129 66 21 finnes
381 1129 19 26 ej
422 1130 64 25 något
508 1130 46 20 skäl
569 1117 33 33 för
617 1125 137 26 Österbotten
770 1131 31 19 att
817 1136 28 14 nu
860 1130 6 19 i
882 1117 111 33 framtiden

174 1160 52 24 göra
250 1159 31 20 ett
303 1158 108 27 undantag
432 1145 45 34 från
501 1159 35 20 det
558 1158 66 26 öfriga
640 1158 78 24 landet,
734 1161 30 18 att
781 1158 46 21 icke
842 1158 63 21 också
922 1154 70 25 Öster-

174 1187 74 21 botten
271 1187 40 20 kan
334 1187 43 20 tåla
401 1187 33 21 vid
458 1189 31 19 att
504 1187 165 25 tiondesättning
686 1187 126 21 bestämmes
827 1187 39 21 och
882 1188 40 20 den
937 1188 55 26 gifna

175 1215 195 27 spanmålsafgiften
393 1216 81 21 således
492 1216 81 21 fixeras.
604 1216 80 21 Sådant
700 1216 38 20 har
754 1216 63 20 också
833 1216 56 21 skett
904 1216 34 20 vid
953 1222 41 20 nya

175 1244 130 26 regleringar
319 1245 27 26 på
361 1244 41 21 den
416 1246 47 24 väg,
479 1244 83 21 hvilken
576 1244 37 26 jag
627 1250 62 15 anser
704 1250 49 14 vara
767 1244 46 24 den,
824 1250 48 15 man
883 1244 33 21 för
926 1245 68 26 regle-

175 1273 45 25 ring
243 1272 66 21 borde
332 1272 59 25 inslå,
414 1273 104 26 nemligen
540 1274 40 26 den
601 1272 94 22 enskilda
712 1272 241 22 öfverenskommelsens.
983 1273 10 21 I

175 1300 104 21 särskilda
294 1301 112 26 nybildade
422 1304 96 22 pastorat
532 1301 7 21 i
555 1301 135 21 Österbotten
707 1314 27 2 —
745 1302 36 25 jag
791 1301 82 21 erinrar
882 1302 42 24 mig
936 1304 14 18 t.
962 1308 32 14 ex.

174 1328 91 21 Vindala
285 1341 26 2 —
326 1328 63 26 utgår
404 1328 97 21 tertialen
517 1329 32 20 till
565 1330 30 19 ett
611 1329 106 20 bestämdt
732 1329 76 26 belopp
824 1329 46 20 från
887 1329 107 26 mantalet,

175 1357 38 20 och
232 1356 7 20 i
255 1357 35 20 det
305 1356 107 21 afseendet
427 1356 39 21 har
481 1363 48 14 man
545 1356 80 21 således
641 1356 88 21 kommit
745 1356 32 21 till
793 1359 30 18 ett
837 1357 100 26 stadgadt
952 1357 40 20 för-

175 1384 98 21 hållande
295 1385 38 21 och
357 1384 82 21 således
454 1385 6 20 i
476 1385 40 20 den
532 1385 92 26 punkten
641 1385 18 26 ej
676 1385 62 21 beror
753 1385 22 21 af
791 1385 53 22 1743
861 1386 35 21 års
911 1385 82 22 författ-

174 1413 56 26 ning.
261 1413 86 22 Således
362 1413 55 22 blott
432 1413 158 26 bestämningen
607 1413 48 22 sker
671 1413 6 21 i
692 1414 48 27 laga
751 1413 94 27 ordning,
857 1421 61 14 anser
929 1414 64 21 också

171 1442 43 27 jag,
231 1444 32 20 att
279 1442 35 21 det
329 1444 24 19 är
368 1442 92 27 önskligt
475 1444 31 19 att
521 1443 60 20 äfven
597 1442 6 21 i
619 1443 26 20 de
661 1442 57 22 delar
734 1443 23 20 af
770 1442 77 25 landet,
859 1443 38 22 der
907 1443 85 21 tionden

174 1471 62 27 utgår
257 1471 27 26 på
306 1473 64 20 annat
392 1473 48 24 sätt,
457 1473 26 19 än
498 1471 6 20 i
522 1471 39 22 den
577 1471 67 26 öfriga
660 1472 60 21 delen
736 1471 21 22 af
771 1471 96 26 Finland,
883 1473 109 21 tertialens

175 1499 104 28 utgående
295 1500 66 21 måtte
376 1500 52 21 efter
445 1507 25 14 en
486 1500 90 21 särskild
592 1500 78 21 fixerad
685 1501 167 27 tiondesättning
865 1501 128 22 bestämmas
