1084 1839
219 147 55 20 1530
398 150 160 18 Presteståndet
571 151 54 17 1877.
650 150 25 17 20
688 150 91 17 oktober.

190 220 110 21 aflönande
317 220 22 20 af
353 219 94 27 adjunkt,
462 220 85 25 presten
563 224 34 15 ser
612 219 31 25 sig
658 218 46 21 icke
719 218 27 26 på
762 218 64 26 något
840 219 43 19 sätt
897 218 8 20 i
920 217 87 25 tillfälle,

190 249 71 21 såvida
277 249 42 21 han
334 248 36 21 vill
387 248 62 20 hafva
464 247 137 27 lifsbergning
616 247 33 21 för
663 247 32 26 sig
711 246 38 22 och
765 247 32 21 sin
813 246 73 27 familj,
903 248 31 19 att
949 252 59 20 gvar-

190 278 33 21 stå
238 278 35 21 vid
288 284 26 14 en
329 278 65 20 sådan
409 276 70 28 tjenst.
510 276 77 20 Derför
603 276 71 21 kunna
688 276 79 20 sådana
782 278 96 24 pastorat
888 275 46 21 icke
945 281 64 21 gerna

190 308 63 20 sökas
274 306 23 21 af
316 306 90 26 sjukliga
426 305 39 21 och
484 304 131 28 ålderstigna
629 306 87 25 prester.
747 304 50 21 Helt
812 306 65 19 annat
892 306 24 18 är
931 304 78 20 förhål-

189 336 73 20 landet
284 342 34 14 om
339 334 155 27 kapeilpresten
513 333 55 21 helst
587 334 68 26 någon
673 334 54 26 gång
742 333 38 21 har
796 335 32 19 att
842 333 96 27 påräkna
953 332 56 27 hjelp

190 364 47 21 från
259 362 297 28 moderkyrkoförsamlingen.
587 362 48 21 Men
659 362 33 21 vid
715 362 121 20 nuvarande
856 362 153 26 förhållanden,

191 394 26 20 då
239 392 62 22 lönen
324 392 45 21 från
389 391 93 27 kapellet
503 390 32 22 till
555 393 68 19 större
643 390 59 22 delen
718 390 37 27 går
770 390 32 22 till
818 392 73 25 pastor
905 390 7 21 i
928 390 80 21 moder-

190 421 155 26 församlingen,
362 420 65 22 ehuru
444 421 85 25 pastorn
545 420 81 26 ganska
636 420 66 20 sällan
713 419 102 21 förrättar
825 419 65 27 tjenst
900 419 7 21 i
917 420 92 26 kapellet

190 450 39 22 och
251 450 156 27 kapellpresten
431 451 23 19 är
477 449 23 21 så
522 452 61 23 svagt
605 448 89 26 aflönad,
715 450 31 19 att
765 449 41 21 han
829 448 80 27 knappt
925 448 38 21 har
978 448 31 22 sin

190 479 101 24 utkomst,
307 479 67 21 ehuru
390 478 39 21 han
446 478 38 20 bär
499 480 79 24 tungan
595 478 23 20 af
631 478 89 24 arbetet,
736 477 63 21 hafva
809 477 200 27 församlingsborne

190 508 69 21 funnit
281 508 32 26 sig
335 507 123 21 föraniedda
476 509 32 18 att
526 507 51 20 söka
596 506 80 21 sådana
690 506 156 27 församlinga's
863 506 98 21 bildande
977 506 32 21 till

191 543 53 21 egna
265 539 101 24 pastorat.
397 535 129 27 Paragrafen
549 536 31 20 uti
603 536 10 19 1
635 542 62 14 mom.
720 537 38 25 gör
782 536 35 20 det
832 535 89 27 möjligt,
937 538 32 18 att
983 542 26 14 en

190 566 66 20 sådan
279 565 111 26 obillighet
409 565 38 20 och
471 564 102 21 orättvisa
595 564 40 20 blir
655 564 85 26 jemnad
759 564 39 20 och
814 566 32 18 att
860 564 149 26 församlingen

190 594 131 22 fortfarande
343 594 41 20 kan
403 600 50 13 vara
472 592 194 28 kapellförsamling
686 593 38 21 och
744 592 88 22 sålunda
847 592 64 22 hafva
927 594 32 20 att
973 593 36 26 på-

190 623 67 21 räkna
277 622 121 27 presterligt
420 622 82 20 biträde
523 622 46 20 från
592 621 297 27 moderkyrkoförsamlingen.
905 634 28 2 —
948 621 61 21 Hvad

191 652 12 20 2
223 658 60 14 mom.
303 650 100 22 beträffar
420 651 39 20 har
474 652 44 19 mot
534 650 116 21 detsamma
666 650 68 20 blifvit
749 650 90 26 anfördt,
856 650 27 22 då
899 651 35 20 det
949 650 60 21 heter

192 680 252 26 »Stadsförsamlingarna
461 680 33 19 må
510 680 47 19 med
573 679 46 21 sina
634 682 81 23 prester
726 678 182 22 öfverenskomma
919 679 90 21 rörande

191 709 70 21 desses
277 708 58 21 såväl
351 708 58 21 löner
424 714 44 14 som
486 708 116 20 boställen"
619 710 31 18 att
662 708 44 20 icke
716 708 31 20 uti
759 708 100 26 förslaget
868 708 141 20 förekommer

190 737 66 22 några
277 739 97 19 närmare
397 736 158 26 bestämningar
573 736 108 27 angående
696 736 240 27 stadsförsamlingarna.
967 736 42 21 Det

190 766 63 20 härör
277 766 64 24 deraf,
365 768 32 18 att
416 765 61 24 ingen
499 765 124 25 författning
641 764 71 26 finnes,
732 771 45 15 som
792 765 57 21 förut
864 765 39 21 har
917 765 92 27 reglerat

191 795 58 21 detta
264 794 137 21 förhållande.
431 794 41 21 Det
490 796 22 19 är
528 794 108 26 naturligt,
652 796 31 19 att
699 794 39 21 den
749 794 139 26 bestämning,
900 800 44 15 som
955 794 54 21 före-

190 824 94 21 kommer
307 823 6 21 i
338 824 8 19 1
371 829 61 14 mom.
452 825 30 18 att
501 823 90 27 ,Hvarje
609 823 121 26 församling
745 829 49 15 vare
810 823 75 26 pligtig
903 825 32 19 att
955 823 54 21 förse

190 853 37 20 sitt
249 853 134 25 presterskap
406 852 48 20 med
476 858 26 14 en
521 852 53 20 efter
596 851 200 26 embetsbefattning
811 851 39 21 och
866 852 85 21 dermed
968 851 41 21 för-

190 881 67 21 enade
272 881 124 26 åligganden
411 880 82 27 lämpad
510 880 111 26 anständig
637 879 101 28 aflöning*
755 880 64 21 också
834 880 38 21 här
888 880 75 21 hänför
978 880 32 27 sig

189 909 33 21 till
238 909 186 26 stadsförsamling.
441 921 27 2 —
483 909 62 20 Hvad
561 909 12 21 3
590 915 61 14 mom.
667 908 100 21 beträffar
783 909 39 21 har
836 911 45 18 mot
893 909 117 21 detsamma

189 938 70 21 blifvit
281 938 103 22 anmärkt,
406 939 31 19 att
460 938 37 19 der
518 938 140 20 förekommer
673 938 61 20 ordet
750 937 134 24 ,kommun*.
915 938 41 21 Det
971 937 39 22 har

189 967 115 26 ingalunda
327 966 54 21 varit
403 966 154 21 ledamöternes
573 966 7 21 i
598 966 94 21 komitén
715 966 39 21 och
772 967 106 20 utskottet
896 966 64 27 afsigt
978 968 32 19 att

189 995 111 21 förblanda
323 996 99 19 kommun
445 995 47 20 med
510 995 133 26 församling;
665 995 35 20 det
715 997 24 18 är
754 995 55 21 blott
824 997 31 19 ett
870 995 139 21 förbiseende.

190 1024 67 21 Ordet
278 1024 39 21 har
338 1024 88 20 kommit
446 1023 21 20 in
486 1030 74 20 genom
579 1023 157 21 sekreterarens
755 1023 110 21 redaktion
882 1023 39 22 och
936 1024 39 20 har
989 1023 23 21 af

190 1053 143 20 ledamöterne
357 1052 67 21 blifvit
446 1052 43 20 helt
508 1052 39 21 och
565 1052 66 21 hållet
650 1051 98 22 förbisett
763 1052 39 21 och
819 1052 64 21 borde
899 1053 111 20 förändras

189 1081 33 21 till
239 1081 152 26 ,,församling".
423 1081 36 20 Att
474 1081 106 21 utskottet
595 1080 73 21 tillåtit
683 1081 31 26 sig
729 1081 246 27 redaktionsförändring
990 1081 22 21 af

189 1112 12 18 3
217 1116 62 15 mom.
296 1110 61 21 torde
373 1115 59 15 anses
448 1115 50 15 vara
513 1110 81 26 ganska
608 1109 110 27 påkalladt
730 1110 40 21 och
780 1110 105 21 utskottet
896 1110 38 21 har
946 1110 63 21 också

189 1139 112 21 motiverat
316 1138 127 21 densamma.

257 1195 90 22 Prosten
363 1195 152 22 Bäckvall:
545 1196 33 21 Då
591 1195 36 28 jag
641 1195 92 28 begärde
749 1196 61 21 ordet
824 1197 28 26 på
864 1196 145 27 förmiddagen

190 1231 37 14 var
243 1225 35 20 det
293 1225 6 20 i
315 1224 62 27 afsigt
393 1227 31 18 att
440 1225 84 20 bemöta
536 1225 67 26 några
612 1225 156 26 andraganden,
779 1231 45 15 som
835 1225 90 26 angingo
936 1225 73 26 sjelfva

190 1253 133 26 principerna
339 1253 22 20 af
375 1253 39 20 den
430 1253 139 21 förevarande
584 1253 158 27 propositionen
759 1254 39 21 och
809 1254 116 21 utskottets
935 1253 73 22 betän-

189 1281 80 26 kande;
293 1288 47 14 men
362 1281 27 21 då
410 1288 27 14 nu
460 1282 145 21 diskussionen
628 1283 23 19 är
671 1282 112 21 inskränkt
801 1282 32 21 till
848 1283 161 26 paragrafernas

189 1309 134 28 granskning,
343 1310 80 21 lemnar
438 1310 37 27 jag
493 1311 36 20 det
544 1317 45 14 som
602 1310 37 27 jag
655 1311 72 20 tänkte
743 1311 93 26 andraga
851 1311 32 21 till
899 1317 26 15 en
941 1317 68 15 annan

189 1339 56 26 gång
259 1339 35 20 vid
310 1339 25 20 de
351 1339 103 20 särskilda
469 1339 158 26 paragraferna.
651 1339 61 21 Häri
726 1341 7 19 1
747 1340 13 26 8
771 1340 91 26 stadgas,
874 1342 32 18 att
918 1339 91 27 ,Hvarje

189 1367 124 26 församling
329 1369 23 19 är
367 1368 75 25 pligtig
457 1370 31 18 att
503 1368 56 21 förse
569 1368 38 20 sitt
617 1368 135 25 presterskap
762 1369 48 20 med
819 1375 25 13 en
856 1368 53 21 efter
920 1368 89 21 embets-

189 1395 119 27 befattning
323 1395 39 20 och
378 1395 84 20 dermed
478 1395 100 20 förenade
592 1395 124 26 åligganden
732 1395 85 26 lämpad
832 1396 112 26 anständig
959 1395 50 21 aflö-

189 1423 55 26 ning.
273 1423 43 20 Aro
335 1423 6 20 i
360 1429 80 14 samma
458 1423 123 26 församling
596 1423 51 21 eller
662 1426 95 23 pastorat
772 1424 36 21 två
823 1424 51 21 eller
889 1423 49 22 flere
954 1425 55 20 ordi-

189 1451 60 21 narie
270 1453 83 25 prester
371 1451 101 26 anstälda,
487 1451 92 22 fördelas
595 1451 36 22 det
645 1451 46 22 från
707 1452 149 27 församlingen
872 1453 52 21 eller
938 1457 71 23 pasto-

189 1482 56 20 ratet
264 1480 105 28 utgående
385 1480 201 28 aflöningsbeloppet
601 1481 90 21 emellan
707 1482 46 21 dem
770 1481 54 22 efter
839 1482 64 27 sagde
918 1482 91 26 grunder

190 1509 39 21 och
251 1510 28 26 på
299 1511 43 19 sätt
365 1509 131 21 beträffande
519 1510 132 26 regleringen
674 1510 60 22 deraf
753 1510 39 22 här
814 1511 68 21 nedan
905 1511 103 27 stadgas".

190 1538 67 22 Dessa
279 1538 221 27 fördelningsgrunder
523 1538 94 28 angifvas
639 1540 65 20 sedan
726 1540 8 21 i
756 1540 12 20 2
791 1540 19 28 8,
832 1540 36 22 der
888 1540 35 22 det
940 1540 68 22 heter:
