1081 1798
301 129 159 19 Presteståndet
473 131 54 17 1877.
551 131 23 17 16
585 130 92 18 oktober.
819 125 54 23 1447

150 198 90 22 Prosten
261 198 165 22 Warelius:
463 199 46 21 Här
523 201 24 19 är
566 198 85 23 anfördt
664 199 70 21 såsom
749 198 45 22 skäl
810 198 33 22 för
858 199 43 26 det,

80 228 34 20 att
136 227 90 21 resande
248 227 53 21 skall
324 227 21 21 få
367 227 58 26 köra,
447 227 40 21 den
509 228 188 26 omständigbeten,
713 229 32 19 att
759 227 142 26 skjutskarlen

81 255 42 21 kan
145 261 51 15 vara
215 256 23 21 så
254 256 99 26 okunnig,
369 258 31 19 att
415 256 40 21 den
470 256 100 22 resandes
585 256 25 21 lif
623 258 24 19 är
661 256 7 20 i
683 255 52 21 fara.
765 255 49 22 Men
830 256 25 21 de
870 258 33 19 ta-

81 283 51 27 lare,
155 290 45 15 som
224 284 63 21 hafva
308 284 55 21 varit
384 284 61 22 måna
468 291 33 15 om
519 284 39 22 den
574 284 88 22 resande
677 284 28 26 lif,
721 283 64 22 hafva
801 284 39 21 alls
855 284 47 22 icke

81 312 58 27 brytt
160 312 32 27 sig
214 319 34 15 om
263 312 160 28 skjutskarlens.
452 313 31 27 Ty
498 314 36 20 det
549 313 40 21 kan
605 313 40 21 lätt
660 312 90 26 inträffa,
767 314 32 20 att
814 313 39 21 den
869 318 33 16 re-

80 342 66 20 sande
168 343 24 19 är
213 341 44 22 lika
279 342 93 26 okunnig
387 348 46 15 som.
448 342 51 22 eller
514 344 56 19 ännu
585 342 136 26 okunnigare,
737 343 26 20 än
781 342 39 21 den
835 342 67 26 skjut-

80 370 64 22 sande
167 370 6 20 i
193 372 32 20 att
239 370 59 22 köra.
329 370 146 26 Skjutskarlen
491 372 40 24 vet,
547 370 96 22 hurudan
657 370 75 22 hästen
748 372 34 24 är;
798 376 48 16 men
861 370 41 22 den

80 398 88 22 resande
190 398 81 22 känner
293 398 46 22 icke
361 398 81 27 hästen,
464 401 45 19 tror
531 398 54 22 dock
607 399 31 27 sig
660 398 71 22 kunna
749 398 54 22 köra
818 399 84 21 hvilken

80 427 54 27 häst,
157 433 45 16 som
225 427 62 27 helst,
313 427 39 22 och
374 428 41 20 kan
437 429 52 26 göra
509 427 54 22 både
584 427 142 28 skjutskarlen
747 427 39 21 och
809 427 32 27 sig
855 426 49 28 sjelf

80 456 98 27 olycklig.

148 512 81 22 Rektor
244 512 151 22 Kihlman:
425 513 50 22 Man
495 513 60 22 torde
571 514 71 20 kunna
656 513 21 21 få
691 515 50 25 taga
755 513 32 22 för
802 512 99 28 afgjordt,

80 543 32 20 att
127 541 136 27 pluraliteten
279 542 57 21 inom
351 542 85 22 ståndet
449 543 84 25 önskar,
545 544 32 20 att
587 542 158 26 bestämningen
757 548 33 16 om
804 542 98 26 dryckes-

80 571 49 21 rörd
152 570 90 22 resande
258 571 47 21 icke
320 570 54 22 skall
390 571 85 27 gvarstä
491 572 5 20 i
513 572 10 26 $
540 572 33 20 21.
603 570 49 22 Men
668 571 27 21 då
709 570 6 21 i
731 571 27 21 30
773 571 11 27 &
800 571 60 26 ingår
875 576 27 16 en

79 599 140 27 bestämning,
234 601 33 20 att
281 600 141 26 gästgifvaren
445 600 54 22 skall
522 600 61 26 tillse,
600 602 32 19 att
647 600 68 26 någon
730 599 7 21 i
753 599 148 28 dryckesrördt

79 628 96 21 tillstånd
198 628 47 21 icke
266 628 77 21 sändes
360 630 33 19 att
414 628 88 27 skjutsa,
523 634 61 21 synes
599 629 36 20 det
650 630 42 25 mig
706 629 69 20 såsom
791 628 69 21 skulle
875 634 25 15 en

78 656 134 28 bestämning
233 658 6 20 i
260 663 81 15 samma
356 657 27 21 30
398 658 13 25 $
426 657 53 22 böra
493 657 47 28 ingå
557 657 60 22 äfven
632 657 109 26 angående
757 658 40 20 den
812 656 90 22 resande

78 685 22 22 af
113 685 93 27 följande
216 685 91 27 lydelse:
319 686 79 26 ,likaså
409 692 38 21 ege
457 687 128 26 gästgifvare
597 685 100 26 rättighet
709 687 32 20 att
751 687 64 25 vägra
825 685 76 26 skjuts-

79 714 47 21 häst
146 715 24 20 åt
190 714 138 27 dryckesrörd
351 714 109 22 resande."
482 727 28 3 —
528 715 61 21 Hvad
604 713 100 23 beträffar
720 714 39 21 den
775 713 127 28 föregående

79 742 61 22 delen
158 743 22 21 af
194 749 81 15 samma
290 743 52 21 sista
357 749 62 16 mom.
435 743 38 21 har
485 744 38 27 jag
537 743 33 21 för
584 743 43 22 min
643 743 33 21 del
692 743 47 27 hyst
755 742 145 27 betänklighe-

78 773 34 20 ter
134 771 55 22 hvad
212 777 44 16 som
279 771 40 22 här
337 777 50 16 vore
402 771 37 22 det
453 774 62 19 rätta.
545 772 85 21 Tänker
645 777 48 16 man
708 772 31 26 sig
755 778 25 15 en
796 771 105 26 ordentlig

79 800 39 21 och
133 801 159 26 samvetsgrann
307 799 95 28 resande,
417 806 61 22 synes
494 801 35 21 det
544 801 42 26 mig
601 806 51 15 vara
666 800 52 26 skäl,
734 802 32 19 att
779 800 42 21 han
832 799 68 22 skulle

78 828 22 23 få
122 828 57 23 hålla
202 830 125 20 tömmarne.
363 828 84 22 Tänker
469 835 48 16 man
539 829 32 26 sig
593 829 95 21 deremot
703 835 25 15 en
745 828 94 26 resande,
855 834 45 15 som

78 864 50 15 man
149 857 46 22 icke
218 857 41 22 kan
281 857 88 27 tillägga
391 858 76 21 sådant
488 858 98 27 predikat
605 857 39 22 och
657 863 24 15 en
699 857 70 26 duglig
785 857 117 26 skjutskarl

78 887 52 26 åter,
146 892 62 22 synes
224 886 35 22 det
274 887 42 26 mig
332 885 67 29 billigt
415 886 39 22 och
469 887 90 25 rättvist,
575 888 32 20 att
622 885 141 28 skjutskarlen
774 885 33 23 får
817 885 84 23 behålla

78 917 124 19 tömmarne.
238 915 42 21 Det
301 917 25 23 är
347 915 122 27 visserligen
488 917 53 25 sant,
562 917 32 19 att
609 921 48 15 man
675 915 42 21 kan
732 917 57 24 säga,
805 917 32 19 att
852 915 48 26 den,

79 950 44 15 som
139 944 58 26 leger
212 946 24 19 ut
250 944 32 21 sin
298 944 102 26 egendom
413 944 22 21 åt
450 950 26 15 en
491 950 75 18 annan,
583 944 38 21 har
636 944 120 26 derigenom
770 944 74 21 afstått
855 943 46 21 från

78 972 129 27 rättigheten
222 974 32 20 att
268 975 50 24 taga
333 972 68 27 någon
417 972 118 27 befattning
548 973 49 21 med
613 973 40 21 den
667 972 86 26 utlegda
763 972 137 26 egendomen,

78 1001 40 21 och
140 1000 46 22 från
209 1001 41 21 den
272 1001 132 27 synpunkten
420 1002 66 20 borde
501 1001 89 22 resande
605 1000 62 22 hafva
681 1002 44 20 rätt
739 1002 32 20 att
785 1000 47 22 föra
846 1002 55 19 töm-

78 1035 82 20 marne;
182 1035 48 16 men
246 1030 27 20 då
289 1030 69 20 denna
372 1029 108 27 utlegning
495 1030 23 21 af
531 1030 48 20 häst
593 1029 40 21 här
647 1032 24 18 är
685 1035 26 15 en
727 1028 74 27 tvångs
816 1028 85 28 legning

78 1058 40 22 och
139 1058 47 21 icke
201 1057 92 27 frivillig,
308 1064 62 20 synes
383 1058 35 21 det
431 1058 13 21 å
459 1058 67 22 andra
539 1058 60 22 sidan
615 1058 68 21 såsom
699 1057 68 22 skulle
783 1058 61 20 äfven
860 1058 40 20 den

78 1086 123 27 skjutsande
217 1086 52 22 böra
283 1086 62 22 hafva
360 1086 68 27 någon
444 1086 102 28 rättighet
560 1086 127 22 åtminstone
702 1086 7 21 i
724 1086 55 21 vissa
794 1085 42 22 fall.
867 1086 33 20 Då

78 1121 48 15 man
145 1115 47 21 icke
213 1115 41 21 kan
270 1114 119 22 bestämma
404 1115 69 27 någon
488 1116 35 26 lag
537 1116 32 20 för
585 1115 26 21 de
625 1114 104 22 särskilda
745 1114 71 26 fallen,
832 1113 68 22 skulle

75 1144 37 27 jag
127 1143 34 21 för
176 1144 42 21 min
234 1144 34 21 del
284 1143 49 27 vilja
349 1143 72 22 förena
436 1144 42 26 mig
493 1144 48 21 med
556 1144 47 21 dem
619 1143 23 21 af
657 1143 26 21 de
702 1143 128 25 föregående
847 1142 53 22 tala-

77 1178 57 20 rene,
156 1178 45 16 som
224 1172 63 22 hafva
307 1172 63 24 velat,
390 1174 32 20 att
436 1171 48 23 hela
502 1174 116 20 momentet
632 1171 69 22 skulle
715 1171 130 22 bortlemnas
860 1171 40 22 och

76 1201 69 22 skulle
167 1201 71 21 derför
252 1207 52 15 vara
319 1201 95 27 benägen
429 1203 33 19 att
476 1203 58 19 rösta
549 1200 48 22 med
613 1200 68 22 dem-i
696 1200 40 22 den
752 1202 55 25 tron,
822 1202 33 20 att
869 1200 31 22 äf-

78 1236 38 16 ven
131 1229 112 23 framdeles
258 1230 41 22 den
313 1230 89 22 resande
417 1230 40 21 och
473 1230 39 21 den
527 1228 123 29 skjutsande
665 1229 60 21 skola
741 1229 70 21 kunna
826 1229 8 21 i
844 1228 55 28 godo

76 1258 86 22 komma
177 1258 102 26 öfverens,
294 1264 35 16 om
344 1258 63 22 också
422 1258 47 22 icke
483 1259 65 27 något
562 1258 153 27 lagstadgande
729 1257 74 23 finnes.

145 1316 142 26 Domprosten
330 1321 63 21 Borg:
423 1314 40 28 Jag
478 1315 79 27 nödgas
570 1314 129 22 understöda
710 1314 106 28 professor
826 1314 74 22 Cleves

76 1344 63 26 åsigt.
171 1344 40 26 Jag
226 1346 46 20 tror
286 1344 47 21 icke
348 1346 33 20 att
395 1344 37 21 det
446 1343 41 22 blir
502 1343 69 22 bättre
586 1343 49 22 med
650 1342 42 26 det,
708 1344 33 21 att
755 1348 49 16 man
820 1342 80 22 lemnar

77 1372 66 22 saken
158 1372 7 21 i
180 1372 36 22 det
230 1372 58 22 förra
302 1372 82 22 skicket
399 1372 39 22 och
453 1372 74 22 ställer
540 1372 25 21 så
579 1372 40 26 till,
631 1373 32 20 att
672 1370 89 23 resande
772 1370 39 22 och
822 1370 78 28 skjuts-

77 1401 46 21 karl
138 1400 91 27 alltjemt
243 1401 68 21 strida
325 1401 32 26 sig
369 1400 6 21 i
387 1400 88 22 emellan
488 1407 35 15 om
533 1402 124 19 tömmarne.
667 1412 28 3 —
707 1400 40 26 Jag
758 1399 36 21 vill
805 1398 95 27 tillägga,

77 1430 33 20 att
131 1429 41 20 den
195 1429 79 21 norska
295 1429 158 26 lagstiftningen
468 1429 6 20 i
489 1429 98 20 afseende
602 1429 13 20 &
629 1428 145 25 skjutsningen
789 1429 31 23 är,
836 1427 64 20 också

78 1457 43 26 der,
144 1457 84 26 mycket
249 1457 103 26 praktisk.
385 1456 82 27 Norges
481 1456 104 27 skjutslag
599 1455 117 22 innehåller
730 1455 63 27 ingen
807 1455 43 22 tids
864 1455 36 21 be-

76 1485 106 26 stämning
203 1485 33 22 för
258 1485 70 27 milen,
351 1486 50 21 utan
423 1487 62 24 säger
506 1484 44 22 helt
568 1484 72 22 enkelt
654 1485 32 20 att
700 1484 39 21 kör
755 1483 41 22 den
810 1483 90 22 resande

76 1513 48 29 sjelf
144 1514 40 23 och
206 1513 75 23 hästen
304 1516 60 25 tager
385 1514 70 27 någon
476 1513 73 25 skada,
569 1514 24 22 så
614 1511 54 24 skall
688 1512 42 23 han
745 1518 61 17 svara
820 1511 79 24 derför.
