1081 1792
330 127 161 19 Presteståndet
503 129 54 17 1877.
580 130 26 16 28
619 129 90 17 oktober.
840 124 54 21 1605

103 195 65 27 något
183 202 82 19 ansvar,
282 196 35 22 det
332 196 41 22 blir
388 197 18 26 ej
422 196 69 28 någon
507 204 38 20 syn
559 199 38 20 när
613 198 40 21 den
668 197 145 27 efterföljande
828 198 96 21 kommer

103 224 31 21 dit
157 224 40 21 och
218 224 33 21 för
273 224 78 22 honom
373 225 39 21 har
435 225 100 22 bostället
554 232 26 15 en
595 227 42 20 viss
652 226 96 21 bestämd
765 226 158 27 uppskattning,

102 258 48 15 men
174 254 24 18 är
213 252 82 22 kanske
309 254 24 20 så
349 253 136 26 vanhäfdadt,
501 256 33 19 att
549 254 35 21 det
599 254 158 21 åstadkommer
772 254 76 21 honom
864 260 61 15 mera

101 280 83 24 molest,
207 282 27 19 än
255 282 66 25 nytta.
351 281 41 27 Jag
412 282 68 21 skulle
502 288 56 20 anse,
581 284 32 19 att
635 288 33 15 om
690 288 25 15 en
737 282 65 21 sådan
818 282 62 21 kassa
896 288 28 14 nu

101 308 69 22 skulle
192 308 87 22 komma
293 311 32 19 att
340 309 75 26 bildas,
431 310 68 21 skulle
515 310 64 21 också
591 310 36 27 jag
642 310 7 21 i
664 310 67 21 likhet
745 310 48 22 med
808 310 116 28 kyrkoher-

102 337 40 22 den
164 337 129 22 Fredrikson
315 338 85 25 föreslå,
423 340 32 20 att
477 339 150 27 proportionen
649 339 88 21 emellan
760 340 109 25 presterne
884 338 40 22 och

100 366 151 27 församlingen
275 366 18 28 ej
316 373 50 15 vore
387 367 44 21 lika
446 368 51 21 utan
512 370 120 24 presternes
647 367 62 22 andel
724 368 87 21 mindre.
842 367 30 27 Ty
887 368 37 21 det

100 396 25 20 är
144 395 25 27 ju
191 395 82 27 obilligt
296 401 34 16 om
351 395 36 27 jag
409 396 54 21 skall
482 396 113 22 framdeles
611 396 84 26 deltaga
710 396 47 22 med
772 396 151 26 församlingen

100 423 50 25 lika,
174 424 26 21 då
224 424 150 27 församlingen
397 424 75 22 hittills
495 425 38 21 har
548 425 27 27 på
590 425 25 21 de
631 424 61 22 flesta
707 425 137 27 prestgårdar
858 425 65 27 byggt

100 454 75 20 nästan
198 452 48 22 hela
267 453 144 27 prestgården.
441 454 65 21 Detta
527 453 68 22 skulle
617 453 65 22 blifva
702 460 27 14 en
747 453 176 27 förminskning
912 448 15 37 i

100 483 120 25 presternes
243 482 60 21 löner
325 482 40 22 och
381 482 60 22 äfven
455 482 102 22 innebära
573 489 25 15 en
613 482 152 26 förminskning
780 482 7 21 i
802 484 121 25 presternes

99 510 117 22 inkomster
230 510 33 22 för
279 517 24 15 en
320 510 92 27 framtid,
428 511 7 21 i
450 510 37 22 fall
503 511 149 21 innehafvaren
667 513 23 19 är
705 510 27 22 fri
747 511 39 21 allt
801 517 76 15 ansvar
890 510 33 22 för

99 538 149 28 prestgårdens
270 539 52 21 vård
345 539 40 22 och
406 540 86 21 skötsel.
523 540 24 26 Ej
570 539 93 27 framgår
686 540 36 21 det
742 540 39 20 här
801 539 73 27 heller,
890 541 33 19 att

100 567 78 21 kassan
199 567 68 22 skulle
290 567 71 22 kunna
383 568 107 22 användas
513 568 32 22 till
561 568 79 21 sådana
655 568 127 26 byggnader,
797 574 46 16 som
858 570 15 18 t.
890 574 31 15 ex.

98 595 91 22 hölador
211 596 40 22 och
273 596 68 22 andra
362 596 66 25 lador,
451 596 72 22 hvilka
543 596 149 22 innehafvaren
707 596 32 22 får
753 596 32 22 lof
799 598 32 20 att
846 596 76 27 bygga,

98 627 53 18 utan
170 625 37 26 jag
229 627 46 19 tror
298 627 76 19 nästan
390 625 59 21 detta
464 632 51 14 vara
531 625 53 22 blott
599 628 32 18 ett
645 627 43 19 sätt
703 627 32 19 att
750 624 68 22 befria
834 625 88 21 försam-

98 652 135 28 lingsboarne
254 653 47 22 från
324 660 26 15 en
372 654 126 27 skyldighet,
520 660 44 15 som
587 654 39 21 har
645 654 70 26 ålegat
731 654 46 21 dem
793 654 47 20 från
856 653 64 21 ålder.

99 682 40 27 Jag
161 682 67 21 skulle
244 682 71 22 derför
331 689 56 17 anse,
403 685 32 19 att
449 683 125 27 paragrafen
590 682 65 22 borde
671 683 99 27 antingen
787 682 135 22 omformule-

99 717 35 15 ras
148 710 8 22 i
171 710 35 22 det
221 710 60 28 syfte,
295 711 36 27 jag
346 711 113 26 framstält,
474 712 51 21 eller
540 712 64 21 också
619 711 56 27 utgå.

167 796 78 22 Pastor
259 797 101 21 Lilius:
375 796 46 22 Här
435 797 40 21 har
491 797 68 21 blifvit
574 797 98 21 anmärkt
687 799 45 19 mot
742 796 180 27 bestämningen
912 792 14 36 i

98 825 126 27 paragrafen
247 831 34 15 om
303 827 32 19 att
357 825 148 26 församlingen
525 825 39 21 och
579 828 108 24 presterne
703 826 52 20 böra
771 825 105 21 hvardera
890 825 32 21 bi-

98 854 67 26 draga
179 853 32 21 till
227 853 87 25 hälften,
331 855 31 19 att
377 854 160 26 församlingens
553 853 230 27 byggnadsskyldighet
793 854 67 20 borde
870 860 52 14 vara

98 884 69 19 större
188 882 52 21 eller
254 885 33 19 tre
303 882 126 27 fjerdedelar
444 885 44 19 mot
502 884 121 25 presternes
638 888 26 15 en
679 882 108 27 fjerdedel.
817 882 48 21 Men
882 882 40 21 här

98 910 86 28 åsyftas,
200 912 32 20 att
247 911 64 21 också
326 911 228 26 kapellansboställena
569 911 68 21 skulle
653 910 88 22 sålunda
755 911 87 21 komma
854 913 32 19 att
899 910 22 22 få

98 939 22 22 af
141 939 150 27 församlingen
313 939 116 22 understöd
451 939 33 22 till
504 940 46 21 sina
572 939 127 27 byggnader.
729 939 10 21 I
762 939 26 21 de
803 939 60 22 flesta
878 939 43 21 för-

98 968 114 26 samlingar
228 970 23 19 är
264 968 24 27 ju
303 968 143 21 förhållandet
462 969 41 25 det,
519 970 32 19 att
565 967 125 28 kapellanen
706 968 52 21 eller
770 967 150 22 innehafvaren

98 997 23 20 af
141 997 111 26 kapellans
275 997 100 21 bostället
397 997 55 21 skall
473 997 44 21 helt
537 997 39 22 och
599 997 66 20 hållet
679 1003 71 15 ensam
767 996 95 27 bebygga
877 997 42 20 det.

97 1025 34 22 Nu
154 1025 96 22 inträffar
272 1028 15 19 t.
303 1032 31 15 ex.
351 1025 28 22 då
399 1025 152 28 boningshuset
573 1026 54 21 skall
649 1025 80 27 byggas
751 1025 61 28 ånyo,
832 1027 32 19 att
884 1025 36 22 det

97 1054 110 27 medtager
228 1057 96 24 prestens
339 1054 48 22 hela
401 1054 100 27 inkomst,
515 1055 19 26 ej
550 1055 90 20 allenast
654 1055 32 20 för
702 1054 36 21 det
753 1054 52 25 året,
821 1055 52 20 utan
888 1054 32 21 äf-

96 1089 40 15 ven
152 1083 33 21 för
199 1083 52 22 flera
266 1084 29 21 år.
326 1083 77 21 Derför
417 1083 81 22 händer
513 1083 70 27 också,
599 1085 32 19 att
646 1083 27 21 då
688 1085 86 24 presten
790 1083 44 26 dör,
850 1085 24 18 är
889 1085 31 18 ett

97 1112 77 21 sådant
196 1112 90 21 boställe
309 1112 55 21 hvad
387 1112 150 27 byggnaderna
559 1111 101 22 beträffar
680 1111 5 22 i
701 1111 99 22 vanhäfd.
830 1111 33 21 Då
880 1111 40 21 blir

97 1141 36 20 det
155 1141 94 21 konkurs
272 1140 54 22 efter
347 1140 85 27 honom,
451 1141 154 20 efterträdaren
620 1140 32 21 får
667 1141 106 26 ingenting
788 1140 52 21 eller
856 1140 64 21 också

96 1169 33 21 får
144 1169 150 26 församlingen
310 1169 43 21 lika
368 1169 48 21 fullt
432 1169 31 21 lof
477 1172 30 19 att
523 1169 69 27 bygga
606 1169 107 21 bostället.
742 1169 50 20 Man
803 1170 35 19 vet
848 1168 72 22 hvilka

97 1197 105 27 olyckliga
222 1198 77 27 följder
320 1198 33 21 för
375 1197 76 26 många
466 1197 74 28 fattiga
555 1197 99 22 sterbhus
667 1197 45 26 just
727 1197 103 21 husrötan
845 1197 28 26 på
887 1197 33 21 så-

97 1226 56 21 dana
173 1227 164 26 prestboställen
360 1226 38 21 har
421 1226 52 26 haft,
495 1227 40 21 och
558 1226 33 21 för
605 1228 33 19 att
652 1226 57 21 finna
723 1226 69 26 någon
807 1227 65 25 utväg
887 1227 33 19 att

96 1255 94 27 aflägsna
205 1257 31 20 ett
250 1255 25 22 så
290 1255 100 26 olyckligt
405 1255 132 21 förhållande
552 1255 63 21 hafva
631 1255 61 21 dessa
707 1255 157 25 bestämningar
877 1254 42 21 till-

96 1283 96 22 kommit.
222 1284 34 21 Då
270 1283 94 22 komitén
379 1284 117 27 uppgjorde
511 1284 59 21 detta
585 1283 85 26 förslag,
681 1283 68 22 måste
759 1283 94 21 komitén
863 1282 57 22 fästa

96 1312 99 22 afseende
218 1312 27 27 på
260 1312 55 21 hvad
331 1318 46 16 som
392 1313 54 21 hade
461 1312 69 27 någon
546 1312 66 27 utsigt
627 1313 32 20 att
675 1312 64 21 blifva
754 1314 87 24 antaget
856 1311 23 21 af
894 1311 24 22 de

96 1341 68 22 andra
178 1341 97 22 stånden.
304 1341 167 27 Presterskapet,
487 1341 74 27 tycker
572 1341 43 27 jag,
632 1341 65 21 borde
708 1341 71 21 skatta
788 1340 32 27 sig
832 1340 87 27 lyckligt

96 1376 33 15 om
154 1370 26 21 de
202 1371 67 20 andra
284 1369 89 22 stånden
389 1370 112 26 godkänna
516 1370 68 21 denna
599 1369 101 27 paragraf
713 1369 39 22 och
768 1369 64 27 åtaga
846 1369 31 26 sig
892 1375 26 14 en

95 1399 66 20 sådan
184 1399 230 26 byggnadsskyldighet
435 1398 33 21 till
489 1398 86 24 hälften,
599 1398 28 21 då
648 1398 26 21 de
693 1397 77 22 hittills
785 1397 64 22 hafva
863 1397 56 21 varit

95 1426 46 21 helt
163 1426 40 21 och
224 1427 67 20 hållet
315 1427 94 20 befriade
431 1427 47 20 från
500 1426 228 27 byggnadsskyldighet
752 1426 23 20 af
797 1426 122 25 kapellans-

95 1454 113 21 boställen.
224 1467 27 2 —
266 1454 63 21 Hvad
347 1454 46 21 åter
408 1456 85 24 prosten
508 1455 133 25 Rosengrens
656 1454 139 25 anmärkning
810 1452 108 25 beträffar,

95 1484 32 20 att
140 1482 60 22 detta
215 1483 69 21 skulle
299 1482 58 27 tjena
370 1482 33 21 till
419 1484 32 19 att
465 1482 106 22 vanhäfda
585 1481 40 22 och
640 1481 140 27 undergräfva
792 1481 126 24 boställena,

94 1511 24 22 så
139 1511 20 28 ej
170 1513 36 20 är
226 1511 70 28 någon
317 1514 60 25 prest
397 1510 23 23 så
439 1511 65 27 tokig,
521 1512 32 20 att
567 1510 42 22 han
624 1510 36 21 vill
675 1510 27 22 bo
717 1510 7 22 i
740 1512 31 20 ett
786 1509 88 27 kråkbo,
892 1509 26 22 då
