1081 1817
301 138 160 18 Presteständet
473 139 55 17 1877.
551 140 25 16 25
589 139 91 17 oktober.
822 133 51 21 1651

84 207 131 27 stämningar
230 207 66 22 måste
312 208 77 21 ändras
403 207 7 21 i
425 208 138 21 konformitet
577 208 48 22 med
642 208 25 21 de
683 208 163 25 bestämningar,
860 214 44 15 som

85 236 125 21 förutsättas
232 236 6 20 i
261 236 160 26 ifrågavarande
444 236 85 26 förslag.
559 236 42 22 Det
622 236 74 26 gläder
717 237 48 26 mig,
789 239 32 18 att
839 236 65 21 redan

86 264 135 27 domprosten
236 264 56 26 Borg
308 265 38 21 har
361 264 81 23 erkänt,
458 267 31 18 att
505 265 27 20 20
547 265 12 26 $
574 265 7 21 i
595 264 159 26 ifrågavarande
769 264 80 26 förslag
861 264 44 21 står

84 293 8 20 i
107 292 53 22 strid
182 295 44 19 mot
248 292 141 27 kyrkolagens
404 292 157 27 bestämningar
577 293 38 21 och
631 294 32 19 att
678 292 81 22 således
775 299 25 14 en
816 293 89 26 ändring

84 320 23 22 af
121 321 27 21 20
163 320 15 28 8
192 320 7 21 i
215 321 137 21 konformitet
371 321 48 21 med
434 320 129 28 kyrkolagen
578 320 119 26 medgifvits
713 326 50 16 vara
778 321 126 27 nödvändig.

85 349 41 21 Det
141 350 39 20 har
194 350 65 20 redan
275 350 23 20 af
312 350 84 21 ståndet
410 349 125 27 medgifvits,
551 351 32 20 att
599 350 40 20 247
656 350 11 26 $
683 349 60 21 äfven
759 349 38 22 har
813 350 40 20 den
869 350 36 21 be-

84 378 82 27 tydelse
188 378 47 21 med
258 378 99 21 afseende
379 378 13 21 å
414 378 5 21 i
445 378 152 27 frågavarande
619 378 86 27 förslag,
725 380 34 19 att
780 378 125 27 reglerings-

84 406 142 22 komitéernas
241 406 127 28 befogenhet
383 407 67 21 måste
465 407 124 21 inskränkas
605 406 85 27 derhän,
707 409 32 19 att
754 407 26 21 de
793 407 68 21 skulle
873 409 32 19 ut-

83 437 53 26 göra
157 436 154 21 förberedande
326 436 105 21 instanser
445 437 65 19 innan
525 436 117 27 Kejserliga
660 438 98 19 'senatens
774 436 109 21 utlåtande
897 436 8 21 i

83 464 60 27 fråga
158 464 102 25 kommer,
276 465 85 21 hvarför
371 465 64 21 också
447 465 64 21 sådan
523 465 122 21 redaktions
655 465 122 27 förändring
788 465 7 21 i
806 465 98 21 afseende

84 494 13 21 å
111 493 127 28 föregående
253 493 123 27 paragrafer
391 494 38 21 har
444 493 69 22 blifvit
523 494 98 27 iaktagen
634 494 39 21 och
685 493 60 22 äfven
756 500 29 15 nu
796 494 21 21 af
828 494 77 21 doktor

84 522 114 27 Hornborg
221 523 47 21 med
290 523 100 21 afseende
411 523 12 20 å
442 523 7 21 i
464 522 152 27 frägavarande
632 523 26 20 17
674 522 11 28 $
701 524 24 20 är
739 522 117 27 föreslagen
872 523 32 21 till

84 551 96 22 ståndets
195 551 124 27 antagande.
349 551 42 27 Jag
405 551 36 22 vill
457 551 54 22 dock
526 553 56 20 sätta
597 551 6 21 i
619 551 65 26 fråga,
695 551 104 22 huruvida
809 557 37 16 ens
857 552 47 21 med

84 580 41 21 den
140 580 121 21 redaktions
276 580 129 26 förändring,
420 586 50 15 man
485 580 38 21 har
538 580 40 21 fått
593 580 6 21 i
614 579 153 27 frågavarande
783 580 78 26 förslag
871 580 33 21 till

83 608 139 21 konformitet
244 609 47 20 med
314 609 141 26 kyrkolagens
470 608 163 27 bestämningar.
664 609 11 25 $
691 609 41 21 318
747 608 6 21 i
769 609 25 20 K.
811 608 30 25 L.,
859 615 44 14 som

84 637 90 21 handlar
196 643 33 15 om
252 637 25 22 de
293 637 149 26 institutioner,
459 637 70 21 hvilka
544 637 23 21 af
580 637 156 27 kyskostämma
752 637 62 21 hafva
829 637 6 21 i
851 643 50 21 upp-

84 666 52 26 drag
152 667 32 19 att
199 665 112 22 förbereda
327 666 26 21 de
369 665 98 26 ärenden,
483 672 44 15 som
542 666 131 21 förekomma
688 665 32 22 till
735 665 168 28 kyrkostämmas

84 694 134 27 behandling,
233 694 119 22 innehåller
367 695 110 26 nemligen,
493 697 32 19 att
539 695 129 27 kyrkorådet
683 696 23 19 är
722 695 39 20 den
777 695 126 25 institution,

84 729 44 15 som
151 723 55 21 skall
227 723 112 22 förbereda
359 723 98 24 ärenden,
473 723 26 21 då
514 723 74 27 frågan
603 725 35 19 rör
654 723 250 22 kristendomsundervis-

84 752 76 26 ningen
177 751 38 22 och
232 753 35 20 det
282 752 96 27 kristliga
393 752 58 21 lifvet
467 753 6 20 i
489 752 155 27 församlingen,
660 759 47 14 men
723 755 31 18 att
769 752 134 27 kyrkostäm-

84 787 48 14 man
148 787 54 20 eger,
216 787 33 14 om
261 782 40 20 den
311 781 68 21 finner
389 781 75 21 sådant
475 781 95 27 lämpligt
581 781 37 21 och
630 781 133 26 nödvändigt,
776 783 46 18 utse
833 781 70 21 dertill

84 809 99 27 lämpliga
199 815 106 21 personer,
319 809 72 22 hvilka
405 809 6 21 i
427 810 66 21 andra
508 809 91 22 ärenden
612 809 111 21 förbereda
733 809 26 22 de
770 809 76 26 frågor,
859 815 44 16 som

82 838 132 21 förekomma
230 839 32 20 vid
279 839 159 25 kyrkostämma
453 839 50 20 eller
520 839 68 20 såsom
603 838 65 21 orden
680 838 56 26 lyda:
757 854 5 9 ,
763 839 60 23 eller
833 839 40 20 ock
883 838 22 21 af

84 867 66 21 andra
166 867 70 21 dertill
251 867 91 21 utsedda
357 873 105 20 personer,
479 866 26 21 då
520 867 179 26 kyrkostämman,
714 867 48 21 med
777 866 99 22 afseende
891 866 13 21 å

84 897 98 19 ärendets
198 895 145 21 beskaffenhet
358 895 50 21 eller
424 896 66 20 andra
505 895 152 24 förhållanden,
673 895 66 20 finner
752 895 75 21 sådant
838 895 65 26 lämp-

83 923 39 28 ligt
137 923 51 22 eller
203 924 93 26 nödigt.*
322 923 50 22 Man
388 924 38 20 har
441 924 56 21 velat
511 924 78 21 insätta
602 923 247 27 regleringskomitéerna
860 924 5 20 i
877 929 26 15 en

84 953 64 20 sädan
172 952 97 21 funktion
292 954 32 19 att
347 952 111 21 förbereda
481 952 72 26 frägor
573 958 33 15 om
622 951 161 27 lönereglering,
798 952 64 21 innan
878 951 25 22 de

84 981 131 21 förekomma
229 981 33 21 vid
279 981 166 26 kyrkostämma.
475 981 134 26 Kyrkolagen
625 983 34 18 vet
675 980 17 27 ej
709 980 22 21 af
745 987 25 14 en
786 980 65 21 sädan
869 980 34 21 be-

83 1010 111 26 stämning.
224 1009 135 27 Kyrkolagen
383 1010 92 26 stadgar,
498 1009 69 22 säsom
588 1009 20 21 vi
627 1009 58 26 höra,
701 1011 32 19 att
749 1009 35 21 det
799 1009 62 21 beror
876 1009 28 26 pä

84 1038 159 27 kyrkostämma
264 1041 31 18 att
316 1041 46 18 utse
379 1039 24 20 de
419 1044 107 21 personer,
542 1038 70 21 hvilka
627 1038 6 20 i
649 1037 162 27 ifrägavarande
826 1037 77 22 ärende

84 1067 60 21 skola
159 1067 112 21 förbereda
285 1067 80 27 frägan.
394 1067 41 26 Jag
450 1067 38 20 har
503 1067 81 21 säledes
599 1066 19 27 ej
629 1067 81 20 kunnat
720 1068 70 23 annat,
801 1068 26 19 än
839 1066 64 21 blifva

84 1096 68 26 styrkt
167 1097 7 20 i
189 1097 43 20 min
255 1095 138 28 öfvertygelse
417 1096 78 23 derom,
517 1098 31 19 att
566 1095 256 26 löneregleringskomiten
838 1097 25 18 är
877 1101 26 14 en

83 1125 33 21 för
138 1124 38 21 vär
196 1124 99 28 gällande
315 1125 102 26 kyrkolag
439 1124 130 21 främmande
587 1123 119 22 institution
727 1123 39 22 och
782 1126 33 19 att
829 1123 75 27 frägan

84 1161 34 13 om
142 1153 46 21 dess
203 1153 109 22 införande
328 1154 6 20 i
350 1154 47 20 värt
412 1153 49 20 land
477 1153 45 21 icke
538 1153 40 20 kan
595 1153 36 20 ske
647 1152 27 26 pä
689 1159 68 14 annan
773 1154 46 25 väg,
835 1153 26 20 än
876 1152 28 26 pä

84 1183 39 20 den
146 1185 46 23 väg,
214 1188 44 15 som
281 1182 41 21 455
345 1184 10 22 $
376 1182 6 21 i
400 1182 25 21 K.
445 1182 24 21 L.
491 1182 91 26 stadgar,
602 1181 103 26 nemligen
725 1181 127 27 derigenom,
871 1182 32 19 att

83 1211 136 27 kyrkomötet
240 1211 63 20 höres
318 1211 6 20 i
339 1211 80 25 frägan.
449 1210 42 21 Det
514 1211 29 25 är,
565 1210 69 21 säsom
650 1210 65 21 redan
730 1209 24 21 af
767 1210 136 26 domprosten

83 1240 57 26 Borg
155 1240 127 26 päpekades,
299 1245 25 15 en
340 1240 37 20 vär
391 1239 104 27 kyrkolag
510 1238 157 28 genomgäende
682 1238 87 27 princip,
782 1241 33 18 att
825 1238 78 27 kyrko-

84 1270 104 19 stämman
210 1270 23 19 är
256 1267 39 22 den
310 1268 68 21 första
393 1269 86 24 instans,
495 1274 44 14 som
555 1267 62 21 berör
632 1267 159 26 ifrägavarande
807 1266 96 27 kyrkliga

84 1297 182 26 angelägenheter,
289 1297 39 20 och
351 1296 160 21 förhällandena
525 1297 7 19 i
547 1297 46 20 värt
612 1296 50 20 land
681 1296 62 20 hafva
759 1295 74 21 hittills
849 1295 54 21 varit

84 1326 86 24 sådana,
195 1328 31 18 att
252 1325 180 26 löneregleringen
456 1325 81 21 kunnat
561 1324 156 21 åstadkommas
742 1330 75 21 genom
844 1323 60 22 dom-

84 1354 106 28 kapitlens
199 1354 38 22 och
247 1354 185 26 församlingarnas
441 1359 155 21 gemensamma
607 1353 138 26 bemödande,
757 1352 39 22 och
807 1355 44 19 tror
861 1352 42 27 jag,

84 1386 32 18 att
138 1384 26 20 de
187 1384 70 20 kunna
278 1383 159 21 ästadkommas
459 1383 59 21 äfven
539 1382 118 24 framdeles,
673 1382 127 21 ätminstone
816 1381 31 21 till
863 1382 40 20 den

84 1412 36 25 tid,
136 1412 28 20 dä
178 1411 136 27 kyrkomötet
329 1411 75 21 hinner
419 1411 76 27 afgifva
511 1413 31 19 ett
556 1411 98 27 yttrande
670 1411 7 20 i
688 1410 161 26 ifrägavarande
860 1410 43 26 lag-

84 1440 130 26 förändring.

152 1496 89 21 Prosten
264 1496 163 25 Rosengren:
453 1495 40 21 Det
515 1495 39 21 har
576 1494 39 21 här
636 1494 67 21 blifvit
722 1494 133 26 ädagalagdt,
871 1495 32 19 att

84 1524 162 23 bestämmelsen
262 1530 34 15 om
312 1524 61 21 dessa
388 1524 219 26 regleringskomit&er
621 1523 46 21 står
681 1523 6 21 i
703 1522 53 22 strid
768 1522 47 22 med
826 1522 76 28 kyrko-
