<?xml version="1.0" encoding="UTF-8"?>
<alto xmlns="http://www.loc.gov/standards/alto/ns-v3#" xmlns:xlink="http://www.w3.org/1999/xlink" xmlns:xsi="http://www.w3.org/2001/XMLSchema-instance" xsi:schemaLocation="http://www.loc.gov/standards/alto/ns-v3# http://www.loc.gov/alto/v3/alto-3-0.xsd">
	<Description>
		<MeasurementUnit>pixel</MeasurementUnit>
		<sourceImageInformation>
			<fileName>/tmp/tess_a7zc80nt_input.PNG</fileName>
		</sourceImageInformation>
		<OCRProcessing ID="OCR_0">
			<ocrProcessingStep>
				<processingSoftware>
					<softwareName>tesseract 5.3.4</softwareName>
				</processingSoftware>
			</ocrProcessingStep>
		</OCRProcessing>
	</Description>
	<Layout>
		<Page WIDTH="1086" HEIGHT="1823" PHYSICAL_IMG_NR="0" ID="page_0">
			<PrintSpace HPOS="0" VPOS="0" WIDTH="1086" HEIGHT="1823">
				<ComposedBlock ID="cblock_0" HPOS="309" VPOS="124" WIDTH="567" HEIGHT="22">
					<TextBlock ID="block_0" HPOS="309" VPOS="124" WIDTH="567" HEIGHT="22">
						<TextLine ID="line_0" HPOS="309" VPOS="124" WIDTH="567" HEIGHT="22">
							<String ID="string_0" HPOS="309" VPOS="128" WIDTH="159" HEIGHT="18" WC="0.92" CONTENT="Presteständet"/><SP WIDTH="14" VPOS="128" HPOS="468"/>
							<String ID="string_1" HPOS="482" VPOS="130" WIDTH="54" HEIGHT="16" WC="0.96" CONTENT="1877."/><SP WIDTH="29" VPOS="130" HPOS="536"/>
							<String ID="string_2" HPOS="565" VPOS="130" WIDTH="22" HEIGHT="16" WC="0.96" CONTENT="13"/><SP WIDTH="12" VPOS="130" HPOS="587"/>
							<String ID="string_3" HPOS="599" VPOS="130" WIDTH="92" HEIGHT="16" WC="0.95" CONTENT="oktober."/><SP WIDTH="132" VPOS="130" HPOS="691"/>
							<String ID="string_4" HPOS="823" VPOS="124" WIDTH="53" HEIGHT="21" WC="0.96" CONTENT="1389"/>
						</TextLine>
					</TextBlock>
				</ComposedBlock>
				<GraphicalElement ID="cblock_1" HPOS="84" VPOS="156" WIDTH="821" HEIGHT="6"></GraphicalElement >
				<ComposedBlock ID="cblock_2" HPOS="81" VPOS="196" WIDTH="853" HEIGHT="1168">
					<TextBlock ID="block_1" HPOS="81" VPOS="196" WIDTH="853" HEIGHT="1168">
						<TextLine ID="line_1" HPOS="154" VPOS="196" WIDTH="753" HEIGHT="28">
							<String ID="string_5" HPOS="154" VPOS="197" WIDTH="111" HEIGHT="21" WC="0.96" CONTENT="Professor"/><SP WIDTH="22" VPOS="197" HPOS="265"/>
							<String ID="string_6" HPOS="287" VPOS="196" WIDTH="99" HEIGHT="22" WC="0.96" CONTENT="Cleve:"/><SP WIDTH="30" VPOS="196" HPOS="386"/>
							<String ID="string_7" HPOS="416" VPOS="197" WIDTH="40" HEIGHT="27" WC="0.93" CONTENT="Jag"/><SP WIDTH="22" VPOS="197" HPOS="456"/>
							<String ID="string_8" HPOS="478" VPOS="197" WIDTH="70" HEIGHT="21" WC="0.88" CONTENT="anhöll"/><SP WIDTH="21" VPOS="197" HPOS="548"/>
							<String ID="string_9" HPOS="569" VPOS="204" WIDTH="33" HEIGHT="15" WC="0.90" CONTENT="om"/><SP WIDTH="16" VPOS="204" HPOS="602"/>
							<String ID="string_10" HPOS="618" VPOS="198" WIDTH="62" HEIGHT="20" WC="0.90" CONTENT="ordet"/><SP WIDTH="15" VPOS="198" HPOS="680"/>
							<String ID="string_11" HPOS="695" VPOS="197" WIDTH="47" HEIGHT="21" WC="0.93" CONTENT="med"/><SP WIDTH="15" VPOS="197" HPOS="742"/>
							<String ID="string_12" HPOS="757" VPOS="198" WIDTH="114" HEIGHT="26" WC="0.92" CONTENT="anledning"/><SP WIDTH="14" VPOS="198" HPOS="871"/>
							<String ID="string_13" HPOS="885" VPOS="197" WIDTH="22" HEIGHT="21" WC="0.96" CONTENT="af"/>
						</TextLine>
						<TextLine ID="line_2" HPOS="87" VPOS="225" WIDTH="818" HEIGHT="27">
							<String ID="string_14" HPOS="87" VPOS="226" WIDTH="76" HEIGHT="22" WC="0.90" CONTENT="doktor"/><SP WIDTH="23" VPOS="226" HPOS="163"/>
							<String ID="string_15" HPOS="186" VPOS="225" WIDTH="124" HEIGHT="26" WC="0.90" CONTENT="Hornborgs"/><SP WIDTH="22" VPOS="225" HPOS="310"/>
							<String ID="string_16" HPOS="332" VPOS="225" WIDTH="138" HEIGHT="27" WC="0.96" CONTENT="anmärkning"/><SP WIDTH="23" VPOS="225" HPOS="470"/>
							<String ID="string_17" HPOS="493" VPOS="226" WIDTH="70" HEIGHT="21" WC="0.96" CONTENT="derom"/><SP WIDTH="24" VPOS="226" HPOS="563"/>
							<String ID="string_18" HPOS="587" VPOS="228" WIDTH="32" HEIGHT="18" WC="0.91" CONTENT="att"/><SP WIDTH="23" VPOS="228" HPOS="619"/>
							<String ID="string_19" HPOS="642" VPOS="226" WIDTH="65" HEIGHT="20" WC="0.95" CONTENT="orden"/><SP WIDTH="24" VPOS="226" HPOS="707"/>
							<String ID="string_20" HPOS="731" VPOS="225" WIDTH="66" HEIGHT="25" WC="0.87" CONTENT=",hvar"/><SP WIDTH="16" VPOS="225" HPOS="797"/>
							<String ID="string_21" HPOS="813" VPOS="226" WIDTH="32" HEIGHT="20" WC="0.92" CONTENT="för"/><SP WIDTH="16" VPOS="226" HPOS="845"/>
							<String ID="string_22" HPOS="861" VPOS="226" WIDTH="44" HEIGHT="26" WC="0.34" CONTENT="sig&quot;"/>
						</TextLine>
						<TextLine ID="line_3" HPOS="86" VPOS="253" WIDTH="820" HEIGHT="27">
							<String ID="string_23" HPOS="86" VPOS="254" WIDTH="69" HEIGHT="21" WC="0.93" CONTENT="skulle"/><SP WIDTH="21" VPOS="254" HPOS="155"/>
							<String ID="string_24" HPOS="176" VPOS="253" WIDTH="101" HEIGHT="21" WC="0.89" CONTENT="innebära"/><SP WIDTH="23" VPOS="253" HPOS="277"/>
							<String ID="string_25" HPOS="300" VPOS="260" WIDTH="25" HEIGHT="14" WC="0.90" CONTENT="en"/><SP WIDTH="23" VPOS="260" HPOS="325"/>
							<String ID="string_26" HPOS="348" VPOS="254" WIDTH="136" HEIGHT="26" WC="0.90" CONTENT="tvetydighet."/><SP WIDTH="29" VPOS="254" HPOS="484"/>
							<String ID="string_27" HPOS="513" VPOS="254" WIDTH="64" HEIGHT="26" WC="0.95" CONTENT="Ingen"/><SP WIDTH="23" VPOS="254" HPOS="577"/>
							<String ID="string_28" HPOS="600" VPOS="254" WIDTH="24" HEIGHT="21" WC="0.93" CONTENT="af"/><SP WIDTH="12" VPOS="254" HPOS="624"/>
							<String ID="string_29" HPOS="636" VPOS="253" WIDTH="110" HEIGHT="27" WC="0.92" CONTENT="utskottet,"/><SP WIDTH="16" VPOS="253" HPOS="746"/>
							<String ID="string_30" HPOS="762" VPOS="254" WIDTH="83" HEIGHT="21" WC="0.93" CONTENT="säledes"/><SP WIDTH="15" VPOS="254" HPOS="845"/>
							<String ID="string_31" HPOS="860" VPOS="253" WIDTH="46" HEIGHT="21" WC="0.92" CONTENT="icke"/>
						</TextLine>
						<TextLine ID="line_4" HPOS="86" VPOS="282" WIDTH="821" HEIGHT="26">
							<String ID="string_32" HPOS="86" VPOS="282" WIDTH="67" HEIGHT="22" WC="0.95" CONTENT="heller"/><SP WIDTH="12" VPOS="282" HPOS="153"/>
							<String ID="string_33" HPOS="165" VPOS="282" WIDTH="43" HEIGHT="26" WC="0.96" CONTENT="jag,"/><SP WIDTH="17" VPOS="282" HPOS="208"/>
							<String ID="string_34" HPOS="225" VPOS="282" WIDTH="38" HEIGHT="20" WC="0.96" CONTENT="har"/><SP WIDTH="15" VPOS="282" HPOS="263"/>
							<String ID="string_35" HPOS="278" VPOS="282" WIDTH="88" HEIGHT="21" WC="0.96" CONTENT="kommit"/><SP WIDTH="16" VPOS="282" HPOS="366"/>
							<String ID="string_36" HPOS="382" VPOS="282" WIDTH="26" HEIGHT="26" WC="0.96" CONTENT="pä"/><SP WIDTH="15" VPOS="282" HPOS="408"/>
							<String ID="string_37" HPOS="423" VPOS="288" WIDTH="25" HEIGHT="15" WC="0.93" CONTENT="en"/><SP WIDTH="16" VPOS="288" HPOS="448"/>
							<String ID="string_38" HPOS="464" VPOS="282" WIDTH="65" HEIGHT="21" WC="0.91" CONTENT="sädan"/><SP WIDTH="12" VPOS="282" HPOS="529"/>
							<String ID="string_39" HPOS="541" VPOS="282" WIDTH="117" HEIGHT="25" WC="0.93" CONTENT="förmodan,"/><SP WIDTH="10" VPOS="282" HPOS="658"/>
							<String ID="string_40" HPOS="668" VPOS="284" WIDTH="32" HEIGHT="18" WC="0.93" CONTENT="att"/><SP WIDTH="13" VPOS="284" HPOS="700"/>
							<String ID="string_41" HPOS="713" VPOS="282" WIDTH="46" HEIGHT="21" WC="0.92" CONTENT="häri"/><SP WIDTH="12" VPOS="282" HPOS="759"/>
							<String ID="string_42" HPOS="771" VPOS="282" WIDTH="68" HEIGHT="21" WC="0.93" CONTENT="skulle"/><SP WIDTH="12" VPOS="282" HPOS="839"/>
							<String ID="string_43" HPOS="851" VPOS="282" WIDTH="56" HEIGHT="26" WC="0.90" CONTENT="ligga"/>
						</TextLine>
						<TextLine ID="line_5" HPOS="86" VPOS="310" WIDTH="848" HEIGHT="29">
							<String ID="string_44" HPOS="86" VPOS="316" WIDTH="26" HEIGHT="16" WC="0.92" CONTENT="en"/><SP WIDTH="23" VPOS="316" HPOS="112"/>
							<String ID="string_45" HPOS="135" VPOS="310" WIDTH="137" HEIGHT="27" WC="0.96" CONTENT="tvetydighet,"/><SP WIDTH="23" VPOS="310" HPOS="272"/>
							<String ID="string_46" HPOS="295" VPOS="312" WIDTH="22" HEIGHT="25" WC="0.96" CONTENT="ty"/><SP WIDTH="22" VPOS="312" HPOS="317"/>
							<String ID="string_47" HPOS="339" VPOS="310" WIDTH="75" HEIGHT="27" WC="0.96" CONTENT="tydligt"/><SP WIDTH="15" VPOS="310" HPOS="414"/>
							<String ID="string_48" HPOS="429" VPOS="312" WIDTH="23" HEIGHT="19" WC="0.96" CONTENT="är"/><SP WIDTH="15" VPOS="312" HPOS="452"/>
							<String ID="string_49" HPOS="467" VPOS="312" WIDTH="32" HEIGHT="19" WC="0.96" CONTENT="att"/><SP WIDTH="15" VPOS="312" HPOS="499"/>
							<String ID="string_50" HPOS="514" VPOS="311" WIDTH="61" HEIGHT="21" WC="0.96" CONTENT="dessa"/><SP WIDTH="15" VPOS="311" HPOS="575"/>
							<String ID="string_51" HPOS="590" VPOS="310" WIDTH="26" HEIGHT="21" WC="0.96" CONTENT="de"/><SP WIDTH="15" VPOS="310" HPOS="616"/>
							<String ID="string_52" HPOS="631" VPOS="312" WIDTH="33" HEIGHT="19" WC="0.97" CONTENT="tre"/><SP WIDTH="16" VPOS="312" HPOS="664"/>
							<String ID="string_53" HPOS="680" VPOS="310" WIDTH="37" HEIGHT="20" WC="0.93" CONTENT="ord"/><SP WIDTH="16" VPOS="310" HPOS="717"/>
							<String ID="string_54" HPOS="733" VPOS="310" WIDTH="66" HEIGHT="25" WC="0.65" CONTENT=",hvar"/><SP WIDTH="15" VPOS="310" HPOS="799"/>
							<String ID="string_55" HPOS="814" VPOS="310" WIDTH="31" HEIGHT="20" WC="0.91" CONTENT="för"/><SP WIDTH="16" VPOS="310" HPOS="845"/>
							<String ID="string_56" HPOS="861" VPOS="310" WIDTH="44" HEIGHT="26" WC="0.51" CONTENT="sig&quot;"/>
						</TextLine>
						<TextLine ID="line_6" HPOS="85" VPOS="338" WIDTH="821" HEIGHT="27">
							<String ID="string_57" HPOS="85" VPOS="338" WIDTH="88" HEIGHT="22" WC="0.96" CONTENT="hänföra"/><SP WIDTH="22" VPOS="338" HPOS="173"/>
							<String ID="string_58" HPOS="195" VPOS="338" WIDTH="32" HEIGHT="27" WC="0.92" CONTENT="sig"/><SP WIDTH="23" VPOS="338" HPOS="227"/>
							<String ID="string_59" HPOS="250" VPOS="338" WIDTH="12" HEIGHT="21" WC="0.86" CONTENT="å"/><SP WIDTH="20" VPOS="338" HPOS="262"/>
							<String ID="string_60" HPOS="282" VPOS="345" WIDTH="39" HEIGHT="15" WC="0.96" CONTENT="ena"/><SP WIDTH="18" VPOS="345" HPOS="321"/>
							<String ID="string_61" HPOS="339" VPOS="339" WIDTH="60" HEIGHT="21" WC="0.96" CONTENT="sidan"/><SP WIDTH="15" VPOS="339" HPOS="399"/>
							<String ID="string_62" HPOS="414" VPOS="338" WIDTH="31" HEIGHT="21" WC="0.96" CONTENT="till"/><SP WIDTH="15" VPOS="338" HPOS="445"/>
							<String ID="string_63" HPOS="460" VPOS="338" WIDTH="21" HEIGHT="21" WC="0.96" CONTENT="in"/><SP WIDTH="15" VPOS="338" HPOS="481"/>
							<String ID="string_64" HPOS="496" VPOS="341" WIDTH="76" HEIGHT="19" WC="0.93" CONTENT="natura"/><SP WIDTH="15" VPOS="341" HPOS="572"/>
							<String ID="string_65" HPOS="587" VPOS="338" WIDTH="151" HEIGHT="27" WC="0.95" CONTENT="prestationen,"/><SP WIDTH="17" VPOS="338" HPOS="738"/>
							<String ID="string_66" HPOS="755" VPOS="338" WIDTH="34" HEIGHT="21" WC="0.96" CONTENT="det"/><SP WIDTH="16" VPOS="338" HPOS="789"/>
							<String ID="string_67" HPOS="805" VPOS="338" WIDTH="35" HEIGHT="21" WC="0.93" CONTENT="vill"/><SP WIDTH="15" VPOS="338" HPOS="840"/>
							<String ID="string_68" HPOS="855" VPOS="340" WIDTH="51" HEIGHT="24" WC="0.96" CONTENT="säga"/>
						</TextLine>
						<TextLine ID="line_7" HPOS="84" VPOS="366" WIDTH="822" HEIGHT="28">
							<String ID="string_69" HPOS="84" VPOS="366" WIDTH="196" HEIGHT="28" WC="0.92" CONTENT="skjutshällningen,"/><SP WIDTH="17" VPOS="366" HPOS="280"/>
							<String ID="string_70" HPOS="297" VPOS="367" WIDTH="38" HEIGHT="21" WC="0.93" CONTENT="och"/><SP WIDTH="16" VPOS="367" HPOS="335"/>
							<String ID="string_71" HPOS="351" VPOS="368" WIDTH="12" HEIGHT="20" WC="0.93" CONTENT="&amp;"/><SP WIDTH="15" VPOS="368" HPOS="363"/>
							<String ID="string_72" HPOS="378" VPOS="367" WIDTH="40" HEIGHT="21" WC="0.96" CONTENT="den"/><SP WIDTH="16" VPOS="367" HPOS="418"/>
							<String ID="string_73" HPOS="434" VPOS="366" WIDTH="66" HEIGHT="22" WC="0.95" CONTENT="andra"/><SP WIDTH="15" VPOS="366" HPOS="500"/>
							<String ID="string_74" HPOS="515" VPOS="367" WIDTH="30" HEIGHT="21" WC="0.93" CONTENT="till"/><SP WIDTH="16" VPOS="367" HPOS="545"/>
							<String ID="string_75" HPOS="561" VPOS="367" WIDTH="149" HEIGHT="27" WC="0.92" CONTENT="penningarna."/><SP WIDTH="24" VPOS="367" HPOS="710"/>
							<String ID="string_76" HPOS="734" VPOS="367" WIDTH="41" HEIGHT="21" WC="0.96" CONTENT="Det"/><SP WIDTH="16" VPOS="367" HPOS="775"/>
							<String ID="string_77" HPOS="791" VPOS="369" WIDTH="23" HEIGHT="19" WC="0.92" CONTENT="är"/><SP WIDTH="10" VPOS="369" HPOS="814"/>
							<String ID="string_78" HPOS="824" VPOS="366" WIDTH="82" HEIGHT="22" WC="0.96" CONTENT="således"/>
						</TextLine>
						<TextLine ID="line_8" HPOS="84" VPOS="395" WIDTH="822" HEIGHT="27">
							<String ID="string_79" HPOS="84" VPOS="395" WIDTH="77" HEIGHT="27" WC="0.96" CONTENT="tydligt"/><SP WIDTH="15" VPOS="395" HPOS="161"/>
							<String ID="string_80" HPOS="176" VPOS="397" WIDTH="32" HEIGHT="19" WC="0.93" CONTENT="att"/><SP WIDTH="15" VPOS="397" HPOS="208"/>
							<String ID="string_81" HPOS="223" VPOS="396" WIDTH="126" HEIGHT="26" WC="0.92" CONTENT="stadgandet"/><SP WIDTH="13" VPOS="396" HPOS="349"/>
							<String ID="string_82" HPOS="362" VPOS="395" WIDTH="89" HEIGHT="21" WC="0.96" CONTENT="innebär"/><SP WIDTH="15" VPOS="395" HPOS="451"/>
							<String ID="string_83" HPOS="466" VPOS="398" WIDTH="38" HEIGHT="22" WC="0.93" CONTENT="att,"/><SP WIDTH="15" VPOS="398" HPOS="504"/>
							<String ID="string_84" HPOS="519" VPOS="395" WIDTH="44" HEIGHT="21" WC="0.96" CONTENT="ifall"/><SP WIDTH="16" VPOS="395" HPOS="563"/>
							<String ID="string_85" HPOS="579" VPOS="396" WIDTH="139" HEIGHT="25" WC="0.84" CONTENT="entreprenad."/><SP WIDTH="15" VPOS="396" HPOS="718"/>
							<String ID="string_86" HPOS="733" VPOS="395" WIDTH="77" HEIGHT="21" WC="0.77" CONTENT="ioföres"/><SP WIDTH="16" VPOS="395" HPOS="810"/>
							<String ID="string_87" HPOS="826" VPOS="395" WIDTH="27" HEIGHT="26" WC="0.96" CONTENT="pä"/><SP WIDTH="10" VPOS="395" HPOS="853"/>
							<String ID="string_88" HPOS="863" VPOS="395" WIDTH="43" HEIGHT="21" WC="0.96" CONTENT="alla"/>
						</TextLine>
						<TextLine ID="line_9" HPOS="84" VPOS="423" WIDTH="821" HEIGHT="28">
							<String ID="string_89" HPOS="84" VPOS="423" WIDTH="146" HEIGHT="28" WC="0.90" CONTENT="gästgifverier"/><SP WIDTH="15" VPOS="423" HPOS="230"/>
							<String ID="string_90" HPOS="245" VPOS="427" WIDTH="58" HEIGHT="18" WC="0.93" CONTENT="utom"/><SP WIDTH="16" VPOS="427" HPOS="303"/>
							<String ID="string_91" HPOS="319" VPOS="426" WIDTH="37" HEIGHT="24" WC="0.96" CONTENT="ett,"/><SP WIDTH="16" VPOS="426" HPOS="356"/>
							<String ID="string_92" HPOS="372" VPOS="424" WIDTH="24" HEIGHT="20" WC="0.96" CONTENT="sä"/><SP WIDTH="14" VPOS="424" HPOS="396"/>
							<String ID="string_93" HPOS="410" VPOS="423" WIDTH="53" HEIGHT="21" WC="0.96" CONTENT="skall"/><SP WIDTH="16" VPOS="423" HPOS="463"/>
							<String ID="string_94" HPOS="479" VPOS="424" WIDTH="40" HEIGHT="20" WC="0.93" CONTENT="den"/><SP WIDTH="15" VPOS="424" HPOS="519"/>
							<String ID="string_95" HPOS="534" VPOS="423" WIDTH="174" HEIGHT="27" WC="0.92" CONTENT="penningeutgift,"/><SP WIDTH="15" VPOS="423" HPOS="708"/>
							<String ID="string_96" HPOS="723" VPOS="430" WIDTH="44" HEIGHT="14" WC="0.93" CONTENT="som"/><SP WIDTH="17" VPOS="430" HPOS="767"/>
							<String ID="string_97" HPOS="784" VPOS="423" WIDTH="121" HEIGHT="27" WC="0.91" CONTENT="härigenom"/>
						</TextLine>
						<TextLine ID="line_10" HPOS="86" VPOS="451" WIDTH="821" HEIGHT="28">
							<String ID="string_98" HPOS="86" VPOS="452" WIDTH="125" HEIGHT="27" WC="0.91" CONTENT="skjutslaget"/><SP WIDTH="22" VPOS="452" HPOS="211"/>
							<String ID="string_99" HPOS="233" VPOS="452" WIDTH="102" HEIGHT="27" WC="0.91" CONTENT="äsamkas,"/><SP WIDTH="24" VPOS="452" HPOS="335"/>
							<String ID="string_100" HPOS="359" VPOS="452" WIDTH="91" HEIGHT="21" WC="0.92" CONTENT="fördelas"/><SP WIDTH="22" VPOS="452" HPOS="450"/>
							<String ID="string_101" HPOS="472" VPOS="452" WIDTH="42" HEIGHT="21" WC="0.96" CONTENT="lika"/><SP WIDTH="21" VPOS="452" HPOS="514"/>
							<String ID="string_102" HPOS="535" VPOS="452" WIDTH="26" HEIGHT="27" WC="0.96" CONTENT="pä"/><SP WIDTH="21" VPOS="452" HPOS="561"/>
							<String ID="string_103" HPOS="582" VPOS="452" WIDTH="48" HEIGHT="25" WC="0.96" CONTENT="alla,"/><SP WIDTH="22" VPOS="452" HPOS="630"/>
							<String ID="string_104" HPOS="652" VPOS="458" WIDTH="45" HEIGHT="15" WC="0.93" CONTENT="som"/><SP WIDTH="19" VPOS="458" HPOS="697"/>
							<String ID="string_105" HPOS="716" VPOS="454" WIDTH="36" HEIGHT="19" WC="0.92" CONTENT="äro"/><SP WIDTH="16" VPOS="454" HPOS="752"/>
							<String ID="string_106" HPOS="768" VPOS="451" WIDTH="139" HEIGHT="27" WC="0.91" CONTENT="skjutsnings-"/>
						</TextLine>
						<TextLine ID="line_11" HPOS="83" VPOS="480" WIDTH="824" HEIGHT="27">
							<String ID="string_107" HPOS="83" VPOS="481" WIDTH="96" HEIGHT="26" WC="0.92" CONTENT="skyldige"/><SP WIDTH="20" VPOS="481" HPOS="179"/>
							<String ID="string_108" HPOS="199" VPOS="481" WIDTH="56" HEIGHT="21" WC="0.93" CONTENT="inom"/><SP WIDTH="16" VPOS="481" HPOS="255"/>
							<String ID="string_109" HPOS="271" VPOS="481" WIDTH="62" HEIGHT="26" WC="0.90" CONTENT="laget,"/><SP WIDTH="16" VPOS="481" HPOS="333"/>
							<String ID="string_110" HPOS="349" VPOS="487" WIDTH="47" HEIGHT="14" WC="0.96" CONTENT="men"/><SP WIDTH="16" VPOS="487" HPOS="396"/>
							<String ID="string_111" HPOS="412" VPOS="482" WIDTH="31" HEIGHT="19" WC="0.93" CONTENT="att"/><SP WIDTH="15" VPOS="482" HPOS="443"/>
							<String ID="string_112" HPOS="458" VPOS="481" WIDTH="67" HEIGHT="20" WC="0.92" CONTENT="likasä"/><SP WIDTH="15" VPOS="481" HPOS="525"/>
							<String ID="string_113" HPOS="540" VPOS="481" WIDTH="39" HEIGHT="21" WC="0.93" CONTENT="den"/><SP WIDTH="16" VPOS="481" HPOS="579"/>
							<String ID="string_114" HPOS="595" VPOS="480" WIDTH="124" HEIGHT="27" WC="0.92" CONTENT="skjutsning,"/><SP WIDTH="16" VPOS="480" HPOS="719"/>
							<String ID="string_115" HPOS="735" VPOS="487" WIDTH="44" HEIGHT="14" WC="0.96" CONTENT="som"/><SP WIDTH="16" VPOS="487" HPOS="779"/>
							<String ID="string_116" HPOS="795" VPOS="480" WIDTH="21" HEIGHT="21" WC="0.96" CONTENT="in"/><SP WIDTH="15" VPOS="480" HPOS="816"/>
							<String ID="string_117" HPOS="831" VPOS="482" WIDTH="76" HEIGHT="20" WC="0.96" CONTENT="natura"/>
						</TextLine>
						<TextLine ID="line_12" HPOS="84" VPOS="508" WIDTH="823" HEIGHT="28">
							<String ID="string_118" HPOS="84" VPOS="510" WIDTH="27" HEIGHT="25" WC="0.95" CONTENT="pä"/><SP WIDTH="24" VPOS="510" HPOS="111"/>
							<String ID="string_119" HPOS="135" VPOS="509" WIDTH="34" HEIGHT="21" WC="0.95" CONTENT="det"/><SP WIDTH="23" VPOS="509" HPOS="169"/>
							<String ID="string_120" HPOS="192" VPOS="515" WIDTH="41" HEIGHT="15" WC="0.93" CONTENT="ena"/><SP WIDTH="22" VPOS="515" HPOS="233"/>
							<String ID="string_121" HPOS="255" VPOS="509" WIDTH="142" HEIGHT="27" WC="0.57" CONTENT="gästgifveriet"/><SP WIDTH="22" VPOS="509" HPOS="397"/>
							<String ID="string_122" HPOS="419" VPOS="509" WIDTH="95" HEIGHT="21" WC="0.96" CONTENT="kommer"/><SP WIDTH="22" VPOS="509" HPOS="514"/>
							<String ID="string_123" HPOS="536" VPOS="509" WIDTH="6" HEIGHT="20" WC="0.93" CONTENT="i"/><SP WIDTH="22" VPOS="509" HPOS="542"/>
							<String ID="string_124" HPOS="564" VPOS="509" WIDTH="66" HEIGHT="26" WC="0.96" CONTENT="fråga,"/><SP WIDTH="19" VPOS="509" HPOS="630"/>
							<String ID="string_125" HPOS="649" VPOS="508" WIDTH="53" HEIGHT="22" WC="0.93" CONTENT="skall"/><SP WIDTH="16" VPOS="508" HPOS="702"/>
							<String ID="string_126" HPOS="718" VPOS="509" WIDTH="90" HEIGHT="20" WC="0.96" CONTENT="fördelas"/><SP WIDTH="15" VPOS="509" HPOS="808"/>
							<String ID="string_127" HPOS="823" VPOS="509" WIDTH="27" HEIGHT="26" WC="0.96" CONTENT="pä"/><SP WIDTH="15" VPOS="509" HPOS="850"/>
							<String ID="string_128" HPOS="865" VPOS="508" WIDTH="42" HEIGHT="22" WC="0.96" CONTENT="alla"/>
						</TextLine>
						<TextLine ID="line_13" HPOS="83" VPOS="537" WIDTH="823" HEIGHT="27">
							<String ID="string_129" HPOS="83" VPOS="537" WIDTH="226" HEIGHT="27" WC="0.92" CONTENT="skjutsningsskyldige"/><SP WIDTH="22" VPOS="537" HPOS="309"/>
							<String ID="string_130" HPOS="331" VPOS="538" WIDTH="7" HEIGHT="20" WC="0.93" CONTENT="i"/><SP WIDTH="23" VPOS="538" HPOS="338"/>
							<String ID="string_131" HPOS="361" VPOS="537" WIDTH="93" HEIGHT="21" WC="0.91" CONTENT="häradet."/><SP WIDTH="31" VPOS="537" HPOS="454"/>
							<String ID="string_132" HPOS="485" VPOS="537" WIDTH="87" HEIGHT="27" WC="0.92" CONTENT="Följden"/><SP WIDTH="24" VPOS="537" HPOS="572"/>
							<String ID="string_133" HPOS="596" VPOS="537" WIDTH="40" HEIGHT="20" WC="0.93" CONTENT="blir"/><SP WIDTH="21" VPOS="537" HPOS="636"/>
							<String ID="string_134" HPOS="657" VPOS="537" WIDTH="81" HEIGHT="21" WC="0.92" CONTENT="säledes"/><SP WIDTH="23" VPOS="537" HPOS="738"/>
							<String ID="string_135" HPOS="761" VPOS="537" WIDTH="47" HEIGHT="25" WC="0.96" CONTENT="den,"/><SP WIDTH="23" VPOS="537" HPOS="808"/>
							<String ID="string_136" HPOS="831" VPOS="539" WIDTH="32" HEIGHT="18" WC="0.96" CONTENT="att"/><SP WIDTH="18" VPOS="539" HPOS="863"/>
							<String ID="string_137" HPOS="881" VPOS="543" WIDTH="25" HEIGHT="15" WC="0.96" CONTENT="en"/>
						</TextLine>
						<TextLine ID="line_14" HPOS="83" VPOS="565" WIDTH="823" HEIGHT="28">
							<String ID="string_138" HPOS="83" VPOS="566" WIDTH="213" HEIGHT="27" WC="0.91" CONTENT="skjutsningsskyldig"/><SP WIDTH="22" VPOS="566" HPOS="296"/>
							<String ID="string_139" HPOS="318" VPOS="566" WIDTH="42" HEIGHT="21" WC="0.96" CONTENT="kan"/><SP WIDTH="22" VPOS="566" HPOS="360"/>
							<String ID="string_140" HPOS="382" VPOS="565" WIDTH="86" HEIGHT="22" WC="0.92" CONTENT="komma"/><SP WIDTH="20" VPOS="565" HPOS="468"/>
							<String ID="string_141" HPOS="488" VPOS="568" WIDTH="15" HEIGHT="19" WC="0.92" CONTENT="t."/><SP WIDTH="19" VPOS="568" HPOS="503"/>
							<String ID="string_142" HPOS="522" VPOS="572" WIDTH="31" HEIGHT="15" WC="0.96" CONTENT="ex."/><SP WIDTH="16" VPOS="572" HPOS="553"/>
							<String ID="string_143" HPOS="569" VPOS="565" WIDTH="48" HEIGHT="22" WC="0.96" CONTENT="med"/><SP WIDTH="15" VPOS="565" HPOS="617"/>
							<String ID="string_144" HPOS="632" VPOS="572" WIDTH="26" HEIGHT="14" WC="0.93" CONTENT="en"/><SP WIDTH="15" VPOS="572" HPOS="658"/>
							<String ID="string_145" HPOS="673" VPOS="565" WIDTH="117" HEIGHT="22" WC="0.91" CONTENT="tiondedels"/><SP WIDTH="15" VPOS="565" HPOS="790"/>
							<String ID="string_146" HPOS="805" VPOS="565" WIDTH="48" HEIGHT="21" WC="0.93" CONTENT="häst"/><SP WIDTH="15" VPOS="565" HPOS="853"/>
							<String ID="string_147" HPOS="868" VPOS="565" WIDTH="38" HEIGHT="22" WC="0.96" CONTENT="och"/>
						</TextLine>
						<TextLine ID="line_15" HPOS="83" VPOS="594" WIDTH="821" HEIGHT="22">
							<String ID="string_148" HPOS="83" VPOS="601" WIDTH="36" HEIGHT="14" WC="0.95" CONTENT="om"/><SP WIDTH="23" VPOS="601" HPOS="119"/>
							<String ID="string_149" HPOS="142" VPOS="601" WIDTH="48" HEIGHT="15" WC="0.92" CONTENT="man"/><SP WIDTH="22" VPOS="601" HPOS="190"/>
							<String ID="string_150" HPOS="212" VPOS="595" WIDTH="78" HEIGHT="21" WC="0.91" CONTENT="drifver"/><SP WIDTH="23" VPOS="595" HPOS="290"/>
							<String ID="string_151" HPOS="313" VPOS="595" WIDTH="35" HEIGHT="21" WC="0.96" CONTENT="det"/><SP WIDTH="19" VPOS="595" HPOS="348"/>
							<String ID="string_152" HPOS="367" VPOS="594" WIDTH="21" HEIGHT="21" WC="0.93" CONTENT="in"/><SP WIDTH="15" VPOS="594" HPOS="388"/>
							<String ID="string_153" HPOS="403" VPOS="594" WIDTH="114" HEIGHT="21" WC="0.92" CONTENT="absurdum"/><SP WIDTH="16" VPOS="594" HPOS="517"/>
							<String ID="string_154" HPOS="533" VPOS="595" WIDTH="23" HEIGHT="20" WC="0.96" CONTENT="sä"/><SP WIDTH="15" VPOS="595" HPOS="556"/>
							<String ID="string_155" HPOS="571" VPOS="594" WIDTH="40" HEIGHT="21" WC="0.87" CONTENT="blir"/><SP WIDTH="15" VPOS="594" HPOS="611"/>
							<String ID="string_156" HPOS="626" VPOS="594" WIDTH="36" HEIGHT="21" WC="0.97" CONTENT="det"/><SP WIDTH="16" VPOS="594" HPOS="662"/>
							<String ID="string_157" HPOS="678" VPOS="594" WIDTH="86" HEIGHT="21" WC="0.93" CONTENT="alldeles"/><SP WIDTH="15" VPOS="594" HPOS="764"/>
							<String ID="string_158" HPOS="779" VPOS="594" WIDTH="125" HEIGHT="21" WC="0.92" CONTENT="outförbart."/>
						</TextLine>
						<TextLine ID="line_16" HPOS="82" VPOS="622" WIDTH="823" HEIGHT="27">
							<String ID="string_159" HPOS="82" VPOS="623" WIDTH="41" HEIGHT="26" WC="0.93" CONTENT="Jag"/><SP WIDTH="23" VPOS="623" HPOS="123"/>
							<String ID="string_160" HPOS="146" VPOS="625" WIDTH="46" HEIGHT="20" WC="0.92" CONTENT="tror"/><SP WIDTH="23" VPOS="625" HPOS="192"/>
							<String ID="string_161" HPOS="215" VPOS="623" WIDTH="54" HEIGHT="21" WC="0.90" CONTENT="dock"/><SP WIDTH="15" VPOS="623" HPOS="269"/>
							<String ID="string_162" HPOS="284" VPOS="625" WIDTH="32" HEIGHT="19" WC="0.95" CONTENT="att"/><SP WIDTH="15" VPOS="625" HPOS="316"/>
							<String ID="string_163" HPOS="331" VPOS="629" WIDTH="26" HEIGHT="15" WC="0.93" CONTENT="en"/><SP WIDTH="15" VPOS="629" HPOS="357"/>
							<String ID="string_164" HPOS="372" VPOS="623" WIDTH="64" HEIGHT="21" WC="0.92" CONTENT="sädan"/><SP WIDTH="16" VPOS="623" HPOS="436"/>
							<String ID="string_165" HPOS="452" VPOS="623" WIDTH="117" HEIGHT="21" WC="0.92" CONTENT="tiondedels"/><SP WIDTH="16" VPOS="623" HPOS="569"/>
							<String ID="string_166" HPOS="585" VPOS="622" WIDTH="48" HEIGHT="21" WC="0.90" CONTENT="häst"/><SP WIDTH="15" VPOS="622" HPOS="633"/>
							<String ID="string_167" HPOS="648" VPOS="623" WIDTH="45" HEIGHT="21" WC="0.91" CONTENT="icke"/><SP WIDTH="16" VPOS="623" HPOS="693"/>
							<String ID="string_168" HPOS="709" VPOS="623" WIDTH="95" HEIGHT="20" WC="0.96" CONTENT="kommer"/><SP WIDTH="14" VPOS="623" HPOS="804"/>
							<String ID="string_169" HPOS="818" VPOS="623" WIDTH="7" HEIGHT="20" WC="0.93" CONTENT="i"/><SP WIDTH="15" VPOS="623" HPOS="825"/>
							<String ID="string_170" HPOS="840" VPOS="622" WIDTH="65" HEIGHT="27" WC="0.92" CONTENT="fräga,"/>
						</TextLine>
						<TextLine ID="line_17" HPOS="85" VPOS="651" WIDTH="820" HEIGHT="27">
							<String ID="string_171" HPOS="85" VPOS="655" WIDTH="22" HEIGHT="23" WC="0.96" CONTENT="ty"/><SP WIDTH="22" VPOS="655" HPOS="107"/>
							<String ID="string_172" HPOS="129" VPOS="651" WIDTH="36" HEIGHT="22" WC="0.96" CONTENT="det"/><SP WIDTH="22" VPOS="651" HPOS="165"/>
							<String ID="string_173" HPOS="187" VPOS="651" WIDTH="67" HEIGHT="22" WC="0.96" CONTENT="skulle"/><SP WIDTH="22" VPOS="651" HPOS="254"/>
							<String ID="string_174" HPOS="276" VPOS="652" WIDTH="28" HEIGHT="26" WC="0.96" CONTENT="pä"/><SP WIDTH="22" VPOS="652" HPOS="304"/>
							<String ID="string_175" HPOS="326" VPOS="653" WIDTH="31" HEIGHT="19" WC="0.96" CONTENT="ett"/><SP WIDTH="22" VPOS="653" HPOS="357"/>
							<String ID="string_176" HPOS="379" VPOS="651" WIDTH="52" HEIGHT="21" WC="0.89" CONTENT="eller"/><SP WIDTH="18" VPOS="651" HPOS="431"/>
							<String ID="string_177" HPOS="449" VPOS="654" WIDTH="64" HEIGHT="18" WC="0.96" CONTENT="annat"/><SP WIDTH="21" VPOS="654" HPOS="513"/>
							<String ID="string_178" HPOS="534" VPOS="653" WIDTH="41" HEIGHT="19" WC="0.92" CONTENT="sätt"/><SP WIDTH="15" VPOS="653" HPOS="575"/>
							<String ID="string_179" HPOS="590" VPOS="651" WIDTH="70" HEIGHT="26" WC="0.92" CONTENT="jemka"/><SP WIDTH="16" VPOS="651" HPOS="660"/>
							<String ID="string_180" HPOS="676" VPOS="651" WIDTH="37" HEIGHT="26" WC="0.93" CONTENT="sig,"/><SP WIDTH="15" VPOS="651" HPOS="713"/>
							<String ID="string_181" HPOS="728" VPOS="651" WIDTH="127" HEIGHT="26" WC="0.79" CONTENT="isynnerhet,"/><SP WIDTH="17" VPOS="651" HPOS="855"/>
							<String ID="string_182" HPOS="872" VPOS="657" WIDTH="33" HEIGHT="15" WC="0.96" CONTENT="om"/>
						</TextLine>
						<TextLine ID="line_18" HPOS="85" VPOS="679" WIDTH="821" HEIGHT="28">
							<String ID="string_183" HPOS="85" VPOS="686" WIDTH="48" HEIGHT="14" WC="0.92" CONTENT="man"/><SP WIDTH="23" VPOS="686" HPOS="133"/>
							<String ID="string_184" HPOS="156" VPOS="680" WIDTH="97" HEIGHT="27" WC="0.95" CONTENT="tillägger"/><SP WIDTH="16" VPOS="680" HPOS="253"/>
							<String ID="string_185" HPOS="269" VPOS="680" WIDTH="65" HEIGHT="21" WC="0.93" CONTENT="orden"/><SP WIDTH="16" VPOS="680" HPOS="334"/>
							<String ID="string_186" HPOS="350" VPOS="682" WIDTH="42" HEIGHT="24" WC="0.89" CONTENT=",att"/><SP WIDTH="15" VPOS="682" HPOS="392"/>
							<String ID="string_187" HPOS="407" VPOS="680" WIDTH="25" HEIGHT="21" WC="0.96" CONTENT="de"/><SP WIDTH="16" VPOS="680" HPOS="432"/>
							<String ID="string_188" HPOS="448" VPOS="679" WIDTH="67" HEIGHT="21" WC="0.93" CONTENT="skulle"/><SP WIDTH="16" VPOS="679" HPOS="515"/>
							<String ID="string_189" HPOS="531" VPOS="679" WIDTH="20" HEIGHT="21" WC="0.96" CONTENT="få"/><SP WIDTH="15" VPOS="679" HPOS="551"/>
							<String ID="string_190" HPOS="566" VPOS="679" WIDTH="6" HEIGHT="21" WC="0.93" CONTENT="i"/><SP WIDTH="15" VPOS="679" HPOS="572"/>
							<String ID="string_191" HPOS="587" VPOS="679" WIDTH="41" HEIGHT="22" WC="0.93" CONTENT="frid"/><SP WIDTH="16" VPOS="679" HPOS="628"/>
							<String ID="string_192" HPOS="644" VPOS="679" WIDTH="201" HEIGHT="28" WC="0.91" CONTENT="öfverenskomma*,"/><SP WIDTH="16" VPOS="679" HPOS="845"/>
							<String ID="string_193" HPOS="861" VPOS="680" WIDTH="45" HEIGHT="21" WC="0.91" CONTENT="der-"/>
						</TextLine>
						<TextLine ID="line_19" HPOS="83" VPOS="708" WIDTH="823" HEIGHT="27">
							<String ID="string_194" HPOS="83" VPOS="709" WIDTH="84" HEIGHT="25" WC="0.92" CONTENT="igenom"/><SP WIDTH="23" VPOS="709" HPOS="167"/>
							<String ID="string_195" HPOS="190" VPOS="709" WIDTH="68" HEIGHT="21" WC="0.96" CONTENT="skulle"/><SP WIDTH="23" VPOS="709" HPOS="258"/>
							<String ID="string_196" HPOS="281" VPOS="709" WIDTH="42" HEIGHT="21" WC="0.93" CONTENT="alla"/><SP WIDTH="22" VPOS="709" HPOS="323"/>
							<String ID="string_197" HPOS="345" VPOS="708" WIDTH="135" HEIGHT="27" WC="0.93" CONTENT="olägenheter"/><SP WIDTH="18" VPOS="708" HPOS="480"/>
							<String ID="string_198" HPOS="498" VPOS="708" WIDTH="111" HEIGHT="21" WC="0.93" CONTENT="försvinna."/><SP WIDTH="31" VPOS="708" HPOS="609"/>
							<String ID="string_199" HPOS="640" VPOS="708" WIDTH="48" HEIGHT="21" WC="0.96" CONTENT="Men"/><SP WIDTH="14" VPOS="708" HPOS="688"/>
							<String ID="string_200" HPOS="702" VPOS="708" WIDTH="36" HEIGHT="27" WC="0.96" CONTENT="jag"/><SP WIDTH="15" VPOS="708" HPOS="738"/>
							<String ID="string_201" HPOS="753" VPOS="708" WIDTH="35" HEIGHT="21" WC="0.93" CONTENT="vill"/><SP WIDTH="16" VPOS="708" HPOS="788"/>
							<String ID="string_202" HPOS="804" VPOS="708" WIDTH="45" HEIGHT="21" WC="0.92" CONTENT="icke"/><SP WIDTH="16" VPOS="708" HPOS="849"/>
							<String ID="string_203" HPOS="865" VPOS="708" WIDTH="41" HEIGHT="21" WC="0.92" CONTENT="för-"/>
						</TextLine>
						<TextLine ID="line_20" HPOS="84" VPOS="736" WIDTH="822" HEIGHT="27">
							<String ID="string_204" HPOS="84" VPOS="737" WIDTH="55" HEIGHT="21" WC="0.91" CONTENT="neka"/><SP WIDTH="22" VPOS="737" HPOS="139"/>
							<String ID="string_205" HPOS="161" VPOS="739" WIDTH="32" HEIGHT="19" WC="0.96" CONTENT="att"/><SP WIDTH="24" VPOS="739" HPOS="193"/>
							<String ID="string_206" HPOS="217" VPOS="737" WIDTH="36" HEIGHT="21" WC="0.96" CONTENT="det"/><SP WIDTH="21" VPOS="737" HPOS="253"/>
							<String ID="string_207" HPOS="274" VPOS="737" WIDTH="85" HEIGHT="26" WC="0.96" CONTENT="förslag,"/><SP WIDTH="22" VPOS="737" HPOS="359"/>
							<String ID="string_208" HPOS="381" VPOS="743" WIDTH="45" HEIGHT="15" WC="0.96" CONTENT="som"/><SP WIDTH="21" VPOS="743" HPOS="426"/>
							<String ID="string_209" HPOS="447" VPOS="736" WIDTH="53" HEIGHT="22" WC="0.93" CONTENT="först"/><SP WIDTH="15" VPOS="736" HPOS="500"/>
							<String ID="string_210" HPOS="515" VPOS="736" WIDTH="111" HEIGHT="22" WC="0.92" CONTENT="framlades"/><SP WIDTH="16" VPOS="736" HPOS="626"/>
							<String ID="string_211" HPOS="642" VPOS="737" WIDTH="22" HEIGHT="20" WC="0.93" CONTENT="af"/><SP WIDTH="13" VPOS="737" HPOS="664"/>
							<String ID="string_212" HPOS="677" VPOS="739" WIDTH="85" HEIGHT="24" WC="0.92" CONTENT="prosten"/><SP WIDTH="15" VPOS="739" HPOS="762"/>
							<String ID="string_213" HPOS="777" VPOS="737" WIDTH="129" HEIGHT="26" WC="0.93" CONTENT="Rosengren,"/>
						</TextLine>
						<TextLine ID="line_21" HPOS="83" VPOS="765" WIDTH="823" HEIGHT="27">
							<String ID="string_214" HPOS="83" VPOS="767" WIDTH="25" HEIGHT="19" WC="0.96" CONTENT="är"/><SP WIDTH="23" VPOS="767" HPOS="108"/>
							<String ID="string_215" HPOS="131" VPOS="768" WIDTH="31" HEIGHT="19" WC="0.92" CONTENT="ett"/><SP WIDTH="21" VPOS="768" HPOS="162"/>
							<String ID="string_216" HPOS="183" VPOS="766" WIDTH="115" HEIGHT="26" WC="0.92" CONTENT="korrektiv,"/><SP WIDTH="24" VPOS="766" HPOS="298"/>
							<String ID="string_217" HPOS="322" VPOS="772" WIDTH="44" HEIGHT="15" WC="0.96" CONTENT="som"/><SP WIDTH="22" VPOS="772" HPOS="366"/>
							<String ID="string_218" HPOS="388" VPOS="768" WIDTH="24" HEIGHT="19" WC="0.93" CONTENT="är"/><SP WIDTH="14" VPOS="768" HPOS="412"/>
							<String ID="string_219" HPOS="426" VPOS="765" WIDTH="71" HEIGHT="22" WC="0.92" CONTENT="säkert"/><SP WIDTH="15" VPOS="765" HPOS="497"/>
							<String ID="string_220" HPOS="512" VPOS="765" WIDTH="39" HEIGHT="22" WC="0.93" CONTENT="och"/><SP WIDTH="15" VPOS="765" HPOS="551"/>
							<String ID="string_221" HPOS="566" VPOS="765" WIDTH="80" HEIGHT="22" WC="0.93" CONTENT="kanske"/><SP WIDTH="16" VPOS="765" HPOS="646"/>
							<String ID="string_222" HPOS="662" VPOS="765" WIDTH="110" HEIGHT="26" WC="0.92" CONTENT="utförbart,"/><SP WIDTH="17" VPOS="765" HPOS="772"/>
							<String ID="string_223" HPOS="789" VPOS="765" WIDTH="66" HEIGHT="22" WC="0.92" CONTENT="ehuru"/><SP WIDTH="16" VPOS="765" HPOS="855"/>
							<String ID="string_224" HPOS="871" VPOS="765" WIDTH="35" HEIGHT="22" WC="0.96" CONTENT="det"/>
						</TextLine>
						<TextLine ID="line_22" HPOS="81" VPOS="793" WIDTH="825" HEIGHT="28">
							<String ID="string_225" HPOS="81" VPOS="794" WIDTH="63" HEIGHT="22" WC="0.92" CONTENT="äfven"/><SP WIDTH="24" VPOS="794" HPOS="144"/>
							<String ID="string_226" HPOS="168" VPOS="795" WIDTH="41" HEIGHT="20" WC="0.91" CONTENT="kan"/><SP WIDTH="23" VPOS="795" HPOS="209"/>
							<String ID="string_227" HPOS="232" VPOS="795" WIDTH="100" HEIGHT="20" WC="0.91" CONTENT="innebära"/><SP WIDTH="19" VPOS="795" HPOS="332"/>
							<String ID="string_228" HPOS="351" VPOS="794" WIDTH="143" HEIGHT="27" WC="0.92" CONTENT="olägenheter,"/><SP WIDTH="20" VPOS="794" HPOS="494"/>
							<String ID="string_229" HPOS="514" VPOS="800" WIDTH="44" HEIGHT="15" WC="0.96" CONTENT="som"/><SP WIDTH="16" VPOS="800" HPOS="558"/>
							<String ID="string_230" HPOS="574" VPOS="801" WIDTH="49" HEIGHT="14" WC="0.96" CONTENT="man"/><SP WIDTH="15" VPOS="801" HPOS="623"/>
							<String ID="string_231" HPOS="638" VPOS="794" WIDTH="38" HEIGHT="21" WC="0.93" CONTENT="här"/><SP WIDTH="15" VPOS="794" HPOS="676"/>
							<String ID="string_232" HPOS="691" VPOS="794" WIDTH="45" HEIGHT="21" WC="0.91" CONTENT="icke"/><SP WIDTH="16" VPOS="794" HPOS="736"/>
							<String ID="string_233" HPOS="752" VPOS="793" WIDTH="6" HEIGHT="21" WC="0.93" CONTENT="i"/><SP WIDTH="15" VPOS="793" HPOS="758"/>
							<String ID="string_234" HPOS="773" VPOS="793" WIDTH="133" HEIGHT="27" WC="0.91" CONTENT="hastigheten"/>
						</TextLine>
						<TextLine ID="line_23" HPOS="83" VPOS="822" WIDTH="823" HEIGHT="27">
							<String ID="string_235" HPOS="83" VPOS="823" WIDTH="43" HEIGHT="22" WC="0.96" CONTENT="kan"/><SP WIDTH="22" VPOS="823" HPOS="126"/>
							<String ID="string_236" HPOS="148" VPOS="823" WIDTH="66" HEIGHT="21" WC="0.96" CONTENT="tänka"/><SP WIDTH="22" VPOS="823" HPOS="214"/>
							<String ID="string_237" HPOS="236" VPOS="823" WIDTH="37" HEIGHT="26" WC="0.96" CONTENT="sig."/><SP WIDTH="30" VPOS="823" HPOS="273"/>
							<String ID="string_238" HPOS="303" VPOS="823" WIDTH="71" HEIGHT="22" WC="0.88" CONTENT="Meni"/><SP WIDTH="16" VPOS="823" HPOS="374"/>
							<String ID="string_239" HPOS="390" VPOS="823" WIDTH="36" HEIGHT="21" WC="0.93" CONTENT="det"/><SP WIDTH="14" VPOS="823" HPOS="426"/>
							<String ID="string_240" HPOS="440" VPOS="822" WIDTH="60" HEIGHT="21" WC="0.93" CONTENT="fallet"/><SP WIDTH="15" VPOS="822" HPOS="500"/>
							<String ID="string_241" HPOS="515" VPOS="823" WIDTH="65" HEIGHT="21" WC="0.96" CONTENT="borde"/><SP WIDTH="16" VPOS="823" HPOS="580"/>
							<String ID="string_242" HPOS="596" VPOS="823" WIDTH="59" HEIGHT="21" WC="0.96" CONTENT="detta"/><SP WIDTH="15" VPOS="823" HPOS="655"/>
							<String ID="string_243" HPOS="670" VPOS="829" WIDTH="61" HEIGHT="14" WC="0.96" CONTENT="mom."/><SP WIDTH="17" VPOS="829" HPOS="731"/>
							<String ID="string_244" HPOS="748" VPOS="822" WIDTH="39" HEIGHT="21" WC="0.93" CONTENT="här"/><SP WIDTH="15" VPOS="822" HPOS="787"/>
							<String ID="string_245" HPOS="802" VPOS="823" WIDTH="50" HEIGHT="26" WC="0.91" CONTENT="utgä"/><SP WIDTH="15" VPOS="823" HPOS="852"/>
							<String ID="string_246" HPOS="867" VPOS="823" WIDTH="39" HEIGHT="21" WC="0.96" CONTENT="och"/>
						</TextLine>
						<TextLine ID="line_24" HPOS="84" VPOS="851" WIDTH="822" HEIGHT="27">
							<String ID="string_247" HPOS="84" VPOS="852" WIDTH="49" HEIGHT="26" WC="0.96" CONTENT="ingå"/><SP WIDTH="20" VPOS="852" HPOS="133"/>
							<String ID="string_248" HPOS="153" VPOS="852" WIDTH="6" HEIGHT="20" WC="0.96" CONTENT="i"/><SP WIDTH="17" VPOS="852" HPOS="159"/>
							<String ID="string_249" HPOS="176" VPOS="853" WIDTH="12" HEIGHT="20" WC="0.95" CONTENT="7"/><SP WIDTH="16" VPOS="853" HPOS="188"/>
							<String ID="string_250" HPOS="204" VPOS="853" WIDTH="10" HEIGHT="24" WC="0.74" CONTENT="8"/><SP WIDTH="15" VPOS="853" HPOS="214"/>
							<String ID="string_251" HPOS="229" VPOS="851" WIDTH="6" HEIGHT="21" WC="0.96" CONTENT="i"/><SP WIDTH="16" VPOS="851" HPOS="235"/>
							<String ID="string_252" HPOS="251" VPOS="851" WIDTH="117" HEIGHT="27" WC="0.95" CONTENT="Kejserliga"/><SP WIDTH="15" VPOS="851" HPOS="368"/>
							<String ID="string_253" HPOS="383" VPOS="851" WIDTH="164" HEIGHT="27" WC="0.93" CONTENT="propositionen,"/><SP WIDTH="16" VPOS="851" HPOS="547"/>
							<String ID="string_254" HPOS="563" VPOS="851" WIDTH="89" HEIGHT="21" WC="0.96" CONTENT="sålunda"/><SP WIDTH="16" VPOS="851" HPOS="652"/>
							<String ID="string_255" HPOS="668" VPOS="851" WIDTH="110" HEIGHT="26" WC="0.96" CONTENT="nämligen,"/><SP WIDTH="17" VPOS="851" HPOS="778"/>
							<String ID="string_256" HPOS="795" VPOS="853" WIDTH="32" HEIGHT="19" WC="0.93" CONTENT="att"/><SP WIDTH="14" VPOS="853" HPOS="827"/>
							<String ID="string_257" HPOS="841" VPOS="851" WIDTH="65" HEIGHT="27" WC="0.93" CONTENT="regle-"/>
						</TextLine>
						<TextLine ID="line_25" HPOS="83" VPOS="879" WIDTH="824" HEIGHT="28">
							<String ID="string_258" HPOS="83" VPOS="880" WIDTH="75" HEIGHT="27" WC="0.96" CONTENT="ringen"/><SP WIDTH="23" VPOS="880" HPOS="158"/>
							<String ID="string_259" HPOS="181" VPOS="880" WIDTH="21" HEIGHT="21" WC="0.93" CONTENT="af"/><SP WIDTH="21" VPOS="880" HPOS="202"/>
							<String ID="string_260" HPOS="223" VPOS="880" WIDTH="188" HEIGHT="27" WC="0.91" CONTENT="skjutshållningen"/><SP WIDTH="23" VPOS="880" HPOS="411"/>
							<String ID="string_261" HPOS="434" VPOS="879" WIDTH="6" HEIGHT="21" WC="0.93" CONTENT="i"/><SP WIDTH="19" VPOS="879" HPOS="440"/>
							<String ID="string_262" HPOS="459" VPOS="879" WIDTH="124" HEIGHT="27" WC="0.90" CONTENT="skjuislaget"/><SP WIDTH="16" VPOS="879" HPOS="583"/>
							<String ID="string_263" HPOS="599" VPOS="879" WIDTH="40" HEIGHT="21" WC="0.96" CONTENT="bör"/><SP WIDTH="15" VPOS="879" HPOS="639"/>
							<String ID="string_264" HPOS="654" VPOS="886" WIDTH="50" HEIGHT="14" WC="0.96" CONTENT="vara"/><SP WIDTH="14" VPOS="886" HPOS="704"/>
							<String ID="string_265" HPOS="718" VPOS="879" WIDTH="133" HEIGHT="27" WC="0.93" CONTENT="fullständigt"/><SP WIDTH="16" VPOS="879" HPOS="851"/>
							<String ID="string_266" HPOS="867" VPOS="880" WIDTH="40" HEIGHT="21" WC="0.92" CONTENT="för-"/>
						</TextLine>
						<TextLine ID="line_26" HPOS="83" VPOS="907" WIDTH="824" HEIGHT="29">
							<String ID="string_267" HPOS="83" VPOS="909" WIDTH="64" HEIGHT="21" WC="0.96" CONTENT="delad"/><SP WIDTH="15" VPOS="909" HPOS="147"/>
							<String ID="string_268" HPOS="162" VPOS="909" WIDTH="64" HEIGHT="21" WC="0.93" CONTENT="innan"/><SP WIDTH="16" VPOS="909" HPOS="226"/>
							<String ID="string_269" HPOS="242" VPOS="908" WIDTH="226" HEIGHT="28" WC="0.92" CONTENT="entreprenadauktion"/><SP WIDTH="17" VPOS="908" HPOS="468"/>
							<String ID="string_270" HPOS="485" VPOS="909" WIDTH="84" HEIGHT="26" WC="0.96" CONTENT="utlyses,"/><SP WIDTH="14" VPOS="909" HPOS="569"/>
							<String ID="string_271" HPOS="583" VPOS="909" WIDTH="38" HEIGHT="21" WC="0.96" CONTENT="och"/><SP WIDTH="11" VPOS="909" HPOS="621"/>
							<String ID="string_272" HPOS="632" VPOS="910" WIDTH="32" HEIGHT="20" WC="0.96" CONTENT="att"/><SP WIDTH="10" VPOS="910" HPOS="664"/>
							<String ID="string_273" HPOS="674" VPOS="907" WIDTH="84" HEIGHT="23" WC="0.96" CONTENT="således"/><SP WIDTH="10" VPOS="907" HPOS="758"/>
							<String ID="string_274" HPOS="768" VPOS="909" WIDTH="71" HEIGHT="26" WC="0.93" CONTENT="hvarje"/><SP WIDTH="10" VPOS="909" HPOS="839"/>
							<String ID="string_275" HPOS="849" VPOS="911" WIDTH="58" HEIGHT="25" WC="0.91" CONTENT="gäst-"/>
						</TextLine>
						<TextLine ID="line_27" HPOS="82" VPOS="937" WIDTH="824" HEIGHT="27">
							<String ID="string_276" HPOS="82" VPOS="938" WIDTH="75" HEIGHT="26" WC="0.91" CONTENT="gifveri"/><SP WIDTH="22" VPOS="938" HPOS="157"/>
							<String ID="string_277" HPOS="179" VPOS="938" WIDTH="92" HEIGHT="20" WC="0.96" CONTENT="fördelas"/><SP WIDTH="18" VPOS="938" HPOS="271"/>
							<String ID="string_278" HPOS="289" VPOS="939" WIDTH="27" HEIGHT="25" WC="0.96" CONTENT="på"/><SP WIDTH="19" VPOS="939" HPOS="316"/>
							<String ID="string_279" HPOS="335" VPOS="940" WIDTH="30" HEIGHT="19" WC="0.96" CONTENT="ett"/><SP WIDTH="19" VPOS="940" HPOS="365"/>
							<String ID="string_280" HPOS="384" VPOS="938" WIDTH="51" HEIGHT="20" WC="0.96" CONTENT="visst"/><SP WIDTH="16" VPOS="938" HPOS="435"/>
							<String ID="string_281" HPOS="451" VPOS="938" WIDTH="57" HEIGHT="20" WC="0.96" CONTENT="antal"/><SP WIDTH="15" VPOS="938" HPOS="508"/>
							<String ID="string_282" HPOS="523" VPOS="938" WIDTH="104" HEIGHT="20" WC="0.96" CONTENT="hemman."/><SP WIDTH="30" VPOS="938" HPOS="627"/>
							<String ID="string_283" HPOS="657" VPOS="937" WIDTH="49" HEIGHT="21" WC="0.96" CONTENT="Men"/><SP WIDTH="16" VPOS="937" HPOS="706"/>
							<String ID="string_284" HPOS="722" VPOS="937" WIDTH="59" HEIGHT="21" WC="0.96" CONTENT="äfven"/><SP WIDTH="17" VPOS="937" HPOS="781"/>
							<String ID="string_285" HPOS="798" VPOS="938" WIDTH="36" HEIGHT="20" WC="0.93" CONTENT="det"/><SP WIDTH="15" VPOS="938" HPOS="834"/>
							<String ID="string_286" HPOS="849" VPOS="938" WIDTH="57" HEIGHT="20" WC="0.91" CONTENT="inne-"/>
						</TextLine>
						<TextLine ID="line_28" HPOS="85" VPOS="965" WIDTH="822" HEIGHT="28">
							<String ID="string_287" HPOS="85" VPOS="966" WIDTH="38" HEIGHT="21" WC="0.96" CONTENT="bär"/><SP WIDTH="22" VPOS="966" HPOS="123"/>
							<String ID="string_288" HPOS="145" VPOS="966" WIDTH="107" HEIGHT="26" WC="0.95" CONTENT="åtskilliga"/><SP WIDTH="23" VPOS="966" HPOS="252"/>
							<String ID="string_289" HPOS="275" VPOS="966" WIDTH="141" HEIGHT="27" WC="0.95" CONTENT="olägenheter."/><SP WIDTH="31" VPOS="966" HPOS="416"/>
							<String ID="string_290" HPOS="447" VPOS="965" WIDTH="43" HEIGHT="26" WC="0.96" CONTENT="Mig"/><SP WIDTH="23" VPOS="965" HPOS="490"/>
							<String ID="string_291" HPOS="513" VPOS="966" WIDTH="36" HEIGHT="20" WC="0.95" CONTENT="föll"/><SP WIDTH="22" VPOS="966" HPOS="549"/>
							<String ID="string_292" HPOS="571" VPOS="968" WIDTH="57" HEIGHT="19" WC="0.96" CONTENT="strax"/><SP WIDTH="21" VPOS="968" HPOS="628"/>
							<String ID="string_293" HPOS="649" VPOS="966" WIDTH="20" HEIGHT="20" WC="0.96" CONTENT="in"/><SP WIDTH="17" VPOS="966" HPOS="669"/>
							<String ID="string_294" HPOS="686" VPOS="966" WIDTH="40" HEIGHT="25" WC="0.96" CONTENT="det,"/><SP WIDTH="17" VPOS="966" HPOS="726"/>
							<String ID="string_295" HPOS="743" VPOS="968" WIDTH="31" HEIGHT="19" WC="0.96" CONTENT="att"/><SP WIDTH="15" VPOS="968" HPOS="774"/>
							<String ID="string_296" HPOS="789" VPOS="966" WIDTH="39" HEIGHT="21" WC="0.96" CONTENT="här"/><SP WIDTH="15" VPOS="966" HPOS="828"/>
							<String ID="string_297" HPOS="843" VPOS="966" WIDTH="64" HEIGHT="21" WC="0.96" CONTENT="också"/>
						</TextLine>
						<TextLine ID="line_29" HPOS="84" VPOS="994" WIDTH="822" HEIGHT="27">
							<String ID="string_298" HPOS="84" VPOS="995" WIDTH="42" HEIGHT="20" WC="0.96" CONTENT="kan"/><SP WIDTH="19" VPOS="995" HPOS="126"/>
							<String ID="string_299" HPOS="145" VPOS="994" WIDTH="64" HEIGHT="21" WC="0.95" CONTENT="blifva"/><SP WIDTH="14" VPOS="994" HPOS="209"/>
							<String ID="string_300" HPOS="223" VPOS="994" WIDTH="60" HEIGHT="27" WC="0.96" CONTENT="fråga"/><SP WIDTH="17" VPOS="994" HPOS="283"/>
							<String ID="string_301" HPOS="300" VPOS="1001" WIDTH="34" HEIGHT="15" WC="0.92" CONTENT="om"/><SP WIDTH="16" VPOS="1001" HPOS="334"/>
							<String ID="string_302" HPOS="350" VPOS="994" WIDTH="117" HEIGHT="21" WC="0.92" CONTENT="tiondedels"/><SP WIDTH="15" VPOS="994" HPOS="467"/>
							<String ID="string_303" HPOS="482" VPOS="994" WIDTH="78" HEIGHT="24" WC="0.96" CONTENT="hästar,"/><SP WIDTH="16" VPOS="994" HPOS="560"/>
							<String ID="string_304" HPOS="576" VPOS="996" WIDTH="22" HEIGHT="25" WC="0.96" CONTENT="ty"/><SP WIDTH="15" VPOS="996" HPOS="598"/>
							<String ID="string_305" HPOS="613" VPOS="994" WIDTH="72" HEIGHT="26" WC="0.96" CONTENT="hvarje"/><SP WIDTH="16" VPOS="994" HPOS="685"/>
							<String ID="string_306" HPOS="701" VPOS="994" WIDTH="96" HEIGHT="22" WC="0.96" CONTENT="hemman"/><SP WIDTH="16" VPOS="994" HPOS="797"/>
							<String ID="string_307" HPOS="813" VPOS="996" WIDTH="24" HEIGHT="19" WC="0.93" CONTENT="är"/><SP WIDTH="14" VPOS="996" HPOS="837"/>
							<String ID="string_308" HPOS="851" VPOS="994" WIDTH="55" HEIGHT="27" WC="0.90" CONTENT="skyl-"/>
						</TextLine>
						<TextLine ID="line_30" HPOS="83" VPOS="1022" WIDTH="823" HEIGHT="28">
							<String ID="string_309" HPOS="83" VPOS="1023" WIDTH="46" HEIGHT="27" WC="0.95" CONTENT="digt"/><SP WIDTH="21" VPOS="1023" HPOS="129"/>
							<String ID="string_310" HPOS="150" VPOS="1026" WIDTH="32" HEIGHT="18" WC="0.95" CONTENT="att"/><SP WIDTH="22" VPOS="1026" HPOS="182"/>
							<String ID="string_311" HPOS="204" VPOS="1024" WIDTH="27" HEIGHT="26" WC="0.96" CONTENT="på"/><SP WIDTH="21" VPOS="1024" HPOS="231"/>
							<String ID="string_312" HPOS="252" VPOS="1024" WIDTH="31" HEIGHT="26" WC="0.95" CONTENT="sig"/><SP WIDTH="22" VPOS="1024" HPOS="283"/>
							<String ID="string_313" HPOS="305" VPOS="1023" WIDTH="82" HEIGHT="21" WC="0.96" CONTENT="fördela"/><SP WIDTH="21" VPOS="1023" HPOS="387"/>
							<String ID="string_314" HPOS="408" VPOS="1029" WIDTH="25" HEIGHT="15" WC="0.96" CONTENT="en"/><SP WIDTH="23" VPOS="1029" HPOS="433"/>
							<String ID="string_315" HPOS="456" VPOS="1023" WIDTH="41" HEIGHT="21" WC="0.93" CONTENT="viss"/><SP WIDTH="22" VPOS="1023" HPOS="497"/>
							<String ID="string_316" HPOS="519" VPOS="1022" WIDTH="254" HEIGHT="27" WC="0.91" CONTENT="skjutsningsskyldighet,"/><SP WIDTH="24" VPOS="1022" HPOS="773"/>
							<String ID="string_317" HPOS="797" VPOS="1030" WIDTH="47" HEIGHT="14" WC="0.96" CONTENT="men"/><SP WIDTH="22" VPOS="1030" HPOS="844"/>
							<String ID="string_318" HPOS="866" VPOS="1024" WIDTH="40" HEIGHT="20" WC="0.96" CONTENT="den"/>
						</TextLine>
						<TextLine ID="line_31" HPOS="83" VPOS="1051" WIDTH="824" HEIGHT="27">
							<String ID="string_319" HPOS="83" VPOS="1051" WIDTH="158" HEIGHT="22" WC="0.94" CONTENT="sammanfaller"/><SP WIDTH="15" VPOS="1051" HPOS="241"/>
							<String ID="string_320" HPOS="256" VPOS="1052" WIDTH="45" HEIGHT="21" WC="0.96" CONTENT="icke"/><SP WIDTH="16" VPOS="1052" HPOS="301"/>
							<String ID="string_321" HPOS="317" VPOS="1052" WIDTH="60" HEIGHT="21" WC="0.96" CONTENT="alltid"/><SP WIDTH="12" VPOS="1052" HPOS="377"/>
							<String ID="string_322" HPOS="389" VPOS="1051" WIDTH="47" HEIGHT="21" WC="0.93" CONTENT="med"/><SP WIDTH="16" VPOS="1051" HPOS="436"/>
							<String ID="string_323" HPOS="452" VPOS="1051" WIDTH="99" HEIGHT="21" WC="0.92" CONTENT="hehofvet"/><SP WIDTH="15" VPOS="1051" HPOS="551"/>
							<String ID="string_324" HPOS="566" VPOS="1051" WIDTH="28" HEIGHT="27" WC="0.96" CONTENT="pä"/><SP WIDTH="15" VPOS="1051" HPOS="594"/>
							<String ID="string_325" HPOS="609" VPOS="1053" WIDTH="31" HEIGHT="19" WC="0.96" CONTENT="ett"/><SP WIDTH="15" VPOS="1053" HPOS="640"/>
							<String ID="string_326" HPOS="655" VPOS="1051" WIDTH="51" HEIGHT="21" WC="0.93" CONTENT="visst"/><SP WIDTH="9" VPOS="1051" HPOS="706"/>
							<String ID="string_327" HPOS="715" VPOS="1051" WIDTH="127" HEIGHT="27" WC="0.93" CONTENT="gästgifveri."/><SP WIDTH="23" VPOS="1051" HPOS="842"/>
							<String ID="string_328" HPOS="865" VPOS="1052" WIDTH="42" HEIGHT="21" WC="0.96" CONTENT="Det"/>
						</TextLine>
						<TextLine ID="line_32" HPOS="85" VPOS="1080" WIDTH="821" HEIGHT="27">
							<String ID="string_329" HPOS="85" VPOS="1083" WIDTH="24" HEIGHT="19" WC="0.91" CONTENT="är"/><SP WIDTH="23" VPOS="1083" HPOS="109"/>
							<String ID="string_330" HPOS="132" VPOS="1080" WIDTH="76" HEIGHT="26" WC="0.95" CONTENT="derför,"/><SP WIDTH="23" VPOS="1080" HPOS="208"/>
							<String ID="string_331" HPOS="231" VPOS="1086" WIDTH="46" HEIGHT="16" WC="0.96" CONTENT="som"/><SP WIDTH="20" VPOS="1086" HPOS="277"/>
							<String ID="string_332" HPOS="297" VPOS="1081" WIDTH="36" HEIGHT="26" WC="0.88" CONTENT="jag"/><SP WIDTH="23" VPOS="1081" HPOS="333"/>
							<String ID="string_333" HPOS="356" VPOS="1082" WIDTH="69" HEIGHT="20" WC="0.96" CONTENT="ansett"/><SP WIDTH="21" VPOS="1082" HPOS="425"/>
							<String ID="string_334" HPOS="446" VPOS="1080" WIDTH="39" HEIGHT="20" WC="0.96" CONTENT="den"/><SP WIDTH="21" VPOS="1080" HPOS="485"/>
							<String ID="string_335" HPOS="506" VPOS="1080" WIDTH="38" HEIGHT="21" WC="0.93" CONTENT="fria"/><SP WIDTH="17" VPOS="1080" HPOS="544"/>
							<String ID="string_336" HPOS="561" VPOS="1080" WIDTH="224" HEIGHT="21" WC="0.80" CONTENT="öfverenskommelsen"/><SP WIDTH="16" VPOS="1080" HPOS="785"/>
							<String ID="string_337" HPOS="801" VPOS="1086" WIDTH="50" HEIGHT="15" WC="0.96" CONTENT="vara"/><SP WIDTH="16" VPOS="1086" HPOS="851"/>
							<String ID="string_338" HPOS="867" VPOS="1080" WIDTH="39" HEIGHT="21" WC="0.96" CONTENT="den"/>
						</TextLine>
						<TextLine ID="line_33" HPOS="84" VPOS="1108" WIDTH="823" HEIGHT="27">
							<String ID="string_339" HPOS="84" VPOS="1109" WIDTH="68" HEIGHT="21" WC="0.91" CONTENT="bästa."/><SP WIDTH="32" VPOS="1109" HPOS="152"/>
							<String ID="string_340" HPOS="184" VPOS="1109" WIDTH="62" HEIGHT="21" WC="0.91" CONTENT="Hvad"/><SP WIDTH="18" VPOS="1109" HPOS="246"/>
							<String ID="string_341" HPOS="264" VPOS="1110" WIDTH="47" HEIGHT="21" WC="0.92" CONTENT="äter"/><SP WIDTH="19" VPOS="1110" HPOS="311"/>
							<String ID="string_342" HPOS="330" VPOS="1109" WIDTH="39" HEIGHT="21" WC="0.93" CONTENT="den"/><SP WIDTH="18" VPOS="1109" HPOS="369"/>
							<String ID="string_343" HPOS="387" VPOS="1108" WIDTH="123" HEIGHT="27" WC="0.93" CONTENT="principiela"/><SP WIDTH="15" VPOS="1108" HPOS="510"/>
							<String ID="string_344" HPOS="525" VPOS="1109" WIDTH="64" HEIGHT="26" WC="0.92" CONTENT="fräga,"/><SP WIDTH="16" VPOS="1109" HPOS="589"/>
							<String ID="string_345" HPOS="605" VPOS="1114" WIDTH="46" HEIGHT="16" WC="0.93" CONTENT="som"/><SP WIDTH="16" VPOS="1114" HPOS="651"/>
							<String ID="string_346" HPOS="667" VPOS="1108" WIDTH="72" HEIGHT="22" WC="0.92" CONTENT="rektor"/><SP WIDTH="15" VPOS="1108" HPOS="739"/>
							<String ID="string_347" HPOS="754" VPOS="1108" WIDTH="99" HEIGHT="22" WC="0.96" CONTENT="Kihlman"/><SP WIDTH="16" VPOS="1108" HPOS="853"/>
							<String ID="string_348" HPOS="869" VPOS="1109" WIDTH="38" HEIGHT="21" WC="0.96" CONTENT="här"/>
						</TextLine>
						<TextLine ID="line_34" HPOS="85" VPOS="1137" WIDTH="822" HEIGHT="27">
							<String ID="string_349" HPOS="85" VPOS="1138" WIDTH="39" HEIGHT="20" WC="0.93" CONTENT="kar"/><SP WIDTH="15" VPOS="1138" HPOS="124"/>
							<String ID="string_350" HPOS="139" VPOS="1138" WIDTH="68" HEIGHT="26" WC="0.96" CONTENT="väckt,"/><SP WIDTH="16" VPOS="1138" HPOS="207"/>
							<String ID="string_351" HPOS="223" VPOS="1137" WIDTH="106" HEIGHT="27" WC="0.93" CONTENT="beträffar,"/><SP WIDTH="15" VPOS="1137" HPOS="329"/>
							<String ID="string_352" HPOS="344" VPOS="1139" WIDTH="45" HEIGHT="19" WC="0.96" CONTENT="tror"/><SP WIDTH="11" VPOS="1139" HPOS="389"/>
							<String ID="string_353" HPOS="400" VPOS="1137" WIDTH="38" HEIGHT="26" WC="0.93" CONTENT="jag"/><SP WIDTH="14" VPOS="1137" HPOS="438"/>
							<String ID="string_354" HPOS="452" VPOS="1137" WIDTH="52" HEIGHT="23" WC="0.95" CONTENT="icke,"/><SP WIDTH="17" VPOS="1137" HPOS="504"/>
							<String ID="string_355" HPOS="521" VPOS="1139" WIDTH="31" HEIGHT="19" WC="0.97" CONTENT="att"/><SP WIDTH="15" VPOS="1139" HPOS="552"/>
							<String ID="string_356" HPOS="567" VPOS="1137" WIDTH="36" HEIGHT="21" WC="0.93" CONTENT="det"/><SP WIDTH="15" VPOS="1137" HPOS="603"/>
							<String ID="string_357" HPOS="618" VPOS="1137" WIDTH="54" HEIGHT="21" WC="0.96" CONTENT="låter"/><SP WIDTH="16" VPOS="1137" HPOS="672"/>
							<String ID="string_358" HPOS="688" VPOS="1139" WIDTH="51" HEIGHT="24" WC="0.95" CONTENT="göra"/><SP WIDTH="14" VPOS="1139" HPOS="739"/>
							<String ID="string_359" HPOS="753" VPOS="1138" WIDTH="32" HEIGHT="26" WC="0.97" CONTENT="sig"/><SP WIDTH="10" VPOS="1138" HPOS="785"/>
							<String ID="string_360" HPOS="795" VPOS="1139" WIDTH="32" HEIGHT="19" WC="0.93" CONTENT="att"/><SP WIDTH="10" VPOS="1139" HPOS="827"/>
							<String ID="string_361" HPOS="837" VPOS="1137" WIDTH="70" HEIGHT="21" WC="0.93" CONTENT="disku-"/>
						</TextLine>
						<TextLine ID="line_35" HPOS="84" VPOS="1165" WIDTH="822" HEIGHT="29">
							<String ID="string_362" HPOS="84" VPOS="1168" WIDTH="47" HEIGHT="19" WC="0.95" CONTENT="tera"/><SP WIDTH="20" VPOS="1168" HPOS="131"/>
							<String ID="string_363" HPOS="151" VPOS="1166" WIDTH="39" HEIGHT="20" WC="0.93" CONTENT="och"/><SP WIDTH="21" VPOS="1166" HPOS="190"/>
							<String ID="string_364" HPOS="211" VPOS="1166" WIDTH="94" HEIGHT="27" WC="0.96" CONTENT="tillämpa"/><SP WIDTH="18" VPOS="1166" HPOS="305"/>
							<String ID="string_365" HPOS="323" VPOS="1166" WIDTH="40" HEIGHT="21" WC="0.93" CONTENT="den"/><SP WIDTH="15" VPOS="1166" HPOS="363"/>
							<String ID="string_366" HPOS="378" VPOS="1166" WIDTH="12" HEIGHT="26" WC="0.90" CONTENT="$"/><SP WIDTH="15" VPOS="1166" HPOS="390"/>
							<String ID="string_367" HPOS="405" VPOS="1165" WIDTH="32" HEIGHT="21" WC="0.93" CONTENT="för"/><SP WIDTH="15" VPOS="1165" HPOS="437"/>
							<String ID="string_368" HPOS="452" VPOS="1166" WIDTH="20" HEIGHT="26" WC="0.84" CONTENT="&amp;."/><SP WIDTH="31" VPOS="1166" HPOS="472"/>
							<String ID="string_369" HPOS="503" VPOS="1166" WIDTH="72" HEIGHT="21" WC="0.91" CONTENT="Skuile"/><SP WIDTH="16" VPOS="1166" HPOS="575"/>
							<String ID="string_370" HPOS="591" VPOS="1165" WIDTH="84" HEIGHT="21" WC="0.96" CONTENT="ståndet"/><SP WIDTH="15" VPOS="1165" HPOS="675"/>
							<String ID="string_371" HPOS="690" VPOS="1166" WIDTH="68" HEIGHT="20" WC="0.96" CONTENT="uttala"/><SP WIDTH="15" VPOS="1166" HPOS="758"/>
							<String ID="string_372" HPOS="773" VPOS="1166" WIDTH="32" HEIGHT="28" WC="0.93" CONTENT="sig"/><SP WIDTH="15" VPOS="1166" HPOS="805"/>
							<String ID="string_373" HPOS="820" VPOS="1166" WIDTH="86" HEIGHT="27" WC="0.92" CONTENT="derhän,"/>
						</TextLine>
						<TextLine ID="line_36" HPOS="84" VPOS="1194" WIDTH="823" HEIGHT="28">
							<String ID="string_374" HPOS="84" VPOS="1196" WIDTH="33" HEIGHT="19" WC="0.95" CONTENT="att"/><SP WIDTH="21" VPOS="1196" HPOS="117"/>
							<String ID="string_375" HPOS="138" VPOS="1194" WIDTH="37" HEIGHT="21" WC="0.92" CONTENT="der"/><SP WIDTH="19" VPOS="1194" HPOS="175"/>
							<String ID="string_376" HPOS="194" VPOS="1194" WIDTH="141" HEIGHT="28" WC="0.91" CONTENT="entreprenad"/><SP WIDTH="18" VPOS="1194" HPOS="335"/>
							<String ID="string_377" HPOS="353" VPOS="1196" WIDTH="23" HEIGHT="19" WC="0.93" CONTENT="är"/><SP WIDTH="19" VPOS="1196" HPOS="376"/>
							<String ID="string_378" HPOS="395" VPOS="1194" WIDTH="94" HEIGHT="21" WC="0.91" CONTENT="inrättad"/><SP WIDTH="20" VPOS="1194" HPOS="489"/>
							<String ID="string_379" HPOS="509" VPOS="1194" WIDTH="38" HEIGHT="21" WC="0.93" CONTENT="och"/><SP WIDTH="16" VPOS="1194" HPOS="547"/>
							<String ID="string_380" HPOS="563" VPOS="1196" WIDTH="163" HEIGHT="24" WC="0.92" CONTENT="entreprenören"/><SP WIDTH="15" VPOS="1196" HPOS="726"/>
							<String ID="string_381" HPOS="741" VPOS="1194" WIDTH="84" HEIGHT="21" WC="0.97" CONTENT="fordrar"/><SP WIDTH="13" VPOS="1194" HPOS="825"/>
							<String ID="string_382" HPOS="838" VPOS="1196" WIDTH="69" HEIGHT="20" WC="0.97" CONTENT="större"/>
						</TextLine>
						<TextLine ID="line_37" HPOS="85" VPOS="1222" WIDTH="821" HEIGHT="27">
							<String ID="string_383" HPOS="85" VPOS="1222" WIDTH="108" HEIGHT="26" WC="0.96" CONTENT="betalning"/><SP WIDTH="23" VPOS="1222" HPOS="193"/>
							<String ID="string_384" HPOS="216" VPOS="1225" WIDTH="26" HEIGHT="19" WC="0.88" CONTENT="än"/><SP WIDTH="23" VPOS="1225" HPOS="242"/>
							<String ID="string_385" HPOS="265" VPOS="1222" WIDTH="194" HEIGHT="27" WC="0.88" CONTENT="skjutspenningen,"/><SP WIDTH="23" VPOS="1222" HPOS="459"/>
							<String ID="string_386" HPOS="482" VPOS="1223" WIDTH="47" HEIGHT="21" WC="0.92" CONTENT="icke"/><SP WIDTH="26" VPOS="1223" HPOS="529"/>
							<String ID="string_387" HPOS="555" VPOS="1222" WIDTH="26" HEIGHT="22" WC="0.93" CONTENT="de"/><SP WIDTH="20" VPOS="1222" HPOS="581"/>
							<String ID="string_388" HPOS="601" VPOS="1222" WIDTH="231" HEIGHT="27" WC="0.92" CONTENT="skjutsningsskyldige,"/><SP WIDTH="23" VPOS="1222" HPOS="832"/>
							<String ID="string_389" HPOS="855" VPOS="1224" WIDTH="51" HEIGHT="20" WC="0.96" CONTENT="utan"/>
						</TextLine>
						<TextLine ID="line_38" HPOS="85" VPOS="1251" WIDTH="821" HEIGHT="27">
							<String ID="string_390" HPOS="85" VPOS="1253" WIDTH="69" HEIGHT="19" WC="0.93" CONTENT="staten"/><SP WIDTH="23" VPOS="1253" HPOS="154"/>
							<String ID="string_391" HPOS="177" VPOS="1252" WIDTH="68" HEIGHT="20" WC="0.93" CONTENT="skulle"/><SP WIDTH="22" VPOS="1252" HPOS="245"/>
							<String ID="string_392" HPOS="267" VPOS="1251" WIDTH="77" HEIGHT="25" WC="0.92" CONTENT="betala,"/><SP WIDTH="23" VPOS="1251" HPOS="344"/>
							<String ID="string_393" HPOS="367" VPOS="1251" WIDTH="25" HEIGHT="21" WC="0.93" CONTENT="sä"/><SP WIDTH="18" VPOS="1251" HPOS="392"/>
							<String ID="string_394" HPOS="410" VPOS="1251" WIDTH="115" HEIGHT="27" WC="0.93" CONTENT="uppställes"/><SP WIDTH="16" VPOS="1251" HPOS="525"/>
							<String ID="string_395" HPOS="541" VPOS="1251" WIDTH="121" HEIGHT="26" WC="0.92" CONTENT="derigenom"/><SP WIDTH="16" VPOS="1251" HPOS="662"/>
							<String ID="string_396" HPOS="678" VPOS="1258" WIDTH="26" HEIGHT="14" WC="0.96" CONTENT="en"/><SP WIDTH="15" VPOS="1258" HPOS="704"/>
							<String ID="string_397" HPOS="719" VPOS="1251" WIDTH="86" HEIGHT="26" WC="0.96" CONTENT="princip,"/><SP WIDTH="16" VPOS="1251" HPOS="805"/>
							<String ID="string_398" HPOS="821" VPOS="1257" WIDTH="46" HEIGHT="15" WC="0.96" CONTENT="som"/><SP WIDTH="15" VPOS="1257" HPOS="867"/>
							<String ID="string_399" HPOS="882" VPOS="1254" WIDTH="24" HEIGHT="18" WC="0.97" CONTENT="är"/>
						</TextLine>
						<TextLine ID="line_39" HPOS="83" VPOS="1278" WIDTH="823" HEIGHT="28">
							<String ID="string_400" HPOS="83" VPOS="1280" WIDTH="26" HEIGHT="20" WC="0.94" CONTENT="sä"/><SP WIDTH="22" VPOS="1280" HPOS="109"/>
							<String ID="string_401" HPOS="131" VPOS="1280" WIDTH="87" HEIGHT="21" WC="0.93" CONTENT="alldeles"/><SP WIDTH="23" VPOS="1280" HPOS="218"/>
							<String ID="string_402" HPOS="241" VPOS="1280" WIDTH="42" HEIGHT="21" WC="0.91" CONTENT="olik"/><SP WIDTH="24" VPOS="1280" HPOS="283"/>
							<String ID="string_403" HPOS="307" VPOS="1280" WIDTH="36" HEIGHT="20" WC="0.96" CONTENT="det"/><SP WIDTH="21" VPOS="1280" HPOS="343"/>
							<String ID="string_404" HPOS="364" VPOS="1279" WIDTH="39" HEIGHT="21" WC="0.96" CONTENT="här"/><SP WIDTH="18" VPOS="1279" HPOS="403"/>
							<String ID="string_405" HPOS="421" VPOS="1279" WIDTH="124" HEIGHT="27" WC="0.96" CONTENT="föreslagna,"/><SP WIDTH="21" VPOS="1279" HPOS="545"/>
							<String ID="string_406" HPOS="566" VPOS="1281" WIDTH="32" HEIGHT="19" WC="0.96" CONTENT="att"/><SP WIDTH="20" VPOS="1281" HPOS="598"/>
							<String ID="string_407" HPOS="618" VPOS="1278" WIDTH="36" HEIGHT="22" WC="0.93" CONTENT="det"/><SP WIDTH="14" VPOS="1278" HPOS="654"/>
							<String ID="string_408" HPOS="668" VPOS="1279" WIDTH="46" HEIGHT="21" WC="0.93" CONTENT="icke"/><SP WIDTH="15" VPOS="1279" HPOS="714"/>
							<String ID="string_409" HPOS="729" VPOS="1279" WIDTH="67" HEIGHT="21" WC="0.93" CONTENT="skulle"/><SP WIDTH="15" VPOS="1279" HPOS="796"/>
							<String ID="string_410" HPOS="811" VPOS="1280" WIDTH="49" HEIGHT="21" WC="0.92" CONTENT="löna"/><SP WIDTH="15" VPOS="1280" HPOS="860"/>
							<String ID="string_411" HPOS="875" VPOS="1280" WIDTH="31" HEIGHT="26" WC="0.96" CONTENT="sig"/>
						</TextLine>
						<TextLine ID="line_40" HPOS="85" VPOS="1308" WIDTH="821" HEIGHT="27">
							<String ID="string_412" HPOS="85" VPOS="1310" WIDTH="33" HEIGHT="19" WC="0.93" CONTENT="att"/><SP WIDTH="15" VPOS="1310" HPOS="118"/>
							<String ID="string_413" HPOS="133" VPOS="1308" WIDTH="73" HEIGHT="21" WC="0.92" CONTENT="derom"/><SP WIDTH="15" VPOS="1308" HPOS="206"/>
							<String ID="string_414" HPOS="221" VPOS="1308" WIDTH="60" HEIGHT="27" WC="0.93" CONTENT="börja"/><SP WIDTH="15" VPOS="1308" HPOS="281"/>
							<String ID="string_415" HPOS="296" VPOS="1308" WIDTH="113" HEIGHT="26" WC="0.91" CONTENT="diskutera,"/><SP WIDTH="16" VPOS="1308" HPOS="409"/>
							<String ID="string_416" HPOS="425" VPOS="1310" WIDTH="50" HEIGHT="19" WC="0.96" CONTENT="utan"/><SP WIDTH="16" VPOS="1310" HPOS="475"/>
							<String ID="string_417" HPOS="491" VPOS="1308" WIDTH="66" HEIGHT="21" WC="0.96" CONTENT="borde"/><SP WIDTH="16" VPOS="1308" HPOS="557"/>
							<String ID="string_418" HPOS="573" VPOS="1308" WIDTH="35" HEIGHT="20" WC="0.93" CONTENT="det"/><SP WIDTH="16" VPOS="1308" HPOS="608"/>
							<String ID="string_419" HPOS="624" VPOS="1310" WIDTH="57" HEIGHT="19" WC="0.93" CONTENT="strax"/><SP WIDTH="14" VPOS="1310" HPOS="681"/>
							<String ID="string_420" HPOS="695" VPOS="1308" WIDTH="166" HEIGHT="21" WC="0.93" CONTENT="äterremitteras"/><SP WIDTH="12" VPOS="1308" HPOS="861"/>
							<String ID="string_421" HPOS="873" VPOS="1308" WIDTH="33" HEIGHT="21" WC="0.94" CONTENT="till"/>
						</TextLine>
						<TextLine ID="line_41" HPOS="83" VPOS="1336" WIDTH="644" HEIGHT="28">
							<String ID="string_422" HPOS="83" VPOS="1336" WIDTH="106" HEIGHT="22" WC="0.90" CONTENT="utskottet"/><SP WIDTH="14" VPOS="1336" HPOS="189"/>
							<String ID="string_423" HPOS="203" VPOS="1336" WIDTH="33" HEIGHT="22" WC="0.96" CONTENT="för"/><SP WIDTH="15" VPOS="1336" HPOS="236"/>
							<String ID="string_424" HPOS="251" VPOS="1338" WIDTH="32" HEIGHT="20" WC="0.93" CONTENT="att"/><SP WIDTH="15" VPOS="1338" HPOS="283"/>
							<String ID="string_425" HPOS="298" VPOS="1336" WIDTH="120" HEIGHT="22" WC="0.91" CONTENT="omarbetas"/><SP WIDTH="16" VPOS="1336" HPOS="418"/>
							<String ID="string_426" HPOS="434" VPOS="1336" WIDTH="53" HEIGHT="22" WC="0.96" CONTENT="efter"/><SP WIDTH="15" VPOS="1336" HPOS="487"/>
							<String ID="string_427" HPOS="502" VPOS="1336" WIDTH="40" HEIGHT="22" WC="0.96" CONTENT="den"/><SP WIDTH="15" VPOS="1336" HPOS="542"/>
							<String ID="string_428" HPOS="557" VPOS="1342" WIDTH="40" HEIGHT="21" WC="0.95" CONTENT="nya"/><SP WIDTH="15" VPOS="1342" HPOS="597"/>
							<String ID="string_429" HPOS="612" VPOS="1336" WIDTH="115" HEIGHT="28" WC="0.96" CONTENT="principen."/>
						</TextLine>
					</TextBlock>
				</ComposedBlock>
				<ComposedBlock ID="cblock_3" HPOS="67" VPOS="1392" WIDTH="839" HEIGHT="141">
					<TextBlock ID="block_2" HPOS="81" VPOS="1392" WIDTH="825" HEIGHT="112">
						<TextLine ID="line_42" HPOS="154" VPOS="1392" WIDTH="752" HEIGHT="28">
							<String ID="string_430" HPOS="154" VPOS="1394" WIDTH="142" HEIGHT="26" WC="0.92" CONTENT="Domprosten"/><SP WIDTH="15" VPOS="1394" HPOS="296"/>
							<String ID="string_431" HPOS="311" VPOS="1393" WIDTH="79" HEIGHT="27" WC="0.96" CONTENT="Borg"/><SP WIDTH="15" VPOS="1393" HPOS="390"/>
							<String ID="string_432" HPOS="405" VPOS="1393" WIDTH="51" HEIGHT="21" WC="0.96" CONTENT="sade"/><SP WIDTH="15" VPOS="1393" HPOS="456"/>
							<String ID="string_433" HPOS="471" VPOS="1392" WIDTH="37" HEIGHT="27" WC="0.96" CONTENT="sig,"/><SP WIDTH="15" VPOS="1392" HPOS="508"/>
							<String ID="string_434" HPOS="523" VPOS="1393" WIDTH="54" HEIGHT="21" WC="0.96" CONTENT="efter"/><SP WIDTH="15" VPOS="1393" HPOS="577"/>
							<String ID="string_435" HPOS="592" VPOS="1393" WIDTH="36" HEIGHT="21" WC="0.96" CONTENT="det"/><SP WIDTH="14" VPOS="1393" HPOS="628"/>
							<String ID="string_436" HPOS="642" VPOS="1393" WIDTH="107" HEIGHT="27" WC="0.96" CONTENT="professor"/><SP WIDTH="16" VPOS="1393" HPOS="749"/>
							<String ID="string_437" HPOS="765" VPOS="1393" WIDTH="63" HEIGHT="22" WC="0.96" CONTENT="Cleve"/><SP WIDTH="11" VPOS="1393" HPOS="828"/>
							<String ID="string_438" HPOS="839" VPOS="1394" WIDTH="67" HEIGHT="22" WC="0.96" CONTENT="redan"/>
						</TextLine>
						<TextLine ID="line_43" HPOS="81" VPOS="1421" WIDTH="825" HEIGHT="28">
							<String ID="string_439" HPOS="81" VPOS="1424" WIDTH="76" HEIGHT="20" WC="0.93" CONTENT="svarat"/><SP WIDTH="14" VPOS="1424" HPOS="157"/>
							<String ID="string_440" HPOS="171" VPOS="1422" WIDTH="27" HEIGHT="27" WC="0.96" CONTENT="pä"/><SP WIDTH="17" VPOS="1422" HPOS="198"/>
							<String ID="string_441" HPOS="215" VPOS="1422" WIDTH="77" HEIGHT="21" WC="0.93" CONTENT="doktor"/><SP WIDTH="14" VPOS="1422" HPOS="292"/>
							<String ID="string_442" HPOS="306" VPOS="1421" WIDTH="125" HEIGHT="27" WC="0.92" CONTENT="Hornborgs"/><SP WIDTH="15" VPOS="1421" HPOS="431"/>
							<String ID="string_443" HPOS="446" VPOS="1421" WIDTH="163" HEIGHT="27" WC="0.93" CONTENT="interpellation,"/><SP WIDTH="15" VPOS="1421" HPOS="609"/>
							<String ID="string_444" HPOS="624" VPOS="1422" WIDTH="46" HEIGHT="20" WC="0.92" CONTENT="icke"/><SP WIDTH="15" VPOS="1422" HPOS="670"/>
							<String ID="string_445" HPOS="685" VPOS="1421" WIDTH="89" HEIGHT="22" WC="0.92" CONTENT="behöfva"/><SP WIDTH="15" VPOS="1421" HPOS="774"/>
							<String ID="string_446" HPOS="789" VPOS="1422" WIDTH="64" HEIGHT="27" WC="0.93" CONTENT="något"/><SP WIDTH="10" VPOS="1422" HPOS="853"/>
							<String ID="string_447" HPOS="863" VPOS="1422" WIDTH="43" HEIGHT="21" WC="0.86" CONTENT="till-"/>
						</TextLine>
						<TextLine ID="line_44" HPOS="85" VPOS="1450" WIDTH="820" HEIGHT="27">
							<String ID="string_448" HPOS="85" VPOS="1450" WIDTH="68" HEIGHT="27" WC="0.96" CONTENT="lägga,"/><SP WIDTH="21" VPOS="1450" HPOS="153"/>
							<String ID="string_449" HPOS="174" VPOS="1452" WIDTH="52" HEIGHT="18" WC="0.92" CONTENT="utan"/><SP WIDTH="23" VPOS="1452" HPOS="226"/>
							<String ID="string_450" HPOS="249" VPOS="1450" WIDTH="110" HEIGHT="20" WC="0.92" CONTENT="anmärkte"/><SP WIDTH="21" VPOS="1450" HPOS="359"/>
							<String ID="string_451" HPOS="380" VPOS="1450" WIDTH="62" HEIGHT="23" WC="0.92" CONTENT="blott,"/><SP WIDTH="21" VPOS="1450" HPOS="442"/>
							<String ID="string_452" HPOS="463" VPOS="1452" WIDTH="32" HEIGHT="18" WC="0.93" CONTENT="att"/><SP WIDTH="20" VPOS="1452" HPOS="495"/>
							<String ID="string_453" HPOS="515" VPOS="1450" WIDTH="84" HEIGHT="20" WC="0.92" CONTENT="ständet"/><SP WIDTH="15" VPOS="1450" HPOS="599"/>
							<String ID="string_454" HPOS="614" VPOS="1450" WIDTH="84" HEIGHT="20" WC="0.93" CONTENT="komme"/><SP WIDTH="14" VPOS="1450" HPOS="698"/>
							<String ID="string_455" HPOS="712" VPOS="1452" WIDTH="32" HEIGHT="18" WC="0.93" CONTENT="att"/><SP WIDTH="15" VPOS="1452" HPOS="744"/>
							<String ID="string_456" HPOS="759" VPOS="1450" WIDTH="78" HEIGHT="21" WC="0.92" CONTENT="förlora"/><SP WIDTH="15" VPOS="1450" HPOS="837"/>
							<String ID="string_457" HPOS="852" VPOS="1451" WIDTH="31" HEIGHT="25" WC="0.96" CONTENT="sig"/><SP WIDTH="15" VPOS="1451" HPOS="883"/>
							<String ID="string_458" HPOS="898" VPOS="1450" WIDTH="7" HEIGHT="20" WC="0.96" CONTENT="i"/>
						</TextLine>
						<TextLine ID="line_45" HPOS="81" VPOS="1477" WIDTH="823" HEIGHT="27">
							<String ID="string_459" HPOS="81" VPOS="1478" WIDTH="79" HEIGHT="22" WC="0.96" CONTENT="ändlös"/><SP WIDTH="22" VPOS="1478" HPOS="160"/>
							<String ID="string_460" HPOS="182" VPOS="1478" WIDTH="127" HEIGHT="24" WC="0.94" CONTENT="diskussion,"/><SP WIDTH="23" VPOS="1478" HPOS="309"/>
							<String ID="string_461" HPOS="332" VPOS="1484" WIDTH="34" HEIGHT="14" WC="0.96" CONTENT="om"/><SP WIDTH="16" VPOS="1484" HPOS="366"/>
							<String ID="string_462" HPOS="382" VPOS="1478" WIDTH="36" HEIGHT="20" WC="0.93" CONTENT="det"/><SP WIDTH="15" VPOS="1478" HPOS="418"/>
							<String ID="string_463" HPOS="433" VPOS="1477" WIDTH="60" HEIGHT="21" WC="0.93" CONTENT="sökte"/><SP WIDTH="15" VPOS="1477" HPOS="493"/>
							<String ID="string_464" HPOS="508" VPOS="1480" WIDTH="79" HEIGHT="18" WC="0.93" CONTENT="mästra"/><SP WIDTH="14" VPOS="1480" HPOS="587"/>
							<String ID="string_465" HPOS="601" VPOS="1477" WIDTH="114" HEIGHT="26" WC="0.91" CONTENT="ordalagen"/><SP WIDTH="15" VPOS="1477" HPOS="715"/>
							<String ID="string_466" HPOS="730" VPOS="1478" WIDTH="7" HEIGHT="20" WC="0.96" CONTENT="i"/><SP WIDTH="15" VPOS="1478" HPOS="737"/>
							<String ID="string_467" HPOS="752" VPOS="1483" WIDTH="27" HEIGHT="15" WC="0.96" CONTENT="en"/><SP WIDTH="14" VPOS="1483" HPOS="779"/>
							<String ID="string_468" HPOS="793" VPOS="1478" WIDTH="34" HEIGHT="21" WC="0.93" CONTENT="för"/><SP WIDTH="15" VPOS="1478" HPOS="827"/>
							<String ID="string_469" HPOS="842" VPOS="1478" WIDTH="62" HEIGHT="26" WC="0.96" CONTENT="öfrigt"/>
						</TextLine>
					</TextBlock>
					<TextBlock ID="block_3" HPOS="67" VPOS="1506" WIDTH="361" HEIGHT="27">
						<TextLine ID="line_46" HPOS="67" VPOS="1506" WIDTH="361" HEIGHT="27">
							<String ID="string_470" HPOS="67" VPOS="1516" WIDTH="2" HEIGHT="2" WC="0.57" CONTENT="*"/><SP WIDTH="12" VPOS="1516" HPOS="69"/>
							<String ID="string_471" HPOS="81" VPOS="1506" WIDTH="91" HEIGHT="22" WC="0.96" CONTENT="alldeles"/><SP WIDTH="14" VPOS="1506" HPOS="172"/>
							<String ID="string_472" HPOS="186" VPOS="1506" WIDTH="47" HEIGHT="21" WC="0.96" CONTENT="klar"/><SP WIDTH="15" VPOS="1506" HPOS="233"/>
							<String ID="string_473" HPOS="248" VPOS="1506" WIDTH="39" HEIGHT="21" WC="0.93" CONTENT="och"/><SP WIDTH="16" VPOS="1506" HPOS="287"/>
							<String ID="string_474" HPOS="303" VPOS="1506" WIDTH="65" HEIGHT="27" WC="0.96" CONTENT="tydlig"/><SP WIDTH="15" VPOS="1506" HPOS="368"/>
							<String ID="string_475" HPOS="383" VPOS="1506" WIDTH="45" HEIGHT="21" WC="0.96" CONTENT="sak."/>
						</TextLine>
					</TextBlock>
				</ComposedBlock>
			</PrintSpace>
		</Page>
	</Layout>
</alto>
