1084 1809
305 135 160 18 Presteståndet
478 137 54 16 1877.
556 137 18 15 11
588 136 91 17 oktober.
818 130 55 22 1329

81 206 32 19 att
127 204 68 27 bägge
210 204 61 22 dessa
286 204 171 27 åskådningssätt
473 205 71 21 kunna
559 211 51 15 vara
624 205 84 27 riktiga,
723 207 51 20 utan
790 208 32 19 att
832 206 69 22 antin-

80 238 39 20 gen
142 234 37 20 äro
196 233 25 21 de
237 235 32 19 att
283 233 105 21 likställas
403 234 7 20 i
425 234 67 26 bägge
507 234 71 25 fallen,
594 233 51 22 eller
660 234 39 21 ock
714 236 38 19 äro
768 234 26 22 de
809 234 46 21 icke
869 236 32 19 att

80 261 104 21 likställas
207 262 7 20 i
237 262 121 26 någondera
380 262 66 24 fallet,
469 262 311 27 tingsgästningspenningarna
794 263 6 20 i
816 262 85 26 Sverige

81 290 38 21 och
142 290 274 27 tingsgästningskapparne
439 290 6 22 i
461 290 95 22 Finland.
588 290 41 22 Det
644 290 107 22 förefaller
766 291 42 26 mig
823 290 77 25 derför,

81 319 75 20 liksom
179 325 48 14 man
242 319 7 20 i
264 319 75 26 sjelfva
353 319 74 21 verket
443 319 61 22 äfven
519 319 77 22 hittills
611 319 88 22 allmänt
714 319 39 21 har
768 319 81 26 antagit
865 319 35 21 det

81 347 55 21 ända
159 347 43 22 tills
224 348 93 21 komitén
340 347 73 27 gjorde
435 348 32 21 sin
489 350 59 20 stora
571 349 109 26 upptäckt,
704 349 69 20 såsom
796 349 104 20 nämnden

80 375 106 28 verkligen
209 377 68 21 skulle
298 376 63 22 hafva
383 376 46 22 haft
450 377 64 27 laglig
535 378 44 20 rätt
598 377 33 21 till
647 376 79 23 hälften
742 377 23 21 af
778 376 123 22 häradshöf-

81 405 259 28 dinge-tingsgästningen,
363 406 20 21 d.
407 411 18 16 v.
448 412 15 15 s.
484 405 32 22 till
532 405 79 22 hälften
628 405 21 22 af
664 405 25 22 de
704 408 32 19 tre
752 406 87 27 kappar,
855 412 45 15 som

80 434 192 27 häradshöfdingen
295 434 84 27 uppbär
393 435 40 21 och
448 436 32 19 att
495 435 59 21 detta
570 435 66 21 under
651 435 94 21 tidernas
761 435 49 26 lopp
825 441 75 20 genom

80 465 31 19 ett
125 463 88 27 ingrepp
228 463 46 22 från
290 462 228 28 häradshöfdingarnes
533 464 45 21 sida
594 463 79 22 råkat
665 458 15 37 i
686 463 91 22 vanhäfd
788 463 27 27 på
825 463 75 27 många

80 494 64 19 orter.
167 493 41 20 Det
220 495 101 19 motsatta
331 491 150 28 förhållandet,
494 494 32 20 att
536 493 106 21 nämnden
652 492 47 22 icke
710 493 68 21 skulle
788 499 113 20 ursprung-

79 521 54 26 ligen
154 521 63 21 hafva
232 521 45 22 haft
292 522 69 21 denna
375 522 108 26 rättighet,
499 523 51 20 utan
566 520 130 28 småningom
712 522 26 25 på
754 527 25 15 en
794 522 33 21 del
843 523 58 19 orter

80 549 99 22 tillvällat
201 551 31 26 sig
254 550 128 23 densamma,
405 550 218 27 häradshöfdingarne
645 549 31 22 till
700 549 95 25 nackdel,
813 552 24 19 är
852 550 48 21 med

80 578 119 21 kännedom
221 578 23 21 af
257 579 52 21 våra
323 579 79 21 sociala
417 579 145 21 förhållanden
578 578 47 22 icke
640 579 105 21 tänkbart.
777 578 34 21 Nu
825 580 25 19 är
865 578 36 21 det

80 607 67 24 fallet,
169 609 32 20 att
220 609 106 19 utskottet
342 607 39 21 och
397 607 94 21 komitén
507 607 39 21 och
562 607 39 21 den
617 607 111 26 kejserliga
743 607 157 26 propositionen

80 635 149 22 allesammans
251 636 47 21 med
320 636 85 27 tystnad
428 635 62 22 hafva
512 635 112 29 förbigått
635 642 25 15 en
676 635 163 26 omständighet,
855 641 44 16 som

78 664 65 21 likväl
165 666 24 19 är
211 665 23 21 af
254 665 50 26 vigt,
328 665 38 21 och
388 665 35 21 det
439 666 24 19 är
479 665 46 26 den,
542 667 32 19 att
589 665 7 21 i
611 665 136 21 Österbotten
763 664 39 21 och
817 664 61 21 äfven
893 665 6 20 i

77 693 55 22 vissa
155 694 67 21 andra
245 694 58 21 delar
321 693 21 22 af
356 693 72 22 landet
443 693 104 22 nämnden
563 694 55 21 ända
633 693 33 22 till
681 694 7 20 i
705 693 40 27 dag
761 693 59 21 delar
832 693 69 27 jemnt

78 722 46 21 med
148 722 198 27 häradshöfdingen.
381 723 60 20 Huru
467 723 59 20 detta
548 722 170 21 sakförhållande
744 721 67 22 skulle
838 722 63 21 hafva

78 751 138 26 uppkommit,
233 757 34 16 om
283 751 35 22 det
333 751 45 21 icke
394 757 49 15 vore
459 758 26 14 en
501 752 135 26 ursprunglig
648 753 50 24 rätt,
710 751 60 22 torde
781 757 51 15 vara
842 751 58 21 svårt

78 782 31 19 att
124 779 100 22 förklara.
253 780 62 21 Hvad
330 780 33 21 för
379 780 62 26 öfrigt
456 781 69 26 vigten
541 780 23 21 af
578 782 32 19 att
625 780 181 21 nämndemännen
818 781 37 20 äro
866 779 34 22 väl

78 808 95 22 aflönade
196 809 72 26 angår,
290 809 42 21 kan
351 809 24 26 ju
398 810 73 20 derom
492 815 110 16 resoneras
618 809 32 21 hit
666 809 39 21 och
721 809 37 21 dit.
788 808 112 22 Utskottet

78 837 39 22 har
131 837 57 26 gjort
202 838 32 26 sig
250 839 35 20 det
300 838 6 21 i
322 838 47 21 mitt
385 838 60 27 tycke
461 839 80 25 ganska
552 838 119 26 småaktiga
682 837 98 21 besväret
791 839 32 19 att
833 838 66 21 ändra

78 867 65 25 några
160 866 26 27 88
201 867 7 20 i
224 867 40 20 den
280 866 111 27 kejserliga
406 867 159 26 propositionen
580 866 56 21 blott
651 866 39 21 och
706 865 48 22 bart
769 865 33 21 för
817 867 32 20 att
865 866 34 21 be-

79 897 56 24 tona,
157 897 32 20 att
210 895 36 22 det
260 895 46 22 icke
321 897 25 19 är
361 901 25 16 en
401 894 92 27 aflöning
508 897 52 19 utan
576 897 31 20 ett
623 894 116 22 underhåll.
768 895 48 20 Men
831 900 28 16 nu
875 896 24 19 är

79 924 35 21 det
134 923 60 22 äfven
210 923 65 26 fallet,
292 926 32 19 att
339 924 204 27 häradshöfdingens
558 924 62 21 andel
636 925 6 20 i
657 923 180 27 tingsgästningen
852 923 47 21 icke

79 954 23 19 är
124 952 78 22 honom
225 953 68 26 gifven
316 952 32 22 till
369 952 97 27 aflöning,
482 956 51 18 utan
546 953 45 26 just
606 952 31 21 till
653 952 111 21 underhåll
780 953 34 20 vid
829 953 60 26 tinge

78 981 42 22 Det
135 983 24 19 är
173 983 69 25 precis
257 988 80 15 samma
352 981 132 22 förhållande
499 981 38 22 och
554 981 60 22 deraf
628 981 32 22 fås
676 981 82 22 således
773 981 46 21 icke
829 981 69 26 någon

77 1010 115 27 bevisning.
222 1010 61 22 Hvad
305 1016 47 15 man
376 1010 32 21 för
431 1010 63 26 öfrigt
517 1010 74 21 tänkte
607 1009 31 28 sig
657 1010 7 21 i
681 1010 54 21 1862
751 1011 35 20 års
800 1009 98 22 Januari-

79 1039 89 26 utskott,
190 1039 38 21 der
249 1039 65 21 saken
336 1039 67 22 första
417 1040 80 25 gången
514 1041 47 24 togs
577 1039 31 21 till
624 1039 68 26 någon
709 1038 93 27 offentlig
817 1039 81 21 diskus-

78 1068 52 26 sion,
146 1070 58 19 utom
221 1068 54 21 hvad
291 1068 7 21 i
313 1067 135 28 tidningarna
463 1069 54 20 varit
532 1068 59 27 fråga
607 1074 40 19 om,
663 1067 36 21 vill
708 1067 35 27 jag
754 1068 79 25 anföra,
845 1068 54 21 efter

76 1096 36 27 jag
133 1096 132 22 händelsevis
287 1097 39 21 har
348 1097 61 21 dessa
431 1097 106 26 protokoll
560 1097 5 20 i
581 1097 43 21 min
640 1102 43 21 ego.
715 1096 41 21 Det
771 1099 23 18 är
810 1098 30 20 ett
855 1098 42 25 ytt-

78 1125 65 22 rande
165 1125 22 22 af
205 1127 158 24 borgmästaren
379 1125 129 27 Tengström,
525 1125 80 22 hvilket
620 1125 119 22 sedermera
754 1125 61 21 äfven
831 1125 68 22 blifvit

77 1154 116 21 utskottets
208 1154 77 27 förslag
300 1154 39 21 och
355 1160 44 15 som
416 1154 72 27 lyder:

146 1211 151 27 »Borgmästar
320 1211 123 26 Tengström
463 1211 91 28 yttrade,
570 1213 31 19 att
616 1211 89 25 talaren,
721 1211 64 21 sedan
801 1211 96 27 omkring

80 1240 118 22 1820-talet
212 1241 7 20 i
234 1239 85 28 Sverige
334 1240 95 27 stadgats
445 1242 32 19 att
488 1240 106 21 nämnden
606 1239 68 22 skulle
684 1239 35 21 vid
729 1240 169 21 socknestämma

78 1269 66 26 väljas
163 1269 27 26 pä
206 1271 32 19 tre
253 1269 34 21 års
303 1269 36 26 tid,
355 1269 35 20 vid
405 1269 153 26 förvaltningen
574 1269 22 21 af
610 1275 26 15 en
652 1269 101 26 domsaga
765 1268 56 21 invid
836 1270 62 24 grän-

78 1305 37 14 sen
137 1298 56 21 varit
215 1298 7 21 i
240 1297 83 22 tillfälle
338 1299 32 20 att
385 1297 22 22 af
420 1297 51 22 flere
487 1298 86 21 domare
589 1297 39 22 och
644 1297 66 21 andra
725 1297 129 21 embetsmän
870 1297 27 26 på

78 1327 89 21 svenska
182 1327 59 22 sidan
256 1327 94 21 inhemta
364 1326 150 28 upplysningar
529 1326 109 27 angående
653 1326 35 21 det
703 1325 114 28 inflytande
829 1326 68 21 denna

78 1355 123 27 förändring
223 1356 90 25 utöfvat;
337 1355 39 22 och
399 1355 55 21 hade
476 1355 42 21 alla
540 1356 87 21 instämt
642 1355 76 26 deruti,
734 1357 32 18 att
782 1355 115 21 nämndens

78 1384 105 22 anseende
199 1384 54 21 efter
268 1385 40 20 den
325 1384 57 21 tiden
398 1384 103 27 betydligt
516 1384 85 27 sjunkit.
625 1383 88 22 Talaren
729 1383 55 22 hade
796 1383 100 27 derjemte

78 1413 89 22 kommit
189 1413 32 22 till
244 1413 39 22 den
307 1413 146 27 öfvertygelse,
476 1415 33 19 att
531 1413 59 22 detta
610 1413 91 21 resultat
716 1412 18 27 ej
750 1411 101 22 härledde
866 1412 31 26 sig

79 1442 65 25 deraf,
166 1443 32 19 att
220 1441 180 20 nämndemännen
422 1441 69 20 blifvit
513 1442 61 19 valde
597 1441 34 20 vid
653 1441 174 24 socknestämma,
846 1443 51 17 utan

79 1469 120 26 derigenom
216 1471 31 19 att
262 1469 26 21 de
303 1475 51 14 voro
370 1469 60 20 valde
446 1469 27 26 på
488 1469 42 20 viss
545 1469 31 20 tid
592 1468 39 21 och
647 1468 83 26 tjenade
741 1467 33 21 för
784 1474 25 15 en
820 1469 78 25 ytterst

77 1497 61 28 ringa
159 1497 91 27 aflöning
271 1497 7 21 i
300 1497 121 27 penningar.
451 1496 70 22 Sedan
544 1497 25 21 de
594 1496 117 27 dugligaste
726 1496 89 22 sålunda
830 1495 67 27 tjenat

78 1526 46 22 sina
138 1528 33 20 tre
186 1526 30 27 år,
232 1526 71 22 afsade
319 1526 26 21 de
360 1526 31 27 sig
406 1526 81 27 sysslan
503 1526 38 22 och
557 1526 70 21 kunde
641 1525 46 21 icke
703 1525 78 21 förmås
796 1527 31 19 att
842 1525 54 27 ånyo

806 1564 22 18 85
