1084 1803
202 131 54 21 1318
401 135 160 17 Presteståndet
575 136 52 16 1877.
653 136 18 15 11
684 135 91 17 oktober.

171 204 96 21 fortfara.
298 204 48 21 Men
359 204 38 26 jag
411 205 59 24 tager
485 204 55 20 fasta
555 203 27 27 på
597 204 42 25 det,
655 205 31 19 att
701 203 107 26 professor
818 203 102 21 Forsman
929 209 62 15 anser

172 233 37 20 det
233 232 82 21 ändock
338 232 18 27 ej
379 238 50 15 vara
450 231 24 21 så
489 231 86 22 alldeles
591 231 87 27 ovigtigt
694 233 31 20 att
740 231 174 22 häradsrätterna
929 231 62 22 hafva

171 262 39 20 sitt
233 261 83 26 stadiga
338 263 52 18 säte.
418 260 11 21 I
448 260 40 21 den
507 261 76 26 nådiga
598 260 157 27 propositionen
772 260 38 21 och
826 260 116 21 utskottets
957 259 34 22 be-

172 290 107 21 tänkande
302 291 23 19 är
348 289 60 21 äfven
430 289 80 26 ganska
531 289 57 21 klart
603 289 125 26 framhållet,
745 289 98 21 hvarföre
859 289 18 26 ej
894 289 58 21 detta
967 291 24 18 är

172 319 24 20 så
217 319 94 26 ovigtigt,
335 321 51 18 utan
409 319 91 20 tvärtom
523 317 24 21 af
563 318 80 26 ganska
659 320 44 19 stor
718 318 118 26 betydelse;
852 317 38 22 och
905 318 36 27 jag
956 317 35 21 vill

172 347 61 21 äfven
257 347 100 21 särskildt
380 346 38 21 här
440 346 111 21 framhålla
574 347 41 25 det,
637 349 32 18 att
690 347 105 21 huruvida
816 353 48 14 man
882 346 43 21 förr
941 346 50 21 eller

172 382 75 14 senare
269 376 42 20 kan
334 376 84 20 komma
441 374 31 22 till
495 375 31 21 sin
549 377 50 22 rätt,
621 375 98 21 inverkar
736 375 81 26 ganska
832 375 83 27 mycket
930 375 27 27 på
973 375 18 27 ej

173 405 75 20 endast
265 405 26 20 de
307 403 105 21 enskildas
427 403 89 26 trefnad,
531 407 52 17 utan
599 404 59 21 äfven
674 405 26 25 på
716 404 122 21 samhällets
854 404 138 21 ekonomiska

173 432 96 22 bestånd.
300 432 191 21 Häradsrätternas
518 439 125 20 permanens
669 432 95 22 kommer
790 434 114 24 dessutom,
928 432 64 28 enligt

175 462 54 21 hvad
245 462 147 20 erfarenheten
407 462 6 20 i
429 461 100 21 städerna
543 462 67 26 gifver
625 462 32 21 vid
675 462 89 26 handen,
781 464 32 19 att
828 462 48 21 leda
891 462 38 25 till,
946 462 45 21 icke

171 490 71 21 såsom
262 496 48 15 man
326 493 45 18 tror
386 496 24 14 en
426 490 112 26 tillökning
552 491 7 20 i
574 490 169 26 rättegångarna,
759 492 51 20 utan
826 497 26 15 en
867 490 124 27 minskning,

172 522 23 23 ty
218 519 41 21 alla
279 519 26 21 de
328 524 114 20 processer,
463 524 44 15 som
526 525 27 14 nu
569 519 157 21 åstadkommas
741 519 5 21 i
763 520 63 25 afsigt
842 521 31 19 att
889 519 64 25 draga
968 521 24 19 ut

172 548 48 20 med
237 548 71 24 saken,
325 549 31 19 att
371 549 52 24 göra
437 547 93 27 uppskof
544 547 46 21 från
606 548 43 26 ting
662 548 32 20 till
707 548 50 26 ting,
770 548 82 20 instans
864 547 32 21 till
905 547 86 25 instans,

171 576 87 21 komma
274 578 32 18 att
321 576 113 20 reduceras
450 576 30 20 till
497 578 31 18 ett
543 576 79 21 minimi
634 576 63 25 antal,
711 576 27 21 dä
748 576 67 21 mälen
824 576 23 21 sä
855 578 59 19 snart
922 576 71 21 kunna

171 604 91 26 afgöras.
293 604 45 21 Den
362 604 187 26 omständigheten,
573 606 31 19 att
621 604 35 21 det
671 606 24 19 är
710 604 22 21 af
746 605 81 26 ganska
842 608 44 18 stor
903 604 43 27 vigt
961 606 32 20 att

173 634 85 20 komma
280 633 32 21 till
335 633 32 21 sin
390 634 48 25 rätt,
461 633 56 21 inses
540 634 18 25 ej
574 633 88 22 allmänt
678 633 26 26 pä
720 633 83 26 landet;
820 640 47 15 men
883 633 36 21 det
934 635 24 19 är
973 633 19 27 ej

172 662 81 27 riktigt,
276 662 69 21 såsom
368 662 39 21 den
430 665 84 18 senaste
535 663 82 20 talaren
638 662 94 25 anförde,
754 665 31 18 att
804 663 104 26 allmogen
923 663 6 20 i
946 662 47 21 dess

173 691 72 21 helhet
267 691 68 20 skulle
357 693 87 18 motsatt
458 691 32 26 sig
505 690 116 22 reformens
636 691 171 26 genomförande,
823 693 92 19 tvärtom
930 691 62 21 fram-

171 719 56 21 hölls
250 719 64 21 redan
339 719 34 21 vid
391 721 83 19 senaste
496 719 101 26 landtdag
615 720 23 20 af
652 720 140 25 lagutskottet
807 721 6 19 i
829 720 80 26 frågan,
926 722 31 18 att
972 720 23 20 af

171 748 42 20 den
229 748 168 26 tingsmenighet,
413 754 44 14 som
474 748 6 20 i
495 748 65 20 saken
576 748 65 26 hörts,
659 750 30 18 ett
704 748 81 26 ganska
795 750 53 19 stort
859 748 58 21 antal
928 748 64 26 tings-

172 776 35 26 lag
230 776 80 21 biträdt
332 776 40 21 den
395 776 87 26 åsigten,
505 779 32 18 att
560 777 172 21 häradsrätterna
756 777 66 21 borde
841 777 104 21 ombildas
960 777 33 20 till

172 807 146 23 permanenta,
341 805 66 20 ehuru
430 805 60 20 dessa
513 804 79 22 kanske
616 805 45 21 icke
684 805 67 21 bildat
773 806 141 26 pluraliteten.
944 805 47 21 Men

171 833 70 21 såsom
264 833 106 21 utskottet
394 833 38 20 har
455 832 115 22 framhållit
584 846 27 2 —
627 834 19 25 ej
666 836 68 18 såsom
757 834 106 26 professor
883 833 109 27 Forsman,

172 868 46 14 som
234 863 67 25 säger,
317 863 32 19 att
365 861 173 21 häradsrätterna
553 868 50 14 vore
619 862 30 20 till
662 862 54 21 blott
728 862 32 21 för
771 862 67 21 andra
846 864 26 19 än
880 862 112 26 allmogen,

172 892 51 19 utan
239 893 32 17 att
286 890 174 20 häradsrätterna
475 890 59 26 skipa
550 890 35 26 lag
600 890 18 27 ej
635 890 54 21 blott
704 891 33 20 för
752 891 54 25 dem,
823 893 50 19 utan
887 890 61 21 äfven
960 890 32 21 för

171 919 68 20 andra
256 931 23 2 —
297 920 24 19 är
344 918 35 21 det
402 924 24 14 en
443 918 161 26 omständighet,
620 925 44 15 som
680 919 59 21 äfven
757 920 38 20 bör
811 921 59 25 tagas
886 920 6 20 i
908 919 84 21 betrak-

172 947 71 26 tande,
267 949 32 19 att
321 947 68 21 såsom
411 947 78 21 bekant
506 947 105 21 industrin
627 947 39 21 och
682 948 225 21 affärsverksamheten
924 948 67 21 öfver-

172 975 79 21 hufvud
273 976 27 26 på
322 976 72 20 landet
413 978 24 18 är
452 976 6 20 i
474 976 94 27 ständigt
583 976 124 27 tilltagande
722 977 40 21 och
777 980 32 18 att
824 978 36 20 det
875 976 33 22 för
924 977 68 21 denna

171 1004 200 21 affärsverksamhet
391 1006 22 19 är
434 1004 22 20 af
470 1005 81 25 ganska
566 1008 44 18 stor
626 1006 114 26 betydelse,
756 1008 32 18 att
804 1006 18 26 ej
838 1006 89 20 behöfva
943 1012 49 15 vara

173 1033 104 21 beroende
294 1033 60 21 deraf
369 1036 31 18 att
415 1033 119 27 fordringar
550 1034 60 26 länge
625 1034 33 20 stå
674 1036 34 19 ute
725 1034 71 21 derför
812 1036 31 19 att
853 1034 139 27 rättegången

171 1064 24 18 är
219 1062 101 26 långsam,
340 1062 27 20 då
383 1062 173 21 häradsrätterna
571 1064 159 19 sammanträda
745 1063 55 21 blott
815 1063 35 20 två
865 1063 78 26 gånger
958 1069 34 14 om

171 1089 47 21 året
241 1090 38 20 och
303 1096 47 14 man
371 1090 81 21 således
473 1090 45 21 från
538 1091 74 26 början
627 1091 33 20 får
675 1093 49 24 taga
739 1091 5 21 i
760 1091 117 27 beräkning
892 1091 50 21 flere
958 1091 34 21 års

172 1118 117 27 rättegång,
313 1118 63 21 innan
399 1125 25 14 en
448 1119 37 20 sak
507 1119 41 21 kan
573 1119 64 21 blifva
659 1119 88 26 afgjord.
778 1120 110 21 Erkänner
903 1126 48 14 man
967 1126 25 15 en

171 1147 62 26 gång,
253 1149 32 18 att
306 1147 35 20 det
357 1149 23 18 är
395 1147 22 20 af
431 1147 49 26 vigt,
496 1150 32 17 att
543 1147 173 22 häradsrätterna
732 1148 57 21 hålla
804 1151 69 18 tätare
889 1154 103 15 samman-

171 1175 82 24 träden,
277 1175 23 21 sä
322 1175 41 21 kan
387 1182 47 14 man
458 1176 61 21 äfven
542 1176 63 27 skilja
627 1177 68 20 denna
711 1177 59 26 fråga
785 1177 46 21 från
847 1177 47 23 den,
910 1179 32 19 att
957 1177 35 21 det

171 1203 61 22 äfven
254 1205 23 19 är
292 1203 23 21 af
329 1204 42 26 vigt
387 1206 31 18 att
433 1204 6 21 i
456 1204 116 21 domstolen
589 1204 63 21 hafva
667 1211 25 14 en
708 1205 94 27 lagfaren
819 1205 102 22 bisittare.
951 1205 41 26 Jag

171 1234 24 19 är
217 1232 128 27 fullkomligt
367 1239 48 14 ense
439 1233 47 20 med
506 1233 105 26 professor
632 1233 108 28 Forsman,
760 1237 32 18 att
813 1235 104 20 reformen
933 1234 18 27 ej
968 1236 24 19 är

171 1261 132 26 fullständigt
325 1261 123 26 genomförd
465 1262 120 26 derigenom
601 1264 31 19 att
647 1264 69 20 tätare
732 1263 170 21 sammanträden
918 1263 73 26 hållas,

171 1292 52 18 utan
238 1292 32 18 att
285 1290 142 21 domstolarne
444 1290 26 27 på
486 1291 71 20 landet
572 1293 57 18 ännu
642 1291 52 21 böra
704 1292 104 21 ombildas
819 1292 23 21 så
852 1295 32 18 att
895 1293 26 20 de
932 1292 59 21 bestå

170 1317 24 21 af
215 1318 107 26 kollegier,
347 1319 36 20 der
404 1318 49 21 flere
473 1319 94 26 lagfarne
582 1320 56 25 sitta,
656 1326 45 15 men
718 1321 72 20 derför
805 1323 32 18 att
852 1321 105 21 reformen
973 1321 18 26 ej

170 1347 42 19 kan
235 1347 134 25 genomföras
390 1347 132 26 fullständigt
544 1349 47 19 med
613 1354 42 18 ens,
672 1355 60 14 anser
745 1349 37 26 jag
798 1349 18 26 ej
832 1349 46 21 skäl
894 1355 50 14 vara
959 1351 33 18 att

171 1374 114 26 uppskjuta
307 1374 174 26 genomförandet
501 1375 23 20 af
540 1376 40 20 den
597 1376 33 21 del
646 1376 90 25 derutaf,
752 1383 44 14 som
813 1377 32 20 för
860 1377 131 20 närvarande

170 1404 25 19 är
215 1403 77 26 möjlig.
323 1403 50 21 Man
395 1403 95 21 kommer
503 1403 23 27 ju
542 1404 56 22 ändå
613 1406 31 19 ett
660 1406 45 24 steg
720 1404 78 22 framåt
814 1405 39 22 och
869 1405 38 21 har
922 1407 68 20 större

170 1432 66 25 utsigt
259 1434 32 18 att
314 1432 64 20 sedan
401 1432 85 21 komma
508 1433 79 26 längre,
610 1434 98 25 antingen
727 1440 75 20 genom
819 1434 38 21 den
874 1434 116 27 besparade

167 1459 188 28 lagmanskappen,
379 1460 68 21 såsom
471 1461 107 26 professor
599 1462 101 21 Forsman
725 1463 39 20 har
786 1463 82 26 önskat,
892 1463 52 21 eller
963 1463 27 28 på

169 1491 66 19 annat
255 1491 49 24 sätt,
327 1490 36 20 det
383 1491 24 19 är
429 1489 105 28 likgiltigt.
565 1491 66 21 Dessa
653 1491 71 26 frågor
747 1492 165 25 sammanhänga
933 1492 18 27 ej
967 1492 23 22 så

169 1517 108 28 orubbligt
300 1518 47 21 med
368 1518 125 28 hvarandra,
512 1522 32 19 att
559 1520 26 21 de
600 1519 46 22 icke
661 1520 71 21 kunna
748 1521 101 27 åtskiljas.
878 1521 112 22 Professor
