1084 1806
319 128 160 19 Presteständet
491 130 54 18 1877.
570 131 22 16 13
605 130 91 18 oktober.
838 124 55 22 1397

98 200 70 25 vägar.
194 198 42 22 Det
251 200 24 20 är
289 198 46 22 icke
350 199 74 21 endast
438 200 96 26 resande,
549 205 44 16 som
606 199 68 22 skulle
684 200 45 21 fara
739 200 27 27 pä
777 201 61 21 dessa
849 202 68 24 vägar,

100 229 49 20 utan
172 227 151 22 kommunerna
341 228 64 21 hafva
420 228 60 21 äfven
495 228 48 27 sjelf
555 228 67 21 fördel
638 228 61 21 deraf
710 234 76 21 genom
802 234 26 16 en
843 228 77 22 lättare

98 256 188 22 kommunikation.
317 256 40 27 Jag
379 256 103 22 vidhåller
502 256 71 22 derför
595 257 55 21 hvad
669 257 37 27 jag
728 257 57 22 förut
799 259 73 25 yttrat,
888 259 32 20 att

97 280 126 59 fujntelaget
245 285 65 21 borde
332 284 64 22 blifva
418 285 87 27 mindre,
524 286 128 22 åtminstone
667 286 45 21 icke
728 288 68 20 större
811 288 26 19 än
852 286 67 27 tings-

105 316 54 25 laget.

165 371 82 23 Rektor
262 371 152 23 Kihlman:
442 371 60 22 Huru
517 372 56 21 helst
585 372 68 21 denna
664 371 152 27 angelägenhet
825 372 95 21 kommer

98 403 32 20 att
151 401 84 26 ordnas,
257 401 62 21 torde
340 400 130 27 svärigheter
484 402 84 26 uppstä.
598 401 40 21 Om
653 400 124 28 skjutslaget
792 400 128 22 bestämmes

97 431 60 25 stort,
174 430 24 21 sä
213 431 32 20 att
261 430 35 21 det
311 429 155 22 sammanfaller
482 430 48 21 med
546 430 93 26 häradet,
650 429 63 22 söker
723 436 48 15 man
781 429 139 27 naturligtvis,

98 459 68 22 såsom
189 458 135 28 domprosten
347 458 56 27 Borg
426 458 38 22 har
485 458 121 27 framhållit,
629 460 32 20 att
684 457 62 23 ställa
760 459 24 21 sä
799 458 32 22 till
846 460 32 20 att
894 458 26 21 de

97 490 94 20 närmast
208 488 80 22 boende
303 488 84 22 komma
403 489 32 20 att
450 487 115 23 verkställa
579 487 46 22 sina
639 490 59 19 turer
712 487 35 22 vid
762 488 36 21 det
812 489 107 20 närmaste

97 517 150 28 gästgifveriet,
263 523 47 16 men
325 517 7 21 i
347 517 67 22 andra
428 516 37 23 fall
480 517 41 22 kan
537 517 36 22 det
587 517 46 22 icke
648 517 44 21 läta
706 519 52 24 göra
768 516 32 27 sig
810 518 32 20 att
853 517 67 21 ordna

98 547 64 22 saken
182 547 28 26 pä
233 547 58 21 detta
311 547 50 21 sätt.
391 546 39 22 Om
453 548 13 19 t.
491 553 31 15 ex.
546 548 31 20 ett
597 545 122 28 gästgifveri
734 545 67 29 ligger
816 545 34 22 vid
864 545 57 28 jern-

97 578 66 25 vägen
179 575 39 22 och
234 575 69 22 derför
318 577 24 20 är
357 575 116 27 betungadt
488 576 46 21 med
550 575 88 28 mycken
653 575 125 27 skjutsning,
793 575 71 22 kunna
874 575 46 22 icke

98 605 26 22 de
138 606 94 21 närmast
248 604 82 23 boende
345 604 114 22 verkställa
474 604 195 27 hällskjutsningen,
684 606 53 20 utan
749 605 69 21 denna
827 603 93 22 fördelas

98 635 26 26 pä
139 633 73 28 längre
227 633 49 22 bort
291 634 89 26 belägna
395 633 39 22 och
450 634 119 27 derigenom
586 633 40 22 blir
641 635 79 25 tungan
731 633 33 22 för
774 633 60 22 dessa
845 634 75 20 större.

98 663 64 22 Läter
184 669 48 16 man
255 663 125 27 skjutslaget
401 663 146 22 sammanfalla
569 662 47 23 med
639 662 112 27 tingslaget
772 662 87 27 uppstär
874 662 46 21 äter

98 691 113 28 ojemnhet,
227 692 88 21 emedan
330 691 57 22 olika
401 692 125 21 kommuner
541 691 68 22 skulle
625 691 52 22 bära
691 691 57 22 olika
759 693 65 25 tunga
834 690 39 23 och
884 691 36 21 det

97 723 24 19 är
143 721 68 21 denna
233 721 118 26 olägenhet,
373 727 45 15 som
441 721 67 21 skulle
530 721 85 21 komma
635 722 33 19 att
682 719 135 27 missbrukas,
832 719 88 22 emedan

98 749 134 22 minoriteten
254 749 39 22 här
315 755 70 16 ensam
408 749 68 22 skulle
498 749 85 22 komma
597 751 33 19 att
645 748 77 27 afgöra.
754 749 34 21 Då
803 747 117 23 emellertid

98 777 134 23 minoriteten
248 778 65 26 enligt
328 778 147 27 kyrkoherden
491 778 117 22 Stenbäcks
623 777 78 27 förslag
716 777 46 22 icke
778 777 67 22 skulle
858 777 62 22 hafva

98 808 70 20 votum
191 807 120 26 decisivum,
333 809 50 19 utan
403 807 66 22 saken
490 807 123 26 hänskjutas
627 806 34 21 till
676 808 137 25 guvernören,
828 812 45 15 som
890 806 30 21 bi-

98 835 66 27 faller,
185 835 44 22 ifall
248 835 41 22 han
305 841 62 16 anser
382 836 36 21 det
432 842 51 15 vara
497 836 33 21 för
545 836 36 21 det
595 835 106 22 allmänna
716 835 76 27 bättre,
808 841 62 22 synes
885 835 36 21 det

98 865 42 26 mig
155 871 50 16 vara
221 864 111 27 anledning
347 866 33 20 att
394 867 40 24 tro,
451 867 32 19 att
498 867 31 20 ett
544 864 106 22 missbruk
665 864 23 21 af
695 864 90 22 friheten
796 864 46 21 icke
853 863 67 22 skulle

98 894 85 21 komma
198 896 32 19 att
245 901 38 20 ega
298 900 46 15 rum
360 894 7 21 i
382 895 68 20 större
465 893 65 22 skala.
556 894 33 21 Då
603 899 29 16 nu
655 893 225 27 skjutsningsbesväret
896 895 24 19 är

98 924 31 19 ett
144 925 62 24 tungt
222 923 79 26 besvär,
318 922 69 23 skulle
399 923 36 26 jag
450 923 67 21 önska
532 925 31 20 att
578 922 78 22 bereda
671 922 33 27 de,
720 928 44 16 som
780 924 37 20 äro
833 921 87 23 dermed

98 951 127 28 betungade,
240 952 23 21 så
284 952 87 27 mycken
393 951 69 27 frihet,
486 958 45 16 som
554 953 23 20 är
595 951 90 26 förenlig
700 951 48 22 med
763 951 36 22 det
814 951 106 21 allmänna

99 981 67 25 bästa,
190 981 39 20 och
251 981 27 21 då
298 980 38 29 jag
358 987 61 15 anser
442 983 32 19 att
496 981 36 21 det
546 981 42 21 kan
603 980 38 21 ske
657 979 52 22 efter
724 980 36 21 det
775 980 83 26 förslag,
874 985 46 16 som

98 1009 147 27 kyrkoherden
261 1009 105 22 Stenbäck
381 1009 105 27 framlagt,
502 1009 38 22 ber
549 1009 37 27 jag
596 1011 32 19 att
639 1008 20 23 få
669 1009 137 26 understödja
816 1008 41 22 det.
880 1007 40 28 Jag

100 1037 36 22 ber
158 1038 65 21 också
245 1041 32 19 att
291 1038 21 21 få
327 1039 54 20 fästa
396 1038 213 27 uppmärksamheten
625 1038 27 26 på
667 1039 32 20 att
715 1038 55 21 1867
784 1038 35 21 års
834 1037 87 22 ständer

98 1067 103 21 stannade
216 1067 6 20 i
238 1067 111 21 enahanda
363 1066 83 26 beslut;
472 1067 36 22 det
523 1066 60 22 heter
598 1066 118 27 nämligen:
741 1066 137 29 ,skjutslaget
893 1066 27 26 på

98 1095 72 21 landet
185 1097 86 25 utgöres
285 1095 22 22 af
322 1095 94 27 häradet,
432 1095 24 22 så
471 1095 63 22 framt
549 1095 47 22 icke
609 1094 211 23 öfverenskommelse
829 1094 49 22 sker
888 1095 32 20 att

98 1123 126 28 skjutslaget
244 1124 125 21 inskränkes
385 1123 50 22 eller
450 1125 97 26 utvidgas
562 1124 32 21 till
609 1126 66 19 annat
689 1123 87 22 område
791 1123 38 22 och
844 1129 76 21 guver-

99 1154 65 20 nören
179 1152 67 22 finner
261 1153 46 21 skäl
322 1153 70 21 dertill
407 1152 91 23 bifalla".

168 1210 89 22 Prosten
280 1211 78 21 Roos
381 1210 93 22 uttalade
490 1210 31 27 sig
536 1212 57 20 emot
609 1210 36 22 det
660 1209 21 22 af
694 1209 147 28 kyrkoherden
856 1209 64 23 Sten-

99 1239 53 23 bäck
166 1239 76 28 gjorda
255 1239 108 28 förslaget.

166 1296 89 22 Prosten
300 1296 128 27 Bergroth
444 1302 38 15 var
495 1297 144 21 förekommen
655 1296 22 21 af
689 1298 87 25 prosten
791 1296 129 26 Rosengren.

167 1353 142 26 Domprosten
325 1353 90 26 Borg:
439 1353 43 22 Det
497 1355 23 20 är
535 1354 48 21 sant
598 1354 32 20 att
645 1352 156 28 propositionen
817 1352 32 22 till
865 1352 55 21 1867

98 1382 35 21 års
154 1381 101 28 landtdag
276 1382 94 21 innehöll
393 1382 66 27 bägge
480 1381 146 24 alternativen,
648 1383 32 21 att
701 1381 125 27 skjutslaget
848 1380 72 22 kunde

98 1409 54 23 både
175 1410 72 26 vidgas
270 1410 39 22 och
331 1410 99 27 minskas,
446 1416 47 16 men
508 1411 20 21 vi
543 1410 62 22 hafva
619 1409 47 23 icke
680 1409 65 22 lefvat
760 1409 30 22 tio
805 1410 24 21 år
843 1409 78 22 framåt

98 1438 111 26 förgäfves.
234 1439 46 20 Den
295 1444 46 15 som
356 1438 36 21 vill
406 1444 23 15 se
444 1439 92 20 motiven
551 1438 32 20 till
599 1439 36 20 det
647 1444 28 15 nu
686 1438 118 25 föreslagna
817 1438 103 23 området,

98 1466 106 25 nämligen
227 1466 48 21 dess
290 1465 159 22 bestämmande
464 1465 32 22 till
511 1466 94 25 häradet,
621 1466 42 21 kan
678 1466 46 21 läsa
738 1466 48 21 dem
800 1465 28 27 på
842 1465 78 27 pagina

98 1495 29 21 24
141 1495 7 21 i
165 1494 149 23 betänkandet.
338 1494 46 22 Den
400 1494 85 27 komité,
501 1500 46 17 som
558 1494 125 22 utarbetade
694 1494 58 22 detta
761 1493 86 28 förslag,
856 1494 64 22 fram-

100 1523 43 22 höll
162 1523 76 28 tydligt
253 1526 32 19 att
297 1523 96 29 jemnhet
408 1523 6 21 i
429 1523 222 28 skjutsningsbördans
666 1523 137 28 uppbärande
818 1523 45 22 icke
878 1522 42 22 kan
