1089 1811
216 137 55 21 1376
419 142 161 18 Presteständet
591 143 55 17 1877.
672 143 22 16 13
706 142 92 17 oktober.

188 212 55 20 fatta
265 211 165 22 bondeståndets
445 211 108 21 uttalande
569 211 38 21 och
623 217 62 15 anser
700 210 71 22 derför
786 212 31 19 att
833 210 68 21 denna
916 209 66 21 första
997 209 11 27 $

187 240 67 22 borde
273 240 125 22 formuleras
417 241 70 20 såsom
507 240 72 21 rektor
594 238 98 24 Kihlman
707 240 7 20 i
730 238 216 22 öfverensstämmelse
961 238 48 22 med

187 269 166 22 bondeståndets
369 268 68 22 beslut
451 268 39 22 har
504 268 114 28 föreslagit.
644 268 120 22 Utskottets
780 268 132 21 betänkande
924 267 38 22 har
973 267 36 22 det

188 300 57 18 emot
264 298 31 25 sig
311 300 37 23 att,
364 298 68 21 såsom
447 297 66 21 redan
529 300 23 18 är
567 297 104 25 anmärkt,
688 296 35 22 det
738 296 54 21 talar
807 302 33 15 om
856 296 152 27 skyldighet

189 326 27 21 då
239 332 47 15 man
308 325 46 22 icke
376 326 71 21 derom
464 324 98 23 behöfver
577 325 50 22 tala.
656 325 46 22 Den
719 324 117 28 Kejserliga
850 325 158 26 propositionen

189 354 46 21 åter
257 355 38 20 har
316 354 85 26 inslagit
424 361 24 14 en
465 354 44 21 helt
525 360 68 16 annan
608 355 46 25 väg,
669 353 83 22 hvilken
767 353 36 26 jag
818 353 54 21 dock
887 353 46 22 icke
948 359 61 16 anser

189 389 50 15 vara
255 383 39 21 den
310 382 216 28 ändamålsenligaste,
542 385 51 20 utan
608 383 73 27 tycker
690 385 33 19 att
734 382 104 21 utskottet
849 381 44 23 deri
902 382 7 21 i
919 381 90 22 hufvud-

188 411 38 22 sak
241 411 71 22 träffat
327 411 36 22 det
377 413 61 20 rätta.

257 469 82 21 Doktor
357 468 142 27 Lampön:
522 469 30 21 På
568 468 67 27 grund
650 467 21 22 af
686 468 36 21 det
734 469 36 26 jag
786 468 66 21 under
867 469 83 20 senaste
966 473 42 16 ses-

189 497 46 22 sion
257 497 54 22 hade
335 499 50 20 äran
408 497 78 26 anföra,
509 497 6 22 i
530 497 80 22 hvilket
624 497 144 21 hufvudsaken
784 503 38 15 var
838 497 39 21 den
892 498 33 19 att
940 498 68 19 entre-

189 526 181 27 prenadsystemet
392 525 68 22 skulle
482 526 84 25 införas,
588 525 67 22 måste
675 526 36 26 jag
733 525 128 22 fortfarande
882 525 54 26 yrka
953 525 52 27 på
992 521 17 36 1

190 555 57 26 $:ens
258 555 119 26 antagande
387 554 53 21 efter
450 554 243 22 utskottsbetänkandet.
718 553 69 22 Gerna
802 554 54 21 hade
868 553 38 27 jag
920 555 42 20 sett
978 555 31 19 att

189 583 66 22 orden
271 582 134 28 ,skyldighet
419 582 89 27 åligger"
524 583 45 21 icke
584 582 54 21 hade
653 582 78 21 funnits
746 583 6 20 i
770 583 8 20 1
796 583 40 26 &:n,
850 588 48 15 men
914 582 27 21 dä
956 581 52 22 efter

190 612 61 20 dessa
273 611 38 21 ord
332 610 60 27 följer
406 611 137 27 ,tillsvidare*
558 612 24 20 sä
597 610 117 28 upphäfver
728 611 36 21 det
779 610 45 22 helt
839 610 39 22 och
893 609 65 22 hållet
974 610 35 21 det

189 639 36 22 det
241 639 123 27 obehagliga
379 639 6 21 i
402 640 110 26 uttrycket.

257 696 111 22 Professor
389 696 172 22 Ehrström:
584 696 66 22 Äfven
670 696 36 27 jag
727 696 40 21 hör
788 695 32 22 till
839 696 46 21 dem
901 702 45 15 som
962 695 47 21 dela

189 725 64 27 syftet
274 725 7 21 i
304 725 36 21 det
362 724 84 28 förslag,
467 731 44 15 som
530 726 73 20 rektor
617 724 99 22 Kihlman
732 724 39 22 har
785 724 118 22 framställt.
935 724 74 21 Likväl

188 754 43 22 kan
249 754 36 27 jag
307 754 46 22 icke
376 754 72 21 förena
470 754 42 26 mig
533 753 6 21 i
555 754 55 21 hvad
625 753 71 21 rektor
712 753 98 22 Kihlman
826 753 60 22 äfven
902 755 107 19 omnämnt

189 784 32 19 att
236 782 53 21 hvad
306 788 29 15 nu
351 782 22 21 af
386 783 114 20 ständerna
515 782 94 21 kommer
624 784 32 19 att
671 784 87 25 antagas
774 781 67 22 skulle
856 784 88 23 antagas
954 781 56 21 blott

189 811 32 21 för
243 811 42 22 viss
303 811 36 21 tid.
370 811 76 21 Derom
463 811 39 21 har
516 811 67 22 under
598 810 145 22 diskussionen
758 811 121 21 sedermera
894 810 46 22 icke
954 811 56 20 varit

189 839 65 27 fräga.
276 840 41 27 Jag
332 839 54 22 fäste
402 840 41 26 mig
458 839 34 22 vid
508 839 68 22 denna
591 839 67 28 punkt
672 839 33 21 för
719 841 31 20 att
766 839 111 22 framhälla
892 839 36 22 det
943 839 65 21 orim-

189 868 42 27 liga
254 869 51 25 deri,
328 870 32 19 att
382 869 104 26 nämligen
509 867 160 28 författningens
690 868 120 26 antagande
832 869 27 26 pä
881 874 26 15 en
922 868 41 21 viss
978 867 32 22 tid

189 897 71 21 kunde
275 897 48 21 leda
339 897 79 21 derhän
433 899 31 19 att
479 897 43 21 ifall
538 899 54 19 stats
607 899 109 24 magterna
726 897 46 21 icke
782 896 145 22 dessförinnan
938 897 72 20 förena

189 925 32 27 sig
242 932 34 14 om
295 925 67 22 andra
377 925 97 26 grunder,
490 926 49 25 inga
553 925 157 26 bestämningar
725 925 108 27 angäende
848 924 162 28 skjutshällning

190 954 39 21 och
244 954 145 27 gästgifverier
403 954 67 21 skulle
485 954 74 22 finnas.
575 954 42 21 Det
632 960 61 20 synes
708 954 42 26 mig
766 953 127 27 tillräckligt,
907 955 31 20 att
951 954 59 20 detta

189 983 109 27 uttryckes
320 983 69 21 såsom
411 983 58 21 skett
488 984 49 20 med
552 983 61 21 ordet
628 982 150 25 ,tillsvidare*.
807 982 43 22 För
865 982 63 27 öfrigt
942 982 68 22 skulle

187 1011 37 27 jag
246 1011 72 21 förena
340 1011 41 27 mig
405 1011 48 21 med
474 1012 54 26 dem,
551 1018 45 14 som
618 1011 50 27 vilja
683 1011 62 21 hafva
760 1011 100 22 särskildt
875 1011 135 26 undantagna

188 1039 140 22 lotshemman
351 1040 40 21 och
412 1040 107 22 ordinarie
542 1040 254 28 sjöpostförarehemman,
820 1040 87 21 emedan
923 1040 26 21 de
964 1039 46 22 icke

187 1068 73 22 kunna
282 1068 98 22 hänföras
395 1068 67 22 under
477 1070 39 20 den
532 1069 142 26 formulering,
691 1075 45 15 som
751 1069 73 21 rektor
838 1068 101 22 Kihlman
954 1068 56 21 före-

188 1097 63 26 slagit
273 1098 38 21 och
335 1098 36 20 det
393 1097 61 22 torde
477 1098 121 26 medgifvas,
618 1099 31 20 att
664 1098 50 20 lots-
730 1098 39 21 och
784 1097 149 27 sjöpostförare
948 1097 62 21 hafva

187 1125 113 28 tillräcklig
314 1126 161 27 skjutshälloing
490 1132 75 21 genom
580 1126 36 21 det
630 1126 116 26 äliggande,
761 1132 45 16 som
817 1128 24 20 är
852 1126 46 22 dem
909 1126 100 22 ähvälfdt.

188 1154 40 26 Jag
251 1154 92 27 grundar
366 1155 57 21 detta
446 1156 48 20 mitt
515 1155 100 27 yttrande
630 1155 27 26 pä
672 1154 156 28 lagstiftningen
849 1155 6 21 i
871 1156 76 20 ämnet.
977 1154 31 22 De

188 1183 114 26 undantag,
318 1189 45 15 som
379 1189 38 20 ega
432 1190 52 18 rum,
500 1183 81 27 grunda
591 1184 31 25 sig
634 1182 45 22 dels
691 1184 27 25 pä
730 1183 198 26 ständsprivilegier,
938 1183 72 21 hvilka

188 1211 46 21 åter
256 1213 37 19 äro
316 1213 95 20 närmare
426 1211 120 22 förklarade
561 1218 75 21 genom
651 1212 115 26 förenings-
781 1211 39 22 och
835 1211 173 22 säkerhetsakten

188 1239 39 21 och
251 1239 44 22 dels
317 1240 28 26 pä
359 1240 153 27 författningar,
536 1247 46 14 som
600 1240 46 21 icke
662 1239 61 22 hafva
738 1240 111 27 privilegii-
865 1240 51 21 eller
930 1240 78 26 grund-

188 1267 115 28 lagsnatur.
328 1268 34 21 Nu
378 1268 126 21 bestämmer
519 1269 115 26 förenings-
650 1269 39 21 och
704 1269 173 21 säkerhetsakten
892 1269 6 20 i
914 1269 12 20 3
942 1269 67 26 punk-

188 1298 43 25 ten,
254 1298 32 19 att
307 1297 227 27 skjutsningsbesväret
552 1297 39 22 bör
614 1297 57 21 delas
694 1297 42 21 lika
754 1298 26 26 pä
804 1297 41 22 alla
868 1313 9 8 ,
882 1297 98 21 hemman
1001 1297 7 20 i

188 1324 61 27 riket,
265 1325 121 26 säterierna,
402 1326 24 21 rä
441 1325 38 22 och
495 1328 46 19 rörs
555 1327 55 20 samt
622 1326 100 21 insockne
732 1326 104 24 hemman,
847 1325 39 22 och
896 1325 111 25 boställen,

189 1353 91 20 derifrän
296 1354 135 25 undantagne
446 1354 39 20 och
500 1354 114 25 befriade*,
630 1360 47 14 men
695 1354 61 21 bland
773 1354 133 25 undantagen
921 1356 87 18 nämnes

187 1380 95 22 hvarken
297 1381 50 21 lots-
363 1381 51 21 eller
429 1381 249 26 postförarehemmanen.
693 1382 46 21 Den
757 1381 102 26 befrielse,
875 1387 45 15 som
936 1382 26 21 de
976 1382 32 20 ät-

188 1409 66 25 njuta,
269 1409 94 26 grundar
377 1409 31 27 sig
423 1409 70 22 säsom
508 1410 61 25 sagdt
581 1410 27 27 pä
619 1409 155 28 författningar,
784 1416 45 15 som
840 1410 93 21 hvarken
946 1409 62 22 hafva

187 1437 114 27 privilegii-
316 1437 51 22 eller
382 1438 177 27 grundlagsnatur
574 1439 38 20 och
628 1445 45 15 som
688 1439 76 21 ställda
774 1440 57 20 emot
841 1439 115 25 förenings-
968 1438 39 22 och

188 1466 186 22 säkerhetsaktens
395 1467 130 26 stadganden
547 1467 46 21 icke
615 1467 61 21 hafva
698 1468 69 26 nägon
787 1467 113 27 betydelse,
917 1467 39 21 och
972 1467 35 21 det

188 1500 51 15 vore
254 1494 70 22 derför
339 1494 46 22 skäl
401 1497 31 19 att
447 1495 61 21 dessa
524 1495 104 22 särskilda
642 1495 97 22 hemman
755 1496 60 21 äfven
826 1495 67 22 skulle
903 1498 103 25 upptagas

187 1522 65 23 bland
267 1523 54 28 dem,
336 1529 45 16 som
397 1525 35 20 äro
449 1524 98 22 befriade.
