<?xml version="1.0" encoding="UTF-8"?>
<alto xmlns="http://www.loc.gov/standards/alto/ns-v3#" xmlns:xlink="http://www.w3.org/1999/xlink" xmlns:xsi="http://www.w3.org/2001/XMLSchema-instance" xsi:schemaLocation="http://www.loc.gov/standards/alto/ns-v3# http://www.loc.gov/alto/v3/alto-3-0.xsd">
	<Description>
		<MeasurementUnit>pixel</MeasurementUnit>
		<sourceImageInformation>
			<fileName>/tmp/tess_epqn6teb_input.PNG</fileName>
		</sourceImageInformation>
		<OCRProcessing ID="OCR_0">
			<ocrProcessingStep>
				<processingSoftware>
					<softwareName>tesseract 5.3.4</softwareName>
				</processingSoftware>
			</ocrProcessingStep>
		</OCRProcessing>
	</Description>
	<Layout>
		<Page WIDTH="1092" HEIGHT="1756" PHYSICAL_IMG_NR="0" ID="page_0">
			<PrintSpace HPOS="0" VPOS="0" WIDTH="1092" HEIGHT="1756">
				<ComposedBlock ID="cblock_0" HPOS="206" VPOS="124" WIDTH="546" HEIGHT="22">
					<TextBlock ID="block_0" HPOS="206" VPOS="124" WIDTH="546" HEIGHT="22">
						<TextLine ID="line_0" HPOS="206" VPOS="124" WIDTH="546" HEIGHT="22">
							<String ID="string_0" HPOS="206" VPOS="124" WIDTH="55" HEIGHT="22" WC="0.94" CONTENT="1190"/><SP WIDTH="123" VPOS="124" HPOS="261"/>
							<String ID="string_1" HPOS="384" VPOS="129" WIDTH="158" HEIGHT="17" WC="0.92" CONTENT="Presteständet"/><SP WIDTH="14" VPOS="129" HPOS="542"/>
							<String ID="string_2" HPOS="556" VPOS="130" WIDTH="54" HEIGHT="16" WC="0.96" CONTENT="1877."/><SP WIDTH="25" VPOS="130" HPOS="610"/>
							<String ID="string_3" HPOS="635" VPOS="129" WIDTH="13" HEIGHT="16" WC="0.76" CONTENT="38"/><SP WIDTH="14" VPOS="129" HPOS="648"/>
							<String ID="string_4" HPOS="662" VPOS="128" WIDTH="90" HEIGHT="18" WC="0.96" CONTENT="oktober."/>
						</TextLine>
					</TextBlock>
				</ComposedBlock>
				<GraphicalElement ID="cblock_1" HPOS="177" VPOS="156" WIDTH="821" HEIGHT="5"></GraphicalElement >
				<ComposedBlock ID="cblock_2" HPOS="176" VPOS="195" WIDTH="848" HEIGHT="744">
					<TextBlock ID="block_1" HPOS="176" VPOS="195" WIDTH="848" HEIGHT="744">
						<TextLine ID="line_1" HPOS="177" VPOS="195" WIDTH="823" HEIGHT="29">
							<String ID="string_5" HPOS="177" VPOS="198" WIDTH="31" HEIGHT="26" WC="0.95" CONTENT="sig"/><SP WIDTH="15" VPOS="198" HPOS="208"/>
							<String ID="string_6" HPOS="223" VPOS="203" WIDTH="26" HEIGHT="15" WC="0.96" CONTENT="en"/><SP WIDTH="15" VPOS="203" HPOS="249"/>
							<String ID="string_7" HPOS="264" VPOS="197" WIDTH="84" HEIGHT="26" WC="0.96" CONTENT="kristlig"/><SP WIDTH="15" VPOS="197" HPOS="348"/>
							<String ID="string_8" HPOS="363" VPOS="197" WIDTH="124" HEIGHT="27" WC="0.96" CONTENT="uppfostran"/><SP WIDTH="15" VPOS="197" HPOS="487"/>
							<String ID="string_9" HPOS="502" VPOS="197" WIDTH="39" HEIGHT="21" WC="0.96" CONTENT="och"/><SP WIDTH="10" VPOS="197" HPOS="541"/>
							<String ID="string_10" HPOS="551" VPOS="196" WIDTH="147" HEIGHT="26" WC="0.96" CONTENT="undervisning"/><SP WIDTH="11" VPOS="196" HPOS="698"/>
							<String ID="string_11" HPOS="709" VPOS="196" WIDTH="88" HEIGHT="22" WC="0.96" CONTENT="beredas"/><SP WIDTH="11" VPOS="196" HPOS="797"/>
							<String ID="string_12" HPOS="808" VPOS="196" WIDTH="55" HEIGHT="22" WC="0.95" CONTENT="blott"/><SP WIDTH="10" VPOS="196" HPOS="863"/>
							<String ID="string_13" HPOS="873" VPOS="202" WIDTH="74" HEIGHT="21" WC="0.93" CONTENT="genom"/><SP WIDTH="11" VPOS="202" HPOS="947"/>
							<String ID="string_14" HPOS="958" VPOS="195" WIDTH="42" HEIGHT="21" WC="0.91" CONTENT="till-"/>
						</TextLine>
						<TextLine ID="line_2" HPOS="176" VPOS="224" WIDTH="822" HEIGHT="28">
							<String ID="string_15" HPOS="176" VPOS="226" WIDTH="50" HEIGHT="21" WC="0.93" CONTENT="fälle"/><SP WIDTH="15" VPOS="226" HPOS="226"/>
							<String ID="string_16" HPOS="241" VPOS="228" WIDTH="31" HEIGHT="19" WC="0.96" CONTENT="att"/><SP WIDTH="15" VPOS="228" HPOS="272"/>
							<String ID="string_17" HPOS="287" VPOS="226" WIDTH="26" HEIGHT="26" WC="0.96" CONTENT="gå"/><SP WIDTH="15" VPOS="226" HPOS="313"/>
							<String ID="string_18" HPOS="328" VPOS="226" WIDTH="7" HEIGHT="20" WC="0.96" CONTENT="i"/><SP WIDTH="15" VPOS="226" HPOS="335"/>
							<String ID="string_19" HPOS="350" VPOS="225" WIDTH="110" HEIGHT="21" WC="0.95" CONTENT="folkskola."/><SP WIDTH="26" VPOS="225" HPOS="460"/>
							<String ID="string_20" HPOS="486" VPOS="225" WIDTH="41" HEIGHT="27" WC="0.96" CONTENT="Jag"/><SP WIDTH="14" VPOS="225" HPOS="527"/>
							<String ID="string_21" HPOS="541" VPOS="225" WIDTH="38" HEIGHT="21" WC="0.96" CONTENT="har"/><SP WIDTH="15" VPOS="225" HPOS="579"/>
							<String ID="string_22" HPOS="594" VPOS="225" WIDTH="55" HEIGHT="21" WC="0.96" CONTENT="velat"/><SP WIDTH="15" VPOS="225" HPOS="649"/>
							<String ID="string_23" HPOS="664" VPOS="226" WIDTH="52" HEIGHT="26" WC="0.96" CONTENT="göra"/><SP WIDTH="15" VPOS="226" HPOS="716"/>
							<String ID="string_24" HPOS="731" VPOS="227" WIDTH="31" HEIGHT="19" WC="0.93" CONTENT="ett"/><SP WIDTH="11" VPOS="227" HPOS="762"/>
							<String ID="string_25" HPOS="773" VPOS="224" WIDTH="65" HEIGHT="27" WC="0.91" CONTENT="tilläg,"/><SP WIDTH="16" VPOS="224" HPOS="838"/>
							<String ID="string_26" HPOS="854" VPOS="231" WIDTH="45" HEIGHT="15" WC="0.93" CONTENT="som"/><SP WIDTH="24" VPOS="231" HPOS="899"/>
							<String ID="string_27" HPOS="923" VPOS="224" WIDTH="75" HEIGHT="22" WC="0.90" CONTENT="verkli-"/>
						</TextLine>
						<TextLine ID="line_3" HPOS="177" VPOS="253" WIDTH="821" HEIGHT="28">
							<String ID="string_28" HPOS="177" VPOS="261" WIDTH="39" HEIGHT="19" WC="0.96" CONTENT="gen"/><SP WIDTH="16" VPOS="261" HPOS="216"/>
							<String ID="string_29" HPOS="232" VPOS="254" WIDTH="75" HEIGHT="21" WC="0.95" CONTENT="hänför"/><SP WIDTH="15" VPOS="254" HPOS="307"/>
							<String ID="string_30" HPOS="322" VPOS="254" WIDTH="31" HEIGHT="26" WC="0.96" CONTENT="sig"/><SP WIDTH="16" VPOS="254" HPOS="353"/>
							<String ID="string_31" HPOS="369" VPOS="254" WIDTH="30" HEIGHT="21" WC="0.93" CONTENT="till"/><SP WIDTH="16" VPOS="254" HPOS="399"/>
							<String ID="string_32" HPOS="415" VPOS="253" WIDTH="131" HEIGHT="28" WC="0.96" CONTENT="uppfostran,"/><SP WIDTH="11" VPOS="253" HPOS="546"/>
							<String ID="string_33" HPOS="557" VPOS="254" WIDTH="104" HEIGHT="26" WC="0.96" CONTENT="nämligen"/><SP WIDTH="11" VPOS="254" HPOS="661"/>
							<String ID="string_34" HPOS="672" VPOS="256" WIDTH="31" HEIGHT="19" WC="0.93" CONTENT="ett"/><SP WIDTH="10" VPOS="256" HPOS="703"/>
							<String ID="string_35" HPOS="713" VPOS="254" WIDTH="80" HEIGHT="26" WC="0.96" CONTENT="tillägg,"/><SP WIDTH="12" VPOS="254" HPOS="793"/>
							<String ID="string_36" HPOS="805" VPOS="260" WIDTH="51" HEIGHT="18" WC="0.93" CONTENT="som,"/><SP WIDTH="12" VPOS="260" HPOS="856"/>
							<String ID="string_37" HPOS="868" VPOS="254" WIDTH="69" HEIGHT="21" WC="0.92" CONTENT="sävidt"/><SP WIDTH="10" VPOS="254" HPOS="937"/>
							<String ID="string_38" HPOS="947" VPOS="253" WIDTH="51" HEIGHT="27" WC="0.92" CONTENT="möj-"/>
						</TextLine>
						<TextLine ID="line_4" HPOS="178" VPOS="282" WIDTH="820" HEIGHT="28">
							<String ID="string_39" HPOS="178" VPOS="284" WIDTH="39" HEIGHT="26" WC="0.96" CONTENT="ligt"/><SP WIDTH="14" VPOS="284" HPOS="217"/>
							<String ID="string_40" HPOS="231" VPOS="285" WIDTH="30" HEIGHT="25" WC="0.96" CONTENT="är,"/><SP WIDTH="16" VPOS="285" HPOS="261"/>
							<String ID="string_41" HPOS="277" VPOS="283" WIDTH="68" HEIGHT="21" WC="0.97" CONTENT="skulle"/><SP WIDTH="14" VPOS="283" HPOS="345"/>
							<String ID="string_42" HPOS="359" VPOS="286" WIDTH="114" HEIGHT="23" WC="0.96" CONTENT="garantera"/><SP WIDTH="15" VPOS="286" HPOS="473"/>
							<String ID="string_43" HPOS="488" VPOS="283" WIDTH="26" HEIGHT="21" WC="0.93" CONTENT="de"/><SP WIDTH="15" VPOS="283" HPOS="514"/>
							<String ID="string_44" HPOS="529" VPOS="283" WIDTH="74" HEIGHT="26" WC="0.96" CONTENT="fattiga"/><SP WIDTH="15" VPOS="283" HPOS="603"/>
							<String ID="string_45" HPOS="618" VPOS="282" WIDTH="79" HEIGHT="22" WC="0.96" CONTENT="barnen"/><SP WIDTH="16" VPOS="282" HPOS="697"/>
							<String ID="string_46" HPOS="713" VPOS="284" WIDTH="31" HEIGHT="20" WC="0.96" CONTENT="ett"/><SP WIDTH="15" VPOS="284" HPOS="744"/>
							<String ID="string_47" HPOS="759" VPOS="282" WIDTH="56" HEIGHT="22" WC="0.96" CONTENT="hem."/><SP WIDTH="29" VPOS="282" HPOS="815"/>
							<String ID="string_48" HPOS="844" VPOS="282" WIDTH="40" HEIGHT="27" WC="0.96" CONTENT="Jag"/><SP WIDTH="15" VPOS="282" HPOS="884"/>
							<String ID="string_49" HPOS="899" VPOS="282" WIDTH="38" HEIGHT="22" WC="0.93" CONTENT="har"/><SP WIDTH="15" VPOS="282" HPOS="937"/>
							<String ID="string_50" HPOS="952" VPOS="282" WIDTH="46" HEIGHT="27" WC="0.96" CONTENT="icke"/>
						</TextLine>
						<TextLine ID="line_5" HPOS="178" VPOS="310" WIDTH="821" HEIGHT="29">
							<String ID="string_51" HPOS="178" VPOS="314" WIDTH="47" HEIGHT="25" WC="0.92" CONTENT="sagt"/><SP WIDTH="16" VPOS="314" HPOS="225"/>
							<String ID="string_52" HPOS="241" VPOS="312" WIDTH="25" HEIGHT="21" WC="0.96" CONTENT="de"/><SP WIDTH="14" VPOS="312" HPOS="266"/>
							<String ID="string_53" HPOS="280" VPOS="312" WIDTH="42" HEIGHT="20" WC="0.96" CONTENT="ord"/><SP WIDTH="9" VPOS="312" HPOS="322"/>
							<String ID="string_54" HPOS="331" VPOS="312" WIDTH="106" HEIGHT="26" WC="0.96" CONTENT="professor"/><SP WIDTH="13" VPOS="312" HPOS="437"/>
							<String ID="string_55" HPOS="450" VPOS="311" WIDTH="63" HEIGHT="22" WC="0.88" CONTENT="Cleve"/><SP WIDTH="8" VPOS="311" HPOS="513"/>
							<String ID="string_56" HPOS="521" VPOS="311" WIDTH="46" HEIGHT="21" WC="0.88" CONTENT="lade"/><SP WIDTH="11" VPOS="311" HPOS="567"/>
							<String ID="string_57" HPOS="578" VPOS="311" WIDTH="42" HEIGHT="27" WC="0.96" CONTENT="mig"/><SP WIDTH="13" VPOS="311" HPOS="620"/>
							<String ID="string_58" HPOS="633" VPOS="312" WIDTH="2" HEIGHT="20" WC="0.92" CONTENT="i"/><SP WIDTH="12" VPOS="312" HPOS="635"/>
							<String ID="string_59" HPOS="647" VPOS="317" WIDTH="89" HEIGHT="15" WC="0.91" CONTENT="muunen"/><SP WIDTH="12" VPOS="317" HPOS="736"/>
							<String ID="string_60" HPOS="748" VPOS="312" WIDTH="68" HEIGHT="20" WC="0.92" CONTENT="säsom"/><SP WIDTH="12" VPOS="312" HPOS="816"/>
							<String ID="string_61" HPOS="828" VPOS="310" WIDTH="129" HEIGHT="22" WC="0.91" CONTENT="fremmande"/><SP WIDTH="10" VPOS="310" HPOS="957"/>
							<String ID="string_62" HPOS="967" VPOS="310" WIDTH="32" HEIGHT="22" WC="0.96" CONTENT="för"/>
						</TextLine>
						<TextLine ID="line_6" HPOS="178" VPOS="339" WIDTH="819" HEIGHT="28">
							<String ID="string_63" HPOS="178" VPOS="341" WIDTH="40" HEIGHT="21" WC="0.93" CONTENT="den"/><SP WIDTH="23" VPOS="341" HPOS="218"/>
							<String ID="string_64" HPOS="241" VPOS="340" WIDTH="118" HEIGHT="27" WC="0.90" CONTENT="borgerliga"/><SP WIDTH="16" VPOS="340" HPOS="359"/>
							<String ID="string_65" HPOS="375" VPOS="340" WIDTH="68" HEIGHT="26" WC="0.92" CONTENT="legala"/><SP WIDTH="15" VPOS="340" HPOS="443"/>
							<String ID="string_66" HPOS="458" VPOS="340" WIDTH="148" HEIGHT="26" WC="0.92" CONTENT="fattigvärden,"/><SP WIDTH="16" VPOS="340" HPOS="606"/>
							<String ID="string_67" HPOS="622" VPOS="342" WIDTH="32" HEIGHT="19" WC="0.96" CONTENT="att"/><SP WIDTH="16" VPOS="342" HPOS="654"/>
							<String ID="string_68" HPOS="670" VPOS="340" WIDTH="35" HEIGHT="21" WC="0.96" CONTENT="det"/><SP WIDTH="15" VPOS="340" HPOS="705"/>
							<String ID="string_69" HPOS="720" VPOS="340" WIDTH="129" HEIGHT="26" WC="0.96" CONTENT="nödvändigt"/><SP WIDTH="16" VPOS="340" HPOS="849"/>
							<String ID="string_70" HPOS="865" VPOS="339" WIDTH="67" HEIGHT="22" WC="0.96" CONTENT="skulle"/><SP WIDTH="16" VPOS="339" HPOS="932"/>
							<String ID="string_71" HPOS="948" VPOS="345" WIDTH="49" HEIGHT="15" WC="0.97" CONTENT="vara"/>
						</TextLine>
						<TextLine ID="line_7" HPOS="178" VPOS="368" WIDTH="821" HEIGHT="27">
							<String ID="string_72" HPOS="178" VPOS="369" WIDTH="135" HEIGHT="26" WC="0.82" CONTENT="gudfruktiga"/><SP WIDTH="22" VPOS="369" HPOS="313"/>
							<String ID="string_73" HPOS="335" VPOS="368" WIDTH="38" HEIGHT="22" WC="0.91" CONTENT="och"/><SP WIDTH="23" VPOS="368" HPOS="373"/>
							<String ID="string_74" HPOS="396" VPOS="369" WIDTH="89" HEIGHT="21" WC="0.96" CONTENT="fromma"/><SP WIDTH="22" VPOS="369" HPOS="485"/>
							<String ID="string_75" HPOS="507" VPOS="369" WIDTH="53" HEIGHT="21" WC="0.93" CONTENT="hem."/><SP WIDTH="29" VPOS="369" HPOS="560"/>
							<String ID="string_76" HPOS="589" VPOS="368" WIDTH="133" HEIGHT="22" WC="0.95" CONTENT="Protokollet"/><SP WIDTH="22" VPOS="368" HPOS="722"/>
							<String ID="string_77" HPOS="744" VPOS="369" WIDTH="62" HEIGHT="21" WC="0.92" CONTENT="torde"/><SP WIDTH="22" VPOS="369" HPOS="806"/>
							<String ID="string_78" HPOS="828" VPOS="368" WIDTH="75" HEIGHT="24" WC="0.96" CONTENT="utvisa,"/><SP WIDTH="16" VPOS="368" HPOS="903"/>
							<String ID="string_79" HPOS="919" VPOS="370" WIDTH="31" HEIGHT="20" WC="0.96" CONTENT="att"/><SP WIDTH="13" VPOS="370" HPOS="950"/>
							<String ID="string_80" HPOS="963" VPOS="368" WIDTH="36" HEIGHT="26" WC="0.96" CONTENT="jag"/>
						</TextLine>
						<TextLine ID="line_8" HPOS="178" VPOS="397" WIDTH="820" HEIGHT="27">
							<String ID="string_81" HPOS="178" VPOS="398" WIDTH="45" HEIGHT="21" WC="0.96" CONTENT="icke"/><SP WIDTH="16" VPOS="398" HPOS="223"/>
							<String ID="string_82" HPOS="239" VPOS="398" WIDTH="38" HEIGHT="21" WC="0.93" CONTENT="har"/><SP WIDTH="15" VPOS="398" HPOS="277"/>
							<String ID="string_83" HPOS="292" VPOS="398" WIDTH="105" HEIGHT="26" WC="0.96" CONTENT="begagnat"/><SP WIDTH="15" VPOS="398" HPOS="397"/>
							<String ID="string_84" HPOS="412" VPOS="398" WIDTH="61" HEIGHT="20" WC="0.96" CONTENT="dessa"/><SP WIDTH="16" VPOS="398" HPOS="473"/>
							<String ID="string_85" HPOS="489" VPOS="397" WIDTH="44" HEIGHT="21" WC="0.96" CONTENT="ord."/><SP WIDTH="29" VPOS="397" HPOS="533"/>
							<String ID="string_86" HPOS="562" VPOS="397" WIDTH="41" HEIGHT="27" WC="0.96" CONTENT="Jag"/><SP WIDTH="11" VPOS="397" HPOS="603"/>
							<String ID="string_87" HPOS="614" VPOS="397" WIDTH="37" HEIGHT="21" WC="0.87" CONTENT="har"/><SP WIDTH="11" VPOS="397" HPOS="651"/>
							<String ID="string_88" HPOS="662" VPOS="397" WIDTH="54" HEIGHT="21" WC="0.93" CONTENT="blott"/><SP WIDTH="12" VPOS="397" HPOS="716"/>
							<String ID="string_89" HPOS="728" VPOS="397" WIDTH="84" HEIGHT="27" WC="0.93" CONTENT="äsyftat,"/><SP WIDTH="12" VPOS="397" HPOS="812"/>
							<String ID="string_90" HPOS="824" VPOS="399" WIDTH="32" HEIGHT="19" WC="0.96" CONTENT="att"/><SP WIDTH="10" VPOS="399" HPOS="856"/>
							<String ID="string_91" HPOS="866" VPOS="397" WIDTH="6" HEIGHT="21" WC="0.90" CONTENT="i"/><SP WIDTH="11" VPOS="397" HPOS="872"/>
							<String ID="string_92" HPOS="883" VPOS="398" WIDTH="11" HEIGHT="26" WC="0.90" CONTENT="&amp;"/><SP WIDTH="12" VPOS="398" HPOS="894"/>
							<String ID="string_93" HPOS="906" VPOS="397" WIDTH="92" HEIGHT="27" WC="0.63" CONTENT="uttryck-"/>
						</TextLine>
						<TextLine ID="line_9" HPOS="179" VPOS="425" WIDTH="819" HEIGHT="28">
							<String ID="string_94" HPOS="179" VPOS="426" WIDTH="55" HEIGHT="26" WC="0.93" CONTENT="ligen"/><SP WIDTH="17" VPOS="426" HPOS="234"/>
							<String ID="string_95" HPOS="251" VPOS="426" WIDTH="67" HEIGHT="21" WC="0.93" CONTENT="skulle"/><SP WIDTH="18" VPOS="426" HPOS="318"/>
							<String ID="string_96" HPOS="336" VPOS="426" WIDTH="49" HEIGHT="26" WC="0.93" CONTENT="ingä"/><SP WIDTH="16" VPOS="426" HPOS="385"/>
							<String ID="string_97" HPOS="401" VPOS="428" WIDTH="31" HEIGHT="19" WC="0.93" CONTENT="ett"/><SP WIDTH="15" VPOS="428" HPOS="432"/>
							<String ID="string_98" HPOS="447" VPOS="426" WIDTH="75" HEIGHT="21" WC="0.91" CONTENT="sädant"/><SP WIDTH="15" VPOS="426" HPOS="522"/>
							<String ID="string_99" HPOS="537" VPOS="426" WIDTH="80" HEIGHT="26" WC="0.89" CONTENT="tillägg,"/><SP WIDTH="16" VPOS="426" HPOS="617"/>
							<String ID="string_100" HPOS="633" VPOS="432" WIDTH="45" HEIGHT="15" WC="0.92" CONTENT="som"/><SP WIDTH="16" VPOS="432" HPOS="678"/>
							<String ID="string_101" HPOS="694" VPOS="425" WIDTH="68" HEIGHT="22" WC="0.92" CONTENT="häller"/><SP WIDTH="15" VPOS="425" HPOS="762"/>
							<String ID="string_102" HPOS="777" VPOS="425" WIDTH="38" HEIGHT="22" WC="0.93" CONTENT="hos"/><SP WIDTH="16" VPOS="425" HPOS="815"/>
							<String ID="string_103" HPOS="831" VPOS="426" WIDTH="167" HEIGHT="27" WC="0.92" CONTENT="fattigvärdssty-"/>
						</TextLine>
						<TextLine ID="line_10" HPOS="178" VPOS="453" WIDTH="821" HEIGHT="28">
							<String ID="string_104" HPOS="178" VPOS="455" WIDTH="69" HEIGHT="22" WC="0.90" CONTENT="relsen"/><SP WIDTH="16" VPOS="455" HPOS="247"/>
							<String ID="string_105" HPOS="263" VPOS="455" WIDTH="62" HEIGHT="21" WC="0.92" CONTENT="vaket"/><SP WIDTH="16" VPOS="455" HPOS="325"/>
							<String ID="string_106" HPOS="341" VPOS="454" WIDTH="35" HEIGHT="21" WC="0.93" CONTENT="det"/><SP WIDTH="16" VPOS="454" HPOS="376"/>
							<String ID="string_107" HPOS="392" VPOS="454" WIDTH="144" HEIGHT="25" WC="0.91" CONTENT="medvetande,"/><SP WIDTH="15" VPOS="454" HPOS="536"/>
							<String ID="string_108" HPOS="551" VPOS="457" WIDTH="32" HEIGHT="19" WC="0.96" CONTENT="att"/><SP WIDTH="15" VPOS="457" HPOS="583"/>
							<String ID="string_109" HPOS="598" VPOS="454" WIDTH="39" HEIGHT="22" WC="0.96" CONTENT="här"/><SP WIDTH="14" VPOS="454" HPOS="637"/>
							<String ID="string_110" HPOS="651" VPOS="453" WIDTH="67" HEIGHT="28" WC="0.96" CONTENT="gäller"/><SP WIDTH="14" VPOS="453" HPOS="718"/>
							<String ID="string_111" HPOS="732" VPOS="456" WIDTH="32" HEIGHT="19" WC="0.93" CONTENT="att"/><SP WIDTH="15" VPOS="456" HPOS="764"/>
							<String ID="string_112" HPOS="779" VPOS="455" WIDTH="47" HEIGHT="20" WC="0.92" CONTENT="icke"/><SP WIDTH="10" VPOS="455" HPOS="826"/>
							<String ID="string_113" HPOS="836" VPOS="454" WIDTH="55" HEIGHT="21" WC="0.93" CONTENT="blott"/><SP WIDTH="10" VPOS="454" HPOS="891"/>
							<String ID="string_114" HPOS="901" VPOS="454" WIDTH="98" HEIGHT="21" WC="0.92" CONTENT="utackor-"/>
						</TextLine>
						<TextLine ID="line_11" HPOS="180" VPOS="483" WIDTH="818" HEIGHT="26">
							<String ID="string_115" HPOS="180" VPOS="483" WIDTH="50" HEIGHT="22" WC="0.96" CONTENT="dera"/><SP WIDTH="22" VPOS="483" HPOS="230"/>
							<String ID="string_116" HPOS="252" VPOS="483" WIDTH="79" HEIGHT="21" WC="0.96" CONTENT="barnen"/><SP WIDTH="23" VPOS="483" HPOS="331"/>
							<String ID="string_117" HPOS="354" VPOS="483" WIDTH="23" HEIGHT="20" WC="0.95" CONTENT="ät"/><SP WIDTH="22" VPOS="483" HPOS="377"/>
							<String ID="string_118" HPOS="399" VPOS="483" WIDTH="53" HEIGHT="26" WC="0.96" CONTENT="dem,"/><SP WIDTH="17" VPOS="483" HPOS="452"/>
							<String ID="string_119" HPOS="469" VPOS="489" WIDTH="44" HEIGHT="15" WC="0.96" CONTENT="som"/><SP WIDTH="16" VPOS="489" HPOS="513"/>
							<String ID="string_120" HPOS="529" VPOS="483" WIDTH="32" HEIGHT="21" WC="0.93" CONTENT="för"/><SP WIDTH="15" VPOS="483" HPOS="561"/>
							<String ID="string_121" HPOS="576" VPOS="483" WIDTH="104" HEIGHT="26" WC="0.96" CONTENT="billigaste"/><SP WIDTH="16" VPOS="483" HPOS="680"/>
							<String ID="string_122" HPOS="696" VPOS="483" WIDTH="42" HEIGHT="26" WC="0.93" CONTENT="pris"/><SP WIDTH="16" VPOS="483" HPOS="738"/>
							<String ID="string_123" HPOS="754" VPOS="483" WIDTH="62" HEIGHT="26" WC="0.89" CONTENT="ätaga"/><SP WIDTH="16" VPOS="483" HPOS="816"/>
							<String ID="string_124" HPOS="832" VPOS="483" WIDTH="29" HEIGHT="26" WC="0.96" CONTENT="sig"/><SP WIDTH="18" VPOS="483" HPOS="861"/>
							<String ID="string_125" HPOS="879" VPOS="483" WIDTH="53" HEIGHT="24" WC="0.96" CONTENT="dem,"/><SP WIDTH="16" VPOS="483" HPOS="932"/>
							<String ID="string_126" HPOS="948" VPOS="485" WIDTH="50" HEIGHT="18" WC="0.96" CONTENT="utan"/>
						</TextLine>
						<TextLine ID="line_12" HPOS="179" VPOS="511" WIDTH="820" HEIGHT="26">
							<String ID="string_127" HPOS="179" VPOS="512" WIDTH="62" HEIGHT="21" WC="0.92" CONTENT="äfven"/><SP WIDTH="24" VPOS="512" HPOS="241"/>
							<String ID="string_128" HPOS="265" VPOS="511" WIDTH="130" HEIGHT="22" WC="0.88" CONTENT="tillförsäkra"/><SP WIDTH="16" VPOS="511" HPOS="395"/>
							<String ID="string_129" HPOS="411" VPOS="512" WIDTH="78" HEIGHT="21" WC="0.92" CONTENT="barnen"/><SP WIDTH="16" VPOS="512" HPOS="489"/>
							<String ID="string_130" HPOS="505" VPOS="513" WIDTH="31" HEIGHT="19" WC="0.93" CONTENT="ett"/><SP WIDTH="14" VPOS="513" HPOS="536"/>
							<String ID="string_131" HPOS="550" VPOS="512" WIDTH="75" HEIGHT="21" WC="0.90" CONTENT="sädant"/><SP WIDTH="16" VPOS="512" HPOS="625"/>
							<String ID="string_132" HPOS="641" VPOS="511" WIDTH="53" HEIGHT="24" WC="0.96" CONTENT="hem,"/><SP WIDTH="16" VPOS="511" HPOS="694"/>
							<String ID="string_133" HPOS="710" VPOS="517" WIDTH="45" HEIGHT="16" WC="0.93" CONTENT="som"/><SP WIDTH="16" VPOS="517" HPOS="755"/>
							<String ID="string_134" HPOS="771" VPOS="512" WIDTH="55" HEIGHT="20" WC="0.92" CONTENT="bäde"/><SP WIDTH="15" VPOS="512" HPOS="826"/>
							<String ID="string_135" HPOS="841" VPOS="511" WIDTH="158" HEIGHT="26" WC="0.96" CONTENT="propositionen"/>
						</TextLine>
						<TextLine ID="line_13" HPOS="179" VPOS="539" WIDTH="820" HEIGHT="28">
							<String ID="string_136" HPOS="179" VPOS="541" WIDTH="40" HEIGHT="20" WC="0.93" CONTENT="och"/><SP WIDTH="14" VPOS="541" HPOS="219"/>
							<String ID="string_137" HPOS="233" VPOS="540" WIDTH="237" HEIGHT="22" WC="0.92" CONTENT="utskottsbetänkandet"/><SP WIDTH="15" VPOS="540" HPOS="470"/>
							<String ID="string_138" HPOS="485" VPOS="542" WIDTH="55" HEIGHT="25" WC="0.96" CONTENT="säga,"/><SP WIDTH="14" VPOS="542" HPOS="540"/>
							<String ID="string_139" HPOS="554" VPOS="542" WIDTH="32" HEIGHT="19" WC="0.93" CONTENT="att"/><SP WIDTH="15" VPOS="542" HPOS="586"/>
							<String ID="string_140" HPOS="601" VPOS="540" WIDTH="79" HEIGHT="21" WC="0.95" CONTENT="barnen"/><SP WIDTH="17" VPOS="540" HPOS="680"/>
							<String ID="string_141" HPOS="697" VPOS="539" WIDTH="65" HEIGHT="22" WC="0.93" CONTENT="borde"/><SP WIDTH="16" VPOS="539" HPOS="762"/>
							<String ID="string_142" HPOS="778" VPOS="539" WIDTH="30" HEIGHT="24" WC="0.75" CONTENT="få;"/><SP WIDTH="12" VPOS="539" HPOS="808"/>
							<String ID="string_143" HPOS="820" VPOS="539" WIDTH="104" HEIGHT="27" WC="0.93" CONTENT="nämligen"/><SP WIDTH="12" VPOS="539" HPOS="924"/>
							<String ID="string_144" HPOS="936" VPOS="539" WIDTH="63" HEIGHT="22" WC="0.93" CONTENT="krist-"/>
						</TextLine>
						<TextLine ID="line_14" HPOS="179" VPOS="568" WIDTH="821" HEIGHT="27">
							<String ID="string_145" HPOS="179" VPOS="569" WIDTH="29" HEIGHT="26" WC="0.91" CONTENT="lig"/><SP WIDTH="22" VPOS="569" HPOS="208"/>
							<String ID="string_146" HPOS="230" VPOS="569" WIDTH="124" HEIGHT="26" WC="0.90" CONTENT="uppfostran"/><SP WIDTH="23" VPOS="569" HPOS="354"/>
							<String ID="string_147" HPOS="377" VPOS="569" WIDTH="39" HEIGHT="21" WC="0.96" CONTENT="och"/><SP WIDTH="16" VPOS="569" HPOS="416"/>
							<String ID="string_148" HPOS="432" VPOS="569" WIDTH="155" HEIGHT="26" WC="0.96" CONTENT="undervisning."/><SP WIDTH="31" VPOS="569" HPOS="587"/>
							<String ID="string_149" HPOS="618" VPOS="569" WIDTH="42" HEIGHT="20" WC="0.93" CONTENT="Det"/><SP WIDTH="14" VPOS="569" HPOS="660"/>
							<String ID="string_150" HPOS="674" VPOS="568" WIDTH="67" HEIGHT="21" WC="0.92" CONTENT="finnes"/><SP WIDTH="16" VPOS="568" HPOS="741"/>
							<String ID="string_151" HPOS="757" VPOS="571" WIDTH="62" HEIGHT="23" WC="0.93" CONTENT="ännu,"/><SP WIDTH="16" VPOS="571" HPOS="819"/>
							<String ID="string_152" HPOS="835" VPOS="569" WIDTH="69" HEIGHT="20" WC="0.92" CONTENT="säsom"/><SP WIDTH="16" VPOS="569" HPOS="904"/>
							<String ID="string_153" HPOS="920" VPOS="568" WIDTH="80" HEIGHT="21" WC="0.92" CONTENT="enhvar"/>
						</TextLine>
						<TextLine ID="line_15" HPOS="179" VPOS="597" WIDTH="819" HEIGHT="27">
							<String ID="string_154" HPOS="179" VPOS="600" WIDTH="42" HEIGHT="23" WC="0.96" CONTENT="vet,"/><SP WIDTH="16" VPOS="600" HPOS="221"/>
							<String ID="string_155" HPOS="237" VPOS="597" WIDTH="47" HEIGHT="22" WC="0.96" CONTENT="hem"/><SP WIDTH="16" VPOS="597" HPOS="284"/>
							<String ID="string_156" HPOS="300" VPOS="597" WIDTH="128" HEIGHT="27" WC="0.95" CONTENT="tillräckligt,"/><SP WIDTH="17" VPOS="597" HPOS="428"/>
							<String ID="string_157" HPOS="445" VPOS="597" WIDTH="37" HEIGHT="21" WC="0.96" CONTENT="der"/><SP WIDTH="15" VPOS="597" HPOS="482"/>
							<String ID="string_158" HPOS="497" VPOS="603" WIDTH="26" HEIGHT="16" WC="0.93" CONTENT="en"/><SP WIDTH="14" VPOS="603" HPOS="523"/>
							<String ID="string_159" HPOS="537" VPOS="597" WIDTH="66" HEIGHT="22" WC="0.96" CONTENT="sådan"/><SP WIDTH="15" VPOS="597" HPOS="603"/>
							<String ID="string_160" HPOS="618" VPOS="597" WIDTH="149" HEIGHT="27" WC="0.96" CONTENT="undervisning"/><SP WIDTH="11" VPOS="597" HPOS="767"/>
							<String ID="string_161" HPOS="778" VPOS="597" WIDTH="38" HEIGHT="21" WC="0.93" CONTENT="och"/><SP WIDTH="12" VPOS="597" HPOS="816"/>
							<String ID="string_162" HPOS="828" VPOS="597" WIDTH="122" HEIGHT="27" WC="0.96" CONTENT="uppfostran"/><SP WIDTH="12" VPOS="597" HPOS="950"/>
							<String ID="string_163" HPOS="962" VPOS="599" WIDTH="36" HEIGHT="19" WC="0.96" CONTENT="äro"/>
						</TextLine>
						<TextLine ID="line_16" HPOS="180" VPOS="625" WIDTH="819" HEIGHT="28">
							<String ID="string_164" HPOS="180" VPOS="626" WIDTH="104" HEIGHT="27" WC="0.95" CONTENT="omöjliga."/><SP WIDTH="31" VPOS="626" HPOS="284"/>
							<String ID="string_165" HPOS="315" VPOS="627" WIDTH="38" HEIGHT="20" WC="0.91" CONTENT="Att"/><SP WIDTH="15" VPOS="627" HPOS="353"/>
							<String ID="string_166" HPOS="368" VPOS="626" WIDTH="32" HEIGHT="21" WC="0.93" CONTENT="för"/><SP WIDTH="15" VPOS="626" HPOS="400"/>
							<String ID="string_167" HPOS="415" VPOS="626" WIDTH="70" HEIGHT="25" WC="0.96" CONTENT="öfrigt,"/><SP WIDTH="16" VPOS="626" HPOS="485"/>
							<String ID="string_168" HPOS="501" VPOS="632" WIDTH="33" HEIGHT="15" WC="0.96" CONTENT="om"/><SP WIDTH="14" VPOS="632" HPOS="534"/>
							<String ID="string_169" HPOS="548" VPOS="626" WIDTH="47" HEIGHT="21" WC="0.93" CONTENT="med"/><SP WIDTH="11" VPOS="626" HPOS="595"/>
							<String ID="string_170" HPOS="606" VPOS="625" WIDTH="104" HEIGHT="22" WC="0.96" CONTENT="folkskola"/><SP WIDTH="10" VPOS="625" HPOS="710"/>
							<String ID="string_171" HPOS="720" VPOS="626" WIDTH="64" HEIGHT="21" WC="0.93" CONTENT="fattas"/><SP WIDTH="12" VPOS="626" HPOS="784"/>
							<String ID="string_172" HPOS="796" VPOS="626" WIDTH="54" HEIGHT="21" WC="0.95" CONTENT="blott"/><SP WIDTH="12" VPOS="626" HPOS="850"/>
							<String ID="string_173" HPOS="862" VPOS="626" WIDTH="137" HEIGHT="21" WC="0.96" CONTENT="kommunens"/>
						</TextLine>
						<TextLine ID="line_17" HPOS="179" VPOS="653" WIDTH="820" HEIGHT="28">
							<String ID="string_174" HPOS="179" VPOS="655" WIDTH="65" HEIGHT="26" WC="0.91" CONTENT="högre"/><SP WIDTH="22" VPOS="655" HPOS="244"/>
							<String ID="string_175" HPOS="266" VPOS="654" WIDTH="111" HEIGHT="26" WC="0.91" CONTENT="folkskola,"/><SP WIDTH="17" VPOS="654" HPOS="377"/>
							<String ID="string_176" HPOS="394" VPOS="655" WIDTH="35" HEIGHT="20" WC="0.97" CONTENT="det"/><SP WIDTH="15" VPOS="655" HPOS="429"/>
							<String ID="string_177" HPOS="444" VPOS="656" WIDTH="24" HEIGHT="19" WC="0.96" CONTENT="är"/><SP WIDTH="15" VPOS="656" HPOS="468"/>
							<String ID="string_178" HPOS="483" VPOS="657" WIDTH="31" HEIGHT="18" WC="0.93" CONTENT="ett"/><SP WIDTH="15" VPOS="657" HPOS="514"/>
							<String ID="string_179" HPOS="529" VPOS="655" WIDTH="109" HEIGHT="26" WC="0.91" CONTENT="olämpligt"/><SP WIDTH="14" VPOS="655" HPOS="638"/>
							<String ID="string_180" HPOS="652" VPOS="654" WIDTH="74" HEIGHT="26" WC="0.92" CONTENT="tillägg"/><SP WIDTH="15" VPOS="654" HPOS="726"/>
							<String ID="string_181" HPOS="741" VPOS="657" WIDTH="32" HEIGHT="18" WC="0.93" CONTENT="att"/><SP WIDTH="15" VPOS="657" HPOS="773"/>
							<String ID="string_182" HPOS="788" VPOS="653" WIDTH="76" HEIGHT="25" WC="0.91" CONTENT="fordra,"/><SP WIDTH="17" VPOS="653" HPOS="864"/>
							<String ID="string_183" HPOS="881" VPOS="656" WIDTH="32" HEIGHT="19" WC="0.93" CONTENT="att"/><SP WIDTH="15" VPOS="656" HPOS="913"/>
							<String ID="string_184" HPOS="928" VPOS="654" WIDTH="71" HEIGHT="26" WC="0.92" CONTENT="hvarje"/>
						</TextLine>
						<TextLine ID="line_18" HPOS="178" VPOS="682" WIDTH="821" HEIGHT="28">
							<String ID="string_185" HPOS="178" VPOS="683" WIDTH="72" HEIGHT="27" WC="0.88" CONTENT="fattigt"/><SP WIDTH="22" VPOS="683" HPOS="250"/>
							<String ID="string_186" HPOS="272" VPOS="683" WIDTH="52" HEIGHT="21" WC="0.96" CONTENT="barn"/><SP WIDTH="21" VPOS="683" HPOS="324"/>
							<String ID="string_187" HPOS="345" VPOS="684" WIDTH="6" HEIGHT="19" WC="0.93" CONTENT="i"/><SP WIDTH="16" VPOS="684" HPOS="351"/>
							<String ID="string_188" HPOS="367" VPOS="683" WIDTH="133" HEIGHT="24" WC="0.92" CONTENT="kommunen,"/><SP WIDTH="15" VPOS="683" HPOS="500"/>
							<String ID="string_189" HPOS="515" VPOS="689" WIDTH="45" HEIGHT="14" WC="0.92" CONTENT="som"/><SP WIDTH="17" VPOS="689" HPOS="560"/>
							<String ID="string_190" HPOS="577" VPOS="683" WIDTH="69" HEIGHT="26" WC="0.92" CONTENT="njuter"/><SP WIDTH="14" VPOS="683" HPOS="646"/>
							<String ID="string_191" HPOS="660" VPOS="683" WIDTH="177" HEIGHT="26" WC="0.92" CONTENT="fattigunderstöd"/><SP WIDTH="15" VPOS="683" HPOS="837"/>
							<String ID="string_192" HPOS="852" VPOS="683" WIDTH="53" HEIGHT="20" WC="0.96" CONTENT="skall"/><SP WIDTH="17" VPOS="683" HPOS="905"/>
							<String ID="string_193" HPOS="922" VPOS="682" WIDTH="77" HEIGHT="21" WC="0.97" CONTENT="besöka"/>
						</TextLine>
						<TextLine ID="line_19" HPOS="180" VPOS="711" WIDTH="844" HEIGHT="27">
							<String ID="string_194" HPOS="180" VPOS="712" WIDTH="69" HEIGHT="21" WC="0.96" CONTENT="denna"/><SP WIDTH="14" VPOS="712" HPOS="249"/>
							<String ID="string_195" HPOS="263" VPOS="712" WIDTH="66" HEIGHT="25" WC="0.93" CONTENT="skola,"/><SP WIDTH="16" VPOS="712" HPOS="329"/>
							<String ID="string_196" HPOS="345" VPOS="711" WIDTH="56" HEIGHT="22" WC="0.91" CONTENT="inser"/><SP WIDTH="15" VPOS="711" HPOS="401"/>
							<String ID="string_197" HPOS="416" VPOS="711" WIDTH="60" HEIGHT="21" WC="0.93" CONTENT="äfven"/><SP WIDTH="13" VPOS="711" HPOS="476"/>
							<String ID="string_198" HPOS="489" VPOS="711" WIDTH="37" HEIGHT="27" WC="0.97" CONTENT="jag"/><SP WIDTH="15" VPOS="711" HPOS="526"/>
							<String ID="string_199" HPOS="541" VPOS="712" WIDTH="31" HEIGHT="21" WC="0.93" CONTENT="till"/><SP WIDTH="15" VPOS="712" HPOS="572"/>
							<String ID="string_200" HPOS="587" VPOS="711" WIDTH="57" HEIGHT="25" WC="0.93" CONTENT="fullo,"/><SP WIDTH="17" VPOS="711" HPOS="644"/>
							<String ID="string_201" HPOS="661" VPOS="712" WIDTH="23" HEIGHT="20" WC="0.97" CONTENT="sä"/><SP WIDTH="15" VPOS="712" HPOS="684"/>
							<String ID="string_202" HPOS="699" VPOS="711" WIDTH="61" HEIGHT="27" WC="0.93" CONTENT="länge"/><SP WIDTH="16" VPOS="711" HPOS="760"/>
							<String ID="string_203" HPOS="776" VPOS="711" WIDTH="155" HEIGHT="21" WC="0.93" CONTENT="folkskolornas"/><SP WIDTH="11" VPOS="711" HPOS="931"/>
							<String ID="string_204" HPOS="942" VPOS="711" WIDTH="57" HEIGHT="21" WC="0.91" CONTENT="antal"/>
						</TextLine>
						<TextLine ID="line_20" HPOS="179" VPOS="739" WIDTH="822" HEIGHT="28">
							<String ID="string_205" HPOS="179" VPOS="743" WIDTH="24" HEIGHT="18" WC="0.95" CONTENT="är"/><SP WIDTH="22" VPOS="743" HPOS="203"/>
							<String ID="string_206" HPOS="225" VPOS="740" WIDTH="24" HEIGHT="21" WC="0.93" CONTENT="sä"/><SP WIDTH="22" VPOS="740" HPOS="249"/>
							<String ID="string_207" HPOS="271" VPOS="740" WIDTH="60" HEIGHT="27" WC="0.88" CONTENT="ringa"/><SP WIDTH="22" VPOS="740" HPOS="331"/>
							<String ID="string_208" HPOS="353" VPOS="740" WIDTH="39" HEIGHT="21" WC="0.96" CONTENT="och"/><SP WIDTH="22" VPOS="740" HPOS="392"/>
							<String ID="string_209" HPOS="414" VPOS="740" WIDTH="35" HEIGHT="21" WC="0.96" CONTENT="det"/><SP WIDTH="23" VPOS="740" HPOS="449"/>
							<String ID="string_210" HPOS="472" VPOS="740" WIDTH="39" HEIGHT="21" WC="0.93" CONTENT="har"/><SP WIDTH="22" VPOS="740" HPOS="511"/>
							<String ID="string_211" HPOS="533" VPOS="740" WIDTH="59" HEIGHT="21" WC="0.87" CONTENT="äfven"/><SP WIDTH="21" VPOS="740" HPOS="592"/>
							<String ID="string_212" HPOS="613" VPOS="739" WIDTH="22" HEIGHT="22" WC="0.93" CONTENT="af"/><SP WIDTH="14" VPOS="739" HPOS="635"/>
							<String ID="string_213" HPOS="649" VPOS="740" WIDTH="135" HEIGHT="27" WC="0.92" CONTENT="domprosten"/><SP WIDTH="15" VPOS="740" HPOS="784"/>
							<String ID="string_214" HPOS="799" VPOS="740" WIDTH="57" HEIGHT="26" WC="0.93" CONTENT="Borg"/><SP WIDTH="16" VPOS="740" HPOS="856"/>
							<String ID="string_215" HPOS="872" VPOS="739" WIDTH="66" HEIGHT="22" WC="0.89" CONTENT="blifvit"/><SP WIDTH="16" VPOS="739" HPOS="938"/>
							<String ID="string_216" HPOS="954" VPOS="739" WIDTH="47" HEIGHT="22" WC="0.91" CONTENT="fullt"/>
						</TextLine>
						<TextLine ID="line_21" HPOS="180" VPOS="768" WIDTH="820" HEIGHT="27">
							<String ID="string_217" HPOS="180" VPOS="769" WIDTH="101" HEIGHT="26" WC="0.92" CONTENT="bevisadt,"/><SP WIDTH="16" VPOS="769" HPOS="281"/>
							<String ID="string_218" HPOS="297" VPOS="769" WIDTH="84" HEIGHT="21" WC="0.92" CONTENT="hvarför"/><SP WIDTH="12" VPOS="769" HPOS="381"/>
							<String ID="string_219" HPOS="393" VPOS="769" WIDTH="37" HEIGHT="26" WC="0.96" CONTENT="jag"/><SP WIDTH="15" VPOS="769" HPOS="430"/>
							<String ID="string_220" HPOS="445" VPOS="771" WIDTH="24" HEIGHT="19" WC="0.93" CONTENT="är"/><SP WIDTH="15" VPOS="771" HPOS="469"/>
							<String ID="string_221" HPOS="484" VPOS="769" WIDTH="126" HEIGHT="26" WC="0.92" CONTENT="fullkomligt"/><SP WIDTH="14" VPOS="769" HPOS="610"/>
							<String ID="string_222" HPOS="624" VPOS="768" WIDTH="119" HEIGHT="26" WC="0.91" CONTENT="vederlagd."/><SP WIDTH="30" VPOS="768" HPOS="743"/>
							<String ID="string_223" HPOS="773" VPOS="769" WIDTH="57" HEIGHT="21" WC="0.92" CONTENT="Skall"/><SP WIDTH="17" VPOS="769" HPOS="830"/>
							<String ID="string_224" HPOS="847" VPOS="769" WIDTH="64" HEIGHT="25" WC="0.93" CONTENT="nägot"/><SP WIDTH="16" VPOS="769" HPOS="911"/>
							<String ID="string_225" HPOS="927" VPOS="768" WIDTH="73" HEIGHT="27" WC="0.92" CONTENT="tillägg"/>
						</TextLine>
						<TextLine ID="line_22" HPOS="180" VPOS="797" WIDTH="819" HEIGHT="27">
							<String ID="string_226" HPOS="180" VPOS="797" WIDTH="74" HEIGHT="22" WC="0.91" CONTENT="härvid"/><SP WIDTH="15" VPOS="797" HPOS="254"/>
							<String ID="string_227" HPOS="269" VPOS="799" WIDTH="68" HEIGHT="24" WC="0.90" CONTENT="göras,"/><SP WIDTH="16" VPOS="799" HPOS="337"/>
							<String ID="string_228" HPOS="353" VPOS="797" WIDTH="68" HEIGHT="22" WC="0.96" CONTENT="skulle"/><SP WIDTH="13" VPOS="797" HPOS="421"/>
							<String ID="string_229" HPOS="434" VPOS="797" WIDTH="36" HEIGHT="27" WC="0.93" CONTENT="jag"/><SP WIDTH="16" VPOS="797" HPOS="470"/>
							<String ID="string_230" HPOS="486" VPOS="798" WIDTH="72" HEIGHT="25" WC="0.92" CONTENT="önska,"/><SP WIDTH="16" VPOS="798" HPOS="558"/>
							<String ID="string_231" HPOS="574" VPOS="799" WIDTH="32" HEIGHT="20" WC="0.96" CONTENT="att"/><SP WIDTH="15" VPOS="799" HPOS="606"/>
							<String ID="string_232" HPOS="621" VPOS="797" WIDTH="59" HEIGHT="21" WC="0.93" CONTENT="detta"/><SP WIDTH="11" VPOS="797" HPOS="680"/>
							<String ID="string_233" HPOS="691" VPOS="797" WIDTH="69" HEIGHT="21" WC="0.93" CONTENT="blefve"/><SP WIDTH="10" VPOS="797" HPOS="760"/>
							<String ID="string_234" HPOS="770" VPOS="797" WIDTH="87" HEIGHT="26" WC="0.96" CONTENT="ungefär"/><SP WIDTH="12" VPOS="797" HPOS="857"/>
							<String ID="string_235" HPOS="869" VPOS="797" WIDTH="23" HEIGHT="21" WC="0.92" CONTENT="sä"/><SP WIDTH="11" VPOS="797" HPOS="892"/>
							<String ID="string_236" HPOS="903" VPOS="797" WIDTH="96" HEIGHT="27" WC="0.91" CONTENT="lydande,"/>
						</TextLine>
						<TextLine ID="line_23" HPOS="180" VPOS="825" WIDTH="819" HEIGHT="28">
							<String ID="string_237" HPOS="180" VPOS="832" WIDTH="46" HEIGHT="15" WC="0.96" CONTENT="som"/><SP WIDTH="21" VPOS="832" HPOS="226"/>
							<String ID="string_238" HPOS="247" VPOS="826" WIDTH="35" HEIGHT="27" WC="0.96" CONTENT="jag"/><SP WIDTH="14" VPOS="826" HPOS="282"/>
							<String ID="string_239" HPOS="296" VPOS="826" WIDTH="56" HEIGHT="21" WC="0.91" CONTENT="hade"/><SP WIDTH="15" VPOS="826" HPOS="352"/>
							<String ID="string_240" HPOS="367" VPOS="828" WIDTH="51" HEIGHT="19" WC="0.96" CONTENT="äran"/><SP WIDTH="16" VPOS="828" HPOS="418"/>
							<String ID="string_241" HPOS="434" VPOS="825" WIDTH="73" HEIGHT="22" WC="0.93" CONTENT="anföra"/><SP WIDTH="14" VPOS="825" HPOS="507"/>
							<String ID="string_242" HPOS="521" VPOS="826" WIDTH="50" HEIGHT="27" WC="0.91" CONTENT=",och"/><SP WIDTH="16" VPOS="826" HPOS="571"/>
							<String ID="string_243" HPOS="587" VPOS="825" WIDTH="39" HEIGHT="22" WC="0.93" CONTENT="bör"/><SP WIDTH="15" VPOS="825" HPOS="626"/>
							<String ID="string_244" HPOS="641" VPOS="825" WIDTH="55" HEIGHT="27" WC="0.92" CONTENT="förty"/><SP WIDTH="15" VPOS="825" HPOS="696"/>
							<String ID="string_245" HPOS="711" VPOS="825" WIDTH="75" HEIGHT="22" WC="0.96" CONTENT="barnet"/><SP WIDTH="16" VPOS="825" HPOS="786"/>
							<String ID="string_246" HPOS="802" VPOS="825" WIDTH="80" HEIGHT="22" WC="0.96" CONTENT="tillfälle"/><SP WIDTH="17" VPOS="825" HPOS="882"/>
							<String ID="string_247" HPOS="899" VPOS="825" WIDTH="29" HEIGHT="21" WC="0.93" CONTENT="till"/><SP WIDTH="17" VPOS="825" HPOS="928"/>
							<String ID="string_248" HPOS="945" VPOS="825" WIDTH="54" HEIGHT="21" WC="0.93" CONTENT="skol-"/>
						</TextLine>
						<TextLine ID="line_24" HPOS="179" VPOS="854" WIDTH="822" HEIGHT="27">
							<String ID="string_249" HPOS="179" VPOS="855" WIDTH="55" HEIGHT="26" WC="0.92" CONTENT="gäng"/><SP WIDTH="22" VPOS="855" HPOS="234"/>
							<String ID="string_250" HPOS="256" VPOS="854" WIDTH="94" HEIGHT="27" WC="0.91" CONTENT="beredas,"/><SP WIDTH="24" VPOS="854" HPOS="350"/>
							<String ID="string_251" HPOS="374" VPOS="854" WIDTH="37" HEIGHT="21" WC="0.93" CONTENT="der"/><SP WIDTH="19" VPOS="854" HPOS="411"/>
							<String ID="string_252" HPOS="430" VPOS="854" WIDTH="67" HEIGHT="21" WC="0.93" CONTENT="sädan"/><SP WIDTH="15" VPOS="854" HPOS="497"/>
							<String ID="string_253" HPOS="512" VPOS="857" WIDTH="50" HEIGHT="18" WC="0.96" CONTENT="utan"/><SP WIDTH="15" VPOS="857" HPOS="562"/>
							<String ID="string_254" HPOS="577" VPOS="856" WIDTH="68" HEIGHT="20" WC="0.93" CONTENT="större"/><SP WIDTH="16" VPOS="856" HPOS="645"/>
							<String ID="string_255" HPOS="661" VPOS="854" WIDTH="129" HEIGHT="27" WC="0.93" CONTENT="svärigheter"/><SP WIDTH="16" VPOS="854" HPOS="790"/>
							<String ID="string_256" HPOS="806" VPOS="854" WIDTH="31" HEIGHT="27" WC="0.96" CONTENT="sig"/><SP WIDTH="15" VPOS="854" HPOS="837"/>
							<String ID="string_257" HPOS="852" VPOS="855" WIDTH="6" HEIGHT="20" WC="0.93" CONTENT="i"/><SP WIDTH="15" VPOS="855" HPOS="858"/>
							<String ID="string_258" HPOS="873" VPOS="855" WIDTH="128" HEIGHT="26" WC="0.92" CONTENT="granskapet"/>
						</TextLine>
						<TextLine ID="line_25" HPOS="180" VPOS="882" WIDTH="820" HEIGHT="28">
							<String ID="string_259" HPOS="180" VPOS="883" WIDTH="112" HEIGHT="27" WC="0.92" CONTENT="erbjuder*"/><SP WIDTH="23" VPOS="883" HPOS="292"/>
							<String ID="string_260" HPOS="315" VPOS="883" WIDTH="40" HEIGHT="21" WC="0.96" CONTENT="och"/><SP WIDTH="23" VPOS="883" HPOS="355"/>
							<String ID="string_261" HPOS="378" VPOS="883" WIDTH="106" HEIGHT="22" WC="0.93" CONTENT="dessutom"/><SP WIDTH="24" VPOS="883" HPOS="484"/>
							<String ID="string_262" HPOS="508" VPOS="883" WIDTH="54" HEIGHT="22" WC="0.92" CONTENT="hvad"/><SP WIDTH="22" VPOS="883" HPOS="562"/>
							<String ID="string_263" HPOS="584" VPOS="882" WIDTH="125" HEIGHT="27" WC="0.92" CONTENT="uppfostran"/><SP WIDTH="17" VPOS="882" HPOS="709"/>
							<String ID="string_264" HPOS="726" VPOS="883" WIDTH="130" HEIGHT="21" WC="0.92" CONTENT="vidkommer"/><SP WIDTH="14" VPOS="883" HPOS="856"/>
							<String ID="string_265" HPOS="870" VPOS="883" WIDTH="35" HEIGHT="21" WC="0.93" CONTENT="det"/><SP WIDTH="15" VPOS="883" HPOS="905"/>
							<String ID="string_266" HPOS="920" VPOS="883" WIDTH="80" HEIGHT="26" WC="0.91" CONTENT="tillägg,"/>
						</TextLine>
						<TextLine ID="line_26" HPOS="180" VPOS="911" WIDTH="622" HEIGHT="28">
							<String ID="string_267" HPOS="180" VPOS="918" WIDTH="45" HEIGHT="15" WC="0.96" CONTENT="som"/><SP WIDTH="12" VPOS="918" HPOS="225"/>
							<String ID="string_268" HPOS="237" VPOS="913" WIDTH="37" HEIGHT="26" WC="0.92" CONTENT="jag"/><SP WIDTH="15" VPOS="913" HPOS="274"/>
							<String ID="string_269" HPOS="289" VPOS="912" WIDTH="74" HEIGHT="27" WC="0.95" CONTENT="gjorde"/><SP WIDTH="15" VPOS="912" HPOS="363"/>
							<String ID="string_270" HPOS="378" VPOS="911" WIDTH="49" HEIGHT="22" WC="0.93" CONTENT="med"/><SP WIDTH="16" VPOS="911" HPOS="427"/>
							<String ID="string_271" HPOS="443" VPOS="911" WIDTH="98" HEIGHT="22" WC="0.93" CONTENT="afseende"/><SP WIDTH="15" VPOS="911" HPOS="541"/>
							<String ID="string_272" HPOS="556" VPOS="913" WIDTH="12" HEIGHT="20" WC="0.93" CONTENT="å"/><SP WIDTH="16" VPOS="913" HPOS="568"/>
							<String ID="string_273" HPOS="584" VPOS="911" WIDTH="78" HEIGHT="22" WC="0.96" CONTENT="vården"/><SP WIDTH="16" VPOS="911" HPOS="662"/>
							<String ID="string_274" HPOS="678" VPOS="912" WIDTH="6" HEIGHT="21" WC="0.93" CONTENT="i"/><SP WIDTH="16" VPOS="912" HPOS="684"/>
							<String ID="string_275" HPOS="700" VPOS="912" WIDTH="102" HEIGHT="21" WC="0.96" CONTENT="hemmen."/>
						</TextLine>
					</TextBlock>
				</ComposedBlock>
				<ComposedBlock ID="cblock_3" HPOS="179" VPOS="968" WIDTH="822" HEIGHT="570">
					<TextBlock ID="block_2" HPOS="179" VPOS="968" WIDTH="822" HEIGHT="570">
						<TextLine ID="line_27" HPOS="199" VPOS="968" WIDTH="802" HEIGHT="30">
							<String ID="string_276" HPOS="199" VPOS="996" WIDTH="2" HEIGHT="2" WC="0.56" CONTENT="="/><SP WIDTH="47" VPOS="996" HPOS="201"/>
							<String ID="string_277" HPOS="248" VPOS="968" WIDTH="91" HEIGHT="22" WC="0.62" CONTENT="Prosten"/><SP WIDTH="16" VPOS="968" HPOS="339"/>
							<String ID="string_278" HPOS="355" VPOS="968" WIDTH="166" HEIGHT="22" WC="0.91" CONTENT="Warelius:"/><SP WIDTH="24" VPOS="968" HPOS="521"/>
							<String ID="string_279" HPOS="545" VPOS="969" WIDTH="41" HEIGHT="21" WC="0.96" CONTENT="Det"/><SP WIDTH="16" VPOS="969" HPOS="586"/>
							<String ID="string_280" HPOS="602" VPOS="969" WIDTH="38" HEIGHT="21" WC="0.96" CONTENT="har"/><SP WIDTH="15" VPOS="969" HPOS="640"/>
							<String ID="string_281" HPOS="655" VPOS="974" WIDTH="28" HEIGHT="16" WC="0.96" CONTENT="nu"/><SP WIDTH="17" VPOS="974" HPOS="683"/>
							<String ID="string_282" HPOS="700" VPOS="968" WIDTH="68" HEIGHT="22" WC="0.93" CONTENT="blifvit"/><SP WIDTH="14" VPOS="968" HPOS="768"/>
							<String ID="string_283" HPOS="782" VPOS="968" WIDTH="118" HEIGHT="22" WC="0.92" CONTENT="förklaradt"/><SP WIDTH="11" VPOS="968" HPOS="900"/>
							<String ID="string_284" HPOS="911" VPOS="971" WIDTH="32" HEIGHT="19" WC="0.96" CONTENT="att"/><SP WIDTH="11" VPOS="971" HPOS="943"/>
							<String ID="string_285" HPOS="954" VPOS="969" WIDTH="47" HEIGHT="21" WC="0.96" CONTENT="med"/>
						</TextLine>
						<TextLine ID="line_28" HPOS="180" VPOS="997" WIDTH="821" HEIGHT="27">
							<String ID="string_286" HPOS="180" VPOS="997" WIDTH="61" HEIGHT="21" WC="0.92" CONTENT="ordet"/><SP WIDTH="14" VPOS="997" HPOS="241"/>
							<String ID="string_287" HPOS="255" VPOS="997" WIDTH="106" HEIGHT="22" WC="0.93" CONTENT="folkskola"/><SP WIDTH="15" VPOS="997" HPOS="361"/>
							<String ID="string_288" HPOS="376" VPOS="998" WIDTH="38" HEIGHT="20" WC="0.95" CONTENT="här"/><SP WIDTH="15" VPOS="998" HPOS="414"/>
							<String ID="string_289" HPOS="429" VPOS="998" WIDTH="6" HEIGHT="20" WC="0.93" CONTENT="i"/><SP WIDTH="16" VPOS="998" HPOS="435"/>
							<String ID="string_290" HPOS="451" VPOS="997" WIDTH="95" HEIGHT="27" WC="0.91" CONTENT="tillägget"/><SP WIDTH="15" VPOS="997" HPOS="546"/>
							<String ID="string_291" HPOS="561" VPOS="998" WIDTH="45" HEIGHT="21" WC="0.92" CONTENT="icke"/><SP WIDTH="16" VPOS="998" HPOS="606"/>
							<String ID="string_292" HPOS="622" VPOS="1004" WIDTH="72" HEIGHT="14" WC="0.92" CONTENT="menas"/><SP WIDTH="15" VPOS="1004" HPOS="694"/>
							<String ID="string_293" HPOS="709" VPOS="1004" WIDTH="25" HEIGHT="15" WC="0.96" CONTENT="en"/><SP WIDTH="16" VPOS="1004" HPOS="734"/>
							<String ID="string_294" HPOS="750" VPOS="998" WIDTH="65" HEIGHT="26" WC="0.93" CONTENT="högre"/><SP WIDTH="15" VPOS="998" HPOS="815"/>
							<String ID="string_295" HPOS="830" VPOS="998" WIDTH="110" HEIGHT="24" WC="0.92" CONTENT="folkskola,"/><SP WIDTH="10" VPOS="998" HPOS="940"/>
							<String ID="string_296" HPOS="950" VPOS="1000" WIDTH="51" HEIGHT="19" WC="0.96" CONTENT="utan"/>
						</TextLine>
						<TextLine ID="line_29" HPOS="181" VPOS="1026" WIDTH="819" HEIGHT="28">
							<String ID="string_297" HPOS="181" VPOS="1026" WIDTH="74" HEIGHT="21" WC="0.96" CONTENT="endast"/><SP WIDTH="15" VPOS="1026" HPOS="255"/>
							<String ID="string_298" HPOS="270" VPOS="1033" WIDTH="25" HEIGHT="14" WC="0.93" CONTENT="en"/><SP WIDTH="17" VPOS="1033" HPOS="295"/>
							<String ID="string_299" HPOS="312" VPOS="1026" WIDTH="119" HEIGHT="25" WC="0.92" CONTENT="barnskola,"/><SP WIDTH="16" VPOS="1026" HPOS="431"/>
							<String ID="string_300" HPOS="447" VPOS="1032" WIDTH="47" HEIGHT="16" WC="0.96" CONTENT="men"/><SP WIDTH="13" VPOS="1032" HPOS="494"/>
							<String ID="string_301" HPOS="507" VPOS="1026" WIDTH="36" HEIGHT="28" WC="0.96" CONTENT="jag"/><SP WIDTH="15" VPOS="1026" HPOS="543"/>
							<String ID="string_302" HPOS="558" VPOS="1026" WIDTH="39" HEIGHT="21" WC="0.93" CONTENT="har"/><SP WIDTH="14" VPOS="1026" HPOS="597"/>
							<String ID="string_303" HPOS="611" VPOS="1026" WIDTH="47" HEIGHT="21" WC="0.91" CONTENT="icke"/><SP WIDTH="15" VPOS="1026" HPOS="658"/>
							<String ID="string_304" HPOS="673" VPOS="1026" WIDTH="41" HEIGHT="21" WC="0.92" CONTENT="fätt"/><SP WIDTH="15" VPOS="1026" HPOS="714"/>
							<String ID="string_305" HPOS="729" VPOS="1027" WIDTH="36" HEIGHT="20" WC="0.96" CONTENT="det"/><SP WIDTH="15" VPOS="1027" HPOS="765"/>
							<String ID="string_306" HPOS="780" VPOS="1028" WIDTH="42" HEIGHT="20" WC="0.97" CONTENT="rätt"/><SP WIDTH="20" VPOS="1028" HPOS="822"/>
							<String ID="string_307" HPOS="842" VPOS="1027" WIDTH="56" HEIGHT="20" WC="0.96" CONTENT="klart"/><SP WIDTH="11" VPOS="1027" HPOS="898"/>
							<String ID="string_308" HPOS="909" VPOS="1026" WIDTH="32" HEIGHT="21" WC="0.96" CONTENT="för"/><SP WIDTH="11" VPOS="1026" HPOS="941"/>
							<String ID="string_309" HPOS="952" VPOS="1026" WIDTH="48" HEIGHT="27" WC="0.97" CONTENT="mig,"/>
						</TextLine>
						<TextLine ID="line_30" HPOS="181" VPOS="1054" WIDTH="819" HEIGHT="28">
							<String ID="string_310" HPOS="181" VPOS="1056" WIDTH="32" HEIGHT="20" WC="0.93" CONTENT="att"/><SP WIDTH="14" VPOS="1056" HPOS="213"/>
							<String ID="string_311" HPOS="227" VPOS="1055" WIDTH="105" HEIGHT="21" WC="0.93" CONTENT="utskottet"/><SP WIDTH="15" VPOS="1055" HPOS="332"/>
							<String ID="string_312" HPOS="347" VPOS="1054" WIDTH="39" HEIGHT="22" WC="0.96" CONTENT="har"/><SP WIDTH="15" VPOS="1054" HPOS="386"/>
							<String ID="string_313" HPOS="401" VPOS="1055" WIDTH="61" HEIGHT="21" WC="0.96" CONTENT="tänkt"/><SP WIDTH="15" VPOS="1055" HPOS="462"/>
							<String ID="string_314" HPOS="477" VPOS="1055" WIDTH="31" HEIGHT="27" WC="0.97" CONTENT="sig"/><SP WIDTH="15" VPOS="1055" HPOS="508"/>
							<String ID="string_315" HPOS="523" VPOS="1054" WIDTH="74" HEIGHT="22" WC="0.96" CONTENT="skolan"/><SP WIDTH="17" VPOS="1054" HPOS="597"/>
							<String ID="string_316" HPOS="614" VPOS="1055" WIDTH="22" HEIGHT="21" WC="0.93" CONTENT="sä"/><SP WIDTH="10" VPOS="1055" HPOS="636"/>
							<String ID="string_317" HPOS="646" VPOS="1054" WIDTH="118" HEIGHT="26" WC="0.93" CONTENT="inskränkt,"/><SP WIDTH="11" VPOS="1054" HPOS="764"/>
							<String ID="string_318" HPOS="775" VPOS="1057" WIDTH="51" HEIGHT="19" WC="0.93" CONTENT="utan"/><SP WIDTH="10" VPOS="1057" HPOS="826"/>
							<String ID="string_319" HPOS="836" VPOS="1057" WIDTH="46" HEIGHT="19" WC="0.93" CONTENT="tror"/><SP WIDTH="8" VPOS="1057" HPOS="882"/>
							<String ID="string_320" HPOS="890" VPOS="1055" WIDTH="37" HEIGHT="21" WC="0.96" CONTENT="allt"/><SP WIDTH="11" VPOS="1055" HPOS="927"/>
							<String ID="string_321" HPOS="938" VPOS="1057" WIDTH="62" HEIGHT="24" WC="0.96" CONTENT="ännu,"/>
						</TextLine>
						<TextLine ID="line_31" HPOS="180" VPOS="1082" WIDTH="820" HEIGHT="28">
							<String ID="string_322" HPOS="180" VPOS="1085" WIDTH="32" HEIGHT="19" WC="0.95" CONTENT="att"/><SP WIDTH="22" VPOS="1085" HPOS="212"/>
							<String ID="string_323" HPOS="234" VPOS="1083" WIDTH="39" HEIGHT="21" WC="0.96" CONTENT="här"/><SP WIDTH="22" VPOS="1083" HPOS="273"/>
							<String ID="string_324" HPOS="295" VPOS="1084" WIDTH="49" HEIGHT="20" WC="0.92" CONTENT="med"/><SP WIDTH="18" VPOS="1084" HPOS="344"/>
							<String ID="string_325" HPOS="362" VPOS="1082" WIDTH="105" HEIGHT="23" WC="0.92" CONTENT="folkskola"/><SP WIDTH="15" VPOS="1082" HPOS="467"/>
							<String ID="string_326" HPOS="482" VPOS="1090" WIDTH="72" HEIGHT="15" WC="0.92" CONTENT="menas"/><SP WIDTH="15" VPOS="1090" HPOS="554"/>
							<String ID="string_327" HPOS="569" VPOS="1090" WIDTH="25" HEIGHT="14" WC="0.96" CONTENT="en"/><SP WIDTH="17" VPOS="1090" HPOS="594"/>
							<String ID="string_328" HPOS="611" VPOS="1083" WIDTH="64" HEIGHT="26" WC="0.93" CONTENT="högre"/><SP WIDTH="16" VPOS="1083" HPOS="675"/>
							<String ID="string_329" HPOS="691" VPOS="1083" WIDTH="111" HEIGHT="26" WC="0.92" CONTENT="folkskola,"/><SP WIDTH="16" VPOS="1083" HPOS="802"/>
							<String ID="string_330" HPOS="818" VPOS="1084" WIDTH="24" HEIGHT="21" WC="0.96" CONTENT="sä"/><SP WIDTH="16" VPOS="1084" HPOS="842"/>
							<String ID="string_331" HPOS="858" VPOS="1084" WIDTH="83" HEIGHT="26" WC="0.95" CONTENT="mycket"/><SP WIDTH="15" VPOS="1084" HPOS="941"/>
							<String ID="string_332" HPOS="956" VPOS="1090" WIDTH="44" HEIGHT="15" WC="0.96" CONTENT="mer"/>
						</TextLine>
						<TextLine ID="line_32" HPOS="180" VPOS="1112" WIDTH="820" HEIGHT="26">
							<String ID="string_333" HPOS="180" VPOS="1118" WIDTH="45" HEIGHT="15" WC="0.96" CONTENT="som"/><SP WIDTH="16" VPOS="1118" HPOS="225"/>
							<String ID="string_334" HPOS="241" VPOS="1112" WIDTH="38" HEIGHT="21" WC="0.92" CONTENT="här"/><SP WIDTH="15" VPOS="1112" HPOS="279"/>
							<String ID="string_335" HPOS="294" VPOS="1114" WIDTH="61" HEIGHT="24" WC="0.93" CONTENT="säges"/><SP WIDTH="15" VPOS="1114" HPOS="355"/>
							<String ID="string_336" HPOS="370" VPOS="1112" WIDTH="51" HEIGHT="25" WC="0.85" CONTENT=",der"/><SP WIDTH="15" VPOS="1112" HPOS="421"/>
							<String ID="string_337" HPOS="436" VPOS="1113" WIDTH="66" HEIGHT="20" WC="0.96" CONTENT="sådan"/><SP WIDTH="15" VPOS="1113" HPOS="502"/>
							<String ID="string_338" HPOS="517" VPOS="1112" WIDTH="66" HEIGHT="21" WC="0.96" CONTENT="finnes"/><SP WIDTH="20" VPOS="1112" HPOS="583"/>
							<String ID="string_339" HPOS="603" VPOS="1112" WIDTH="2" HEIGHT="21" WC="0.93" CONTENT="i"/><SP WIDTH="15" VPOS="1112" HPOS="605"/>
							<String ID="string_340" HPOS="620" VPOS="1112" WIDTH="127" HEIGHT="21" WC="0.96" CONTENT="kommunen"/><SP WIDTH="15" VPOS="1112" HPOS="747"/>
							<String ID="string_341" HPOS="762" VPOS="1112" WIDTH="110" HEIGHT="26" WC="0.77" CONTENT="inrättad”,"/><SP WIDTH="12" VPOS="1112" HPOS="872"/>
							<String ID="string_342" HPOS="884" VPOS="1113" WIDTH="35" HEIGHT="21" WC="0.93" CONTENT="det"/><SP WIDTH="10" VPOS="1113" HPOS="919"/>
							<String ID="string_343" HPOS="929" VPOS="1118" WIDTH="71" HEIGHT="16" WC="0.96" CONTENT="menas"/>
						</TextLine>
						<TextLine ID="line_33" HPOS="180" VPOS="1140" WIDTH="821" HEIGHT="28">
							<String ID="string_344" HPOS="180" VPOS="1140" WIDTH="82" HEIGHT="22" WC="0.96" CONTENT="således"/><SP WIDTH="16" VPOS="1140" HPOS="262"/>
							<String ID="string_345" HPOS="278" VPOS="1147" WIDTH="26" HEIGHT="15" WC="0.93" CONTENT="en"/><SP WIDTH="15" VPOS="1147" HPOS="304"/>
							<String ID="string_346" HPOS="319" VPOS="1140" WIDTH="188" HEIGHT="22" WC="0.91" CONTENT="kommunalskola."/><SP WIDTH="30" VPOS="1140" HPOS="507"/>
							<String ID="string_347" HPOS="537" VPOS="1140" WIDTH="132" HEIGHT="22" WC="0.91" CONTENT="Barnskolan"/><SP WIDTH="12" VPOS="1140" HPOS="669"/>
							<String ID="string_348" HPOS="681" VPOS="1142" WIDTH="25" HEIGHT="20" WC="0.96" CONTENT="är"/><SP WIDTH="12" VPOS="1142" HPOS="706"/>
							<String ID="string_349" HPOS="718" VPOS="1147" WIDTH="25" HEIGHT="15" WC="0.96" CONTENT="en"/><SP WIDTH="11" VPOS="1147" HPOS="743"/>
							<String ID="string_350" HPOS="754" VPOS="1141" WIDTH="83" HEIGHT="27" WC="0.96" CONTENT="kyrklig"/><SP WIDTH="10" VPOS="1141" HPOS="837"/>
							<String ID="string_351" HPOS="847" VPOS="1140" WIDTH="66" HEIGHT="22" WC="0.95" CONTENT="skola."/><SP WIDTH="16" VPOS="1140" HPOS="913"/>
							<String ID="string_352" HPOS="929" VPOS="1141" WIDTH="72" HEIGHT="21" WC="0.96" CONTENT="Skulle"/>
						</TextLine>
						<TextLine ID="line_34" HPOS="181" VPOS="1168" WIDTH="820" HEIGHT="27">
							<String ID="string_353" HPOS="181" VPOS="1168" WIDTH="106" HEIGHT="22" WC="0.96" CONTENT="utskottet"/><SP WIDTH="21" VPOS="1168" HPOS="287"/>
							<String ID="string_354" HPOS="308" VPOS="1168" WIDTH="62" HEIGHT="22" WC="0.96" CONTENT="hafva"/><SP WIDTH="20" VPOS="1168" HPOS="370"/>
							<String ID="string_355" HPOS="390" VPOS="1170" WIDTH="62" HEIGHT="20" WC="0.95" CONTENT="tänkt"/><SP WIDTH="14" VPOS="1170" HPOS="452"/>
							<String ID="string_356" HPOS="466" VPOS="1168" WIDTH="32" HEIGHT="27" WC="0.95" CONTENT="sig"/><SP WIDTH="15" VPOS="1168" HPOS="498"/>
							<String ID="string_357" HPOS="513" VPOS="1175" WIDTH="26" HEIGHT="15" WC="0.93" CONTENT="en"/><SP WIDTH="15" VPOS="1175" HPOS="539"/>
							<String ID="string_358" HPOS="554" VPOS="1168" WIDTH="119" HEIGHT="27" WC="0.91" CONTENT="barnskola,"/><SP WIDTH="17" VPOS="1168" HPOS="673"/>
							<String ID="string_359" HPOS="690" VPOS="1169" WIDTH="68" HEIGHT="21" WC="0.96" CONTENT="skulle"/><SP WIDTH="15" VPOS="1169" HPOS="758"/>
							<String ID="string_360" HPOS="773" VPOS="1169" WIDTH="36" HEIGHT="21" WC="0.96" CONTENT="det"/><SP WIDTH="15" VPOS="1169" HPOS="809"/>
							<String ID="string_361" HPOS="824" VPOS="1170" WIDTH="32" HEIGHT="20" WC="0.96" CONTENT="väl"/><SP WIDTH="16" VPOS="1170" HPOS="856"/>
							<String ID="string_362" HPOS="872" VPOS="1169" WIDTH="60" HEIGHT="21" WC="0.93" CONTENT="hetat"/><SP WIDTH="19" VPOS="1169" HPOS="932"/>
							<String ID="string_363" HPOS="951" VPOS="1185" WIDTH="4" HEIGHT="8" WC="0.92" CONTENT=","/><SP WIDTH="2" VPOS="1185" HPOS="955"/>
							<String ID="string_364" HPOS="957" VPOS="1170" WIDTH="44" HEIGHT="23" WC="0.93" CONTENT="der"/>
						</TextLine>
						<TextLine ID="line_35" HPOS="181" VPOS="1197" WIDTH="819" HEIGHT="28">
							<String ID="string_365" HPOS="181" VPOS="1197" WIDTH="65" HEIGHT="21" WC="0.95" CONTENT="sådan"/><SP WIDTH="22" VPOS="1197" HPOS="246"/>
							<String ID="string_366" HPOS="268" VPOS="1197" WIDTH="66" HEIGHT="21" WC="0.96" CONTENT="finnes"/><SP WIDTH="21" VPOS="1197" HPOS="334"/>
							<String ID="string_367" HPOS="355" VPOS="1197" WIDTH="7" HEIGHT="21" WC="0.96" CONTENT="i"/><SP WIDTH="15" VPOS="1197" HPOS="362"/>
							<String ID="string_368" HPOS="377" VPOS="1197" WIDTH="149" HEIGHT="27" WC="0.96" CONTENT="församlingen"/><SP WIDTH="17" VPOS="1197" HPOS="526"/>
							<String ID="string_369" HPOS="543" VPOS="1198" WIDTH="114" HEIGHT="20" WC="0.94" CONTENT="inrättad&quot;."/><SP WIDTH="31" VPOS="1198" HPOS="657"/>
							<String ID="string_370" HPOS="688" VPOS="1197" WIDTH="55" HEIGHT="25" WC="0.96" CONTENT="Men,"/><SP WIDTH="23" VPOS="1197" HPOS="743"/>
							<String ID="string_371" HPOS="766" VPOS="1197" WIDTH="67" HEIGHT="22" WC="0.96" CONTENT="ehuru"/><SP WIDTH="13" VPOS="1197" HPOS="833"/>
							<String ID="string_372" HPOS="846" VPOS="1198" WIDTH="37" HEIGHT="27" WC="0.96" CONTENT="jag"/><SP WIDTH="15" VPOS="1198" HPOS="883"/>
							<String ID="string_373" HPOS="898" VPOS="1198" WIDTH="46" HEIGHT="21" WC="0.96" CONTENT="icke"/><SP WIDTH="15" VPOS="1198" HPOS="944"/>
							<String ID="string_374" HPOS="959" VPOS="1198" WIDTH="41" HEIGHT="21" WC="0.96" CONTENT="kan"/>
						</TextLine>
						<TextLine ID="line_36" HPOS="180" VPOS="1225" WIDTH="821" HEIGHT="28">
							<String ID="string_375" HPOS="180" VPOS="1225" WIDTH="67" HEIGHT="22" WC="0.96" CONTENT="förstå"/><SP WIDTH="22" VPOS="1225" HPOS="247"/>
							<String ID="string_376" HPOS="269" VPOS="1226" WIDTH="39" HEIGHT="22" WC="0.96" CONTENT="här"/><SP WIDTH="22" VPOS="1226" HPOS="308"/>
							<String ID="string_377" HPOS="330" VPOS="1228" WIDTH="66" HEIGHT="19" WC="0.96" CONTENT="annat"/><SP WIDTH="14" VPOS="1228" HPOS="396"/>
							<String ID="string_378" HPOS="410" VPOS="1228" WIDTH="27" HEIGHT="19" WC="0.96" CONTENT="än"/><SP WIDTH="16" VPOS="1228" HPOS="437"/>
							<String ID="string_379" HPOS="453" VPOS="1226" WIDTH="65" HEIGHT="26" WC="0.96" CONTENT="högre"/><SP WIDTH="15" VPOS="1226" HPOS="518"/>
							<String ID="string_380" HPOS="533" VPOS="1226" WIDTH="106" HEIGHT="21" WC="0.95" CONTENT="folkskola"/><SP WIDTH="15" VPOS="1226" HPOS="639"/>
							<String ID="string_381" HPOS="654" VPOS="1226" WIDTH="7" HEIGHT="20" WC="0.96" CONTENT="i"/><SP WIDTH="15" VPOS="1226" HPOS="661"/>
							<String ID="string_382" HPOS="676" VPOS="1232" WIDTH="26" HEIGHT="15" WC="0.96" CONTENT="en"/><SP WIDTH="16" VPOS="1232" HPOS="702"/>
							<String ID="string_383" HPOS="718" VPOS="1226" WIDTH="190" HEIGHT="27" WC="0.96" CONTENT="landsförsamling,"/><SP WIDTH="16" VPOS="1226" HPOS="908"/>
							<String ID="string_384" HPOS="924" VPOS="1226" WIDTH="77" HEIGHT="22" WC="0.95" CONTENT="önskar"/>
						</TextLine>
						<TextLine ID="line_37" HPOS="179" VPOS="1254" WIDTH="822" HEIGHT="28">
							<String ID="string_385" HPOS="179" VPOS="1254" WIDTH="37" HEIGHT="26" WC="0.96" CONTENT="jag"/><SP WIDTH="14" VPOS="1254" HPOS="216"/>
							<String ID="string_386" HPOS="230" VPOS="1254" WIDTH="83" HEIGHT="21" WC="0.96" CONTENT="ändock"/><SP WIDTH="14" VPOS="1254" HPOS="313"/>
							<String ID="string_387" HPOS="327" VPOS="1254" WIDTH="107" HEIGHT="22" WC="0.96" CONTENT="bibehålla"/><SP WIDTH="18" VPOS="1254" HPOS="434"/>
							<String ID="string_388" HPOS="452" VPOS="1254" WIDTH="102" HEIGHT="27" WC="0.96" CONTENT="tillägget."/><SP WIDTH="30" VPOS="1254" HPOS="554"/>
							<String ID="string_389" HPOS="584" VPOS="1254" WIDTH="50" HEIGHT="22" WC="0.96" CONTENT="Man"/><SP WIDTH="15" VPOS="1254" HPOS="634"/>
							<String ID="string_390" HPOS="649" VPOS="1261" WIDTH="62" HEIGHT="15" WC="0.96" CONTENT="anser"/><SP WIDTH="15" VPOS="1261" HPOS="711"/>
							<String ID="string_391" HPOS="726" VPOS="1255" WIDTH="26" HEIGHT="21" WC="0.96" CONTENT="de"/><SP WIDTH="15" VPOS="1255" HPOS="752"/>
							<String ID="string_392" HPOS="767" VPOS="1254" WIDTH="105" HEIGHT="22" WC="0.96" CONTENT="föräldrar"/><SP WIDTH="15" VPOS="1254" HPOS="872"/>
							<String ID="string_393" HPOS="887" VPOS="1255" WIDTH="47" HEIGHT="21" WC="0.96" CONTENT="bäst"/><SP WIDTH="11" VPOS="1255" HPOS="934"/>
							<String ID="string_394" HPOS="945" VPOS="1255" WIDTH="56" HEIGHT="27" WC="0.96" CONTENT="sörja"/>
						</TextLine>
						<TextLine ID="line_38" HPOS="181" VPOS="1281" WIDTH="819" HEIGHT="27">
							<String ID="string_395" HPOS="181" VPOS="1281" WIDTH="34" HEIGHT="22" WC="0.96" CONTENT="för"/><SP WIDTH="14" VPOS="1281" HPOS="215"/>
							<String ID="string_396" HPOS="229" VPOS="1282" WIDTH="45" HEIGHT="22" WC="0.95" CONTENT="sina"/><SP WIDTH="17" VPOS="1282" HPOS="274"/>
							<String ID="string_397" HPOS="291" VPOS="1283" WIDTH="57" HEIGHT="25" WC="0.96" CONTENT="barn,"/><SP WIDTH="17" VPOS="1283" HPOS="348"/>
							<String ID="string_398" HPOS="365" VPOS="1288" WIDTH="44" HEIGHT="16" WC="0.96" CONTENT="som"/><SP WIDTH="16" VPOS="1288" HPOS="409"/>
							<String ID="string_399" HPOS="425" VPOS="1285" WIDTH="57" HEIGHT="19" WC="0.96" CONTENT="sätta"/><SP WIDTH="15" VPOS="1285" HPOS="482"/>
							<String ID="string_400" HPOS="497" VPOS="1283" WIDTH="47" HEIGHT="21" WC="0.96" CONTENT="dem"/><SP WIDTH="15" VPOS="1283" HPOS="544"/>
							<String ID="string_401" HPOS="559" VPOS="1284" WIDTH="6" HEIGHT="20" WC="0.96" CONTENT="i"/><SP WIDTH="15" VPOS="1284" HPOS="565"/>
							<String ID="string_402" HPOS="580" VPOS="1283" WIDTH="66" HEIGHT="25" WC="0.96" CONTENT="högre"/><SP WIDTH="10" VPOS="1283" HPOS="646"/>
							<String ID="string_403" HPOS="656" VPOS="1283" WIDTH="111" HEIGHT="24" WC="0.96" CONTENT="folkskola,"/><SP WIDTH="12" VPOS="1283" HPOS="767"/>
							<String ID="string_404" HPOS="779" VPOS="1290" WIDTH="33" HEIGHT="14" WC="0.96" CONTENT="om"/><SP WIDTH="12" VPOS="1290" HPOS="812"/>
							<String ID="string_405" HPOS="824" VPOS="1284" WIDTH="63" HEIGHT="19" WC="0.96" CONTENT="också"/><SP WIDTH="11" VPOS="1284" HPOS="887"/>
							<String ID="string_406" HPOS="898" VPOS="1284" WIDTH="24" HEIGHT="19" WC="0.96" CONTENT="de"/><SP WIDTH="12" VPOS="1284" HPOS="922"/>
							<String ID="string_407" HPOS="934" VPOS="1283" WIDTH="66" HEIGHT="21" WC="0.95" CONTENT="måste"/>
						</TextLine>
						<TextLine ID="line_39" HPOS="181" VPOS="1309" WIDTH="819" HEIGHT="27">
							<String ID="string_408" HPOS="181" VPOS="1309" WIDTH="84" HEIGHT="22" WC="0.96" CONTENT="försaka"/><SP WIDTH="23" VPOS="1309" HPOS="265"/>
							<String ID="string_409" HPOS="288" VPOS="1310" WIDTH="6" HEIGHT="20" WC="0.95" CONTENT="i"/><SP WIDTH="23" VPOS="1310" HPOS="294"/>
							<String ID="string_410" HPOS="317" VPOS="1312" WIDTH="70" HEIGHT="19" WC="0.95" CONTENT="annat."/><SP WIDTH="31" VPOS="1312" HPOS="387"/>
							<String ID="string_411" HPOS="418" VPOS="1310" WIDTH="49" HEIGHT="21" WC="0.96" CONTENT="Man"/><SP WIDTH="16" VPOS="1310" HPOS="467"/>
							<String ID="string_412" HPOS="483" VPOS="1316" WIDTH="62" HEIGHT="16" WC="0.95" CONTENT="anser"/><SP WIDTH="14" VPOS="1316" HPOS="545"/>
							<String ID="string_413" HPOS="559" VPOS="1310" WIDTH="48" HEIGHT="22" WC="0.96" CONTENT="dem"/><SP WIDTH="15" VPOS="1310" HPOS="607"/>
							<String ID="string_414" HPOS="622" VPOS="1310" WIDTH="79" HEIGHT="22" WC="0.96" CONTENT="handla"/><SP WIDTH="14" VPOS="1310" HPOS="701"/>
							<String ID="string_415" HPOS="715" VPOS="1310" WIDTH="77" HEIGHT="26" WC="0.96" CONTENT="bättre,"/><SP WIDTH="16" VPOS="1310" HPOS="792"/>
							<String ID="string_416" HPOS="808" VPOS="1313" WIDTH="26" HEIGHT="19" WC="0.96" CONTENT="än"/><SP WIDTH="16" VPOS="1313" HPOS="834"/>
							<String ID="string_417" HPOS="850" VPOS="1311" WIDTH="26" HEIGHT="21" WC="0.96" CONTENT="de"/><SP WIDTH="15" VPOS="1311" HPOS="876"/>
							<String ID="string_418" HPOS="891" VPOS="1311" WIDTH="109" HEIGHT="25" WC="0.96" CONTENT="föräldrar,"/>
						</TextLine>
						<TextLine ID="line_40" HPOS="181" VPOS="1338" WIDTH="820" HEIGHT="26">
							<String ID="string_419" HPOS="181" VPOS="1344" WIDTH="45" HEIGHT="15" WC="0.96" CONTENT="som"/><SP WIDTH="15" VPOS="1344" HPOS="226"/>
							<String ID="string_420" HPOS="241" VPOS="1338" WIDTH="75" HEIGHT="21" WC="0.93" CONTENT="endast"/><SP WIDTH="15" VPOS="1338" HPOS="316"/>
							<String ID="string_421" HPOS="331" VPOS="1344" WIDTH="23" HEIGHT="15" WC="0.88" CONTENT="&#39;se"/><SP WIDTH="15" VPOS="1344" HPOS="354"/>
							<String ID="string_422" HPOS="369" VPOS="1339" WIDTH="27" HEIGHT="25" WC="0.96" CONTENT="på"/><SP WIDTH="16" VPOS="1339" HPOS="396"/>
							<String ID="string_423" HPOS="412" VPOS="1338" WIDTH="39" HEIGHT="21" WC="0.96" CONTENT="den"/><SP WIDTH="16" VPOS="1338" HPOS="451"/>
							<String ID="string_424" HPOS="467" VPOS="1338" WIDTH="137" HEIGHT="22" WC="0.96" CONTENT="ekonomiska"/><SP WIDTH="14" VPOS="1338" HPOS="604"/>
							<String ID="string_425" HPOS="618" VPOS="1338" WIDTH="61" HEIGHT="21" WC="0.96" CONTENT="delen"/><SP WIDTH="16" VPOS="1338" HPOS="679"/>
							<String ID="string_426" HPOS="695" VPOS="1338" WIDTH="38" HEIGHT="21" WC="0.96" CONTENT="och"/><SP WIDTH="17" VPOS="1338" HPOS="733"/>
							<String ID="string_427" HPOS="750" VPOS="1338" WIDTH="56" HEIGHT="22" WC="0.96" CONTENT="hålla"/><SP WIDTH="15" VPOS="1338" HPOS="806"/>
							<String ID="string_428" HPOS="821" VPOS="1339" WIDTH="79" HEIGHT="21" WC="0.96" CONTENT="barnen"/><SP WIDTH="12" VPOS="1339" HPOS="900"/>
							<String ID="string_429" HPOS="912" VPOS="1339" WIDTH="89" HEIGHT="21" WC="0.96" CONTENT="hemma."/>
						</TextLine>
						<TextLine ID="line_41" HPOS="181" VPOS="1365" WIDTH="819" HEIGHT="28">
							<String ID="string_430" HPOS="181" VPOS="1365" WIDTH="35" HEIGHT="22" WC="0.96" CONTENT="Nu"/><SP WIDTH="22" VPOS="1365" HPOS="216"/>
							<String ID="string_431" HPOS="238" VPOS="1366" WIDTH="72" HEIGHT="22" WC="0.93" CONTENT="träder"/><SP WIDTH="21" VPOS="1366" HPOS="310"/>
							<String ID="string_432" HPOS="331" VPOS="1366" WIDTH="216" HEIGHT="27" WC="0.91" CONTENT="fattigförsörjningen"/><SP WIDTH="20" VPOS="1366" HPOS="547"/>
							<String ID="string_433" HPOS="567" VPOS="1367" WIDTH="7" HEIGHT="21" WC="0.96" CONTENT="i"/><SP WIDTH="15" VPOS="1367" HPOS="574"/>
							<String ID="string_434" HPOS="589" VPOS="1366" WIDTH="72" HEIGHT="22" WC="0.96" CONTENT="stället"/><SP WIDTH="15" VPOS="1366" HPOS="661"/>
							<String ID="string_435" HPOS="676" VPOS="1366" WIDTH="32" HEIGHT="22" WC="0.93" CONTENT="för"/><SP WIDTH="15" VPOS="1366" HPOS="708"/>
							<String ID="string_436" HPOS="723" VPOS="1367" WIDTH="130" HEIGHT="22" WC="0.90" CONTENT="föräldrarne"/><SP WIDTH="16" VPOS="1367" HPOS="853"/>
							<String ID="string_437" HPOS="869" VPOS="1368" WIDTH="37" HEIGHT="21" WC="0.96" CONTENT="der"/><SP WIDTH="16" VPOS="1368" HPOS="906"/>
							<String ID="string_438" HPOS="922" VPOS="1367" WIDTH="78" HEIGHT="22" WC="0.96" CONTENT="barnen"/>
						</TextLine>
						<TextLine ID="line_42" HPOS="180" VPOS="1394" WIDTH="820" HEIGHT="28">
							<String ID="string_439" HPOS="180" VPOS="1394" WIDTH="67" HEIGHT="22" WC="0.95" CONTENT="sakna"/><SP WIDTH="16" VPOS="1394" HPOS="247"/>
							<String ID="string_440" HPOS="263" VPOS="1395" WIDTH="98" HEIGHT="27" WC="0.96" CONTENT="antingen"/><SP WIDTH="17" VPOS="1395" HPOS="361"/>
							<String ID="string_441" HPOS="378" VPOS="1394" WIDTH="43" HEIGHT="23" WC="0.96" CONTENT="helt"/><SP WIDTH="15" VPOS="1394" HPOS="421"/>
							<String ID="string_442" HPOS="436" VPOS="1396" WIDTH="39" HEIGHT="20" WC="0.96" CONTENT="och"/><SP WIDTH="15" VPOS="1396" HPOS="475"/>
							<String ID="string_443" HPOS="490" VPOS="1396" WIDTH="66" HEIGHT="21" WC="0.96" CONTENT="hållet"/><SP WIDTH="9" VPOS="1396" HPOS="556"/>
							<String ID="string_444" HPOS="565" VPOS="1396" WIDTH="104" HEIGHT="21" WC="0.96" CONTENT="föräldrar"/><SP WIDTH="10" VPOS="1396" HPOS="669"/>
							<String ID="string_445" HPOS="679" VPOS="1396" WIDTH="51" HEIGHT="21" WC="0.96" CONTENT="eller"/><SP WIDTH="10" VPOS="1396" HPOS="730"/>
							<String ID="string_446" HPOS="740" VPOS="1397" WIDTH="80" HEIGHT="21" WC="0.96" CONTENT="sådana"/><SP WIDTH="12" VPOS="1397" HPOS="820"/>
							<String ID="string_447" HPOS="832" VPOS="1396" WIDTH="110" HEIGHT="26" WC="0.96" CONTENT="föräldrar,"/><SP WIDTH="13" VPOS="1396" HPOS="942"/>
							<String ID="string_448" HPOS="955" VPOS="1402" WIDTH="45" HEIGHT="16" WC="0.95" CONTENT="som"/>
						</TextLine>
						<TextLine ID="line_43" HPOS="180" VPOS="1424" WIDTH="821" HEIGHT="27">
							<String ID="string_449" HPOS="180" VPOS="1424" WIDTH="72" HEIGHT="21" WC="0.96" CONTENT="kunna"/><SP WIDTH="22" VPOS="1424" HPOS="252"/>
							<String ID="string_450" HPOS="274" VPOS="1424" WIDTH="111" HEIGHT="27" WC="0.96" CONTENT="uppfostra"/><SP WIDTH="22" VPOS="1424" HPOS="385"/>
							<String ID="string_451" HPOS="407" VPOS="1424" WIDTH="54" HEIGHT="21" WC="0.94" CONTENT="dem."/><SP WIDTH="29" VPOS="1424" HPOS="461"/>
							<String ID="string_452" HPOS="490" VPOS="1424" WIDTH="111" HEIGHT="26" WC="0.94" CONTENT="Ingenting"/><SP WIDTH="22" VPOS="1424" HPOS="601"/>
							<String ID="string_453" HPOS="623" VPOS="1426" WIDTH="24" HEIGHT="19" WC="0.96" CONTENT="är"/><SP WIDTH="23" VPOS="1426" HPOS="647"/>
							<String ID="string_454" HPOS="670" VPOS="1425" WIDTH="32" HEIGHT="21" WC="0.93" CONTENT="väl"/><SP WIDTH="22" VPOS="1425" HPOS="702"/>
							<String ID="string_455" HPOS="724" VPOS="1425" WIDTH="119" HEIGHT="26" WC="0.92" CONTENT="önskligare"/><SP WIDTH="26" VPOS="1425" HPOS="843"/>
							<String ID="string_456" HPOS="869" VPOS="1427" WIDTH="26" HEIGHT="19" WC="0.96" CONTENT="än"/><SP WIDTH="16" VPOS="1427" HPOS="895"/>
							<String ID="string_457" HPOS="911" VPOS="1425" WIDTH="42" HEIGHT="26" WC="0.95" CONTENT="det,"/><SP WIDTH="16" VPOS="1425" HPOS="953"/>
							<String ID="string_458" HPOS="969" VPOS="1427" WIDTH="32" HEIGHT="19" WC="0.96" CONTENT="att"/>
						</TextLine>
						<TextLine ID="line_44" HPOS="180" VPOS="1452" WIDTH="821" HEIGHT="28">
							<String ID="string_459" HPOS="180" VPOS="1452" WIDTH="215" HEIGHT="28" WC="0.90" CONTENT="fattigförsörjningen"/><SP WIDTH="22" VPOS="1452" HPOS="395"/>
							<String ID="string_460" HPOS="417" VPOS="1452" WIDTH="70" HEIGHT="22" WC="0.96" CONTENT="liknar"/><SP WIDTH="22" VPOS="1452" HPOS="487"/>
							<String ID="string_461" HPOS="509" VPOS="1453" WIDTH="26" HEIGHT="21" WC="0.96" CONTENT="de"/><SP WIDTH="18" VPOS="1453" HPOS="535"/>
							<String ID="string_462" HPOS="553" VPOS="1453" WIDTH="111" HEIGHT="25" WC="0.96" CONTENT="föräldrar,"/><SP WIDTH="16" VPOS="1453" HPOS="664"/>
							<String ID="string_463" HPOS="680" VPOS="1459" WIDTH="45" HEIGHT="15" WC="0.96" CONTENT="som"/><SP WIDTH="17" VPOS="1459" HPOS="725"/>
							<String ID="string_464" HPOS="742" VPOS="1460" WIDTH="47" HEIGHT="15" WC="0.96" CONTENT="man"/><SP WIDTH="17" VPOS="1460" HPOS="789"/>
							<String ID="string_465" HPOS="806" VPOS="1453" WIDTH="117" HEIGHT="22" WC="0.93" CONTENT="berömmer"/><SP WIDTH="15" VPOS="1453" HPOS="923"/>
							<String ID="string_466" HPOS="938" VPOS="1454" WIDTH="63" HEIGHT="21" WC="0.91" CONTENT="fram-"/>
						</TextLine>
						<TextLine ID="line_45" HPOS="180" VPOS="1480" WIDTH="821" HEIGHT="29">
							<String ID="string_467" HPOS="180" VPOS="1480" WIDTH="33" HEIGHT="21" WC="0.96" CONTENT="för"/><SP WIDTH="22" VPOS="1480" HPOS="213"/>
							<String ID="string_468" HPOS="235" VPOS="1481" WIDTH="72" HEIGHT="21" WC="0.94" CONTENT="andra."/><SP WIDTH="30" VPOS="1481" HPOS="307"/>
							<String ID="string_469" HPOS="337" VPOS="1482" WIDTH="42" HEIGHT="21" WC="0.96" CONTENT="Det"/><SP WIDTH="24" VPOS="1482" HPOS="379"/>
							<String ID="string_470" HPOS="403" VPOS="1482" WIDTH="39" HEIGHT="20" WC="0.93" CONTENT="har"/><SP WIDTH="22" VPOS="1482" HPOS="442"/>
							<String ID="string_471" HPOS="464" VPOS="1482" WIDTH="120" HEIGHT="26" WC="0.93" CONTENT="visserligen"/><SP WIDTH="24" VPOS="1482" HPOS="584"/>
							<String ID="string_472" HPOS="608" VPOS="1481" WIDTH="67" HEIGHT="21" WC="0.95" CONTENT="blifvit"/><SP WIDTH="22" VPOS="1481" HPOS="675"/>
							<String ID="string_473" HPOS="697" VPOS="1483" WIDTH="47" HEIGHT="20" WC="0.96" CONTENT="med"/><SP WIDTH="23" VPOS="1483" HPOS="744"/>
							<String ID="string_474" HPOS="767" VPOS="1482" WIDTH="88" HEIGHT="27" WC="0.96" CONTENT="mycken"/><SP WIDTH="23" VPOS="1482" HPOS="855"/>
							<String ID="string_475" HPOS="878" VPOS="1482" WIDTH="123" HEIGHT="27" WC="0.95" CONTENT="vältalighet"/>
						</TextLine>
						<TextLine ID="line_46" HPOS="180" VPOS="1508" WIDTH="821" HEIGHT="30">
							<String ID="string_476" HPOS="180" VPOS="1508" WIDTH="126" HEIGHT="28" WC="0.89" CONTENT="frambållet,"/><SP WIDTH="20" VPOS="1508" HPOS="306"/>
							<String ID="string_477" HPOS="326" VPOS="1511" WIDTH="32" HEIGHT="20" WC="0.96" CONTENT="att"/><SP WIDTH="16" VPOS="1511" HPOS="358"/>
							<String ID="string_478" HPOS="374" VPOS="1510" WIDTH="35" HEIGHT="21" WC="0.96" CONTENT="det"/><SP WIDTH="14" VPOS="1510" HPOS="409"/>
							<String ID="string_479" HPOS="423" VPOS="1512" WIDTH="25" HEIGHT="19" WC="0.96" CONTENT="är"/><SP WIDTH="14" VPOS="1512" HPOS="448"/>
							<String ID="string_480" HPOS="462" VPOS="1511" WIDTH="63" HEIGHT="24" WC="0.96" CONTENT="svårt,"/><SP WIDTH="14" VPOS="1511" HPOS="525"/>
							<String ID="string_481" HPOS="539" VPOS="1511" WIDTH="22" HEIGHT="26" WC="0.96" CONTENT="ja"/><SP WIDTH="15" VPOS="1511" HPOS="561"/>
							<String ID="string_482" HPOS="576" VPOS="1509" WIDTH="101" HEIGHT="28" WC="0.95" CONTENT="omöjligt,"/><SP WIDTH="16" VPOS="1509" HPOS="677"/>
							<String ID="string_483" HPOS="693" VPOS="1510" WIDTH="32" HEIGHT="22" WC="0.93" CONTENT="för"/><SP WIDTH="15" VPOS="1510" HPOS="725"/>
							<String ID="string_484" HPOS="740" VPOS="1510" WIDTH="214" HEIGHT="28" WC="0.91" CONTENT="fattigförsörjningen"/><SP WIDTH="15" VPOS="1510" HPOS="954"/>
							<String ID="string_485" HPOS="969" VPOS="1513" WIDTH="32" HEIGHT="19" WC="0.96" CONTENT="att"/>
						</TextLine>
					</TextBlock>
				</ComposedBlock>
				<GraphicalElement ID="cblock_4" HPOS="1082" VPOS="0" WIDTH="10" HEIGHT="621"></GraphicalElement >
			</PrintSpace>
		</Page>
	</Layout>
</alto>
