1084 1820
313 128 160 19 Presteståndet
486 129 53 18 1877.
564 130 12 17 5
588 130 92 17 oktober.
820 123 55 21 1219

85 197 48 21 land
150 197 101 27 inträffat,
267 198 26 22 de
309 198 56 22 ännu
381 198 46 22 icke
442 198 63 22 väckt
520 199 64 27 något
599 198 115 28 synnerligt
729 199 121 26 uppseende
865 198 39 22 och

84 226 47 22 icke
147 226 55 22 varit
216 227 24 21 af
252 227 85 21 svårare
353 229 41 19 art.

154 255 62 21 Hvad
238 255 45 21 åter
305 255 101 22 beträffar
427 256 41 20 den
487 255 75 27 gjorda
576 255 173 27 anmärkningen,
764 257 33 20 att
812 256 36 20 det
862 255 42 21 for-

85 282 49 22 dras
156 285 32 19 att
210 283 75 21 hustru
303 284 40 21 och
359 283 140 27 minderåriga
514 284 54 21 barn
583 284 64 21 också
662 284 60 20 skola
737 283 64 21 hafva
816 284 89 26 deltagit

84 311 8 21 i
107 318 101 15 mannens
230 312 132 26 emigration,
385 312 33 21 för
437 314 34 19 att
491 312 117 27 ersättning
622 312 23 21 af
658 312 129 21 kommunen
804 312 53 21 skall
873 318 32 14 er-

85 339 75 27 hållas,
183 341 62 21 torde
267 341 36 21 det
322 347 51 15 vara
388 341 88 21 alldeles
490 342 7 20 i
513 341 31 21 sin
560 341 91 26 ordning
664 343 33 18 att
712 342 30 20 ett
757 340 76 22 sådant
848 340 57 21 stad-

85 369 69 26 gande
172 368 90 28 inflyter.
292 369 43 21 Det
349 369 70 22 kunde
434 376 77 14 annars
526 369 70 21 hähda
610 371 32 19 att
657 368 96 25 hustrun,
768 374 26 16 en
810 368 95 22 kraftfull

86 398 110 22 menniska
217 398 68 21 skulle
299 398 75 21 arbeta
392 398 3 20 i
410 398 129 22 kommunen
554 398 76 21 medan
644 404 91 15 mannen
750 398 40 20 har
804 398 55 20 varit
873 400 33 18 ut-

86 426 56 22 rikes
164 426 39 22 och
226 426 26 22 de
273 426 123 28 uppkomna
418 427 143 21 kostnaderna
583 432 45 16 som
652 426 126 21 kommunen
793 426 8 21 i
815 426 93 22 förskott

86 454 82 22 betalat
189 454 68 22 blifvit
279 455 122 21 densamma
423 455 23 21 af
467 455 81 21 kronan
568 456 80 20 ersatta
664 455 94 21 oaktadt.
789 455 42 20 Det
845 455 62 20 torde

86 489 52 15 vara
160 483 78 26 skäligt
260 485 33 20 att
316 483 27 22 då
365 489 48 16 man
435 483 107 26 lagstiftar
556 483 8 21 i
578 483 78 22 sådant
670 483 157 27 undantagsfall
842 483 65 26 nödig

86 511 134 27 försigtighet
235 511 106 27 iakttages
357 512 39 21 och
411 512 106 21 utskottet
532 512 39 21 har
586 511 72 22 derför
672 512 47 21 icke
734 511 69 22 funnit
813 511 46 22 skäl
875 514 32 19 att

87 541 8 20 i
110 540 60 21 detta
184 540 99 22 afseende
298 540 75 27 frångå
388 541 39 20 den
443 540 121 27 stilisering,
580 547 45 15 som
640 540 7 21 i
662 540 78 26 nådiga
750 540 157 27 propositionen

86 569 120 21 förefinnes.
236 569 41 26 Jag
291 569 69 21 skulle
375 569 72 21 derför
461 569 84 25 föreslå,
561 571 33 19 att
609 569 59 20 detta
684 570 94 19 moment
792 569 69 20 skulle
870 575 38 13 an-

87 599 61 25 tagas
163 597 77 21 sådant
255 597 35 21 det
305 596 24 22 af
341 597 106 21 utskottet
462 596 67 22 blifvit
544 596 145 22 formuleradt.

156 654 78 21 Pastor
255 654 105 21 Lilius:
391 653 70 22 Sedan
482 654 108 26 professor
614 653 62 22 Cleve
698 654 39 20 har
755 654 106 21 försvarat
876 654 32 20 ut-

88 682 91 22 skottets
194 683 137 26 förmulering
345 682 24 22 af
382 683 125 26 paragrafen
522 682 40 22 har
574 682 38 27 jag
622 682 80 27 ganska
713 682 46 22 litet
770 684 32 20 att
814 682 94 26 tillägga.

88 710 112 22 Utskottet
225 710 39 22 har
285 711 66 21 redan
373 711 97 26 utvidgat
485 712 40 20 den
540 710 76 27 fördel,
632 717 45 15 som
692 711 103 27 styrelsen
810 710 99 28 erbjuder

88 740 32 21 uti
142 740 40 21 den
205 739 162 28 ifrågavarande
391 740 131 27 paragrafen.
552 740 42 22 Det
616 740 62 21 torde
700 745 52 16 vara
766 738 143 28 tvifvelaktigt

89 774 34 16 om
138 768 104 28 styrelsen
257 768 49 22 ville
321 768 113 27 godkänna
449 775 36 15 ens
501 774 25 16 en
542 768 67 22 sädan
624 768 130 28 utvidgning,
770 774 45 16 som
825 768 84 22 utskot-

89 799 32 20 tet
135 796 40 22 här
189 797 96 21 föreslär.
315 797 35 21 Nu
365 797 62 21 hafva
441 799 75 25 pastor
530 797 56 27 Lyra
602 796 39 22 och
657 799 86 25 prosten
758 796 59 28 Hjelt
832 797 78 21 önskat

90 832 25 15 en
130 826 73 22 vidare
221 826 124 27 utvidgning
359 826 82 26 deruti;
455 826 36 26 jag
506 826 68 21 skulle
590 832 50 15 anse
657 826 35 21 det
707 825 109 27 riskabelt,
831 826 28 27 pä
874 826 36 20 det

89 856 33 22 att
136 855 48 22 icke
198 854 39 22 allt
252 855 55 21 hvad
321 854 103 28 styrelsen
439 855 65 21 redan
519 854 99 28 erbjudit,
633 854 69 22 skulle
716 854 97 22 förloras.

159 912 77 21 Pastor
254 912 87 26 Lyra:
371 911 99 27 Onekligt
485 913 24 19 är
525 913 31 20 att
572 911 105 21 utskottet
692 911 66 21 redan
773 911 96 27 utvidgat
884 910 26 21 de

90 940 91 27 utsigter
197 940 32 21 till
244 940 117 22 understöd
376 939 46 22 frän
438 940 88 27 kronan,
541 946 45 15 som
602 941 24 20 är
641 940 153 21 kommunerna
807 939 104 22 utlofvadt

90 969 7 21 i
112 969 41 21 den
168 969 113 26 kejserliga
296 969 165 26 propositionen,
478 975 47 15 men
535 969 77 21 sädant
621 969 89 21 oaktadt
722 968 117 22 innehäller
848 974 63 21 para-

90 997 74 27 grafen
187 999 31 20 ett
240 997 123 27 stadgande,
385 1003 46 16 som
449 999 39 25 gör
502 1000 33 19 att
550 998 60 21 detta
624 997 116 22 understöd
755 997 46 22 icke
816 997 96 21 kommer

90 1026 155 22 kommunerna
264 1027 33 21 till
312 1027 55 26 godo
381 1026 45 27 just
441 1027 6 20 i
463 1026 26 21 de
504 1026 44 28 fall,
563 1026 27 21 dä
606 1026 36 21 det
656 1029 54 18 mest
726 1026 68 21 skulle
809 1032 51 15 vara
874 1027 37 25 pä-

90 1055 84 21 kalladt
188 1055 40 22 och
244 1057 44 19 rätt
303 1055 40 22 och
358 1055 75 27 billigt.
454 1055 42 21 Det
511 1055 22 21 af
547 1054 109 27 professor
671 1054 63 22 Cleve
744 1055 88 21 anförda
842 1060 70 16 exem-

91 1084 44 27 plet
150 1086 24 19 är
189 1085 59 26 taget
262 1083 47 22 frän
324 1083 135 27 undantagen
475 1083 46 22 icke
535 1083 47 21 frän
597 1083 77 27 regeln.
698 1084 39 21 Att
749 1089 26 15 en
785 1089 48 15 man
843 1082 69 22 skulle

90 1113 66 22 vistas
178 1112 7 22 i
207 1112 116 28 Ryssland,
339 1112 67 21 under
429 1112 36 21 det
487 1114 32 20 att
540 1112 53 21 hans
615 1111 92 28 kraftiga
728 1112 76 21 hustru
826 1111 87 22 arbetar

91 1141 91 27 hemma,
198 1143 25 19 är
237 1141 46 21 icke
298 1141 65 27 regel,
378 1143 52 19 utan
445 1141 71 26 regeln
531 1142 25 20 är
568 1140 47 25 den,
628 1142 32 20 att
672 1147 26 15 en
710 1140 111 27 familjefar
831 1140 82 21 lemnar

92 1176 26 16 en
142 1170 64 22 talrik
228 1170 85 21 värnlös
329 1170 40 21 och
384 1169 46 21 usel
444 1170 66 26 familj
526 1170 40 20 här
580 1169 90 26 hemma,
685 1170 85 20 hvilken
784 1168 67 27 familj
867 1169 46 21 ofta

92 1198 22 22 af
133 1198 141 28 fattigvården
296 1198 67 22 måste
386 1198 107 27 försörjas,
509 1198 33 21 för
560 1200 33 19 att
606 1197 47 22 icke
668 1198 69 21 svälta
752 1197 56 27 ihjäl.
839 1196 75 22 Håller

92 1234 49 16 man
157 1227 31 27 sig
203 1227 27 21 då
245 1226 33 22 till
294 1227 78 27 regeln,
387 1227 47 21 icke
449 1226 34 22 till
497 1227 142 26 undantagen,
654 1232 62 22 synes
731 1226 37 21 det
782 1226 43 26 mig
839 1225 75 27 riktigt

93 1258 33 20 att
146 1256 24 22 så
192 1256 115 22 formulera
328 1256 69 26 lagen,
419 1256 33 20 att
475 1256 36 21 det
532 1255 108 27 verkligen
658 1254 42 22 kan
715 1254 65 22 blifva
794 1254 119 22 församlin-

93 1291 67 21 garna
181 1284 33 22 till
236 1285 69 27 någon
324 1284 75 27 fördel,
415 1284 38 21 der
468 1284 36 22 det
518 1290 51 16 vore
584 1285 54 20 mest
652 1284 53 21 skäl.
736 1283 70 22 Också
819 1285 46 19 tror
877 1283 38 27 jag

94 1314 46 23 icke
155 1315 33 21 att
202 1314 60 22 detta
276 1312 125 28 omöjliggör
416 1312 138 28 paragrafens
568 1312 126 27 antagande.

162 1370 32 22 På
216 1370 72 22 derom
310 1370 61 27 gjord
394 1369 154 28 framställning
566 1369 124 28 godkändes
705 1369 62 22 hvart
782 1369 52 22 efter
849 1370 66 20 annat

95 1405 63 16 mom.
176 1398 61 23 1—3.
