1084 1814
313 125 159 19 Presteständet
485 127 53 17 1877.
562 126 23 18 16
597 127 91 17 oktober.
824 122 55 21 1433

87 193 159 28 bestämningen
268 195 24 21 af
309 202 26 15 en
353 195 75 27 högsta
442 195 110 27 betalning
567 195 32 22 för
614 196 94 27 skjutsen
723 196 68 22 skulle
806 197 102 21 medföra.

87 222 33 23 Då
142 224 112 26 utskottet,
277 224 74 22 liksom
375 224 61 22 äfven
458 225 7 21 i
489 224 39 22 den
543 224 112 28 kejserliga
670 225 159 27 propositionen
844 226 65 24 skett,

86 252 100 27 framlagt
200 258 26 16 en
242 252 79 22 dubbel
336 252 122 28 skjutslega,
475 259 25 15 en
515 254 33 20 för
564 254 39 21 den
614 253 130 26 jordegande
755 254 39 21 och
805 259 25 15 en
839 260 68 15 annan

87 280 33 21 för
143 283 172 24 entreprenören,
338 288 38 14 var
399 281 36 21 det
457 281 63 27 klart,
536 283 32 20 att
583 282 105 21 utskottet
702 282 123 26 härigenom
839 282 70 22 skulle

86 308 58 22 föras
159 309 32 21 till
207 310 77 21 tanken
299 310 28 26 på
342 309 91 27 Sverige.
463 310 83 26 Frågan
563 316 33 15 om
612 316 26 15 en
653 310 75 26 högsta
743 310 116 27 skjutslega
871 316 39 16 var

88 337 64 22 också
172 338 87 22 föremål
282 338 33 22 för
337 339 116 21 utskottets
474 338 126 28 diskussion,
617 338 67 22 ehuru
700 340 85 26 prosten
800 338 109 28 Dahlberg

87 366 47 22 icke
150 367 72 27 tyckes
237 367 100 27 påminna
352 368 31 26 sig
399 367 64 21 detta.
486 367 131 22 Fördelarna
628 367 61 22 deraf
697 367 71 27 insågs
781 367 129 22 åtminstone

87 395 23 21 af
126 396 66 27 några
208 396 23 22 af
244 396 47 22 dess
307 396 142 22 medlemmar.
479 396 43 22 För
537 397 42 21 min
595 396 33 22 del
644 399 15 19 t.
675 402 31 16 ex.
722 396 68 22 skulle
803 396 37 28 jag
854 396 54 26 icke,

88 424 68 22 såsom
178 424 35 28 jag
235 431 29 15 nu
288 425 63 27 gjort,
375 428 118 19 reserverat
513 426 48 26 mig,
577 425 45 21 ifall
638 426 36 20 det
689 425 54 21 varit
757 425 62 27 fråga
833 432 34 14 om
883 431 26 16 en

87 452 77 27 högsta
186 454 117 26 skjutslega
325 454 40 21 och
388 460 25 15 en
436 460 69 15 annan
523 454 115 26 skjutslega
652 454 34 20 för
700 454 21 20 in
737 456 77 20 natura
828 455 82 26 presta-

88 482 78 21 tionen.
196 482 49 21 Men
262 482 58 21 detta
335 482 134 22 förhållande
484 482 68 22 skulle
568 482 132 26 naturligtvis
715 482 47 22 föra
776 482 32 21 till
821 489 26 15 en
856 482 53 22 olik-

87 509 37 22 het
147 510 39 22 och
210 510 113 22 osäkerhet
338 510 47 22 med
401 511 98 21 afseende
515 510 12 22 å
542 510 142 27 beräkningen
700 510 33 21 för
748 510 139 22 fortkomsten
903 511 6 21 i

87 538 79 26 landet,
187 538 33 22 för
234 539 88 27 hvilket,
337 540 70 21 såsom
423 539 117 27 Kejserliga
556 540 157 26 propositionen
727 540 66 26 gifver
808 540 34 21 vid
857 540 52 21 han-

89 568 47 26 den,
160 568 103 26 styrelsen
284 574 62 21 synes
363 568 28 21 ha
406 571 74 24 ryggat
495 568 95 22 tillbaka.
620 568 64 21 Detta
700 569 61 21 torde
777 568 62 21 hafva
854 569 57 21 varit

88 596 118 22 förnämsta
221 597 146 27 anledningen,
384 596 86 22 hvarför
485 596 105 30 utskottet
605 597 46 21 icke
666 597 7 21 i
688 597 69 21 denna
773 597 33 21 del
816 597 57 21 velat
882 597 28 26 gå

89 624 47 22 från
157 626 164 26 propositionen.
352 625 40 27 Jag
407 632 62 14 anser
484 626 42 26 mig
541 626 47 20 med
604 626 98 21 afseende
717 625 13 21 å
745 626 36 20 det
796 625 113 22 förhållan-

90 654 36 21 det
148 653 47 23 icke
217 654 90 22 behöfva
322 660 52 15 vara
388 653 139 28 vidlyftigare.
543 666 27 3 —
585 654 112 27 Egentliga
712 654 96 26 orsaken,
824 654 87 21 hvarför

88 682 37 28 jag
140 682 92 27 begärde
248 683 66 25 ordet,
331 688 38 16 var
383 683 47 25 den,
445 685 33 19 att
490 683 37 27 jag
541 682 55 22 hade
611 682 99 22 förbisett
725 685 32 19 att
771 682 83 28 påpeka
869 682 40 22 den

92 711 12 21 3
119 711 106 22 klämmen
241 711 7 21 i
263 712 42 20 min
320 712 136 21 reservation.
479 712 42 20 För
535 714 33 19 att
583 712 46 21 icke
644 718 61 21 synas
720 712 26 26 gå
762 712 87 21 alldeles
859 711 50 27 god-

90 740 89 26 tyckligt
202 740 92 26 tillväga,
318 740 70 22 anslöt
407 740 37 26 jag
465 741 42 26 mig
527 740 33 22 till
580 740 129 22 Ständernas
724 740 70 22 beslut
808 740 23 21 år
848 740 61 21 1867.

90 768 66 22 Detta
171 768 71 22 beslut
256 768 117 22 innehåller
387 769 112 26 nemligen,
514 771 32 19 att
561 769 130 27 skjutslegan
706 768 66 22 borde
785 775 50 15 vara
845 768 7 21 i
863 768 48 22 stad

90 797 28 21 20
133 798 63 26 penni
212 798 39 20 och
266 797 28 27 på
309 797 72 22 landet
397 798 26 20 15
438 798 62 26 penni
515 798 34 21 för
561 800 89 22 versten,
662 798 97 26 antingen
771 796 140 28 entreprenad

90 827 25 20 är
137 826 70 22 införd
230 826 51 22 eller
304 827 52 21 icke.
385 826 74 22 Denna
482 826 116 28 skjutslega
621 826 59 22 torde
702 826 54 22 dock
774 826 21 21 af
808 825 103 27 styrelsen

90 854 64 22 hafva
177 856 81 20 ansetts
279 854 32 22 för
327 855 57 27 dryg.
414 854 35 22 Nu
463 854 41 22 kan
520 855 76 21 sådant
610 854 34 22 väl
658 854 46 22 icke
720 861 45 15 mer
780 861 50 15 vara
844 854 67 22 fallet.

90 882 49 22 Men
161 884 7 20 i
190 884 69 20 denna
282 883 108 27 betalning
411 883 70 27 ingick
499 883 64 22 också
578 884 40 21 den
634 883 33 21 för
682 884 136 27 begagnande
833 883 23 21 af
871 883 40 21 den

91 912 135 26 skjutsandes
242 912 77 21 åkdon.
341 912 42 21 Det
397 918 62 20 synes
473 912 42 27 mig
531 912 54 22 dock
600 912 88 27 obilligt,
704 914 33 20 att
752 912 26 21 de
788 911 123 27 skjutsande

92 940 60 22 skola
174 941 49 21 slita
246 942 23 20 ut
291 941 46 21 sina
359 940 70 22 åkdon
449 940 38 22 och
503 942 71 26 restyg
588 941 7 21 i
611 941 40 21 den
666 941 100 21 resandes
780 940 64 27 tjenst
859 942 52 19 utan

90 969 70 26 någon
183 970 123 26 ersättning.
337 969 42 21 Det
399 969 42 21 kan
465 969 51 22 visst
538 970 34 20 för
587 969 93 21 tillfället
694 976 62 14 anses
770 970 69 20 såsom
857 969 55 21 1867

91 997 34 21 ärs
141 998 91 22 Ständer
248 999 84 26 ansägo,
348 1004 51 15 vara
414 1004 25 15 en
455 998 82 22 lättnad
552 998 33 21 för
600 998 40 21 den
656 997 122 27 skjutsande
794 999 31 19 ait
838 997 20 21 fä
870 997 43 21 äka

90 1026 49 22 med
162 1032 52 21 egen
232 1026 63 22 kärra
312 1027 7 21 i
334 1026 72 22 stället
420 1027 35 21 för
469 1029 32 19 att
516 1026 92 22 behöfva
622 1026 120 22 framforsla
757 1026 40 22 den
812 1026 100 21 resandes

91 1058 67 24 tunga
173 1055 79 26 äkdon;
269 1062 48 15 men
331 1056 8 20 i
353 1055 42 21 alla
410 1055 37 22 fall
463 1057 23 19 är
497 1056 35 21 det
544 1062 26 14 en
581 1055 70 21 direkt
659 1055 97 26 kostnad,
765 1061 46 16 som
819 1054 94 22 drabbar

91 1084 40 22 den
154 1084 129 27 skjutsande,
306 1084 53 22 hans
381 1084 71 22 äkdon
467 1084 39 22 och
523 1087 71 24 restyg
609 1084 84 21 utslitas
708 1086 52 19 utan
774 1085 33 19 att
821 1083 42 22 han
879 1089 33 15 er-

92 1112 68 22 häller
175 1112 69 28 nägon
260 1114 117 26 ersättning
393 1112 76 22 derför.
492 1113 40 26 Jag
543 1113 68 21 skulle
624 1112 71 22 derför
710 1114 40 24 tro,
761 1114 33 20 att
802 1112 36 22 det
845 1112 68 27 ligger

91 1142 69 26 nägon
181 1142 89 21 rättvisa
289 1142 51 25 deri,
355 1143 33 20 att
403 1142 40 21 den
458 1142 89 21 resande
562 1142 7 20 i
584 1143 23 25 ty
622 1142 37 20 fall
674 1141 82 22 betalar
770 1142 65 26 nägot
847 1147 65 19 mera,

92 1172 27 19 än
134 1171 55 21 blott
204 1170 40 22 och
258 1170 49 22 bart
322 1170 137 27 skjutslegan,
475 1170 39 22 och
529 1176 25 16 en
565 1170 63 27 penni
640 1170 32 21 för
684 1170 72 26 hvarje
764 1170 148 26 tillryggalagd

92 1202 56 18 verst
171 1200 61 21 torde
252 1199 75 21 härvid
349 1199 46 21 icke
417 1206 50 14 vara
486 1200 33 20 för
533 1199 91 27 mycket.
640 1211 27 3 —
682 1198 103 28 Slutligen
801 1199 62 21 utber
875 1199 39 27 jag

91 1228 43 27 mig
156 1230 32 19 att
210 1228 7 22 i
240 1228 99 22 afseende
354 1228 12 21 å
382 1230 86 24 prosten
484 1228 70 26 Hjelts
568 1228 98 26 yttrande
681 1228 57 21 fästa
752 1228 161 26 uppmärksar-

92 1257 64 22 heten
174 1256 72 29 derpä,
260 1259 32 20 att
307 1257 105 22 utskottet
426 1256 123 23 hemställer
564 1257 32 21 till
612 1256 120 27 ständerna,
747 1256 105 22 huruvida
867 1256 47 22 icke

93 1285 133 26 wStänderna
248 1287 48 20 ville
311 1287 7 20 i
334 1287 36 20 det
385 1286 144 26 underdäniga
543 1288 71 19 svaret
628 1286 28 26 pä
671 1286 41 21 den
726 1285 77 26 nådiga
817 1285 96 26 proposi-

92 1315 72 21 tionen
186 1314 119 22 förbehälla
325 1315 32 26 sig
377 1317 38 23 att,
435 1315 69 21 derest
520 1314 66 27 nägra
601 1314 113 27 ändringar
729 1314 7 21 i
751 1314 41 21 den
807 1313 106 21 blifvande

92 1343 150 27 författningen
264 1343 8 21 i
294 1345 71 19 ämnet
386 1343 101 22 befunnes
510 1343 82 27 nödiga,
616 1343 114 20 ständerna
744 1342 66 21 måtte
825 1342 6 21 i
847 1341 67 22 nåder

93 1372 81 21 lemnas
191 1371 82 22 tillfälle
289 1373 33 20 att
336 1372 7 21 i
357 1371 171 27 grundlagsenlig
542 1374 40 23 väg
597 1372 7 21 i
618 1371 147 26 lagstiftandet
780 1371 72 20 derom
868 1371 45 20 del-

94 1403 70 24 taga".
194 1400 66 22 Detta
282 1400 66 27 gäller
369 1400 133 27 naturligtvis
525 1400 64 21 också
610 1399 136 27 skjutslegan,
764 1400 18 21 d.
798 1405 18 15 v.
833 1405 16 15 s.
865 1399 48 21 med

94 1429 66 21 andra
182 1429 39 21 ord
243 1429 105 21 utskottet
370 1428 40 21 har
432 1429 106 26 hemstält,
556 1428 104 21 huruvida
675 1427 46 22 icke
735 1428 114 21 ständerna
863 1427 50 21 ville

94 1457 99 21 betrakta
216 1457 68 20 denna
304 1457 124 25 författning
445 1457 69 20 såsom
530 1462 26 15 en
571 1456 127 26 ständerlag.
724 1456 45 21 Blir
784 1455 130 26 skjutslegan

94 1484 132 22 fortfarande
240 1485 129 26 godtycklig,
381 1486 24 19 är
416 1484 133 26 naturligtvis
557 1483 48 22 hela
613 1484 68 21 denna
689 1483 130 27 lagstiftning
827 1483 87 21 alldeles

94 1513 79 28 onödig
195 1512 40 23 och
255 1512 26 22 då
297 1513 42 22 kan
355 1513 35 22 det
404 1518 65 21 gerna
485 1512 65 22 blifva
565 1512 34 22 vid
615 1512 36 21 det
665 1513 79 26 gamla;
760 1513 22 26 ty
798 1512 34 21 det
847 1511 68 28 gäller
