1092 1800
235 117 54 21 1172
433 121 160 18 Presteständet
606 122 54 16 1877.
684 121 12 17 3
709 121 92 17 oktober.

206 192 49 22 dras
269 192 32 21 för
317 193 32 20 att
363 190 68 22 införa
445 189 253 26 kommunalfullmäktige
712 189 28 27 på
752 188 78 22 landet.
853 187 174 23 Kommunalfull-

206 220 92 26 mäktige
316 221 27 26 på
358 218 72 22 landet
445 224 49 16 vore
509 218 86 21 alldeles
611 218 143 25 nödvändiga;
778 223 47 15 men
840 217 134 26 ingenstädes
988 216 39 21 fin-

205 255 39 15 nas
266 248 27 22 de
315 250 62 23 ännu,
397 247 39 22 och
457 247 36 21 det
508 248 24 20 är
546 249 58 19 utom
619 245 40 22 allt
673 245 78 26 tvifvel,
766 247 34 20 att
815 245 165 26 bestämningen,
995 246 33 20 att

205 279 32 20 ett
259 277 52 22 visst
333 275 87 22 röstetal
441 275 54 22 skall
516 277 90 20 närvara
620 275 34 21 vid
670 281 25 15 en
711 275 66 21 sådan
792 276 90 19 stämma
896 273 34 22 för
945 276 32 19 att
992 273 36 22 det

206 305 54 22 skall
282 306 72 21 kunna
376 305 93 21 beslutas
491 304 79 28 härom,
594 304 120 21 förhindrar
733 304 61 21 deras
813 302 116 23 införande.
950 315 19 4 —
987 303 42 26 Jag

205 335 68 22 skulle
296 334 71 22 derför
388 333 84 24 föreslå,
495 336 32 19 att
550 333 159 26 bestämningen
724 339 34 15 om
774 334 115 20 stämmans
904 332 124 27 kompetens

205 363 69 22 skulle
295 363 63 22 blifva
380 362 43 22 lika
445 363 48 21 med
515 362 56 21 hvad
593 361 65 26 enligt
673 361 137 27 domprosten
825 361 68 26 Borgs
909 361 80 27 uppgift
1004 362 25 20 är

205 392 60 22 fallet
279 392 7 21 i
301 391 92 27 Sverige,
415 397 47 15 men
483 391 95 26 föröfrigt
592 390 113 27 godkänna
720 392 13 19 4
748 396 64 15 mom.
827 389 22 22 af
862 389 126 28 paragrafen
1000 389 29 27 på

206 421 53 28 skäl,
274 427 45 16 som
335 420 22 21 af
371 420 26 21 de
411 419 126 28 föregående
551 419 95 22 talarene
662 419 66 21 blifvit
744 418 93 22 anförda.

275 477 110 22 Professor
407 476 103 23 Cleve:
535 476 40 27 Jag
596 476 65 27 ansåg
676 476 42 27 mig
734 477 24 20 så
772 475 52 28 godt
838 481 46 16 som
901 475 82 28 skyldig
997 477 33 21 att

205 507 80 26 begära
307 506 60 21 ordet
390 505 47 22 med
452 505 113 27 anledning
580 505 65 26 deraf,
661 507 32 19 att
706 505 36 26 jag
756 505 39 21 har
810 504 88 27 deltagit
915 505 3 20 i
935 504 94 22 behand-

205 535 71 27 lingen
292 535 23 22 af
328 534 144 22 betänkandet
486 534 6 21 i
508 534 110 21 utskottet.
642 533 41 27 Jag
698 533 39 22 har
752 539 87 15 numera
854 533 49 27 föga
914 533 53 21 eller
976 533 54 22 intet

206 566 33 20 att
260 563 79 27 tilläga.
369 563 43 22 Det
434 563 39 21 har
496 563 104 26 nämligen
616 565 44 19 mot
676 565 86 24 prosten
777 561 59 28 Hjelt
850 561 132 27 framhållits,
997 564 33 19 att

207 593 36 21 det
264 591 131 23 förhållande
417 592 33 22 till
472 593 137 25 guvernören,
630 591 87 22 hvarom
732 591 40 21 här
786 591 8 21 i
809 590 66 22 andra
890 597 62 15 mom.
968 590 61 27 talas,

205 622 48 21 icke
275 621 87 22 innebär
383 620 32 22 för
429 622 130 26 guvernören
575 621 70 25 någon
660 622 43 20 rätt
718 622 32 19 att
765 620 67 21 ändra
846 620 52 22 eller
913 619 117 27 omreglera

206 650 139 22 kommunens
360 649 76 27 beslut,
452 653 51 17 utan
518 649 74 21 endast
607 651 32 19 att
653 655 23 15 se
692 648 38 26 till,
746 651 33 19 att
794 648 36 22 det
844 649 46 21 icke
906 649 44 21 står
960 648 7 22 i
977 648 54 22 strid

207 679 47 21 med
270 678 98 27 gällande
383 677 129 26 författning.
538 677 42 21 Det
595 677 41 22 kan
651 677 81 22 således
748 683 51 15 vara
815 677 87 26 ungefär
914 677 117 21 detsamma

207 713 35 15 om
258 707 35 21 det
308 707 45 20 står
367 706 72 27 slutlig
454 705 96 28 pröfning
565 705 51 22 eller
631 705 173 26 underställning.
822 718 24 3 —
862 705 62 22 Hvad
936 706 47 20 åter
995 705 36 22 be-

205 734 74 22 träffar
294 735 36 21 det
345 737 49 24 sätt,
409 735 80 26 hvarpå
505 734 125 21 kommunen
646 734 42 21 kan
703 734 83 21 besluta
804 734 32 21 till
852 733 98 22 distrikts
963 733 68 22 indel-

205 764 51 26 ning
271 763 39 22 och
325 764 46 21 åter
386 763 147 27 upphäfvande
548 762 21 22 af
583 763 118 25 distrikten,
717 762 61 21 torde
794 762 35 22 det
844 763 34 21 väl
893 769 50 14 vara
955 768 26 15 en
991 762 39 21 all-

207 792 58 22 deles
279 791 121 27 nödvändig
415 792 45 24 sak,
476 793 32 20 att
523 791 68 27 någon
604 791 90 22 särskild
704 791 53 21 form
768 791 74 22 härvid
853 793 24 19 är
888 790 143 23 föreskrifven.

205 821 44 22 Det
270 821 42 21 kan
327 821 46 21 icke
389 821 54 26 ligga
458 820 6 21 i
479 820 139 22 kommunens
633 819 51 22 eller
699 820 7 21 i
721 819 151 28 fattigvårdens
887 819 96 26 intresse,
998 822 33 20 att

206 856 27 15 en
255 849 70 27 hastig
347 849 134 26 omkastning
495 848 47 22 från
557 851 31 19 ett
602 851 78 25 system
696 848 32 21 till
744 851 31 19 ett
790 851 65 19 annat
870 848 55 22 sker.
954 849 77 21 Derför

205 879 40 20 har
259 877 105 22 utskottet
379 878 64 21 också
457 879 70 20 ansett
543 878 35 21 det
592 884 51 15 vara
658 877 87 21 alldeles
760 877 135 27 nödväudigt,
911 879 31 19 att
956 876 33 22 för
1000 877 31 22 in-

206 907 87 21 förande
315 906 22 22 af
356 906 107 26 indelning
477 905 7 22 i
500 906 83 21 distrikt
604 906 40 21 den
660 905 139 28 bestämning,
814 913 46 14 som
875 906 6 21 i
897 905 39 22 den
951 905 80 28 kejser-

206 935 43 27 liga
269 936 158 27 propositionen
446 934 95 27 föreslås,
556 935 68 21 skulle
639 934 64 22 blifva
718 935 104 26 gällande,
838 935 103 26 nemligen
957 937 32 20 att
1003 941 28 16 en

206 964 103 27 tredjedel
331 963 54 22 skall
400 970 51 15 vara
465 963 131 22 närvarande
612 963 38 22 och
666 963 61 22 deraf
740 965 36 20 två
790 963 137 26 tredjedelars
943 962 87 28 plurali-

206 996 31 18 tet
259 992 33 22 för
312 992 97 22 beslutet.
438 992 43 21 För
504 993 41 20 min
566 992 33 21 del
615 991 114 27 medgifver
741 993 37 26 jag
793 992 53 21 dock
861 998 72 21 gerna,
949 995 31 18 att
992 993 37 26 jag

205 1021 68 22 skulle
285 1021 62 22 hafva
358 1023 42 19 satt
410 1027 26 15 en
447 1027 69 16 annan
527 1021 137 26 bestämning.
688 1020 44 22 Min
744 1020 137 28 öfvertygelse
891 1022 23 19 är
925 1021 103 26 nemligen

207 1050 46 27 den,
270 1052 31 19 att
316 1049 141 26 fattigvården
472 1049 46 22 icke
533 1050 41 20 kan
586 1049 7 21 i
604 1051 68 19 större
682 1049 146 27 församlingar
839 1049 113 26 behörigen
963 1049 65 22 hand-

206 1079 72 21 hafvas
289 1078 137 26 annorlunda,
439 1080 25 19 än
476 1080 37 24 att,
524 1079 69 20 såsom
603 1077 65 22 redan
676 1077 22 22 af
705 1078 76 21 doktor
789 1077 97 22 Lindelöf
893 1077 67 22 blifvit
966 1078 63 22 fram-

205 1107 72 26 hållet,
293 1107 148 25 församlingen
457 1109 24 19 är
495 1106 94 21 fördelad
604 1107 7 20 i
627 1106 89 22 distrikt.
742 1107 41 25 Jag
798 1109 45 18 tror
858 1105 75 28 derför,
950 1109 31 19 att
993 1107 36 21 det

206 1135 68 21 skulle
286 1135 61 21 hafva
360 1134 53 22 varit
426 1135 65 21 saken
504 1134 32 22 till
549 1137 59 25 nytta
619 1140 33 15 om
664 1134 35 22 det
710 1134 46 22 icke
766 1134 68 22 skulle
844 1134 84 22 behöfts
938 1136 24 20 så
972 1141 57 22 myc-

206 1164 37 22 ket
257 1164 139 21 formaliteter
410 1162 33 22 för
458 1165 31 20 att
504 1164 84 20 komma
604 1163 95 22 öfverens
714 1170 35 14 om
764 1163 264 26 fattigvårdssamhällenas

205 1193 107 26 indelning
324 1192 7 21 i
342 1192 89 21 distrikt.
458 1192 48 21 Men
515 1192 36 27 jag
561 1194 46 19 tror
617 1192 63 21 också
690 1193 12 20 å
713 1192 65 21 andra
789 1192 66 26 sidan,
867 1194 31 20 att
909 1192 69 22 denna
988 1192 41 22 för-

205 1221 85 27 delning
305 1221 53 21 skall
375 1221 46 21 med
432 1221 65 21 sådan
508 1221 156 26 nödvändighet
674 1223 50 24 göra
734 1221 31 26 sig
775 1221 105 26 gällande,
890 1223 31 19 att
932 1221 95 22 kommu-

205 1256 66 15 nerna
281 1249 60 22 skola
352 1249 103 26 beqväma
464 1250 31 26 sig
503 1249 31 21 till
542 1251 103 20 stämman
654 1249 31 22 för
693 1251 32 20 att
732 1249 146 22 åstadkomma
886 1250 40 21 den
934 1250 94 21 nödvän-

206 1278 48 26 diga
269 1277 141 28 pluraliteten.
436 1278 48 21 Men
493 1278 44 26 just
547 1278 76 25 derför,
634 1280 32 19 att
678 1277 228 27 distriktsindelningen
916 1278 33 21 väl
960 1279 68 21 måste

205 1313 61 14 anses
289 1307 70 20 såsom
375 1305 38 22 den
433 1306 104 27 egentliga
552 1305 81 22 formen
648 1306 33 21 för
696 1306 150 27 fattigvärdens
861 1307 166 27 handhafvande,

205 1335 39 20 bör
264 1335 39 20 den
323 1335 46 20 icke
384 1336 89 19 utsättas
489 1335 32 20 för
536 1337 30 18 ett
582 1334 94 26 plötsligt
691 1335 152 26 upphäfvande.
875 1335 39 21 Om
930 1341 47 14 man
993 1336 35 20 så-

205 1361 58 22 ledes
285 1368 68 18 anser,
374 1363 32 20 att
420 1368 26 15 en
461 1361 90 22 särskild
566 1362 54 21 form
635 1364 24 19 är
674 1362 119 26 nödvändig
808 1362 32 21 för
855 1362 172 22 distriktsfördel-

205 1390 88 25 ningens
307 1389 116 26 införande,
439 1391 24 20 så
477 1390 82 21 fordrar
570 1390 158 27 konseqvensen
738 1392 32 19 att
780 1390 32 21 för
823 1391 47 21 dess
881 1390 146 28 upphäfvande

204 1425 81 15 samma
306 1418 54 22 form
383 1418 53 22 skall
461 1425 50 14 vara
533 1419 125 26 nödvändig.
690 1419 30 28 Ty
742 1419 36 21 det
800 1419 44 27 bör,
864 1420 70 21 såsom
950 1420 77 21 doktor

204 1447 99 22 Lindelöf
322 1448 64 21 redan
402 1447 121 24 framhållit,
538 1447 46 22 icke
599 1447 109 22 betraktas
722 1448 70 21 såsom
807 1450 32 19 ett
853 1449 117 26 undantags
985 1448 41 22 för-

204 1476 105 27 hållande,
332 1479 32 19 att
387 1476 235 27 fattigvårdssamhället
646 1477 80 22 indelas
741 1477 6 21 i
763 1477 91 28 distrikt,
869 1479 51 20 utan
935 1479 93 21 tvärtom

203 1505 71 22 såsom
290 1506 35 21 det
341 1505 89 27 verkligt
446 1505 118 22 önskvärda
579 1506 7 21 i
600 1505 72 22 saken.
