1092 1811
307 135 160 18 Presteständet
480 137 54 16 1877.
560 137 22 16 13
595 137 91 17 oktober.
827 133 54 20 1359

88 202 51 22 bero
162 203 23 22 af
205 203 158 27 kyrkoherdens
385 205 112 26 uppgifter,
520 205 84 22 hvilken
627 206 144 27 föreställning
786 206 122 27 visserligen

88 231 78 22 saknar
187 231 28 22 all
238 232 73 27 grund,
333 233 88 21 emedan
442 234 29 26 ju,
493 234 68 21 såsom
585 235 25 27 8$
633 235 84 21 65—68
738 235 5 20 i
760 235 101 26 förslaget
877 235 31 21 till

88 260 203 27 värnepligtsstadga
313 261 179 27 vidhandengifva,
508 269 33 15 om
557 263 65 21 sådan
638 263 97 21 befrielse
750 263 52 22 eller
817 263 93 27 lindring

88 289 118 27 ansökning
221 289 53 21 skall
289 291 62 24 göras
367 291 47 20 med
429 291 49 21 stöd
493 291 22 21 af
528 291 101 21 förskilda
643 291 65 27 intyg.

156 317 61 21 Hvad
233 317 100 21 beträffar
343 318 126 26 tidpunkten
480 319 33 21 för
523 320 25 20 de
560 320 144 26 ifrågakomna
714 320 194 26 förteckningarnes

88 346 136 26 uppgörande
247 346 38 21 har
307 347 104 21 utskottet
433 347 46 21 icke
502 348 65 21 heller
582 348 104 24 förbisett,
702 350 32 19 att
749 349 39 21 den
804 354 104 16 samman-

87 374 61 21 faller
171 375 47 21 med
241 380 25 16 en
282 374 36 24 tid,
334 374 119 22 hvaruoder
468 376 54 22 både
538 377 26 21 de
580 378 75 24 många
670 376 171 22 förekommande
857 377 51 27 hög-

87 402 136 28 tidsdagarne
244 403 39 21 och
304 403 93 22 särkilda
412 405 138 26 expetitioner
570 405 50 27 eljes
634 405 55 26 gifva
704 406 158 26 presterskapet
877 408 31 18 ett

88 431 61 27 drygt
171 432 78 24 arbete,
265 438 45 15 som
325 438 29 15 nu
371 438 75 21 genom
462 434 64 26 sagda
542 433 164 27 förteckningars
721 434 126 26 utskrifning
861 434 47 22 icke

87 460 23 21 så
125 460 47 20 litet
187 459 83 22 komme
285 463 32 19 att
333 460 57 22 ökas.

156 488 48 22 Men
228 489 88 21 oaktadt
339 488 37 22 allt
399 490 58 21 detta
478 490 38 22 och
534 490 66 21 ehuru
614 490 104 22 utskottet
734 490 61 27 inser,
812 492 31 20 att
859 490 26 22 de
900 490 6 21 i

87 516 12 28 8
114 518 28 20 60
157 517 22 21 af
193 517 216 28 värnepligtsstadgan
426 518 137 22 omförmälda
578 518 182 28 förteckningarne
776 521 36 19 äro
829 519 21 21 af
860 519 47 21 vida

88 552 56 15 mera
167 546 130 21 omfattande
319 549 40 24 art,
382 549 25 19 än
427 548 32 24 de,
475 554 45 15 som
536 547 129 22 förekommo
681 548 44 21 före
742 548 60 25 1723,
819 548 38 21 har
873 550 34 19 ut-

86 575 81 21 skottet
182 576 56 20 velat
253 575 84 21 förorda
352 575 58 21 bifall
426 576 30 21 till
473 576 39 22 den
528 576 135 27 förpligtelse,
679 583 45 15 som
740 577 90 21 nämnda
837 571 13 37 8
872 577 34 21 vill

86 604 75 26 älägga
184 604 162 27 presterskapet.
378 604 109 22 Utskottet
509 611 62 15 anser
589 605 35 21 det
640 605 102 26 nemligen
759 611 45 15 som
821 611 25 15 en
863 605 42 21 oaf-

87 632 59 26 vislig
169 632 153 27 medborgerlig
343 632 58 27 pligt,
425 635 31 18 att
478 633 7 20 i
508 634 58 21 detta
586 634 98 21 afseende
704 634 128 26 tillmötessä
847 634 59 21 Hans

86 660 117 27 Kejserliga
220 661 107 26 Majestäts
343 661 134 26 uppfordran,
494 662 134 21 alldenstund
643 662 25 21 de
684 662 78 21 äskade
778 662 38 21 och
830 662 77 26 nödiga

87 689 139 26 uppgifterna,
249 690 23 20 sä
294 689 61 26 länge
377 691 31 20 ett
430 690 139 27 civilregister
588 690 32 21 för
635 690 47 21 värt
697 691 49 20 land
761 691 83 24 saknas,
860 691 46 20 icke

87 717 69 20 kunna
179 717 82 21 hemtas
277 718 144 25 annorstädes,
437 720 26 19 än
480 719 46 20 frän
542 719 25 20 de
582 718 22 21 af
618 719 157 26 presterskapet
791 719 60 20 förda
867 719 38 21 och

87 745 180 22 omhänderhafda
282 746 178 27 kyrkoböckerna,
483 747 39 21 och
544 747 68 21 häller
634 747 101 26 derjemte
758 747 50 26 före,
823 750 32 18 att
871 747 35 22 det

86 773 93 27 begärda
201 774 82 21 arbetet
305 775 46 21 icke
367 774 40 21 blir
422 776 23 20 sä
461 775 135 22 öfverhöfvan
612 775 140 27 betungande,
769 778 31 19 att
816 778 90 24 prester-

86 802 75 27 skapet
184 802 45 22 icke
252 803 83 21 mäktar
357 804 91 21 dermed.
479 804 28 21 Sä
533 805 81 26 mycket
637 804 81 21 mindre
741 805 38 21 har
802 805 105 20 utskottet

86 833 70 20 ansett
171 831 32 27 sig
217 831 52 22 böra
284 832 105 27 tillstyrka
405 834 30 19 ett
450 832 112 27 afböjande
577 833 22 21 af
613 833 25 20 de
654 833 28 26 pä
698 833 116 21 detsamma
829 839 76 21 genom

86 860 13 28 8
123 861 27 20 60
173 861 6 20 i
197 860 99 27 förslaget
312 861 31 20 till
359 861 203 26 värnepligtsstadga
577 861 77 22 ställda
668 861 125 26 fordringar,
809 868 45 15 som
870 862 36 21 det

84 889 24 26 ju
122 889 6 20 i
144 889 72 26 hvarje
231 889 36 20 fall
282 889 79 27 äligger
376 889 159 27 församlingens
550 890 132 26 kyrkoherde
698 892 31 18 att
739 890 78 26 afgifva
827 890 79 26 vanligt

86 917 124 27 frejdebevis
233 923 33 15 om
289 924 25 14 en
337 918 52 21 hvar
410 918 22 20 af
453 918 159 26 församlingens
635 918 136 22 medlemmar
786 919 69 24 skildt,
871 925 34 15 om

86 946 24 21 sä
131 946 108 25 ästundas,
262 946 5 20 i
287 946 72 21 hvilka
380 946 57 22 bevis
459 946 120 27 visserligen
598 947 17 25 ej
632 947 48 25 ingä
696 946 40 22 alla
752 947 26 21 de
794 947 111 27 uppgifter,

86 980 44 15 som
153 974 60 21 skola
236 977 103 23 upptagas
360 974 7 21 i
389 975 26 21 de
435 981 29 15 nu
479 975 158 26 ifrägavarande
652 975 189 27 förteckningarne,
858 982 47 14 men

86 1002 70 21 hvilka
172 1002 53 22 dock
242 1003 60 26 pläga
317 1003 106 21 innehålla
437 1004 91 20 flertalet
543 1003 21 21 af
579 1004 52 20 dem.
654 1004 72 21 Skulle
742 1004 5 20 i
756 1004 39 21 och
804 1004 32 20 för
852 1004 53 21 mili-

83 1033 34 19 tär
139 1031 169 27 uppställningen
331 1032 22 20 af
373 1032 159 26 presterskapet
552 1032 82 21 fordras
649 1032 64 21 skildt
728 1032 129 27 frejdebetyg
873 1032 32 22 för

83 1060 71 26 hvarje
177 1059 230 27 församlingsmedlem,
430 1060 24 21 sä
477 1060 67 22 blefve
567 1061 35 21 det
623 1061 79 23 arbete,
721 1067 45 15 som
782 1061 123 26 härigenom

83 1088 124 22 äsamkades
231 1089 178 26 kyrkoherdarne,
429 1088 9 21 i
453 1088 73 27 sjelfva
542 1090 72 20 verket
630 1090 80 26 knappt
725 1096 41 20 nog
782 1090 79 20 mindre
878 1092 27 18 än

83 1117 41 26 det,
147 1123 45 15 som
216 1118 87 26 uppstär
325 1118 126 27 derigenom,
475 1120 31 18 att
531 1118 59 21 desse
606 1118 70 26 sjelfve
692 1124 24 15 ur
731 1118 173 27 kyrkoböckerne

83 1153 39 20 ega
144 1145 67 22 utleta
234 1146 53 27 dem,
309 1153 43 15 som
377 1146 82 22 befinna
482 1147 32 26 sig
535 1147 6 20 i
557 1146 136 22 föreskrifven
709 1147 194 27 väruepligtsälder,

83 1175 39 22 och
144 1181 34 15 om
201 1175 46 21 dem
269 1176 12 20 &
303 1175 84 28 färdiga
409 1175 121 22 blanketter
552 1176 95 21 meddela
668 1176 26 21 de
709 1176 111 27 uppgifter,
837 1177 66 20 som
892 1171 15 36 i

83 1204 216 26 värnepligtsstadgan
315 1204 22 21 af
350 1205 158 26 presterskapet
525 1205 93 26 begäras.

152 1232 122 27 Samtycket
289 1232 31 21 till
333 1233 245 26 värnepligtsutskottets
590 1232 124 22 hemställan
727 1239 62 15 anser
799 1233 106 21 utskottet

83 1260 54 22 dock
159 1261 52 21 böra
233 1260 85 27 åtföljas
340 1261 22 21 af
383 1261 36 21 det
442 1261 109 21 bestämda
566 1261 110 22 förbehåll,
691 1263 33 19 att
738 1262 165 26 presterskapet,

82 1289 70 21 såsom
175 1289 102 27 naturligt
299 1292 29 23 är,
348 1289 45 21 icke
409 1290 140 26 uttryckligen
565 1289 38 21 och
619 1290 33 20 för
668 1289 70 27 hvarje
754 1290 37 21 fall
806 1290 41 20 kan
863 1290 39 20 för-

82 1317 66 27 pligta
166 1318 32 26 sig
213 1317 31 21 till
260 1318 137 21 meddelande
412 1318 22 21 af
447 1318 67 21 andra
529 1317 105 28 uppgifter
649 1320 27 18 än
692 1318 52 26 dem,
762 1324 44 15 som
823 1318 81 26 framgä

83 1352 25 15 ur
130 1346 179 27 kyrkoböckerna,
333 1346 40 22 och
395 1346 45 22 icke
462 1346 67 21 heller
550 1346 71 21 ikläda
643 1346 31 26 sig
695 1349 64 19 annat
780 1353 76 15 ansvar
871 1346 32 21 för

83 1374 71 21 dessas
177 1374 161 27 tillförlitlighet,
361 1376 26 19 än
409 1377 32 19 att
463 1375 25 21 de
510 1377 36 19 äro
562 1376 70 25 troget
647 1374 100 22 afskrifna
762 1375 46 21 frän
825 1374 78 24 källan,

83 1402 37 21 der
142 1402 33 26 de,
198 1408 45 15 som
264 1402 85 26 bekant,
370 1403 64 21 oftast
457 1405 36 19 äro
517 1403 130 22 antecknade
663 1403 65 27 enligt
743 1404 95 26 muntlig,
855 1403 48 21 obe-

83 1430 69 26 styrkt
174 1432 74 24 utsago
271 1431 22 21 af
313 1432 26 20 de
361 1438 101 19 personer
485 1432 72 25 sjelfva
580 1431 51 21 eller
653 1431 60 21 deras
733 1432 108 26 anhöriga,
857 1437 46 15 som

83 1460 25 19 de
124 1460 55 19 röra.

151 1486 112 22 Utskottet
283 1487 39 21 har
336 1487 71 21 vidare
422 1489 53 18 trott
490 1487 31 26 sig
537 1487 52 21 böra
601 1487 118 24 framhålla,
734 1489 33 19 att
781 1487 122 26 åtagandet,

84 1516 32 20 att
137 1514 45 22 före
205 1515 39 21 den
265 1515 24 21 15
302 1515 84 27 januari
401 1515 72 27 hvarje
489 1516 23 20 år
527 1517 95 26 uppgöra
638 1515 26 21 de
678 1515 164 27 förteckningar,
859 1521 45 15 som
