1084 1795
194 128 56 34 1400
386 136 161 18 Presteständet
559 136 55 17 1877.
640 136 22 17 13
674 136 150 17 oktober.----

166 206 75 21 ställas
257 211 75 21 genom
348 205 139 27 entreprenad
503 205 38 21 och
557 204 65 22 borde
638 204 70 21 derför
722 204 69 21 säsom
807 204 114 27 oegentligt
935 204 52 21 änd-

166 240 42 15 ras.
238 234 64 21 Utom
318 234 70 20 denna
403 233 156 26 omständighet
574 232 38 22 har
626 233 138 21 förevarande
776 238 63 16 mom.
851 232 82 27 ingifvit
944 232 43 27 mig

168 269 26 15 en
210 262 149 26 betänklighet,
376 268 44 15 som
434 262 37 26 jag
485 262 46 21 icke
547 262 40 21 kan
603 261 43 21 läta
661 261 29 21 bli
705 263 32 19 att
752 261 105 26 framföra,
872 261 67 21 ehuru
949 261 38 27 jag

166 291 47 22 icke
236 291 39 21 har
296 292 31 20 ett
348 290 129 27 motförslag.
512 290 46 22 Här
577 290 60 26 ingär
657 290 35 22 det
712 290 122 27 stadgande,
850 292 32 19 att
897 290 27 21 dä
939 290 48 21 häst

167 320 47 22 icke
229 320 67 21 finnes
311 320 27 26 pä
352 319 143 27 gästgifveriet
509 321 32 19 att
556 318 65 28 tillgå,
636 325 50 21 eger
704 319 88 21 resande
807 321 31 19 att
847 318 46 22 från
905 319 25 21 de
941 320 46 20 när-

168 351 56 19 mast
238 348 143 27 gästgifveriet
395 348 89 27 belägna
499 348 260 26 hemmanslägenheterna
774 347 79 22 erhålla
867 347 49 22 häst
931 349 57 20 emot

167 377 78 22 dubbel
266 377 120 27 skjutslega.
422 377 34 21 Nu
474 379 24 19 är
520 377 36 21 det
578 376 99 27 stadgadt
699 376 6 21 i
726 376 127 27 föregående
869 382 70 17 mom..
955 378 33 19 att

166 406 110 22 hästarnes
295 405 59 22 antal
372 405 127 22 bestämmes
519 405 53 21 efter
591 404 236 22 kommunalstämmans
847 404 39 23 och
901 404 87 22 härads-

166 436 81 20 rättens
262 434 94 21 hörande
371 434 23 21 af
406 436 136 25 guvernören.
573 434 40 26 Jag
628 433 75 22 tänker
718 434 48 26 mig,
782 435 32 20 att
829 434 26 21 de
869 434 119 21 hemmans-

164 463 130 26 lägenheter,
310 469 45 15 som
375 464 36 19 äro
427 462 90 27 belägna
532 462 56 21 invid
604 461 148 27 gästgifveriet,
767 461 62 22 hafva
844 468 25 15 en
885 464 45 19 stor
944 461 42 22 för-

166 491 34 22 del
216 491 61 22 deraf
290 493 32 20 att
337 491 81 21 antalet
432 491 73 22 hästar
520 492 27 25 på
562 490 72 27 hvarje
648 490 121 27 gästgifveri
784 491 65 21 måtte
860 490 129 22 bestämmas

165 521 24 21 så
205 520 60 26 ringa
279 526 46 15 som
340 519 90 27 möjligt;
447 520 150 21 kommunerne
612 525 22 15 se
650 519 36 21 det
700 519 64 22 också
778 525 71 20 gerna.
879 519 42 21 Det
931 519 55 21 inne-

165 549 40 21 bär
220 549 98 26 möjligen
333 555 26 14 en
375 548 109 27 uppenbar
499 548 54 22 våda
568 548 115 27 angående,
694 547 84 22 hvilken
786 548 36 27 jag
832 547 45 22 icke
888 549 35 20 vet
934 547 54 22 huru

166 577 40 22 den
222 577 53 22 skall
291 577 109 26 afhjelpas.
422 577 49 21 Man
483 577 42 21 kan
537 577 40 21 lätt
587 576 20 21 få
620 576 30 21 till
661 577 61 20 stånd
736 578 31 19 ett
777 576 212 21 kommunalstämme

166 605 76 27 beslut,
258 612 44 15 som
319 606 126 21 bestämmer
460 605 113 22 hästarnes
588 605 57 21 antal
660 605 32 21 till
708 611 41 20 nog
766 605 65 26 ringa.
862 605 50 21 Man
927 606 63 25 säger

168 635 43 27 der,
226 636 32 20 att
273 635 40 21 den
328 634 87 21 resande
431 634 96 21 kommer
539 636 31 19 att
583 634 21 21 få
614 633 79 26 hästar,
704 633 144 22 reservhästar
858 633 45 22 från
913 639 77 21 grann-

166 663 86 26 gården.
285 663 42 21 För
349 665 31 18 att
395 663 20 21 få
431 669 25 15 en
471 663 63 21 säker
549 663 39 20 och
602 663 57 26 jemn
674 662 98 27 förtjenst
787 662 115 26 intriguera
917 664 72 19 natur-

166 691 70 27 ligtvis
248 691 183 26 granngårdarnes
443 697 62 20 egare
517 691 34 21 för
564 693 30 19 ett
608 691 75 21 sådant
699 690 290 26 kommunalstämmobeslut,

166 720 135 26 hvarigenom
323 719 129 27 skjutslegan
475 720 6 20 i
504 719 55 22 vissa
581 719 36 21 fall
638 719 84 21 komme
744 721 32 19 att
797 719 32 20 för
845 719 40 21 den
900 719 89 20 resande

167 748 200 27 oproportionerligt
382 747 99 28 förhöjas.
511 748 41 26 Jag
566 748 64 27 yrkar
645 747 71 22 derför
731 748 27 26 på
773 747 120 22 återremiss
909 747 32 21 till
956 749 33 19 ut-

166 777 81 21 skottet
267 776 32 21 för
320 777 155 25 omredigering
494 777 7 20 i
516 777 76 20 sådant
606 776 61 26 syfte,
683 778 32 19 att
730 777 61 20 dessa
806 776 85 26 möjliga
905 775 84 27 olägen-

166 805 62 21 heter
242 805 33 21 för
289 804 89 22 resande
393 804 83 22 komme
491 806 32 20 att
538 804 104 22 bortfalla.

236 879 89 21 Prosten
348 878 169 27 Dahlberg:
552 879 32 21 De
606 878 142 27 olägenheter,
772 884 45 15 som
839 880 72 25 pastor
933 877 57 27 Lyra

168 907 40 22 här
223 907 39 22 har
277 907 70 22 anfört
361 907 71 21 kunna
447 907 125 27 näppeligen
588 907 102 21 undvikas
706 906 88 22 emedan
810 907 25 20 de
847 907 89 20 resande
948 905 42 22 fär-

168 936 38 22 das
222 937 27 26 på
264 936 171 27 gästgifverierna
450 936 45 21 icke
514 935 60 22 alltid
589 935 54 22 efter
657 935 110 22 hästarnes
784 935 69 25 antal;
870 941 40 16 ena
922 935 67 27 dagen

167 965 87 21 komma
268 965 51 21 flere
333 965 96 26 resande,
446 965 66 20 andra
527 965 67 26 dagen
610 963 61 22 färre.
701 965 42 20 Det
758 964 38 21 har
811 964 63 21 också
889 963 57 22 förut
960 964 30 21 in-

166 993 74 22 träffat
254 993 76 22 sådant
345 993 39 22 och
397 993 37 27 jag
449 995 34 19 vet
498 993 130 26 kommuner,
644 999 45 15 som
700 992 62 22 hafva
777 993 54 20 varit
843 993 6 20 i
863 992 82 22 tillfälle
958 993 32 20 att

166 1022 88 27 betinga
274 1024 31 19 ett
325 1022 80 21 mindre
427 1021 57 22 antal
503 1021 72 22 hästar
590 1023 26 20 än
632 1027 44 16 som
692 1021 84 22 behöfts
792 1021 39 22 och
847 1021 37 22 der
899 1021 89 21 resande

169 1051 71 21 derför
254 1050 68 21 blifvit
337 1050 110 27 obehörigt
462 1050 92 27 prejade.
592 1050 49 21 Men
658 1050 26 21 då
700 1056 48 15 man
760 1050 99 21 besinnar
871 1052 32 19 att
915 1055 74 20 guver-

167 1081 65 20 nören
254 1079 95 22 kommer
369 1081 32 19 att
416 1079 32 21 till
463 1079 43 21 slut
521 1079 119 26 handlägga
655 1079 64 21 målet
734 1079 39 21 och
789 1079 41 20 han
845 1078 40 21 har
899 1078 89 27 tillgång

168 1108 34 21 till
214 1108 152 27 dagböckerna,
380 1107 37 21 der
429 1107 126 26 föregående
567 1108 57 21 årets
637 1107 91 26 skjutser
740 1109 38 19 äro
790 1107 74 26 riktigt
876 1109 113 24 upptagna,

168 1137 69 21 måste
252 1143 48 14 man
315 1139 86 23 antaga,
416 1138 32 19 att
463 1136 41 21 han
519 1142 76 20 genom
611 1142 25 15 en
652 1142 93 21 noggran
761 1135 116 26 beräkning
892 1135 23 21 af
924 1135 66 26 skjut-

168 1170 74 16 sernas
258 1165 98 21 medeltal
371 1164 33 21 för
420 1164 73 26 dagen,
509 1164 41 22 kan
565 1164 132 27 undanrödja
712 1164 60 21 dessa
788 1163 142 27 olägenheter.
950 1163 41 27 Jag

167 1193 97 22 förordar
279 1193 82 22 således
377 1195 125 19 momentets
518 1193 125 26 antagande.

236 1267 141 26 Domprosten
397 1266 91 27 Borg:
518 1266 42 27 Jag
578 1265 67 22 skulle
660 1265 53 22 först
728 1265 62 26 bedja
805 1268 32 19 att
852 1266 21 21 få
887 1267 52 25 göra
955 1265 35 22 det

168 1295 87 27 förslag,
270 1297 32 19 att
322 1295 73 26 frågan
411 1301 34 14 om
461 1295 106 27 uttrycket
582 1294 213 27 ,entreprenadlega*
810 1294 67 21 skulle
891 1293 22 22 få
927 1294 64 21 blifva

168 1324 79 25 dervid,
268 1323 32 21 till
324 1323 47 21 dess
394 1323 19 20 vi
434 1322 62 22 hafva
511 1323 106 20 bestämdt
627 1323 102 20 huruvida
745 1323 35 20 det
795 1322 53 21 skall
863 1322 29 21 bli
907 1322 83 21 skilnad

167 1351 91 21 emellan
272 1350 190 26 entreprenadlega
477 1350 52 21 eller
543 1350 123 27 skjutslega.
695 1350 62 21 Hvad
772 1351 47 20 åter
834 1350 62 21 dessa
911 1356 80 15 reserv-

167 1379 78 27 gårdar
273 1379 72 26 angår,
363 1378 35 21 vill
411 1378 36 26 jag
462 1378 54 21 fästa
531 1378 214 26 uppmärksamheten
760 1378 39 21 hos
814 1378 26 21 de
855 1377 74 28 talare,
944 1384 45 15 som

167 1413 51 16 anse
241 1406 138 28 olägenheter
399 1407 77 26 uppstå
495 1412 75 20 genom
592 1406 54 26 dem,
666 1406 34 21 vid
720 1408 32 20 att
768 1407 60 21 dessa
842 1406 149 27 reservgårdar

168 1436 84 26 deltaga
267 1436 6 20 i
289 1436 95 26 skjutsen
399 1435 44 21 lika
458 1435 47 21 med
521 1434 42 22 alla
578 1435 73 26 andra,
664 1441 48 15 men
728 1434 62 22 hafva
806 1436 40 20 den
862 1435 129 26 rättigheten

167 1467 34 19 att
216 1467 57 19 emot
289 1463 79 22 dubbel
384 1463 188 28 entreprenadlega
586 1465 52 26 göra
654 1469 26 16 en
695 1465 59 20 extra
769 1464 109 27 skjutstur.
908 1464 39 21 Att
962 1469 28 16 nu

167 1493 109 22 föreställa
296 1493 38 26 sig,
355 1494 32 20 att
408 1494 131 25 guvernören
560 1492 68 22 skulle
650 1492 61 22 vinna
734 1493 64 26 något
813 1493 27 27 på
855 1493 36 21 det
906 1495 33 19 att
953 1492 38 21 be-

168 1524 91 20 stämma
277 1521 82 22 antalet
374 1521 73 22 hästar
462 1520 90 27 mindre,
567 1521 73 28 tyckes
655 1527 50 16 vara
719 1522 66 26 något
800 1521 120 27 onaturligt.
950 1521 40 22 Om
