<?xml version="1.0" encoding="UTF-8"?>
<alto xmlns="http://www.loc.gov/standards/alto/ns-v3#" xmlns:xlink="http://www.w3.org/1999/xlink" xmlns:xsi="http://www.w3.org/2001/XMLSchema-instance" xsi:schemaLocation="http://www.loc.gov/standards/alto/ns-v3# http://www.loc.gov/alto/v3/alto-3-0.xsd">
	<Description>
		<MeasurementUnit>pixel</MeasurementUnit>
		<sourceImageInformation>
			<fileName>/tmp/tess_q344vak6_input.PNG</fileName>
		</sourceImageInformation>
		<OCRProcessing ID="OCR_0">
			<ocrProcessingStep>
				<processingSoftware>
					<softwareName>tesseract 5.3.4</softwareName>
				</processingSoftware>
			</ocrProcessingStep>
		</OCRProcessing>
	</Description>
	<Layout>
		<Page WIDTH="1098" HEIGHT="1831" PHYSICAL_IMG_NR="0" ID="page_0">
			<PrintSpace HPOS="0" VPOS="0" WIDTH="1098" HEIGHT="1831">
				<ComposedBlock ID="cblock_0" HPOS="308" VPOS="119" WIDTH="574" HEIGHT="23">
					<TextBlock ID="block_0" HPOS="308" VPOS="119" WIDTH="574" HEIGHT="23">
						<TextLine ID="line_0" HPOS="308" VPOS="119" WIDTH="574" HEIGHT="23">
							<String ID="string_0" HPOS="308" VPOS="124" WIDTH="163" HEIGHT="18" WC="0.91" CONTENT="Presteståndet"/><SP WIDTH="11" VPOS="124" HPOS="471"/>
							<String ID="string_1" HPOS="482" VPOS="124" WIDTH="52" HEIGHT="18" WC="0.96" CONTENT="1877."/><SP WIDTH="26" VPOS="124" HPOS="534"/>
							<String ID="string_2" HPOS="560" VPOS="126" WIDTH="8" HEIGHT="16" WC="0.96" CONTENT="1"/><SP WIDTH="14" VPOS="126" HPOS="568"/>
							<String ID="string_3" HPOS="582" VPOS="124" WIDTH="92" HEIGHT="18" WC="0.96" CONTENT="oktober."/><SP WIDTH="154" VPOS="124" HPOS="674"/>
							<String ID="string_4" HPOS="828" VPOS="119" WIDTH="54" HEIGHT="21" WC="0.96" CONTENT="1139"/>
						</TextLine>
					</TextBlock>
				</ComposedBlock>
				<GraphicalElement ID="cblock_1" HPOS="88" VPOS="149" WIDTH="825" HEIGHT="12"></GraphicalElement >
				<ComposedBlock ID="cblock_2" HPOS="88" VPOS="193" WIDTH="825" HEIGHT="80">
					<TextBlock ID="block_1" HPOS="88" VPOS="193" WIDTH="825" HEIGHT="80">
						<TextLine ID="line_1" HPOS="156" VPOS="193" WIDTH="757" HEIGHT="28">
							<String ID="string_5" HPOS="156" VPOS="193" WIDTH="86" HEIGHT="22" WC="0.92" CONTENT="Samma"/><SP WIDTH="14" VPOS="193" HPOS="242"/>
							<String ID="string_6" HPOS="256" VPOS="193" WIDTH="94" HEIGHT="22" WC="0.92" CONTENT="utskotts"/><SP WIDTH="15" VPOS="193" HPOS="350"/>
							<String ID="string_7" HPOS="365" VPOS="193" WIDTH="134" HEIGHT="22" WC="0.92" CONTENT="betänkande"/><SP WIDTH="15" VPOS="193" HPOS="499"/>
							<String ID="string_8" HPOS="514" VPOS="200" WIDTH="34" HEIGHT="16" WC="0.94" CONTENT="n:o"/><SP WIDTH="16" VPOS="200" HPOS="548"/>
							<String ID="string_9" HPOS="564" VPOS="195" WIDTH="13" HEIGHT="21" WC="0.96" CONTENT="8"/><SP WIDTH="15" VPOS="195" HPOS="577"/>
							<String ID="string_10" HPOS="592" VPOS="194" WIDTH="7" HEIGHT="21" WC="0.93" CONTENT="i"/><SP WIDTH="15" VPOS="194" HPOS="599"/>
							<String ID="string_11" HPOS="614" VPOS="193" WIDTH="113" HEIGHT="28" WC="0.92" CONTENT="anledning"/><SP WIDTH="15" VPOS="193" HPOS="727"/>
							<String ID="string_12" HPOS="742" VPOS="193" WIDTH="23" HEIGHT="22" WC="0.93" CONTENT="af"/><SP WIDTH="8" VPOS="193" HPOS="765"/>
							<String ID="string_13" HPOS="773" VPOS="194" WIDTH="77" HEIGHT="27" WC="0.93" CONTENT="nädiga"/><SP WIDTH="11" VPOS="194" HPOS="850"/>
							<String ID="string_14" HPOS="861" VPOS="200" WIDTH="52" HEIGHT="21" WC="0.90" CONTENT="pro-"/>
						</TextLine>
						<TextLine ID="line_2" HPOS="88" VPOS="222" WIDTH="824" HEIGHT="28">
							<String ID="string_15" HPOS="88" VPOS="223" WIDTH="119" HEIGHT="27" WC="0.92" CONTENT="positionen"/><SP WIDTH="23" VPOS="223" HPOS="207"/>
							<String ID="string_16" HPOS="230" VPOS="222" WIDTH="46" HEIGHT="21" WC="0.96" CONTENT="med"/><SP WIDTH="23" VPOS="222" HPOS="276"/>
							<String ID="string_17" HPOS="299" VPOS="222" WIDTH="78" HEIGHT="27" WC="0.95" CONTENT="förslag"/><SP WIDTH="22" VPOS="222" HPOS="377"/>
							<String ID="string_18" HPOS="399" VPOS="222" WIDTH="32" HEIGHT="22" WC="0.93" CONTENT="till"/><SP WIDTH="22" VPOS="222" HPOS="431"/>
							<String ID="string_19" HPOS="453" VPOS="223" WIDTH="123" HEIGHT="26" WC="0.92" CONTENT="förordning"/><SP WIDTH="22" VPOS="223" HPOS="576"/>
							<String ID="string_20" HPOS="598" VPOS="223" WIDTH="108" HEIGHT="26" WC="0.92" CONTENT="angäende"/><SP WIDTH="22" VPOS="223" HPOS="706"/>
							<String ID="string_21" HPOS="728" VPOS="222" WIDTH="122" HEIGHT="22" WC="0.90" CONTENT="författares"/><SP WIDTH="22" VPOS="222" HPOS="850"/>
							<String ID="string_22" HPOS="872" VPOS="222" WIDTH="40" HEIGHT="22" WC="0.96" CONTENT="och"/>
						</TextLine>
						<TextLine ID="line_3" HPOS="88" VPOS="251" WIDTH="586" HEIGHT="22">
							<String ID="string_23" HPOS="88" VPOS="252" WIDTH="114" HEIGHT="21" WC="0.96" CONTENT="konstnärs"/><SP WIDTH="14" VPOS="252" HPOS="202"/>
							<String ID="string_24" HPOS="216" VPOS="253" WIDTH="44" HEIGHT="19" WC="0.96" CONTENT="rätt"/><SP WIDTH="14" VPOS="253" HPOS="260"/>
							<String ID="string_25" HPOS="274" VPOS="251" WIDTH="33" HEIGHT="22" WC="0.93" CONTENT="till"/><SP WIDTH="15" VPOS="251" HPOS="307"/>
							<String ID="string_26" HPOS="322" VPOS="251" WIDTH="66" HEIGHT="22" WC="0.96" CONTENT="alster"/><SP WIDTH="15" VPOS="251" HPOS="388"/>
							<String ID="string_27" HPOS="403" VPOS="251" WIDTH="22" HEIGHT="22" WC="0.97" CONTENT="af"/><SP WIDTH="12" VPOS="251" HPOS="425"/>
							<String ID="string_28" HPOS="437" VPOS="251" WIDTH="32" HEIGHT="22" WC="0.97" CONTENT="sin"/><SP WIDTH="15" VPOS="251" HPOS="469"/>
							<String ID="string_29" HPOS="484" VPOS="251" WIDTH="136" HEIGHT="22" WC="0.96" CONTENT="verksamhet"/><SP WIDTH="15" VPOS="251" HPOS="620"/>
							<String ID="string_30" HPOS="635" VPOS="251" WIDTH="39" HEIGHT="22" WC="0.96" CONTENT="och"/>
						</TextLine>
					</TextBlock>
				</ComposedBlock>
				<ComposedBlock ID="cblock_3" HPOS="88" VPOS="313" WIDTH="825" HEIGHT="58">
					<TextBlock ID="block_2" HPOS="88" VPOS="313" WIDTH="825" HEIGHT="58">
						<TextLine ID="line_4" HPOS="156" VPOS="313" WIDTH="757" HEIGHT="28">
							<String ID="string_31" HPOS="156" VPOS="313" WIDTH="247" HEIGHT="28" WC="0.92" CONTENT="Bevillningsutskottets"/><SP WIDTH="23" VPOS="313" HPOS="403"/>
							<String ID="string_32" HPOS="426" VPOS="313" WIDTH="134" HEIGHT="23" WC="0.92" CONTENT="betänkande"/><SP WIDTH="16" VPOS="313" HPOS="560"/>
							<String ID="string_33" HPOS="576" VPOS="320" WIDTH="35" HEIGHT="15" WC="0.94" CONTENT="n:o"/><SP WIDTH="17" VPOS="320" HPOS="611"/>
							<String ID="string_34" HPOS="628" VPOS="315" WIDTH="9" HEIGHT="20" WC="0.96" CONTENT="1"/><SP WIDTH="18" VPOS="315" HPOS="637"/>
							<String ID="string_35" HPOS="655" VPOS="313" WIDTH="7" HEIGHT="22" WC="0.93" CONTENT="i"/><SP WIDTH="15" VPOS="313" HPOS="662"/>
							<String ID="string_36" HPOS="677" VPOS="313" WIDTH="113" HEIGHT="28" WC="0.92" CONTENT="anledning"/><SP WIDTH="14" VPOS="313" HPOS="790"/>
							<String ID="string_37" HPOS="804" VPOS="313" WIDTH="23" HEIGHT="22" WC="0.93" CONTENT="af"/><SP WIDTH="8" VPOS="313" HPOS="827"/>
							<String ID="string_38" HPOS="835" VPOS="313" WIDTH="78" HEIGHT="28" WC="0.93" CONTENT="nädiga"/>
						</TextLine>
						<TextLine ID="line_5" HPOS="88" VPOS="342" WIDTH="578" HEIGHT="29">
							<String ID="string_39" HPOS="88" VPOS="342" WIDTH="159" HEIGHT="29" WC="0.93" CONTENT="propositionen"/><SP WIDTH="13" VPOS="342" HPOS="247"/>
							<String ID="string_40" HPOS="260" VPOS="343" WIDTH="113" HEIGHT="26" WC="0.92" CONTENT="angäende"/><SP WIDTH="14" VPOS="343" HPOS="373"/>
							<String ID="string_41" HPOS="387" VPOS="342" WIDTH="279" HEIGHT="29" WC="0.92" CONTENT="stämpelpappersafgiften."/>
						</TextLine>
					</TextBlock>
				</ComposedBlock>
				<ComposedBlock ID="cblock_4" HPOS="158" VPOS="405" WIDTH="754" HEIGHT="28">
					<TextBlock ID="block_3" HPOS="158" VPOS="405" WIDTH="754" HEIGHT="28">
						<TextLine ID="line_6" HPOS="158" VPOS="405" WIDTH="754" HEIGHT="28">
							<String ID="string_42" HPOS="158" VPOS="405" WIDTH="102" HEIGHT="28" WC="0.96" CONTENT="Samtliga"/><SP WIDTH="16" VPOS="405" HPOS="260"/>
							<String ID="string_43" HPOS="276" VPOS="407" WIDTH="61" HEIGHT="22" WC="0.93" CONTENT="dessa"/><SP WIDTH="14" VPOS="407" HPOS="337"/>
							<String ID="string_44" HPOS="351" VPOS="405" WIDTH="150" HEIGHT="23" WC="0.96" CONTENT="betänkanden"/><SP WIDTH="15" VPOS="405" HPOS="501"/>
							<String ID="string_45" HPOS="516" VPOS="406" WIDTH="68" HEIGHT="22" WC="0.96" CONTENT="blefvo"/><SP WIDTH="14" VPOS="406" HPOS="584"/>
							<String ID="string_46" HPOS="598" VPOS="405" WIDTH="43" HEIGHT="22" WC="0.96" CONTENT="tills"/><SP WIDTH="11" VPOS="405" HPOS="641"/>
							<String ID="string_47" HPOS="652" VPOS="405" WIDTH="71" HEIGHT="23" WC="0.93" CONTENT="vidare"/><SP WIDTH="11" VPOS="405" HPOS="723"/>
							<String ID="string_48" HPOS="734" VPOS="405" WIDTH="62" HEIGHT="28" WC="0.93" CONTENT="lagda"/><SP WIDTH="10" VPOS="405" HPOS="796"/>
							<String ID="string_49" HPOS="806" VPOS="405" WIDTH="13" HEIGHT="22" WC="0.92" CONTENT="&amp;"/><SP WIDTH="11" VPOS="405" HPOS="819"/>
							<String ID="string_50" HPOS="830" VPOS="405" WIDTH="82" HEIGHT="22" WC="0.96" CONTENT="bordet."/>
						</TextLine>
					</TextBlock>
				</ComposedBlock>
				<ComposedBlock ID="cblock_5" HPOS="160" VPOS="549" WIDTH="753" HEIGHT="23">
					<TextBlock ID="block_4" HPOS="160" VPOS="549" WIDTH="753" HEIGHT="23">
						<TextLine ID="line_7" HPOS="160" VPOS="549" WIDTH="753" HEIGHT="23">
							<String ID="string_51" HPOS="160" VPOS="550" WIDTH="148" HEIGHT="22" WC="0.92" CONTENT="Antecknades"/><SP WIDTH="22" VPOS="550" HPOS="308"/>
							<String ID="string_52" HPOS="330" VPOS="552" WIDTH="33" HEIGHT="20" WC="0.96" CONTENT="att"/><SP WIDTH="22" VPOS="552" HPOS="363"/>
							<String ID="string_53" HPOS="385" VPOS="550" WIDTH="32" HEIGHT="21" WC="0.95" CONTENT="till"/><SP WIDTH="20" VPOS="550" HPOS="417"/>
							<String ID="string_54" HPOS="437" VPOS="550" WIDTH="85" HEIGHT="22" WC="0.95" CONTENT="ståndet"/><SP WIDTH="15" VPOS="550" HPOS="522"/>
							<String ID="string_55" HPOS="537" VPOS="549" WIDTH="111" HEIGHT="22" WC="0.96" CONTENT="inkommit"/><SP WIDTH="16" VPOS="549" HPOS="648"/>
							<String ID="string_56" HPOS="664" VPOS="550" WIDTH="40" HEIGHT="21" WC="0.96" CONTENT="och"/><SP WIDTH="14" VPOS="550" HPOS="704"/>
							<String ID="string_57" HPOS="718" VPOS="549" WIDTH="71" HEIGHT="22" WC="0.92" CONTENT="blifvit"/><SP WIDTH="14" VPOS="549" HPOS="789"/>
							<String ID="string_58" HPOS="803" VPOS="549" WIDTH="110" HEIGHT="22" WC="0.96" CONTENT="utdelade:"/>
						</TextLine>
					</TextBlock>
				</ComposedBlock>
				<ComposedBlock ID="cblock_6" HPOS="90" VPOS="613" WIDTH="826" HEIGHT="115">
					<TextBlock ID="block_5" HPOS="90" VPOS="613" WIDTH="826" HEIGHT="115">
						<TextLine ID="line_8" HPOS="159" VPOS="613" WIDTH="754" HEIGHT="22">
							<String ID="string_59" HPOS="159" VPOS="613" WIDTH="112" HEIGHT="22" WC="0.93" CONTENT="Allmänna"/><SP WIDTH="23" VPOS="613" HPOS="271"/>
							<String ID="string_60" HPOS="294" VPOS="613" WIDTH="201" HEIGHT="22" WC="0.91" CONTENT="besvärsutskottets"/><SP WIDTH="22" VPOS="613" HPOS="495"/>
							<String ID="string_61" HPOS="517" VPOS="613" WIDTH="135" HEIGHT="22" WC="0.96" CONTENT="betänkande"/><SP WIDTH="23" VPOS="613" HPOS="652"/>
							<String ID="string_62" HPOS="675" VPOS="619" WIDTH="34" HEIGHT="16" WC="0.89" CONTENT="n:o"/><SP WIDTH="24" VPOS="619" HPOS="709"/>
							<String ID="string_63" HPOS="733" VPOS="614" WIDTH="26" HEIGHT="21" WC="0.96" CONTENT="17"/><SP WIDTH="19" VPOS="614" HPOS="759"/>
							<String ID="string_64" HPOS="778" VPOS="613" WIDTH="48" HEIGHT="21" WC="0.93" CONTENT="med"/><SP WIDTH="15" VPOS="613" HPOS="826"/>
							<String ID="string_65" HPOS="841" VPOS="613" WIDTH="72" HEIGHT="22" WC="0.92" CONTENT="anled-"/>
						</TextLine>
						<TextLine ID="line_9" HPOS="90" VPOS="641" WIDTH="824" HEIGHT="29">
							<String ID="string_66" HPOS="90" VPOS="643" WIDTH="50" HEIGHT="26" WC="0.96" CONTENT="ning"/><SP WIDTH="15" VPOS="643" HPOS="140"/>
							<String ID="string_67" HPOS="155" VPOS="643" WIDTH="22" HEIGHT="21" WC="0.95" CONTENT="af"/><SP WIDTH="13" VPOS="643" HPOS="177"/>
							<String ID="string_68" HPOS="190" VPOS="643" WIDTH="69" HEIGHT="21" WC="0.96" CONTENT="skilda"/><SP WIDTH="15" VPOS="643" HPOS="259"/>
							<String ID="string_69" HPOS="274" VPOS="643" WIDTH="57" HEIGHT="21" WC="0.96" CONTENT="inom"/><SP WIDTH="15" VPOS="643" HPOS="331"/>
							<String ID="string_70" HPOS="346" VPOS="643" WIDTH="97" HEIGHT="27" WC="0.96" CONTENT="samtliga"/><SP WIDTH="14" VPOS="643" HPOS="443"/>
							<String ID="string_71" HPOS="457" VPOS="643" WIDTH="89" HEIGHT="21" WC="0.96" CONTENT="stånden"/><SP WIDTH="16" VPOS="643" HPOS="546"/>
							<String ID="string_72" HPOS="562" VPOS="642" WIDTH="76" HEIGHT="22" WC="0.93" CONTENT="väckta"/><SP WIDTH="15" VPOS="642" HPOS="638"/>
							<String ID="string_73" HPOS="653" VPOS="642" WIDTH="114" HEIGHT="27" WC="0.91" CONTENT="petitioner"/><SP WIDTH="16" VPOS="642" HPOS="767"/>
							<String ID="string_74" HPOS="783" VPOS="641" WIDTH="131" HEIGHT="22" WC="0.95" CONTENT="beträffande"/>
						</TextLine>
						<TextLine ID="line_10" HPOS="90" VPOS="669" WIDTH="826" HEIGHT="30">
							<String ID="string_75" HPOS="90" VPOS="671" WIDTH="247" HEIGHT="28" WC="0.92" CONTENT="undervisningsspråket"/><SP WIDTH="22" VPOS="671" HPOS="337"/>
							<String ID="string_76" HPOS="359" VPOS="671" WIDTH="34" HEIGHT="22" WC="0.93" CONTENT="vid"/><SP WIDTH="23" VPOS="671" HPOS="393"/>
							<String ID="string_77" HPOS="416" VPOS="671" WIDTH="240" HEIGHT="22" WC="0.91" CONTENT="elementarläroverken"/><SP WIDTH="24" VPOS="671" HPOS="656"/>
							<String ID="string_78" HPOS="680" VPOS="673" WIDTH="55" HEIGHT="20" WC="0.97" CONTENT="samt"/><SP WIDTH="22" VPOS="673" HPOS="735"/>
							<String ID="string_79" HPOS="757" VPOS="671" WIDTH="121" HEIGHT="21" WC="0.95" CONTENT="inrättande"/><SP WIDTH="15" VPOS="671" HPOS="878"/>
							<String ID="string_80" HPOS="893" VPOS="669" WIDTH="23" HEIGHT="22" WC="0.95" CONTENT="af"/>
						</TextLine>
						<TextLine ID="line_11" HPOS="90" VPOS="699" WIDTH="137" HEIGHT="29">
							<String ID="string_81" HPOS="90" VPOS="706" WIDTH="41" HEIGHT="21" WC="0.93" CONTENT="nya"/><SP WIDTH="15" VPOS="706" HPOS="131"/>
							<String ID="string_82" HPOS="146" VPOS="699" WIDTH="81" HEIGHT="29" WC="0.76" CONTENT="lycéer;"/>
						</TextLine>
					</TextBlock>
				</ComposedBlock>
				<ComposedBlock ID="cblock_7" HPOS="90" VPOS="761" WIDTH="824" HEIGHT="86">
					<TextBlock ID="block_6" HPOS="90" VPOS="761" WIDTH="824" HEIGHT="86">
						<TextLine ID="line_12" HPOS="159" VPOS="761" WIDTH="755" HEIGHT="28">
							<String ID="string_83" HPOS="159" VPOS="763" WIDTH="157" HEIGHT="22" WC="0.91" CONTENT="Sammansatta"/><SP WIDTH="20" VPOS="763" HPOS="316"/>
							<String ID="string_84" HPOS="336" VPOS="762" WIDTH="44" HEIGHT="27" WC="0.90" CONTENT="lag-"/><SP WIDTH="16" VPOS="762" HPOS="380"/>
							<String ID="string_85" HPOS="396" VPOS="762" WIDTH="39" HEIGHT="22" WC="0.93" CONTENT="och"/><SP WIDTH="15" VPOS="762" HPOS="435"/>
							<String ID="string_86" HPOS="450" VPOS="762" WIDTH="213" HEIGHT="22" WC="0.91" CONTENT="ekonomiutskottets"/><SP WIDTH="15" VPOS="762" HPOS="663"/>
							<String ID="string_87" HPOS="678" VPOS="761" WIDTH="135" HEIGHT="22" WC="0.96" CONTENT="betänkande"/><SP WIDTH="15" VPOS="761" HPOS="813"/>
							<String ID="string_88" HPOS="828" VPOS="768" WIDTH="34" HEIGHT="15" WC="0.95" CONTENT="n:o"/><SP WIDTH="16" VPOS="768" HPOS="862"/>
							<String ID="string_89" HPOS="878" VPOS="762" WIDTH="12" HEIGHT="21" WC="0.96" CONTENT="6"/><SP WIDTH="16" VPOS="762" HPOS="890"/>
							<String ID="string_90" HPOS="906" VPOS="761" WIDTH="8" HEIGHT="21" WC="0.96" CONTENT="i"/>
						</TextLine>
						<TextLine ID="line_13" HPOS="90" VPOS="790" WIDTH="823" HEIGHT="28">
							<String ID="string_91" HPOS="90" VPOS="791" WIDTH="114" HEIGHT="27" WC="0.96" CONTENT="anledning"/><SP WIDTH="22" VPOS="791" HPOS="204"/>
							<String ID="string_92" HPOS="226" VPOS="791" WIDTH="23" HEIGHT="21" WC="0.96" CONTENT="af"/><SP WIDTH="20" VPOS="791" HPOS="249"/>
							<String ID="string_93" HPOS="269" VPOS="791" WIDTH="78" HEIGHT="26" WC="0.96" CONTENT="nådiga"/><SP WIDTH="22" VPOS="791" HPOS="347"/>
							<String ID="string_94" HPOS="369" VPOS="791" WIDTH="158" HEIGHT="27" WC="0.96" CONTENT="propositionen"/><SP WIDTH="16" VPOS="791" HPOS="527"/>
							<String ID="string_95" HPOS="543" VPOS="791" WIDTH="108" HEIGHT="27" WC="0.96" CONTENT="angående"/><SP WIDTH="15" VPOS="791" HPOS="651"/>
							<String ID="string_96" HPOS="666" VPOS="790" WIDTH="106" HEIGHT="27" WC="0.95" CONTENT="reglering"/><SP WIDTH="15" VPOS="790" HPOS="772"/>
							<String ID="string_97" HPOS="787" VPOS="791" WIDTH="22" HEIGHT="21" WC="0.93" CONTENT="af"/><SP WIDTH="13" VPOS="791" HPOS="809"/>
							<String ID="string_98" HPOS="822" VPOS="792" WIDTH="91" HEIGHT="25" WC="0.91" CONTENT="prester-"/>
						</TextLine>
						<TextLine ID="line_14" HPOS="91" VPOS="818" WIDTH="795" HEIGHT="29">
							<String ID="string_99" HPOS="91" VPOS="819" WIDTH="85" HEIGHT="28" WC="0.92" CONTENT="skapets"/><SP WIDTH="15" VPOS="819" HPOS="176"/>
							<String ID="string_100" HPOS="191" VPOS="819" WIDTH="91" HEIGHT="28" WC="0.92" CONTENT="aflöning"/><SP WIDTH="15" VPOS="819" HPOS="282"/>
							<String ID="string_101" HPOS="297" VPOS="820" WIDTH="7" HEIGHT="21" WC="0.96" CONTENT="i"/><SP WIDTH="16" VPOS="820" HPOS="304"/>
							<String ID="string_102" HPOS="320" VPOS="819" WIDTH="82" HEIGHT="23" WC="0.93" CONTENT="landets"/><SP WIDTH="16" VPOS="819" HPOS="402"/>
							<String ID="string_103" HPOS="418" VPOS="819" WIDTH="240" HEIGHT="27" WC="0.92" CONTENT="evangelisk-lutherska"/><SP WIDTH="14" VPOS="819" HPOS="658"/>
							<String ID="string_104" HPOS="672" VPOS="819" WIDTH="158" HEIGHT="27" WC="0.96" CONTENT="församlingar;"/><SP WIDTH="16" VPOS="819" HPOS="830"/>
							<String ID="string_105" HPOS="846" VPOS="818" WIDTH="40" HEIGHT="23" WC="0.96" CONTENT="och"/>
						</TextLine>
					</TextBlock>
				</ComposedBlock>
				<ComposedBlock ID="cblock_8" HPOS="92" VPOS="881" WIDTH="823" HEIGHT="87">
					<TextBlock ID="block_7" HPOS="92" VPOS="881" WIDTH="823" HEIGHT="87">
						<TextLine ID="line_15" HPOS="160" VPOS="881" WIDTH="755" HEIGHT="24">
							<String ID="string_106" HPOS="160" VPOS="883" WIDTH="156" HEIGHT="22" WC="0.90" CONTENT="Sammansatta"/><SP WIDTH="22" VPOS="883" HPOS="316"/>
							<String ID="string_107" HPOS="338" VPOS="884" WIDTH="63" HEIGHT="21" WC="0.91" CONTENT="stats-"/><SP WIDTH="16" VPOS="884" HPOS="401"/>
							<String ID="string_108" HPOS="417" VPOS="882" WIDTH="39" HEIGHT="22" WC="0.92" CONTENT="och"/><SP WIDTH="17" VPOS="882" HPOS="456"/>
							<String ID="string_109" HPOS="473" VPOS="882" WIDTH="215" HEIGHT="22" WC="0.92" CONTENT="ekonomiutskottets"/><SP WIDTH="14" VPOS="882" HPOS="688"/>
							<String ID="string_110" HPOS="702" VPOS="881" WIDTH="134" HEIGHT="23" WC="0.96" CONTENT="betänkande"/><SP WIDTH="15" VPOS="881" HPOS="836"/>
							<String ID="string_111" HPOS="851" VPOS="887" WIDTH="34" HEIGHT="16" WC="0.96" CONTENT="n:o"/><SP WIDTH="16" VPOS="887" HPOS="885"/>
							<String ID="string_112" HPOS="901" VPOS="881" WIDTH="14" HEIGHT="21" WC="0.96" CONTENT="2"/>
						</TextLine>
						<TextLine ID="line_16" HPOS="92" VPOS="909" WIDTH="823" HEIGHT="30">
							<String ID="string_113" HPOS="92" VPOS="912" WIDTH="7" HEIGHT="22" WC="0.96" CONTENT="i"/><SP WIDTH="20" VPOS="912" HPOS="99"/>
							<String ID="string_114" HPOS="119" VPOS="911" WIDTH="112" HEIGHT="28" WC="0.96" CONTENT="anledning"/><SP WIDTH="22" VPOS="911" HPOS="231"/>
							<String ID="string_115" HPOS="253" VPOS="911" WIDTH="21" HEIGHT="22" WC="0.96" CONTENT="af"/><SP WIDTH="20" VPOS="911" HPOS="274"/>
							<String ID="string_116" HPOS="294" VPOS="911" WIDTH="77" HEIGHT="28" WC="0.95" CONTENT="nådiga"/><SP WIDTH="23" VPOS="911" HPOS="371"/>
							<String ID="string_117" HPOS="394" VPOS="911" WIDTH="158" HEIGHT="28" WC="0.96" CONTENT="propositionen"/><SP WIDTH="21" VPOS="911" HPOS="552"/>
							<String ID="string_118" HPOS="573" VPOS="911" WIDTH="110" HEIGHT="28" WC="0.96" CONTENT="angående"/><SP WIDTH="22" VPOS="911" HPOS="683"/>
							<String ID="string_119" HPOS="705" VPOS="910" WIDTH="75" HEIGHT="28" WC="0.96" CONTENT="anslag"/><SP WIDTH="21" VPOS="910" HPOS="780"/>
							<String ID="string_120" HPOS="801" VPOS="911" WIDTH="23" HEIGHT="21" WC="0.93" CONTENT="af"/><SP WIDTH="19" VPOS="911" HPOS="824"/>
							<String ID="string_121" HPOS="843" VPOS="909" WIDTH="72" HEIGHT="23" WC="0.91" CONTENT="bevill-"/>
						</TextLine>
						<TextLine ID="line_17" HPOS="92" VPOS="940" WIDTH="496" HEIGHT="28">
							<String ID="string_122" HPOS="92" VPOS="941" WIDTH="132" HEIGHT="27" WC="0.90" CONTENT="ningsmedel"/><SP WIDTH="14" VPOS="941" HPOS="224"/>
							<String ID="string_123" HPOS="238" VPOS="941" WIDTH="33" HEIGHT="21" WC="0.96" CONTENT="för"/><SP WIDTH="15" VPOS="941" HPOS="271"/>
							<String ID="string_124" HPOS="286" VPOS="940" WIDTH="83" HEIGHT="23" WC="0.93" CONTENT="landets"/><SP WIDTH="15" VPOS="940" HPOS="369"/>
							<String ID="string_125" HPOS="384" VPOS="940" WIDTH="204" HEIGHT="23" WC="0.91" CONTENT="folkskoleväsende."/>
						</TextLine>
					</TextBlock>
				</ComposedBlock>
				<ComposedBlock ID="cblock_9" HPOS="93" VPOS="1082" WIDTH="824" HEIGHT="112">
					<TextBlock ID="block_8" HPOS="93" VPOS="1082" WIDTH="824" HEIGHT="112">
						<TextLine ID="line_18" HPOS="161" VPOS="1082" WIDTH="756" HEIGHT="30">
							<String ID="string_126" HPOS="161" VPOS="1085" WIDTH="119" HEIGHT="27" WC="0.93" CONTENT="Föredrogs"/><SP WIDTH="18" VPOS="1085" HPOS="280"/>
							<String ID="string_127" HPOS="298" VPOS="1084" WIDTH="153" HEIGHT="28" WC="0.91" CONTENT="lagutskottets"/><SP WIDTH="14" VPOS="1084" HPOS="451"/>
							<String ID="string_128" HPOS="465" VPOS="1083" WIDTH="80" HEIGHT="28" WC="0.96" CONTENT="förslag"/><SP WIDTH="14" VPOS="1083" HPOS="545"/>
							<String ID="string_129" HPOS="559" VPOS="1084" WIDTH="33" HEIGHT="22" WC="0.92" CONTENT="till"/><SP WIDTH="15" VPOS="1084" HPOS="592"/>
							<String ID="string_130" HPOS="607" VPOS="1083" WIDTH="203" HEIGHT="28" WC="0.91" CONTENT="sammanjemkning"/><SP WIDTH="14" VPOS="1083" HPOS="810"/>
							<String ID="string_131" HPOS="824" VPOS="1082" WIDTH="22" HEIGHT="22" WC="0.93" CONTENT="af"/><SP WIDTH="13" VPOS="1082" HPOS="846"/>
							<String ID="string_132" HPOS="859" VPOS="1083" WIDTH="58" HEIGHT="21" WC="0.92" CONTENT="stån-"/>
						</TextLine>
						<TextLine ID="line_19" HPOS="94" VPOS="1111" WIDTH="823" HEIGHT="29">
							<String ID="string_133" HPOS="94" VPOS="1114" WIDTH="51" HEIGHT="22" WC="0.95" CONTENT="dens"/><SP WIDTH="15" VPOS="1114" HPOS="145"/>
							<String ID="string_134" HPOS="160" VPOS="1113" WIDTH="70" HEIGHT="22" WC="0.96" CONTENT="beslut"/><SP WIDTH="14" VPOS="1113" HPOS="230"/>
							<String ID="string_135" HPOS="244" VPOS="1114" WIDTH="7" HEIGHT="21" WC="0.96" CONTENT="i"/><SP WIDTH="15" VPOS="1114" HPOS="251"/>
							<String ID="string_136" HPOS="266" VPOS="1113" WIDTH="113" HEIGHT="27" WC="0.96" CONTENT="anledning"/><SP WIDTH="14" VPOS="1113" HPOS="379"/>
							<String ID="string_137" HPOS="393" VPOS="1113" WIDTH="22" HEIGHT="22" WC="0.96" CONTENT="af"/><SP WIDTH="13" VPOS="1113" HPOS="415"/>
							<String ID="string_138" HPOS="428" VPOS="1113" WIDTH="27" HEIGHT="22" WC="0.96" CONTENT="H."/><SP WIDTH="17" VPOS="1113" HPOS="455"/>
							<String ID="string_139" HPOS="472" VPOS="1113" WIDTH="25" HEIGHT="21" WC="0.93" CONTENT="K."/><SP WIDTH="11" VPOS="1113" HPOS="497"/>
							<String ID="string_140" HPOS="508" VPOS="1113" WIDTH="50" HEIGHT="22" WC="0.93" CONTENT="M:ts"/><SP WIDTH="12" VPOS="1113" HPOS="558"/>
							<String ID="string_141" HPOS="570" VPOS="1113" WIDTH="78" HEIGHT="26" WC="0.96" CONTENT="nådiga"/><SP WIDTH="11" VPOS="1113" HPOS="648"/>
							<String ID="string_142" HPOS="659" VPOS="1112" WIDTH="138" HEIGHT="27" WC="0.96" CONTENT="proposition,"/><SP WIDTH="10" VPOS="1112" HPOS="797"/>
							<String ID="string_143" HPOS="807" VPOS="1111" WIDTH="110" HEIGHT="27" WC="0.96" CONTENT="angående"/>
						</TextLine>
						<TextLine ID="line_20" HPOS="93" VPOS="1140" WIDTH="824" HEIGHT="30">
							<String ID="string_144" HPOS="93" VPOS="1142" WIDTH="124" HEIGHT="28" WC="0.96" CONTENT="utvidgning"/><SP WIDTH="22" VPOS="1142" HPOS="217"/>
							<String ID="string_145" HPOS="239" VPOS="1142" WIDTH="22" HEIGHT="23" WC="0.93" CONTENT="af"/><SP WIDTH="20" VPOS="1142" HPOS="261"/>
							<String ID="string_146" HPOS="281" VPOS="1142" WIDTH="79" HEIGHT="23" WC="0.92" CONTENT="valrätt"/><SP WIDTH="22" VPOS="1142" HPOS="360"/>
							<String ID="string_147" HPOS="382" VPOS="1141" WIDTH="39" HEIGHT="23" WC="0.96" CONTENT="och"/><SP WIDTH="22" VPOS="1141" HPOS="421"/>
							<String ID="string_148" HPOS="443" VPOS="1142" WIDTH="111" HEIGHT="22" WC="0.96" CONTENT="valbarhet"/><SP WIDTH="14" VPOS="1142" HPOS="554"/>
							<String ID="string_149" HPOS="568" VPOS="1141" WIDTH="32" HEIGHT="22" WC="0.92" CONTENT="till"/><SP WIDTH="16" VPOS="1141" HPOS="600"/>
							<String ID="string_150" HPOS="616" VPOS="1141" WIDTH="162" HEIGHT="27" WC="0.91" CONTENT="landtdagsman"/><SP WIDTH="15" VPOS="1141" HPOS="778"/>
							<String ID="string_151" HPOS="793" VPOS="1141" WIDTH="7" HEIGHT="20" WC="0.92" CONTENT="i"/><SP WIDTH="16" VPOS="1141" HPOS="800"/>
							<String ID="string_152" HPOS="816" VPOS="1140" WIDTH="101" HEIGHT="27" WC="0.92" CONTENT="borgare-"/>
						</TextLine>
						<TextLine ID="line_21" HPOS="93" VPOS="1171" WIDTH="92" HEIGHT="23">
							<String ID="string_153" HPOS="93" VPOS="1171" WIDTH="92" HEIGHT="23" WC="0.96" CONTENT="ståndet."/>
						</TextLine>
					</TextBlock>
				</ComposedBlock>
				<ComposedBlock ID="cblock_10" HPOS="93" VPOS="1225" WIDTH="825" HEIGHT="118">
					<TextBlock ID="block_9" HPOS="93" VPOS="1225" WIDTH="825" HEIGHT="118">
						<TextLine ID="line_22" HPOS="162" VPOS="1225" WIDTH="756" HEIGHT="29">
							<String ID="string_154" HPOS="162" VPOS="1229" WIDTH="31" HEIGHT="22" WC="0.96" CONTENT="På"/><SP WIDTH="21" VPOS="1229" HPOS="193"/>
							<String ID="string_155" HPOS="214" VPOS="1229" WIDTH="50" HEIGHT="22" WC="0.96" CONTENT="herr"/><SP WIDTH="22" VPOS="1229" HPOS="264"/>
							<String ID="string_156" HPOS="286" VPOS="1228" WIDTH="183" HEIGHT="23" WC="0.95" CONTENT="talmannens"/><SP WIDTH="22" VPOS="1228" HPOS="469"/>
							<String ID="string_157" HPOS="491" VPOS="1227" WIDTH="154" HEIGHT="27" WC="0.95" CONTENT="framställning"/><SP WIDTH="23" VPOS="1227" HPOS="645"/>
							<String ID="string_158" HPOS="668" VPOS="1227" WIDTH="68" HEIGHT="22" WC="0.93" CONTENT="beslöt"/><SP WIDTH="18" VPOS="1227" HPOS="736"/>
							<String ID="string_159" HPOS="754" VPOS="1225" WIDTH="164" HEIGHT="29" WC="0.91" CONTENT="presteståndet,"/>
						</TextLine>
						<TextLine ID="line_23" HPOS="94" VPOS="1255" WIDTH="823" HEIGHT="30">
							<String ID="string_160" HPOS="94" VPOS="1264" WIDTH="45" HEIGHT="16" WC="0.96" CONTENT="som"/><SP WIDTH="22" VPOS="1264" HPOS="139"/>
							<String ID="string_161" HPOS="161" VPOS="1258" WIDTH="95" HEIGHT="27" WC="0.96" CONTENT="godkänt"/><SP WIDTH="22" VPOS="1258" HPOS="256"/>
							<String ID="string_162" HPOS="278" VPOS="1257" WIDTH="117" HEIGHT="22" WC="0.96" CONTENT="utskottets"/><SP WIDTH="21" VPOS="1257" HPOS="395"/>
							<String ID="string_163" HPOS="416" VPOS="1256" WIDTH="135" HEIGHT="23" WC="0.95" CONTENT="betänkande"/><SP WIDTH="21" VPOS="1256" HPOS="551"/>
							<String ID="string_164" HPOS="572" VPOS="1257" WIDTH="7" HEIGHT="20" WC="0.96" CONTENT="i"/><SP WIDTH="22" VPOS="1257" HPOS="579"/>
							<String ID="string_165" HPOS="601" VPOS="1255" WIDTH="160" HEIGHT="28" WC="0.96" CONTENT="ifrågavarande"/><SP WIDTH="23" VPOS="1255" HPOS="761"/>
							<String ID="string_166" HPOS="784" VPOS="1255" WIDTH="85" HEIGHT="25" WC="0.96" CONTENT="ärende,"/><SP WIDTH="15" VPOS="1255" HPOS="869"/>
							<String ID="string_167" HPOS="884" VPOS="1257" WIDTH="33" HEIGHT="20" WC="0.96" CONTENT="att"/>
						</TextLine>
						<TextLine ID="line_24" HPOS="93" VPOS="1283" WIDTH="824" HEIGHT="29">
							<String ID="string_168" HPOS="93" VPOS="1286" WIDTH="75" HEIGHT="23" WC="0.96" CONTENT="bifalla"/><SP WIDTH="22" VPOS="1286" HPOS="168"/>
							<String ID="string_169" HPOS="190" VPOS="1287" WIDTH="33" HEIGHT="22" WC="0.96" CONTENT="till"/><SP WIDTH="22" VPOS="1287" HPOS="223"/>
							<String ID="string_170" HPOS="245" VPOS="1287" WIDTH="115" HEIGHT="21" WC="0.96" CONTENT="utskottets"/><SP WIDTH="21" VPOS="1287" HPOS="360"/>
							<String ID="string_171" HPOS="381" VPOS="1285" WIDTH="9" HEIGHT="22" WC="0.96" CONTENT="i"/><SP WIDTH="14" VPOS="1285" HPOS="390"/>
							<String ID="string_172" HPOS="404" VPOS="1285" WIDTH="102" HEIGHT="27" WC="0.95" CONTENT="förslaget"/><SP WIDTH="14" VPOS="1285" HPOS="506"/>
							<String ID="string_173" HPOS="520" VPOS="1285" WIDTH="75" HEIGHT="27" WC="0.92" CONTENT="gjorda"/><SP WIDTH="14" VPOS="1285" HPOS="595"/>
							<String ID="string_174" HPOS="609" VPOS="1284" WIDTH="125" HEIGHT="28" WC="0.91" CONTENT="inbjudning"/><SP WIDTH="14" VPOS="1284" HPOS="734"/>
							<String ID="string_175" HPOS="748" VPOS="1284" WIDTH="34" HEIGHT="22" WC="0.92" CONTENT="till"/><SP WIDTH="14" VPOS="1284" HPOS="782"/>
							<String ID="string_176" HPOS="796" VPOS="1283" WIDTH="121" HEIGHT="23" WC="0.91" CONTENT="ridderska-"/>
						</TextLine>
						<TextLine ID="line_25" HPOS="95" VPOS="1314" WIDTH="534" HEIGHT="29">
							<String ID="string_177" HPOS="95" VPOS="1317" WIDTH="36" HEIGHT="26" WC="0.96" CONTENT="pet"/><SP WIDTH="15" VPOS="1317" HPOS="131"/>
							<String ID="string_178" HPOS="146" VPOS="1316" WIDTH="39" HEIGHT="22" WC="0.96" CONTENT="och"/><SP WIDTH="16" VPOS="1316" HPOS="185"/>
							<String ID="string_179" HPOS="201" VPOS="1315" WIDTH="61" HEIGHT="22" WC="0.96" CONTENT="adeln"/><SP WIDTH="15" VPOS="1315" HPOS="262"/>
							<String ID="string_180" HPOS="277" VPOS="1317" WIDTH="33" HEIGHT="19" WC="0.96" CONTENT="att"/><SP WIDTH="15" VPOS="1317" HPOS="310"/>
							<String ID="string_181" HPOS="325" VPOS="1314" WIDTH="89" HEIGHT="22" WC="0.96" CONTENT="omfatta"/><SP WIDTH="15" VPOS="1314" HPOS="414"/>
							<String ID="string_182" HPOS="429" VPOS="1314" WIDTH="110" HEIGHT="22" WC="0.96" CONTENT="enahanda"/><SP WIDTH="15" VPOS="1314" HPOS="539"/>
							<String ID="string_183" HPOS="554" VPOS="1314" WIDTH="75" HEIGHT="21" WC="0.95" CONTENT="beslut."/>
						</TextLine>
					</TextBlock>
				</ComposedBlock>
				<ComposedBlock ID="cblock_11" HPOS="95" VPOS="1368" WIDTH="825" HEIGHT="61">
					<TextBlock ID="block_10" HPOS="95" VPOS="1368" WIDTH="825" HEIGHT="61">
						<TextLine ID="line_26" HPOS="164" VPOS="1368" WIDTH="756" HEIGHT="31">
							<String ID="string_184" HPOS="164" VPOS="1373" WIDTH="94" HEIGHT="22" WC="0.88" CONTENT="Hvärom"/><SP WIDTH="22" VPOS="1373" HPOS="258"/>
							<String ID="string_185" HPOS="280" VPOS="1371" WIDTH="59" HEIGHT="23" WC="0.90" CONTENT="&#39;säväl"/><SP WIDTH="22" VPOS="1371" HPOS="339"/>
							<String ID="string_186" HPOS="361" VPOS="1372" WIDTH="140" HEIGHT="27" WC="0.96" CONTENT="lagutskottet"/><SP WIDTH="19" VPOS="1372" HPOS="501"/>
							<String ID="string_187" HPOS="520" VPOS="1377" WIDTH="46" HEIGHT="15" WC="0.93" CONTENT="som"/><SP WIDTH="15" VPOS="1377" HPOS="566"/>
							<String ID="string_188" HPOS="581" VPOS="1370" WIDTH="138" HEIGHT="22" WC="0.91" CONTENT="medstånden"/><SP WIDTH="16" VPOS="1370" HPOS="719"/>
							<String ID="string_189" HPOS="735" VPOS="1370" WIDTH="68" HEIGHT="22" WC="0.96" CONTENT="skulle"/><SP WIDTH="14" VPOS="1370" HPOS="803"/>
							<String ID="string_190" HPOS="817" VPOS="1370" WIDTH="28" HEIGHT="26" WC="0.93" CONTENT="på"/><SP WIDTH="15" VPOS="1370" HPOS="845"/>
							<String ID="string_191" HPOS="860" VPOS="1368" WIDTH="60" HEIGHT="28" WC="0.92" CONTENT="öfligt"/>
						</TextLine>
						<TextLine ID="line_27" HPOS="95" VPOS="1400" WIDTH="553" HEIGHT="29">
							<String ID="string_192" HPOS="95" VPOS="1401" WIDTH="31" HEIGHT="23" WC="0.96" CONTENT="vis"/><SP WIDTH="14" VPOS="1401" HPOS="126"/>
							<String ID="string_193" HPOS="140" VPOS="1408" WIDTH="77" HEIGHT="21" WC="0.96" CONTENT="genom"/><SP WIDTH="15" VPOS="1408" HPOS="217"/>
							<String ID="string_194" HPOS="232" VPOS="1401" WIDTH="76" HEIGHT="26" WC="0.96" CONTENT="utdrag"/><SP WIDTH="15" VPOS="1401" HPOS="308"/>
							<String ID="string_195" HPOS="323" VPOS="1406" WIDTH="26" HEIGHT="16" WC="0.96" CONTENT="ur"/><SP WIDTH="14" VPOS="1406" HPOS="349"/>
							<String ID="string_196" HPOS="363" VPOS="1400" WIDTH="129" HEIGHT="28" WC="0.96" CONTENT="protokollet"/><SP WIDTH="15" VPOS="1400" HPOS="492"/>
							<String ID="string_197" HPOS="507" VPOS="1400" WIDTH="141" HEIGHT="21" WC="0.96" CONTENT="underrättas."/>
						</TextLine>
					</TextBlock>
				</ComposedBlock>
			</PrintSpace>
		</Page>
	</Layout>
</alto>
