1084 1814
208 140 54 21 1342
403 144 160 18 Presteståndet
576 144 54 18 1877.
655 145 19 16 11
688 144 91 17 oktober.

178 215 38 25 tet,
238 212 66 27 enligt
325 212 80 22 hvilket
427 212 32 21 till
481 212 139 22 nämndemän
642 212 46 21 icke
711 212 41 21 kan
773 212 65 26 väljas
853 218 84 20 person,
952 218 45 15 som

178 242 88 21 innehar
280 243 64 20 stats-
360 241 51 21 eller
425 240 84 28 kyrklig
523 241 70 27 tjenst.

247 298 129 22 Besvarades
391 298 48 22 med
454 300 28 20 20
494 298 23 28 ja
533 299 39 21 och
588 300 25 20 11
630 298 40 28 nej,
686 298 84 22 hvarför
781 298 82 22 således
873 297 124 29 paragrafen

179 328 23 22 af
215 328 83 24 ståndet
314 328 44 22 blef
371 328 127 21 oförändrad
514 330 97 25 antagen.

247 386 23 27 88
286 386 55 22 6—9
356 386 123 26 godkändes
496 387 51 19 utan
563 385 125 22 diskussion.

247 443 98 22 Rörande
360 444 12 26 $
391 444 24 21 10
430 442 104 28 begärdes
549 443 61 22 ordet
625 442 22 22 af

247 500 110 22 Professor
375 500 159 25 Forsman,
550 507 44 15 som
610 500 94 28 yttrade:
734 500 40 26 Jag
789 500 68 22 skulle
873 506 57 21 anse,
946 502 32 20 att
993 500 6 21 i

180 530 40 22 alla
235 529 111 22 händelser
361 529 126 27 paragrafen
503 529 67 21 skulle
586 529 43 22 tåla
644 529 69 27 någon
729 528 178 28 omformulering.
935 529 64 22 Para-

179 558 72 28 grafen
270 558 69 28 lyder:
372 558 23 29 ,I
409 558 104 27 aflöning*
529 558 58 27 eller,
603 558 69 22 såsom
687 558 105 21 utskottet
807 558 38 21 har
860 560 54 25 sagt,
928 558 19 26 ,i
963 564 37 15 un-

180 588 81 22 derhåll
280 588 35 21 vid
337 587 70 26 tingen
427 587 82 27 åtnjute
531 588 104 21 nämnden
651 593 25 16 en
692 587 101 26 fjerdedel
809 587 22 22 af
844 587 28 22 all
887 588 114 27 tingsgäst-

179 617 70 26 ning".
280 617 41 20 Det
337 616 65 22 finnes
417 617 46 20 icke
478 617 64 26 något
557 617 46 20 skäl
618 618 32 19 att
665 616 43 21 tala
723 622 34 15 om
774 616 41 25 ,all
825 616 174 27 tingsgästning",

179 649 59 18 utom
260 646 43 25 det,
325 647 30 19 att
371 646 36 20 det
423 645 53 21 låter
491 645 65 26 något
570 645 136 22 summariskt
720 645 39 21 och
776 651 47 15 man
839 645 75 21 tänker
930 645 27 27 på
971 644 28 21 all

180 675 153 26 tingsgästning
353 673 6 21 i
375 674 47 21 hela
437 673 77 22 landet.
546 674 50 21 Men
612 674 109 26 meningen
737 675 24 19 är
776 673 132 27 naturligtvis
923 674 77 27 fjerde-

181 703 61 22 delen
257 703 22 21 af
293 703 26 20 de
334 702 46 27 fyra
395 702 52 21 eller
462 703 35 20 två
513 703 87 26 kappar,
614 708 45 16 som
676 703 180 26 tingsgästningen
872 704 67 25 utgör.
968 703 32 20 Då

181 738 28 15 nu
231 731 81 27 möjligt
335 731 39 21 och
397 731 73 26 troligt
493 733 29 22 är,
541 734 31 18 att
587 731 205 26 lagmanskapparna
807 731 46 21 icke
868 731 85 21 komma
969 733 32 19 att

180 761 26 26 gå
229 760 32 21 till
283 759 172 22 häradsrätterne
477 759 71 22 kunde
572 759 35 22 det
628 766 50 15 vara
698 759 46 22 skäl
760 761 32 20 att
807 759 123 26 bestämma,
946 759 55 22 huru

180 791 45 20 stor
247 789 33 21 del
301 788 22 21 af
342 789 41 20 den
398 789 27 26 på
441 788 89 22 häradet
545 788 153 21 ankommande
714 787 60 22 delen
791 788 21 21 af
825 788 175 27 tingsgästnings-

181 817 88 25 medlen,
292 817 105 22 nämnden
419 817 55 21 skall
496 817 27 27 få,
545 817 36 21 det
597 817 34 20 vill
646 819 56 24 säga,
719 819 32 19 att
767 817 36 21 det
818 817 65 21 borde
898 817 103 21 stiliseras

181 847 27 26 på
230 847 64 26 något
315 847 43 20 sätt
380 847 29 25 så,
431 847 32 19 att
483 846 47 21 icke
546 845 28 21 all
589 845 153 27 tingsgästning
758 845 66 22 skulle
840 845 39 22 här
894 846 85 21 komma
994 845 7 21 i

180 875 60 26 fråga
262 875 39 21 och
321 875 60 21 deraf
402 874 87 21 bråkdel
505 876 67 25 tagas.
602 874 105 27 Föröfrigt
721 874 40 22 har
774 874 36 27 jag
825 874 73 21 tillåtit
913 875 41 25 mig
970 875 32 20 att

180 903 111 22 framhålla
305 905 33 20 att
353 903 106 22 nämnden
473 903 7 21 i
496 909 25 16 en
537 903 93 27 betydlig
646 903 33 21 del
694 902 22 22 af
730 903 73 22 landet
818 903 6 21 i
839 903 73 27 sjelfva
927 903 75 21 verket

180 933 93 26 åtnjuter
294 932 80 22 hälften
395 931 22 22 af
436 931 41 22 den
491 932 90 21 häradet
596 931 158 22 tillkommande
770 932 187 27 tingsgästningen.
973 944 28 3 —

182 961 102 27 Slutligen
299 961 68 22 skulle
381 961 35 27 jag
431 963 41 22 tro,
487 963 33 19 att
535 961 36 21 det
586 961 46 22 icke
647 967 50 14 vore
708 961 123 26 opåkalladt
841 963 32 20 att
884 961 39 21 här
933 960 69 22 införa

180 990 83 27 jemväl,
279 991 32 20 att
325 990 104 21 nämnden
445 990 39 21 bör
499 989 82 27 åtnjuta
597 989 78 22 hälften
686 989 23 22 af
716 991 72 20 rätten
798 989 125 22 tillfallande
934 989 67 22 böter.

249 1047 154 28 Kyrkoherden
418 1047 164 22 Stenbäck:
612 1047 40 26 Jag
667 1046 94 22 biträder
776 1047 107 26 professor
898 1047 103 21 Forsman

182 1076 40 22 och
240 1078 38 24 gör
301 1076 35 22 det
358 1076 24 21 så
397 1076 84 27 mycket
496 1076 72 26 hellre,
583 1082 45 16 som
643 1075 64 22 redan
723 1076 23 21 år
765 1076 53 21 1863
834 1082 25 16 en
875 1076 64 26 nådig
953 1082 48 20 pro-

182 1104 91 27 position
295 1104 60 22 afläts
381 1104 32 22 till
435 1104 82 22 landets
539 1104 88 22 ständer
648 1104 109 27 angående
773 1104 230 22 häradsnämndemäns

182 1134 118 26 antagande
323 1133 39 22 och
385 1132 116 27 aflönande,
523 1132 85 23 hvilken
631 1133 63 21 också
707 1133 97 27 föreslog,
821 1136 32 19 att
867 1133 42 21 alla
925 1134 77 20 mellan

183 1162 164 27 häradshöfding
359 1162 39 21 och
409 1162 77 22 nämnd
497 1162 88 22 träffade
596 1162 221 22 öfverenskommelser
829 1163 90 21 rörande
930 1164 73 20 nämn-

184 1192 51 21 dens
254 1191 61 22 andel
329 1191 6 21 i
352 1191 179 27 tingsgästningen
547 1191 67 22 skulle
629 1191 95 27 upphöra
740 1193 31 19 att
786 1192 55 26 gälla
857 1192 40 20 och
912 1191 90 22 berörda

184 1220 62 21 andel
267 1220 128 22 bestämmas
416 1220 70 21 såsom
509 1220 38 22 der
568 1220 102 26 föreslogs
687 1220 31 21 till
734 1220 129 26 tredjedelen
878 1220 22 21 af
913 1220 90 22 härads-

184 1248 147 27 höfdingarnes
351 1248 160 27 tingsgästning,
535 1255 47 15 men
605 1250 31 20 att
654 1249 62 21 äfven
732 1249 26 21 då
774 1248 155 28 presteståndet
944 1249 7 21 i
966 1249 38 21 sitt

184 1284 48 14 svar
252 1278 27 26 på
300 1278 40 20 den
355 1277 76 26 nådiga
446 1277 157 27 propositionen
620 1278 32 20 för
666 1278 32 20 sin
714 1277 33 21 del
762 1279 73 25 ansåg,
851 1279 32 20 att
898 1278 105 21 nämnden

184 1306 67 21 skulle
270 1306 117 21 tillkomma
402 1306 39 20 den
457 1305 54 22 hälft
526 1306 21 21 af
561 1306 100 21 häradets
676 1306 159 27 tingsgästning,
851 1312 45 16 som
912 1306 92 26 lagligen

184 1334 127 22 tillkommer
333 1334 112 24 nämnden,
467 1334 85 22 hvarför
571 1334 63 22 också
650 1334 157 27 propositionen
823 1335 6 20 i
844 1335 60 26 fråga
920 1335 26 27 då
961 1334 42 21 för-

184 1362 42 20 föll.
257 1362 72 26 Enligt
351 1362 54 20 hvad
425 1362 37 26 jag
484 1364 46 19 tror
552 1363 42 25 mig
616 1365 54 23 veta,
692 1362 79 21 aflönas
786 1363 104 20 nämnden
906 1363 6 20 i
929 1362 75 21 Öster-

184 1390 75 20 botten
281 1390 48 20 med
351 1389 78 21 hälften
452 1389 23 21 af
495 1390 99 20 häradets
616 1390 253 27 tingsgästningskappar,
890 1390 47 21 med
956 1390 48 26 1/,

184 1418 81 27 kappar
286 1418 7 20 i
308 1417 71 22 stället
395 1417 31 22 för
441 1420 32 18 att
489 1418 181 21 nämndemännen
685 1418 66 26 enligt
766 1418 40 22 den
823 1424 27 16 nu
866 1418 138 22 förevarande

184 1446 158 28 propositionen
365 1446 67 22 skulle
455 1446 80 22 erhålla
558 1446 75 23 endast
656 1453 25 15 en
697 1446 68 28 kappe
780 1447 23 21 af
817 1448 189 26 tingsgästningen.

184 1476 78 21 Likaså
282 1475 95 22 biträder
396 1476 37 26 jag
448 1476 106 26 professor
569 1476 103 21 Forsman
687 1476 108 26 angående
810 1476 105 28 yrkandet
929 1477 28 27 på
971 1479 35 19 att

185 1511 25 15 en
233 1504 132 28 bestämning
387 1510 32 15 om
436 1504 39 22 den
491 1505 104 21 nämnden
612 1505 158 22 tillkommande
784 1505 61 22 bötes
861 1505 62 22 andel
938 1505 67 22 borde

185 1534 83 27 införas,
285 1533 39 22 och
339 1533 61 22 torde
415 1533 36 22 det
466 1533 70 22 derför
552 1540 49 16 vara
616 1533 21 22 af
651 1534 43 27 vigt
709 1534 39 22 och
764 1534 114 28 betydelse,
895 1536 32 21 att
941 1541 65 21 para-
