1092 1806
228 132 54 20 1166
423 136 159 18 Presteståndet
607 138 55 16 1877.
686 137 12 16 3
710 136 92 17 oktober.

199 206 78 21 dervid.
310 206 41 21 Det
376 212 49 14 vore
450 205 103 27 nemligen
578 206 79 26 nödigt,
680 207 32 19 att
734 205 64 21 också
820 207 91 24 torpare,
933 211 45 15 som
993 211 27 15 en

198 235 73 26 längre
293 234 31 21 tid
342 234 58 21 skött
415 234 36 21 sitt
466 234 44 21 lilla
523 234 103 26 jordbruk
642 234 39 21 och
696 234 68 21 blifvit
779 233 100 27 bräcklig,
893 233 74 26 skulle,
981 232 40 22 lik-

199 270 44 14 som
259 263 63 21 också
338 262 52 22 hans
405 262 53 22 enka
474 262 39 22 och
530 262 58 27 barn,
603 262 99 26 försörjas
717 262 23 22 af
753 261 266 27 lägenhetsinnehafvaren.

199 292 32 21 En
254 291 101 28 bedröflig
375 290 118 23 erfarenhet
508 291 39 21 har
559 291 37 27 jag
611 290 63 28 deraf,
690 293 32 19 att
737 290 108 28 bräckliga
859 294 85 24 torpare
959 290 62 22 hafva

199 320 68 22 blifvit
287 320 118 28 förskjutne
424 320 21 22 af
459 321 46 20 sina
520 320 120 22 husbönder
656 320 38 21 och
710 320 88 21 kommit
810 320 66 26 jemte
891 320 76 21 hustru
981 320 40 21 och

199 349 52 21 barn
275 349 141 27 fattigvården
442 349 31 21 till
498 349 47 21 last.
574 349 11 21 I
606 349 126 27 paragrafen
754 350 45 20 står
823 348 120 27 visserligen
959 348 64 22 ordet

199 378 124 24 arbetare"
340 378 38 21 och
394 378 107 21 måhända
516 378 86 21 dermed
615 377 76 22 förstås
706 378 60 21 äfven
782 380 96 24 torpare;
895 384 46 14 men
958 378 63 21 önsk-

198 407 40 26 ligt
260 413 50 15 vore
333 407 60 24 dock,
418 409 32 19 att
473 406 59 22 detta
547 407 95 27 yrkande
658 406 69 22 blefve
742 406 110 28 tydligare,
867 406 24 22 så
906 408 31 20 att
953 406 69 22 denna

198 435 122 27 förordning
342 435 67 22 skulle
431 435 56 27 gifva
509 436 23 20 åt
554 435 106 25 bräckliga
682 438 87 24 torpare
786 435 71 21 bättre
871 434 100 22 säkerhet
986 442 34 14 om

199 464 62 22 deras
281 464 102 27 bergning
399 464 29 22 till
445 464 101 27 dödedag,
563 467 26 19 än
604 464 127 27 föregående
746 464 147 27 förordningar
909 464 35 21 det
959 464 62 28 gjort.

267 539 89 22 Prosten
379 539 98 27 Hjelt:
508 540 45 21 Den
577 539 5 21 i
606 539 69 22 denna
697 539 99 27 paragraf
809 539 102 27 ingående
928 539 93 21 bestäm-

199 569 76 26 ningen
296 571 23 18 är
333 568 46 21 icke
395 569 63 26 något
474 570 52 25 nytt.
557 569 46 21 Den
618 567 141 22 förekommer
774 568 64 21 redan
853 568 7 21 i
876 568 26 21 23
919 569 10 25 $
945 568 22 21 af
980 568 41 21 den

199 597 22 20 af
234 597 24 21 så
272 598 77 25 många
364 597 110 26 beprisade
491 598 53 20 1852
560 597 35 21 års
609 596 124 27 författning
748 597 6 20 i
770 599 77 22 ämnet,
863 596 39 21 och
913 597 36 21 det
959 597 62 26 enda,

199 631 46 16 som
260 626 39 21 här
314 625 39 22 har
372 626 127 25 tillkommit,
515 629 24 18 är
554 628 31 19 att
600 625 134 26 tjenstetiden
750 627 24 19 är
790 625 95 22 bestämd
900 624 32 22 till
947 626 27 20 25
989 625 32 24 år,

200 655 66 21 under
289 655 36 20 det
347 656 32 19 att
398 655 5 20 i
427 655 39 20 den
491 654 87 21 anförda
593 653 149 28 författningen
758 655 44 21 står
818 654 75 21 endast
908 654 51 29 ,och
975 654 46 21 deri

199 683 96 27 tillbragt
309 683 46 22 sina
370 684 59 21 bästa
445 683 116 22 arbetsår".

267 753 142 26 Domprosten
435 752 142 21 Renvall:
616 752 32 21 Då
668 752 60 27 lagen
752 753 47 20 med
821 752 32 21 sin
875 752 67 21 hårda
964 752 57 22 hand

200 781 95 21 kommer
316 781 21 20 in
359 781 6 21 i
387 781 152 26 förhållanden,
554 788 45 14 som
615 781 57 21 förut
688 781 60 20 hafva
764 781 68 21 blifvit
847 781 93 21 ordnade
956 781 64 27 enligt

200 813 92 18 samvete
315 811 38 20 och
376 817 25 14 en
417 811 49 26 djup
483 810 95 27 billighet
593 810 39 21 och
647 810 201 25 rättsmedvetande,
863 810 159 21 åstadkommer

201 839 39 21 den
263 839 104 26 rubbning
388 839 39 21 och
451 839 67 21 vrede.
549 839 49 21 Man
621 838 35 21 vill
678 845 28 14 nu
729 839 71 26 tvinga
821 839 137 21 samvetslösa
973 838 46 21 hus-

200 867 80 22 bönder
295 869 32 20 att
341 867 124 22 underhålla
483 869 31 20 ett
529 867 133 27 tjenstehjon,
678 873 44 15 som
738 867 38 22 har
792 873 24 16 en
833 867 72 27 längre
920 867 31 21 tid
967 866 56 23 varit

199 898 6 19 i
229 897 60 20 deras
312 897 70 26 tjenst,
403 896 38 21 och
458 897 119 26 derigenom
594 896 106 21 förnärma
715 896 36 21 det
765 895 102 27 innerliga
883 895 138 27 förhållande,

199 931 46 15 som
260 925 41 21 kan
317 925 56 26 gälla
393 925 38 21 och
447 924 39 23 har
501 924 44 27 gält
560 925 89 21 emellan
665 924 107 22 husbonde
788 925 38 21 och
842 928 76 23 trogna
933 924 87 27 tjenare,

200 953 27 22 då
252 953 39 22 den
315 961 38 14 ena
376 953 38 21 har
436 953 41 22 fått
495 955 43 20 visa
554 953 31 22 sin
601 953 149 22 erkänsamhet
764 953 33 21 för
812 955 74 25 trogen
902 953 64 27 tjenst
981 953 39 22 och

200 983 41 21 den
264 983 65 21 andra
353 983 95 21 deremot
470 983 40 21 har
531 982 40 22 fått
592 983 98 26 uttrycka
708 983 31 21 sin
756 983 45 21 inre
816 982 132 22 tacksamhet
963 982 57 22 öfver

199 1011 134 22 husbondens
359 1012 102 21 erkänsla.
492 1011 101 22 Kommer
615 1012 68 20 denna
708 1011 99 28 paragraf
828 1014 32 19 att
882 1011 92 27 qvarstå,
997 1013 25 19 är

200 1041 95 21 deremot
317 1041 40 20 den
381 1047 38 14 ena
442 1040 82 28 skyldig
546 1042 32 20 att
592 1043 52 24 göra
659 1040 35 21 det
710 1040 38 22 och
764 1040 40 21 den
820 1041 65 20 andra
901 1041 119 26 berättigad

199 1071 32 19 att
246 1069 71 22 fordra
333 1070 42 26 det,
391 1069 39 21 och
445 1069 71 22 förrän
533 1075 47 16 man
596 1069 38 21 har
649 1069 81 22 kunnat
744 1069 116 27 framlägga
871 1071 30 20 ett
911 1069 109 27 förnuftigt

199 1098 46 21 skäl
267 1098 32 21 för
322 1099 41 24 det,
379 1100 32 19 att
424 1099 44 26 just
483 1099 27 20 25
526 1099 24 20 år
565 1099 39 20 bör
620 1104 49 15 vara
685 1099 39 20 den
740 1098 105 27 tidpunkt,
862 1099 26 20 då
903 1097 66 27 ifråga
985 1105 35 14 va-

200 1127 65 21 rande
287 1127 119 27 skyldighet
427 1127 102 26 inträffar,
548 1129 35 19 vet
595 1127 36 26 jag
647 1127 45 21 icke
707 1128 27 25 på
749 1127 54 20 hvad
819 1127 68 27 grund
903 1127 60 26 lagen
979 1127 43 21 till-

199 1157 46 19 tror
259 1156 32 26 sig
306 1158 32 19 att
353 1161 74 20 genom
443 1158 31 18 ett
489 1155 106 22 fixerande
610 1155 22 21 af
646 1161 26 14 en
688 1155 174 27 tidsbestämning
877 1155 21 21 få
909 1155 58 22 detta
978 1155 42 21 för-

198 1183 99 22 hållande
313 1184 91 21 ordnadt
419 1184 39 21 och
474 1184 90 22 ordnadt
579 1185 30 22 så,
624 1185 32 20 att
671 1184 68 21 såsom
754 1184 36 26 jag
806 1183 53 22 hade
875 1186 51 19 äran
937 1186 85 23 nämna,

199 1213 75 20 medan
298 1214 40 19 den
361 1212 82 27 tvingar
467 1213 39 20 den
530 1212 150 27 härdhjertade
702 1215 32 18 att
748 1212 90 26 fullgöra
853 1219 26 14 en
894 1212 125 27 skyldighet,

199 1241 41 21 den
262 1241 95 21 deremot
379 1241 108 21 nedsätter
510 1241 39 22 den
565 1241 76 21 andras
656 1241 98 26 frivilliga
768 1241 53 26 gärd
836 1241 23 21 af
873 1241 148 22 erkänsamhet

200 1271 44 20 mot
259 1270 118 21 arbetaren.
392 1270 45 21 Den
453 1269 105 22 allmänna
573 1270 111 27 meningen
700 1270 22 21 af
735 1269 41 27 god
791 1270 37 21 sed
841 1269 102 28 stämplar
957 1270 65 22 också

199 1300 31 19 ett
236 1299 77 20 sådant
321 1297 120 22 förfarande
450 1301 44 18 mot
503 1305 25 14 en
536 1301 72 24 trogen
618 1298 80 27 tjenare
706 1299 30 25 sä,
750 1300 32 19 att
794 1305 46 14 man
849 1299 43 20 icke
901 1299 44 26 just
953 1305 68 20 gerna

199 1327 34 20 vill
249 1327 128 22 underkasta
393 1327 31 26 sig
439 1329 32 19 att
485 1327 66 22 vräka
566 1327 121 22 densamma
703 1327 45 21 frän
763 1328 32 20 sin
811 1327 70 26 tjenst,
898 1327 27 22 dä
940 1327 40 22 han
994 1333 26 15 en

198 1355 72 25 längre
286 1355 30 20 tid
331 1355 39 20 har
386 1356 53 19 varit
454 1355 6 20 i
476 1355 70 25 tjenst.
563 1367 28 3 —
607 1355 49 21 Med
671 1355 113 26 anledning
798 1355 22 20 af
835 1355 54 21 hvad
897 1355 36 26 jag
943 1355 76 24 anfört,

199 1381 39 22 har
257 1383 36 26 jag
314 1383 62 26 yrkat
393 1383 27 26 pä
435 1383 135 26 paragrafens
585 1383 130 26 uteslutning
731 1383 45 25 och,
792 1383 69 21 säsom
877 1385 73 24 pastor
965 1383 55 26 Lyra

199 1412 44 20 rätt
265 1410 88 27 medgaf,
376 1411 45 21 icke
443 1410 75 27 derför,
534 1413 31 19 att
577 1411 37 26 jag
629 1411 41 23 vill,
686 1413 32 19 att
733 1417 48 15 man
796 1411 54 21 skall
866 1411 78 22 förfara
959 1411 60 22 härd-

198 1440 84 20 sinnadt
305 1441 56 20 emot
384 1445 24 15 en
424 1441 74 24 trogen
514 1439 86 27 tjenare.
629 1439 11 22 I
657 1440 52 21 1852
725 1440 35 21 ärs
775 1439 122 28 författning
913 1440 110 21 lemnades

199 1468 36 21 det
249 1468 23 21 ät
286 1467 123 22 husbonden
425 1470 32 19 att
472 1468 47 26 sjelf
533 1469 116 20 bestämma
665 1470 38 19 när
718 1468 40 22 han
775 1469 77 27 tyckte,
868 1471 32 19 att
915 1469 39 21 den
965 1475 54 15 sam-

199 1496 97 28 vetspligt
318 1497 86 26 inträdt,
427 1498 32 19 att
481 1497 41 20 han
546 1497 65 22 borde
630 1497 45 22 läta
690 1497 94 27 tjenaren
800 1497 129 22 fortfarande
944 1498 78 21 under-
