1700 1970
514 222 55 22 1678
703 228 160 18 Presteständet
875 230 55 17 1877.
954 231 26 16 25
993 230 91 17 oktober.

553 296 143 26 Domprosten
716 296 83 27 Borg:
829 297 42 25 Jag
895 302 63 16 anser
981 297 39 21 den
1047 296 143 27 formulering,
1217 303 45 15 som
1286 296 25 22 af

485 326 88 25 prosten
595 324 59 27 Hjelt
673 324 127 22 framhällits
821 325 39 21 och
876 332 34 15 om
925 325 85 21 hvilken
1026 326 63 20 ocksä
1102 326 38 26 jag
1155 332 37 14 var
1207 326 55 26 med,
1280 325 29 21 dä

485 354 20 20 vi
521 359 51 15 voro
588 353 7 21 i
609 353 95 21 komiten
717 353 146 27 tillsammans,
885 354 63 21 hafva
969 354 37 21 det
1024 354 62 21 svåra
1101 354 49 22 med
1165 354 38 27 sig,
1219 356 32 19 att
1266 354 42 21 den

484 381 56 23 läter
554 382 33 21 sä:
603 382 33 21 till
651 382 24 21 är
692 382 54 21 1925
762 382 65 22 lefves
843 383 36 21 det
894 383 53 22 efter
962 383 59 21 detta
1036 383 39 21 och
1091 383 121 21 sedermera
1225 383 85 27 strykes

484 411 149 22 alltsammans
655 412 24 20 ut
701 412 39 20 och
761 412 19 20 vi
797 411 34 21 stä
846 413 26 25 pä
888 412 40 20 den
943 412 58 21 förra
1015 412 65 21 foten.
1111 412 43 21 Det
1167 411 57 21 låter
1238 412 70 21 såsom

484 442 34 20 ett
533 440 55 21 salto
603 439 91 22 mortale
709 439 91 23 tillbaka
814 440 33 21 till
861 440 108 27 uråldriga
979 440 153 22 förhållanden.
1154 440 156 28 Kyrkoherden

486 468 108 22 Stenbäck
608 468 40 22 har
662 468 109 26 föreslagit
785 475 27 15 en
828 469 69 21 bättre
912 469 85 27 lydelse,
1013 469 27 21 dä
1055 470 36 21 det
1107 470 18 26 ej
1141 469 77 22 fixeras
1233 475 27 15 en
1277 468 32 22 tid

486 497 41 22 och
540 499 57 20 ännu
613 497 81 21 mindre
709 497 128 25 framhälles,
853 499 31 20 att
901 498 38 21 allt
953 498 56 21 skall
1024 497 27 27 gä
1066 497 91 22 tillbaka
1172 497 32 22 till
1220 497 64 22 förra.

555 555 153 27 Kyrkoherden
724 555 155 22 Stenbäck:
909 555 84 22 Önskar
1007 555 86 22 ståndet
1108 557 32 20 att
1155 555 7 21 i
1177 555 132 21 formulerin-

486 590 40 21 gen
539 583 58 22 skall
611 585 63 26 göras
690 584 41 21 den
745 583 129 28 förändring,
890 585 33 20 att
938 584 36 21 det
989 584 67 21 skulle
1068 584 56 24 heta,
1140 586 32 19 att
1182 590 26 15 en
1218 584 93 27 ändring

487 613 23 20 af
523 613 154 26 författningen
693 613 53 21 skall
763 613 37 21 ske
815 613 6 21 i
836 613 172 27 grundlagsenlig
1023 614 40 25 väg
1077 613 49 21 med
1142 612 169 27 presteständets

488 640 66 27 bifall,
569 641 40 21 har
621 641 37 27 jag
673 641 109 27 ingenting
797 642 101 21 deremot.

555 698 82 21 Rektor
651 698 145 22 Kihlman:
816 699 46 21 Den
877 704 42 22 nya
933 698 151 26 författningen
1099 698 97 22 kommer
1210 699 32 20 att
1252 698 58 21 med-

486 726 48 22 föra
554 733 41 20 nya
615 726 154 27 förhällanden,
789 733 33 15 om
843 727 71 21 hvilka
935 733 48 15 man
1003 727 39 21 har
1057 727 58 21 svärt
1129 729 32 19 att
1176 727 28 27 pä
1218 726 91 22 förhand

487 756 58 20 bilda
560 756 32 26 sig
607 762 26 14 en
648 755 129 27 fullkomligt
791 756 48 21 klar
854 756 151 26 föreställning.
1029 756 43 21 Det
1087 758 24 19 är
1126 756 89 27 möjligt,
1231 756 32 20 att
1274 756 36 21 det

490 784 41 22 blir
546 784 84 27 mycket
645 784 48 26 bra;
709 790 48 15 men
773 784 36 22 det
824 784 42 22 kan
881 784 64 22 ocksä
961 784 65 22 blifva
1040 784 33 22 till
1088 784 67 22 skada
1170 784 33 22 för
1217 786 93 25 prester-

486 813 78 26 skapet
579 813 39 21 och
633 812 88 27 kyrkan.
752 813 49 22 Men
817 814 36 20 det
868 815 24 19 är
907 813 71 21 derför
992 813 19 26 ej
1027 813 68 26 sagdt,
1111 814 33 20 att
1158 820 27 14 en
1195 819 27 21 ny
1233 819 77 21 propo-

489 842 63 21 sition
567 841 8 21 i
590 843 71 19 ämnet
677 842 53 20 skall
746 842 128 27 framläggas
889 842 21 21 af
925 842 60 21 Hans
999 842 107 26 Majestät,
1130 842 40 21 och
1185 848 34 14 om
1235 848 25 15 en
1276 842 34 20 sä-

489 870 41 22 dan
546 870 18 26 ej
580 870 128 26 framlägges
730 870 65 22 blifva
815 871 26 21 de
862 876 41 21 nya
917 870 166 26 förhållandena,
1103 870 61 21 äfven
1180 877 34 15 om
1231 870 25 22 de
1272 871 38 19 äro

489 898 162 27 ofördelaktiga,
673 898 146 27 gvarstäende.
849 899 42 21 Det
910 900 25 20 är
957 898 76 25 derför,
1054 905 45 15 som
1118 899 37 27 jag
1175 899 80 27 tycker,
1278 900 33 19 att

488 928 37 20 det
540 933 49 15 vore
605 927 70 21 bättre
690 928 32 20 att
737 933 26 15 en
778 927 42 21 viss
836 928 30 21 tid
881 927 68 21 skulle
965 928 82 25 fixeras,
1064 928 26 21 dä
1105 928 66 20 saken
1187 928 66 21 borde
1263 927 47 21 äter

487 956 86 21 komma
589 956 66 20 under
670 955 139 28 ompröfning,
829 956 65 22 sedan
916 962 49 15 man
980 956 39 20 har
1034 956 74 21 vunnit
1122 956 128 26 erfarenhet,
1270 955 40 21 och

488 984 36 21 det
539 986 24 19 är
578 984 7 21 i
600 984 69 21 denna
689 984 100 27 riktning,
809 990 46 15 som
875 985 37 26 jag
933 984 68 21 skulle
1016 984 49 27 vilja
1080 986 32 19 att
1128 990 25 16 en
1169 985 56 20 kläm
1241 984 69 22 skulle

486 1013 89 26 intagas.

554 1069 92 22 Prosten
661 1069 152 22 Helander:
836 1071 41 26 Jag
891 1070 76 21 tänker
982 1069 88 23 alldeles
1083 1070 69 22 säsom
1166 1071 74 21 rektor
1250 1071 60 21 Kihl-

487 1105 50 14 man
552 1098 39 21 och
608 1099 68 20 skulle
696 1098 71 22 derför
785 1099 112 26 föredraga
919 1099 39 21 den
979 1099 144 26 formulering,
1143 1101 87 25 prosten
1251 1099 59 28 Hjelt

484 1127 40 22 har
539 1127 116 27 föreslagit.

555 1184 110 21 Professor
686 1184 144 21 Forsman:
860 1184 41 26 Jag
916 1184 41 21 kan
973 1184 19 27 ej
1008 1184 63 27 finna,
1095 1186 32 20 att
1143 1184 69 22 denna
1226 1184 84 22 författ-

484 1213 52 26 ning
550 1212 42 21 kan
608 1212 63 26 lägga
685 1212 75 22 hinder
775 1212 7 21 i
796 1214 66 25 vägen
877 1212 34 22 för
926 1215 31 19 ett
971 1213 74 27 anslag
1055 1214 7 20 i
1073 1213 112 21 framtiden
1198 1214 33 20 för
1241 1214 69 20 eckle-

486 1240 89 22 siastika
591 1240 104 26 ändamål,
711 1241 26 21 dä
752 1240 75 22 sädant
841 1247 68 21 yppar
924 1242 38 26 sig,
977 1242 21 20 d.
1013 1248 18 14 v.
1048 1248 16 15 s.
1082 1242 83 21 ökande
1180 1242 23 21 af
1216 1244 94 25 prester-

485 1270 43 26 liga
551 1269 118 27 aflöningen
691 1270 84 21 utöfver
797 1270 56 21 hvad
875 1276 44 15 som
941 1270 68 26 precis
1025 1270 115 22 fastställes
1154 1276 76 21 genom
1246 1270 64 22 dessa.

485 1298 228 27 regleringskomit6er.
730 1310 27 3 —
772 1298 107 27 Föröfrigt
894 1298 57 22 inser
963 1299 38 26 jag
1015 1299 27 27 ej,
1057 1301 33 19 att
1105 1299 153 27 författningen
1270 1299 39 21 bör

485 1329 88 25 antagas
589 1327 67 21 under
671 1326 65 22 sädan
751 1326 158 28 förutsättning,
931 1329 32 20 att
982 1333 48 15 man
1046 1328 53 21 skall
1115 1328 6 20 i
1137 1335 26 14 en
1178 1334 50 15 snar
1242 1327 66 22 fram-

484 1356 31 20 tid
538 1356 68 20 önska
627 1356 47 21 dess
697 1355 200 27 äterupphäfvande,
919 1356 39 22 och
981 1356 60 21 äfven
1063 1363 34 15 om
1117 1362 50 16 man
1187 1358 39 25 gör
1241 1357 66 25 detta,

484 1384 72 26 tyckes
573 1384 35 21 det
624 1384 70 21 såsom
709 1390 26 14 en
751 1384 92 26 tidrymd
858 1385 23 21 af
893 1384 28 22 50
932 1386 23 20 är
966 1391 50 15 vore
1027 1391 26 15 en
1069 1385 72 21 alltför
1151 1386 50 26 lång
1211 1386 97 21 försöko-

485 1412 37 22 tid.
553 1412 60 22 Skall
632 1412 36 22 det
682 1412 99 27 slutligen
793 1412 26 22 är
835 1414 53 20 1925
904 1413 107 27 upprifvas
1027 1413 44 26 allt,
1091 1420 45 15 som
1151 1414 68 21 under
1234 1414 72 21 femtio

484 1442 24 20 är
523 1441 55 20 varit
592 1440 104 26 gällande,
713 1440 54 27 skall
782 1446 55 20 man,
853 1442 65 20 sedan
929 1442 105 26 reglering
1045 1441 64 25 skett,
1124 1443 16 19 t.
1149 1448 32 15 ex.
1192 1442 116 21 återvända

483 1468 32 21 till
530 1468 145 21 skafttionden
690 1469 7 20 i
713 1468 144 27 Österbotten,
878 1470 23 19 sä
921 1469 41 20 blir
982 1470 36 20 det
1037 1475 26 15 en
1078 1470 117 21 villervalla
1210 1472 52 18 utan
1277 1470 29 21 all

484 1496 138 27 beskrifning.
645 1496 40 26 Jag
700 1495 67 22 skulle
784 1496 71 22 derför
869 1503 57 22 anse,
941 1499 32 19 att
989 1504 25 14 en
1030 1497 66 22 sädan
1111 1498 140 27 bestämning,
1261 1504 46 16 som

485 1525 74 22 ställer
574 1525 6 21 i
595 1525 67 27 utsigt
683 1526 33 21 att
736 1531 47 15 man
807 1525 24 22 är
847 1526 62 26 1925,
923 1526 7 20 i
947 1525 36 22 fall
999 1526 18 27 ej
1033 1526 68 27 någon
1117 1533 70 16 annan
1202 1527 106 22 öfverens-

483 1554 118 22 kommelse
616 1553 147 23 dessförinnan
778 1553 40 22 har
831 1554 81 22 kunnat
927 1555 44 26 ske,
986 1555 96 22 kommer
1097 1556 31 22 till
1144 1557 65 26 nägot
1222 1556 33 21 för
1266 1556 40 22 den

485 1583 27 21 dä
533 1583 97 22 lefvande
653 1583 150 27 generationen
825 1583 129 28 fullkomligt
976 1584 99 27 obekant,
1097 1587 24 19 är
1136 1585 126 27 förkastligt.
1278 1597 28 3 —

483 1612 62 22 Hvad
561 1613 46 21 äter
623 1613 35 21 det
674 1611 107 28 beträffar,
797 1614 32 20 att
845 1612 35 22 det
895 1619 50 16 vore
960 1619 26 16 en
996 1613 68 22 fördel
1076 1616 33 20 att
1119 1616 33 20 tre
1162 1614 62 23 ständ
1234 1614 72 22 kunde
