1084 1814
195 140 56 21 1414
385 143 160 18 Presteständet
560 145 54 16 1877.
639 144 23 16 16
675 143 90 16 oktober.

166 213 73 21 höfver
261 213 22 21 af
303 212 26 22 de
351 212 226 27 skjutsningsskyldige
598 210 88 27 betalas,
709 211 27 21 dä
759 212 34 21 mä
814 211 34 21 det
864 210 6 22 i
886 210 56 22 allan
956 210 31 22 tid

165 241 74 22 ställas
261 241 55 21 huru
331 246 45 16 som
392 240 64 26 helst;
472 246 34 15 om
522 241 41 21 den
578 240 107 28 principen
700 239 72 22 säkert
786 241 123 25 garanteras
924 240 23 21 ät
962 239 25 21 de

165 269 234 29 skjutsningsskyldige,
420 269 27 21 dä
467 269 42 21 kan
526 269 36 22 det
577 275 50 15 vara
642 268 78 27 precist
736 268 115 22 detsamma
866 268 62 22 hvem
942 274 45 16 som

165 298 75 22 ställer
262 298 39 22 och
319 301 45 25 styr
379 304 33 16 om
428 297 172 28 gästgifverierna
613 297 41 21 och
670 297 35 21 det
720 297 73 27 öfriga.
824 297 48 21 Men
889 296 24 22 sä
927 297 61 26 länge

166 328 37 22 det
218 329 24 20 är
256 327 60 27 fräga
331 334 34 14 om
381 328 31 20 att
426 326 99 22 beskatta
540 329 51 20 utan
607 328 63 25 gräns
684 326 26 22 de
721 325 224 28 skjutsningsskyldige
956 325 33 22 för

166 357 27 21 de
207 356 100 22 resandes
323 356 39 22 och
378 356 92 21 kronans
485 356 90 26 räkning
588 368 24 3 —
625 358 23 25 ty
663 355 35 21 det
713 357 25 19 är
752 355 64 21 ocksä
831 355 92 21 kronans
936 356 53 26 post,

166 392 47 15 som
228 387 24 19 är
267 385 44 22 deri
326 384 131 22 inberäknad
472 397 28 3 —
514 385 62 21 torde
592 384 35 22 det
642 390 50 16 vara
708 390 40 20 nog
764 383 53 27 skäl,
832 386 33 19 att
876 384 26 21 de
912 383 76 28 skjuts-

167 414 156 27 niugsskyldiga
346 413 62 22 hafva
430 415 31 20 ett
476 414 38 21 ord
530 414 48 21 med
592 414 7 21 i
614 413 57 27 laget
686 413 39 21 och
740 413 46 21 icke
801 414 24 20 sä
840 412 88 22 isoleras
943 412 45 22 från

167 444 126 26 hvarandra,
309 444 31 20 att
356 442 61 22 deras
432 443 98 27 yttrande
545 442 49 22 rakt
608 442 108 26 ingenting
732 441 94 29 betyder.

235 500 90 21 Prosten
346 499 171 27 Grönberg:
547 498 127 23 Ändamälet
692 499 48 21 med
755 498 143 28 föreliggande
912 498 77 27 nädiga

167 529 131 27 proposition
321 528 67 21 måste
409 527 35 22 väl
466 528 127 22 åtminstone
615 527 33 22 till
667 530 45 19 stor
727 527 34 22 del
776 534 51 15 vara
842 527 111 22 lindrande
968 527 22 21 af

166 557 191 27 skjutshällningen
379 557 39 21 och
440 556 209 28 gästgifveritungan,
674 557 38 21 och
735 556 33 22 för
790 558 32 20 att
844 556 76 22 sädant
935 556 54 21 skall

167 587 72 21 kunna
253 586 163 26 åstadkommas,
431 586 67 21 borde
514 585 32 21 väl
562 586 7 21 i
584 586 89 21 främsta
687 587 91 19 rummet
794 585 54 22 afses
863 587 33 19 att
910 585 22 21 få
946 584 43 22 för-

167 615 116 27 ordningen
299 615 72 21 derom
387 614 23 22 sä
425 614 47 22 klar
488 615 40 21 och
543 615 72 27 tydlig,
631 620 45 16 som
688 614 90 27 möjligt,
789 614 39 22 och
838 613 151 28 paragraferne

167 645 7 21 i
190 645 121 21 densamma
327 645 23 20 sä
365 644 75 24 stälda,
456 645 32 19 att
504 644 40 20 den
559 650 40 14 ena
615 644 46 20 icke
676 643 116 27 upphäfver
807 644 40 24 den
863 643 67 21 andra
938 642 51 22 eller

168 674 62 21 dessa
244 673 47 21 icke
306 672 33 22 stä
354 672 7 21 i
376 672 52 22 strid
444 672 47 22 med
507 672 126 22 hvarandra.
658 672 26 21 Af
698 672 146 21 diskussionen
859 672 6 21 i
878 672 41 26 dag
927 672 61 21 fram-

167 703 44 26 gär,
226 702 102 21 hurusom
342 701 63 26 hvad,
420 708 45 14 som
481 701 101 27 förelupit
597 701 47 21 med
661 701 113 27 anledning
789 701 23 21 af
825 702 14 20 4
854 701 12 27 &
881 701 39 21 och
930 703 59 19 vote-

168 732 73 26 ringen
257 731 78 25 derom,
351 730 39 21 har
405 730 152 22 ästadkommit
571 730 142 26 olägenheter,
730 730 26 21 dä
771 730 20 21 vi
804 736 28 15 nu
844 729 62 22 hafva
914 729 75 22 skridit

167 760 48 20 litet
237 758 73 28 längre
331 758 83 22 framät.
444 758 70 22 Jemte
537 759 36 21 det
592 759 36 26 jag
651 758 84 22 förenar
757 759 43 26 mig
820 758 48 21 med
884 758 105 26 professor

168 788 103 21 Forsman
294 788 7 20 i
319 787 52 21 hans
387 787 135 27 andragande
537 788 39 20 och
591 787 101 21 särskildt
707 788 6 20 i
729 788 33 20 att
776 787 39 21 här
830 789 24 19 är
869 786 120 22 äterremiss

168 816 23 22 af
205 816 68 21 nöden
289 816 6 21 i
311 816 97 21 afseende
425 816 12 21 &
452 822 27 20 ny
494 815 144 26 formulering,
651 816 23 20 sä
684 818 32 18 att
729 816 150 26 paragraferna
886 821 29 15 nu
922 815 68 26 ifräga

168 846 69 20 mätte
252 844 86 27 bringas
353 844 32 22 till
401 844 138 22 konformitet
553 844 48 22 med
617 844 125 25 hvarandra,
758 844 38 21 ber
803 844 37 27 jag
852 846 31 20 att
893 844 22 21 fä
924 844 65 21 fram-

168 874 64 27 hälla,
254 875 32 20 att
307 873 40 21 här
368 874 74 20 remiss
460 873 66 21 borde
542 873 153 27 ifrägakomma
710 873 46 21 icke
772 873 55 21 blott
841 873 7 20 i
863 872 98 22 afseende
977 873 12 21 ä

168 903 70 21 denna
260 902 101 27 paragraf
383 904 50 19 utan
456 902 22 21 af
500 902 25 28 $$
547 903 20 24 4,
583 902 19 26 5,
619 902 20 25 6,
655 903 12 19 7
683 902 39 21 och
738 902 19 24 8,
773 902 136 21 allesamman
924 901 65 21 borde

169 931 120 22 remitteras
311 931 33 21 till
367 931 115 21 utskottets
500 933 97 19 närmare
612 930 132 28 behandling.
774 931 102 21 Deremot
890 930 99 22 invändes

169 960 40 22 och
224 960 39 22 har
279 960 68 21 blifvit
362 960 94 25 invändt,
472 962 32 20 att
518 960 95 26 votering
629 960 64 22 redan
709 960 38 20 har
762 960 111 26 försiggätt
888 959 101 27 öfver48,

168 989 40 21 och
231 989 56 21 hvad
308 989 101 21 särskildt
431 990 65 25 angår
519 989 47 21 dess
587 989 13 21 3
615 995 63 15 mom.
694 988 38 22 har
748 989 36 21 det
798 988 146 27 egendomliga
958 988 32 21 in-

168 1017 80 25 träffat,
263 1020 33 19 att
311 1018 40 21 den
366 1018 65 21 värde
446 1018 174 25 ständsledamot,
636 1018 62 20 hvars
713 1017 80 27 förslag
807 1018 6 20 i
829 1017 97 22 afseende
940 1017 50 21 derä

169 1046 230 28 uppmärksammades,
414 1047 7 20 i
438 1046 40 27 dag
493 1047 38 21 har
547 1046 86 26 bekänt,
649 1048 31 19 att
696 1046 65 26 enligt
776 1046 56 21 hvad
846 1046 42 22 han
903 1052 88 15 numera

170 1076 63 26 inser,
257 1076 35 20 det
313 1075 69 21 skulle
400 1075 50 22 falla
465 1076 31 26 sig
512 1076 77 24 bättre,
604 1082 34 14 om
654 1075 47 21 hela
716 1075 59 21 detta
791 1078 93 18 moment
899 1075 92 26 utginge,

168 1107 57 18 samt
247 1104 100 21 eftersom
369 1110 48 15 man
439 1104 46 21 icke
508 1104 32 21 lär
562 1104 73 21 kunna
652 1104 68 26 pästä,
736 1106 32 18 att
784 1104 36 21 det
834 1104 86 21 absolut
935 1105 56 19 rätta

169 1133 130 26 nödvändigt
321 1133 67 26 ligger
408 1133 7 20 i
434 1133 100 27 plurima
556 1135 55 22 vota,
633 1132 88 21 emedan
743 1132 35 21 det
793 1139 45 15 mer
853 1134 27 19 än
896 1138 26 15 en
936 1132 55 26 gäng

169 1161 89 25 händer,
274 1164 32 18 att
318 1161 45 27 just
379 1161 134 22 minoriteten
528 1162 39 21 har
581 1160 65 22 fattat
661 1161 64 21 saken
740 1161 73 26 sädan,
830 1161 40 21 den
881 1161 110 27 rättsligen

170 1190 39 21 bör
224 1190 71 26 fattas,
312 1191 39 20 och
366 1190 34 21 för
414 1192 32 19 att
462 1190 148 22 ästadkomma
625 1190 68 26 nägon
710 1190 218 21 öfverensstämmelse
943 1190 7 20 i
966 1196 25 14 en

168 1219 26 21 sä
209 1219 65 27 vigtig
289 1219 124 27 författning
428 1225 45 15 som
489 1220 76 25 denna,
581 1218 150 27 paragraferna
747 1218 96 27 emellan,
852 1224 48 16 man
909 1218 82 22 således

169 1248 47 21 icke
239 1248 32 20 lär
293 1248 72 21 kunna
379 1247 71 27 undgå
465 1250 32 19 att
511 1248 57 27 gifva
583 1248 32 21 till
631 1247 60 27 spillo
706 1247 69 27 någon
791 1247 127 27 föregående
932 1249 60 19 vote-

170 1277 47 26 ring
240 1277 32 21 för
294 1279 32 19 att
346 1277 47 21 icke
413 1277 53 21 råka
481 1277 21 21 in
517 1278 28 26 på
560 1277 150 26 orimligheter,
726 1277 95 20 biträder
833 1277 36 27 jag
884 1276 108 27 professor

170 1305 116 22 Forsmans
307 1305 94 27 yrkande
424 1312 35 15 om
482 1306 121 21 återremiss
626 1305 6 21 i
655 1305 36 21 det
712 1305 59 27 syfte,
789 1312 45 15 som
850 1306 42 20 han
907 1305 84 24 uttalat,

171 1334 107 21 äfvensom
301 1334 69 26 någon
386 1341 68 14 annan
470 1335 179 20 ståndsledamots
665 1334 79 25 derom,
761 1336 32 19 att
808 1335 42 20 alla
866 1333 127 27 nyssnämda

169 1362 126 26 paragrafer
310 1363 66 20 måtte
392 1363 167 20 återremitteras
573 1363 33 20 till
621 1361 111 26 utskottet,
748 1362 62 21 hvars
826 1363 38 20 sak
880 1362 36 20 det
925 1361 67 21 blefve

171 1391 32 19 att
226 1390 23 20 så
272 1389 54 26 begå
344 1390 71 24 saken,
430 1391 33 19 att
478 1390 19 20 vi
512 1390 47 21 icke
574 1389 91 21 behöfde
679 1389 94 26 förspilla
790 1389 59 22 tiden
864 1389 48 22 med
928 1389 65 22 orim-

171 1417 96 27 ligheter.

240 1475 142 28 Domprosten
398 1475 38 22 Bo
446 1470 40 31 rg:
516 1475 40 26 Jag
571 1475 36 21 vill
622 1474 53 22 först
690 1477 84 24 nämna,
790 1477 32 20 att
837 1482 34 15 om
887 1482 48 15 man
949 1481 44 16 me-

170 1511 47 20 nar,
232 1507 33 18 att
277 1505 37 26 jag
329 1510 50 15 vore
395 1504 39 21 den
450 1520 10 8 ,
464 1504 64 21 värde
543 1503 187 28 ständsledamot*,
746 1511 45 15 som
807 1505 6 21 i
829 1505 41 26 dag
884 1504 40 22 har
936 1504 57 22 äter-

170 1533 55 27 tagit
247 1533 43 22 min
312 1535 67 20 under
400 1536 84 19 senaste
506 1533 85 27 plenum
607 1533 95 22 uttalade
718 1533 62 28 åsigt,
796 1534 67 21 måste
875 1533 37 28 jag
928 1535 64 26 öppet
