<?xml version="1.0" encoding="UTF-8"?>
<alto xmlns="http://www.loc.gov/standards/alto/ns-v3#" xmlns:xlink="http://www.w3.org/1999/xlink" xmlns:xsi="http://www.w3.org/2001/XMLSchema-instance" xsi:schemaLocation="http://www.loc.gov/standards/alto/ns-v3# http://www.loc.gov/alto/v3/alto-3-0.xsd">
	<Description>
		<MeasurementUnit>pixel</MeasurementUnit>
		<sourceImageInformation>
			<fileName>/tmp/tess_qwslh111_input.PNG</fileName>
		</sourceImageInformation>
		<OCRProcessing ID="OCR_0">
			<ocrProcessingStep>
				<processingSoftware>
					<softwareName>tesseract 5.3.4</softwareName>
				</processingSoftware>
			</ocrProcessingStep>
		</OCRProcessing>
	</Description>
	<Layout>
		<Page WIDTH="1086" HEIGHT="1831" PHYSICAL_IMG_NR="0" ID="page_0">
			<PrintSpace HPOS="0" VPOS="0" WIDTH="1086" HEIGHT="1831">
				<ComposedBlock ID="cblock_0" HPOS="207" VPOS="138" WIDTH="578" HEIGHT="22">
					<TextBlock ID="block_0" HPOS="207" VPOS="138" WIDTH="578" HEIGHT="22">
						<TextLine ID="line_0" HPOS="207" VPOS="138" WIDTH="578" HEIGHT="22">
							<String ID="string_0" HPOS="207" VPOS="138" WIDTH="55" HEIGHT="20" WC="0.96" CONTENT="1356"/><SP WIDTH="146" VPOS="138" HPOS="262"/>
							<String ID="string_1" HPOS="408" VPOS="142" WIDTH="160" HEIGHT="18" WC="0.91" CONTENT="Presteståndet"/><SP WIDTH="13" VPOS="142" HPOS="568"/>
							<String ID="string_2" HPOS="581" VPOS="142" WIDTH="55" HEIGHT="17" WC="0.95" CONTENT="1877."/><SP WIDTH="25" VPOS="142" HPOS="636"/>
							<String ID="string_3" HPOS="661" VPOS="142" WIDTH="20" HEIGHT="16" WC="0.96" CONTENT="11"/><SP WIDTH="12" VPOS="142" HPOS="681"/>
							<String ID="string_4" HPOS="693" VPOS="142" WIDTH="92" HEIGHT="17" WC="0.96" CONTENT="oktober."/>
						</TextLine>
					</TextBlock>
				</ComposedBlock>
				<GraphicalElement ID="cblock_1" HPOS="215" VPOS="169" WIDTH="785" HEIGHT="6"></GraphicalElement >
				<ComposedBlock ID="cblock_2" HPOS="176" VPOS="208" WIDTH="826" HEIGHT="172">
					<TextBlock ID="block_1" HPOS="176" VPOS="208" WIDTH="826" HEIGHT="172">
						<TextLine ID="line_1" HPOS="177" VPOS="208" WIDTH="824" HEIGHT="29">
							<String ID="string_5" HPOS="177" VPOS="211" WIDTH="103" HEIGHT="22" WC="0.95" CONTENT="Forsman"/><SP WIDTH="23" VPOS="211" HPOS="280"/>
							<String ID="string_6" HPOS="303" VPOS="211" WIDTH="40" HEIGHT="21" WC="0.95" CONTENT="här"/><SP WIDTH="15" VPOS="211" HPOS="343"/>
							<String ID="string_7" HPOS="358" VPOS="211" WIDTH="86" HEIGHT="26" WC="0.96" CONTENT="uttalat,"/><SP WIDTH="16" VPOS="211" HPOS="444"/>
							<String ID="string_8" HPOS="460" VPOS="211" WIDTH="40" HEIGHT="21" WC="0.96" CONTENT="och"/><SP WIDTH="16" VPOS="211" HPOS="500"/>
							<String ID="string_9" HPOS="516" VPOS="210" WIDTH="129" HEIGHT="22" WC="0.96" CONTENT="förbehåller"/><SP WIDTH="15" VPOS="210" HPOS="645"/>
							<String ID="string_10" HPOS="660" VPOS="210" WIDTH="43" HEIGHT="26" WC="0.96" CONTENT="mig"/><SP WIDTH="15" VPOS="210" HPOS="703"/>
							<String ID="string_11" HPOS="718" VPOS="212" WIDTH="31" HEIGHT="18" WC="0.96" CONTENT="att"/><SP WIDTH="16" VPOS="212" HPOS="749"/>
							<String ID="string_12" HPOS="765" VPOS="210" WIDTH="74" HEIGHT="21" WC="0.96" CONTENT="endast"/><SP WIDTH="15" VPOS="210" HPOS="839"/>
							<String ID="string_13" HPOS="854" VPOS="209" WIDTH="36" HEIGHT="21" WC="0.96" CONTENT="vid"/><SP WIDTH="15" VPOS="209" HPOS="890"/>
							<String ID="string_14" HPOS="905" VPOS="209" WIDTH="47" HEIGHT="25" WC="0.93" CONTENT="den,"/><SP WIDTH="17" VPOS="209" HPOS="952"/>
							<String ID="string_15" HPOS="969" VPOS="208" WIDTH="32" HEIGHT="22" WC="0.92" CONTENT="så-"/>
						</TextLine>
						<TextLine ID="line_2" HPOS="177" VPOS="228" WIDTH="824" HEIGHT="38">
							<String ID="string_16" HPOS="177" VPOS="245" WIDTH="45" HEIGHT="15" WC="0.95" CONTENT="som"/><SP WIDTH="21" VPOS="245" HPOS="222"/>
							<String ID="string_17" HPOS="243" VPOS="239" WIDTH="36" HEIGHT="26" WC="0.96" CONTENT="jag"/><SP WIDTH="23" VPOS="239" HPOS="279"/>
							<String ID="string_18" HPOS="302" VPOS="239" WIDTH="88" HEIGHT="27" WC="0.96" CONTENT="hoppas,"/><SP WIDTH="22" VPOS="239" HPOS="390"/>
							<String ID="string_19" HPOS="412" VPOS="228" WIDTH="61" HEIGHT="32" WC="0.96" CONTENT="snart"/><SP WIDTH="22" VPOS="228" HPOS="473"/>
							<String ID="string_20" HPOS="495" VPOS="239" WIDTH="127" HEIGHT="27" WC="0.91" CONTENT="vidtagande"/><SP WIDTH="16" VPOS="239" HPOS="622"/>
							<String ID="string_21" HPOS="638" VPOS="226" WIDTH="147" HEIGHT="33" WC="0.96" CONTENT="diskussionen"/><SP WIDTH="16" VPOS="226" HPOS="785"/>
							<String ID="string_22" HPOS="801" VPOS="244" WIDTH="33" HEIGHT="15" WC="0.96" CONTENT="om"/><SP WIDTH="16" VPOS="244" HPOS="834"/>
							<String ID="string_23" HPOS="850" VPOS="238" WIDTH="74" HEIGHT="26" WC="0.92" CONTENT="sjelfva"/><SP WIDTH="14" VPOS="238" HPOS="924"/>
							<String ID="string_24" HPOS="938" VPOS="244" WIDTH="63" HEIGHT="20" WC="0.91" CONTENT="para-"/>
						</TextLine>
						<TextLine ID="line_3" HPOS="176" VPOS="266" WIDTH="825" HEIGHT="28">
							<String ID="string_25" HPOS="176" VPOS="268" WIDTH="100" HEIGHT="26" WC="0.96" CONTENT="graferna"/><SP WIDTH="15" VPOS="268" HPOS="276"/>
							<String ID="string_26" HPOS="291" VPOS="268" WIDTH="40" HEIGHT="21" WC="0.96" CONTENT="och"/><SP WIDTH="16" VPOS="268" HPOS="331"/>
							<String ID="string_27" HPOS="347" VPOS="268" WIDTH="26" HEIGHT="21" WC="0.92" CONTENT="de"/><SP WIDTH="16" VPOS="268" HPOS="373"/>
							<String ID="string_28" HPOS="389" VPOS="268" WIDTH="85" HEIGHT="21" WC="0.92" CONTENT="derutaf"/><SP WIDTH="14" VPOS="268" HPOS="474"/>
							<String ID="string_29" HPOS="488" VPOS="267" WIDTH="139" HEIGHT="21" WC="0.95" CONTENT="framkallade"/><SP WIDTH="16" VPOS="267" HPOS="627"/>
							<String ID="string_30" HPOS="643" VPOS="267" WIDTH="184" HEIGHT="31" WC="0.95" CONTENT="omröstningarna"/><SP WIDTH="15" VPOS="267" HPOS="827"/>
							<String ID="string_31" HPOS="842" VPOS="266" WIDTH="107" HEIGHT="26" WC="0.93" CONTENT="praktiskt"/><SP WIDTH="15" VPOS="266" HPOS="949"/>
							<String ID="string_32" HPOS="964" VPOS="272" WIDTH="37" HEIGHT="15" WC="0.93" CONTENT="an-"/>
						</TextLine>
						<TextLine ID="line_4" HPOS="178" VPOS="294" WIDTH="824" HEIGHT="29">
							<String ID="string_33" HPOS="178" VPOS="296" WIDTH="69" HEIGHT="21" WC="0.96" CONTENT="vända"/><SP WIDTH="20" VPOS="296" HPOS="247"/>
							<String ID="string_34" HPOS="267" VPOS="296" WIDTH="62" HEIGHT="22" WC="0.96" CONTENT="dessa"/><SP WIDTH="16" VPOS="296" HPOS="329"/>
							<String ID="string_35" HPOS="345" VPOS="296" WIDTH="111" HEIGHT="27" WC="0.94" CONTENT="principer."/><SP WIDTH="30" VPOS="296" HPOS="456"/>
							<String ID="string_36" HPOS="486" VPOS="296" WIDTH="11" HEIGHT="21" WC="0.94" CONTENT="I"/><SP WIDTH="15" VPOS="296" HPOS="497"/>
							<String ID="string_37" HPOS="512" VPOS="296" WIDTH="64" HEIGHT="27" WC="0.95" CONTENT="öfrigt"/><SP WIDTH="15" VPOS="296" HPOS="576"/>
							<String ID="string_38" HPOS="591" VPOS="294" WIDTH="123" HEIGHT="23" WC="0.96" CONTENT="hemställer"/><SP WIDTH="12" VPOS="294" HPOS="714"/>
							<String ID="string_39" HPOS="726" VPOS="295" WIDTH="43" HEIGHT="27" WC="0.96" CONTENT="jag,"/><SP WIDTH="16" VPOS="295" HPOS="769"/>
							<String ID="string_40" HPOS="785" VPOS="294" WIDTH="105" HEIGHT="22" WC="0.96" CONTENT="huruvida"/><SP WIDTH="14" VPOS="294" HPOS="890"/>
							<String ID="string_41" HPOS="904" VPOS="294" WIDTH="54" HEIGHT="26" WC="0.96" CONTENT="icke,"/><SP WIDTH="16" VPOS="294" HPOS="958"/>
							<String ID="string_42" HPOS="974" VPOS="294" WIDTH="28" HEIGHT="21" WC="0.96" CONTENT="då"/>
						</TextLine>
						<TextLine ID="line_5" HPOS="177" VPOS="310" WIDTH="825" HEIGHT="42">
							<String ID="string_43" HPOS="177" VPOS="326" WIDTH="134" HEIGHT="26" WC="0.95" CONTENT="principerna"/><SP WIDTH="14" VPOS="326" HPOS="311"/>
							<String ID="string_44" HPOS="325" VPOS="327" WIDTH="37" HEIGHT="19" WC="0.96" CONTENT="äro"/><SP WIDTH="17" VPOS="327" HPOS="362"/>
							<String ID="string_45" HPOS="379" VPOS="325" WIDTH="23" HEIGHT="21" WC="0.96" CONTENT="så"/><SP WIDTH="16" VPOS="325" HPOS="402"/>
							<String ID="string_46" HPOS="418" VPOS="325" WIDTH="145" HEIGHT="21" WC="0.95" CONTENT="uttömmande"/><SP WIDTH="16" VPOS="325" HPOS="563"/>
							<String ID="string_47" HPOS="579" VPOS="324" WIDTH="40" HEIGHT="22" WC="0.96" CONTENT="och"/><SP WIDTH="14" VPOS="324" HPOS="619"/>
							<String ID="string_48" HPOS="633" VPOS="324" WIDTH="108" HEIGHT="26" WC="0.96" CONTENT="grundligt"/><SP WIDTH="16" VPOS="324" HPOS="741"/>
							<String ID="string_49" HPOS="757" VPOS="324" WIDTH="144" HEIGHT="25" WC="0.96" CONTENT="diskuterade,"/><SP WIDTH="15" VPOS="324" HPOS="901"/>
							<String ID="string_50" HPOS="916" VPOS="310" WIDTH="86" HEIGHT="34" WC="0.96" CONTENT="ståndet"/>
						</TextLine>
						<TextLine ID="line_6" HPOS="177" VPOS="352" WIDTH="662" HEIGHT="28">
							<String ID="string_51" HPOS="177" VPOS="354" WIDTH="49" HEIGHT="21" WC="0.93" CONTENT="ville"/><SP WIDTH="17" VPOS="354" HPOS="226"/>
							<String ID="string_52" HPOS="243" VPOS="353" WIDTH="87" HEIGHT="27" WC="0.92" CONTENT="öfvergå"/><SP WIDTH="15" VPOS="353" HPOS="330"/>
							<String ID="string_53" HPOS="345" VPOS="354" WIDTH="33" HEIGHT="21" WC="0.96" CONTENT="till"/><SP WIDTH="16" VPOS="354" HPOS="378"/>
							<String ID="string_54" HPOS="394" VPOS="360" WIDTH="24" HEIGHT="14" WC="0.96" CONTENT="en"/><SP WIDTH="17" VPOS="360" HPOS="418"/>
							<String ID="string_55" HPOS="435" VPOS="354" WIDTH="120" HEIGHT="21" WC="0.96" CONTENT="diskussion"/><SP WIDTH="15" VPOS="354" HPOS="555"/>
							<String ID="string_56" HPOS="570" VPOS="352" WIDTH="101" HEIGHT="28" WC="0.96" CONTENT="paragraf"/><SP WIDTH="14" VPOS="352" HPOS="671"/>
							<String ID="string_57" HPOS="685" VPOS="352" WIDTH="32" HEIGHT="22" WC="0.96" CONTENT="för"/><SP WIDTH="14" VPOS="352" HPOS="717"/>
							<String ID="string_58" HPOS="731" VPOS="352" WIDTH="108" HEIGHT="27" WC="0.96" CONTENT="paragraf."/>
						</TextLine>
					</TextBlock>
				</ComposedBlock>
				<ComposedBlock ID="cblock_3" HPOS="177" VPOS="408" WIDTH="825" HEIGHT="87">
					<TextBlock ID="block_2" HPOS="177" VPOS="408" WIDTH="825" HEIGHT="87">
						<TextLine ID="line_7" HPOS="249" VPOS="408" WIDTH="752" HEIGHT="29">
							<String ID="string_59" HPOS="249" VPOS="411" WIDTH="145" HEIGHT="26" WC="0.92" CONTENT="Domprosten"/><SP WIDTH="22" VPOS="411" HPOS="394"/>
							<String ID="string_60" HPOS="416" VPOS="411" WIDTH="71" HEIGHT="26" WC="0.96" CONTENT="Borg"/><SP WIDTH="21" VPOS="411" HPOS="487"/>
							<String ID="string_61" HPOS="508" VPOS="410" WIDTH="95" HEIGHT="22" WC="0.96" CONTENT="uttalade"/><SP WIDTH="22" VPOS="410" HPOS="603"/>
							<String ID="string_62" HPOS="625" VPOS="410" WIDTH="32" HEIGHT="26" WC="0.96" CONTENT="sig"/><SP WIDTH="21" VPOS="410" HPOS="657"/>
							<String ID="string_63" HPOS="678" VPOS="410" WIDTH="32" HEIGHT="20" WC="0.96" CONTENT="för"/><SP WIDTH="15" VPOS="410" HPOS="710"/>
							<String ID="string_64" HPOS="725" VPOS="410" WIDTH="26" HEIGHT="21" WC="0.93" CONTENT="de"/><SP WIDTH="16" VPOS="410" HPOS="751"/>
							<String ID="string_65" HPOS="767" VPOS="410" WIDTH="86" HEIGHT="26" WC="0.91" CONTENT="åsigter,"/><SP WIDTH="17" VPOS="410" HPOS="853"/>
							<String ID="string_66" HPOS="870" VPOS="415" WIDTH="46" HEIGHT="15" WC="0.96" CONTENT="som"/><SP WIDTH="14" VPOS="415" HPOS="916"/>
							<String ID="string_67" HPOS="930" VPOS="408" WIDTH="71" HEIGHT="22" WC="0.95" CONTENT="blifvit"/>
						</TextLine>
						<TextLine ID="line_8" HPOS="177" VPOS="438" WIDTH="825" HEIGHT="28">
							<String ID="string_68" HPOS="177" VPOS="440" WIDTH="85" HEIGHT="26" WC="0.96" CONTENT="yttrade"/><SP WIDTH="18" VPOS="440" HPOS="262"/>
							<String ID="string_69" HPOS="280" VPOS="439" WIDTH="23" HEIGHT="21" WC="0.96" CONTENT="af"/><SP WIDTH="13" VPOS="439" HPOS="303"/>
							<String ID="string_70" HPOS="316" VPOS="439" WIDTH="109" HEIGHT="27" WC="0.96" CONTENT="professor"/><SP WIDTH="15" VPOS="439" HPOS="425"/>
							<String ID="string_71" HPOS="440" VPOS="440" WIDTH="102" HEIGHT="20" WC="0.96" CONTENT="Forsman"/><SP WIDTH="15" VPOS="440" HPOS="542"/>
							<String ID="string_72" HPOS="557" VPOS="439" WIDTH="40" HEIGHT="21" WC="0.96" CONTENT="och"/><SP WIDTH="16" VPOS="439" HPOS="597"/>
							<String ID="string_73" HPOS="613" VPOS="439" WIDTH="77" HEIGHT="21" WC="0.93" CONTENT="doktor"/><SP WIDTH="16" VPOS="439" HPOS="690"/>
							<String ID="string_74" HPOS="706" VPOS="438" WIDTH="115" HEIGHT="28" WC="0.92" CONTENT="Hornborg"/><SP WIDTH="15" VPOS="438" HPOS="821"/>
							<String ID="string_75" HPOS="836" VPOS="440" WIDTH="55" HEIGHT="19" WC="0.96" CONTENT="samt"/><SP WIDTH="16" VPOS="440" HPOS="891"/>
							<String ID="string_76" HPOS="907" VPOS="438" WIDTH="95" HEIGHT="21" WC="0.96" CONTENT="önskade"/>
						</TextLine>
						<TextLine ID="line_9" HPOS="178" VPOS="468" WIDTH="411" HEIGHT="27">
							<String ID="string_77" HPOS="178" VPOS="468" WIDTH="123" HEIGHT="22" WC="0.96" CONTENT="diskussion"/><SP WIDTH="15" VPOS="468" HPOS="301"/>
							<String ID="string_78" HPOS="316" VPOS="468" WIDTH="104" HEIGHT="27" WC="0.96" CONTENT="paragraf"/><SP WIDTH="14" VPOS="468" HPOS="420"/>
							<String ID="string_79" HPOS="434" VPOS="468" WIDTH="33" HEIGHT="21" WC="0.96" CONTENT="för"/><SP WIDTH="15" VPOS="468" HPOS="467"/>
							<String ID="string_80" HPOS="482" VPOS="468" WIDTH="107" HEIGHT="26" WC="0.91" CONTENT="paragraf."/>
						</TextLine>
					</TextBlock>
				</ComposedBlock>
				<ComposedBlock ID="cblock_4" HPOS="179" VPOS="524" WIDTH="825" HEIGHT="882">
					<TextBlock ID="block_3" HPOS="179" VPOS="524" WIDTH="825" HEIGHT="769">
						<TextLine ID="line_10" HPOS="248" VPOS="524" WIDTH="754" HEIGHT="27">
							<String ID="string_81" HPOS="248" VPOS="525" WIDTH="90" HEIGHT="21" WC="0.96" CONTENT="Prosten"/><SP WIDTH="23" VPOS="525" HPOS="338"/>
							<String ID="string_82" HPOS="361" VPOS="524" WIDTH="171" HEIGHT="27" WC="0.95" CONTENT="Dahlberg:"/><SP WIDTH="23" VPOS="524" HPOS="532"/>
							<String ID="string_83" HPOS="555" VPOS="524" WIDTH="46" HEIGHT="22" WC="0.96" CONTENT="Här"/><SP WIDTH="19" VPOS="524" HPOS="601"/>
							<String ID="string_84" HPOS="620" VPOS="524" WIDTH="62" HEIGHT="21" WC="0.96" CONTENT="hafva"/><SP WIDTH="15" VPOS="524" HPOS="682"/>
							<String ID="string_85" HPOS="697" VPOS="524" WIDTH="75" HEIGHT="26" WC="0.96" CONTENT="många"/><SP WIDTH="15" VPOS="524" HPOS="772"/>
							<String ID="string_86" HPOS="787" VPOS="524" WIDTH="65" HEIGHT="21" WC="0.96" CONTENT="värde"/><SP WIDTH="15" VPOS="524" HPOS="852"/>
							<String ID="string_87" HPOS="867" VPOS="524" WIDTH="67" HEIGHT="21" WC="0.93" CONTENT="talare"/><SP WIDTH="16" VPOS="524" HPOS="934"/>
							<String ID="string_88" HPOS="950" VPOS="530" WIDTH="52" HEIGHT="20" WC="0.93" CONTENT="upp-"/>
						</TextLine>
						<TextLine ID="line_11" HPOS="179" VPOS="552" WIDTH="824" HEIGHT="23">
							<String ID="string_89" HPOS="179" VPOS="554" WIDTH="59" HEIGHT="20" WC="0.91" CONTENT="trädt"/><SP WIDTH="16" VPOS="554" HPOS="238"/>
							<String ID="string_90" HPOS="254" VPOS="554" WIDTH="39" HEIGHT="21" WC="0.93" CONTENT="och"/><SP WIDTH="15" VPOS="554" HPOS="293"/>
							<String ID="string_91" HPOS="308" VPOS="554" WIDTH="100" HEIGHT="20" WC="0.91" CONTENT="klandrat"/><SP WIDTH="15" VPOS="554" HPOS="408"/>
							<String ID="string_92" HPOS="423" VPOS="554" WIDTH="115" HEIGHT="20" WC="0.96" CONTENT="utskottets"/><SP WIDTH="15" VPOS="554" HPOS="538"/>
							<String ID="string_93" HPOS="553" VPOS="553" WIDTH="134" HEIGHT="21" WC="0.96" CONTENT="betänkande"/><SP WIDTH="15" VPOS="553" HPOS="687"/>
							<String ID="string_94" HPOS="702" VPOS="552" WIDTH="33" HEIGHT="22" WC="0.96" CONTENT="för"/><SP WIDTH="15" VPOS="552" HPOS="735"/>
							<String ID="string_95" HPOS="750" VPOS="554" WIDTH="32" HEIGHT="20" WC="0.96" CONTENT="att"/><SP WIDTH="11" VPOS="554" HPOS="782"/>
							<String ID="string_96" HPOS="793" VPOS="552" WIDTH="36" HEIGHT="21" WC="0.96" CONTENT="det"/><SP WIDTH="11" VPOS="552" HPOS="829"/>
							<String ID="string_97" HPOS="840" VPOS="552" WIDTH="47" HEIGHT="21" WC="0.96" CONTENT="icke"/><SP WIDTH="10" VPOS="552" HPOS="887"/>
							<String ID="string_98" HPOS="897" VPOS="552" WIDTH="39" HEIGHT="21" WC="0.96" CONTENT="har"/><SP WIDTH="13" VPOS="552" HPOS="936"/>
							<String ID="string_99" HPOS="949" VPOS="552" WIDTH="54" HEIGHT="21" WC="0.96" CONTENT="varit"/>
						</TextLine>
						<TextLine ID="line_12" HPOS="179" VPOS="580" WIDTH="823" HEIGHT="28">
							<String ID="string_100" HPOS="179" VPOS="582" WIDTH="82" HEIGHT="26" WC="0.96" CONTENT="fyndigt"/><SP WIDTH="22" VPOS="582" HPOS="261"/>
							<String ID="string_101" HPOS="283" VPOS="588" WIDTH="42" HEIGHT="20" WC="0.96" CONTENT="nog"/><SP WIDTH="22" VPOS="588" HPOS="325"/>
							<String ID="string_102" HPOS="347" VPOS="584" WIDTH="33" HEIGHT="18" WC="0.93" CONTENT="att"/><SP WIDTH="20" VPOS="584" HPOS="380"/>
							<String ID="string_103" HPOS="400" VPOS="582" WIDTH="90" HEIGHT="21" WC="0.91" CONTENT="uttänka"/><SP WIDTH="15" VPOS="582" HPOS="490"/>
							<String ID="string_104" HPOS="505" VPOS="584" WIDTH="88" HEIGHT="24" WC="0.92" CONTENT="utvägar"/><SP WIDTH="16" VPOS="584" HPOS="593"/>
							<String ID="string_105" HPOS="609" VPOS="581" WIDTH="6" HEIGHT="21" WC="0.96" CONTENT="i"/><SP WIDTH="16" VPOS="581" HPOS="615"/>
							<String ID="string_106" HPOS="631" VPOS="581" WIDTH="69" HEIGHT="21" WC="0.96" CONTENT="denna"/><SP WIDTH="14" VPOS="581" HPOS="700"/>
							<String ID="string_107" HPOS="714" VPOS="580" WIDTH="67" HEIGHT="27" WC="0.96" CONTENT="fråga,"/><SP WIDTH="16" VPOS="580" HPOS="781"/>
							<String ID="string_108" HPOS="797" VPOS="587" WIDTH="45" HEIGHT="15" WC="0.96" CONTENT="som"/><SP WIDTH="15" VPOS="587" HPOS="842"/>
							<String ID="string_109" HPOS="857" VPOS="582" WIDTH="25" HEIGHT="20" WC="0.96" CONTENT="är"/><SP WIDTH="15" VPOS="582" HPOS="882"/>
							<String ID="string_110" HPOS="897" VPOS="587" WIDTH="26" HEIGHT="15" WC="0.97" CONTENT="en"/><SP WIDTH="15" VPOS="587" HPOS="923"/>
							<String ID="string_111" HPOS="938" VPOS="580" WIDTH="64" HEIGHT="22" WC="0.96" CONTENT="bland"/>
						</TextLine>
						<TextLine ID="line_13" HPOS="180" VPOS="609" WIDTH="822" HEIGHT="27">
							<String ID="string_112" HPOS="180" VPOS="611" WIDTH="26" HEIGHT="20" WC="0.96" CONTENT="de"/><SP WIDTH="22" VPOS="611" HPOS="206"/>
							<String ID="string_113" HPOS="228" VPOS="613" WIDTH="55" HEIGHT="19" WC="0.93" CONTENT="mest"/><SP WIDTH="22" VPOS="613" HPOS="283"/>
							<String ID="string_114" HPOS="305" VPOS="610" WIDTH="111" HEIGHT="22" WC="0.91" CONTENT="svårlösta."/><SP WIDTH="30" VPOS="610" HPOS="416"/>
							<String ID="string_115" HPOS="446" VPOS="610" WIDTH="31" HEIGHT="20" WC="0.96" CONTENT="De"/><SP WIDTH="22" VPOS="610" HPOS="477"/>
							<String ID="string_116" HPOS="499" VPOS="610" WIDTH="64" HEIGHT="21" WC="0.95" CONTENT="hafva"/><SP WIDTH="21" VPOS="610" HPOS="563"/>
							<String ID="string_117" HPOS="584" VPOS="609" WIDTH="56" HEIGHT="27" WC="0.94" CONTENT="gjort"/><SP WIDTH="23" VPOS="609" HPOS="640"/>
							<String ID="string_118" HPOS="663" VPOS="610" WIDTH="47" HEIGHT="20" WC="0.96" CONTENT="sina"/><SP WIDTH="21" VPOS="610" HPOS="710"/>
							<String ID="string_119" HPOS="731" VPOS="609" WIDTH="86" HEIGHT="27" WC="0.96" CONTENT="förslag,"/><SP WIDTH="18" VPOS="609" HPOS="817"/>
							<String ID="string_120" HPOS="835" VPOS="615" WIDTH="48" HEIGHT="15" WC="0.96" CONTENT="men"/><SP WIDTH="16" VPOS="615" HPOS="883"/>
							<String ID="string_121" HPOS="899" VPOS="610" WIDTH="25" HEIGHT="20" WC="0.96" CONTENT="de"/><SP WIDTH="16" VPOS="610" HPOS="924"/>
							<String ID="string_122" HPOS="940" VPOS="610" WIDTH="62" HEIGHT="21" WC="0.96" CONTENT="hafva"/>
						</TextLine>
						<TextLine ID="line_14" HPOS="179" VPOS="638" WIDTH="823" HEIGHT="26">
							<String ID="string_123" HPOS="179" VPOS="638" WIDTH="42" HEIGHT="22" WC="0.96" CONTENT="alla"/><SP WIDTH="23" VPOS="638" HPOS="221"/>
							<String ID="string_124" HPOS="244" VPOS="639" WIDTH="7" HEIGHT="20" WC="0.96" CONTENT="i"/><SP WIDTH="22" VPOS="639" HPOS="251"/>
							<String ID="string_125" HPOS="273" VPOS="645" WIDTH="45" HEIGHT="15" WC="0.96" CONTENT="mer"/><SP WIDTH="23" VPOS="645" HPOS="318"/>
							<String ID="string_126" HPOS="341" VPOS="638" WIDTH="51" HEIGHT="21" WC="0.96" CONTENT="eller"/><SP WIDTH="15" VPOS="638" HPOS="392"/>
							<String ID="string_127" HPOS="407" VPOS="639" WIDTH="82" HEIGHT="21" WC="0.96" CONTENT="mindre"/><SP WIDTH="15" VPOS="639" HPOS="489"/>
							<String ID="string_128" HPOS="504" VPOS="640" WIDTH="67" HEIGHT="20" WC="0.96" CONTENT="måtto"/><SP WIDTH="16" VPOS="640" HPOS="571"/>
							<String ID="string_129" HPOS="587" VPOS="638" WIDTH="133" HEIGHT="26" WC="0.93" CONTENT="misslyckats"/><SP WIDTH="15" VPOS="638" HPOS="720"/>
							<String ID="string_130" HPOS="735" VPOS="638" WIDTH="52" HEIGHT="20" WC="0.87" CONTENT="deri."/><SP WIDTH="31" VPOS="638" HPOS="787"/>
							<String ID="string_131" HPOS="818" VPOS="638" WIDTH="61" HEIGHT="21" WC="0.96" CONTENT="Hvad"/><SP WIDTH="16" VPOS="638" HPOS="879"/>
							<String ID="string_132" HPOS="895" VPOS="638" WIDTH="107" HEIGHT="26" WC="0.96" CONTENT="professor"/>
						</TextLine>
						<TextLine ID="line_15" HPOS="179" VPOS="666" WIDTH="824" HEIGHT="27">
							<String ID="string_133" HPOS="179" VPOS="667" WIDTH="116" HEIGHT="21" WC="0.92" CONTENT="Forsmans"/><SP WIDTH="22" VPOS="667" HPOS="295"/>
							<String ID="string_134" HPOS="317" VPOS="666" WIDTH="79" HEIGHT="27" WC="0.88" CONTENT="åsigter"/><SP WIDTH="22" VPOS="666" HPOS="396"/>
							<String ID="string_135" HPOS="418" VPOS="667" WIDTH="106" HEIGHT="26" WC="0.96" CONTENT="beträffar,"/><SP WIDTH="23" VPOS="667" HPOS="524"/>
							<String ID="string_136" HPOS="547" VPOS="668" WIDTH="62" HEIGHT="25" WC="0.96" CONTENT="gillar"/><SP WIDTH="19" VPOS="668" HPOS="609"/>
							<String ID="string_137" HPOS="628" VPOS="666" WIDTH="37" HEIGHT="27" WC="0.96" CONTENT="jag"/><SP WIDTH="23" VPOS="666" HPOS="665"/>
							<String ID="string_138" HPOS="688" VPOS="666" WIDTH="47" HEIGHT="22" WC="0.95" CONTENT="dem"/><SP WIDTH="23" VPOS="666" HPOS="735"/>
							<String ID="string_139" HPOS="758" VPOS="666" WIDTH="128" HEIGHT="26" WC="0.95" CONTENT="fullkomligt"/><SP WIDTH="22" VPOS="666" HPOS="886"/>
							<String ID="string_140" HPOS="908" VPOS="667" WIDTH="40" HEIGHT="21" WC="0.96" CONTENT="och"/><SP WIDTH="15" VPOS="667" HPOS="948"/>
							<String ID="string_141" HPOS="963" VPOS="667" WIDTH="40" HEIGHT="21" WC="0.95" CONTENT="har"/>
						</TextLine>
						<TextLine ID="line_16" HPOS="180" VPOS="694" WIDTH="822" HEIGHT="28">
							<String ID="string_142" HPOS="180" VPOS="696" WIDTH="65" HEIGHT="21" WC="0.96" CONTENT="också"/><SP WIDTH="22" VPOS="696" HPOS="245"/>
							<String ID="string_143" HPOS="267" VPOS="696" WIDTH="6" HEIGHT="21" WC="0.96" CONTENT="i"/><SP WIDTH="24" VPOS="696" HPOS="273"/>
							<String ID="string_144" HPOS="297" VPOS="696" WIDTH="105" HEIGHT="21" WC="0.96" CONTENT="utskottet"/><SP WIDTH="23" VPOS="696" HPOS="402"/>
							<String ID="string_145" HPOS="425" VPOS="696" WIDTH="79" HEIGHT="21" WC="0.96" CONTENT="uttalat"/><SP WIDTH="23" VPOS="696" HPOS="504"/>
							<String ID="string_146" HPOS="527" VPOS="696" WIDTH="42" HEIGHT="26" WC="0.96" CONTENT="mig"/><SP WIDTH="15" VPOS="696" HPOS="569"/>
							<String ID="string_147" HPOS="584" VPOS="696" WIDTH="6" HEIGHT="21" WC="0.96" CONTENT="i"/><SP WIDTH="15" VPOS="696" HPOS="590"/>
							<String ID="string_148" HPOS="605" VPOS="701" WIDTH="82" HEIGHT="15" WC="0.95" CONTENT="samma"/><SP WIDTH="15" VPOS="701" HPOS="687"/>
							<String ID="string_149" HPOS="702" VPOS="695" WIDTH="60" HEIGHT="27" WC="0.96" CONTENT="syfte,"/><SP WIDTH="17" VPOS="695" HPOS="762"/>
							<String ID="string_150" HPOS="779" VPOS="702" WIDTH="47" HEIGHT="14" WC="0.96" CONTENT="men"/><SP WIDTH="16" VPOS="702" HPOS="826"/>
							<String ID="string_151" HPOS="842" VPOS="694" WIDTH="36" HEIGHT="22" WC="0.96" CONTENT="vill"/><SP WIDTH="15" VPOS="694" HPOS="878"/>
							<String ID="string_152" HPOS="893" VPOS="695" WIDTH="109" HEIGHT="26" WC="0.96" CONTENT="anmärka,"/>
						</TextLine>
						<TextLine ID="line_17" HPOS="180" VPOS="724" WIDTH="822" HEIGHT="26">
							<String ID="string_153" HPOS="180" VPOS="726" WIDTH="33" HEIGHT="20" WC="0.96" CONTENT="att"/><SP WIDTH="15" VPOS="726" HPOS="213"/>
							<String ID="string_154" HPOS="228" VPOS="724" WIDTH="54" HEIGHT="21" WC="0.96" CONTENT="hans"/><SP WIDTH="15" VPOS="724" HPOS="282"/>
							<String ID="string_155" HPOS="297" VPOS="725" WIDTH="79" HEIGHT="25" WC="0.96" CONTENT="förslag"/><SP WIDTH="18" VPOS="725" HPOS="376"/>
							<String ID="string_156" HPOS="394" VPOS="724" WIDTH="46" HEIGHT="22" WC="0.93" CONTENT="icke"/><SP WIDTH="17" VPOS="724" HPOS="440"/>
							<String ID="string_157" HPOS="457" VPOS="724" WIDTH="67" HEIGHT="21" WC="0.96" CONTENT="heller"/><SP WIDTH="15" VPOS="724" HPOS="524"/>
							<String ID="string_158" HPOS="539" VPOS="726" WIDTH="23" HEIGHT="19" WC="0.96" CONTENT="är"/><SP WIDTH="15" VPOS="726" HPOS="562"/>
							<String ID="string_159" HPOS="577" VPOS="724" WIDTH="49" HEIGHT="21" WC="0.96" CONTENT="fullt"/><SP WIDTH="15" VPOS="724" HPOS="626"/>
							<String ID="string_160" HPOS="641" VPOS="724" WIDTH="153" HEIGHT="25" WC="0.96" CONTENT="uttömmande,"/><SP WIDTH="15" VPOS="724" HPOS="794"/>
							<String ID="string_161" HPOS="809" VPOS="726" WIDTH="22" HEIGHT="24" WC="0.96" CONTENT="ty"/><SP WIDTH="16" VPOS="726" HPOS="831"/>
							<String ID="string_162" HPOS="847" VPOS="730" WIDTH="34" HEIGHT="15" WC="0.96" CONTENT="om"/><SP WIDTH="15" VPOS="730" HPOS="881"/>
							<String ID="string_163" HPOS="896" VPOS="724" WIDTH="20" HEIGHT="20" WC="0.96" CONTENT="vi"/><SP WIDTH="16" VPOS="724" HPOS="916"/>
							<String ID="string_164" HPOS="932" VPOS="724" WIDTH="70" HEIGHT="24" WC="0.96" CONTENT="också,"/>
						</TextLine>
						<TextLine ID="line_18" HPOS="180" VPOS="752" WIDTH="822" HEIGHT="27">
							<String ID="string_165" HPOS="180" VPOS="752" WIDTH="70" HEIGHT="22" WC="0.96" CONTENT="såsom"/><SP WIDTH="23" VPOS="752" HPOS="250"/>
							<String ID="string_166" HPOS="273" VPOS="753" WIDTH="42" HEIGHT="21" WC="0.95" CONTENT="han"/><SP WIDTH="23" VPOS="753" HPOS="315"/>
							<String ID="string_167" HPOS="338" VPOS="752" WIDTH="96" HEIGHT="25" WC="0.96" CONTENT="föreslår,"/><SP WIDTH="22" VPOS="752" HPOS="434"/>
							<String ID="string_168" HPOS="456" VPOS="752" WIDTH="49" HEIGHT="26" WC="0.93" CONTENT="höja"/><SP WIDTH="23" VPOS="752" HPOS="505"/>
							<String ID="string_169" HPOS="528" VPOS="752" WIDTH="186" HEIGHT="27" WC="0.90" CONTENT="skjutspenningen"/><SP WIDTH="16" VPOS="752" HPOS="714"/>
							<String ID="string_170" HPOS="730" VPOS="752" WIDTH="32" HEIGHT="21" WC="0.96" CONTENT="till"/><SP WIDTH="16" VPOS="752" HPOS="762"/>
							<String ID="string_171" HPOS="778" VPOS="752" WIDTH="40" HEIGHT="21" WC="0.96" CONTENT="den"/><SP WIDTH="16" VPOS="752" HPOS="818"/>
							<String ID="string_172" HPOS="834" VPOS="752" WIDTH="56" HEIGHT="27" WC="0.96" CONTENT="höjd,"/><SP WIDTH="16" VPOS="752" HPOS="890"/>
							<String ID="string_173" HPOS="906" VPOS="754" WIDTH="33" HEIGHT="19" WC="0.95" CONTENT="att"/><SP WIDTH="15" VPOS="754" HPOS="939"/>
							<String ID="string_174" HPOS="954" VPOS="759" WIDTH="48" HEIGHT="15" WC="0.96" CONTENT="man"/>
						</TextLine>
						<TextLine ID="line_19" HPOS="180" VPOS="781" WIDTH="822" HEIGHT="27">
							<String ID="string_175" HPOS="180" VPOS="787" WIDTH="63" HEIGHT="15" WC="0.86" CONTENT="anser"/><SP WIDTH="22" VPOS="787" HPOS="243"/>
							<String ID="string_176" HPOS="265" VPOS="782" WIDTH="40" HEIGHT="20" WC="0.93" CONTENT="den"/><SP WIDTH="23" VPOS="782" HPOS="305"/>
							<String ID="string_177" HPOS="328" VPOS="781" WIDTH="124" HEIGHT="26" WC="0.90" CONTENT="skjutsande"/><SP WIDTH="19" VPOS="781" HPOS="452"/>
							<String ID="string_178" HPOS="471" VPOS="781" WIDTH="72" HEIGHT="21" WC="0.96" CONTENT="kunna"/><SP WIDTH="15" VPOS="781" HPOS="543"/>
							<String ID="string_179" HPOS="558" VPOS="781" WIDTH="63" HEIGHT="21" WC="0.93" CONTENT="blifva"/><SP WIDTH="16" VPOS="781" HPOS="621"/>
							<String ID="string_180" HPOS="637" VPOS="781" WIDTH="133" HEIGHT="27" WC="0.92" CONTENT="temmeligen"/><SP WIDTH="16" VPOS="781" HPOS="770"/>
							<String ID="string_181" HPOS="786" VPOS="781" WIDTH="34" HEIGHT="20" WC="0.95" CONTENT="väl"/><SP WIDTH="16" VPOS="781" HPOS="820"/>
							<String ID="string_182" HPOS="836" VPOS="782" WIDTH="68" HEIGHT="20" WC="0.95" CONTENT="ersatt"/><SP WIDTH="15" VPOS="782" HPOS="904"/>
							<String ID="string_183" HPOS="919" VPOS="781" WIDTH="33" HEIGHT="21" WC="0.96" CONTENT="för"/><SP WIDTH="15" VPOS="781" HPOS="952"/>
							<String ID="string_184" HPOS="967" VPOS="782" WIDTH="35" HEIGHT="20" WC="0.96" CONTENT="det"/>
						</TextLine>
						<TextLine ID="line_20" HPOS="180" VPOS="809" WIDTH="823" HEIGHT="27">
							<String ID="string_185" HPOS="180" VPOS="810" WIDTH="77" HEIGHT="21" WC="0.96" CONTENT="besvär"/><SP WIDTH="22" VPOS="810" HPOS="257"/>
							<String ID="string_186" HPOS="279" VPOS="810" WIDTH="42" HEIGHT="21" WC="0.96" CONTENT="han"/><SP WIDTH="22" VPOS="810" HPOS="321"/>
							<String ID="string_187" HPOS="343" VPOS="812" WIDTH="68" HEIGHT="24" WC="0.96" CONTENT="utgör,"/><SP WIDTH="15" VPOS="812" HPOS="411"/>
							<String ID="string_188" HPOS="426" VPOS="810" WIDTH="72" HEIGHT="20" WC="0.96" CONTENT="kunna"/><SP WIDTH="16" VPOS="810" HPOS="498"/>
							<String ID="string_189" HPOS="514" VPOS="810" WIDTH="53" HEIGHT="20" WC="0.96" CONTENT="dock"/><SP WIDTH="16" VPOS="810" HPOS="567"/>
							<String ID="string_190" HPOS="583" VPOS="809" WIDTH="160" HEIGHT="21" WC="0.96" CONTENT="förhållandena"/><SP WIDTH="16" VPOS="809" HPOS="743"/>
							<String ID="string_191" HPOS="759" VPOS="810" WIDTH="27" HEIGHT="25" WC="0.96" CONTENT="på"/><SP WIDTH="16" VPOS="810" HPOS="786"/>
							<String ID="string_192" HPOS="802" VPOS="816" WIDTH="25" HEIGHT="14" WC="0.96" CONTENT="en"/><SP WIDTH="18" VPOS="816" HPOS="827"/>
							<String ID="string_193" HPOS="845" VPOS="810" WIDTH="25" HEIGHT="21" WC="0.96" CONTENT="10"/><SP WIDTH="16" VPOS="810" HPOS="870"/>
							<String ID="string_194" HPOS="886" VPOS="809" WIDTH="24" HEIGHT="21" WC="0.96" CONTENT="år"/><SP WIDTH="15" VPOS="809" HPOS="910"/>
							<String ID="string_195" HPOS="925" VPOS="810" WIDTH="78" HEIGHT="21" WC="0.96" CONTENT="ändras"/>
						</TextLine>
						<TextLine ID="line_21" HPOS="182" VPOS="838" WIDTH="821" HEIGHT="27">
							<String ID="string_196" HPOS="182" VPOS="838" WIDTH="39" HEIGHT="22" WC="0.96" CONTENT="och"/><SP WIDTH="16" VPOS="838" HPOS="221"/>
							<String ID="string_197" HPOS="237" VPOS="839" WIDTH="40" HEIGHT="21" WC="0.96" CONTENT="den"/><SP WIDTH="15" VPOS="839" HPOS="277"/>
							<String ID="string_198" HPOS="292" VPOS="844" WIDTH="29" HEIGHT="15" WC="0.96" CONTENT="nu"/><SP WIDTH="15" VPOS="844" HPOS="321"/>
							<String ID="string_199" HPOS="336" VPOS="838" WIDTH="113" HEIGHT="27" WC="0.96" CONTENT="tillräcklig"/><SP WIDTH="15" VPOS="838" HPOS="449"/>
							<String ID="string_200" HPOS="464" VPOS="838" WIDTH="94" HEIGHT="21" WC="0.93" CONTENT="ansedda"/><SP WIDTH="15" VPOS="838" HPOS="558"/>
							<String ID="string_201" HPOS="573" VPOS="838" WIDTH="129" HEIGHT="26" WC="0.92" CONTENT="skjutslegan"/><SP WIDTH="17" VPOS="838" HPOS="702"/>
							<String ID="string_202" HPOS="719" VPOS="844" WIDTH="50" HEIGHT="14" WC="0.96" CONTENT="vara"/><SP WIDTH="16" VPOS="844" HPOS="769"/>
							<String ID="string_203" HPOS="785" VPOS="838" WIDTH="34" HEIGHT="21" WC="0.96" CONTENT="för"/><SP WIDTH="14" VPOS="838" HPOS="819"/>
							<String ID="string_204" HPOS="833" VPOS="838" WIDTH="66" HEIGHT="27" WC="0.93" CONTENT="ringa."/><SP WIDTH="27" VPOS="838" HPOS="899"/>
							<String ID="string_205" HPOS="926" VPOS="838" WIDTH="77" HEIGHT="22" WC="0.92" CONTENT="Derför"/>
						</TextLine>
						<TextLine ID="line_22" HPOS="181" VPOS="866" WIDTH="821" HEIGHT="27">
							<String ID="string_206" HPOS="181" VPOS="873" WIDTH="63" HEIGHT="15" WC="0.96" CONTENT="anser"/><SP WIDTH="19" VPOS="873" HPOS="244"/>
							<String ID="string_207" HPOS="263" VPOS="867" WIDTH="38" HEIGHT="26" WC="0.96" CONTENT="jag"/><SP WIDTH="22" VPOS="867" HPOS="301"/>
							<String ID="string_208" HPOS="323" VPOS="870" WIDTH="32" HEIGHT="18" WC="0.96" CONTENT="att"/><SP WIDTH="21" VPOS="870" HPOS="355"/>
							<String ID="string_209" HPOS="376" VPOS="873" WIDTH="48" HEIGHT="15" WC="0.96" CONTENT="man"/><SP WIDTH="15" VPOS="873" HPOS="424"/>
							<String ID="string_210" HPOS="439" VPOS="867" WIDTH="33" HEIGHT="21" WC="0.96" CONTENT="väl"/><SP WIDTH="16" VPOS="867" HPOS="472"/>
							<String ID="string_211" HPOS="488" VPOS="866" WIDTH="39" HEIGHT="22" WC="0.96" CONTENT="bör"/><SP WIDTH="15" VPOS="866" HPOS="527"/>
							<String ID="string_212" HPOS="542" VPOS="866" WIDTH="54" HEIGHT="22" WC="0.95" CONTENT="efter"/><SP WIDTH="15" VPOS="866" HPOS="596"/>
							<String ID="string_213" HPOS="611" VPOS="866" WIDTH="78" HEIGHT="22" WC="0.92" CONTENT="doktor"/><SP WIDTH="15" VPOS="866" HPOS="689"/>
							<String ID="string_214" HPOS="704" VPOS="867" WIDTH="105" HEIGHT="26" WC="0.91" CONTENT="Lampéns"/><SP WIDTH="15" VPOS="867" HPOS="809"/>
							<String ID="string_215" HPOS="824" VPOS="866" WIDTH="98" HEIGHT="27" WC="0.96" CONTENT="yttrande"/><SP WIDTH="16" VPOS="866" HPOS="922"/>
							<String ID="string_216" HPOS="938" VPOS="867" WIDTH="64" HEIGHT="21" WC="0.96" CONTENT="tänka"/>
						</TextLine>
						<TextLine ID="line_23" HPOS="181" VPOS="895" WIDTH="821" HEIGHT="27">
							<String ID="string_217" HPOS="181" VPOS="896" WIDTH="27" HEIGHT="26" WC="0.96" CONTENT="på"/><SP WIDTH="25" VPOS="896" HPOS="208"/>
							<String ID="string_218" HPOS="233" VPOS="896" WIDTH="140" HEIGHT="26" WC="0.96" CONTENT="entreprenad"/><SP WIDTH="26" VPOS="896" HPOS="373"/>
							<String ID="string_219" HPOS="399" VPOS="896" WIDTH="39" HEIGHT="20" WC="0.96" CONTENT="och"/><SP WIDTH="25" VPOS="896" HPOS="438"/>
							<String ID="string_220" HPOS="463" VPOS="896" WIDTH="35" HEIGHT="20" WC="0.92" CONTENT="vid"/><SP WIDTH="29" VPOS="896" HPOS="498"/>
							<String ID="string_221" HPOS="527" VPOS="895" WIDTH="281" HEIGHT="27" WC="0.91" CONTENT="entreprenadauktionerna"/><SP WIDTH="29" VPOS="895" HPOS="808"/>
							<String ID="string_222" HPOS="837" VPOS="895" WIDTH="117" HEIGHT="21" WC="0.96" CONTENT="bestämma"/><SP WIDTH="23" VPOS="895" HPOS="954"/>
							<String ID="string_223" HPOS="977" VPOS="902" WIDTH="25" HEIGHT="14" WC="0.96" CONTENT="en"/>
						</TextLine>
						<TextLine ID="line_24" HPOS="181" VPOS="923" WIDTH="821" HEIGHT="29">
							<String ID="string_224" HPOS="181" VPOS="926" WIDTH="69" HEIGHT="19" WC="0.92" CONTENT="större"/><SP WIDTH="23" VPOS="926" HPOS="250"/>
							<String ID="string_225" HPOS="273" VPOS="924" WIDTH="161" HEIGHT="28" WC="0.91" CONTENT="skjutspenning"/><SP WIDTH="22" VPOS="924" HPOS="434"/>
							<String ID="string_226" HPOS="456" VPOS="926" WIDTH="26" HEIGHT="19" WC="0.96" CONTENT="än"/><SP WIDTH="23" VPOS="926" HPOS="482"/>
							<String ID="string_227" HPOS="505" VPOS="924" WIDTH="104" HEIGHT="21" WC="0.96" CONTENT="utskottet"/><SP WIDTH="15" VPOS="924" HPOS="609"/>
							<String ID="string_228" HPOS="624" VPOS="923" WIDTH="94" HEIGHT="22" WC="0.95" CONTENT="föreslår."/><SP WIDTH="30" VPOS="923" HPOS="718"/>
							<String ID="string_229" HPOS="748" VPOS="924" WIDTH="50" HEIGHT="21" WC="0.96" CONTENT="Man"/><SP WIDTH="19" VPOS="924" HPOS="798"/>
							<String ID="string_230" HPOS="817" VPOS="924" WIDTH="34" HEIGHT="20" WC="0.95" CONTENT="må"/><SP WIDTH="18" VPOS="924" HPOS="851"/>
							<String ID="string_231" HPOS="869" VPOS="926" WIDTH="49" HEIGHT="25" WC="0.95" CONTENT="taga"/><SP WIDTH="16" VPOS="926" HPOS="918"/>
							<String ID="string_232" HPOS="934" VPOS="926" WIDTH="68" HEIGHT="24" WC="0.96" CONTENT="steget"/>
						</TextLine>
						<TextLine ID="line_25" HPOS="181" VPOS="952" WIDTH="822" HEIGHT="28">
							<String ID="string_233" HPOS="181" VPOS="952" WIDTH="49" HEIGHT="22" WC="0.86" CONTENT="fullt"/><SP WIDTH="21" VPOS="952" HPOS="230"/>
							<String ID="string_234" HPOS="251" VPOS="955" WIDTH="25" HEIGHT="18" WC="0.92" CONTENT="ut"/><SP WIDTH="15" VPOS="955" HPOS="276"/>
							<String ID="string_235" HPOS="291" VPOS="953" WIDTH="39" HEIGHT="21" WC="0.96" CONTENT="och"/><SP WIDTH="19" VPOS="953" HPOS="330"/>
							<String ID="string_236" HPOS="349" VPOS="954" WIDTH="37" HEIGHT="20" WC="0.96" CONTENT="der"/><SP WIDTH="15" VPOS="954" HPOS="386"/>
							<String ID="string_237" HPOS="401" VPOS="959" WIDTH="25" HEIGHT="15" WC="0.96" CONTENT="en"/><SP WIDTH="16" VPOS="959" HPOS="426"/>
							<String ID="string_238" HPOS="442" VPOS="953" WIDTH="139" HEIGHT="27" WC="0.96" CONTENT="entreprenad"/><SP WIDTH="16" VPOS="953" HPOS="581"/>
							<String ID="string_239" HPOS="597" VPOS="953" WIDTH="77" HEIGHT="27" WC="0.96" CONTENT="lyckas,"/><SP WIDTH="17" VPOS="953" HPOS="674"/>
							<String ID="string_240" HPOS="691" VPOS="952" WIDTH="48" HEIGHT="27" WC="0.92" CONTENT="höja"/><SP WIDTH="15" VPOS="952" HPOS="739"/>
							<String ID="string_241" HPOS="754" VPOS="952" WIDTH="131" HEIGHT="28" WC="0.92" CONTENT="skjutslegan"/><SP WIDTH="15" VPOS="952" HPOS="885"/>
							<String ID="string_242" HPOS="900" VPOS="953" WIDTH="55" HEIGHT="21" WC="0.96" CONTENT="ända"/><SP WIDTH="15" VPOS="953" HPOS="955"/>
							<String ID="string_243" HPOS="970" VPOS="953" WIDTH="33" HEIGHT="21" WC="0.96" CONTENT="till"/>
						</TextLine>
						<TextLine ID="line_26" HPOS="182" VPOS="980" WIDTH="820" HEIGHT="28">
							<String ID="string_244" HPOS="182" VPOS="982" WIDTH="36" HEIGHT="20" WC="0.96" CONTENT="två"/><SP WIDTH="22" VPOS="982" HPOS="218"/>
							<String ID="string_245" HPOS="240" VPOS="982" WIDTH="66" HEIGHT="20" WC="0.90" CONTENT="mark."/><SP WIDTH="32" VPOS="982" HPOS="306"/>
							<String ID="string_246" HPOS="338" VPOS="982" WIDTH="64" HEIGHT="20" WC="0.94" CONTENT="Detta"/><SP WIDTH="22" VPOS="982" HPOS="402"/>
							<String ID="string_247" HPOS="424" VPOS="981" WIDTH="92" HEIGHT="27" WC="0.96" CONTENT="föreslog"/><SP WIDTH="20" VPOS="981" HPOS="516"/>
							<String ID="string_248" HPOS="536" VPOS="981" WIDTH="36" HEIGHT="27" WC="0.96" CONTENT="jag"/><SP WIDTH="22" VPOS="981" HPOS="572"/>
							<String ID="string_249" HPOS="594" VPOS="982" WIDTH="6" HEIGHT="20" WC="0.96" CONTENT="i"/><SP WIDTH="20" VPOS="982" HPOS="600"/>
							<String ID="string_250" HPOS="620" VPOS="981" WIDTH="111" HEIGHT="24" WC="0.96" CONTENT="utskottet,"/><SP WIDTH="15" VPOS="981" HPOS="731"/>
							<String ID="string_251" HPOS="746" VPOS="987" WIDTH="48" HEIGHT="15" WC="0.96" CONTENT="men"/><SP WIDTH="10" VPOS="987" HPOS="794"/>
							<String ID="string_252" HPOS="804" VPOS="981" WIDTH="33" HEIGHT="22" WC="0.96" CONTENT="då"/><SP WIDTH="13" VPOS="981" HPOS="837"/>
							<String ID="string_253" HPOS="850" VPOS="982" WIDTH="36" HEIGHT="26" WC="0.96" CONTENT="jag"/><SP WIDTH="15" VPOS="982" HPOS="886"/>
							<String ID="string_254" HPOS="901" VPOS="981" WIDTH="47" HEIGHT="21" WC="0.96" CONTENT="icke"/><SP WIDTH="15" VPOS="981" HPOS="948"/>
							<String ID="string_255" HPOS="963" VPOS="980" WIDTH="39" HEIGHT="22" WC="0.95" CONTENT="fick"/>
						</TextLine>
						<TextLine ID="line_27" HPOS="182" VPOS="1010" WIDTH="822" HEIGHT="26">
							<String ID="string_256" HPOS="182" VPOS="1010" WIDTH="65" HEIGHT="26" WC="0.95" CONTENT="något"/><SP WIDTH="15" VPOS="1010" HPOS="247"/>
							<String ID="string_257" HPOS="262" VPOS="1010" WIDTH="92" HEIGHT="21" WC="0.91" CONTENT="medhäll"/><SP WIDTH="16" VPOS="1010" HPOS="354"/>
							<String ID="string_258" HPOS="370" VPOS="1011" WIDTH="32" HEIGHT="21" WC="0.96" CONTENT="för"/><SP WIDTH="15" VPOS="1011" HPOS="402"/>
							<String ID="string_259" HPOS="417" VPOS="1010" WIDTH="67" HEIGHT="22" WC="0.96" CONTENT="denna"/><SP WIDTH="16" VPOS="1010" HPOS="484"/>
							<String ID="string_260" HPOS="500" VPOS="1016" WIDTH="89" HEIGHT="19" WC="0.93" CONTENT="summa,"/><SP WIDTH="15" VPOS="1016" HPOS="589"/>
							<String ID="string_261" HPOS="604" VPOS="1010" WIDTH="90" HEIGHT="26" WC="0.92" CONTENT="nedgick"/><SP WIDTH="13" VPOS="1010" HPOS="694"/>
							<String ID="string_262" HPOS="707" VPOS="1010" WIDTH="37" HEIGHT="26" WC="0.96" CONTENT="jag"/><SP WIDTH="15" VPOS="1010" HPOS="744"/>
							<String ID="string_263" HPOS="759" VPOS="1010" WIDTH="32" HEIGHT="21" WC="0.96" CONTENT="till"/><SP WIDTH="16" VPOS="1010" HPOS="791"/>
							<String ID="string_264" HPOS="807" VPOS="1010" WIDTH="40" HEIGHT="21" WC="0.96" CONTENT="den"/><SP WIDTH="16" VPOS="1010" HPOS="847"/>
							<String ID="string_265" HPOS="863" VPOS="1010" WIDTH="22" HEIGHT="21" WC="0.96" CONTENT="af"/><SP WIDTH="14" VPOS="1010" HPOS="885"/>
							<String ID="string_266" HPOS="899" VPOS="1010" WIDTH="105" HEIGHT="22" WC="0.96" CONTENT="utskottet"/>
						</TextLine>
						<TextLine ID="line_28" HPOS="182" VPOS="1038" WIDTH="821" HEIGHT="28">
							<String ID="string_267" HPOS="182" VPOS="1038" WIDTH="113" HEIGHT="22" WC="0.93" CONTENT="förordade"/><SP WIDTH="22" VPOS="1038" HPOS="295"/>
							<String ID="string_268" HPOS="317" VPOS="1040" WIDTH="61" HEIGHT="25" WC="0.92" CONTENT="legan"/><SP WIDTH="24" VPOS="1040" HPOS="378"/>
							<String ID="string_269" HPOS="402" VPOS="1040" WIDTH="18" HEIGHT="20" WC="0.95" CONTENT="1:"/><SP WIDTH="16" VPOS="1040" HPOS="420"/>
							<String ID="string_270" HPOS="436" VPOS="1040" WIDTH="26" HEIGHT="20" WC="0.93" CONTENT="60"/><SP WIDTH="23" VPOS="1040" HPOS="462"/>
							<String ID="string_271" HPOS="485" VPOS="1039" WIDTH="63" HEIGHT="27" WC="0.96" CONTENT="penni"/><SP WIDTH="22" VPOS="1039" HPOS="548"/>
							<String ID="string_272" HPOS="570" VPOS="1045" WIDTH="37" HEIGHT="21" WC="0.96" CONTENT="per"/><SP WIDTH="16" VPOS="1045" HPOS="607"/>
							<String ID="string_273" HPOS="623" VPOS="1040" WIDTH="35" HEIGHT="20" WC="0.96" CONTENT="mil"/><SP WIDTH="17" VPOS="1040" HPOS="658"/>
							<String ID="string_274" HPOS="675" VPOS="1038" WIDTH="38" HEIGHT="22" WC="0.96" CONTENT="och"/><SP WIDTH="16" VPOS="1038" HPOS="713"/>
							<String ID="string_275" HPOS="729" VPOS="1039" WIDTH="32" HEIGHT="21" WC="0.93" CONTENT="för"/><SP WIDTH="16" VPOS="1039" HPOS="761"/>
							<String ID="string_276" HPOS="777" VPOS="1039" WIDTH="70" HEIGHT="27" WC="0.93" CONTENT="öfrigt,"/><SP WIDTH="16" VPOS="1039" HPOS="847"/>
							<String ID="string_277" HPOS="863" VPOS="1040" WIDTH="19" HEIGHT="20" WC="0.92" CONTENT="d."/><SP WIDTH="16" VPOS="1040" HPOS="882"/>
							<String ID="string_278" HPOS="898" VPOS="1046" WIDTH="18" HEIGHT="14" WC="0.97" CONTENT="v."/><SP WIDTH="17" VPOS="1046" HPOS="916"/>
							<String ID="string_279" HPOS="933" VPOS="1046" WIDTH="15" HEIGHT="14" WC="0.96" CONTENT="s."/><SP WIDTH="17" VPOS="1046" HPOS="948"/>
							<String ID="string_280" HPOS="965" VPOS="1038" WIDTH="38" HEIGHT="22" WC="0.96" CONTENT="der"/>
						</TextLine>
						<TextLine ID="line_29" HPOS="182" VPOS="1067" WIDTH="821" HEIGHT="27">
							<String ID="string_281" HPOS="182" VPOS="1068" WIDTH="36" HEIGHT="21" WC="0.93" CONTENT="det"/><SP WIDTH="23" VPOS="1068" HPOS="218"/>
							<String ID="string_282" HPOS="241" VPOS="1068" WIDTH="46" HEIGHT="21" WC="0.90" CONTENT="icke"/><SP WIDTH="23" VPOS="1068" HPOS="287"/>
							<String ID="string_283" HPOS="310" VPOS="1068" WIDTH="41" HEIGHT="20" WC="0.93" CONTENT="kan"/><SP WIDTH="16" VPOS="1068" HPOS="351"/>
							<String ID="string_284" HPOS="367" VPOS="1068" WIDTH="33" HEIGHT="21" WC="0.92" CONTENT="fäs"/><SP WIDTH="15" VPOS="1068" HPOS="400"/>
							<String ID="string_285" HPOS="415" VPOS="1068" WIDTH="146" HEIGHT="26" WC="0.91" CONTENT="entreprenad,"/><SP WIDTH="16" VPOS="1068" HPOS="561"/>
							<String ID="string_286" HPOS="577" VPOS="1067" WIDTH="34" HEIGHT="21" WC="0.93" CONTENT="mä"/><SP WIDTH="16" VPOS="1067" HPOS="611"/>
							<String ID="string_287" HPOS="627" VPOS="1068" WIDTH="186" HEIGHT="26" WC="0.92" CONTENT="skjutspenningen"/><SP WIDTH="16" VPOS="1068" HPOS="813"/>
							<String ID="string_288" HPOS="829" VPOS="1068" WIDTH="60" HEIGHT="26" WC="0.92" CONTENT="höjas"/><SP WIDTH="15" VPOS="1068" HPOS="889"/>
							<String ID="string_289" HPOS="904" VPOS="1068" WIDTH="46" HEIGHT="20" WC="0.93" CONTENT="frän"/><SP WIDTH="17" VPOS="1068" HPOS="950"/>
							<String ID="string_290" HPOS="967" VPOS="1068" WIDTH="36" HEIGHT="21" WC="0.96" CONTENT="det"/>
						</TextLine>
						<TextLine ID="line_30" HPOS="182" VPOS="1096" WIDTH="821" HEIGHT="27">
							<String ID="string_291" HPOS="182" VPOS="1096" WIDTH="121" HEIGHT="21" WC="0.95" CONTENT="nuvarande"/><SP WIDTH="26" VPOS="1096" HPOS="303"/>
							<String ID="string_292" HPOS="329" VPOS="1096" WIDTH="32" HEIGHT="21" WC="0.95" CONTENT="till"/><SP WIDTH="24" VPOS="1096" HPOS="361"/>
							<String ID="string_293" HPOS="385" VPOS="1098" WIDTH="31" HEIGHT="19" WC="0.93" CONTENT="ett"/><SP WIDTH="24" VPOS="1098" HPOS="416"/>
							<String ID="string_294" HPOS="440" VPOS="1096" WIDTH="82" HEIGHT="27" WC="0.92" CONTENT="belopp,"/><SP WIDTH="26" VPOS="1096" HPOS="522"/>
							<String ID="string_295" HPOS="548" VPOS="1102" WIDTH="45" HEIGHT="15" WC="0.95" CONTENT="som"/><SP WIDTH="20" VPOS="1102" HPOS="593"/>
							<String ID="string_296" HPOS="613" VPOS="1096" WIDTH="44" HEIGHT="27" WC="0.93" CONTENT="just"/><SP WIDTH="20" VPOS="1096" HPOS="657"/>
							<String ID="string_297" HPOS="677" VPOS="1096" WIDTH="68" HEIGHT="26" WC="0.91" CONTENT="jemnt"/><SP WIDTH="22" VPOS="1096" HPOS="745"/>
							<String ID="string_298" HPOS="767" VPOS="1098" WIDTH="24" HEIGHT="20" WC="0.95" CONTENT="är"/><SP WIDTH="23" VPOS="1098" HPOS="791"/>
							<String ID="string_299" HPOS="814" VPOS="1096" WIDTH="148" HEIGHT="22" WC="0.96" CONTENT="motsvarande"/><SP WIDTH="16" VPOS="1096" HPOS="962"/>
							<String ID="string_300" HPOS="978" VPOS="1097" WIDTH="25" HEIGHT="21" WC="0.96" CONTENT="de"/>
						</TextLine>
						<TextLine ID="line_31" HPOS="183" VPOS="1125" WIDTH="820" HEIGHT="27">
							<String ID="string_301" HPOS="183" VPOS="1125" WIDTH="134" HEIGHT="26" WC="0.92" CONTENT="skjutsandes"/><SP WIDTH="24" VPOS="1125" HPOS="317"/>
							<String ID="string_302" HPOS="341" VPOS="1125" WIDTH="80" HEIGHT="21" WC="0.91" CONTENT="besvär."/><SP WIDTH="31" VPOS="1125" HPOS="421"/>
							<String ID="string_303" HPOS="452" VPOS="1125" WIDTH="93" HEIGHT="21" WC="0.95" CONTENT="Emedan"/><SP WIDTH="19" VPOS="1125" HPOS="545"/>
							<String ID="string_304" HPOS="564" VPOS="1125" WIDTH="37" HEIGHT="27" WC="0.96" CONTENT="jag"/><SP WIDTH="15" VPOS="1125" HPOS="601"/>
							<String ID="string_305" HPOS="616" VPOS="1125" WIDTH="105" HEIGHT="26" WC="0.93" CONTENT="nämligen"/><SP WIDTH="16" VPOS="1125" HPOS="721"/>
							<String ID="string_306" HPOS="737" VPOS="1125" WIDTH="46" HEIGHT="21" WC="0.96" CONTENT="icke"/><SP WIDTH="15" VPOS="1125" HPOS="783"/>
							<String ID="string_307" HPOS="798" VPOS="1125" WIDTH="81" HEIGHT="21" WC="0.93" CONTENT="kunnat"/><SP WIDTH="16" VPOS="1125" HPOS="879"/>
							<String ID="string_308" HPOS="895" VPOS="1126" WIDTH="52" HEIGHT="26" WC="0.95" CONTENT="hysa"/><SP WIDTH="15" VPOS="1126" HPOS="947"/>
							<String ID="string_309" HPOS="962" VPOS="1126" WIDTH="41" HEIGHT="20" WC="0.96" CONTENT="den"/>
						</TextLine>
						<TextLine ID="line_32" HPOS="183" VPOS="1153" WIDTH="820" HEIGHT="27">
							<String ID="string_310" HPOS="183" VPOS="1153" WIDTH="62" HEIGHT="27" WC="0.91" CONTENT="äsigt,"/><SP WIDTH="22" VPOS="1153" HPOS="245"/>
							<String ID="string_311" HPOS="267" VPOS="1155" WIDTH="32" HEIGHT="20" WC="0.93" CONTENT="att"/><SP WIDTH="20" VPOS="1155" HPOS="299"/>
							<String ID="string_312" HPOS="319" VPOS="1153" WIDTH="189" HEIGHT="27" WC="0.92" CONTENT="skjutshällningen"/><SP WIDTH="16" VPOS="1153" HPOS="508"/>
							<String ID="string_313" HPOS="524" VPOS="1154" WIDTH="58" HEIGHT="20" WC="0.96" CONTENT="öfver"/><SP WIDTH="17" VPOS="1154" HPOS="582"/>
							<String ID="string_314" HPOS="599" VPOS="1154" WIDTH="46" HEIGHT="20" WC="0.96" CONTENT="hela"/><SP WIDTH="16" VPOS="1154" HPOS="645"/>
							<String ID="string_315" HPOS="661" VPOS="1154" WIDTH="71" HEIGHT="20" WC="0.96" CONTENT="landet"/><SP WIDTH="15" VPOS="1154" HPOS="732"/>
							<String ID="string_316" HPOS="747" VPOS="1154" WIDTH="41" HEIGHT="20" WC="0.93" CONTENT="kan"/><SP WIDTH="17" VPOS="1154" HPOS="788"/>
							<String ID="string_317" HPOS="805" VPOS="1154" WIDTH="73" HEIGHT="20" WC="0.92" CONTENT="ställas"/><SP WIDTH="15" VPOS="1154" HPOS="878"/>
							<String ID="string_318" HPOS="893" VPOS="1154" WIDTH="27" HEIGHT="26" WC="0.93" CONTENT="pä"/><SP WIDTH="15" VPOS="1154" HPOS="920"/>
							<String ID="string_319" HPOS="935" VPOS="1156" WIDTH="68" HEIGHT="19" WC="0.92" CONTENT="entre-"/>
						</TextLine>
						<TextLine ID="line_33" HPOS="182" VPOS="1182" WIDTH="820" HEIGHT="26">
							<String ID="string_320" HPOS="182" VPOS="1182" WIDTH="87" HEIGHT="26" WC="0.90" CONTENT="prenad,"/><SP WIDTH="23" VPOS="1182" HPOS="269"/>
							<String ID="string_321" HPOS="292" VPOS="1188" WIDTH="61" HEIGHT="14" WC="0.96" CONTENT="anser"/><SP WIDTH="19" VPOS="1188" HPOS="353"/>
							<String ID="string_322" HPOS="372" VPOS="1182" WIDTH="37" HEIGHT="26" WC="0.96" CONTENT="jag"/><SP WIDTH="22" VPOS="1182" HPOS="409"/>
							<String ID="string_323" HPOS="431" VPOS="1184" WIDTH="33" HEIGHT="18" WC="0.96" CONTENT="att"/><SP WIDTH="15" VPOS="1184" HPOS="464"/>
							<String ID="string_324" HPOS="479" VPOS="1183" WIDTH="67" HEIGHT="20" WC="0.93" CONTENT="under"/><SP WIDTH="15" VPOS="1183" HPOS="546"/>
							<String ID="string_325" HPOS="561" VPOS="1182" WIDTH="80" HEIGHT="20" WC="0.92" CONTENT="sädana"/><SP WIDTH="14" VPOS="1182" HPOS="641"/>
							<String ID="string_326" HPOS="655" VPOS="1182" WIDTH="147" HEIGHT="21" WC="0.92" CONTENT="förhällanden"/><SP WIDTH="16" VPOS="1182" HPOS="802"/>
							<String ID="string_327" HPOS="818" VPOS="1182" WIDTH="130" HEIGHT="26" WC="0.91" CONTENT="skjutslegan"/><SP WIDTH="15" VPOS="1182" HPOS="948"/>
							<String ID="string_328" HPOS="963" VPOS="1182" WIDTH="39" HEIGHT="21" WC="0.96" CONTENT="bör"/>
						</TextLine>
						<TextLine ID="line_34" HPOS="183" VPOS="1210" WIDTH="819" HEIGHT="27">
							<String ID="string_329" HPOS="183" VPOS="1210" WIDTH="61" HEIGHT="26" WC="0.92" CONTENT="höjas"/><SP WIDTH="15" VPOS="1210" HPOS="244"/>
							<String ID="string_330" HPOS="259" VPOS="1210" WIDTH="33" HEIGHT="21" WC="0.96" CONTENT="till"/><SP WIDTH="16" VPOS="1210" HPOS="292"/>
							<String ID="string_331" HPOS="308" VPOS="1210" WIDTH="37" HEIGHT="21" WC="0.93" CONTENT="det"/><SP WIDTH="14" VPOS="1210" HPOS="345"/>
							<String ID="string_332" HPOS="359" VPOS="1210" WIDTH="83" HEIGHT="27" WC="0.90" CONTENT="belopp,"/><SP WIDTH="16" VPOS="1210" HPOS="442"/>
							<String ID="string_333" HPOS="458" VPOS="1216" WIDTH="44" HEIGHT="15" WC="0.96" CONTENT="som"/><SP WIDTH="16" VPOS="1216" HPOS="502"/>
							<String ID="string_334" HPOS="518" VPOS="1213" WIDTH="117" HEIGHT="18" WC="0.96" CONTENT="motsvarar"/><SP WIDTH="18" VPOS="1213" HPOS="635"/>
							<String ID="string_335" HPOS="653" VPOS="1210" WIDTH="39" HEIGHT="21" WC="0.92" CONTENT="den"/><SP WIDTH="18" VPOS="1210" HPOS="692"/>
							<String ID="string_336" HPOS="710" VPOS="1210" WIDTH="134" HEIGHT="26" WC="0.92" CONTENT="skjutsandes"/><SP WIDTH="17" VPOS="1210" HPOS="844"/>
							<String ID="string_337" HPOS="861" VPOS="1211" WIDTH="82" HEIGHT="25" WC="0.96" CONTENT="besvär,"/><SP WIDTH="12" VPOS="1211" HPOS="943"/>
							<String ID="string_338" HPOS="955" VPOS="1216" WIDTH="47" HEIGHT="16" WC="0.96" CONTENT="men"/>
						</TextLine>
						<TextLine ID="line_35" HPOS="184" VPOS="1238" WIDTH="817" HEIGHT="28">
							<String ID="string_339" HPOS="184" VPOS="1238" WIDTH="38" HEIGHT="21" WC="0.93" CONTENT="der"/><SP WIDTH="15" VPOS="1238" HPOS="222"/>
							<String ID="string_340" HPOS="237" VPOS="1239" WIDTH="167" HEIGHT="26" WC="0.92" CONTENT="entreprenaden"/><SP WIDTH="17" VPOS="1239" HPOS="404"/>
							<String ID="string_341" HPOS="421" VPOS="1239" WIDTH="41" HEIGHT="20" WC="0.93" CONTENT="kan"/><SP WIDTH="16" VPOS="1239" HPOS="462"/>
							<String ID="string_342" HPOS="478" VPOS="1239" WIDTH="90" HEIGHT="21" WC="0.92" CONTENT="erhällas"/><SP WIDTH="15" VPOS="1239" HPOS="568"/>
							<String ID="string_343" HPOS="583" VPOS="1240" WIDTH="35" HEIGHT="20" WC="0.93" CONTENT="mä"/><SP WIDTH="15" VPOS="1240" HPOS="618"/>
							<String ID="string_344" HPOS="633" VPOS="1238" WIDTH="129" HEIGHT="28" WC="0.92" CONTENT="skjutslegan"/><SP WIDTH="12" VPOS="1238" HPOS="762"/>
							<String ID="string_345" HPOS="774" VPOS="1239" WIDTH="61" HEIGHT="27" WC="0.93" CONTENT="höjas"/><SP WIDTH="12" VPOS="1239" HPOS="835"/>
							<String ID="string_346" HPOS="847" VPOS="1239" WIDTH="32" HEIGHT="21" WC="0.93" CONTENT="till"/><SP WIDTH="11" VPOS="1239" HPOS="879"/>
							<String ID="string_347" HPOS="890" VPOS="1238" WIDTH="35" HEIGHT="22" WC="0.93" CONTENT="tvä"/><SP WIDTH="11" VPOS="1238" HPOS="925"/>
							<String ID="string_348" HPOS="936" VPOS="1239" WIDTH="65" HEIGHT="25" WC="0.96" CONTENT="mark,"/>
						</TextLine>
						<TextLine ID="line_36" HPOS="184" VPOS="1266" WIDTH="269" HEIGHT="27">
							<String ID="string_349" HPOS="184" VPOS="1266" WIDTH="52" HEIGHT="22" WC="0.93" CONTENT="eller"/><SP WIDTH="15" VPOS="1266" HPOS="236"/>
							<String ID="string_350" HPOS="251" VPOS="1268" WIDTH="40" HEIGHT="20" WC="0.92" CONTENT="ock"/><SP WIDTH="16" VPOS="1268" HPOS="291"/>
							<String ID="string_351" HPOS="307" VPOS="1269" WIDTH="18" HEIGHT="19" WC="0.96" CONTENT="1:"/><SP WIDTH="16" VPOS="1269" HPOS="325"/>
							<String ID="string_352" HPOS="341" VPOS="1268" WIDTH="27" HEIGHT="20" WC="0.96" CONTENT="80"/><SP WIDTH="16" VPOS="1268" HPOS="368"/>
							<String ID="string_353" HPOS="384" VPOS="1267" WIDTH="69" HEIGHT="26" WC="0.96" CONTENT="penni."/>
						</TextLine>
					</TextBlock>
					<TextBlock ID="block_4" HPOS="183" VPOS="1295" WIDTH="820" HEIGHT="111">
						<TextLine ID="line_37" HPOS="252" VPOS="1295" WIDTH="750" HEIGHT="28">
							<String ID="string_354" HPOS="252" VPOS="1295" WIDTH="69" HEIGHT="21" WC="0.93" CONTENT="Sedan"/><SP WIDTH="24" VPOS="1295" HPOS="321"/>
							<String ID="string_355" HPOS="345" VPOS="1295" WIDTH="52" HEIGHT="21" WC="0.89" CONTENT="härä"/><SP WIDTH="15" VPOS="1295" HPOS="397"/>
							<String ID="string_356" HPOS="412" VPOS="1296" WIDTH="27" HEIGHT="26" WC="0.93" CONTENT="pä"/><SP WIDTH="15" VPOS="1296" HPOS="439"/>
							<String ID="string_357" HPOS="454" VPOS="1296" WIDTH="49" HEIGHT="20" WC="0.91" CONTENT="herr"/><SP WIDTH="15" VPOS="1296" HPOS="503"/>
							<String ID="string_358" HPOS="518" VPOS="1296" WIDTH="133" HEIGHT="21" WC="0.92" CONTENT="talmannens"/><SP WIDTH="15" VPOS="1296" HPOS="651"/>
							<String ID="string_359" HPOS="666" VPOS="1296" WIDTH="155" HEIGHT="27" WC="0.95" CONTENT="framställning"/><SP WIDTH="15" VPOS="1296" HPOS="821"/>
							<String ID="string_360" HPOS="836" VPOS="1296" WIDTH="70" HEIGHT="22" WC="0.96" CONTENT="beslut"/><SP WIDTH="15" VPOS="1296" HPOS="906"/>
							<String ID="string_361" HPOS="921" VPOS="1296" WIDTH="81" HEIGHT="26" WC="0.96" CONTENT="fattats,"/>
						</TextLine>
						<TextLine ID="line_38" HPOS="183" VPOS="1324" WIDTH="819" HEIGHT="28">
							<String ID="string_362" HPOS="183" VPOS="1325" WIDTH="33" HEIGHT="19" WC="0.93" CONTENT="att"/><SP WIDTH="14" VPOS="1325" HPOS="216"/>
							<String ID="string_363" HPOS="230" VPOS="1324" WIDTH="147" HEIGHT="21" WC="0.92" CONTENT="diskussionen"/><SP WIDTH="16" VPOS="1324" HPOS="377"/>
							<String ID="string_364" HPOS="393" VPOS="1324" WIDTH="56" HEIGHT="21" WC="0.93" CONTENT="skull"/><SP WIDTH="15" VPOS="1324" HPOS="449"/>
							<String ID="string_365" HPOS="464" VPOS="1324" WIDTH="92" HEIGHT="27" WC="0.92" CONTENT="försiggä"/><SP WIDTH="14" VPOS="1324" HPOS="556"/>
							<String ID="string_366" HPOS="570" VPOS="1324" WIDTH="102" HEIGHT="28" WC="0.93" CONTENT="paragraf"/><SP WIDTH="13" VPOS="1324" HPOS="672"/>
							<String ID="string_367" HPOS="685" VPOS="1324" WIDTH="34" HEIGHT="21" WC="0.93" CONTENT="för"/><SP WIDTH="15" VPOS="1324" HPOS="719"/>
							<String ID="string_368" HPOS="734" VPOS="1326" WIDTH="105" HEIGHT="25" WC="0.91" CONTENT="paragraf,"/><SP WIDTH="16" VPOS="1326" HPOS="839"/>
							<String ID="string_369" HPOS="855" VPOS="1325" WIDTH="81" HEIGHT="21" WC="0.93" CONTENT="afbröts"/><SP WIDTH="16" VPOS="1325" HPOS="936"/>
							<String ID="string_370" HPOS="952" VPOS="1326" WIDTH="50" HEIGHT="20" WC="0.91" CONTENT="den-"/>
						</TextLine>
						<TextLine ID="line_39" HPOS="183" VPOS="1352" WIDTH="820" HEIGHT="48">
							<String ID="string_371" HPOS="183" VPOS="1358" WIDTH="83" HEIGHT="15" WC="0.90" CONTENT="samma"/><SP WIDTH="14" VPOS="1358" HPOS="266"/>
							<String ID="string_372" HPOS="280" VPOS="1352" WIDTH="45" HEIGHT="24" WC="0.96" CONTENT="här,"/><SP WIDTH="16" VPOS="1352" HPOS="325"/>
							<String ID="string_373" HPOS="341" VPOS="1352" WIDTH="33" HEIGHT="21" WC="0.96" CONTENT="för"/><SP WIDTH="15" VPOS="1352" HPOS="374"/>
							<String ID="string_374" HPOS="389" VPOS="1354" WIDTH="32" HEIGHT="20" WC="0.92" CONTENT="att"/><SP WIDTH="16" VPOS="1354" HPOS="421"/>
							<String ID="string_375" HPOS="437" VPOS="1353" WIDTH="46" HEIGHT="21" WC="0.92" CONTENT="äter"/><SP WIDTH="16" VPOS="1353" HPOS="483"/>
							<String ID="string_376" HPOS="499" VPOS="1355" WIDTH="104" HEIGHT="25" WC="0.92" CONTENT="upptagas"/><SP WIDTH="14" VPOS="1355" HPOS="603"/>
							<String ID="string_377" HPOS="617" VPOS="1353" WIDTH="35" HEIGHT="47" WC="0.36" CONTENT="Sd"/><SP WIDTH="7" VPOS="1353" HPOS="652"/>
							<String ID="string_378" HPOS="659" VPOS="1355" WIDTH="70" HEIGHT="45" WC="0.69" CONTENT="nästa"/><SP WIDTH="16" VPOS="1355" HPOS="729"/>
							<String ID="string_379" HPOS="745" VPOS="1354" WIDTH="90" HEIGHT="25" WC="0.91" CONTENT="plenum,"/><SP WIDTH="16" VPOS="1354" HPOS="835"/>
							<String ID="string_380" HPOS="851" VPOS="1359" WIDTH="45" HEIGHT="16" WC="0.93" CONTENT="som"/><SP WIDTH="16" VPOS="1359" HPOS="896"/>
							<String ID="string_381" HPOS="912" VPOS="1356" WIDTH="91" HEIGHT="19" WC="0.92" CONTENT="utsattes"/>
						</TextLine>
						<TextLine ID="line_40" HPOS="184" VPOS="1380" WIDTH="455" HEIGHT="26">
							<String ID="string_382" HPOS="184" VPOS="1382" WIDTH="32" HEIGHT="18" WC="0.93" CONTENT="att"/><SP WIDTH="15" VPOS="1382" HPOS="216"/>
							<String ID="string_383" HPOS="231" VPOS="1383" WIDTH="49" HEIGHT="23" WC="0.92" CONTENT="taga"/><SP WIDTH="15" VPOS="1383" HPOS="280"/>
							<String ID="string_384" HPOS="295" VPOS="1382" WIDTH="32" HEIGHT="19" WC="0.96" CONTENT="sin"/><SP WIDTH="15" VPOS="1382" HPOS="327"/>
							<String ID="string_385" HPOS="342" VPOS="1380" WIDTH="74" HEIGHT="26" WC="0.96" CONTENT="början"/><SP WIDTH="16" VPOS="1380" HPOS="416"/>
							<String ID="string_386" HPOS="432" VPOS="1382" WIDTH="7" HEIGHT="19" WC="0.93" CONTENT="i"/><SP WIDTH="15" VPOS="1382" HPOS="439"/>
							<String ID="string_387" HPOS="454" VPOS="1381" WIDTH="73" HEIGHT="25" WC="0.93" CONTENT="lördag"/><SP WIDTH="16" VPOS="1381" HPOS="527"/>
							<String ID="string_388" HPOS="543" VPOS="1382" WIDTH="27" HEIGHT="20" WC="0.95" CONTENT="kl."/><SP WIDTH="18" VPOS="1382" HPOS="570"/>
							<String ID="string_389" HPOS="588" VPOS="1376" WIDTH="18" HEIGHT="35" WC="0.93" CONTENT="11"/><SP WIDTH="-2" VPOS="1376" HPOS="606"/>
							<String ID="string_390" HPOS="604" VPOS="1381" WIDTH="35" HEIGHT="19" WC="0.88" CONTENT="f."/>
						</TextLine>
					</TextBlock>
				</ComposedBlock>
				<GraphicalElement ID="cblock_5" HPOS="1082" VPOS="0" WIDTH="3" HEIGHT="385"></GraphicalElement >
			</PrintSpace>
		</Page>
	</Layout>
</alto>
