1086 1786
305 134 160 19 Presteståndet
477 136 55 17 1877.
555 136 27 17 23
595 136 92 17 oktober.
819 131 54 21 1569

83 202 258 28 löneregleringskomitén
362 210 26 15 en
403 204 88 26 instans,
507 210 44 15 som
567 210 48 15 man
631 204 35 21 vill
682 205 57 20 sätta
754 203 89 23 emellan
858 204 43 22 för-

82 231 142 26 samlingarna
244 232 40 21 och
299 233 62 20 deras
375 233 145 26 presterskap,
534 233 39 20 och
586 233 37 26 jag
637 234 25 19 är
677 232 22 21 af
713 233 41 20 den
769 233 85 25 tanken,
870 234 32 19 att

83 259 40 21 307
139 259 15 28 8
168 259 7 21 i
191 260 26 21 K.
232 259 24 22 L.
271 260 98 26 gällande
385 260 56 21 kraft
456 261 94 21 kommer
565 263 32 18 att
613 260 104 27 betydligt
731 261 127 24 modifieras,
872 261 28 26 ja,

83 287 105 21 måhända
206 288 126 26 elimineras,
355 295 33 14 om
411 288 85 22 ståndet
519 289 93 21 besluter
633 289 32 25 sig
687 289 33 20 för
740 289 119 25 antagande
881 288 23 21 af

82 316 61 20 dessa
161 315 105 22 komiteer
280 316 70 22 såsom
365 317 117 25 utgörande
498 323 25 15 en
538 316 186 27 förmedlingslänk
747 316 89 22 emellan
858 316 42 21 för-

83 344 143 26 samlingarna
249 344 39 22 och
312 345 129 27 regeringen.
471 345 71 27 Enligt
566 344 98 28 gällande
688 344 151 28 författningar
862 345 40 21 har

83 373 122 26 regeringen
221 373 76 21 hittills
312 373 82 21 direkte
404 373 106 22 meddelat
520 374 31 26 sig
562 374 47 20 med
619 372 176 28 församlingarna
804 374 7 20 i
824 373 77 27 kyrko-

83 403 96 24 stämma,
202 402 73 21 dervid
297 402 122 26 regeringen
442 402 38 21 har
501 402 46 22 haft
560 402 38 21 sitt
613 402 78 21 ombud
707 402 39 21 och
762 402 140 26 domkapitlet

82 430 59 21 ställt
163 433 31 19 ett
216 431 121 21 konsistorii
361 430 84 22 ombud.
474 431 40 26 Jag
533 433 51 25 tror,
603 432 32 20 att
650 430 26 21 de
691 430 209 22 förhandenvarande

83 458 186 28 bestämningarna
285 460 5 20 i
307 459 67 21 denna
389 459 59 27 fräga
462 461 37 19 äro
515 459 198 27 tillfyllestgörande
728 462 52 18 utan
790 462 31 19 att
831 461 70 25 nägon

84 488 65 20 sädan
165 488 87 25 instans,
271 494 44 15 som
331 488 39 21 här
384 488 96 26 föresläs,
496 490 65 19 sättes
576 488 6 20 i
598 487 72 22 stället
684 488 33 21 för
732 488 169 26 kyrkostämmas

86 516 125 26 befogenhet
226 518 32 19 att
272 515 84 23 besluta
368 516 5 21 i
385 516 125 22 hithörande
521 516 182 26 angelägenheter.
719 516 71 26 Enligt
800 516 102 27 förslaget

82 544 70 22 skulle
167 545 36 21 det
218 545 18 27 ej
252 551 51 15 vara
318 544 178 28 kyrkostämman,
511 551 44 15 som
571 544 68 22 skulle
653 551 52 15 vara
720 544 40 22 den
770 544 132 28 beslutande,

82 576 52 19 utan
156 573 172 27 kyrkostämman
351 573 68 22 skulle
440 574 75 21 endast
536 579 74 20 genom
627 580 25 15 en
669 574 110 25 delegerad
795 574 21 21 fä
832 574 69 21 utföra

82 602 32 21 sin
129 601 57 22 talan
202 601 6 21 i
224 602 69 21 denna
309 602 201 27 regleringskomit6,
518 603 27 26 pä
553 603 63 20 hvars
627 601 97 28 pröfning
735 602 36 21 det
781 602 120 22 sedermera

83 630 62 22 beror
167 632 33 19 att
220 633 52 24 taga
290 631 80 27 hänsyn
386 631 32 21 till
438 631 50 22 eller
500 631 46 21 icke
562 633 49 24 taga
626 631 81 26 hänsyn
722 630 31 22 till
769 631 133 26 kyrkostäm-

83 665 60 15 mans
158 659 110 22 utlåtande
282 659 7 21 i
304 659 81 28 frågan.
400 659 42 22 Det
457 661 24 20 är
496 666 26 15 en
537 659 23 22 sä
576 662 45 18 stor
635 659 64 23 makt,
710 665 44 16 som
764 659 137 22 tillerkännes

83 687 248 28 regleringskomitöerna
346 690 106 25 gentemot
468 688 178 27 kyrkostämman,
662 690 33 19 att
706 687 38 28 jag
753 694 62 15 anser
825 688 77 27 kyrko-

85 717 72 26 lagens
179 717 41 21 307
243 717 11 26 $
278 717 38 21 der
335 717 34 21 stä
389 717 7 21 i
417 719 66 25 vägen
499 717 39 22 och
553 719 32 19 att
599 717 20 21 vi
635 717 18 27 ej
669 719 37 19 äro
722 717 132 27 berättigade
870 719 32 20 att

85 745 84 22 besluta
184 745 111 22 införande
310 746 22 21 af
345 751 25 16 en
386 745 66 22 sådan
467 745 196 28 regleringskomit6
672 746 47 21 med
732 746 88 23 mindre,
830 748 27 19 än
870 748 32 19 att

84 773 178 28 församlingarna
282 773 21 22 fä
319 774 82 22 besluta
416 781 33 15 om
466 775 40 21 den
521 775 65 22 saken
601 775 7 20 i
623 775 124 26 lagstadgad
763 775 89 26 ordning
867 775 34 20 vid

83 803 131 27 kyrkomöte.

150 860 89 21 Prosten
256 860 149 27 Grönberg:
430 861 70 21 Jemte
516 861 35 21 det
564 860 36 27 jag
615 860 94 21 biträder
723 864 86 23 prosten
824 860 77 22 Johns-

83 894 48 15 sons
147 889 39 21 och
202 889 78 21 doktor
293 889 105 26 Lampens
413 889 95 21 uttalade
524 889 54 26 äsigt
593 889 38 21 ber
639 889 37 27 jag
686 889 56 21 blott
751 889 21 21 få
782 889 120 21 äterhemta

83 917 55 21 hvad
157 917 37 27 jag
216 918 64 20 redan
300 918 96 25 nämnde,
418 919 32 19 att
466 918 58 20 detta
538 919 94 19 moment
646 917 117 21 innehäller
778 923 25 15 en
818 917 84 26 mycket

84 945 91 21 svärlöst
197 946 82 27 uppgift
301 946 34 21 för
355 946 132 21 komitöerna
507 946 7 20 i
529 946 66 26 fråga,
611 946 88 21 emedan
715 945 39 22 den
769 946 132 26 förmedling,

83 980 46 15 som
144 974 40 21 här
199 974 96 27 omtalas,
311 974 18 27 ej
345 975 75 21 endast
435 974 63 21 berör
513 974 123 27 afgälderna
651 974 32 21 till
693 974 158 27 presterskapet
862 974 39 21 och

86 1005 123 24 pastorerne
226 1006 49 18 utan
291 1004 95 20 kommer
401 1003 61 21 äfven
478 1005 32 19 att
525 1003 80 21 drabba
617 1003 161 25 kronotionden;
789 1004 60 20 äfven
861 1003 40 21 den

83 1032 40 20 bör
138 1032 94 26 undergä
248 1038 25 14 en
288 1032 98 26 grundlig
401 1032 95 21 revision.
517 1032 30 26 Ty
562 1032 36 21 det
613 1032 42 21 blir
670 1031 82 27 obilligt
767 1033 39 24 att,
821 1038 34 14 om
871 1033 31 19 ett

83 1060 86 26 mantal,
188 1066 45 15 som
250 1060 38 21 har
302 1060 75 21 hittills
392 1060 68 22 betalt
476 1060 22 21 ät
512 1062 84 25 presten
613 1061 26 21 33
654 1060 82 27 kappar
750 1060 39 21 och
805 1060 97 21 däremot

83 1089 105 21 mähända
210 1089 56 21 varit
281 1088 92 22 befriadt
387 1088 46 22 frän
450 1089 28 21 all
492 1088 147 25 kronotionde,
655 1088 33 22 fär
703 1088 31 27 sig
749 1089 57 21 äsatt
821 1089 81 21 mindre

83 1117 240 27 betalningsskyldighet
345 1118 23 20 ät
390 1119 91 24 presten,
505 1119 24 19 sä
549 1117 146 21 efterskänkes
717 1117 45 21 helt
782 1117 38 21 och
836 1116 66 22 hället

84 1146 139 21 Ofverskottet
246 1146 22 21 åt
290 1146 149 21 innehafvaren
463 1145 21 21 af
505 1146 124 26 lägenheten
649 1145 38 21 och
709 1145 35 21 det
764 1145 138 21 öfverskottat

84 1174 93 21 hvälfves
193 1175 95 20 deremot
303 1175 26 26 pä
345 1176 31 19 ett
391 1177 65 18 annat
471 1174 85 26 mantal,
573 1180 45 15 som
633 1174 40 21 har
685 1174 44 21 haft
740 1174 80 21 mindre
832 1174 69 21 tertial

85 1204 32 19 att
131 1203 78 26 betala,
226 1209 48 15 men
289 1203 6 20 i
311 1203 36 21 det
362 1203 72 21 stället
449 1203 39 20 har
503 1203 67 26 erlagt
585 1203 23 20 ät
623 1203 88 20 kronan.
740 1203 41 26 Jag
795 1202 65 27 yrkar
875 1203 27 26 pä

84 1233 126 20 momentets
225 1231 111 26 utgäende.

152 1287 90 23 Prosten
257 1287 137 22 Johnsson:
425 1288 11 21 I
457 1287 61 28 fråga
538 1288 93 21 varande
652 1289 93 20 moment
768 1287 134 26 bestämmer,

85 1317 54 20 huru
161 1317 40 21 den
224 1317 32 20 till
279 1317 158 26 presterskapet
458 1317 105 25 utgående
585 1316 118 27 aflöningen
725 1315 54 22 skall
803 1315 99 25 fördelas,

85 1345 81 21 således
181 1345 148 26 fördelningen
343 1345 23 21 af
379 1345 125 26 aflöningen.
521 1345 31 21 En
569 1345 65 20 sådan
651 1345 59 26 fråga
725 1351 62 14 anser
800 1344 36 27 jag
852 1350 51 15 vara

85 1374 22 20 af
121 1374 40 21 den
177 1374 151 25 beskaffenhet,
344 1375 32 19 att
391 1374 35 21 det
441 1375 24 19 är
480 1373 181 26 församlingarna,
677 1379 44 15 som
738 1373 64 26 enligt
816 1372 13 29 &
844 1374 60 20 247
892 1368 15 37 i

85 1402 25 21 K.
128 1402 21 21 L.
167 1408 38 20 ega
220 1405 32 18 att
267 1402 117 21 bestämma
399 1402 78 21 derom.
494 1402 49 21 Man
559 1402 38 20 har
612 1404 54 23 sagt,
681 1404 32 19 att
728 1401 176 26 församlingarna

86 1430 117 21 bibehållas
218 1429 35 21 vid
268 1431 31 19 sin
315 1431 43 19 rätt
373 1431 38 20 och
428 1431 32 19 att
470 1429 62 22 dessa
544 1429 220 26 regleringskomitéer
775 1431 18 22 ej
802 1429 26 26 på
839 1429 65 26 något

86 1459 43 20 sätt
143 1459 51 26 göra
209 1458 84 26 intrång
308 1459 27 26 på
349 1457 185 26 församlingarnas
549 1460 49 18 rätt.
617 1457 40 27 Jag
673 1457 40 21 kan
729 1457 19 26 ej
760 1457 73 25 förstå,
849 1457 54 20 huru

85 1492 49 15 man
150 1487 53 21 skall
218 1486 98 27 uppfatta
330 1486 63 21 saken
409 1487 30 21 så.
469 1486 159 27 Församlingen
644 1485 39 21 har
698 1486 19 26 ej
732 1485 69 27 någon
817 1487 43 19 rätt
872 1487 32 19 att

85 1515 84 22 besluta
189 1522 34 15 om
238 1514 144 28 fördelningen
398 1514 22 22 af
433 1514 118 28 aflöningen
567 1514 89 22 emellan
672 1514 135 27 löntagarene
822 1514 40 22 och
877 1514 27 27 på

837 1554 33 18 100
