1086 1820
307 131 158 18 Presteståndet
479 133 53 16 1877.
556 133 12 16 9
581 133 87 16 oktober
814 127 54 21 1295

79 200 92 21 varande
186 200 39 22 och
240 200 46 21 från
301 200 84 21 hvilken
401 201 25 20 de
441 201 102 22 svårligen
560 207 87 15 numera
661 201 70 21 kunna
747 201 48 22 med
805 201 46 22 skäl
861 201 36 22 be-

78 229 57 21 frias.
164 229 32 21 De
216 229 83 22 komma
316 229 103 26 nämligen
436 231 31 20 att
482 229 69 22 betala
567 230 78 21 istället
660 230 32 21 för
706 230 46 27 fyra
767 231 79 26 kappar
861 231 36 20 två

77 257 88 27 kappar.
194 258 41 25 Jag
255 257 68 22 skulle
339 257 69 22 derför
423 259 107 20 vördsamt
544 258 118 25 hemställa,
678 258 103 21 huruvida
795 259 46 20 icke
856 259 40 20 den

79 287 9 19 1
105 287 47 25 &:en
176 285 70 22 kunde
267 288 87 25 antagas
369 287 6 20 i
391 286 214 22 öfverensstämmelse
621 286 47 21 med
684 286 39 21 den
739 287 111 20 redaktion
865 290 32 18 ut-

77 313 81 22 skottet
171 314 60 26 gifvit
246 314 125 22 densamma.

145 371 77 22 Pastor
245 371 98 22 Oller:
369 371 32 22 De
423 372 63 21 ärade
509 373 73 24 talare,
605 378 45 15 som
674 371 60 22 hafva
759 373 67 25 yttrat
844 371 52 27 sigi

77 399 68 22 denna
167 400 142 26 föreliggande
331 400 65 27 fräga,
417 401 73 26 tyckas
505 401 40 21 alla
561 407 49 14 vara
625 407 50 14 ense
690 401 80 22 derom,
785 402 32 19 att
832 400 65 27 tings-

77 429 123 26 gästningen
217 429 66 21 under
298 429 130 21 närvarande
443 429 31 21 tid
490 431 24 19 är
528 430 99 21 orättvist
642 429 39 21 och
697 429 82 26 obilligt
793 429 102 21 fördelad.

75 456 41 28 Jag
131 458 49 20 kom
196 457 73 22 härvid
285 460 31 18 att
331 457 53 22 fästa
403 458 41 21 min
462 458 118 27 synnerliga
600 457 186 27 uppmärksamhet
798 457 32 21 vid
841 457 56 21 hvad

76 489 85 24 prosten
177 486 104 21 Warelius
297 486 38 21 här
350 486 89 28 yttrade.
465 486 40 27 Jag
520 486 67 22 skulle
602 489 33 18 tro
651 488 31 19 att
698 492 32 15 om
742 492 25 15 en
780 487 117 26 omorgani-

76 515 69 21 sation
160 514 7 22 i
182 515 35 21 det
233 515 59 27 syfte,
308 521 45 15 som
368 515 39 21 här
422 515 116 27 föreligger,
555 516 104 26 nämligen
676 517 31 19 att
717 515 180 27 tingsgästningen

75 544 69 21 skulle
164 544 50 26 utgå
229 544 53 21 efter
297 544 119 26 grunderna
431 544 32 21 för
478 544 25 21 de
519 544 134 21 kommunala
669 543 142 27 utskylderna,
827 544 70 20 kunde

76 574 67 48 kia
167 573 40 20 den
229 578 154 21 gemensamma
406 574 78 25 tungan
506 572 67 22 skulle
596 572 63 21 blifva
678 572 165 21 rättvisare-och
858 572 39 21 bii-

84 607 63 21 igare.

144 657 153 27 Kyrkoherden
321 658 223 22 Fredriksson:
569 658 41 26 Jag
632 657 38 22 ber
685 659 32 19 att
732 656 21 23 fä
767 657 72 21 förena
855 657 41 26 mig

77 686 47 21 med
146 686 107 27 professor
274 686 102 22 Forsman
400 687 107 26 angäende
530 687 35 20 det
585 686 87 24 obilliga
688 686 74 25 deruti,
778 687 31 19 att
824 686 72 26 hvarje

75 715 98 27 inhysing
194 715 54 21 skall
263 715 81 21 kännas
359 715 81 27 skyldig
456 717 31 19 att
502 715 85 27 bidraga
602 715 32 20 till
651 714 200 26 häradshöfdingens
867 714 29 20 af-

75 744 78 26 löning.
184 744 41 20 Det
240 743 106 22 förefaller
361 744 42 26 mig
417 744 132 28 synnerligen
564 744 71 25 härdt,
652 750 32 14 om
701 749 26 15 nu
732 743 77 26 'hvarje
821 742 75 22 medel-

75 772 32 21 lös
123 772 54 22 enka
192 772 51 22 eller
257 772 84 27 inhyses
357 772 76 27 gvinna
448 772 55 22 blott
518 773 71 21 derför
603 774 33 18 att
652 772 42 20 hon
709 778 74 20 genom
794 778 102 20 sparsam-

76 801 36 21 het
127 801 39 21 och
181 800 73 22 arbete
270 801 38 21 har
323 801 80 27 lyckats
413 802 68 20 .timra
496 802 31 26 sig
542 807 25 15 en
582 800 116 26 nödtorftig
713 800 75 21 bostad
801 800 39 21 och
851 800 46 20 der-

76 830 32 21 till
124 830 64 21 också
202 829 40 22 har
256 830 81 21 kunnat
353 830 43 21 lösa
411 830 32 26 sig
458 836 25 15 en
500 830 49 20 liten
564 829 144 27 potatistäppa
722 829 7 21 i
745 829 38 21 och
795 830 45 20 med
853 829 43 20 det-

76 865 81 15 samma
178 858 54 22 skall
255 865 49 15 vara
325 858 81 28 skyldig
427 860 32 19 att
480 858 69 22 betala
564 858 46 22 sina
626 858 45 27 fyra
686 857 51 22 eller
752 857 31 21 lät
797 863 50 15 vara
861 857 36 21 tvä

76 888 81 26 kappar
179 887 32 21 till
234 887 107 21 domaren.
370 886 31 22 Pä
423 893 80 15 samma
525 889 42 19 sätt
583 887 39 21 den
638 886 114 21 medellöse
767 885 128 27 inhysingen.

75 915 41 28 Jag
137 917 35 19 vet
194 918 32 19 att
241 917 27 25 pä
283 917 76 24 mänga
374 915 76 21 ställen
465 916 6 20 i
488 916 45 20 värt
547 915 50 21 land
613 915 38 21 har
666 915 23 20 sä
704 914 145 27 praktiserats,
865 916 32 19 att

76 944 153 27 tingsgästning
245 944 38 21 har
298 945 69 26 utgätt
382 943 46 22 frän
444 943 70 28 hvarje
530 943 102 28 inhysing,
649 943 66 21 ehuru
730 943 36 21 det
775 943 46 21 icke
831 942 66 21 heller

76 974 24 19 är
122 973 43 26 mig
187 973 98 27 obekant,
308 975 32 19 att
362 973 35 21 det
419 972 67 22 finnes
504 972 152 26 församlingar,
672 972 36 21 der
723 971 59 22 detta
798 971 45 21 icke
858 971 39 21 har

77 1002 54 20 varit
145 1001 65 22 fallet.
241 1001 39 22 Ett
294 1002 75 21 sädant
384 1001 116 27 stadgande
516 1007 44 15 som
577 1001 65 26 detta,
658 1002 32 19 att
704 1000 71 26 hvarje
791 999 61 27 fattig
867 1000 30 20 in-

77 1030 74 28 hysing
175 1031 51 20 eller
249 1031 54 20 enka
325 1030 53 22 skall
393 1030 71 22 betala
479 1030 153 27 tingsgästning
648 1029 57 21 leder
720 1029 45 20 helt
780 1029 71 20 enkelt
865 1028 32 21 till

77 1059 55 22 hvad
148 1065 44 15 som
209 1059 46 22 icke
270 1062 24 19 är
309 1060 23 20 sä
347 1059 86 22 alldeles
449 1059 92 27 ovanligt
556 1059 27 26 pä
597 1058 167 27 landsbygderna
779 1059 32 20 att
821 1057 76 25 enkan,

77 1088 32 21 för
127 1090 32 19 att
174 1087 77 22 befrias
265 1089 47 21 frän
329 1088 39 21 den
383 1089 34 20 för
432 1088 68 21 henne
515 1087 115 28 tryckande
645 1087 92 26 afgiften,
752 1087 55 20 läter
822 1086 75 21 teckna

77 1117 32 26 sig
131 1117 68 22 såsom
222 1117 127 27 tjenstehjon
371 1117 27 27 pä
420 1119 31 19 ett
472 1119 48 25 torp
541 1116 52 22 eller
607 1116 98 21 hemman
720 1115 39 21 och
774 1115 123 27 inhysingen

77 1147 69 20 säsom
170 1146 105 27 spanmäls
296 1148 84 23 torpare
402 1145 52 22 eller
476 1145 99 22 statskarl
594 1145 51 20 eller
661 1144 31 21 till
707 1144 38 21 och
762 1143 46 22 med
824 1143 73 26 dräng.

77 1175 40 26 Jag
133 1175 40 21 kan
190 1175 69 21 derför
274 1175 46 21 icke
336 1175 32 20 för
383 1174 41 21 min
441 1174 32 21 del
489 1176 57 19 rösta
561 1174 32 21 för
607 1173 118 26 antagande
741 1171 22 22 af
776 1172 99 27 förslaget
890 1172 7 20 i

78 1204 68 21 denna
162 1204 40 21 del.
233 1203 68 22 Ocksä
317 1204 66 20 mäste
396 1203 43 27 jag,
455 1203 66 21 ehuru
534 1203 35 26 jag
585 1202 79 21 kanske
680 1202 72 20 derom
769 1201 40 20 blir
819 1207 78 19 ensam,

77 1234 101 19 motsätta
193 1231 43 27 mig
251 1231 100 26 förslaget
366 1231 6 21 i
388 1231 40 21 den
444 1231 67 24 delen,
522 1233 31 19 att
563 1231 64 21 ocksä
637 1229 144 22 ecklesiastika
793 1229 33 21 bol
837 1229 61 21 skola

77 1262 76 25 utgöra
175 1261 159 26 tingsgästning.
364 1259 40 27 Jag
425 1260 113 25 medgifver
552 1265 70 21 geroa,
639 1260 31 19 att
686 1259 35 20 det
736 1260 23 19 är
775 1265 25 14 en
816 1257 82 26 obillig-

77 1289 38 21 het
138 1291 32 19 att
190 1289 75 21 endast
288 1295 25 15 en
329 1288 33 22 del
378 1288 21 21 af
412 1288 147 27 befolkningen
574 1287 54 22 skall
645 1287 70 21 betala
729 1287 107 25 domaren,
852 1293 46 14 men

75 1317 36 28 jag
133 1324 63 15 anser
219 1317 35 22 det
275 1317 68 22 tillika
358 1323 50 16 vara
423 1317 21 22 af
458 1317 156 27 presterskapet
629 1315 73 22 oklokt
717 1317 31 20 att
763 1317 6 19 i
785 1315 68 21 denna
869 1314 30 21 tid

77 1347 73 25 afsäga
172 1347 31 26 sig
223 1346 124 28 privilegier,
370 1352 44 15 som
437 1346 116 21 detsamma
575 1345 46 21 frän
637 1345 106 20 urminnes
757 1344 30 21 tid
803 1345 36 19 äro
855 1343 42 21 till-

77 1371 70 38 lagda.
789 1396 6 6 N

146 1432 90 22 Prosten
251 1432 167 26 Bergroth:
442 1430 74 22 Ehuru
528 1431 36 26 jag
579 1432 23 20 är
617 1430 93 21 ledamot
723 1429 22 21 af
759 1429 35 21 det
809 1429 88 25 utskott,

79 1466 45 15 som
143 1460 39 22 har
197 1460 68 21 blifvit
279 1460 73 26 älagdt
367 1461 41 19 attt
422 1459 56 26 gifva
492 1458 134 22 betänkande
641 1458 108 25 angående
764 1458 39 19 den
820 1457 78 25 kejser-

79 1487 42 27 liga
143 1488 164 27 propositionen,
331 1486 67 22 skulle
419 1487 35 25 jag
476 1492 50 16 anse
548 1487 43 25 mig
605 1485 45 21 icke
666 1491 50 15 vara
730 1484 122 21 förhindrad
867 1485 32 31 att

79 1518 57 26 yttra
155 1516 42 27 mig
213 1516 78 27 derom,
308 1516 27 22 dä
347 1516 37 27 jag
398 1515 46 21 icke
460 1521 36 15 var
511 1514 131 22 närvarande
657 1513 35 22 vid
707 1513 91 22 beslutet
813 1512 38 22 och
865 1518 33 20 ju-
