1084 1831
218 126 53 21 1250
424 131 161 19 Presteståndet
598 133 52 17 1877.
676 133 12 16 9
701 132 91 17 oktober.

187 200 49 21 Men
259 199 56 22 hvad
337 200 36 21 vill
388 200 36 21 det
438 202 57 25 säga,
511 202 33 20 att
556 200 105 22 föräldrar
676 200 70 22 tillåta
762 200 46 22 sina
822 200 52 21 barn
890 202 32 19 att
937 200 71 27 tigga?

188 228 45 22 Har
254 228 77 22 barnet
353 234 25 15 en
401 235 51 20 egen
476 228 50 21 drift
549 232 31 18 att
603 230 63 25 tigga,
689 235 45 15 som
749 228 132 22 föräldrarne
897 228 46 22 icke
959 228 49 27 vilja

188 256 70 28 stäfja,
281 257 19 21 d.
316 264 19 14 v.
351 263 14 15 s.
390 257 69 21 tillåta
481 257 86 21 barnets
590 264 51 20 egen
665 257 80 21 önskan
767 260 33 18 att
822 258 63 26 tigga,
904 257 24 21 så
943 259 24 19 är
982 264 26 14 en

188 286 66 21 sådan
276 285 99 22 tillåtelse
397 286 91 21 likartad
510 286 48 21 med
580 289 32 19 att
627 286 69 21 tillåta
711 286 76 22 barnet
801 286 117 21 förderfvas
933 292 75 20 genom

187 314 178 27 kringstrykande
388 314 39 21 och
449 314 82 27 tiggeri.
567 314 91 22 Innebär
681 315 69 21 denna
771 315 100 21 tillåtelse
894 315 46 21 åter
962 315 47 21 icke

188 344 66 24 detta,
276 344 24 20 sä
322 343 90 21 innebär
435 343 39 21 den
492 344 108 27 ingenting
615 346 72 22 annat,
702 346 27 19 än
745 350 25 15 en
786 344 120 26 befallning.
935 344 31 27 Ty
981 344 27 21 dä

187 372 133 21 föräldrarne
341 373 58 26 yttra
421 372 32 20 sin
476 372 55 28 vilja,
555 374 32 20 att
608 372 82 21 barnen
713 373 60 21 skola
793 373 63 26 tigga,
872 372 24 21 så
911 374 24 19 är
951 373 57 21 det
997 368 14 36 i

188 400 76 27 sjelfva
285 401 75 21 verket
383 407 25 14 en
426 400 121 28 befallning.
577 401 43 21 Det
634 401 61 21 torde
711 408 51 14 vara
774 401 45 21 skäl
835 403 32 19 att
883 401 125 27 lagstiftnin-

188 436 40 20 gen
250 432 60 24 tager
332 429 81 21 barnen
434 430 7 20 i
463 430 69 26 skydd
554 430 46 21 icke
624 430 56 20 blott
694 432 58 19 emot
766 430 116 20 föräldrars
897 430 110 27 godtycke,

188 457 99 27 oförnuft,
310 458 39 21 och
371 458 37 20 råa
430 458 135 27 behandling,
588 460 51 19 utan
662 458 65 22 också
749 461 58 18 emot
821 458 26 21 de
862 458 93 27 menliga
969 458 40 21 och

187 486 198 27 förderfbringande
407 486 120 28 inflytelser,
550 493 44 15 som
618 488 30 20 ett
669 486 107 28 tiggarelif
790 487 47 21 med
853 487 156 27 nödvändighet

187 516 89 21 medför.
306 515 44 27 Mig
371 522 60 20 synes
453 516 63 21 också
531 522 45 15 som
593 515 68 22 skulle
676 516 46 21 icke
738 515 126 27 paragrafen
880 522 52 15 vara
947 516 64 21 oskä-

187 544 40 27 ligt
247 546 84 24 sträng;
355 546 22 25 ty
400 544 35 22 det
457 544 68 26 heter,
544 546 32 20 att
591 545 26 21 de
632 544 83 22 felande
730 544 133 22 föräldrarne
879 545 52 21 eller
947 544 63 22 måls-

188 576 90 19 männen
294 573 61 21 skola
369 572 24 22 af
405 572 231 28 fattigvårdsstyrelsen
652 573 99 27 antingen
765 579 76 15 varnas
858 586 26 3 —
901 574 39 21 och
951 573 59 21 detta

188 602 42 22 blir
245 602 34 21 väl
294 602 61 21 alltid
371 602 35 22 det
421 602 68 22 första
504 615 26 3 —
547 602 51 21 eller
614 608 33 15 om
663 602 88 27 varning
767 602 45 21 icke
828 602 87 27 hjelper,
931 602 28 22 då
974 608 36 15 an-

188 631 68 21 mälas
277 630 33 22 för
330 633 139 25 guvernören.
499 630 41 28 Jag
555 631 81 26 tänker,
653 633 32 19 att
699 631 142 21 förhållandet
856 634 24 18 är
895 632 24 20 så
935 631 75 21 allvar-

189 660 41 27 ligt
252 660 39 21 och
313 660 96 26 påkallar
425 660 23 21 så
463 660 88 26 mycken
567 660 189 26 uppmärksamhet
770 660 47 21 från
832 660 178 27 polismyndighe-

189 690 71 48 ja
283 688 52 24 sida,
357 690 33 20 att
408 695 26 15 en
449 689 115 25 lindrigare
580 688 133 28 lagstiftning
727 695 66 21 gerna
807 688 45 22 icke
868 689 42 21 kan
925 689 86 21 komma

189 718 7 21 i
212 718 65 26 fråga.

257 774 84 21 Doktor
363 774 170 26 Hornborg:
561 774 69 22 Jemte
653 774 36 21 det
709 774 36 27 jag
766 774 7 20 i
794 774 116 22 allmänhet
925 774 88 21 förenar

189 803 43 26 mig
248 803 47 21 med
310 804 107 26 professor
433 802 62 22 Cleve
509 803 7 21 i
532 803 35 21 det
583 804 41 20 han
640 804 71 20 senast
726 802 101 27 uttalade,
843 804 48 20 ville
907 803 37 27 jag
955 803 55 21 före-

189 832 39 26 slå,
238 834 32 19 att
280 838 63 15 mom.
356 833 14 20 4
382 832 67 20 skulle
461 831 56 22 sluta
523 832 49 21 med
580 832 61 21 ordet
652 832 203 26 ,,polismyndighet*
868 832 39 21 och
918 831 93 22 derifrän

189 860 81 22 således
292 860 51 27 utgå
359 861 64 21 orden
439 866 59 18 ,som
514 860 27 21 dä
556 860 35 22 mä
606 860 106 26 förordna,
729 862 32 19 att
777 860 74 22 barnet
867 860 23 22 af
904 860 109 21 föräldrar

189 890 52 21 eller
262 895 76 21 annan,
360 889 67 21 under
449 889 64 21 hvars
535 890 53 21 vård
610 889 40 21 och
673 889 77 27 lydnad
774 890 35 20 det
831 890 52 26 står,
907 890 48 20 med
971 896 40 20 aga

188 918 85 21 hemma
294 918 7 21 i
324 918 59 21 huset
406 919 69 20 rättas
497 917 74 23 skalls.
602 918 40 26 Jag
664 918 63 26 hyser
748 918 103 27 nemligen
867 918 82 26 ganska
964 918 47 22 litet

188 946 122 22 förtroende
333 947 32 21 till
389 953 25 14 en
436 946 125 28 uppfostran
583 947 47 21 med
654 946 83 27 käppen
754 948 39 20 och
809 947 80 27 tycker,
905 949 32 19 att
953 946 59 23 detta

188 976 116 26 stadgande
320 975 39 21 här
374 976 38 20 alls
428 975 46 21 icke
489 977 24 19 är
528 976 28 26 på
571 976 31 21 sin
615 976 62 26 plats.

256 1032 111 22 Professor
389 1032 100 21 Cleve:
518 1032 41 27 Jag
581 1032 73 21 anhöll
672 1038 34 15 om
722 1033 62 20 ordet
799 1032 75 21 endast
889 1032 33 21 för
939 1034 32 19 att
986 1032 22 21 få

188 1062 52 25 göra
256 1068 24 14 en
296 1061 51 21 liten
362 1060 140 28 anmärkning
517 1062 47 20 med
580 1061 81 26 hänsyn
676 1060 32 22 till
724 1061 55 21 hvad
796 1067 43 15 som
851 1060 77 21 doktor
938 1061 69 21 Horn-

188 1090 54 26 borg
263 1091 72 19 senast
355 1089 92 27 yttrade.
477 1090 41 20 Det
540 1091 25 19 är
585 1090 51 20 visst
651 1092 54 23 sant,
722 1091 32 19 att
769 1090 37 20 det
821 1091 23 19 är
859 1095 26 15 en
900 1088 109 28 betänklig

188 1118 39 21 sak
242 1119 32 20 att
289 1118 95 20 använda
400 1117 133 28 kroppsaga;
550 1124 46 15 men
612 1117 44 27 mig
670 1124 61 20 synes
746 1124 45 15 som
808 1118 67 20 skulle
892 1118 61 21 dessa
970 1118 38 20 ord

189 1146 63 22 hafva
273 1146 122 21 tillkommit
417 1146 7 20 i
447 1146 73 28 sjelfva
541 1146 74 21 verket
637 1146 7 20 i
666 1146 88 22 barnets
768 1147 95 20 intresse.
894 1146 29 27 Ty
940 1146 27 21 dä
982 1152 26 15 en

189 1176 98 20 anmälan
311 1174 48 22 sker
381 1174 38 21 hos
442 1175 204 27 polismyndigheten
662 1175 68 21 mäste
744 1174 205 28 polismyndigheten
964 1175 45 20 vid-

188 1206 50 24 taga
260 1203 68 27 nägon
354 1203 82 27 ätgärd,
459 1204 39 21 och
521 1204 36 21 det
579 1204 71 20 kunde
665 1204 75 26 hända,
756 1205 32 20 att
802 1203 207 27 polismyndigheten

188 1232 68 22 skulle
278 1232 52 21 falla
352 1231 27 27 pä
395 1232 36 21 det
446 1232 75 22 orädet
536 1234 32 20 att
583 1231 49 28 sjelf
646 1232 96 21 använda
757 1232 90 27 käppen,
863 1232 81 21 hvilket
959 1238 52 15 vore

188 1261 32 21 för
235 1261 75 21 barnet
325 1266 58 16 mera
399 1260 78 27 farligt.
506 1261 42 21 Det
565 1266 61 21 synes
643 1261 43 26 mig
701 1260 88 27 således,
806 1262 31 20 att
853 1260 36 22 det
904 1263 24 19 är
943 1261 7 21 i
960 1260 48 22 bar-

188 1292 47 18 nets
257 1289 96 24 intresse,
376 1295 45 15 som
444 1290 37 20 det
503 1289 67 26 heter,
585 1290 33 20 att
632 1288 75 22 barnet
722 1289 53 21 skall
792 1295 57 20 agas,
864 1296 47 14 men
927 1290 6 20 i
949 1289 60 21 hem-

188 1320 50 24 met,
260 1318 47 20 icke
331 1317 28 26 pä
380 1318 186 25 poliskammaren.
596 1317 40 27 Jag
658 1318 68 20 skulle
750 1318 70 20 derför
841 1318 68 26 tycka,
933 1319 32 19 att
981 1317 27 21 dä

188 1346 206 27 polismyndigheten
415 1347 8 19 i
445 1346 42 21 alla
509 1346 37 21 fall
566 1346 68 21 mäste
650 1346 83 26 anlitas,
750 1346 36 21 det
801 1352 49 16 vore
865 1346 24 21 sä
903 1346 58 27 godt,
977 1347 31 19 att

189 1374 25 21 de
230 1374 7 20 i
251 1374 61 26 fråga
327 1374 92 20 varande
435 1374 65 21 orden
515 1374 70 20 kunde
601 1374 21 21 få
637 1376 33 18 stä
686 1380 58 20 gvar.

258 1430 89 22 Prosten
367 1430 162 22 Borenius:
560 1430 70 22 Ocksä
650 1430 36 27 jag
708 1430 68 22 skulle
798 1437 50 15 anse
871 1431 26 21 de
919 1431 7 21 i
949 1429 59 27 fräga

187 1460 92 22 varande
295 1459 85 21 orden
375 1455 12 36 i
395 1460 13 20 4
424 1466 63 15 mom.
505 1459 51 22 böra
572 1459 91 27 gvarstä.
693 1459 40 28 Jag
748 1460 40 21 har
803 1460 44 22 haft
863 1460 40 21 den
914 1459 94 23 erfaren-

188 1490 63 20 heten
273 1489 48 21 med
344 1488 99 22 afseende
465 1489 13 21 &
493 1488 36 22 två
545 1489 127 21 döfstumma
692 1488 52 22 barn
760 1489 7 21 i
783 1489 74 28 Borgå,
873 1491 32 20 att
921 1490 26 21 de
961 1488 48 22 icke
