1078 1809
306 132 159 18 Presteståndet
477 133 55 18 1877.
555 134 26 17 27
592 134 91 17 oktober.
821 130 54 20 1717

85 199 32 26 sig
137 199 24 21 så
176 200 47 21 litet
237 200 142 22 intresserade
393 202 34 20 för
440 201 130 23 folkskolans
585 202 44 26 sak,
645 203 13 20 å
673 203 66 21 andra
754 203 60 21 sidan
829 204 24 20 är
868 203 36 21 det

85 227 46 22 åter
146 230 77 19 tvänne
240 229 96 21 motskäl.
361 230 42 21 Det
418 236 39 15 ena
473 232 24 19 är
511 230 26 21 de
553 231 64 25 dryga
629 231 92 25 utgifter,
732 237 45 15 som
789 233 45 19 med
846 232 58 20 tiden

85 256 68 21 skulle
176 256 120 27 derigenom
320 258 97 21 åsamkas
439 260 70 20 staten
525 258 38 22 och
580 260 35 20 det
629 260 66 20 andra
710 261 32 19 att
757 266 34 14 om
807 260 97 20 kommu-

85 290 65 16 nerne
171 285 67 21 skulle
258 288 51 19 utan
330 286 64 27 något
416 286 67 22 vilkor
502 286 22 22 få
539 287 95 27 bidraget
649 287 26 26 på
690 288 97 24 förhand,
804 288 35 20 det
854 294 50 14 vore

84 314 32 19 att
131 312 79 26 befara,
226 316 32 18 att
273 315 26 20 de
314 314 67 22 skulle
396 315 85 21 komma
496 316 30 20 tid
542 316 53 20 efter
609 322 67 14 annan
692 316 39 20 och
747 316 78 26 begära
837 318 66 24 ytter-

83 341 66 26 ligare
164 342 125 27 förhöjning,
320 343 45 21 När
379 343 65 21 saken
460 350 28 14 nu
503 344 44 20 står
561 343 95 26 sålunda,
671 344 41 20 kan
726 344 37 26 jag
778 344 45 20 icke
839 346 66 18 annat

84 370 33 21 för
133 370 42 21 min
192 371 33 21 del
240 372 27 20 än
282 371 73 21 bifalla
371 372 35 20 det
418 372 22 20 af
454 372 106 26 professor
575 372 100 21 Forsman
687 372 96 21 uttalade
795 372 108 26 förslaget,

83 401 32 19 att
130 399 106 26 nämligen
251 400 144 26 förhöjningen
411 400 7 21 i
430 401 151 27 statsbidraget
591 401 69 21 skulle
670 400 93 28 beviljas,
775 401 48 21 med
835 401 68 21 vilkor

83 429 32 20 att
137 428 151 22 kommunerne
311 428 67 22 skulle
399 430 52 25 göra
472 430 64 26 något
559 430 35 20 till.
626 429 38 21 Om
688 431 30 19 ett
738 430 76 20 sådant
835 430 69 20 vilkor

82 456 69 21 skulle
174 456 65 22 fästas
262 457 79 27 dervid,
357 460 44 18 tror
414 457 37 27 jag
465 458 46 21 icke
527 464 47 15 man
589 458 67 21 skulle
672 458 89 20 behöfva
777 458 78 26 frukta,
871 460 32 19 att

82 484 152 22 kommunerne
255 485 67 21 skulle
345 486 38 21 allt
405 486 47 21 med
475 493 36 15 ens
534 486 83 22 komma
640 487 46 21 med
702 487 92 26 begäran
811 492 32 16 om
860 487 43 21 för-

83 513 94 27 höjning.

150 571 111 22 Professor
283 571 98 22 Cleve:
405 572 41 27 Jag
470 576 37 18 har
528 572 32 21 för
583 572 67 21 denna
672 572 54 26 gång
746 572 74 26 begärt
840 573 62 21 ordet

82 600 75 21 endast
180 600 33 21 för
235 602 32 19 att
289 600 130 22 understöda
441 601 145 27 kyrkoherden
609 601 117 21 Stenbäcks
742 601 39 21 och
797 601 106 27 professor

82 628 114 22 Forsmans
212 629 78 26 förslag
305 632 32 18 att
352 630 97 20 lönernes
465 629 122 27 förhöjande
604 630 67 21 skulle
686 632 61 24 göras
763 630 104 21 beroende
883 630 23 21 af

83 657 35 21 det
139 658 90 20 tillskott
245 658 6 20 i
268 658 183 21 löneförmånerna
466 664 44 15 som
526 659 148 21 kommunerne
690 658 49 27 vilja
756 658 74 21 lemna.
860 659 43 21 Det

83 688 23 19 är
121 685 45 22 icks
182 686 55 21 blott
252 686 71 22 derför
338 689 33 19 att
383 686 36 27 jag
433 687 33 21 för
482 687 41 21 min
539 688 33 20 del
585 688 78 26 tycker,
677 689 32 19 att
720 687 64 21 saken
795 687 32 21 för
838 689 65 24 ögon-

83 714 79 22 blicket
183 715 88 21 sålunda
294 715 55 21 löses
372 716 27 26 på
421 715 60 21 bästa
497 718 47 24 sätt,
559 718 51 19 utan
625 716 59 20 äfven
700 716 39 20 och
756 716 79 20 kanske
851 722 53 19 mer,

83 746 31 18 att
129 743 35 27 jag
179 744 44 20 häri
239 750 35 14 ser
288 750 26 14 en
329 744 86 26 lämplig
431 744 112 26 öfvergång
559 744 31 21 till
606 747 31 18 ett
653 747 63 18 annat
729 744 175 21 betraktelsesätt

83 772 48 21 med
154 772 97 21 afseende
274 772 13 21 &
308 772 119 22 folkskolan
445 773 38 21 och
499 773 47 21 dess
561 773 131 21 förhållande
709 772 31 22 till
757 775 74 19 staten.
862 772 41 27 Jag

82 800 77 22 vidblir
178 804 51 18 utan
245 801 26 20 all
288 802 77 20 tvekan
380 801 39 22 den
435 802 60 26 äsigt,
510 802 35 26 jag
561 802 64 20 redan
640 801 27 27 på
682 801 144 26 förmiddagen
843 802 61 20 sökte

82 829 93 21 förfäkta
190 830 39 20 och
245 836 44 14 som
306 830 39 20 har
359 828 125 23 framhållits
500 830 99 22 särskildt
615 830 20 21 af
649 830 107 26 professor
768 830 85 21 Donner
864 830 38 20 och

82 858 74 21 rektor
178 858 106 22 Kihlman,
300 861 33 18 att
355 858 36 21 det
412 860 23 19 är
454 865 25 14 en
495 858 60 27 farlig
570 861 45 24 väg,
631 865 45 15 som
692 865 47 15 man
756 859 104 23 beträder,
876 858 28 22 då

83 892 48 15 man
146 888 51 19 utan
213 887 71 21 vidare
300 887 62 21 söker
377 887 41 20 öka
433 888 150 26 statsbidraget
600 888 30 21 till
646 887 200 21 folkskollärarenes
863 887 39 21 och

82 916 158 21 Järarinnornas
263 917 65 25 löner,
351 922 46 15 men
421 922 34 15 om
477 918 36 19 det
535 923 28 14 nu
585 918 62 24 göres
667 916 106 21 beroende
789 916 64 24 deraf,
871 918 33 19 att

82 944 151 21 kommunerne
249 945 32 20 för
296 945 33 20 sin
345 944 33 21 del
393 945 49 26 vilja
458 945 63 25 något
537 952 44 14 mer
596 944 95 27 uppoffra
702 946 26 24 pä
739 944 165 27 uppehällandet

83 972 21 22 af
126 979 25 14 en
175 972 70 27 duglig
267 973 59 21 skola
341 973 41 21 blir
397 974 64 20 saken
477 974 64 25 nägot
556 974 43 20 helt
614 976 64 18 annat
694 974 38 20 och
750 974 36 20 det
801 975 23 19 är
840 972 64 21 ocksä

83 1001 82 27 möjligt
188 1004 32 18 att
241 1001 123 26 härigenom
385 1002 111 20 förbereda
511 1004 31 18 ett
557 1002 131 20 förhällande
704 1002 6 20 i
725 1002 123 20 lan'isorten
864 1002 38 19 lik-

82 1030 70 21 nande
168 1030 34 21 det
217 1036 45 15 som
278 1036 49 20 eger
342 1036 46 15 rum
403 1030 8 21 i
425 1031 106 24 städerna,
548 1030 35 22 det
599 1030 34 21 vill
645 1032 49 24 säga
705 1032 32 18 att
747 1032 70 19 staten
827 1035 76 21 genom

82 1058 108 22 allmänna
205 1058 68 22 medel
288 1058 51 22 eller
355 1058 192 26 beviliningsmedel
558 1058 68 22 skulle
636 1059 162 21 subventionera
809 1059 95 21 kommu-

82 1094 40 14 nen
145 1087 7 21 i
176 1088 90 26 egentlig
289 1088 82 26 mening
387 1088 5 20 i
408 1093 81 15 samma
504 1088 47 20 män
567 1088 26 20 de
609 1087 32 21 för
656 1087 118 21 folkskolan
790 1086 113 28 uppoffrar.

83 1116 75 22 Såsom
173 1116 67 21 kändt
255 1118 24 19 är
295 1116 39 21 och
346 1116 37 26 jag
398 1116 64 21 också
477 1116 27 27 pä
519 1116 143 26 förmiddagen
678 1116 61 20 sökte
751 1116 118 24 frambälla,
879 1118 25 18 är

83 1145 74 21 skolan
180 1146 27 25 pä
229 1145 71 21 landet
322 1144 45 22 icke
389 1147 32 19 att
442 1151 61 15 anses
524 1146 68 20 säsom
613 1151 25 14 en
654 1144 182 22 kommunalskola
852 1146 50 19 utan

82 1174 69 21 säsom
166 1180 26 14 en
208 1173 111 23 folkskola,
335 1179 45 15 som
395 1173 39 21 har
449 1174 53 20 varit
517 1173 136 21 underhällen
669 1179 57 15 mera
736 1173 22 21 af
768 1180 25 14 en
802 1174 101 20 kommun

82 1204 27 19 än
131 1202 23 21 af
175 1202 25 21 de
219 1202 70 21 skilda
311 1202 151 26 lägenheterna
481 1208 18 15 o.
516 1209 15 14 s.
548 1208 25 19 v.,
589 1202 48 21 med
652 1204 29 18 ett
698 1202 38 20 ord
751 1208 45 14 som
812 1202 39 20 har
866 1202 38 20 sitt

81 1230 107 22 särskilda
210 1231 90 25 distrikt,
316 1236 48 16 men
379 1237 46 14 som
439 1231 46 21 icke
500 1231 49 21 med
563 1230 156 26 nödvändighet
734 1230 75 21 hänför
823 1230 32 26 sig
871 1230 32 20 till

82 1260 134 20 kommunen.
246 1259 81 21 Genom
349 1261 31 19 att
402 1259 152 27 statsbidraget
569 1265 28 15 nu
612 1261 61 24 göres
690 1259 103 21 beroende
809 1258 24 21 af
846 1258 57 21 skol-

82 1288 120 21 distriktets
224 1288 127 20 medverkan
367 1290 44 18 tror
424 1288 37 26 jag
476 1288 70 24 också,
562 1290 33 18 att
609 1294 26 14 en
651 1286 113 28 öfvergäng
780 1288 32 20 till
827 1287 75 20 skolan

82 1316 70 22 såsom
168 1322 25 15 en
208 1316 180 21 komunalanstalt
403 1316 31 21 till
451 1322 25 15 en
491 1316 41 21 viss
547 1316 52 26 grad
615 1316 134 26 möjliggöres
765 1316 38 20 och
813 1316 36 26 jag
861 1314 41 22 för-

82 1351 51 15 enar
148 1345 43 27 mig
207 1345 70 21 derför
291 1345 47 21 med
354 1344 106 28 professor
475 1344 103 22 Forsman
593 1344 23 21 sä
632 1345 110 26 nämligen,
759 1346 32 19 att
805 1344 46 21 icke
868 1344 36 21 det

82 1374 98 24 tillskott,
202 1379 45 15 som
269 1374 41 20 kan
331 1373 23 21 af
367 1374 122 20 statsmedel
506 1374 92 26 beviljas,
615 1374 46 20 med
677 1372 156 27 nödvändighet
849 1372 55 21 skall

82 1403 130 21 bestämmas
235 1402 31 21 till
289 1402 42 21 200
353 1402 60 21 mark
435 1404 50 19 utan
507 1402 24 21 sä
550 1404 32 19 att
599 1402 35 20 det
654 1403 23 19 är
693 1402 104 20 beroende
813 1401 22 21 af
849 1401 54 21 hvad

83 1430 156 22 skoldistriktet
258 1431 42 20 kan
315 1430 33 21 till
364 1431 93 20 lärarens
473 1430 35 21 lön
523 1430 65 25 anslä,
604 1430 54 21 dock
673 1430 47 21 med
736 1430 41 20 den
791 1430 113 20 inskränk-

83 1460 50 26 ning
146 1460 32 19 att
194 1458 35 21 det
243 1459 47 20 icke
305 1458 42 21 kan
362 1458 55 27 stiga
432 1458 59 22 öfver
506 1459 41 21 800
562 1458 40 21 och
613 1458 40 21 600
664 1458 65 20 mark.
756 1457 8 21 I
776 1457 67 21 likhet
855 1458 47 20 med

82 1487 108 28 professor
211 1486 102 23 Forsman
335 1486 68 22 skulle
422 1486 36 28 jag
481 1486 59 22 äfven
563 1492 51 15 anse
630 1486 35 21 det
680 1492 50 16 vara
745 1487 37 20 det
797 1486 61 21 bästa
873 1488 32 19 att
