1084 1823
312 128 160 18 Presteståndet
484 130 55 17 1877.
563 130 12 16 5
587 129 92 17 oktober.
822 123 52 21 1231

84 195 51 28 höjd
158 196 42 22 kan
222 197 36 21 det
273 197 97 27 kyrkliga
385 198 120 22 samfundet
519 198 7 21 i
541 198 80 22 sådana
635 198 38 22 fall
688 198 74 21 förena
777 198 32 27 sig
823 204 34 15 om
873 199 32 20 att

82 225 101 21 samfäldt
198 225 72 22 utöfva
285 232 25 15 en
326 226 144 25 välgörenhet.
493 226 48 22 Men
557 233 32 19 en,
605 227 36 21 det
655 226 114 26 verldsliga
781 226 124 22 samhällets

82 252 144 28 välgörenhet,
240 259 44 15 som
300 254 24 21 af
336 254 61 26 lagen
412 254 68 22 skulle
495 254 86 27 stadgas
595 254 40 22 och
648 254 99 26 regleras,
759 256 24 19 är
795 256 32 20 ett
839 255 65 26 oting.

80 281 58 21 Från
162 282 36 20 det
216 282 114 26 verldsliga
345 282 123 22 samhällets
482 282 133 27 ståndpunkt
629 282 41 22 kan
686 282 35 22 det
736 283 47 21 icke
798 283 85 21 komma
897 283 8 21 i

82 308 66 28 fråga,
171 311 33 20 att
227 310 40 21 den
282 310 75 27 fattige
373 311 68 21 skulle
456 311 71 21 kunna
542 311 63 21 hafva
620 311 65 27 något
699 311 94 27 anspråk
807 310 28 28 på
849 313 32 19 att
897 311 9 21 i

81 344 46 16 mer
149 339 52 21 eller
216 338 81 22 mindre
312 340 53 25 grad
380 339 55 21 lefva
449 340 28 26 pä
492 346 25 15 en
533 346 81 14 annans
629 339 125 21 bekostnad.
784 339 73 22 Skulle
873 341 32 19 ett

82 366 77 22 sådant
174 366 93 28 anspråk
282 367 72 21 kunna
368 369 70 25 göras,
453 368 24 21 så
492 368 68 21 skulle
575 368 36 21 det
626 368 33 21 för
672 368 71 26 dylika
755 368 91 27 anspråk
857 368 46 21 icke

81 395 68 22 finnas
163 396 70 26 någon
248 398 69 24 gräns.
348 396 72 22 Skulle
435 396 112 22 samhället
561 402 52 16 vara
627 396 148 27 förpligtigadt
789 398 33 20 att
837 396 6 22 i
859 402 46 16 mer

82 423 51 23 eller
148 424 82 22 mindre
245 424 52 27 grad
312 425 56 26 föda,
384 425 23 21 så
419 425 69 21 skulle
498 425 113 21 samhället
623 425 61 21 äfven
695 431 50 15 vara
757 425 148 27 förpligtigadt

80 454 32 20 att
132 453 98 21 anskaffa
251 453 81 26 arbete,
354 453 112 22 samhället
482 453 68 22 skulle
573 453 139 22 öfverhufvud
726 453 82 22 iklädas
823 453 81 22 förbin-

81 481 75 26 delser,
178 488 45 15 som
246 482 36 21 det
297 482 69 27 aldrig
384 482 68 22 skulle
467 483 27 26 gå
509 485 24 19 ut
549 483 46 20 med
611 485 32 18 att
659 482 57 27 fylla.
746 483 42 21 Det
803 484 24 19 är
843 482 62 22 detta

80 509 73 23 försök
176 513 32 18 att
228 513 52 24 göra
299 511 25 21 de
347 510 97 28 religiösa
466 511 171 28 förpligtelserna
659 511 32 22 till
712 511 76 27 legala,
803 517 45 15 som
864 511 41 22 har

81 539 122 22 förorsakat
225 539 61 22 dessa
309 540 32 21 för
356 540 147 27 pauperismen
521 540 24 21 så
560 539 189 28 olycksbringande
765 539 138 27 reglemente-

80 568 72 27 ringar
168 568 39 21 och
222 567 156 28 förordningar,
394 568 22 21 af
429 568 73 22 hvilka
517 568 60 21 äfven
595 569 53 21 1852
659 568 35 21 års
705 567 123 28 förordning
840 570 65 25 utgör

81 602 31 16 en.
143 597 50 21 Men
208 596 72 27 frågar
296 603 58 15 man:
370 596 39 22 bör
424 597 27 21 då
466 597 113 22 samhället
590 597 44 21 helt
645 597 39 21 och
695 597 66 21 hållet
773 597 132 22 öfverlemna

80 625 27 22 de
129 625 76 27 fattiga
220 625 22 22 åt
258 625 62 22 deras
336 625 58 22 öde?
408 627 24 20 är
447 626 36 21 det
498 632 26 15 en
540 625 109 27 sjelffallen
665 626 44 25 sak,
725 628 32 19 att
772 626 75 21 endast
861 626 42 21 den

80 653 94 22 enskilda
192 654 164 27 välgörenheten
372 653 39 22 bör
426 654 62 21 sköta
503 655 49 21 hela
567 654 88 21 verket?
670 654 65 21 Detta
751 654 38 21 har
804 655 23 20 af
842 655 60 21 mån-

80 689 40 20 gen
142 683 80 27 yrkats,
244 683 38 21 och
296 683 37 27 jag
348 683 36 21 vill
399 683 19 26 ej
434 684 48 20 med
498 683 134 22 bestämdhet
647 682 68 27 påstå,
731 685 32 19 att
778 683 59 21 detta
852 689 51 15 vore

81 711 87 26 oriktigt
190 711 52 22 eller
264 718 26 15 en
313 711 124 27 omöjlighet
459 713 32 20 att
512 712 128 28 genomföra.
676 712 109 26 Enskilda,
807 711 97 27 kristligt

79 740 90 21 sinnade
191 741 123 20 människor
336 741 71 20 kunde
430 741 7 20 i
452 741 60 21 detta
526 741 37 21 fall
579 741 73 21 förena
667 741 32 26 sig
713 741 53 21 eller
781 741 64 21 också
861 740 41 21 den

81 769 95 22 enskilda
192 769 78 22 enhvar
285 769 33 22 för
330 769 32 26 sig
376 771 52 25 göra
444 769 35 22 det
494 770 40 21 den
550 769 49 22 kan.
629 769 49 21 Men
698 769 36 21 det
749 771 24 20 är
788 769 47 22 icke
849 769 54 21 nöd-

80 798 86 27 vändigt
188 799 33 20 att
242 797 56 22 fatta
320 798 64 21 saken
407 798 135 22 uteslutande
564 798 46 22 från
633 798 68 21 denna
717 799 112 26 synpunkt.
860 798 44 21 Det

79 827 115 27 verldsliga
216 827 112 21 samhället
350 827 39 21 har
411 827 138 28 ovilkorligen
571 827 56 21 ändå
650 829 32 19 ett
703 826 89 22 intresse
807 827 6 21 i
829 827 74 25 saken,

80 856 104 26 nemligen
207 857 81 20 statens
310 859 55 24 eget,
388 855 24 22 sä
427 857 33 19 att
474 858 57 25 säga,
546 855 141 28 sjelfviskhets
703 856 95 24 intresse,
815 855 19 22 d.
850 862 18 13 v.
885 861 16 16 s.

81 885 43 27 det,
139 887 33 18 att
186 891 22 14 se
223 885 34 20 till
272 886 33 19 att
319 885 46 21 icke
380 890 76 21 genom
472 885 151 27 fattigdomens
638 884 83 21 ökande
735 890 76 20 genom
827 883 77 22 elände

80 913 39 22 hos
135 913 96 22 enskilda
246 913 104 21 individer
364 913 123 22 samhällets
506 920 52 20 egen
573 912 100 22 säkerhet
687 913 40 21 och
741 912 162 22 välbefinnande

79 942 69 22 skulle
164 942 52 21 räka
231 941 37 22 illa
282 944 30 26 ut,
328 942 39 21 och
384 942 36 22 det
434 944 24 19 är
474 942 70 22 derför
559 948 45 15 som
623 942 112 21 samhället
750 942 42 21 kan
807 942 40 21 och
862 942 42 20 bör

79 970 33 22 för
127 971 31 21 sin
174 977 52 20 egen
242 970 55 22 skull
313 973 49 25 taga
377 970 56 22 hand
450 970 59 22 äfven
526 977 33 15 om
574 970 151 27 fattigvärden,
741 970 39 22 och
796 970 41 22 kan
849 972 55 24 göra

80 1000 42 21 det.
152 1000 66 21 Detta
240 999 41 22 blir
302 1000 27 21 dä
351 1000 7 21 i
382 999 43 22 alla
446 1000 39 20 fall
508 1005 25 16 en
549 1000 54 26 legal
619 999 121 27 fattigvärd,
755 999 62 21 stödd
833 999 27 26 pä
875 1005 26 14 en

79 1028 46 22 helt
140 1035 68 14 annan
223 1028 88 27 princip,
327 1030 27 19 än
370 1028 40 21 den
425 1028 97 28 kristliga
536 1027 182 28 välgörenhetens,
735 1027 40 22 och
790 1034 26 15 en
828 1027 72 27 fattig-

79 1057 52 22 värd
153 1064 46 15 som
221 1057 46 21 icke
290 1057 67 22 heller
378 1057 104 22 utesluter
497 1059 41 20 den
552 1057 97 26 kristliga
664 1057 169 26 välgörenheten,
848 1058 53 19 utan

78 1087 82 21 lemnar
182 1086 22 21 ät
228 1086 68 22 denna
316 1085 62 22 äfven
400 1087 32 20 ett
454 1087 80 26 ganska
557 1085 104 28 betydligt
682 1086 45 21 fält.
757 1085 42 22 Det
818 1085 41 22 blir
874 1091 27 15 en

79 1115 121 26 fattigvärd,
216 1115 38 21 der
268 1115 112 21 samhället
395 1117 62 24 tager
471 1115 33 27 sig
517 1121 27 15 an
560 1114 139 27 fattigdomen
714 1114 88 27 ungefär
817 1114 23 21 sä
855 1119 46 16 som

80 1143 39 23 den
135 1146 61 24 tager
210 1143 32 27 sig
256 1150 28 15 an
298 1143 108 26 ätskilliga
420 1143 68 21 andra
503 1142 204 26 missförhällanden,
723 1144 14 20 t.
754 1148 32 15 ex.
802 1149 26 15 en
843 1143 58 20 inom

80 1172 112 22 samhället
207 1172 94 21 rådande
316 1172 114 27 sjuklighet
445 1172 51 21 eller
507 1172 78 27 dylikt;
597 1171 142 27 fättigvärden
749 1171 41 21 blir
801 1173 31 20 ett
844 1171 59 26 slags

79 1201 123 24 ekonomisk
221 1201 163 26 sundhetspolis,
407 1200 80 21 aldeles
506 1201 70 21 såsom
592 1201 35 20 det
642 1205 77 16 annars
735 1199 60 22 äfven
811 1199 67 22 måste
893 1199 8 21 i

79 1232 32 19 ett
126 1230 34 21 väl
176 1229 92 22 ordnadt
282 1229 102 21 samhälle
399 1229 68 21 finnas
482 1229 103 26 åtskilligt
600 1230 65 19 annat
680 1227 48 22 utaf
741 1228 37 21 det
791 1228 67 27 slaget
873 1227 29 27 på

79 1258 67 21 andra
160 1258 64 26 gebit,
241 1258 39 21 och
296 1259 36 20 det
347 1259 24 20 är
386 1257 27 27 på
428 1258 69 21 denna
512 1258 89 27 princip,
613 1257 46 26 just
674 1256 27 28 på
711 1256 41 21 den
763 1257 140 20 ekonomiska

78 1287 196 27 sundhetspolisens
296 1286 110 27 grundval,
429 1293 45 14 som
497 1287 36 20 det
554 1285 121 22 nuvarande
699 1285 102 27 förslaget
825 1285 75 21 hvilar.

78 1315 43 22 Det
143 1317 24 20 är
181 1322 27 15 en
223 1315 122 22 kommunal
360 1315 154 27 angelägenhet
528 1315 35 21 för
578 1315 138 21 kommunens
731 1313 170 26 välbefinnande,

79 1344 19 27 ej
114 1344 77 26 derför,
213 1346 33 19 att
264 1350 25 15 en
305 1344 33 21 del
354 1343 121 22 menniskor
490 1344 68 21 skulle
573 1343 133 27 förpligtigas
721 1344 33 19 att
768 1342 50 21 föda
833 1343 68 20 andra

78 1373 123 22 menniskor
223 1373 52 21 eller
294 1371 66 23 skaffa
376 1373 47 21 dem
438 1372 80 27 arbete,
534 1374 52 20 utan
601 1372 88 21 emedan
704 1371 113 22 samhället
831 1370 70 21 måste

79 1402 33 21 för
134 1402 38 21 sitt
194 1404 48 24 eget
263 1401 171 22 välbefinnandes
449 1401 55 21 skull
520 1408 22 15 se
557 1401 40 25 till,
613 1402 32 19 att
659 1400 47 22 icke
721 1401 26 20 de
761 1399 140 22 ekonomiska

79 1430 213 22 missförhållandena
313 1432 79 25 antaga
412 1435 26 16 en
452 1429 94 22 hotande
561 1429 41 22 och
617 1429 49 22 svår
680 1429 108 21 karaktär.
818 1428 43 21 Det
875 1429 27 19 är

79 1458 64 22 också
165 1459 75 20 endast
261 1459 28 25 på
311 1458 69 20 denna
394 1458 111 25 grundval,
520 1463 45 15 som
581 1463 48 15 man
644 1457 42 20 kan
701 1457 22 20 få
737 1462 26 15 en
778 1456 121 25 fattigvård,

79 1492 44 15 som
129 1480 9 36 .
145 1485 47 22 icke
213 1487 6 19 i
242 1485 131 27 betydligare
394 1485 52 26 grad
470 1486 52 20 ökar
540 1485 155 26 pauperismen,
711 1484 38 21 och
765 1484 43 21 alla
823 1485 26 20 de
864 1484 37 20 be-

79 1515 137 27 stämningar,
231 1513 31 22 för
278 1514 71 21 hvilka
364 1519 53 16 man.
428 1513 39 22 har
482 1513 67 27 prisat
564 1513 59 22 detta
633 1512 80 27 förslag
723 1512 33 22 till
766 1511 136 28 fattigvårds-
