1084 1803
303 132 160 19 Presteståndet
476 133 54 18 1877.
556 134 22 17 13
591 133 91 18 oktober.
821 127 52 22 1401

79 201 46 23 icke
146 204 103 19 stämman
264 202 90 22 handlar
368 204 50 25 rätt,
434 202 90 23 handlar
538 202 34 22 väl
587 209 44 21 guv
648 209 16 15 ri
673 203 57 26 ören,
745 209 45 15 som
805 202 39 22 har
859 202 43 22 till-

80 231 55 27 gång
151 231 32 22 till
199 231 149 27 dagböckerna
362 233 50 20 rätt.

149 293 76 22 Pastor
240 293 86 27 Lyra:
356 294 40 26 Jag
411 293 39 22 har
465 293 67 26 aldrig
547 293 83 22 befarat
645 294 32 20 att
690 296 132 24 guvernören
835 293 68 22 skulle

80 328 52 15 vara
145 322 80 21 frestad
241 322 31 21 till
288 323 68 26 någon
373 321 47 22 väld
435 322 7 21 i
458 322 58 21 detta
531 321 105 22 afseende.
664 321 47 22 Han
724 322 38 21 har
775 322 45 21 icke
833 322 69 27 någon

81 351 54 21 vinst
157 351 52 21 eller
231 351 75 22 förlust
326 351 64 22 deraf.
421 351 49 21 Men
486 357 25 15 en
527 351 63 21 säker
605 350 111 28 beständig
730 351 93 21 inkomst
839 351 64 22 hafva

80 380 61 22 dessa
156 380 156 27 reservgårdar,
328 386 34 16 om
378 380 80 22 antalet
474 380 73 22 hästar
561 380 27 27 på
602 378 148 28 gästgifverien
765 380 41 21 blir
821 380 82 22 mindre

81 411 26 19 än
123 414 44 16 som
183 408 106 28 behöfves,
306 408 39 22 och
361 408 36 22 det
412 409 68 27 ligger
493 408 82 22 således
591 408 6 21 i
613 408 60 22 dessa
688 408 109 22 hemmans
812 409 90 21 intresse

80 439 33 21 att
135 438 115 26 nedtrycka
273 437 80 23 antalet
375 437 72 23 hästar
469 438 27 27 på
518 436 172 29 gästgifverierna
710 438 24 21 så
755 438 84 27 mycket
857 444 45 15 som

80 466 86 27 möjligt.

149 529 90 21 Prosten
264 528 166 28 Bergroth:
466 528 32 22 Då
521 529 59 21 detta
604 528 134 22 betänkande
754 528 148 22 diskuterades

82 558 6 21 i
97 558 153 21 sammansatta
263 558 42 26 lag-
318 557 39 22 och
370 557 210 26 ekonomiutskottet,
588 557 87 27 gjordes
682 564 81 15 samma
773 557 129 27 invändning

82 589 57 19 emot
154 586 59 22 detta
228 592 70 20 mom.,
314 586 105 26 nämligen
435 588 32 19 att
483 586 36 22 det
534 586 69 22 skulle
618 586 56 27 gifva
689 586 114 26 anledning
825 586 32 21 till
876 594 25 14 en

82 615 141 23 öfverdrifven
238 614 207 28 spekulationsanda.
466 615 48 22 Men
527 616 107 20 utskottet
645 615 64 27 ansåg
719 615 125 27 tillräckligt
855 615 48 21 kor-

81 644 69 22 rektiv
169 644 56 28 ligga
241 644 50 26 deri,
315 646 32 20 att
362 643 64 22 saken
442 643 54 23 först
510 644 68 22 skulle
595 644 117 22 behandlas
728 644 26 28 på
770 644 134 22 kommunal-

82 675 90 20 stämma
195 673 39 22 och
257 673 64 22 sedan
339 673 124 28 ytterligare
482 674 150 21 häradsrätten
648 673 70 22 höras.
761 679 27 20 ag
804 673 99 22 förordar

84 703 73 21 derför
172 705 127 19 momentets
314 703 146 26 qvarstående,
474 703 77 21 sådant
566 702 36 22 det
617 704 29 19 är.

151 765 98 22 Pofessor
270 766 131 20 Donner:
431 766 110 21 Förenade
562 766 31 27 sig
613 766 48 21 med
677 766 135 27 domprosten
827 766 56 27 Borg
898 766 7 20 i

82 795 32 21 att
129 794 44 22 låta
189 795 36 21 det
240 795 51 21 bero
309 794 49 22 med
368 794 156 22 fastställandet
536 794 23 22 af
568 794 108 27 uttrycket
689 794 215 28 ,entreprenadlega*

82 829 48 15 men
150 823 65 22 också
229 823 48 21 med
293 824 98 20 afseende
406 824 13 20 å
434 824 36 21 det
485 823 88 21 framför
589 824 58 20 detta
662 823 88 21 stående
766 824 61 20 ordet
841 824 63 27 ,dub-

83 852 57 26 bel4;
157 853 21 26 ty
199 858 33 15 om
252 851 85 22 ståndet
357 852 99 26 möjligen
477 852 68 21 skulle
564 852 50 27 höja
635 852 60 27 legan
714 852 32 22 till
769 852 6 20 4
791 852 61 22 mark
866 858 39 21 per

83 880 37 22 mil
135 881 62 21 torde
212 881 35 21 väl
261 881 62 27 ingen
338 880 51 28 vilja
403 880 86 22 förorda
505 881 35 21 det
556 880 79 22 dubbla
646 881 99 27 beloppet
756 881 7 21 i
774 881 75 21 sädant
858 880 45 22 fall.

151 938 70 22 Sedan
247 938 145 22 diskussionen
415 938 87 22 härmed
518 938 105 26 afslutats,
641 938 39 22 och
694 938 132 27 proposition
842 938 62 22 fram-

83 967 76 28 ställts,
174 967 45 22 blef
239 967 87 28 ifrägav.
343 973 62 16 mom.
421 967 9 22 3
442 967 139 22 oförändradt
594 967 116 27 godkändt.

153 1025 67 23 Nästa
232 1025 84 27 plenum
329 1026 90 21 utsattes
432 1024 32 22 till
476 1025 96 27 tisdagen
585 1025 41 21 den
637 1025 26 21 16
677 1024 88 23 oktober
777 1024 28 22 kl.
820 1025 26 21 10
854 1024 14 23 f.
877 1030 27 16 m.

667 1086 23 18 In
701 1087 61 17 fidem:

573 1133 51 22 Carl
639 1133 47 22 Joh.
704 1133 132 28 Lindegvist.
