1086 1767
320 128 159 18 Presteståndet
492 129 53 17 1877.
569 130 13 16 9-
595 130 92 16 oktober.
827 123 54 21 1285

90 196 84 28 förslag.
204 196 110 22 Komiténs
330 196 133 22 betänkande
478 198 46 21 med
540 197 41 21 alla
596 198 46 20 sina
656 197 66 21 motiv
737 197 39 21 och
792 196 82 28 bilagor
886 199 24 19 är

91 226 63 20 också
169 225 32 21 till
216 226 95 20 ståndets
327 226 135 21 medlemmar
477 226 96 21 utdeladt
589 226 38 20 och
643 226 36 21 det
694 228 24 18 är
732 226 46 20 från
794 226 61 21 dessa
866 232 43 15 mo-

91 253 29 21 tiv
142 260 45 14 som
214 254 39 21 den
276 254 75 26 nådiga
372 254 158 27 propositionen
545 254 38 22 har
598 254 48 21 med
662 254 74 21 citater
751 254 102 22 afskrifvit
869 254 41 21 den

66 296 2 2 +
90 283 79 20 största
190 282 61 21 delen
273 282 23 21 af
315 282 142 26 bevisningen.
488 282 48 22 Men
556 283 69 21 denna
641 282 113 26 bevisning,
771 282 87 22 oaktadt
873 282 37 22 allt

90 309 39 22 sitt
151 310 60 22 lärda
232 311 107 27 utseende,
361 310 72 28 tyckes
452 311 42 26 mig
508 310 62 22 likväl
587 311 59 26 långt
660 311 53 21 ifrån
729 310 112 22 bindande.
870 310 40 28 Jag

89 338 36 22 vill
148 338 128 29 fullkomligt
291 339 70 21 lemna
375 339 59 21 åsido
450 339 41 21 alla
507 340 60 21 dessa
582 339 65 25 fakta,
664 345 44 15 som
723 341 37 19 äro
775 338 135 28 framdragna

89 368 48 22 från
152 368 26 22 de
194 368 69 22 äldsta
278 369 83 21 tiderna
375 381 28 3 —
419 368 37 21 det
470 371 24 19 är
509 374 26 16 en
550 368 69 27 vanlig
634 368 87 26 svaghet
736 368 38 21 hos
789 369 50 20 våra
850 368 60 21 lärda

88 396 87 28 jurister
189 400 33 18 att
232 396 11 22 i
258 397 73 27 hvarje
346 396 58 28 fråga
420 398 26 25 gå
461 397 88 21 tillbaka
563 397 32 21 till
611 396 202 28 landskapslagarna
828 408 27 4 —-
871 396 39 21 och

90 431 25 16 en
131 426 35 21 del
181 426 42 26 hop
239 426 66 21 andra
319 425 80 22 sådana
414 425 144 22 förhållanden
574 432 44 15 som
636 425 47 22 med
698 425 137 21 förevarande
850 425 60 26 fråga

89 454 108 27 ingenting
220 454 63 21 hafva
298 457 32 18 att
345 457 57 24 göra.
433 454 92 22 Sålunda
541 457 13 18 t.
571 461 30 15 ex.
618 453 39 22 allt
671 454 55 21 hvad
741 460 46 15 som
802 454 54 21 talas
872 454 38 21 här

91 489 33 15 om
140 483 209 27 landskapslagarna,
365 483 54 21 hvad
434 489 45 15 som
495 483 54 21 talas
565 489 32 15 om
614 482 63 21 Eriks
692 482 21 21 af
722 483 112 20 Pommern
847 482 63 21 skrif-

90 512 56 21 velse
164 511 22 21 af
200 511 41 22 den
258 512 25 20 13
299 511 53 28 april
371 513 53 20 1419
440 512 39 21 och
494 512 55 21 hvad
565 517 45 16 som
626 514 86 19 nämnes
727 517 33 15 om
777 511 36 21 det
828 511 23 21 så
867 511 42 22 kal-

89 539 49 23 lade
160 540 143 27 Björneborgs
326 540 94 25 riksdags
442 540 70 22 beslut
534 553 27 3 —
584 546 26 15 en
632 540 85 27 riksdag
738 546 45 15 som
800 539 32 22 för
847 539 63 27 öfrigt

90 569 67 27 aldrig
179 569 40 21 har
239 569 106 22 existerat.
376 569 43 21 Allt
440 571 58 19 detta
520 569 40 22 kan
581 575 65 21 gerna
666 569 79 20 lemnas
766 568 65 22 åsido.
860 568 50 22 Men

91 598 122 21 sedermera
234 598 38 27 går
295 598 141 26 bevisningen,
460 598 37 21 der
518 598 39 21 den
573 598 117 26 egentligen
707 597 76 27 börjar,
799 599 23 19 ut
837 598 26 26 på
879 599 32 19 att

91 627 131 26 ådagalägga
237 628 31 19 att
283 627 66 26 enligt
364 626 55 21 hvad
434 626 140 21 dokumenten
587 626 151 24 (dokumenten
749 625 84 22 finnas
825 621 14 36 i
844 626 66 21 komi-

91 656 47 21 téns
161 655 134 26 andragande
317 655 39 22 allt
376 655 45 22 från
440 655 37 21 sid.
502 656 39 21 108
559 655 83 27 framåt)
658 655 46 21 från
719 654 73 27 början
809 654 22 21 af
845 655 65 20 1600-

92 684 58 24 talet,
174 684 79 26 utvisa,
265 684 39 21 den
320 684 93 26 verkliga
428 684 180 27 tingsgästningen
624 683 67 22 skulle
707 683 61 22 hafva
784 683 91 21 betalats
890 682 21 22 af

91 712 43 22 alla
156 713 79 26 matlag
251 713 38 21 och
305 719 47 15 man
368 715 60 24 tager
443 712 32 21 för
490 713 91 26 afgjordt
597 714 32 20 att
645 712 179 27 tingsgästningen
840 712 6 21 i
861 711 49 22 Sve-

92 741 44 26 rige
152 741 38 21 och
206 742 7 20 i
228 741 90 22 Finland
333 741 6 20 i
355 741 59 22 detta
429 741 119 22 hänseende
563 743 36 19 äro
616 742 68 26 precis
700 747 79 15 samma
794 741 44 21 sak.
861 739 49 22 Men

92 776 22 15 se
137 770 19 21 vi
178 776 55 20 noga
256 770 27 26 på
305 771 26 20 de
354 770 120 25 dokument,
498 777 44 14 som
565 770 38 21 här
619 772 37 19 äro
672 769 129 26 meddelade,
815 769 61 22 skola
890 769 20 21 vi

91 798 64 25 finna,
176 801 32 19 att
229 799 72 26 hvarje
316 798 23 22 af
352 799 60 21 dessa
428 799 120 26 dokument,
564 799 37 21 der
618 798 35 21 det
667 798 116 27 inskärpes,
799 800 32 19 att
846 798 64 26 tings-

91 828 124 26 gästningen
235 827 54 22 skall
304 828 51 26 utgå
369 827 46 22 från
430 827 72 27 hvarje
517 827 84 27 matlag,
618 827 117 21 oberoende
751 827 24 21 af
787 833 33 14 om
837 827 36 20 det
887 828 25 19 är

92 856 110 21 hemmans
217 856 109 21 brukande
341 856 51 21 eller
407 855 26 28 ej,
449 856 55 21 talar
520 857 73 20 endast
609 862 33 15 om
659 854 253 29 tingsgästningspennin-

92 891 44 20 gar,
159 885 45 21 icke
220 891 33 15 om
269 885 247 27 tingsgästningskappar
530 885 39 22 och
584 887 32 19 att
631 884 42 21 alla
689 885 60 20 dessa
764 886 51 19 utan
830 883 81 22 undan-

92 916 36 24 tag
150 913 55 28 gälla
228 913 89 22 svenska
332 913 149 22 förhållanden.
512 914 32 21 De
560 914 115 21 dokument
690 914 101 25 deremot,
807 919 44 15 som
867 919 44 14 om-

92 944 77 19 nämna
188 943 26 20 de
238 941 66 22 finska
320 942 165 25 förhållandena,
502 942 18 21 d.
536 949 17 14 v.
569 949 16 14 s.
601 945 31 18 ett
647 942 69 26 kongl.
733 941 48 22 bref
793 941 46 22 från
856 941 54 21 1727

92 971 35 26 (på
143 971 37 21 sid.
198 971 40 21 129
254 971 22 22 af
289 971 104 21 komiténs
408 971 141 26 betänkande)
565 971 39 21 och
620 971 6 20 i
642 970 114 22 allmänhet
771 970 33 25 de,
819 976 45 15 som
877 970 34 21 stå

92 1001 6 20 i
121 999 151 27 sammanhang
295 1000 47 21 med
365 1000 59 21 detta
447 999 69 27 kongl.
536 999 51 26 bref,
603 999 19 22 d.
639 1005 18 16 v.
673 1005 16 15 s.
705 999 82 26 inlagor
802 998 45 21 från
863 998 48 21 Fin-

91 1028 57 27 land,
171 1028 123 21 utlåtanden
315 1027 47 22 med
378 1028 113 26 anledning
506 1028 22 21 af
541 1029 46 20 dem
604 1028 38 21 och
659 1028 98 26 kongliga
771 1027 139 21 resolutioner

92 1057 45 21 tala
156 1057 121 26 visserligen
293 1063 34 15 om
343 1056 93 27 lagmans
452 1057 39 21 och
506 1056 258 27 häradshöfdingskappar
779 1056 50 21 eller
844 1056 66 25 tings-

93 1085 195 27 gästningskappar,
305 1091 46 15 men
368 1086 37 20 der
420 1087 121 20 omnämnes
556 1085 146 27 uttryckligen,
718 1086 31 20 att
764 1085 25 20 de
804 1085 51 26 utgå
865 1084 46 21 från

93 1114 131 21 hemmanen.
254 1114 29 21 Så
304 1115 45 20 står
371 1113 35 22 det
428 1115 27 26 på
478 1114 52 21 sidd.
547 1115 39 20 129
602 1113 40 22 och
659 1113 48 26 136;
724 1113 35 21 det
775 1115 24 19 är
815 1112 96 21 öfverallt

92 1142 106 25 hemman,
219 1149 44 14 som
287 1142 99 24 omtalas;
409 1142 49 27 inga
475 1143 66 20 andra
555 1143 23 20 af
591 1142 67 25 dessa,
674 1148 45 15 som
735 1143 48 20 röra
798 1141 114 27 tingsgäst-

92 1171 149 27 ningskappar,
257 1173 76 19 nämna
349 1177 39 19 om,
404 1173 33 19 att
452 1171 61 22 dessa
528 1171 67 21 skulle
611 1171 51 25 utgå
677 1171 46 21 från
737 1170 72 27 hvarje
825 1169 85 27 matlag,

92 1200 85 21 hvarför
199 1199 42 22 alla
264 1199 61 22 dessa
346 1199 120 26 dokument,
482 1199 37 22 der
534 1200 35 21 det
584 1199 70 22 starkt
668 1199 109 26 inskärpes
792 1200 32 20 att
839 1198 71 27 hvarje

92 1229 85 26 matlag,
199 1228 61 21 äfven
281 1228 127 27 inhysingar,
431 1228 91 21 knektar
538 1228 38 21 och
593 1228 77 27 dylika,
686 1227 59 22 skola
761 1227 71 21 betala
847 1227 64 25 tings-

91 1257 104 27 gästning,
212 1257 55 26 angå
282 1256 84 27 Sverige
382 1257 39 21 och
437 1257 286 26 tingsgästningspenningar,
741 1261 46 16 men
803 1256 26 21 de
844 1255 68 21 doku-

92 1287 59 20 ment
173 1285 52 26 åter,
247 1291 46 16 som
316 1285 45 22 tala
382 1291 33 16 om
430 1285 251 26 tingsgästningskappar,
696 1284 43 21 tala
755 1290 33 15 om
805 1284 46 21 dem
867 1289 44 15 som

92 1314 105 26 utgående
221 1313 45 22 från
282 1314 103 21 hemman.
415 1313 105 27 Föröfrigt
535 1314 66 20 finnes
616 1313 42 25 det,
674 1313 68 21 såvidt
754 1313 37 25 jag
805 1312 39 21 har
858 1312 54 20 kun-

92 1345 38 18 nat
144 1342 64 25 finna,
223 1342 46 22 icke
284 1342 65 26 något
363 1342 53 21 enda
427 1342 23 21 af
459 1342 25 21 de
495 1342 114 22 dokument
620 1348 44 15 som
678 1342 38 20 här
726 1341 84 21 anföras
820 1340 90 21 rörande

92 1370 68 22 finska
180 1371 155 27 förhållanden,
356 1376 44 16 som
424 1371 68 21 skulle
514 1371 79 21 omtala
615 1372 65 20 annat
702 1372 26 19 än
747 1371 31 20 att
793 1369 36 21 det
843 1368 68 22 skulle

92 1400 51 24 utgå
158 1399 45 21 från
219 1399 72 26 hvarje
306 1399 69 21 bonde
390 1398 51 22 eller
456 1399 46 20 från
518 1399 71 25 hvarje
605 1399 96 20 hemman
717 1398 38 20 och
765 1400 34 18 att
810 1398 23 20 så
844 1397 68 20 måste

92 1426 62 22 hafva
172 1427 55 21 varit
242 1426 141 22 förhållandet
397 1426 67 21 finner
480 1433 48 14 man
543 1426 76 28 tydligt
634 1428 64 19 redan
714 1426 22 20 af
750 1425 73 27 sjelfva
837 1424 75 27 belop-

92 1458 42 25 pet.
163 1455 30 27 Ty
209 1456 75 20 medan
300 1456 26 21 de
341 1454 89 23 svenska
446 1454 310 28 tingsgästnivgspenningarna
771 1453 108 27 utgjordes
891 1452 23 22 af

92 1491 37 15 sex
143 1486 36 20 öre
194 1484 132 27 silfvermynt
341 1484 33 21 för
387 1484 87 24 mantal,
490 1490 36 15 var
541 1484 40 21 den
597 1482 68 22 finska
674 1483 180 27 tingsgästningen
865 1481 47 28 fyra

92 1514 82 28 kappar
195 1513 102 28 spanmål.
328 1512 49 22 Men
400 1512 46 28 fyra
467 1512 80 28 kappar
567 1512 97 28 spanmål
679 1512 152 28 uppskattades
846 1510 66 28 enligt
