1084 1825
303 142 160 19 Presteständet
477 143 54 17 1877.
554 144 27 17 23
598 144 92 17 oktober.
825 138 54 21 1603

86 212 34 21 mä
142 210 63 22 hafva
225 210 68 22 blifvit
308 212 109 21 statuerad
432 212 33 21 för
480 214 115 25 presterne,
611 214 32 19 att
658 212 26 20 de
700 212 18 26 ej
734 211 20 21 få
769 212 140 21 utarrendera

86 240 46 21 sina
150 239 94 27 prestbol
259 242 51 19 utan
326 242 32 19 att
372 241 27 25 gå
414 240 61 21 dessa
490 242 100 25 omvägar
604 240 40 21 och
659 240 53 21 söka
726 240 95 21 tillstånd
837 240 72 21 dertill

85 268 47 21 från
155 268 144 25 domkapitlet.
329 268 42 21 Det
392 268 67 27 ligger
480 269 7 21 i
509 268 53 22 hans
585 271 48 24 eget
654 268 90 21 intresse
766 274 34 15 om
816 268 41 21 han
872 267 36 22 vill

86 297 139 21 utarrendera
247 296 59 22 bolet
327 297 52 21 eller
401 297 54 27 icke,
471 297 39 22 och
524 297 36 22 vill
575 297 42 21 han
632 297 139 21 utarrendera
786 297 43 26 det,
844 296 25 21 sä
883 298 25 19 är

86 326 36 21 det
142 325 88 21 alldeles
252 326 79 24 säkert,
352 327 32 19 att
398 325 42 22 han
455 326 33 21 till
503 326 124 21 arrendator
643 325 73 27 bjuder
732 326 32 21 till
780 327 31 19 att
825 325 22 22 fä
859 325 48 26 den,

86 360 45 15 som
154 355 24 20 är
199 353 70 22 dertill
291 354 127 27 lämpligast.
449 355 40 26 Jag
510 360 62 16 anser
593 353 78 28 derför,
686 355 32 20 att
734 354 17 27 ej
768 353 65 22 heller
849 354 59 21 detta

86 383 67 21 andra
168 389 62 15 mom.
244 382 40 22 bör
298 383 67 21 finnas
380 383 6 20 i
400 383 131 26 paragrafen.

154 439 90 22 Prosten
266 440 171 26 Rosengren:
460 441 40 26 Jag
522 440 85 22 förenar
621 440 43 27 mig
678 440 48 22 med
742 443 86 24 prosten
843 440 65 27 Berg-

87 468 48 21 roth
157 468 109 27 angående
287 469 9 20 1
313 475 63 14 mom.
405 468 31 27 Ty
451 469 36 21 det
502 469 106 21 förefaller
623 468 106 28 underligt
744 471 33 19 att
791 469 118 21 bestämma

86 497 65 27 nägot
173 497 82 28 sädant,
277 503 44 16 som
344 497 66 21 redan
432 497 57 22 förut
505 500 24 19 är
544 498 105 27 stadgadt.
679 497 49 22 Men
741 497 37 27 jag
792 503 69 21 anser,
877 499 32 20 att

86 526 36 21 det
137 531 75 16 senare
227 528 116 19 momentet
358 526 39 21 har
411 527 56 25 goda
481 527 48 21 skäl
543 527 33 21 för
590 527 32 26 sig
636 526 40 21 och
692 527 36 21 det
742 527 28 26 pä
782 527 40 20 den
832 527 75 26 grund,

86 556 32 20 att
140 561 35 15 om
198 555 69 21 denna
288 554 125 27 författning
435 555 40 21 blir
491 558 97 24 antagen,
604 557 24 19 är
642 555 19 27 ej
676 557 85 25 presten
776 561 44 15 mer
835 561 72 15 ensam

86 583 62 22 herre
168 583 8 21 i
198 585 36 20 sitt
249 584 46 26 hus,
310 585 51 20 utan
376 583 149 29 församlingen
541 586 24 19 är
580 584 53 21 hans
648 583 138 28 kompanjon;
802 586 22 24 ty
839 583 27 22 dä
882 584 26 21 de

86 612 56 21 häda
164 612 60 22 skola
245 612 166 27 sammanskjuta
434 612 41 26 det,
498 613 49 21 med
570 612 80 22 hvilket
671 613 138 26 prestgärden
830 613 78 21 under-

86 641 75 25 bälles,
182 648 62 14 anser
261 642 43 26 jag,
319 643 32 19 att
367 641 60 21 deraf
440 642 67 26 följer,
522 644 33 19 att
570 644 86 24 presten
671 641 18 27 ej
704 641 68 22 heller
787 647 49 21 eger
851 647 59 15 mera

87 671 32 19 att
134 676 72 15 ensam
221 670 62 21 sköta
297 670 144 26 prestgärden.

156 726 91 22 Prosten
262 727 77 21 Roos:
354 727 41 27 Jag
410 726 140 22 understöder
564 729 87 25 prosten
666 726 104 27 Bergroth
785 726 56 22 hvad
853 726 57 22 bäda

86 758 122 18 momenten
231 754 107 27 beträffar,
359 761 48 15 men
422 757 131 25 protesterar
567 758 45 19 mot
626 757 86 25 prosten
727 756 133 26 Rosengrens
875 758 34 18 ut-

87 784 61 27 tryck
168 786 32 20 att
220 786 85 25 presten
325 783 18 28 ej
360 784 68 22 skulle
443 790 51 16 vara
507 784 63 22 herre
584 784 8 21 i
606 784 37 22 sitt
659 784 39 21 hus
714 789 34 16 om
764 784 67 22 denna
846 790 61 21 para-

87 813 48 27 graf
148 815 94 25 antages.

156 870 90 21 Prosten
268 869 95 28 Hjelt:
386 869 40 28 Jag
447 869 124 28 föredrager
588 870 7 21 i
611 870 59 21 detta
684 869 36 22 fall
736 869 40 22 den
791 869 119 28 Kejserliga

87 899 159 28 propositionen
268 899 70 21 säsom
361 899 227 21 öfverensstämmande
607 898 49 22 med
671 899 12 20 9
700 898 90 22 artikeln
805 899 7 20 i
827 899 83 21 Preste-

87 928 96 21 ständets
204 927 120 27 privilegier
343 927 39 22 och
404 927 65 27 yrkar
488 927 90 24 säledes,
593 929 32 20 att
639 927 70 21 säsom
724 926 78 22 kontra
816 927 93 27 proposi-

87 957 45 20 tion
156 957 44 20 mot
222 956 115 21 utskottets
358 955 133 22 betänkande
513 957 9 20 1
539 962 63 15 mom.
618 956 116 26 uppställes
749 956 68 21 första
832 955 80 22 menin-

88 991 40 21 gen
144 985 22 21 af
180 985 40 21 den
237 985 26 20 10
275 985 13 26 8
299 985 7 21 i
316 984 117 27 Kejserliga
443 985 165 26 propositionen.
638 984 61 21 Hvad
710 984 95 22 deremot
814 986 96 25 prestens

87 1013 103 27 rättighet
212 1015 32 19 att
259 1013 140 22 utarrendera
413 1013 118 26 prestbolet
545 1013 138 26 vidkommer,
698 1014 24 19 är
738 1013 36 21 det
788 1013 27 26 pä
830 1019 81 15 samma

88 1043 50 23 sätt,
160 1047 46 16 som
228 1047 28 16 nu
278 1044 23 19 är
323 1041 108 27 stadgadt;
456 1047 26 16 en
503 1044 59 25 prest
584 1047 49 21 eger
654 1041 18 26 ej
695 1041 102 27 rättighet
812 1043 32 20 att
859 1043 52 20 utan

89 1070 151 27 domkapitlets
258 1071 96 21 tillstånd
373 1070 42 21 ooh
430 1070 125 26 begifvande
570 1070 139 21 utarrendera
724 1071 32 20 sin
771 1069 111 27 prestgärd
897 1071 13 20 9

88 1099 12 28 8
119 1099 7 22 i
148 1099 169 27 presterskapets
339 1099 119 27 privilegier
480 1099 64 27 lyder.
576 1115 4 10 ,
582 1098 115 27 Eftersom
720 1099 137 26 nägorstedes
880 1098 31 21 uti

88 1129 56 20 riket
166 1129 68 20 under
254 1127 155 22 Presteborden
431 1127 68 22 finnas
519 1129 58 20 stora
592 1126 40 22 och
646 1127 46 21 vidt
707 1127 106 27 begrepna
827 1127 84 27 tilegor,

89 1163 45 15 som
149 1156 57 27 ligga
222 1157 115 25 obrukade,
353 1156 32 21 till
400 1157 61 26 ingen
477 1156 60 21 Mans
552 1157 67 26 nytta,
634 1155 40 22 och
689 1156 71 21 kunna
773 1155 64 22 likväl
849 1157 62 25 göras

88 1185 92 28 nyttiga;
203 1186 99 27 therföre,
324 1185 27 27 på
373 1185 46 21 thet
444 1187 22 20 at
489 1185 226 26 Prestegårds-egorne
739 1184 67 22 måtte
829 1184 83 22 således

88 1214 126 28 upbrukade
228 1215 76 25 varda;
319 1217 23 24 ty
357 1213 96 23 efterlåte
468 1213 33 22 Wi
516 1213 90 27 nådigst,
622 1215 23 19 at
659 1213 37 22 the
710 1213 152 27 Kyrkoherdar
872 1213 40 22 och

89 1243 133 27 Capellaner,
237 1249 45 15 som
297 1243 43 21 lust
356 1242 39 22 och
409 1243 74 21 tilfelle
498 1242 73 22 thertil
583 1241 69 27 hafva,
667 1242 35 21 må
714 1242 94 26 upsättia
817 1242 56 26 Torp
883 1242 28 26 på

89 1272 141 22 Prestebords
253 1272 97 27 enskylta
364 1277 57 21 egor,
438 1271 53 22 dock
506 1271 48 21 med
568 1270 170 27 Församlingens
753 1270 95 27 vetskap,
864 1277 47 15 ran-

90 1301 66 21 sakan
172 1301 40 21 och
226 1301 183 27 Tings—Rättens
424 1301 58 25 Laga
494 1300 97 21 tillstånd
601 1302 55 18 samt
666 1299 195 26 Landshöfdingens
872 1299 39 21 och

91 1329 214 27 Cammar—Collegii
320 1328 147 28 approbation,
485 1328 23 22 sä
523 1330 23 19 at
555 1328 152 21 Prestebordet
716 1328 132 26 therigenom
857 1328 55 21 intet

90 1358 64 22 mehn
169 1359 53 21 eller
236 1359 84 26 inträng
334 1358 7 21 i
356 1358 68 27 nägon
440 1357 67 22 mätto
523 1357 91 27 tilfogas,
627 1357 53 22 eller
689 1356 79 28 skogen
781 1356 131 28 therigenom

90 1387 92 22 förödes.
213 1387 86 22 Samma
320 1387 55 27 Torp
397 1387 35 21 mä
454 1387 65 21 sedan
541 1386 75 21 häfdas
635 1388 51 19 utan
701 1387 33 20 att
749 1385 72 22 vidare
837 1386 76 21 besvär

90 1416 69 21 under
172 1416 141 21 Prestebords
328 1415 134 28 Privilegio**.
477 1421 18 16 0.
511 1421 17 15 s.
544 1421 19 15 v.

160 1473 90 20 Prosten
264 1472 141 26 Bergroth:
421 1472 42 20 Det
477 1471 80 27 stycke,
574 1477 44 15 som
633 1473 87 24 prosten
735 1471 59 26 Hjelt
808 1471 104 26 uppläste,

92 1502 24 20 är
132 1501 123 26 detsamma,
270 1506 46 15 som
331 1501 52 20 sista
397 1500 112 25 meningen
524 1500 6 20 i
546 1499 67 22 första
628 1505 62 15 mom.
706 1498 116 22 innehäller
837 1499 39 21 och
889 1501 24 18 är

92 1529 69 22 denna
176 1529 84 27 mening
274 1528 83 23 således
372 1527 127 28 öfverflödig.
