1073 1811
191 140 55 21 1698
387 144 159 18 Presteståndet
560 146 54 17 1877.
639 145 24 17 27
676 145 91 17 oktober.

161 214 70 22 lärare
247 214 40 21 och
303 214 42 21 600
359 214 61 22 mark
435 214 28 26 på
477 214 72 26 hvarje
565 212 204 23 folkskollärarinna.
786 226 25 4 —
823 213 49 22 Med
887 213 101 22 afseende

161 244 14 20 å
190 242 26 22 de
230 242 87 27 förslag,
332 248 45 15 som
393 245 85 24 prosten
494 242 106 22 Johnsson
616 242 39 21 har
670 242 122 26 framhållit,
807 242 70 22 skulle
889 243 36 26 jag
937 242 50 26 vilja

161 271 118 21 framställa
299 278 26 14 en
348 270 151 26 modifikation,
522 277 46 15 som
591 270 106 22 måhända
719 270 64 22 också
801 271 71 21 kunde
887 270 100 22 tillfreds-

161 299 63 22 ställa
239 299 26 21 de
281 300 74 25 talare,
377 305 46 15 som
444 299 62 21 hafva
521 299 62 27 yrkat
606 300 27 25 på
648 299 163 21 kommunernas
827 299 111 26 åliggande
953 301 33 19 att

161 334 107 15 ensamma
284 327 93 22 bestrida
392 328 63 21 lönen
467 327 32 22 för
509 327 188 22 folkskollärarene
708 327 39 22 och
758 327 152 22 lärarinnorna.
935 327 51 21 Mitt

160 356 79 26 förslag
254 356 62 26 ginge
331 358 24 19 ut
371 356 70 26 derpå,
463 358 33 19 att
518 358 69 19 staten
609 356 69 21 skulle
699 356 78 27 bevilja
798 357 39 20 den
861 356 127 27 ifrågasatta

160 384 146 27 förhöjningen
322 386 45 20 mot
381 385 75 26 vilkor,
471 387 33 19 att
519 384 152 22 kommunerna
686 384 13 21 å
713 385 33 21 sin
761 385 46 21 sida
817 384 69 22 skulle
897 385 88 26 bidraga

160 413 49 22 med
225 419 25 16 en
265 413 44 21 lika
328 414 45 21 stor
387 419 82 15 summa
491 413 31 21 till
543 413 200 22 folkskollärarenes
765 413 39 21 och
826 413 161 22 lärarinnornas

160 441 174 28 löneförhöjning.
363 441 40 28 Jag
419 441 118 22 föreställer
552 443 48 26 mig,
616 444 37 23 att,
672 442 64 21 sedan
752 442 152 21 kommunerna
919 441 66 28 enligt

160 470 98 27 gällande
279 470 230 27 folkskoleförfattning
532 470 104 22 anskaffat
658 470 128 22 skollokaler
807 471 40 22 och
869 471 86 22 dermed
977 471 7 20 i

161 499 154 27 sammanhang
337 499 88 22 stående
447 499 121 28 byggnader
590 499 40 22 och
651 499 7 22 i
676 499 63 27 öfrigt
762 499 109 28 fullgjordt
893 500 42 21 alla
958 499 27 22 de

161 529 121 26 prestanda,
306 535 45 15 som
373 528 98 27 gällande
493 528 179 27 skolstadganden
695 529 112 26 innehålla,
831 529 153 21 kommunerna

160 557 115 27 ingalunda
290 563 50 15 vore
356 557 84 26 ovilliga
456 559 31 20 att
503 557 76 27 bevilja
594 557 74 26 anslag
683 557 31 21 till
729 557 123 26 förhöjande
867 557 22 22 af
903 558 81 21 lärares

161 585 39 22 och
216 585 129 21 lärarinnors
357 585 60 21 löner
432 585 33 21 vid
481 586 61 21 deras
558 592 54 20 resp.
627 585 124 27 folkskolor,
767 586 27 21 då
809 587 62 21 dessa
885 585 99 22 kommu-

161 620 38 16 ner
215 620 50 16 vore
281 614 115 21 förvissade
416 614 72 22 derom
509 616 33 20 att
564 614 26 21 de
605 614 84 22 komme
704 614 6 21 i
725 614 78 22 åtanke
818 614 21 22 af
853 614 131 27 statsbidrag

161 643 6 21 i
183 648 81 16 samma
279 642 124 28 proportion
425 649 44 15 som
493 644 26 20 de
533 642 75 27 sjelfva
622 642 59 22 anslå
696 643 33 21 för
743 643 160 27 ifrågavarande
918 644 63 20 ända-

160 671 49 22 mål.
238 671 74 22 Redan
334 678 29 14 nu
385 671 62 21 hafva
469 672 154 21 kommunerna
645 672 55 26 gjort
716 672 108 26 ansenliga
838 671 146 28 uppoffringar

159 700 8 21 i
183 699 40 23 och
243 700 34 21 för
291 700 199 22 åstadkommandet
510 700 22 22 af
552 700 159 26 ifrågavarande
729 700 172 28 löneförhöjning.
931 700 50 22 Men

159 728 62 22 äfven
236 728 7 21 i
258 728 26 22 de
299 728 130 27 kommuner,
451 730 7 20 i
473 729 71 22 hvilka
566 729 100 22 intresset
685 729 32 22 för
731 728 178 29 folkskolefrågan
925 731 56 19 ännu

160 759 32 19 är-
199 757 60 27 ringa
275 757 38 22 och
329 757 123 28 obetydligt,
468 758 67 22 skulle
551 758 59 21 detta
625 758 51 22 ökas
692 765 34 15 om
737 764 48 16 man
796 759 69 25 visste,
881 760 32 20 att
924 758 57 22 löne-

160 786 145 27 förhöjningen
321 786 22 21 af
357 788 69 20 staten
442 787 85 26 beviljas
547 788 4 20 i
566 787 41 21 den
629 788 48 20 mån
700 787 39 22 och
762 788 67 21 under
851 788 36 21 det
907 787 76 26 vilkor,

160 817 32 20 att
207 815 153 22 kommunerna
374 815 82 27 förhöja
471 815 87 22 lönerna
572 815 8 22 i
594 822 80 15 samma
689 816 129 27 proportion.
832 829 27 2 —
872 817 11 21 I
893 817 90 20 motsats

159 846 46 19 mot
219 843 56 22 hvad
292 844 77 21 doktor
384 844 96 22 Lindelöf
495 844 39 22 har
548 845 115 21 framhållit
677 846 69 20 såsom
762 845 41 21 den
818 845 21 21 af
852 845 79 21 honom
946 851 36 15 an-

160 873 66 21 sedda
241 872 194 27 hufvudsakligaste
455 873 173 27 betänkligheten
643 876 57 19 emot
715 873 101 27 förslaget
831 880 34 15 om
881 873 102 22 folkskol-

159 901 80 21 lärares
255 901 40 21 och
310 901 129 21 lärarinnors
448 902 175 26 löneförhöjning,
639 904 33 19 att
681 902 104 26 nemligen
796 903 99 21 intresset
908 903 3 20 i
921 903 61 20 kom-

159 935 103 15 manerna
277 929 68 21 skulle
364 930 66 21 hellre
446 930 76 27 aftaga,
543 933 26 19 än
585 930 89 27 tilltaga,
689 931 68 21 skulle
771 931 36 26 jag
822 937 56 20 anse,
893 932 32 20 att
937 930 46 27 just

160 959 31 21 ett
206 958 76 22 sädant
297 958 48 21 med
360 958 69 22 vilkor
443 958 79 22 fästadt
537 959 126 27 lönebidrag
678 959 32 21 till
725 960 152 20 kommunerna
886 960 33 20 för
928 965 54 21 upp-

159 986 114 27 hjelpande
287 986 22 22 af
323 986 107 22 lärarenes
445 988 39 20 och
499 987 158 22 lärarinnornas
672 987 34 21 lön
722 988 68 21 skulle
801 994 44 15 mer
854 990 129 25 uppmuntra

159 1015 154 21 kommunerna
335 1018 31 18 att
388 1016 60 20 äfven
471 1016 46 22 frän
538 1016 32 21 sin
589 1016 45 21 sida
653 1016 114 28 upphjelpa
787 1016 26 22 de
828 1017 72 21 snäiva
915 1017 66 25 löner,

159 1050 45 15 som
219 1044 34 21 för
267 1044 131 22 närvarande
413 1044 120 22 tillkomma
546 1046 7 20 i
568 1045 60 26 fräga
643 1046 92 20 varande
750 1045 69 21 lärare
840 1046 39 20 och
894 1045 88 21 lärarin-

159 1078 46 15 nor.
235 1073 42 21 Det
291 1074 25 20 är
331 1078 45 16 mer
390 1075 26 19 än
431 1072 190 27 beundransvärdt,
637 1076 32 19 att
684 1074 61 21 dessa
760 1074 69 22 lärare
845 1074 39 22 och
894 1073 88 23 lärarin-

159 1107 46 19 nor,
221 1107 45 15 som
282 1101 75 21 arbeta
371 1101 7 21 i
393 1102 38 21 sitt
445 1102 81 22 anletes
541 1104 56 20 svett
611 1103 28 20 42
656 1102 77 22 veckor
745 1108 34 16 om
792 1104 52 25 året,
859 1103 46 21 icke
916 1103 7 21 i
934 1102 49 22 dess

158 1131 69 20 större
244 1130 47 21 män
307 1130 39 22 och
361 1130 7 20 i
383 1132 68 20 större
466 1130 58 22 antal
539 1131 63 21 hafva
618 1131 117 21 deserterat
750 1132 46 21 frän
812 1132 35 21 det
859 1132 61 21 svära
932 1131 50 25 kall,

159 1158 32 21 till
213 1158 80 21 hvilket
316 1159 26 21 de
364 1158 63 22 hafva
442 1159 59 26 gifvit
523 1160 37 26 sig,
585 1160 27 21 dä
634 1166 48 15 man
702 1160 98 21 besinnar
815 1161 26 20 de
855 1160 129 25 förmänliga

158 1186 161 27 konjunkturer,
343 1193 45 15 som
410 1188 27 26 pä
460 1188 65 21 andra
548 1188 41 21 häll
609 1194 56 21 yppa
679 1188 32 26 sig
726 1189 32 20 till
773 1188 99 27 rikligare
887 1189 96 20 utkomst

159 1214 40 22 och
221 1215 107 26 bergning.
360 1215 43 21 För
424 1217 33 19 att
479 1215 71 22 derför
568 1217 46 20 icke
630 1217 46 20 värt
697 1216 195 22 folkskoleväsende
914 1217 69 21 mätte

158 1243 42 21 lida
216 1243 30 26 sä,
262 1245 31 20 att
309 1244 48 21 dess
373 1243 40 22 död
429 1244 34 21 mä
477 1244 91 27 inträda,
584 1245 36 21 vill
633 1245 36 26 jag
684 1245 27 27 pä
727 1245 35 21 det
772 1248 106 19 varmaste
888 1245 93 26 förorda,

158 1274 32 19 att
207 1271 6 21 i
228 1271 59 28 fräga
302 1272 91 21 varande
413 1272 167 28 löneförhöjning
596 1273 65 21 mätte
676 1274 22 21 af
711 1273 82 22 landets
809 1274 92 21 Ständer
916 1273 66 22 bevil-

154 1300 35 27 jas
207 1300 39 21 och
261 1301 6 20 i
283 1300 100 21 händelse
397 1301 70 21 denna
481 1301 169 28 löneförhöjning
666 1302 21 21 af
701 1301 119 22 Ständerna
835 1303 18 26 ej
869 1302 70 21 kunde
954 1302 29 27 pä

158 1329 67 21 andra
241 1329 68 21 vilkor
324 1329 107 26 omfattas,
447 1329 35 22 vill
496 1330 36 27 jag
546 1330 117 21 framställa
678 1331 35 20 det
728 1331 23 20 af
765 1331 42 26 mig
822 1331 110 26 päpekade
944 1330 37 21 vil-

157 1357 69 26 koret,
248 1359 32 18 att
302 1357 153 21 kommunerna
470 1359 13 19 ä
498 1358 31 20 sin
552 1359 46 20 sida
622 1359 65 20 måtte
704 1359 87 26 bidraga
806 1359 48 21 med
869 1359 43 20 lika
927 1360 56 19 stort

158 1384 77 26 belopp
259 1385 6 20 i
281 1384 151 27 förhöjningen,
456 1391 45 15 som
521 1387 79 20 staten.
630 1385 117 22 Lärarenes
768 1387 59 20 löner
847 1386 68 22 skulle
935 1387 46 20 här-

157 1412 84 27 igenom
265 1412 65 21 blifva
345 1415 32 19 ett
391 1415 60 20 tusen
467 1413 60 22 mark
542 1414 39 21 och
597 1414 157 22 lärarinnornas
769 1415 128 22 ättahundra
913 1415 70 26 mark,

158 1441 131 22 oberäknadt
309 1443 25 20 de
349 1441 98 27 fördelar,
467 1448 44 15 som
528 1443 60 21 dessa
603 1443 70 22 lärare
688 1443 39 22 och
743 1443 118 22 lärarinnor
875 1444 63 22 hafva
954 1445 29 26 pä

157 1469 68 27 grund
248 1470 23 22 af
291 1470 145 26 stadgandena
451 1471 6 20 i
472 1470 99 27 gällande
592 1472 173 27 skolförfattning
787 1473 22 21 af
823 1473 160 21 vederbörande

157 1498 131 22 kommuner.
319 1498 50 22 Men
391 1501 32 19 att
446 1500 35 21 det
504 1500 32 21 väl
557 1500 29 21 täl
602 1501 34 20 vid
652 1507 25 15 en
693 1502 64 21 sädan
773 1502 119 27 förhöjning
907 1502 75 27 tycker

154 1527 38 27 jag
207 1528 32 21 för
253 1528 43 21 min
312 1527 33 21 del
361 1528 65 27 ligger
441 1528 32 21 för
489 1530 67 26 öppen
572 1529 47 27 dag.
