1086 1834
314 136 159 18 Presteståndet
486 137 54 17 1877.
564 138 26 17 20
602 138 91 17 oktober.
827 133 53 21 1539

91 204 68 21 skulle
181 204 21 22 få
218 204 119 28 öfverflytta
352 207 37 21 sitt
403 212 64 16 namn
482 206 32 22 till
529 208 123 26 pastoratet,
667 209 50 19 utan
733 208 78 21 räknas
826 208 31 21 till
874 208 35 22 det

90 238 41 21 nya
145 235 119 24 pastoratet
280 234 47 22 med
343 235 47 22 dess
404 235 58 22 förra
477 242 67 15 namn.
570 236 83 21 Sådana
663 236 165 27 småaktigheter
838 236 70 22 åstad-

95 267 80 16 komma
198 262 70 26 oftast,
291 263 69 21 såsom
383 264 68 21 denna
473 264 61 27 gång,
556 264 94 27 krångel,
667 264 80 22 hvilket
762 266 25 19 är
801 265 62 26 högst
877 266 31 20 vi-

91 290 61 26 drigt.
180 290 40 22 Till
236 290 171 24 förekommande
422 292 23 21 af
455 293 78 21 sådant
548 293 92 21 önskade
654 293 42 27 jag,
710 295 30 19 att
754 294 3 20 i
768 293 69 21 denna
847 300 61 20 para-

89 318 47 26 graf
157 319 65 21 måtte
238 320 83 26 intagas
337 327 24 15 en
377 320 64 22 sådan
457 322 138 26 bestämning,
612 322 30 20 att
657 322 7 20 i
679 322 76 20 sådant
769 322 43 25 fall,
829 322 38 21 der
882 328 24 16 en

89 346 123 28 församling
235 348 18 26 ej
275 349 37 21 vill
334 349 88 22 bekosta
445 350 113 26 anständig
580 350 91 26 aflöning
693 350 22 21 åt
730 351 32 20 sin
777 352 65 24 prest,
859 350 49 22 den-

89 381 80 16 samma
192 376 34 22 må
249 378 150 21 contumaciter
421 378 84 22 förenas
528 379 47 21 med
595 378 98 27 antingen
709 380 94 20 närmast
819 379 89 27 belägna

98 405 113 26 örsamling
235 406 51 21 eller
309 406 64 22 också
388 407 40 21 den
443 407 74 21 moder
531 407 195 27 kyrkoförsamling,
742 408 94 26 kapellet
851 408 57 21 förut

89 433 38 21 har
150 433 88 22 tillhört.
254 446 27 3 —
296 435 107 25 Föröfrigt
426 436 37 21 ber
483 436 36 26 jag
540 438 31 19 att
586 436 22 21 få
622 436 107 25 anmärka,
745 438 32 19 att
793 436 38 21 här
846 437 7 21 i
869 438 10 19 1
896 437 11 27 $

90 462 39 22 och
152 462 61 22 äfven
229 463 6 21 i
252 464 24 20 de
292 464 67 27 öfriga
381 464 142 22 förekommer
545 464 198 27 embetsbefattning
767 465 39 21 och
822 466 85 21 dermed

89 491 99 21 förenade
204 491 124 28 åligganden
344 494 68 20 såsom
428 494 68 25 grund
512 494 32 20 för
559 493 119 26 fördelning
690 493 22 21 af
720 493 124 27 aflöningen.
867 494 41 21 Det

97 520 58 26 igger
177 520 64 26 något
263 522 114 21 sväfvande
392 522 6 21 i
414 522 59 21 detta
495 522 89 27 uttryck.
614 522 42 21 Det
679 522 66 21 skulle
764 522 26 21 då
805 522 56 26 gälla
876 525 31 19 att

86 548 92 27 jemföra
193 549 199 28 embetsbefattning
407 551 39 21 och
462 550 200 26 embetsbefattning
676 550 39 22 och
728 551 117 21 bestämma
855 551 52 21 hvil-

93 579 32 19 ket
145 578 132 21 förhållande
293 579 61 21 dessa
369 579 61 21 stode
445 579 32 21 till
493 580 125 24 hvarandra,
634 585 34 15 om
682 586 35 18 nu,
733 580 69 20 såsom
818 580 90 26 afsigten

89 607 56 20 lärer
167 612 58 20 vara,
242 614 48 15 man
306 608 79 27 åsyftar
399 610 32 19 att
446 608 99 22 nivellera
560 611 134 23 pastorernes
709 607 91 28 aflöning
815 608 93 26 kapella-

89 642 65 14 nerne
170 635 31 21 till
216 636 95 22 framma.
327 649 27 3 —
370 636 61 22 Hvad
447 638 12 20 2
475 643 62 15 mom.
553 636 101 22 beträffar
668 636 38 22 ber
720 637 35 27 jag
770 639 32 19 att
817 637 20 21 få
853 636 53 22 äter-

89 664 72 21 hemta
177 671 80 14 samma
273 666 144 26 anmärkning,
433 672 45 15 som
492 666 36 26 jag
543 666 5 20 i
562 665 128 27 förmiddags
701 665 54 21 hade
766 668 50 18 äran
828 665 78 25 anföra,

90 695 31 18 att
143 693 103 26 nemligen
270 694 206 26 stadsförsamlingar
498 694 130 21 fortfarande
650 700 39 20 ega
703 694 80 21 förfara
799 694 53 21 efter
866 696 40 25 god

89 721 68 26 tycke.
187 722 43 26 Mig
246 728 66 21 synes,
328 725 37 22 att,
382 722 99 22 eftersom
497 729 47 15 man
559 722 28 28 på
601 722 115 22 utskottets
733 724 77 26 vägnar
825 723 81 21 beröm-

90 756 45 14 mer
150 750 32 26 sig
197 750 22 20 af
233 753 32 18 att
280 751 107 21 bibehålla
402 751 40 21 den
457 751 115 21 historiska
587 751 161 26 kontinuiteten,
765 752 36 20 det
815 758 50 14 vore
881 751 27 27 pä

89 778 58 22 tiden
163 780 31 20 att
209 778 96 28 tillämpa
320 781 68 21 denna
405 780 129 21 kontinuitet
549 780 61 21 äfven
625 780 27 26 på
668 780 238 26 stadsförsamlingarna.

89 807 49 21 Man
161 808 109 25 erkänner,
293 811 32 19 att
348 809 35 21 det
402 810 23 20 är
440 809 36 21 två
491 808 55 27 slags
561 808 205 27 lönebestämningar
782 808 6 21 i
805 808 102 22 landsför-

89 836 149 27 samlingarna,
260 838 45 20 dels
328 838 103 26 nemligen
448 838 53 20 efter
517 837 105 27 persontal
638 837 39 21 och
692 837 45 21 dels
753 837 53 21 efter
821 837 85 21 mantal.

89 864 41 22 Det
153 866 24 20 är
197 865 44 27 just
263 872 81 15 samma
366 867 138 25 bestämning,
524 866 36 26 jag
575 866 77 20 saknar
668 866 38 20 här
720 866 7 20 i
748 866 6 20 2
771 872 61 15 mom.
850 866 29 21 vis
895 866 12 21 ä

89 893 31 21 vis
143 894 105 20 städerne.
277 894 30 27 Ty
329 894 244 27 stadsförsamlingarnas
588 894 104 27 godtycke
707 894 40 21 har
761 895 96 26 vanligen
872 901 35 20 ge-

89 923 74 20 staltat
178 923 30 26 sig
224 923 22 21 så
261 923 36 21 vid
312 927 57 24 prest
386 925 97 20 lönernas
498 923 164 26 bestämmande,
678 925 32 20 att
725 924 62 20 lönen
801 923 106 27 verkligen

89 950 39 22 har
144 951 67 21 blifvit
226 951 96 22 bestämd
338 953 53 21 efter
407 959 137 20 personerna;
561 958 47 15 men
624 954 32 19 att
670 952 7 20 i
693 959 25 14 en
733 953 66 20 sådan
817 952 91 21 bestäm-

89 979 50 26 ning
154 979 66 27 ligger
236 987 25 14 en
277 983 44 19 stor
336 982 101 21 orättvisa
453 983 24 19 är
492 981 97 25 solklart;
605 983 22 24 ty
643 987 25 14 en
679 980 61 27 fattig
751 981 98 21 arbetare
860 981 48 21 med

90 1010 68 19 större
174 1008 66 27 familj
255 1009 96 22 kommer
367 1010 120 26 derigenom
503 1012 32 19 att
550 1009 32 21 till
592 1012 120 23 presternas
722 1009 91 26 aflöning
824 1009 83 28 deltaga

89 1037 33 20 till
138 1043 26 15 en
179 1039 69 20 större
264 1038 40 26 del,
321 1041 26 18 än
362 1045 25 14 en
403 1039 115 26 förmögen.
543 1038 77 21 Derför
634 1038 93 21 önskade
740 1038 43 27 jag,
800 1040 31 19 att
843 1039 65 25 något

91 1065 64 22 borde
177 1066 128 22 bestämmas
327 1067 70 22 såsom
421 1067 77 21 minsta
512 1067 97 26 personel
624 1067 59 26 afgift
698 1066 39 22 och
752 1067 95 21 deremot
862 1073 45 15 sva-

89 1095 66 20 rande
171 1095 133 28 bestämning
319 1095 60 22 äfven
394 1097 91 20 utsättas
501 1096 32 21 för
547 1095 108 27 betalning
670 1095 54 22 efter
739 1096 101 21 skattöre.
866 1095 42 22 Det

90 1123 61 21 torde
167 1130 50 15 vara
228 1130 25 15 en
265 1125 62 26 högst
338 1125 63 27 nödig
411 1125 68 26 grund
489 1125 34 21 för
532 1127 32 20 att
573 1125 46 21 icke
630 1124 54 22 blott
695 1124 38 22 och
745 1124 49 21 bart
804 1125 103 26 godtycke

90 1153 33 20 må
139 1153 38 20 allt
193 1153 105 26 framgent
315 1153 93 22 herrska.
423 1167 27 2 —
466 1154 113 27 Angående
595 1154 12 21 3
622 1159 63 15 mom.
701 1155 23 20 är
737 1153 36 26 jag
789 1153 18 26 ej
823 1155 43 19 rätt
881 1154 26 26 på

91 1181 35 21 det
149 1181 59 22 klara
231 1181 55 22 hvad
309 1183 109 26 meningen
441 1183 84 21 dermed
548 1183 41 21 kan
605 1188 57 19 vara,
680 1184 32 19 att
728 1183 26 20 då
770 1183 83 24 ,lands-
869 1183 38 20 och

90 1210 179 27 stadskommun",
292 1211 70 22 såsom
383 1212 36 21 det
441 1212 60 21 heter
515 1224 27 3 —
558 1211 79 22 hvilket
652 1211 38 21 ord
707 1211 124 24 ,kommun*
846 1211 62 22 äfven

87 1239 38 26 jag
141 1239 97 27 önskade,
254 1241 30 20 att
301 1241 63 20 måtte
380 1241 116 24 förändras,
512 1241 32 20 till
559 1240 149 27 ,,församling"
722 1252 24 3 —
757 1257 6 10 ,
770 1240 138 27 tillsammans

91 1269 75 25 utgöra
189 1275 25 14 en
233 1269 128 27 församling,
377 1269 38 21 bör
430 1269 186 21 stadskommunen
631 1268 84 26 deltaga
729 1270 5 19 i
751 1268 121 21 aflönandet
887 1269 23 20 af

89 1297 161 24 församlingens
270 1298 136 26 presterskap
422 1298 32 21 till
469 1299 24 20 så
508 1300 54 19 stort
578 1298 82 26 belopp,
674 1303 51 19 som,
741 1297 34 21 vid
791 1297 117 26 fördelning

91 1326 21 21 af
126 1325 40 21 den
181 1326 46 21 från
243 1326 48 21 hela
306 1325 149 27 församlingen
471 1326 104 26 utgående
590 1325 118 27 aflöningen
723 1326 13 20 å
749 1325 48 22 dess
809 1325 99 21 medlem-

91 1360 44 15 mar
158 1353 53 22 efter
233 1355 135 26 persontalet,
392 1354 85 27 belöper
497 1355 30 26 sig
543 1354 27 27 på
585 1355 35 20 det
636 1354 185 21 stadskommunen
837 1353 69 22 tillhö-

90 1383 65 20 rande
171 1382 126 27 persontal*.
322 1383 60 21 Hvad
397 1385 24 18 är
435 1389 29 14 nu
480 1384 108 25 meningen
598 1383 48 21 med
659 1384 58 19 detta
729 1383 106 20 moment?
859 1382 49 21 Man

91 1412 40 21 kan
156 1412 129 25 exegetisera
305 1411 115 22 detsamma
443 1411 94 26 sålunda,
554 1414 31 19 att
600 1417 95 15 summan
711 1411 22 21 af
746 1411 87 21 lönerna
848 1411 58 21 kom-

91 1446 45 15 mer
157 1442 33 19 att
212 1439 62 22 blifva
290 1441 128 23 densamma,
433 1446 46 15 som
494 1440 66 25 förut;
576 1446 48 15 men
639 1446 34 15 om
688 1440 24 21 så
727 1441 24 20 är
765 1440 66 24 fallet,
847 1439 61 21 torde

91 1468 93 25 exempel
200 1468 17 25 ej
234 1469 77 20 saknas
326 1470 33 24 på,
374 1471 32 18 att
420 1469 7 20 i
443 1469 70 25 dylika
528 1469 148 24 församlingar
691 1470 69 18 staten
775 1468 39 20 har
827 1468 81 20 betalat

91 1495 62 27 högst
175 1496 122 27 obetydligt,
319 1496 39 21 och
379 1502 76 21 genom
478 1496 67 21 denna
565 1496 132 25 bestämning
718 1496 67 20 skulle
801 1502 25 14 en
842 1495 65 21 sådan

91 1524 125 27 fördelning,
239 1530 44 15 som
307 1525 74 26 denna,
402 1525 46 21 åter
463 1524 71 22 alltför
549 1524 83 27 mycket
647 1524 63 22 lända
725 1524 86 21 stadens
827 1524 34 21 del
876 1523 31 22 till
