1089 1820
212 133 55 20 1284
409 137 159 18 Presteständet
581 137 52 16 1877.
656 137 13 16 9
681 137 91 16 oktober.

181 205 195 27 ningsspanmälens
399 204 116 27 utgörande
538 206 26 19 än
587 205 32 24 de,
639 210 44 15 som
699 203 104 21 innehade
818 203 114 25 ordentligt
944 202 58 27 jord-

183 235 74 20 bruk*.
286 233 49 21 Men
351 234 24 20 är
391 233 55 22 1858
461 233 125 21 emanerade
601 245 28 2 —
644 232 35 21 det
694 234 24 19 är
728 232 32 21 för
771 232 42 25 mig
824 231 92 21 obekant
926 237 75 20 genom

181 263 72 20 hvilka
275 261 114 28 inflytelser
411 273 28 4 —
461 268 26 14 en
510 267 27 20 ny
559 261 98 26 kejserlig
672 260 131 27 kungörelse,
819 266 45 15 som
880 261 46 20 äter
942 260 60 21 älade

181 291 165 26 tingsgästnings
369 290 116 26 utgörande
506 289 47 26 alla,
575 296 45 15 som
643 289 52 26 egde
718 292 48 23 eget
788 288 86 27 matlag,
889 288 72 21 sävida
976 289 26 20 de

181 319 46 22 icke
249 319 61 21 stodo
333 319 68 20 under
423 325 68 14 annan
515 324 59 15 mans
596 317 87 26 försvar,
703 317 40 21 och
759 323 33 15 om
806 317 36 26 jag
858 317 18 25 ej
893 317 110 26 misstager

182 348 48 26 mig,
247 353 36 15 var
299 347 37 21 der
352 347 100 21 särskildt
467 347 106 26 stadgadt,
589 348 32 19 att
636 346 192 26 spanmälstorpare
839 345 67 21 skulle
918 345 84 22 betrak-

181 378 34 19 tas
235 377 70 20 säsom
320 376 87 21 stäende
423 375 67 21 under
505 375 86 21 försvar.
621 375 42 21 Det
678 375 60 20 torde
753 381 51 14 vara
819 374 89 26 mängen
924 374 79 21 bekant

181 404 86 22 hvilken
289 405 98 24 oerhörd,
409 403 32 22 för
463 406 31 19 att
517 405 24 20 sä
563 405 57 25 säga,
643 403 150 27 uppständelse
809 403 68 20 denna
892 403 111 26 kejserliga

182 432 126 27 kungörelse
324 434 5 19 i
345 432 168 26 landsbygderna
529 432 80 24 väckte,
625 431 133 26 naturligtvis
773 431 74 21 främst
862 431 39 22 och
914 431 88 22 hufvud-

182 461 101 27 sakligast
306 461 63 21 bland
392 461 53 25 dem,
469 460 70 22 hvilka
562 460 41 21 den
621 460 67 26 gälde,
705 460 20 20 d.
741 466 18 14 v.
775 466 16 14 s.
808 460 39 20 den
863 460 46 20 lösa
924 459 79 22 befolk-

183 490 82 26 ningen.
295 490 48 21 Men
366 489 67 21 ehuru
454 496 49 14 man
524 490 6 20 i
545 488 115 22 allmänhet
674 489 65 25 ansåg
755 490 31 20 att
801 488 149 26 förordningen
966 495 36 15 var

182 518 77 26 olaglig
274 518 53 21 eller
342 518 77 26 obillig,
436 520 36 24 tog
487 518 31 26 sig
533 518 61 26 ingen
608 518 44 26 just
667 518 23 20 sä
705 517 132 26 synnerligen
848 518 44 20 ömt
903 517 23 21 af
934 517 69 21 denna

182 546 45 22 sak.
257 547 30 26 Ty
302 553 49 15 man
366 546 71 27 tyckte
452 547 27 25 pä
494 546 39 21 den
549 546 63 26 tiden,
627 548 32 19 att
674 546 35 21 det
723 546 71 20 kunde
810 552 50 15 vara
876 552 25 14 en
917 546 86 26 lämplig

182 575 99 21 hällhake
303 576 27 26 pä
353 575 40 21 den
416 575 45 21 lösa
484 574 146 27 befolkningen
646 577 32 18 att
693 574 52 22 söka
760 574 31 27 sig
806 574 47 27 laga
868 574 87 26 försvar,
971 574 32 21 för

183 607 32 17 att
237 604 88 21 sålunda
347 604 70 26 undgå
440 604 69 20 denna
533 604 140 24 beskattning.
705 602 43 22 Och
772 603 47 25 den,
843 608 45 15 som
912 602 17 27 ej
954 603 47 21 ville

159 648 2 2 .
182 632 89 21 sålunda
293 632 52 22 söka
368 632 31 26 sig
415 632 80 21 försvar
511 632 37 21 hos
564 638 25 15 en
605 638 83 20 person,
703 632 72 26 tyckte
790 638 48 14 man
854 631 70 21 kunde
939 631 63 21 hafva

182 661 59 21 detta
263 662 69 20 såsom
355 662 31 20 ett
408 660 55 27 slags
486 660 64 22 straff.
581 660 124 22 Sedermera
727 660 62 21 hafva
807 660 113 21 utkommit
936 661 66 20 andra

181 689 149 26 författningar
352 690 108 26 angående
479 690 47 25 laga
541 689 86 27 försvar,
641 695 46 15 som
702 691 51 24 göra
769 691 32 19 att
815 695 88 15 numera
918 689 62 26 ingen
995 690 7 20 i

181 718 74 26 sjelfva
277 719 74 21 verket
371 724 74 19 genom
468 718 49 26 laga
539 718 80 22 försvar
640 718 42 20 kan
697 718 70 25 undgå
783 718 68 20 denna
866 717 136 27 beskattning

183 746 38 22 och
237 753 44 15 som
297 748 44 21 ofta
357 747 38 21 bar
410 753 25 15 en
451 749 57 19 ännu
523 746 170 22 allvarsammare
708 746 106 22 karaktär.
845 746 40 22 Vid
903 747 53 21 1867
967 747 35 21 års

181 776 102 26 landtdag
305 776 54 22 hade
379 776 114 21 ständerna
516 776 32 20 till
568 775 127 27 behandling
710 782 24 14 en
751 775 97 27 kejserlig
863 776 137 26 proposition,

181 811 46 15 som
249 804 93 28 föreslog
364 806 32 20 att
418 805 27 26 på
467 806 31 20 ett
519 804 73 27 lagligt
607 804 30 21 vis
653 804 83 26 reglera
751 804 160 22 förhållandena
925 810 77 20 genom

183 836 31 18 att
237 845 27 3 —
284 833 143 27 ungefärligen
445 833 44 22 lika
504 839 44 15 som
564 834 68 20 denna
647 833 74 26 stadga
737 839 29 15 nu
780 832 90 22 föreslår
885 845 27 3 —
927 833 75 27 ålägga

183 862 41 21 alla
247 862 60 21 dessa
329 862 121 26 inhysingar
472 862 47 21 med
535 864 48 24 eget
599 861 78 27 matlag
693 862 152 26 tingsgästning
860 862 79 26 lagligt,
955 868 47 15 men

182 890 32 21 till
237 892 31 19 ett
288 892 65 25 något
375 890 81 21 mindre
475 890 77 26 belopp
568 890 19 21 d.
603 897 18 14 v.
638 896 15 15 s.
669 890 22 21 af
704 891 75 20 endast
793 891 36 20 två
844 890 80 26 kappar
939 896 63 20 span-

182 919 49 20 mål.
261 919 48 20 Men
329 919 114 21 ständerna
463 919 25 20 år
505 919 52 20 1867
573 918 127 26 förklarade,
717 921 31 18 att
763 919 26 20 de
805 918 125 21 betraktade
948 919 54 20 1858

182 948 35 20 års
239 947 124 26 författning
384 947 70 21 såsom
475 954 26 14 en
517 947 76 26 olaglig
609 947 152 21 administrativ
775 947 75 25 åtgärd
867 947 39 21 och
922 946 79 27 afslogo

182 975 82 22 således
287 975 40 22 den
349 975 76 26 nådiga
448 976 162 27 propositionen.
641 975 124 22 Emellertid
780 976 142 21 återkommer
937 976 65 21 saken

182 1011 29 14 nu
233 1003 31 22 till
286 1005 120 20 ständerna.
436 1004 85 21 Samma
543 1005 91 26 anspråk
657 1004 72 21 ställas
752 1005 47 20 åter
819 1005 46 20 från
882 1005 39 20 den
937 1005 65 20 andra

183 1032 150 22 statsmaktens
355 1033 46 21 sida
423 1033 39 21 och
486 1039 27 15 nu
535 1035 24 18 är
579 1033 73 26 frågan
669 1033 70 20 iklädd
755 1039 26 16 en
797 1033 59 21 stark
872 1033 96 27 rustning
982 1033 23 21 af

181 1061 100 21 historisk
304 1061 115 26 bevisoing,
442 1061 135 27 hvarigenom
605 1062 39 21 den
670 1061 77 26 nådiga
771 1061 158 28 propositionen
954 1062 50 21 sökt

183 1090 136 27 ådagalägga,
335 1092 32 19 att
383 1091 64 24 detta,
463 1090 62 21 hvars
540 1090 100 27 laglighet
656 1096 46 15 man
718 1090 39 21 har
772 1093 42 19 satt
830 1091 72 26 ifråga,
913 1091 6 20 i
930 1090 73 27 sjelfva

183 1119 73 20 verket
272 1119 37 20 har
325 1119 55 21 varit
394 1118 73 27 lagligt
482 1119 63 21 sedan
563 1119 104 21 urminnes
683 1119 61 26 tider,
761 1119 66 21 eburu
843 1119 35 21 det
894 1119 67 21 skulle
976 1120 27 25 på

182 1147 65 26 något
268 1149 43 20 sätt
333 1146 62 22 hafva
410 1147 88 21 kommit
514 1154 24 14 ur
553 1147 61 21 bruk.
644 1148 42 21 Det
701 1149 24 19 är
740 1147 45 22 icke
799 1148 44 26 just
858 1147 144 26 öfverhufvud,

182 1175 68 21 såvidt
271 1175 41 26 mig
328 1177 24 19 är
368 1176 84 24 bekant,
468 1175 64 25 fallet,
548 1178 31 19 att
595 1177 64 24 några
676 1177 81 25 engång
773 1176 133 27 lagligblefna
922 1177 81 20 skatter

183 1203 68 22 skulle
273 1204 62 21 hafva
358 1205 62 20 råkat
441 1205 23 20 så
487 1204 6 20 i
517 1204 92 21 vanvård
631 1204 46 21 från
693 1205 202 26 skattuppbärarnes
911 1205 45 20 sida
971 1207 33 18 att

183 1237 48 15 man
247 1232 67 21 skulle
329 1232 75 21 hunnit
419 1231 90 27 glömma
523 1232 47 21 bort
581 1232 58 26 dem;
651 1235 90 18 tvärtom
753 1233 61 26 pläga
826 1233 95 25 vanligen
932 1233 71 26 dylika

183 1260 82 21 skatter
286 1262 46 24 segt
353 1261 38 20 och
407 1261 68 20 envist
490 1261 105 20 bibehålla
610 1261 37 26 sig,
663 1261 59 20 äfven
739 1261 26 20 då
782 1261 25 21 de
823 1263 75 19 endast
913 1262 27 26 på
954 1262 49 20 kor-

183 1290 45 19 tare
251 1289 30 21 tid
296 1289 69 21 såsom
383 1289 111 26 bevillning
509 1289 73 27 gifvas,
598 1289 39 21 och
653 1290 36 21 det
703 1292 30 22 är,
749 1290 64 21 redan
830 1296 24 15 ur
870 1290 68 21 denna
954 1290 48 21 åbe-

182 1317 79 26 ropade
277 1317 99 27 paragraf
389 1317 49 27 föga
453 1318 103 25 antagligt
571 1320 32 19 att
618 1318 40 21 den
675 1318 53 23 vidd,
745 1319 5 20 i
767 1318 82 21 hvilken
866 1318 69 21 denna
945 1319 58 21 skatt

182 1346 113 25 uppbäres,
318 1346 67 21 skulle
401 1352 49 15 vara
467 1347 22 19 så
505 1346 122 26 urgammal,
643 1353 45 14 som
705 1353 46 14 man
768 1347 53 20 låter
836 1347 94 25 påskina.
961 1347 42 20 Det

182 1372 42 21 blir
246 1374 69 20 derför
339 1374 128 24 nödvändigt
489 1375 31 19 att
543 1373 107 26 verkligen
674 1374 125 25 undersöka,
815 1380 22 15 se
853 1374 31 21 till
900 1374 103 22 huruvida

183 1400 40 22 den
245 1401 115 21 historiska
375 1401 134 26 bevisningen
524 1402 65 26 något
604 1402 23 20 så
642 1404 39 18 när
696 1404 23 18 är
734 1402 114 21 bevisande
864 1402 38 21 och
916 1402 36 26 jag
967 1409 36 15 an-

182 1428 67 22 håller
265 1432 31 18 att
311 1430 7 21 i
334 1430 36 20 det
385 1430 127 21 hänseendet
528 1430 21 22 få
565 1430 74 22 anföra
654 1431 63 26 något.
754 1431 41 21 Det
811 1438 45 14 som
872 1431 40 21 den
925 1431 77 27 kejser-

182 1458 42 26 liga
245 1458 159 27 propositionen
427 1459 39 21 här
489 1459 66 25 anför,
578 1462 24 18 är
624 1462 59 24 taget
698 1459 46 21 från
761 1460 91 21 motiven
868 1460 31 21 till
916 1463 30 18 ett
962 1460 40 21 för-

182 1486 53 26 slag,
250 1487 114 27 uppgjordt
379 1487 22 21 af
415 1494 25 14 en
455 1488 90 21 särskild
561 1488 78 22 komité
655 1488 21 21 af
690 1488 163 27 aktningsvärda
866 1489 88 27 jurister
964 1490 38 21 och

183 1516 85 21 domare
290 1516 7 21 i.
319 1516 78 26 landet,
421 1516 84 22 hvilken
528 1517 79 21 komité
628 1517 39 21 har
682 1518 99 26 uppgjort
796 1518 42 21 alla
854 1518 60 22 dessa
929 1520 73 20 trenne
