1081 1809
292 136 160 19 Presteståndet
465 136 54 20 1877.
543 139 25 16 25
585 138 93 18 oktober.
815 130 53 24 1679

75 207 79 25 antaga
169 205 66 22 under
251 205 59 23 tiden
325 212 26 16 en
366 212 28 21 ny
408 206 132 27 författning,
555 206 64 22 beror
633 207 37 21 det
683 206 35 28 på,
733 206 56 22 huru
803 213 49 15 man
862 212 37 16 ser

74 234 75 25 saken;
173 234 36 21 det
230 234 41 21 kan
290 240 51 15 vara
356 240 26 16 en
397 234 67 22 fördel
478 235 7 21 i
500 235 36 21 fall
555 235 156 26 presteståndet
726 235 36 21 vill
777 234 63 22 hafva
854 235 42 21 för-

74 262 97 27 ändring,
186 268 48 15 men
249 262 36 22 vill
301 262 46 22 åter
365 263 158 27 presteståndet
541 264 19 26 ej
575 263 63 22 hafva
651 263 130 27 förändring,
802 264 43 21 kan
860 264 40 21 det

75 290 77 26 hända,
174 292 33 20 att
228 293 32 19 tre
282 291 73 21 stånds
378 290 69 22 beslut
467 291 72 22 kunna
561 292 72 26 tvinga
653 292 157 26 presteståndet
829 292 70 21 under

74 319 59 21 tiden
148 319 33 21 till
196 319 64 27 något
275 322 54 25 nytt,
345 320 33 20 till
393 322 15 19 t.
424 326 31 15 ex.
472 326 26 16 en
513 320 96 27 personel
623 320 68 26 grund
706 320 33 21 för
749 320 147 27 prestaflönin-

74 354 47 20 gen.
152 348 40 27 Jag
212 348 69 21 skulle
303 348 70 22 derför
395 354 56 20 anse,
473 351 32 19 att
526 349 40 21 den
587 349 23 21 af
627 349 147 27 kyrkoherden
790 349 108 21 Stenbäck

76 376 120 28 föreslagna
217 377 166 26 formuleringen
405 377 32 21 till
458 378 170 21 säkerställande
643 377 23 22 af
680 377 68 22 denna
762 377 135 28 författning,

77 411 49 16 vore
143 406 40 21 den
198 405 119 28 riktigaste.

145 463 61 22 Efter
217 464 87 21 härmed
315 464 94 22 afslutad
421 464 118 22 diskussion
551 464 123 22 framstälde
685 464 50 22 herr
749 464 150 22 talmannen

76 492 52 21 derå
142 492 94 28 följande
250 492 144 28 proposition:

145 550 41 20 Vill
203 550 84 21 ståndet
301 550 114 26 godkänna
429 552 86 25 prosten
532 550 69 28 Hjelts
615 550 139 27 formulering
764 550 23 22 af
795 550 37 22 det
842 549 56 22 före-

76 578 74 27 slagna
165 578 201 27 tilläggemomentet
380 578 31 22 till
426 580 8 20 i
448 578 60 27 fråga
523 579 92 21 varande
630 578 126 27 författning
771 579 51 21 eller
836 578 64 22 icke?

77 608 81 20 Vinner
172 607 41 27 nej,
229 608 38 20 har
283 608 85 21 ståndet
382 607 83 27 antagit
480 608 147 26 kyrkoherden
643 607 117 22 Stenbäcks
775 607 79 27 förslag
864 606 33 22 till

77 636 137 27 formulering
229 636 22 21 af
264 636 91 22 berörda
371 636 185 27 tilläggsmoment.

146 693 133 22 Besvarades
300 693 49 22 med
371 695 12 19 7
397 693 23 27 ja
442 693 39 22 och
505 694 26 20 22
547 693 45 27 nej;
615 693 86 22 hvarför
715 694 85 20 ståndet
816 693 85 21 således

80 723 64 25 antog
160 722 35 22 det
210 722 22 21 af
245 722 148 26 kyrkoherden
409 722 106 22 Stenbäck
531 722 120 26 föreslagna
667 722 96 26 tillägget
773 722 31 22 till
815 722 83 21 författ-

78 751 76 26 ningen
170 751 23 21 af
206 750 91 28 följande
313 750 90 28 lydelse:
434 766 10 10 ,
448 751 75 21 Denna
537 751 122 27 förordning
675 750 66 28 gäller
756 752 47 21 med
818 756 83 16 samma

78 779 64 27 kraft,
165 786 45 15 som
233 780 170 26 presterskapets
422 780 119 26 privilegier
556 780 23 21 af
592 780 24 21 år
633 780 60 25 1723,
714 780 55 21 intill
785 781 47 20 dess
848 780 51 20 den-

79 814 81 44 in
181 808 7 21 i
210 808 171 27 grundlagsenlig
407 810 40 25 väg
472 809 48 21 med
548 809 167 27 presteständets
738 808 61 22 bifall
823 808 78 21 varder

78 839 102 19 ändrad*.

65 911 5 3 E
148 894 33 21 Dä
204 894 50 21 derä
277 894 68 22 skulle
367 894 82 22 skridas
465 894 31 21 till
512 894 39 22 den
567 894 86 27 slutliga
668 894 137 26 omröstning,
824 899 76 21 genom

79 923 91 27 hvilken,
193 924 7 20 i
215 923 93 26 enlighet
330 923 48 22 med
400 923 95 21 ständets
511 924 61 21 ofvan
588 923 145 24 omförmälda,
753 922 43 21 före
811 922 89 27 gransk-

80 952 87 26 ningens
183 952 126 26 vidtagande
324 952 81 22 fattade
420 952 77 26 beslut,
517 951 104 22 definitivt
641 951 67 22 skulle
723 952 91 26 afgöras,
835 950 68 21 huru-

80 981 49 21 vida
150 980 239 27 författningsförslaget
412 980 6 21 i
441 980 58 27 fräga
520 980 48 22 med
591 980 43 21 deri
664 980 136 21 härförinnan
826 978 78 22 endast

80 1009 108 21 eventuelt
203 1009 98 21 beslutna
316 1009 147 26 förändringar
479 1009 64 21 blifva
557 1009 7 21 i
580 1009 31 21 sin
627 1008 72 22 helhet
714 1008 23 22 af
750 1008 85 22 ständet
849 1007 54 27 god-

81 1038 67 22 kändt
163 1038 52 22 eller
230 1038 127 27 förkastadt,
373 1038 82 21 anhölls
471 1044 34 15 om
520 1038 61 22 ordet
595 1037 23 22 af

148 1096 76 24 Pastor
244 1095 85 27 Öller,
352 1101 45 16 som
413 1096 94 26 yttrade:
537 1095 66 21 Innan
619 1095 36 21 det
669 1094 131 27 högvördiga
814 1094 89 22 ståndet

79 1124 67 22 fattar
161 1126 31 20 ett
214 1124 104 22 definitivt
337 1124 70 22 beslut
421 1124 48 21 med
484 1124 97 21 afseende
598 1124 13 20 &
625 1124 60 21 detta
699 1123 145 27 föreliggande
858 1122 41 21 för-

80 1154 51 26 slag,
154 1154 62 21 utber
228 1153 37 27 jag
281 1153 42 26 mig
338 1154 32 20 att
385 1153 20 21 fä
420 1154 57 26 yttra
492 1153 65 27 nägra
573 1152 44 21 ord.
647 1152 43 21 Det
705 1158 56 20 vore,
777 1152 65 26 enligt
857 1151 43 21 min

80 1183 62 26 äsigt,
156 1184 32 20 ett
202 1182 89 26 sorgligt
311 1182 80 21 factum
413 1188 34 14 om
470 1183 31 19 ett
521 1182 84 26 förslag,
627 1180 82 26 sådant,
731 1186 46 16 som
797 1181 59 21 detta
871 1185 31 15 nu

79 1211 150 27 föreliggande,
251 1210 68 22 skulle
341 1210 65 22 blifva
421 1210 23 21 af
457 1210 84 22 ständet
555 1209 125 27 förkastadt,
702 1210 31 20 ett
747 1208 86 27 förslag,
855 1214 47 16 som

80 1240 111 26 onekligen
207 1246 49 20 eger
271 1241 59 19 stora
344 1238 122 28 förtjenster
482 1239 39 21 och
541 1238 120 28 isynnerhet
677 1237 44 22 deri
737 1238 110 20 utmärker
862 1237 38 25 sig,

81 1271 32 19 att
134 1269 36 21 det
192 1268 28 27 pä
241 1268 38 21 allt
300 1270 44 20 sätt
366 1268 63 21 söker
443 1269 33 20 att
491 1267 132 27 undanrödja
637 1267 26 21 de
678 1266 139 27 mångfaldigt
833 1266 67 20 öfver-

80 1297 90 28 klagade
186 1296 205 28 missförhållanden,
405 1296 86 22 hvartill
507 1297 36 21 det
557 1295 122 22 nuvarande
691 1295 175 27 uppbördssättet
876 1294 28 21 sä.

81 1326 46 21 ofta
141 1326 39 22 har
195 1326 59 26 gifvit
270 1326 118 26 anledning.
417 1325 41 21 Låt
474 1332 49 15 vara
543 1327 38 24 att,
597 1325 7 20 i
619 1324 38 21 fall
671 1324 102 27 förslaget
787 1330 29 14 nu
832 1322 71 22 skulle

80 1355 67 21 blifva
162 1356 92 25 antaget,
268 1354 70 27 någon
353 1353 153 27 förminskning
521 1354 6 21 i
543 1354 50 20 våra
608 1352 155 22 löneförmäner
778 1352 69 21 skulle
862 1351 39 21 här

82 1383 38 22 och
136 1384 38 20 der
189 1383 94 26 inträffa;
306 1383 30 21 lät
350 1388 57 18 vara,
430 1384 32 19 att
477 1383 63 21 ocksä
556 1388 25 15 en
596 1380 119 28 uppoffring
730 1381 88 21 härmed
832 1379 69 23 skulle

80 1414 64 24 göras
158 1411 48 22 frän
220 1411 38 22 vär
272 1411 57 25 sida;
345 1411 84 27 mycket
443 1411 68 21 skulle
527 1410 54 22 dock
596 1410 121 26 derigenom
727 1410 7 20 i
745 1409 73 27 sjelfva
828 1408 75 22 verket

80 1446 52 15 vara
147 1442 85 23 vunnet,
251 1441 7 19 i
274 1441 36 19 det
325 1442 32 18 att
372 1440 104 25 nemligen
491 1439 131 21 läroständet
637 1438 89 20 sälunda
741 1438 68 19 skulle
824 1437 78 24 ädaga-

80 1468 63 27 lägga
158 1474 80 15 samma
253 1466 138 28 uppofirande
406 1467 101 26 sinnelag,
523 1472 44 16 som
582 1466 38 20 vär
631 1466 67 20 Herre
713 1465 88 21 frälsare
810 1465 91 23 Kristus,

81 1497 23 21 af
116 1496 86 22 hvilken
218 1496 20 22 vi
253 1496 64 22 hafva
332 1496 40 21 den
387 1496 116 25 lärdomen,
519 1497 32 19 att
566 1494 36 22 det
617 1496 25 19 är
654 1494 91 26 saligare
756 1495 31 19 att
797 1492 61 28 gifva,
874 1494 28 19 än

81 1528 57 25 taga.
168 1525 40 27 Jag
224 1524 81 23 erinrar
320 1524 43 27 mig
378 1524 80 27 härvid,
473 1526 33 20 att
521 1524 26 21 dä
562 1523 33 22 för
608 1524 69 26 nägon
687 1522 31 22 tid
729 1522 91 22 tillbaka
829 1521 75 27 kapel-
