1081 1817
308 141 159 18 Presteständet
481 142 54 17 1877.
559 142 26 17 27
597 142 93 16 oktober.
818 136 54 21 1713

81 208 78 22 dernas
174 208 46 22 sida
236 209 38 21 bör
289 212 62 23 göras
366 222 27 3 —
409 210 39 21 och
469 212 33 19 att
524 210 65 26 något
608 210 39 20 bör
662 212 67 24 göras,
745 216 50 15 vare
810 210 31 25 sig
856 209 47 21 från

80 237 129 21 ständernas
224 238 52 21 eller
291 238 161 22 kommunernes
468 239 51 23 sida,
535 239 60 21 torde
606 244 50 15 vara
666 238 56 21 klart
733 238 64 21 redan
809 238 22 20 af
841 238 62 21 dessa

80 266 127 26 procenttal,
224 272 43 15 som
282 266 37 26 jag
335 266 90 21 nämnde
437 267 48 21 med
495 266 98 22 afseende
604 266 12 21 å
626 266 199 21 folkskollärarenes
835 266 68 26 löner,

82 295 33 19 att
130 293 36 21 det
182 294 130 26 högvördiga
326 295 85 21 ståndet
427 295 66 20 borde
513 295 154 21 återremittera
684 294 73 26 frågan
773 294 32 21 till
821 294 82 21 utskot-

80 324 40 24 tet,
136 323 27 25 på
178 322 36 22 det
229 324 31 20 att
276 323 105 21 utskottet
403 323 68 21 skulle
494 323 76 21 föreslå
586 323 70 21 hvilka
671 323 68 20 vilkor
754 323 67 21 skulle
836 323 67 20 under

84 350 81 22 sådana
180 350 146 22 förhållanden
342 352 65 21 fästas
422 352 34 20 vid
473 352 165 26 statsanslagens
653 351 122 21 förökande.
805 352 41 26 Jag
861 350 42 22 kan

81 379 47 21 icke
144 379 38 21 här
198 380 99 26 uppgifva
320 380 64 26 något
405 380 56 26 slags
482 380 77 26 förslag
574 380 5 20 i
596 380 59 21 detta
670 380 125 24 bänseende,
816 380 87 21 emedan

77 408 40 26 jag
131 408 47 21 icke
194 408 46 22 baft
254 408 86 22 rådrum
356 411 31 19 att
402 410 65 20 tänka
482 409 27 26 pä
524 410 71 25 saken,
615 414 47 16 men
676 408 35 26 jag
727 408 35 21 vill
777 409 75 21 endast
867 414 36 15 an-

83 437 51 26 tyda
150 437 39 21 den
206 437 155 27 omständighet
377 439 32 19 att
424 437 69 21 såsom
509 438 67 20 vilkor
587 437 32 21 för
629 439 32 19 ett
673 436 92 27 förhöjdt
776 436 128 26 statsanslag

82 465 70 21 kunde
172 465 72 27 fästas,
268 468 31 19 att
321 466 152 21 kommunerne
495 466 71 27 sjelfve
581 466 6 21 i
603 472 24 14 en
649 465 112 27 anständig
780 466 123 26 proportion

83 494 32 20 till
131 495 151 26 statsanslaget
296 494 70 22 skulle
381 494 88 26 bidraga
485 494 31 22 till
534 494 199 22 folkskollärarenes
747 493 65 22 löner.
843 493 60 22 Deri-

80 528 78 21 genom
175 523 71 21 kunde
261 524 36 20 det
312 523 157 21 ästadkommas
485 526 31 18 att
531 524 35 20 det
581 523 23 21 af
618 522 115 22 ständerna
749 522 103 27 beviljade
867 528 37 16 an-

83 551 69 26 slaget
167 552 69 20 skulle
250 552 65 21 blifva
334 552 2 20 i
351 552 69 26 någon
437 558 48 15 mon
501 552 111 25 verksamt,
628 555 22 23 ty
667 551 35 21 det
717 551 39 21 har
765 552 64 20 redan
839 551 64 21 fram-

82 580 74 21 hållits
178 582 32 20 att
233 581 41 21 200
297 580 71 21 marks
390 580 118 26 förhöjning
524 580 6 21 i
546 581 38 20 och
607 580 34 22 för
663 580 30 26 sig
714 582 24 18 är
753 580 24 20 sä
792 580 65 26 ringa,
872 581 32 19 att

84 609 59 21 detta
166 608 46 22 icke
235 609 41 21 kan
299 610 27 26 pä
348 610 64 25 något
435 609 90 21 känbart
540 610 41 20 sätt
597 608 93 27 afhjelpa
705 608 198 22 folkskollärarenes

81 638 140 20 ekonomiska
236 638 138 25 förlägenhet.
405 637 72 21 Skulle
493 638 71 20 dervid
580 638 35 20 det
629 637 69 21 vilkor
712 637 66 21 fästas
793 639 32 19 att
840 637 64 21 minst

81 672 28 15 en
125 666 43 21 lika
183 668 47 20 stor
244 666 119 26 förhöjning
379 666 46 21 frän
441 666 162 22 kommunernas
625 666 45 21 sida
692 666 67 21 skulle
783 666 120 26 medgifvas,

83 700 49 16 vore
148 695 53 21 visst
216 695 113 21 resultatet
343 696 64 25 nägot
422 695 157 27 förmänligare;
602 694 27 22 dä
643 694 68 22 skulle
727 694 114 22 ständerna
856 694 48 21 med

81 724 39 20 sitt
135 723 75 28 anslag
225 724 63 21 hafva
303 723 75 22 verkat
392 723 64 27 nägot
472 730 43 15 mer
531 726 25 18 än
573 723 54 22 hvad
642 729 76 15 annars
735 722 66 22 blefve
816 722 65 22 fallet.

154 781 76 21 Pastor
246 782 79 26 Lyra:
355 781 74 21 Sävidt
441 781 37 27 jag
492 782 81 20 kunnat
588 781 53 22 fatta
656 781 71 25 saken,
743 787 62 21 synas
820 780 42 22 alla
878 781 25 21 de

82 810 132 26 föregäende
229 811 64 20 värde
311 810 94 21 talarene
421 810 61 22 hafva
496 811 55 20 varit
566 816 49 15 ense
631 810 50 24 deri,
697 812 32 18 att
745 810 25 20 de
785 810 63 20 hafva
863 809 41 22 för-

84 838 72 22 klarat
178 838 200 22 folkskollärarenes
399 839 122 21 nuvarande
543 839 99 26 ställning
665 839 180 26 behjertansvärd,
864 838 40 21 och

83 867 64 21 deras
170 867 65 21 behof
256 868 22 20 af
298 866 57 28 hjelp
378 868 122 26 trängande.
530 868 83 20 Striden
629 873 60 21 synes
705 868 55 20 blott
775 867 62 21 hafva
852 866 53 26 gällt

84 895 68 21 under
168 902 25 15 en
208 896 49 26 lång
272 896 31 21 tid
319 896 23 21 af
355 896 151 25 diskussionen,
526 896 60 21 hvem
603 898 35 19 det
653 896 116 27 egentligen
786 895 71 21 tillhör
873 896 32 20 att

82 924 83 26 skynda
186 924 33 21 till
242 924 62 27 hjelp.
335 925 64 21 Detta
421 924 39 22 har
475 925 80 26 påmint
570 925 42 26 mig
628 930 34 16 om
677 926 31 19 ett
723 924 75 22 sådant
813 924 43 25 fall,
878 923 27 22 dä

82 959 28 14 en
133 953 99 21 nödstäld
254 954 42 20 like
320 953 68 21 skulle
409 953 34 22 stä
459 953 86 21 framför
560 959 40 19 oss,
617 954 38 20 och
672 953 19 21 vi
706 953 67 21 skulle
789 953 66 21 strida
871 958 34 15 om

84 981 61 21 hvem
167 981 22 21 af
204 988 34 14 oss
253 982 53 21 skall
322 982 71 27 hjelpa
407 982 84 26 honom,
512 982 38 21 och
565 982 67 21 under
648 982 67 20 denna
731 982 51 20 strid
799 987 33 15 om
848 982 57 25 prin-

82 1010 62 26 cipen
159 1010 68 21 skulle
243 1011 38 21 den
298 1010 111 22 nödstälde
424 1010 97 27 möjligen
536 1010 57 32 gifva
608 1016 42 20 upp
665 1010 76 25 andan,
763 1010 51 20 eller
829 1010 76 20 ätmin-

84 1041 61 18 stone
161 1038 65 22 blifva
242 1038 97 28 ohulpen.
366 1038 53 22 Lika
434 1039 68 21 skulle
518 1039 36 21 det
568 1040 7 19 i
591 1039 68 21 denna
675 1038 59 26 fräga
749 1039 32 25 gä.
807 1038 48 21 Man
867 1039 38 19 har

82 1069 56 24 sagt,
154 1069 33 19 att
202 1068 36 20 det
252 1068 120 26 principielt
388 1068 45 20 icke
449 1068 72 20 tillhör
536 1069 69 19 staten
621 1070 32 18 att
668 1074 37 14 ens
715 1068 47 20 med
773 1062 132 42 bevilinings-

84 1096 69 20 medel
169 1096 108 26 bispringa
292 1096 195 21 folkskollärarene.
510 1096 39 20 Till
566 1096 38 21 och
621 1096 46 21 med
684 1096 71 21 derom
769 1096 71 20 kunna
851 1094 54 34 äsig-

82 1126 64 19 terna
161 1130 51 15 vara
235 1125 80 21 delade.
347 1124 40 26 Jag
409 1124 38 22 har
467 1125 53 20 dock
543 1125 61 20 tänkt
619 1124 44 26 mig
677 1126 32 19 att
724 1124 27 21 dä
767 1124 36 20 det
818 1124 66 26 ligger
899 1124 6 20 i

85 1155 81 19 statens
182 1156 48 23 eget
244 1153 90 21 intresse
350 1156 32 18 att
397 1154 48 20 dess
460 1153 145 26 medborgare,
621 1153 41 21 alla
677 1155 51 19 utan
741 1152 114 26 undantag,
871 1158 34 14 om

83 1181 83 27 möjligt
182 1182 60 21 skola
257 1182 21 20 fä
294 1184 32 18 ett
340 1182 52 21 visst
407 1182 54 20 mätt
476 1182 23 20 af
513 1181 103 27 mensklig
632 1181 101 27 bildning,
748 1181 67 21 borde
825 1187 81 15 samma

82 1212 52 23 stat,
150 1216 45 15 som
211 1210 136 21 underhäller
361 1210 166 21 lärdomsskolor
540 1210 32 21 för
588 1210 132 21 erhällandet
735 1210 22 20 af
772 1209 133 26 tjenstemän,

82 1238 71 21 sävidt
167 1238 36 27 jag
218 1239 83 25 förstär,
316 1239 127 21 ätminstone
453 1238 88 27 bidraga
551 1238 31 22 till
594 1238 132 21 underhället
736 1238 23 21 af
767 1238 80 21 sädana
857 1238 49 20 sko-

84 1266 38 26 lor,
138 1273 46 15 som
200 1268 44 20 afse
259 1268 49 21 hela
323 1267 76 21 folkets
414 1267 101 27 bildning.
537 1268 41 26 Jag
593 1269 51 25 tror,
660 1269 31 19 att
707 1267 58 21 detta
776 1267 61 21 äfven
849 1267 56 26 prin-

82 1296 74 26 cipielt
171 1296 46 21 icke
232 1298 24 19 är
271 1296 94 26 oriktigt,
386 1302 47 15 men
452 1302 50 15 vore
524 1297 35 20 det
578 1296 121 26 principielt
719 1295 46 21 icke
781 1296 24 20 sä
820 1294 86 22 alldeles

83 1326 51 22 rätt,
151 1324 23 22 sä
189 1324 39 21 har
242 1324 128 27 föregäende
386 1324 67 22 talare
468 1324 87 26 bevisat,
571 1326 32 19 att
619 1324 39 21 den
670 1324 175 26 löneförhöjning,
860 1329 46 15 som

83 1354 25 19 är
123 1353 7 20 i
145 1353 67 27 fråga,
227 1353 6 21 i
248 1354 75 26 sjelfva
338 1353 74 21 verket
427 1355 24 19 är
466 1359 25 15 en
501 1353 156 21 remuneration
669 1352 31 21 för
713 1352 40 21 den
765 1352 76 21 förlust
851 1352 54 20 folk-

85 1382 145 20 skollärarene
244 1388 77 20 genom
337 1382 26 20 de
378 1381 96 27 förhöjda
489 1382 69 26 prisen
574 1382 27 26 pä
616 1382 43 20 alla
678 1381 163 21 förnödenheter
856 1380 51 21 nöd-

82 1412 50 23 gats
146 1410 45 21 lida
207 1410 38 21 och
261 1416 45 16 som
321 1410 46 22 icke
383 1410 48 21 med
445 1410 25 21 de
486 1410 120 21 nuvarande
622 1410 94 26 priserna
732 1409 81 27 uppgär
827 1409 33 21 till
871 1408 36 21 det

85 1437 85 27 belopp,
186 1444 45 15 som
246 1438 161 27 ursprungligen
424 1438 68 20 blifvit
507 1439 46 20 dem
569 1438 83 20 lofvadt
667 1437 20 21 af
701 1440 76 18 staten.
807 1437 66 21 Detta
883 1438 24 19 är

86 1466 84 22 säledes
185 1467 54 20 intet
254 1469 64 19 annat
334 1468 27 20 än
376 1466 61 21 enkel
453 1466 94 21 rättvisa.
569 1466 35 21 Mä
619 1472 48 14 man
683 1466 86 20 besinna
779 1465 55 21 huru
845 1465 62 21 dessa

84 1496 100 25 utposter
198 1495 33 21 för
246 1495 122 27 bildningen
383 1494 40 22 här
438 1494 39 22 och
493 1495 37 21 der
545 1494 6 21 i
566 1494 79 26 landet,
661 1500 107 15 ensamma
783 1494 39 20 och
838 1494 69 20 öfver-

84 1523 66 27 gifna,
173 1523 45 23 ofta
240 1526 52 20 utan
314 1524 66 26 nägot
400 1523 47 22 stöd
469 1524 22 21 af
509 1524 69 26 nägon
593 1522 110 22 menniska
717 1522 61 22 skola
793 1522 114 28 uppehälla

802 1562 33 19 109
