1092 1756
301 118 161 18 Presteständet
474 119 54 17 1877.
551 120 13 16 3
575 119 93 17 oktober.

810 113 53 20 1177

72 187 43 23 min'
137 187 134 28 uppfattning
293 188 66 21 borde:
378 187 71 28 hvarje
464 188 214 27 fattigvärdsstyrelse
692 194 50 15 vara
757 189 138 20 sammansatt

72 216 80 23 af:alla
166 217 27 21 de
208 223 106 21 personer,
330 217 71 21 hvilka
415 218 47 20 med
477 217 139 25 fattigvården
632 217 62 21 hafva
708 217 65 26 något
787 219 33 19 att
834 218 60 25 göra,

72 247 24 25 ty
118 245 75 22 endast
215 245 120 27 derigenom
352 245 41 22 kan
409 245 150 27 sammanhang
574 245 73 22 vinnas
662 245 56 21 inom
734 245 34 21 det
784 245 54 24 hela,
854 245 39 22 och

73 273 68 22 tillika
156 279 25 15 en
196 275 69 20 större
280 274 117 21 kännedom
413 279 34 16 om
463 274 36 21 det
509 280 44 15 som
566 273 70 27 tillgär
651 273 6 21 i
673 273 26 22 de
709 273 55 22 olika
775 273 119 22 distrikten.

73 301 59 22 Skall
154 301 37 22 det
212 301 67 22 finnas
294 308 26 15 en
334 301 56 22 skild
405 307 120 20 gemensam
540 302 214 26 tattigvärdsstyrelse
768 302 39 21 och
823 301 71 22 seder-

72 336 59 21 mera
146 336 26 15 en
186 330 55 21 skild
257 330 89 27 styrelse
360 330 56 21 inom
433 330 25 21 de
473 330 56 22 olika
545 330 116 24 distrikten,
676 331 24 20 sä
714 330 96 21 kommer
820 330 23 26 ju
854 330 40 21 den

73 365 154 20 gemensamma
243 358 236 27 fatttigvärdsstyrelsen
494 361 33 19 att
542 365 50 15 vara
604 365 25 16 en
642 359 66 26 parad
717 359 122 26 inrättning,
849 364 45 15 som

73 387 47 22 icke
143 387 47 21 med
205 387 73 27 sjeliva
293 387 140 27 fattigvården
449 387 38 22 har
501 388 65 26 något
581 390 32 19 att
627 386 73 23 skaffa.
729 387 41 26 Jag
785 388 110 24 erkänner,

74 418 32 19 att
128 415 87 28 afsigten
238 416 48 21 med
301 417 13 20 2
330 421 61 16 mom.
407 417 24 20 är
447 416 76 27 tydligt
543 416 47 23 den,
608 418 32 19 att
655 415 71 27 hvarje
742 415 85 22 distrikt
841 415 55 22 skall

74 443 71 23 kunna
167 443 140 28 sjelfständigt
328 443 118 23 handhafva
468 445 31 20 sin
520 444 113 27 fattigvård
648 444 56 21 inom
719 444 114 24 distriktet,
848 449 48 16 men

74 473 37 22 det
133 473 48 22 hela
202 473 66 22 borde
290 473 65 22 likväl
374 472 77 22 ordnas
472 473 47 22 utaf
538 473 38 22 den
592 479 155 22 gemensamma
761 472 137 27 fattigvärds-

74 502 109 27 styrelsen,
198 507 45 16 som
259 501 71 22 derför
344 501 67 22 borde
425 501 61 22 bestä
501 501 25 22 af
537 502 25 21 de
576 501 105 23 särskilda
695 501 201 28 fattigvärdsstyrel-

75 537 67 19 serna,
158 530 52 22 eller
225 530 60 22 deras
301 530 85 26 ombud,
400 530 114 27 ingalunda
529 530 21 22 af
564 530 234 22 kommunalnämnden.

143 587 77 22 Pastor
242 587 99 22 Oller:
373 587 42 22 Det
437 589 24 20 är
483 588 13 21 3
518 593 62 16 mom.
600 588 6 21 i
629 589 23 20 11
675 587 18 28 &,
709 590 45 19 mot
768 587 80 22 hvilket
860 587 36 26 jag

76 615 67 23 skulle
165 616 49 27 vilja
235 622 26 15 en
283 615 143 28 anmärkning.
455 615 41 28 Jag
515 618 51 24 tror,
582 618 33 20 att
629 618 32 19 ett
675 615 46 22 litet
736 616 73 26 tillägg
824 615 73 22 dervid

76 651 50 15 vore
141 644 21 22 af
176 645 76 21 nöden.
277 645 42 21 Det
333 645 45 21 stär
393 644 103 26 nemligen
512 645 6 20 i
540 645 6 20 3
562 651 62 15 mom.
638 647 31 18 att
680 644 153 27 kyrkoherden,
846 644 53 21 eller

76 673 40 22 den
131 672 52 23 hans
199 673 61 22 ställe
275 673 124 25 företräder,
415 679 50 15 vore
480 673 118 27 berättigad
613 675 32 20 att
658 673 8 21 i
677 673 25 21 de
713 673 56 22 inom
780 675 119 25 pastoratet

76 701 108 27 befintliga
205 701 235 28 fattigvärdsstyrelsers
462 702 158 26 förhandlingar
642 702 38 21 och
703 701 69 22 beslut
792 702 105 26 deltaga.'*

75 730 108 22 Mähända
204 730 62 22 hafva
289 730 32 27 de,
344 730 71 22 hvilka
438 730 84 28 deltogo
537 730 31 22 uti
584 730 147 28 uppgörandet
745 730 23 21 af
781 730 59 22 detta
855 730 43 21 för-

75 758 53 27 slag,
150 759 46 21 icke
217 759 90 21 kommit
328 761 33 19 att
381 759 65 21 tänka
461 760 27 26 pä
503 761 32 19 att
550 759 30 21 uti
596 766 25 14 en
636 758 122 26 församling
773 759 42 21 kan
830 758 68 22 finnas

75 786 51 23 flere
140 789 89 25 prester.
259 787 50 22 Men
323 788 76 21 sädant
414 788 41 20 kan
471 788 54 21 dock
540 787 89 22 inträffa.
657 787 73 22 Skulle
746 787 27 22 dä
787 788 110 26 meningen

76 822 51 16 vara
149 816 47 26 den,
219 818 33 20 att
273 816 26 22 de
321 816 67 26 öfriga
406 816 216 26 församlingslärarne
637 816 39 22 alls
690 816 46 21 icke
752 816 68 22 skulle
835 816 64 22 hafva

76 844 115 28 nägonting
213 846 32 20 att
267 844 67 22 skaffa
353 845 48 21 med
417 844 149 27 fattigvärdens
582 844 109 22 ärenden?
715 845 42 21 Det
772 846 24 20 är
808 845 24 27 ju
846 850 52 21 nog-

77 876 55 19 samt
153 873 85 27 bekant,
259 875 32 20 att
305 873 73 27 hvarje
393 873 133 27 församlings
541 874 75 25 lärare,
630 873 82 22 säledes
727 873 61 22 äfven
803 872 96 28 kapella-

76 908 45 20 ner,
144 902 112 26 adjunkter
275 908 27 15 m.
318 908 27 15 m.
361 901 52 22 böra
428 902 69 21 känna
512 902 32 22 sin
558 902 128 26 församling,
703 902 51 21 böra
769 908 51 15 vara
834 907 64 21 ange-

76 930 62 28 lägna
162 936 33 16 om
218 933 32 19 att
264 936 55 21 noga
334 933 49 25 taga
399 930 50 22 reda
464 932 27 25 pä
507 931 26 21 de
546 931 75 26 fattiga
636 930 122 22 nödstäldas
772 930 128 27 belägenhet

78 960 39 21 och
135 959 36 21 det
185 966 51 14 vore
247 958 25 28 ju
286 959 52 27 godt
353 961 31 20 att
400 959 25 21 de
440 960 9 20 i
463 960 110 21 ömmande
596 959 36 22 fall
648 959 60 21 äfven
722 958 55 22 hade
793 961 31 19 ett
838 959 39 21 ord
892 959 7 20 i

76 987 63 27 laget.
165 987 72 22 Skulle
253 988 18 27 ej
287 990 32 19 ett
333 988 76 21 sädant
424 987 78 27 lillägg,
518 993 44 16 som
576 987 116 27 berättigar
706 987 42 22 alla
758 987 142 27 församlings-

76 1016 70 22 lärare
168 1018 31 20 att
222 1016 84 28 deltaga
327 1016 30 22 uti
381 1016 150 28 fattigvärdens
552 1017 98 25 ärenden,
664 1017 68 25 göras,
748 1016 24 21 sä
786 1016 71 21 kunde
872 1016 28 20 de

77 1045 104 22 uteslutas
195 1045 99 25 derifrän,
309 1051 34 15 om
359 1046 36 20 det
410 1051 50 16 vore
475 1044 54 22 huru
545 1045 110 21 ömmande
670 1045 35 21 fall
720 1051 44 15 som
780 1044 61 22 helst.

146 1074 40 27 Jag
208 1074 73 28 tycker
301 1074 70 26 ocksä,
386 1076 39 24 att,
441 1080 34 15 om
487 1074 38 28 jag
539 1080 33 16 ser
586 1075 28 25 pä
629 1074 40 21 den
688 1074 24 21 13
734 1074 5 27 $
761 1073 6 21 2
783 1079 63 16 mom.
862 1073 40 22 der

78 1103 37 21 det
135 1102 73 22 heter:
231 1102 239 28 ,fattigvärdsstyrelses
491 1103 126 21 ordförande
636 1102 38 21 och
690 1102 124 26 ledamöter,
830 1101 70 22 äfven-

78 1135 45 18 som
145 1131 158 27 presterskapet
318 1131 39 22 och
372 1131 201 27 kronobetjeningen
588 1131 6 21 i
611 1134 66 23 orten,
693 1131 51 21 söke
756 1130 77 28 jemväl
849 1130 53 26 eljes

77 1159 68 23 skaffa
160 1160 31 26 sig
205 1160 126 27 upplysning
343 1166 34 15 om
389 1159 141 22 nödlidande*
543 1159 59 22 deraf
613 1159 58 21 äfven
682 1159 98 26 framgår,
791 1161 33 19 att
834 1158 68 22 andra

78 1188 202 26 församlingslärare
295 1190 27 19 än
338 1188 146 27 kyrkoherden
500 1188 52 22 böra
566 1188 72 21 kunna
650 1190 40 24 äga
702 1187 102 27 rättighet
813 1190 32 18 att
857 1186 43 22 del-

78 1219 50 24 taga
142 1217 8 20 i
166 1216 210 28 öfverläggningarna
390 1222 33 16 om
439 1216 140 27 fattigvärden
596 1216 38 22 och
647 1216 67 21 skulle
724 1216 28 26 pä
763 1216 68 27 grund
842 1214 63 23 deraf

79 1251 49 16 anse
145 1247 31 19 ett
190 1245 80 27 tillägg,
285 1251 46 15 som
346 1244 118 27 berättigar
478 1245 41 21 alla
534 1244 201 26 församlingslärare
751 1247 31 19 att
798 1244 84 26 deltaga
894 1244 7 20 i

79 1274 146 26 fattigvården,
248 1273 80 27 ganska
343 1273 34 22 väl
392 1272 109 27 behöfligt;
524 1276 31 19 ett
569 1273 73 26 tillägg
656 1273 88 26 ungefär
758 1274 24 20 sä
796 1272 106 27 lydande'*

80 1302 116 22 detsamma
210 1302 67 27 gäller
291 1303 80 21 enhvar
385 1302 22 21 af
421 1302 237 26 församlingslärarne*.

148 1359 83 22 Doktor
283 1358 143 27 Hornborg:
456 1358 135 22 Beträffande
614 1358 68 21 denna
701 1358 98 26 paragrat
814 1357 39 21 har
867 1363 34 20 yr-

80 1388 48 20 käts
143 1388 27 26 pä
185 1387 58 21 såväl
258 1387 152 26 inskränkning
424 1393 45 14 som
485 1387 129 25 utvidgning.
644 1387 43 20 Det
702 1387 38 20 har
755 1385 67 21 blifvit
837 1387 43 18 satt
895 1385 8 20 i

80 1415 67 26 fråga,
168 1415 102 21 huruvida
283 1415 35 21 det
333 1421 49 14 vore
397 1415 96 26 lämpligt
507 1417 33 18 att
554 1417 14 18 t.
586 1420 30 15 ex.
633 1414 6 20 i
654 1415 68 20 större
736 1414 79 25 städer,
830 1413 73 21 hvilka

80 1443 60 22 bestå
164 1443 21 22 af
205 1443 50 21 flere
273 1442 147 27 församlingar
435 1442 39 21 och
490 1443 37 21 der
541 1442 82 21 således
638 1441 49 22 flere
702 1441 146 28 kyrkoherdar
862 1440 39 21 fin-

81 1477 45 22 nas,
142 1472 148 28 kyrkoherden
305 1471 69 22 skulle
389 1473 39 25 äga
443 1473 33 20 att
491 1471 67 22 uttala
572 1471 32 26 sig
619 1471 6 20 i
641 1469 203 28 fattigvårdsfrågor,
856 1475 46 16 som
