1095 1825
300 144 182 22 Borgareståndet.
507 145 55 17 1867.
586 146 26 16 25
623 146 49 21 Maj.
823 143 55 21 1065

147 231 94 27 Antager
262 231 86 21 ständet
371 237 63 15 mom.
458 231 13 21 3
493 231 23 21 af
530 232 10 24 $
557 231 33 25 31,
614 230 51 22 eller
680 237 62 16 anser
758 231 86 23 ständet
859 233 48 21 det-

77 265 81 15 samma
174 259 53 21 böra
242 266 25 14 ur
282 260 127 26 paragrafen
426 259 67 27 utgä?

147 315 38 26 De,
208 321 46 16 som
269 315 49 27 vilja
334 315 36 22 det
385 315 66 26 förra,
467 321 63 16 svara
543 315 30 27 ja,
589 315 39 22 och
644 315 33 26 de,
700 315 72 21 hvilka
787 317 68 20 önska
869 317 38 21 det

79 350 81 18 senare,
176 350 62 15 svara
252 344 42 27 nej.

145 400 41 21 Vid
210 401 92 20 anställd
324 401 100 26 votering
446 400 130 21 besvarades
597 401 160 26 propositionen
779 401 48 22 med
844 402 27 20 14
884 401 23 27 ja

77 429 39 21 och
139 429 12 21 7
174 429 44 26 nej;
239 429 84 26 tillfölje
347 429 77 21 hvaraf
446 435 63 15 mom.
535 429 12 21 3
563 429 23 21 af
601 429 12 27 $
628 429 25 21 31
671 429 132 22 förklarades
818 435 52 16 vara
885 429 22 22 af

77 457 85 22 ständet
178 459 93 24 antaget.

144 513 31 28 $$
190 515 87 21 32—34
292 514 126 27 godkändes
433 515 52 20 utan
501 513 127 22 diskussion.

145 570 41 22 Vid
202 570 156 27 behandlingen
373 570 24 21 af
410 570 16 27 $
441 571 28 20 35
485 570 122 27 uppträdde

145 628 56 20 Herr
222 627 89 25 Bergh
334 629 56 19 samt
408 627 97 27 yttrade:
529 628 7 20 i
551 627 113 27 anledning
679 627 23 21 af
716 627 95 22 ständets
826 628 79 26 beslut,

75 656 111 27 angående
201 656 11 26 $
230 656 33 26 29,
279 662 62 15 anser
354 656 37 27 jag
407 656 12 26 $
435 656 27 21 35
478 656 54 21 böra
550 662 26 15 ur
591 655 239 28 författningsförslaget
845 656 59 27 utgå.

145 712 31 22 Pä
192 713 72 21 derom
280 712 23 22 af
316 713 57 21 Herr
388 712 158 22 Talmannen
561 712 119 22 framställd
692 713 132 27 proposition
833 713 72 22 beslöt

77 741 91 27 ständet,
186 743 32 19 att
234 742 12 26 $
262 742 27 20 35
305 741 68 21 skulle
388 741 58 27 utgä.

145 798 31 27 $$
192 799 86 20 36—40
294 798 89 27 gillades
397 800 53 19 utan
466 798 128 21 diskussion.

459 888 15 28 8
489 890 35 20 41.

146 941 64 25 Öfver
226 945 69 21 denna
310 945 11 27 $
335 945 86 28 yttrade
436 945 33 26 sig
485 945 163 22 nedannämnde
663 945 122 22 ledamöter.

144 1007 57 21 Herr
222 1007 94 21 Wolff:
337 1007 37 27 jag
397 1007 80 22 tilläter
493 1007 43 27 mig
551 1009 32 20 att
599 1007 32 21 till
646 1007 85 22 ständet
746 1006 21 22 fä
781 1006 120 27 hemställa,

76 1041 34 16 om
133 1035 46 22 icke
203 1035 85 22 ständet
310 1035 33 22 för
366 1036 31 21 sin
421 1035 35 22 del
471 1035 49 22 ville
535 1035 109 27 tillstyrka
658 1037 34 20 att
706 1035 158 28 tillempningen
881 1036 24 21 af

76 1064 70 21 denna
161 1063 124 28 förordning
300 1064 97 27 vidtager
412 1063 48 22 frän
475 1063 40 22 och
530 1064 49 21 med
595 1064 23 21 är
634 1065 62 24 1872,
717 1064 27 27 pä
760 1064 36 21 det
811 1064 40 21 den
866 1064 37 21 mä

75 1092 73 21 kunna
169 1092 86 21 komma
276 1093 6 20 i
304 1092 70 27 nägon
390 1092 57 27 slags
462 1092 98 21 harmoni
576 1093 47 21 med
639 1093 40 22 den
695 1092 107 22 blifvande
816 1092 85 22 författ-

75 1121 77 26 ningen
174 1127 34 14 om
228 1121 280 26 kommunalförvaltningen
523 1121 8 21 i
546 1121 106 27 städerna,
674 1121 86 22 hvilken
775 1120 127 27 författning

75 1151 24 19 är
114 1151 33 19 att
162 1149 33 22 till
211 1149 40 22 den
266 1149 59 22 tiden
341 1149 105 22 förvänta.

143 1211 56 23 Herr
214 1211 148 28 Hamberg:
379 1211 37 28 jag
431 1211 96 23 biträder
542 1211 57 23 Herr
613 1211 75 23 Wolfis
703 1211 61 28 äsigt.

145 1274 57 22 Herr
216 1274 216 27 Bronikowskij:
446 1274 37 27 jag
499 1274 68 22 skulle
583 1274 46 22 äter
643 1274 34 22 för
691 1274 43 22 min
750 1274 33 22 del
797 1280 52 16 anse
864 1275 38 21 det

73 1303 57 21 böra
145 1303 140 21 öfverlemnas
303 1303 22 21 ät
340 1304 125 26 regeringen
480 1304 33 20 att
527 1303 126 25 bestämma,
675 1303 86 21 hvilken
776 1302 31 22 tid
821 1302 80 28 ifräga-

73 1331 97 21 varande
185 1332 124 26 förordning
324 1332 54 21 skall
393 1332 64 21 träda
471 1332 7 21 i
494 1332 166 26 verkställighet.

143 1393 50 23 Som
209 1394 62 27 ingen
287 1394 67 22 talare
369 1394 74 22 vidare
458 1394 127 26 uppträdde,
603 1394 134 22 förklarades
752 1394 148 22 diskussionen

73 1428 52 16 vara
148 1422 82 26 slutad;
254 1422 65 22 hvarä
335 1423 56 21 Herr
406 1422 174 22 Talmannen
596 1422 132 22 framställde
742 1422 94 28 följande
850 1428 50 22 pro-

73 1450 103 27 position:

143 1507 67 22 Gillar
233 1507 85 22 ståndet
340 1508 11 26 $
373 1509 26 20 41
420 1508 8 20 i
442 1508 118 21 utskottets
575 1508 142 26 betänkande,
740 1507 108 21 äfvensom
863 1507 37 21 be-

71 1536 145 21 stämmandet
238 1536 23 21 af
275 1536 58 21 tiden
348 1537 39 20 när
402 1535 152 27 förordningen
569 1535 67 22 borde
651 1536 63 21 träda
728 1536 7 21 i
750 1535 151 22 verksamhet?
