1095 1825
223 120 42 22 932
421 125 182 22 Borgareständet.
628 126 56 18 1867.
708 127 28 16 20
748 126 47 21 Maj.

194 210 181 22 Forstinstitutets
397 210 47 21 icke
462 210 121 26 obetydliga
598 210 114 26 samlingar
727 210 22 21 af
762 210 121 27 isynnerhet
898 210 121 28 fysikaliska

194 240 151 20 instrumeuter
361 238 116 22 öfverföras
493 238 30 21 till
539 238 36 21 det
590 238 106 21 blifvande
712 238 147 26 teknologiska
875 239 110 21 institutet.

262 267 82 21 Genom
367 274 26 14 en
416 267 63 25 nädig
501 266 122 26 förordning
638 266 22 22 af
675 267 39 21 den
730 268 27 20 20
773 267 41 26 Maj
833 268 54 20 1835
903 267 116 21 inrättades

194 296 6 20 i
224 295 132 26 Helsingfors
379 302 26 14 en
429 296 64 25 högre
513 295 83 20 teknisk
613 295 122 26 myndighet
750 296 67 19 under
833 301 62 15 namn
910 295 23 21 af
945 295 74 21 Manu-

194 323 207 22 fakturdirektionen
424 323 7 20 i
449 323 95 21 Finland.
573 323 10 21 I
600 323 40 21 den
656 323 134 25 instruktion,
807 329 44 15 som
869 323 66 21 under
950 324 40 20 den
1006 325 12 19 7

195 352 118 21 December
337 352 54 21 1842
414 351 33 22 för
467 351 89 21 nämnde
579 351 120 21 institution
722 351 127 25 utfärdades,
876 351 72 27 angafs
971 352 48 21 dess

195 380 97 27 syftemäl
315 386 59 15 vara:
399 382 46 23 ,att
468 380 65 21 under
548 380 83 25 ständig
646 379 187 27 uppmärksamhet
848 381 13 20 &
876 380 144 21 manufaktur-

196 409 101 20 väsendet
313 409 4 20 i
334 408 123 26 allmänhet,
473 408 50 21 söka
539 408 107 21 verksamt
664 407 99 22 befordra
778 409 41 20 den
836 408 109 21 inhemska
960 409 60 20 indu-

195 437 65 21 strins
276 437 113 26 uppkomst
404 439 56 18 samt
474 436 53 21 vaka
543 436 57 21 öfver
615 436 213 21 handtverkeriernas
842 436 177 21 fullkomnande*.

196 465 92 21 Medelst
310 465 134 21 föreskrifter
464 465 29 20 uti
518 464 43 21 dels
579 465 65 26 sagde
659 465 128 20 instruktion
804 465 44 21 dels
864 465 65 21 andra
944 471 75 15 senare

196 494 102 20 utkomne
320 493 155 26 författningar,
499 499 74 20 genom
597 493 70 21 hvilka
690 493 40 20 den
749 493 148 26 ursprungliga
913 493 107 26 organisa-

196 522 72 21 tionen
284 522 22 21 af
319 521 160 27 ifrägavarande
494 521 121 27 myndighet
630 521 5 21 i
652 521 104 21 särskilda
772 521 110 22 afseenden
894 521 124 26 förändrats,

196 550 40 21 har
259 551 121 20 densamma
403 549 64 22 bland
483 553 63 18 annat
562 550 39 21 och
617 549 173 26 hufvudsakligen
806 549 69 22 blifvit
889 549 82 26 älagdt:
988 552 32 19 att

196 578 53 21 ifrån
274 579 158 20 vederbörande
455 578 130 21 embetsverk
609 578 95 21 infordra
726 578 38 21 och
787 578 107 27 publicera
915 578 105 27 uppgifter

197 607 110 26 angående
322 607 173 21 handtverkerier
511 607 38 21 och
566 606 65 26 öfriga
647 607 113 21 industrier
776 607 5 20 i
799 607 81 25 landet;
897 609 32 19 att
944 613 75 20 genom

197 635 146 21 anskaffandet
359 635 22 21 af
395 635 101 21 modeller
511 636 38 20 och
565 635 103 25 ritningar
684 635 32 21 till
731 641 71 21 nyare,
818 636 33 20 för
861 635 39 21 den
911 635 109 21 inhemska

197 664 115 20 industrins
335 664 107 20 förkofran
462 664 109 26 gagneliga
587 663 147 27 uppfinningar
748 665 55 19 samt
819 663 140 21 framstäende
975 664 43 21 tek-

197 692 61 21 niska
281 692 117 21 tidskrifter
422 692 37 20 och
483 692 150 26 afhandlingar,
657 692 71 20 hvilka
750 692 13 20 &
785 692 70 20 dertill
871 694 79 19 utsatta
966 692 54 21 tider

198 720 66 22 borde
286 720 67 22 hällas
375 720 130 26 tillgängliga
524 720 31 21 för
570 720 164 21 industriidkare
750 720 37 21 och
804 720 65 21 andra
884 720 136 22 medlemmar

197 748 23 22 af
233 749 27 21 de
276 748 83 22 bildade
374 748 215 25 samhällsklasserna,
605 748 98 21 befordra
714 749 26 20 de
750 748 109 21 inhemska
870 748 150 22 industriernas

197 777 120 26 utbildning
340 777 31 21 till
394 778 68 20 större
485 776 162 27 fullkomlighet;
672 779 32 19 att
726 776 31 21 till
776 777 122 26 regeringen
914 777 106 21 inkomma

197 806 48 20 med
268 805 78 27 förslag
361 805 32 21 till
409 805 164 21 föranstaltande
589 805 21 21 af
624 805 78 21 allmän
718 805 117 26 exposition
852 805 46 21 utaf
911 805 109 21 inhemska

197 833 164 25 industrialster;
378 835 32 19 att
425 833 118 21 handhafva
558 834 36 20 det
609 833 107 21 allmänna
730 833 109 21 inseendet
851 833 57 21 öfver
919 834 101 26 söndags-

198 862 39 20 och
260 861 160 22 aftonskolorna
445 865 54 17 samt
521 862 96 20 tekniska
639 862 120 20 realskolan
782 862 6 20 i
810 861 131 26 Helsingfors
955 862 65 26 jemte

198 890 36 20 det
258 890 40 20 den
322 890 67 21 skulle
412 892 75 24 utgöra
507 896 25 15 en
549 890 110 21 medlande
675 890 49 21 länk
740 890 89 20 emellan
844 890 122 25 regeringen
982 890 39 21 och

198 918 25 21 de
246 918 66 26 öfriga
335 918 97 21 tekniska
454 918 123 21 läroverken
601 918 6 20 i
629 918 79 26 landet,
731 920 56 19 samt
803 919 31 20 att
849 917 32 22 till
897 918 123 26 regeringen

198 947 110 25 angäende
331 946 216 27 patentansökningar
573 946 37 21 och
636 947 67 20 andra
728 946 171 21 förekommande
925 946 96 21 tekniska

198 975 70 26 frägor
284 975 77 26 ingifva
377 974 116 21 affordradt
508 975 115 20 utlätande.
649 975 33 20 Dä
698 981 28 14 nu
742 974 145 21 erfarenheten
903 974 117 21 emellertid

198 1003 130 26 smäningom
351 1003 60 26 gifvit
434 1003 34 21 vid
487 1003 89 24 handen,
599 1005 33 18 att
654 1003 281 20 Manufakturdirektionens
960 1003 60 20 verk-

198 1031 83 21 samhet
304 1031 6 21 i
332 1031 152 21 ofvannämnde
500 1031 111 21 afseenden
627 1031 55 21 varit
697 1031 81 21 mindre
793 1031 173 26 fruktbringande
982 1031 39 22 och

198 1059 26 21 dä
247 1066 74 20 genom
346 1060 129 21 inrättandet
497 1059 22 21 af
539 1062 30 18 ett
584 1060 65 25 högre
665 1059 94 21 tekniskt
774 1059 97 21 läroverk
888 1060 39 20 den
944 1060 76 26 vigtiga

198 1087 33 22 del
247 1087 23 22 af
284 1088 47 21 dess
346 1087 132 27 äligganden,
497 1090 32 19 att
544 1087 31 22 till
591 1088 123 26 regeringen
730 1087 68 22 utläta
813 1088 32 26 sig
861 1087 56 22 öfver
933 1088 41 21 alla
990 1088 32 21 till

198 1116 48 21 dess
268 1116 129 27 granskning
421 1116 126 25 hänskjutna
570 1116 71 27 frägor
663 1117 57 20 inom
744 1116 36 21 det
802 1116 97 21 tekniska
918 1116 102 27 omrädet,

197 1144 41 21 lätt
253 1147 50 18 utan
320 1145 64 26 några
399 1145 104 21 särskilda
519 1145 151 20 omkostnader
684 1145 71 20 kunde
771 1144 114 22 öfverföras
901 1145 31 20 till
943 1144 78 22 lärare-

197 1172 101 27 kollegiet
321 1173 33 20 vid
377 1173 35 21 det
436 1173 104 21 blifvande
563 1173 147 26 teknologiska
732 1173 112 23 institutet,
865 1173 38 21 har
917 1173 105 21 utskottet

198 1203 70 19 ansett
291 1201 30 27 sig
344 1202 38 20 hos
405 1202 84 20 ständet
511 1201 52 21 böra
586 1201 117 25 hemställa,
719 1201 103 22 huruvida
837 1201 46 21 icke
899 1204 30 18 ett
944 1201 78 27 förslag

198 1236 34 14 om
254 1230 124 26 indragning
394 1230 22 20 af
430 1230 270 21 Manufakturdirektionen
717 1231 39 20 och
772 1230 147 21 användandet
935 1230 30 20 till
982 1230 40 21 den

197 1258 124 26 ifrägasatta
344 1258 165 26 reorganisation
534 1258 21 21 af
576 1258 120 22 realskolan
719 1259 6 20 i
749 1258 130 27 Helsingfors
902 1258 23 21 af
945 1258 25 21 de
990 1258 32 21 för

198 1286 97 22 bemälde
318 1286 106 22 direktion
446 1286 79 27 ärligen
549 1286 100 27 anslagna
675 1287 76 26 13,600
770 1287 66 25 mark,
853 1287 46 21 med
915 1286 107 27 undantag

198 1314 62 22 likväl
284 1314 22 22 af
320 1315 43 21 deri
380 1315 31 21 till
428 1315 161 27 resestipendier
605 1316 103 25 ingäende
725 1316 63 24 3,200
804 1315 66 25 mark,
886 1315 70 21 hvilka
971 1315 51 21 fort-

197 1343 88 21 farande
309 1343 32 21 för
363 1343 69 21 afsedt
455 1343 96 21 ändamål
571 1344 70 20 kunde
656 1344 57 26 utgå,
730 1344 5 20 i
752 1343 151 26 sammanhang
919 1344 47 20 med
982 1344 40 20 den

198 1378 28 14 nu
242 1372 75 21 väckta
333 1372 73 26 frågan
423 1372 64 20 borde
503 1372 133 20 framställas.

267 1400 33 20 En
315 1400 126 26 indragning
456 1400 22 21 af
491 1400 58 21 såväl
564 1400 177 26 Forstinstitutet,
758 1406 44 15 som
817 1400 205 21 Manufakturdirek-

197 1428 71 20 tionen
284 1428 84 21 komme
384 1430 32 19 att
431 1428 94 21 medföra
540 1435 25 14 en
581 1428 53 26 årlig
649 1429 120 26 minskning
784 1429 7 20 i
806 1430 81 20 statens
903 1428 87 26 utgifter
1002 1428 22 21 af

198 1456 78 25 33,200
300 1457 66 21 mark.
397 1457 43 21 För
462 1457 178 25 omorganisation
664 1457 22 21 af
703 1457 97 21 tekniska
816 1456 119 22 realskolan
950 1456 6 21 i
973 1456 50 22 Hel-

198 1484 90 26 singfors
311 1485 32 20 till
359 1486 31 20 ett
410 1485 144 26 teknologiskt
569 1485 83 21 institut
668 1485 68 21 skulle
752 1485 64 26 enligt
831 1485 115 21 utskottets
962 1484 61 22 ofvan

197 1513 96 20 uttalade
308 1514 55 26 åsigt
378 1513 105 21 erfordras
499 1515 32 19 att
546 1513 45 26 fyra
607 1519 40 21 nya
657 1513 114 21 lärostolar
781 1513 34 21 vid
827 1514 121 20 densamma
958 1513 66 21 borde
