1095 1825
228 141 43 21 714
433 143 183 23 Borgareständet.
642 144 55 17 1867.
722 144 12 16 3
747 144 49 21 Maj.

202 230 68 27 enligt
292 230 77 26 mänga
389 230 100 26 juristers
512 229 56 26 äsigt
583 235 50 15 vore
649 229 93 26 origtigt.
772 229 41 27 Jag
829 231 46 19 tror
891 230 90 26 derföre,
998 231 32 20 att

202 260 36 20 det
264 259 68 21 skulle
347 258 69 21 strida
432 260 44 18 mot
491 264 25 14 en
533 257 187 26 fastighetsägares
736 263 67 15 sanna
817 258 97 24 intresse,
931 264 33 15 om
980 264 49 15 man

202 287 69 21 skulle
286 287 55 21 neka
356 286 79 21 honom
450 287 32 19 att
498 286 95 26 begagna
609 286 31 25 sig
655 285 23 21 af
692 285 163 27 ifrägavarande
870 286 90 21 förmän.
980 287 49 20 Han

201 315 40 21 har
262 315 25 26 ju
308 314 115 27 tillräcklig
445 314 84 26 garanti
547 314 6 20 i
569 313 130 26 rättigheten
715 315 33 19 att
764 313 95 22 bestrida
874 314 154 27 inteckningen.

272 376 57 22 Herr
344 376 163 21 Granström
530 375 105 22 instämde
651 375 6 21 i
673 375 56 21 Herr
746 375 123 22 Lindbloms
884 377 106 25 yttrande.

273 439 56 20 Herr
356 434 152 30 Öhrnberg:
530 438 6 20 i
559 437 115 26 anledning
696 437 22 20 af
744 437 167 27 anmärkningen
934 439 45 20 mot
994 438 36 21 det

204 469 68 20 första
288 468 115 19 momentet
420 466 22 21 af
456 467 11 24 $
485 467 25 19 14
526 466 65 21 beder
605 465 36 26 jag
656 467 33 19 att
703 465 22 21 få
740 466 33 20 till
788 466 49 20 mitt
857 465 58 22 förra
930 466 99 26 yttrande

204 496 94 26 tillägga,
315 496 32 19 att
362 495 41 20 den
419 494 120 26 äberopade
554 493 158 22 reservationen
728 500 62 20 synes
805 493 82 22 sträfva
903 494 79 21 derhän
998 496 32 19 att

204 525 28 26 pä
256 523 113 22 samhället
392 521 120 28 öfverflytta
534 528 26 15 en
583 522 106 25 omtanke,
713 528 46 15 som
778 523 40 20 den
834 523 95 20 enskilda
945 522 47 27 sjelf
1006 524 24 19 är

205 552 84 28 skyldig
311 553 32 19 att
366 551 103 26 iakttaga.
500 550 33 21 Dä
556 551 60 20 detta
638 551 119 25 stadgande
779 552 39 25 gör
837 551 35 20 det
888 551 104 20 beroende
1008 550 24 21 af

204 581 200 26 fastighetsägaren,
421 585 34 15 om
470 579 42 20 han
527 578 83 21 direkte
626 579 52 20 eller
693 579 106 20 indirekte
813 579 84 20 bifaller
907 579 32 21 till
949 579 81 21 inteck-

205 610 84 26 ningen,
306 608 23 21 sä
344 610 24 18 är
383 608 37 20 det
435 607 124 26 tillräckligt
575 606 67 27 sörjdt
658 606 33 21 för
706 607 42 21 den
764 607 95 21 enskilda
878 607 95 21 krediten
990 607 39 21 och

206 637 133 22 säkerheten.
370 636 39 21 Att
432 636 72 26 intaga
527 637 30 19 ett
579 635 76 21 sädant
670 636 125 26 stadgande,
811 642 45 15 som
872 636 158 20 reservationen

205 666 124 25 innehåller,
353 666 24 19 är
401 666 32 19 att
455 665 98 25 intränga
575 663 28 27 pä
623 665 32 19 ett
670 663 95 27 område,
781 665 38 20 der
834 664 134 26 lagstiftaren
982 664 47 21 icke

205 694 40 21 har
260 694 65 25 nägot
341 695 32 19 att
388 692 74 21 skaffa.

276 756 56 20 Herr
357 754 93 22 Holm:
475 755 35 20 det
525 754 121 26 föreslagna
662 754 129 26 stadgandet
807 754 78 26 derom,
902 756 33 19 att
949 755 81 21 inteck-

207 784 50 26 ning
273 784 33 20 för
321 784 80 26 borgen
418 783 55 25 finge
487 782 115 25 meddelas,
619 788 61 15 anser
694 782 43 26 jag,
752 783 6 20 i
773 782 67 21 likhet
855 783 48 21 med
917 782 50 22 flere
976 783 54 21 före-

206 812 82 26 gäende
311 812 74 24 talare,
404 811 53 21 böra
479 810 58 26 utgä,
557 811 28 25 pä
601 810 25 21 de
642 810 52 26 skäl,
711 816 45 16 som
772 811 56 21 Herr
843 811 118 21 Grotenfelt
976 812 7 20 i
998 812 32 20 sin

208 840 131 21 reservation
365 839 124 21 framhållit.
520 838 45 22 Och
591 844 62 16 anser
677 838 36 27 jag
738 839 127 27 paragrafen
886 840 52 20 böra
954 839 20 21 få
990 840 41 20 den

206 868 82 27 lydelse
302 868 41 21 han
359 868 60 20 äfven
435 867 114 26 föreslagit.

277 930 56 21 Herr
355 929 150 21 Mustonen:
525 929 37 26 jag
585 929 59 20 delar
659 929 56 20 Herr
730 929 81 26 Berghs
827 929 61 26 äsigt.
918 929 42 22 Det
975 929 57 21 före-

208 958 62 21 faller
294 957 50 26 ofta,
368 959 32 19 att
422 963 49 15 man
486 957 41 20 kan
543 957 91 20 behöfva
650 963 25 15 en
691 957 81 26 borgen
787 957 33 21 för
836 963 25 15 en
877 959 69 20 större
962 959 69 20 entre-

208 986 171 26 prenadsumma,
403 985 39 22 och
468 985 41 20 kan
533 991 49 15 man
598 985 27 20 dä
640 985 98 21 meddela
754 985 121 26 inteckning
889 986 8 21 i
912 986 31 21 sin
958 986 74 27 fastig-

208 1015 43 26 het,
268 1014 23 21 sä
306 1016 24 19 är
345 1014 36 21 det
395 1014 50 21 vida
460 1013 77 22 lättare
553 1015 32 19 att
601 1013 81 21 erhälla
698 1020 25 14 en
739 1013 41 22 slik
796 1014 85 26 borgen.

277 1077 56 20 Herr
355 1075 220 27 Bronikowskij:
599 1075 41 21 den
662 1075 117 26 föreskrift,
795 1082 45 15 som
855 1076 7 20 i
877 1077 11 25 $
906 1077 25 20 14
946 1076 86 27 influtit,

208 1111 64 16 anser
296 1105 35 26 jag
353 1104 33 21 för
408 1104 44 21 min
475 1104 33 21 del
533 1105 32 20 stä
587 1104 8 20 i
613 1104 53 21 strid
681 1104 49 21 med
746 1105 26 20 de
786 1105 111 26 principer,
914 1105 72 20 hvilka
1000 1104 32 21 för

208 1133 123 26 inteckning
353 1135 36 18 äro
412 1133 98 26 gällande
530 1132 59 21 såväl
604 1133 7 20 i
628 1133 54 20 1734
698 1132 34 21 års
748 1133 35 26 lag
798 1139 45 14 som
859 1133 6 20 i
881 1133 12 26 $
912 1134 9 19 1
938 1133 22 20 af
974 1133 59 21 detta

209 1161 122 27 lagförslag.
361 1161 71 26 Begge
455 1161 49 25 afse,
528 1162 32 19 att
582 1167 49 14 man
652 1161 54 20 skall
728 1160 34 21 för
785 1161 122 26 inteckning
928 1161 63 21 hafva
1006 1167 26 15 en

209 1190 82 26 verklig
306 1189 93 25 fordran,
416 1189 40 21 och
471 1189 79 26 borgen
566 1191 30 23 är,
613 1189 69 20 säsom
698 1189 80 21 enhvar
793 1191 42 23 vet,
850 1189 46 21 icke
912 1189 69 26 nägon
989 1189 45 21 for-

210 1218 60 21 dran.
301 1217 50 21 Man
373 1217 43 21 kan
438 1217 98 27 möjligen
559 1217 121 26 derigenom
703 1217 27 27 fä
748 1224 26 14 en
788 1217 87 22 fordran
890 1218 7 20 i
912 1217 120 27 framtiden,

210 1252 49 15 men
284 1246 37 21 det
336 1248 23 18 är
375 1248 57 18 ännu
447 1246 46 20 icke
509 1246 70 26 någon
592 1245 94 22 fordran.
716 1245 69 21 Afven
800 1246 120 21 föreställer
934 1247 35 25 jag
984 1246 49 26 mig,

210 1276 32 19 att
258 1280 34 15 om
308 1280 26 15 en
349 1274 67 21 sädan
432 1274 119 21 institution
567 1274 85 26 införes,
668 1274 43 21 kan
727 1274 36 20 det
778 1274 49 21 leda
842 1274 32 21 till
885 1275 83 26 mycket
978 1276 56 20 tras-

211 1303 30 21 sel
268 1302 39 22 och
323 1303 70 20 oreda.
424 1302 40 26 Jag
479 1302 36 21 vill
531 1302 126 26 exempelvis
673 1304 79 24 antaga
768 1304 31 20 att
815 1309 26 15 en
855 1302 178 27 fordringsägare,

211 1337 46 15 som
284 1331 39 21 har
348 1330 121 27 inteckning
493 1330 7 21 i
525 1336 26 15 en
575 1330 107 27 fastighet,
705 1331 63 21 söker
783 1333 24 19 ut
823 1332 32 20 sin
869 1331 94 21 fordran.
994 1331 40 21 Om

211 1366 70 14 annan
296 1359 89 26 tillgång
400 1359 38 20 hos
454 1359 129 26 gäldenären
599 1358 26 21 dä
640 1359 84 25 saknas,
742 1360 72 20 dömes
824 1359 129 26 fastigheten
965 1360 7 20 i
983 1361 49 24 mät,

212 1388 38 20 och
264 1388 38 26 jag
316 1390 35 18 vet
366 1387 34 21 vid
417 1387 76 21 sädant
507 1387 135 21 förhällande
657 1387 47 21 icke
719 1387 56 21 hvad
791 1394 26 14 en
828 1388 57 26 dylik
893 1388 140 26 intecknings-

211 1416 101 20 säkerhet
333 1415 34 21 för
389 1422 26 14 en
437 1416 86 26 borgen,
545 1421 45 15 som
612 1417 56 19 ännu
683 1415 47 21 icke
746 1417 24 19 är
785 1416 78 26 betald,
880 1416 53 20 skall
948 1416 85 26 betyda.

212 1444 59 20 Skall
294 1444 35 21 det
344 1444 35 20 väl
394 1444 27 20 dä
436 1444 107 20 förnärma
559 1444 41 20 den
617 1444 88 20 sednare
720 1444 247 26 inteckningshafvarens
982 1444 52 21 eller

211 1472 96 26 verkliga
327 1472 198 26 fordringsägarens
548 1473 44 19 rätt
608 1473 32 19 att
655 1471 47 21 utfä
717 1472 32 20 sin
764 1472 87 21 fordran
866 1478 25 14 ur
906 1472 128 26 fastigheten

212 1500 52 21 eller
285 1500 52 21 icke.
367 1500 40 25 Jag
428 1500 36 20 vill
486 1500 83 21 derföre
593 1500 47 20 icke
661 1500 87 20 förorda
770 1501 130 25 antagandet
923 1500 22 21 af
958 1501 11 26 $
986 1501 48 20 14
1021 1496 17 35 i

212 1529 117 20 utskottets
344 1528 141 25 betänkande,
501 1529 52 20 utan
569 1528 57 21 Herr
641 1527 131 22 Grotenfelts
788 1528 137 21 reservation.
