<?xml version="1.0" encoding="UTF-8"?>
<alto xmlns="http://www.loc.gov/standards/alto/ns-v3#" xmlns:xlink="http://www.w3.org/1999/xlink" xmlns:xsi="http://www.w3.org/2001/XMLSchema-instance" xsi:schemaLocation="http://www.loc.gov/standards/alto/ns-v3# http://www.loc.gov/alto/v3/alto-3-0.xsd">
	<Description>
		<MeasurementUnit>pixel</MeasurementUnit>
		<sourceImageInformation>
			<fileName>/tmp/tess_nquzvg8k_input.PNG</fileName>
		</sourceImageInformation>
		<OCRProcessing ID="OCR_0">
			<ocrProcessingStep>
				<processingSoftware>
					<softwareName>tesseract 5.3.4</softwareName>
				</processingSoftware>
			</ocrProcessingStep>
		</OCRProcessing>
	</Description>
	<Layout>
		<Page WIDTH="1095" HEIGHT="1825" PHYSICAL_IMG_NR="0" ID="page_0">
			<PrintSpace HPOS="0" VPOS="0" WIDTH="1095" HEIGHT="1825">
				<GraphicalElement ID="cblock_0" HPOS="0" VPOS="272" WIDTH="4" HEIGHT="585"></GraphicalElement >
				<ComposedBlock ID="cblock_1" HPOS="226" VPOS="134" WIDTH="569" HEIGHT="28">
					<TextBlock ID="block_0" HPOS="226" VPOS="134" WIDTH="569" HEIGHT="28">
						<TextLine ID="line_0" HPOS="226" VPOS="134" WIDTH="569" HEIGHT="28">
							<String ID="string_0" HPOS="226" VPOS="134" WIDTH="56" HEIGHT="22" WC="0.96" CONTENT="1028"/><SP WIDTH="142" VPOS="134" HPOS="282"/>
							<String ID="string_1" HPOS="424" VPOS="140" WIDTH="183" HEIGHT="22" WC="0.91" CONTENT="Borgareståndet."/><SP WIDTH="23" VPOS="140" HPOS="607"/>
							<String ID="string_2" HPOS="630" VPOS="140" WIDTH="55" HEIGHT="18" WC="0.95" CONTENT="1887."/><SP WIDTH="23" VPOS="140" HPOS="685"/>
							<String ID="string_3" HPOS="708" VPOS="132" WIDTH="27" HEIGHT="35" WC="0.96" CONTENT="24"/><SP WIDTH="15" VPOS="132" HPOS="735"/>
							<String ID="string_4" HPOS="750" VPOS="132" WIDTH="45" HEIGHT="35" WC="0.94" CONTENT="Maj."/>
						</TextLine>
					</TextBlock>
				</ComposedBlock>
				<GraphicalElement ID="cblock_2" HPOS="320" VPOS="179" WIDTH="602" HEIGHT="8"></GraphicalElement >
				<ComposedBlock ID="cblock_3" HPOS="197" VPOS="224" WIDTH="827" HEIGHT="339">
					<TextBlock ID="block_1" HPOS="197" VPOS="224" WIDTH="827" HEIGHT="339">
						<TextLine ID="line_1" HPOS="197" VPOS="224" WIDTH="826" HEIGHT="29">
							<String ID="string_5" HPOS="197" VPOS="224" WIDTH="84" HEIGHT="28" WC="0.96" CONTENT="staden,"/><SP WIDTH="23" VPOS="224" HPOS="281"/>
							<String ID="string_6" HPOS="304" VPOS="225" WIDTH="84" HEIGHT="22" WC="0.95" CONTENT="komme"/><SP WIDTH="23" VPOS="225" HPOS="388"/>
							<String ID="string_7" HPOS="411" VPOS="227" WIDTH="33" HEIGHT="20" WC="0.96" CONTENT="att"/><SP WIDTH="21" VPOS="227" HPOS="444"/>
							<String ID="string_8" HPOS="465" VPOS="228" WIDTH="77" HEIGHT="25" WC="0.93" CONTENT="utgöra"/><SP WIDTH="21" VPOS="228" HPOS="542"/>
							<String ID="string_9" HPOS="563" VPOS="226" WIDTH="179" HEIGHT="26" WC="0.91" CONTENT="näringsafgifter,"/><SP WIDTH="24" VPOS="226" HPOS="742"/>
							<String ID="string_10" HPOS="766" VPOS="232" WIDTH="45" HEIGHT="15" WC="0.96" CONTENT="som"/><SP WIDTH="22" VPOS="232" HPOS="811"/>
							<String ID="string_11" HPOS="833" VPOS="232" WIDTH="50" HEIGHT="15" WC="0.96" CONTENT="man"/><SP WIDTH="18" VPOS="232" HPOS="883"/>
							<String ID="string_12" HPOS="901" VPOS="225" WIDTH="122" HEIGHT="27" WC="0.95" CONTENT="visserligen"/>
						</TextLine>
						<TextLine ID="line_2" HPOS="198" VPOS="253" WIDTH="826" HEIGHT="28">
							<String ID="string_13" HPOS="198" VPOS="254" WIDTH="68" HEIGHT="21" WC="0.95" CONTENT="redan"/><SP WIDTH="22" VPOS="254" HPOS="266"/>
							<String ID="string_14" HPOS="288" VPOS="253" WIDTH="58" HEIGHT="23" WC="0.95" CONTENT="förut"/><SP WIDTH="21" VPOS="253" HPOS="346"/>
							<String ID="string_15" HPOS="367" VPOS="255" WIDTH="7" HEIGHT="20" WC="0.96" CONTENT="i"/><SP WIDTH="23" VPOS="255" HPOS="374"/>
							<String ID="string_16" HPOS="397" VPOS="260" WIDTH="27" HEIGHT="16" WC="0.96" CONTENT="en"/><SP WIDTH="22" VPOS="260" HPOS="424"/>
							<String ID="string_17" HPOS="446" VPOS="254" WIDTH="35" HEIGHT="22" WC="0.96" CONTENT="del"/><SP WIDTH="17" VPOS="254" HPOS="481"/>
							<String ID="string_18" HPOS="498" VPOS="254" WIDTH="73" HEIGHT="21" WC="0.96" CONTENT="städer"/><SP WIDTH="15" VPOS="254" HPOS="571"/>
							<String ID="string_19" HPOS="586" VPOS="254" WIDTH="58" HEIGHT="27" WC="0.96" CONTENT="ålagt"/><SP WIDTH="15" VPOS="254" HPOS="644"/>
							<String ID="string_20" HPOS="659" VPOS="254" WIDTH="55" HEIGHT="26" WC="0.96" CONTENT="dem,"/><SP WIDTH="23" VPOS="254" HPOS="714"/>
							<String ID="string_21" HPOS="737" VPOS="260" WIDTH="48" HEIGHT="16" WC="0.96" CONTENT="men"/><SP WIDTH="15" VPOS="260" HPOS="785"/>
							<String ID="string_22" HPOS="800" VPOS="256" WIDTH="53" HEIGHT="19" WC="0.96" CONTENT="utan"/><SP WIDTH="16" VPOS="256" HPOS="853"/>
							<String ID="string_23" HPOS="869" VPOS="256" WIDTH="32" HEIGHT="20" WC="0.96" CONTENT="att"/><SP WIDTH="15" VPOS="256" HPOS="901"/>
							<String ID="string_24" HPOS="916" VPOS="260" WIDTH="26" HEIGHT="16" WC="0.96" CONTENT="en"/><SP WIDTH="14" VPOS="260" HPOS="942"/>
							<String ID="string_25" HPOS="956" VPOS="254" WIDTH="68" HEIGHT="22" WC="0.96" CONTENT="sådan"/>
						</TextLine>
						<TextLine ID="line_3" HPOS="197" VPOS="282" WIDTH="827" HEIGHT="27">
							<String ID="string_26" HPOS="197" VPOS="282" WIDTH="139" HEIGHT="27" WC="0.96" CONTENT="beskattning"/><SP WIDTH="18" VPOS="282" HPOS="336"/>
							<String ID="string_27" HPOS="354" VPOS="282" WIDTH="46" HEIGHT="21" WC="0.96" CONTENT="haft"/><SP WIDTH="15" VPOS="282" HPOS="400"/>
							<String ID="string_28" HPOS="415" VPOS="283" WIDTH="35" HEIGHT="26" WC="0.96" CONTENT="lag"/><SP WIDTH="14" VPOS="283" HPOS="450"/>
							<String ID="string_29" HPOS="464" VPOS="282" WIDTH="33" HEIGHT="21" WC="0.96" CONTENT="för"/><SP WIDTH="14" VPOS="282" HPOS="497"/>
							<String ID="string_30" HPOS="511" VPOS="283" WIDTH="42" HEIGHT="26" WC="0.96" CONTENT="sig;"/><SP WIDTH="23" VPOS="283" HPOS="553"/>
							<String ID="string_31" HPOS="576" VPOS="282" WIDTH="43" HEIGHT="21" WC="0.91" CONTENT="alla"/><SP WIDTH="14" VPOS="282" HPOS="619"/>
							<String ID="string_32" HPOS="633" VPOS="282" WIDTH="164" HEIGHT="25" WC="0.90" CONTENT="fabriksidkare,"/><SP WIDTH="23" VPOS="282" HPOS="797"/>
							<String ID="string_33" HPOS="820" VPOS="288" WIDTH="45" HEIGHT="15" WC="0.96" CONTENT="som"/><SP WIDTH="16" VPOS="288" HPOS="865"/>
							<String ID="string_34" HPOS="881" VPOS="282" WIDTH="7" HEIGHT="21" WC="0.96" CONTENT="i"/><SP WIDTH="15" VPOS="282" HPOS="888"/>
							<String ID="string_35" HPOS="903" VPOS="282" WIDTH="48" HEIGHT="21" WC="0.96" CONTENT="stad"/><SP WIDTH="15" VPOS="282" HPOS="951"/>
							<String ID="string_36" HPOS="966" VPOS="282" WIDTH="58" HEIGHT="21" WC="0.85" CONTENT="hålla"/>
						</TextLine>
						<TextLine ID="line_4" HPOS="198" VPOS="309" WIDTH="825" HEIGHT="28">
							<String ID="string_37" HPOS="198" VPOS="311" WIDTH="72" HEIGHT="25" WC="0.91" CONTENT="öppna"/><SP WIDTH="14" VPOS="311" HPOS="270"/>
							<String ID="string_38" HPOS="284" VPOS="309" WIDTH="229" HEIGHT="28" WC="0.91" CONTENT="försäljningsbutiker,"/><SP WIDTH="16" VPOS="309" HPOS="513"/>
							<String ID="string_39" HPOS="529" VPOS="312" WIDTH="52" HEIGHT="19" WC="0.96" CONTENT="utan"/><SP WIDTH="16" VPOS="312" HPOS="581"/>
							<String ID="string_40" HPOS="597" VPOS="312" WIDTH="32" HEIGHT="19" WC="0.96" CONTENT="att"/><SP WIDTH="15" VPOS="312" HPOS="629"/>
							<String ID="string_41" HPOS="644" VPOS="310" WIDTH="76" HEIGHT="21" WC="0.95" CONTENT="hittills"/><SP WIDTH="16" VPOS="310" HPOS="720"/>
							<String ID="string_42" HPOS="736" VPOS="311" WIDTH="65" HEIGHT="26" WC="0.96" CONTENT="enligt"/><SP WIDTH="16" VPOS="311" HPOS="801"/>
							<String ID="string_43" HPOS="817" VPOS="311" WIDTH="35" HEIGHT="26" WC="0.96" CONTENT="lag"/><SP WIDTH="15" VPOS="311" HPOS="852"/>
							<String ID="string_44" HPOS="867" VPOS="316" WIDTH="51" HEIGHT="16" WC="0.96" CONTENT="vara"/><SP WIDTH="10" VPOS="316" HPOS="918"/>
							<String ID="string_45" HPOS="928" VPOS="310" WIDTH="95" HEIGHT="27" WC="0.95" CONTENT="skyldige"/>
						</TextLine>
						<TextLine ID="line_5" HPOS="197" VPOS="337" WIDTH="827" HEIGHT="28">
							<String ID="string_46" HPOS="197" VPOS="339" WIDTH="34" HEIGHT="20" WC="0.93" CONTENT="att"/><SP WIDTH="15" VPOS="339" HPOS="231"/>
							<String ID="string_47" HPOS="246" VPOS="337" WIDTH="84" HEIGHT="23" WC="0.92" CONTENT="derföre"/><SP WIDTH="15" VPOS="337" HPOS="330"/>
							<String ID="string_48" HPOS="345" VPOS="339" WIDTH="74" HEIGHT="21" WC="0.96" CONTENT="skatta"/><SP WIDTH="14" VPOS="339" HPOS="419"/>
							<String ID="string_49" HPOS="433" VPOS="338" WIDTH="32" HEIGHT="21" WC="0.96" CONTENT="till"/><SP WIDTH="16" VPOS="338" HPOS="465"/>
							<String ID="string_50" HPOS="481" VPOS="339" WIDTH="81" HEIGHT="26" WC="0.96" CONTENT="staden,"/><SP WIDTH="17" VPOS="339" HPOS="562"/>
							<String ID="string_51" HPOS="579" VPOS="339" WIDTH="60" HEIGHT="21" WC="0.96" CONTENT="skola"/><SP WIDTH="15" VPOS="339" HPOS="639"/>
							<String ID="string_52" HPOS="654" VPOS="339" WIDTH="33" HEIGHT="20" WC="0.96" CONTENT="till"/><SP WIDTH="16" VPOS="339" HPOS="687"/>
							<String ID="string_53" HPOS="703" VPOS="339" WIDTH="73" HEIGHT="26" WC="0.96" CONTENT="hvarje"/><SP WIDTH="15" VPOS="339" HPOS="776"/>
							<String ID="string_54" HPOS="791" VPOS="339" WIDTH="54" HEIGHT="26" WC="0.96" CONTENT="stad,"/><SP WIDTH="17" VPOS="339" HPOS="845"/>
							<String ID="string_55" HPOS="862" VPOS="339" WIDTH="39" HEIGHT="21" WC="0.96" CONTENT="der"/><SP WIDTH="14" VPOS="339" HPOS="901"/>
							<String ID="string_56" HPOS="915" VPOS="339" WIDTH="27" HEIGHT="20" WC="0.96" CONTENT="de"/><SP WIDTH="12" VPOS="339" HPOS="942"/>
							<String ID="string_57" HPOS="954" VPOS="340" WIDTH="70" HEIGHT="25" WC="0.96" CONTENT="öppna"/>
						</TextLine>
						<TextLine ID="line_6" HPOS="198" VPOS="366" WIDTH="826" HEIGHT="27">
							<String ID="string_58" HPOS="198" VPOS="366" WIDTH="68" HEIGHT="21" WC="0.96" CONTENT="sådan"/><SP WIDTH="15" VPOS="366" HPOS="266"/>
							<String ID="string_59" HPOS="281" VPOS="366" WIDTH="68" HEIGHT="27" WC="0.96" CONTENT="butik,"/><SP WIDTH="17" VPOS="366" HPOS="349"/>
							<String ID="string_60" HPOS="366" VPOS="367" WIDTH="87" HEIGHT="26" WC="0.93" CONTENT="erlägga"/><SP WIDTH="15" VPOS="367" HPOS="453"/>
							<String ID="string_61" HPOS="468" VPOS="366" WIDTH="147" HEIGHT="27" WC="0.91" CONTENT="näringsafgift"/><SP WIDTH="15" VPOS="366" HPOS="615"/>
							<String ID="string_62" HPOS="630" VPOS="366" WIDTH="34" HEIGHT="22" WC="0.95" CONTENT="för"/><SP WIDTH="16" VPOS="366" HPOS="664"/>
							<String ID="string_63" HPOS="680" VPOS="367" WIDTH="133" HEIGHT="25" WC="0.95" CONTENT="densamma;"/><SP WIDTH="24" VPOS="367" HPOS="813"/>
							<String ID="string_64" HPOS="837" VPOS="367" WIDTH="62" HEIGHT="21" WC="0.92" CONTENT="äfven"/><SP WIDTH="15" VPOS="367" HPOS="899"/>
							<String ID="string_65" HPOS="914" VPOS="367" WIDTH="110" HEIGHT="22" WC="0.91" CONTENT="landthus-"/>
						</TextLine>
						<TextLine ID="line_7" HPOS="198" VPOS="394" WIDTH="825" HEIGHT="28">
							<String ID="string_66" HPOS="198" VPOS="394" WIDTH="89" HEIGHT="27" WC="0.96" CONTENT="hållare,"/><SP WIDTH="23" VPOS="394" HPOS="287"/>
							<String ID="string_67" HPOS="310" VPOS="401" WIDTH="46" HEIGHT="15" WC="0.96" CONTENT="som"/><SP WIDTH="22" VPOS="401" HPOS="356"/>
							<String ID="string_68" HPOS="378" VPOS="395" WIDTH="58" HEIGHT="21" WC="0.96" CONTENT="hålla"/><SP WIDTH="22" VPOS="395" HPOS="436"/>
							<String ID="string_69" HPOS="458" VPOS="397" WIDTH="69" HEIGHT="24" WC="0.96" CONTENT="öppna"/><SP WIDTH="21" VPOS="397" HPOS="527"/>
							<String ID="string_70" HPOS="548" VPOS="395" WIDTH="68" HEIGHT="21" WC="0.96" CONTENT="bodar"/><SP WIDTH="21" VPOS="395" HPOS="616"/>
							<String ID="string_71" HPOS="637" VPOS="395" WIDTH="7" HEIGHT="21" WC="0.96" CONTENT="i"/><SP WIDTH="23" VPOS="395" HPOS="644"/>
							<String ID="string_72" HPOS="667" VPOS="395" WIDTH="48" HEIGHT="21" WC="0.96" CONTENT="stad"/><SP WIDTH="21" VPOS="395" HPOS="715"/>
							<String ID="string_73" HPOS="736" VPOS="395" WIDTH="34" HEIGHT="21" WC="0.96" CONTENT="för"/><SP WIDTH="21" VPOS="395" HPOS="770"/>
							<String ID="string_74" HPOS="791" VPOS="395" WIDTH="127" HEIGHT="27" WC="0.96" CONTENT="försäljning"/><SP WIDTH="22" VPOS="395" HPOS="918"/>
							<String ID="string_75" HPOS="940" VPOS="395" WIDTH="23" HEIGHT="20" WC="0.95" CONTENT="af"/><SP WIDTH="13" VPOS="395" HPOS="963"/>
							<String ID="string_76" HPOS="976" VPOS="395" WIDTH="47" HEIGHT="21" WC="0.96" CONTENT="sina"/>
						</TextLine>
						<TextLine ID="line_8" HPOS="199" VPOS="423" WIDTH="825" HEIGHT="27">
							<String ID="string_77" HPOS="199" VPOS="428" WIDTH="71" HEIGHT="20" WC="0.96" CONTENT="varor,"/><SP WIDTH="23" VPOS="428" HPOS="270"/>
							<String ID="string_78" HPOS="293" VPOS="423" WIDTH="61" HEIGHT="22" WC="0.96" CONTENT="skola"/><SP WIDTH="18" VPOS="423" HPOS="354"/>
							<String ID="string_79" HPOS="372" VPOS="423" WIDTH="72" HEIGHT="22" WC="0.96" CONTENT="skatta"/><SP WIDTH="15" VPOS="423" HPOS="444"/>
							<String ID="string_80" HPOS="459" VPOS="423" WIDTH="32" HEIGHT="21" WC="0.96" CONTENT="till"/><SP WIDTH="15" VPOS="423" HPOS="491"/>
							<String ID="string_81" HPOS="506" VPOS="423" WIDTH="82" HEIGHT="22" WC="0.95" CONTENT="staden."/><SP WIDTH="33" VPOS="423" HPOS="588"/>
							<String ID="string_82" HPOS="621" VPOS="423" WIDTH="62" HEIGHT="21" WC="0.96" CONTENT="Utom"/><SP WIDTH="17" VPOS="423" HPOS="683"/>
							<String ID="string_83" HPOS="700" VPOS="423" WIDTH="62" HEIGHT="22" WC="0.96" CONTENT="dessa"/><SP WIDTH="15" VPOS="423" HPOS="762"/>
							<String ID="string_84" HPOS="777" VPOS="423" WIDTH="132" HEIGHT="22" WC="0.96" CONTENT="förekomma"/><SP WIDTH="15" VPOS="423" HPOS="909"/>
							<String ID="string_85" HPOS="924" VPOS="423" WIDTH="7" HEIGHT="21" WC="0.93" CONTENT="i"/><SP WIDTH="15" VPOS="423" HPOS="931"/>
							<String ID="string_86" HPOS="946" VPOS="423" WIDTH="78" HEIGHT="27" WC="0.91" CONTENT="lagför-"/>
						</TextLine>
						<TextLine ID="line_9" HPOS="198" VPOS="451" WIDTH="826" HEIGHT="27">
							<String ID="string_87" HPOS="198" VPOS="451" WIDTH="70" HEIGHT="26" WC="0.96" CONTENT="slaget"/><SP WIDTH="22" VPOS="451" HPOS="268"/>
							<String ID="string_88" HPOS="290" VPOS="453" WIDTH="57" HEIGHT="20" WC="0.95" CONTENT="ännu"/><SP WIDTH="22" VPOS="453" HPOS="347"/>
							<String ID="string_89" HPOS="369" VPOS="451" WIDTH="106" HEIGHT="27" WC="0.94" CONTENT="åtskilliga"/><SP WIDTH="22" VPOS="451" HPOS="475"/>
							<String ID="string_90" HPOS="497" VPOS="451" WIDTH="67" HEIGHT="21" WC="0.96" CONTENT="andra"/><SP WIDTH="21" VPOS="451" HPOS="564"/>
							<String ID="string_91" HPOS="585" VPOS="451" WIDTH="96" HEIGHT="27" WC="0.95" CONTENT="verkliga"/><SP WIDTH="21" VPOS="451" HPOS="681"/>
							<String ID="string_92" HPOS="702" VPOS="451" WIDTH="96" HEIGHT="22" WC="0.96" CONTENT="fördelar"/><SP WIDTH="17" VPOS="451" HPOS="798"/>
							<String ID="string_93" HPOS="815" VPOS="451" WIDTH="34" HEIGHT="22" WC="0.92" CONTENT="för"/><SP WIDTH="15" VPOS="451" HPOS="849"/>
							<String ID="string_94" HPOS="864" VPOS="451" WIDTH="160" HEIGHT="27" WC="0.91" CONTENT="borgerskapet,"/>
						</TextLine>
						<TextLine ID="line_10" HPOS="199" VPOS="479" WIDTH="824" HEIGHT="28">
							<String ID="string_95" HPOS="199" VPOS="479" WIDTH="73" HEIGHT="21" WC="0.95" CONTENT="hvilka"/><SP WIDTH="19" VPOS="479" HPOS="272"/>
							<String ID="string_96" HPOS="291" VPOS="479" WIDTH="37" HEIGHT="28" WC="0.96" CONTENT="jag"/><SP WIDTH="22" VPOS="479" HPOS="328"/>
							<String ID="string_97" HPOS="350" VPOS="479" WIDTH="19" HEIGHT="27" WC="0.95" CONTENT="ej"/><SP WIDTH="22" VPOS="479" HPOS="369"/>
							<String ID="string_98" HPOS="391" VPOS="486" WIDTH="29" HEIGHT="15" WC="0.96" CONTENT="nu"/><SP WIDTH="21" VPOS="486" HPOS="420"/>
							<String ID="string_99" HPOS="441" VPOS="481" WIDTH="24" HEIGHT="20" WC="0.96" CONTENT="är"/><SP WIDTH="15" VPOS="481" HPOS="465"/>
							<String ID="string_100" HPOS="480" VPOS="479" WIDTH="6" HEIGHT="22" WC="0.96" CONTENT="i"/><SP WIDTH="15" VPOS="479" HPOS="486"/>
							<String ID="string_101" HPOS="501" VPOS="479" WIDTH="84" HEIGHT="22" WC="0.95" CONTENT="tillfälle"/><SP WIDTH="16" VPOS="479" HPOS="585"/>
							<String ID="string_102" HPOS="601" VPOS="481" WIDTH="32" HEIGHT="20" WC="0.96" CONTENT="att"/><SP WIDTH="15" VPOS="481" HPOS="633"/>
							<String ID="string_103" HPOS="648" VPOS="480" WIDTH="7" HEIGHT="21" WC="0.96" CONTENT="i"/><SP WIDTH="15" VPOS="480" HPOS="655"/>
							<String ID="string_104" HPOS="670" VPOS="479" WIDTH="104" HEIGHT="27" WC="0.96" CONTENT="förslaget"/><SP WIDTH="14" VPOS="479" HPOS="774"/>
							<String ID="string_105" HPOS="788" VPOS="480" WIDTH="103" HEIGHT="27" WC="0.96" CONTENT="uppsöka,"/><SP WIDTH="24" VPOS="480" HPOS="891"/>
							<String ID="string_106" HPOS="915" VPOS="485" WIDTH="48" HEIGHT="16" WC="0.95" CONTENT="men"/><SP WIDTH="15" VPOS="485" HPOS="963"/>
							<String ID="string_107" HPOS="978" VPOS="485" WIDTH="45" HEIGHT="16" WC="0.96" CONTENT="som"/>
						</TextLine>
						<TextLine ID="line_11" HPOS="198" VPOS="507" WIDTH="824" HEIGHT="28">
							<String ID="string_108" HPOS="198" VPOS="509" WIDTH="54" HEIGHT="25" WC="0.96" CONTENT="göra"/><SP WIDTH="23" VPOS="509" HPOS="252"/>
							<String ID="string_109" HPOS="275" VPOS="507" WIDTH="37" HEIGHT="22" WC="0.96" CONTENT="det"/><SP WIDTH="22" VPOS="507" HPOS="312"/>
							<String ID="string_110" HPOS="334" VPOS="508" WIDTH="120" HEIGHT="27" WC="0.96" CONTENT="uppenbart"/><SP WIDTH="17" VPOS="508" HPOS="454"/>
							<String ID="string_111" HPOS="471" VPOS="510" WIDTH="33" HEIGHT="19" WC="0.93" CONTENT="att"/><SP WIDTH="15" VPOS="510" HPOS="504"/>
							<String ID="string_112" HPOS="519" VPOS="508" WIDTH="182" HEIGHT="27" WC="0.92" CONTENT="Borgareståndet"/><SP WIDTH="14" VPOS="508" HPOS="701"/>
							<String ID="string_113" HPOS="715" VPOS="514" WIDTH="76" HEIGHT="21" WC="0.96" CONTENT="genom"/><SP WIDTH="16" VPOS="514" HPOS="791"/>
							<String ID="string_114" HPOS="807" VPOS="508" WIDTH="120" HEIGHT="26" WC="0.96" CONTENT="antagande"/><SP WIDTH="15" VPOS="508" HPOS="927"/>
							<String ID="string_115" HPOS="942" VPOS="507" WIDTH="22" HEIGHT="22" WC="0.90" CONTENT="af"/><SP WIDTH="14" VPOS="507" HPOS="964"/>
							<String ID="string_116" HPOS="978" VPOS="508" WIDTH="44" HEIGHT="21" WC="0.90" CONTENT="det-"/>
						</TextLine>
						<TextLine ID="line_12" HPOS="199" VPOS="536" WIDTH="734" HEIGHT="27">
							<String ID="string_117" HPOS="199" VPOS="541" WIDTH="83" HEIGHT="16" WC="0.96" CONTENT="samma"/><SP WIDTH="15" VPOS="541" HPOS="282"/>
							<String ID="string_118" HPOS="297" VPOS="536" WIDTH="84" HEIGHT="22" WC="0.96" CONTENT="komme"/><SP WIDTH="15" VPOS="536" HPOS="381"/>
							<String ID="string_119" HPOS="396" VPOS="538" WIDTH="34" HEIGHT="19" WC="0.96" CONTENT="att"/><SP WIDTH="14" VPOS="538" HPOS="430"/>
							<String ID="string_120" HPOS="444" VPOS="536" WIDTH="63" HEIGHT="21" WC="0.96" CONTENT="vinna"/><SP WIDTH="15" VPOS="536" HPOS="507"/>
							<String ID="string_121" HPOS="522" VPOS="543" WIDTH="45" HEIGHT="14" WC="0.96" CONTENT="mer"/><SP WIDTH="16" VPOS="543" HPOS="567"/>
							<String ID="string_122" HPOS="583" VPOS="538" WIDTH="27" HEIGHT="19" WC="0.96" CONTENT="än"/><SP WIDTH="14" VPOS="538" HPOS="610"/>
							<String ID="string_123" HPOS="624" VPOS="537" WIDTH="57" HEIGHT="20" WC="0.93" CONTENT="hvad"/><SP WIDTH="16" VPOS="537" HPOS="681"/>
							<String ID="string_124" HPOS="697" VPOS="537" WIDTH="123" HEIGHT="26" WC="0.92" CONTENT="derigenom"/><SP WIDTH="15" VPOS="537" HPOS="820"/>
							<String ID="string_125" HPOS="835" VPOS="536" WIDTH="98" HEIGHT="21" WC="0.96" CONTENT="förloras."/>
						</TextLine>
					</TextBlock>
				</ComposedBlock>
				<ComposedBlock ID="cblock_4" HPOS="199" VPOS="603" WIDTH="825" HEIGHT="170">
					<TextBlock ID="block_2" HPOS="199" VPOS="603" WIDTH="825" HEIGHT="170">
						<TextLine ID="line_13" HPOS="268" VPOS="603" WIDTH="754" HEIGHT="28">
							<String ID="string_126" HPOS="268" VPOS="603" WIDTH="111" HEIGHT="23" WC="0.90" CONTENT="Anmältes"/><SP WIDTH="23" VPOS="603" HPOS="379"/>
							<String ID="string_127" HPOS="402" VPOS="604" WIDTH="40" HEIGHT="22" WC="0.93" CONTENT="och"/><SP WIDTH="20" VPOS="604" HPOS="442"/>
							<String ID="string_128" HPOS="462" VPOS="605" WIDTH="105" HEIGHT="26" WC="0.92" CONTENT="emottogs"/><SP WIDTH="24" VPOS="605" HPOS="567"/>
							<String ID="string_129" HPOS="591" VPOS="610" WIDTH="26" HEIGHT="16" WC="0.92" CONTENT="en"/><SP WIDTH="22" VPOS="610" HPOS="617"/>
							<String ID="string_130" HPOS="639" VPOS="604" WIDTH="126" HEIGHT="27" WC="0.92" CONTENT="deputation"/><SP WIDTH="22" VPOS="604" HPOS="765"/>
							<String ID="string_131" HPOS="787" VPOS="604" WIDTH="47" HEIGHT="21" WC="0.92" CONTENT="från"/><SP WIDTH="23" VPOS="604" HPOS="834"/>
							<String ID="string_132" HPOS="857" VPOS="603" WIDTH="165" HEIGHT="25" WC="0.90" CONTENT="Bondeståndet,"/>
						</TextLine>
						<TextLine ID="line_14" HPOS="200" VPOS="631" WIDTH="822" HEIGHT="28">
							<String ID="string_133" HPOS="200" VPOS="631" WIDTH="77" HEIGHT="22" WC="0.89" CONTENT="anförd"/><SP WIDTH="21" VPOS="631" HPOS="277"/>
							<String ID="string_134" HPOS="298" VPOS="632" WIDTH="23" HEIGHT="21" WC="0.92" CONTENT="af"/><SP WIDTH="13" VPOS="632" HPOS="321"/>
							<String ID="string_135" HPOS="334" VPOS="632" WIDTH="204" HEIGHT="27" WC="0.90" CONTENT="landtdagsmannen"/><SP WIDTH="16" VPOS="632" HPOS="538"/>
							<String ID="string_136" HPOS="554" VPOS="632" WIDTH="91" HEIGHT="26" WC="0.96" CONTENT="Aschan,"/><SP WIDTH="23" VPOS="632" HPOS="645"/>
							<String ID="string_137" HPOS="668" VPOS="639" WIDTH="46" HEIGHT="15" WC="0.96" CONTENT="som"/><SP WIDTH="14" VPOS="639" HPOS="714"/>
							<String ID="string_138" HPOS="728" VPOS="633" WIDTH="133" HEIGHT="25" WC="0.95" CONTENT="meddelade,"/><SP WIDTH="22" VPOS="633" HPOS="861"/>
							<String ID="string_139" HPOS="883" VPOS="634" WIDTH="32" HEIGHT="20" WC="0.96" CONTENT="att"/><SP WIDTH="16" VPOS="634" HPOS="915"/>
							<String ID="string_140" HPOS="931" VPOS="632" WIDTH="91" HEIGHT="26" WC="0.96" CONTENT="ståndet,"/>
						</TextLine>
						<TextLine ID="line_15" HPOS="199" VPOS="660" WIDTH="823" HEIGHT="27">
							<String ID="string_141" HPOS="199" VPOS="660" WIDTH="49" HEIGHT="21" WC="0.96" CONTENT="med"/><SP WIDTH="24" VPOS="660" HPOS="248"/>
							<String ID="string_142" HPOS="272" VPOS="660" WIDTH="99" HEIGHT="22" WC="0.93" CONTENT="afseende"/><SP WIDTH="16" VPOS="660" HPOS="371"/>
							<String ID="string_143" HPOS="387" VPOS="661" WIDTH="12" HEIGHT="21" WC="0.90" CONTENT="å"/><SP WIDTH="15" VPOS="661" HPOS="399"/>
							<String ID="string_144" HPOS="414" VPOS="661" WIDTH="75" HEIGHT="21" WC="0.96" CONTENT="sakens"/><SP WIDTH="16" VPOS="661" HPOS="489"/>
							<String ID="string_145" HPOS="505" VPOS="660" WIDTH="134" HEIGHT="22" WC="0.96" CONTENT="brådskande"/><SP WIDTH="15" VPOS="660" HPOS="639"/>
							<String ID="string_146" HPOS="654" VPOS="661" WIDTH="153" HEIGHT="26" WC="0.96" CONTENT="beskaffenhet,"/><SP WIDTH="22" VPOS="661" HPOS="807"/>
							<String ID="string_147" HPOS="829" VPOS="661" WIDTH="96" HEIGHT="26" WC="0.91" CONTENT="godkänt"/><SP WIDTH="15" VPOS="661" HPOS="925"/>
							<String ID="string_148" HPOS="940" VPOS="660" WIDTH="82" HEIGHT="27" WC="0.91" CONTENT="expedi-"/>
						</TextLine>
						<TextLine ID="line_16" HPOS="200" VPOS="688" WIDTH="824" HEIGHT="28">
							<String ID="string_149" HPOS="200" VPOS="688" WIDTH="175" HEIGHT="22" WC="0.91" CONTENT="tionsutskottets"/><SP WIDTH="22" VPOS="688" HPOS="375"/>
							<String ID="string_150" HPOS="397" VPOS="689" WIDTH="118" HEIGHT="27" WC="0.96" CONTENT="uppgjorda"/><SP WIDTH="17" VPOS="689" HPOS="515"/>
							<String ID="string_151" HPOS="532" VPOS="689" WIDTH="80" HEIGHT="27" WC="0.96" CONTENT="förslag"/><SP WIDTH="15" VPOS="689" HPOS="612"/>
							<String ID="string_152" HPOS="627" VPOS="689" WIDTH="32" HEIGHT="21" WC="0.93" CONTENT="till"/><SP WIDTH="15" VPOS="689" HPOS="659"/>
							<String ID="string_153" HPOS="674" VPOS="689" WIDTH="126" HEIGHT="22" WC="0.92" CONTENT="ständernes"/><SP WIDTH="15" VPOS="689" HPOS="800"/>
							<String ID="string_154" HPOS="815" VPOS="689" WIDTH="146" HEIGHT="27" WC="0.90" CONTENT="underdåniga"/><SP WIDTH="15" VPOS="689" HPOS="961"/>
							<String ID="string_155" HPOS="976" VPOS="695" WIDTH="48" HEIGHT="15" WC="0.96" CONTENT="svar"/>
						</TextLine>
						<TextLine ID="line_17" HPOS="199" VPOS="716" WIDTH="824" HEIGHT="28">
							<String ID="string_156" HPOS="199" VPOS="716" WIDTH="28" HEIGHT="27" WC="0.96" CONTENT="på"/><SP WIDTH="14" VPOS="716" HPOS="227"/>
							<String ID="string_157" HPOS="241" VPOS="716" WIDTH="114" HEIGHT="28" WC="0.95" CONTENT="kejserliga"/><SP WIDTH="15" VPOS="716" HPOS="355"/>
							<String ID="string_158" HPOS="370" VPOS="718" WIDTH="157" HEIGHT="26" WC="0.96" CONTENT="propositionen"/><SP WIDTH="16" VPOS="718" HPOS="527"/>
							<String ID="string_159" HPOS="543" VPOS="717" WIDTH="109" HEIGHT="27" WC="0.96" CONTENT="angående"/><SP WIDTH="15" VPOS="717" HPOS="652"/>
							<String ID="string_160" HPOS="667" VPOS="718" WIDTH="126" HEIGHT="26" WC="0.96" CONTENT="tryckfrihet"/><SP WIDTH="15" VPOS="718" HPOS="793"/>
							<String ID="string_161" HPOS="808" VPOS="718" WIDTH="6" HEIGHT="20" WC="0.96" CONTENT="i"/><SP WIDTH="16" VPOS="718" HPOS="814"/>
							<String ID="string_162" HPOS="830" VPOS="718" WIDTH="90" HEIGHT="21" WC="0.96" CONTENT="Finland"/><SP WIDTH="15" VPOS="718" HPOS="920"/>
							<String ID="string_163" HPOS="935" VPOS="717" WIDTH="39" HEIGHT="22" WC="0.96" CONTENT="och"/><SP WIDTH="15" VPOS="717" HPOS="974"/>
							<String ID="string_164" HPOS="989" VPOS="723" WIDTH="34" HEIGHT="15" WC="0.96" CONTENT="om"/>
						</TextLine>
						<TextLine ID="line_18" HPOS="200" VPOS="745" WIDTH="365" HEIGHT="28">
							<String ID="string_165" HPOS="200" VPOS="745" WIDTH="96" HEIGHT="21" WC="0.91" CONTENT="vilkoren"/><SP WIDTH="15" VPOS="745" HPOS="296"/>
							<String ID="string_166" HPOS="311" VPOS="746" WIDTH="33" HEIGHT="21" WC="0.96" CONTENT="för"/><SP WIDTH="15" VPOS="746" HPOS="344"/>
							<String ID="string_167" HPOS="359" VPOS="746" WIDTH="48" HEIGHT="21" WC="0.93" CONTENT="dess"/><SP WIDTH="15" VPOS="746" HPOS="407"/>
							<String ID="string_168" HPOS="422" VPOS="746" WIDTH="143" HEIGHT="27" WC="0.91" CONTENT="begagnande."/>
						</TextLine>
					</TextBlock>
				</ComposedBlock>
				<ComposedBlock ID="cblock_5" HPOS="202" VPOS="813" WIDTH="822" HEIGHT="49">
					<TextBlock ID="block_3" HPOS="202" VPOS="813" WIDTH="822" HEIGHT="49">
						<TextLine ID="line_19" HPOS="269" VPOS="813" WIDTH="755" HEIGHT="27">
							<String ID="string_169" HPOS="269" VPOS="813" WIDTH="158" HEIGHT="27" WC="0.91" CONTENT="Deputationen"/><SP WIDTH="27" VPOS="813" HPOS="427"/>
							<String ID="string_170" HPOS="454" VPOS="813" WIDTH="129" HEIGHT="23" WC="0.91" CONTENT="betackades"/><SP WIDTH="26" VPOS="813" HPOS="583"/>
							<String ID="string_171" HPOS="609" VPOS="813" WIDTH="23" HEIGHT="21" WC="0.96" CONTENT="af"/><SP WIDTH="20" VPOS="813" HPOS="632"/>
							<String ID="string_172" HPOS="652" VPOS="813" WIDTH="56" HEIGHT="21" WC="0.96" CONTENT="Herr"/><SP WIDTH="23" VPOS="813" HPOS="708"/>
							<String ID="string_173" HPOS="731" VPOS="813" WIDTH="176" HEIGHT="21" WC="0.95" CONTENT="Talmannen"/><SP WIDTH="23" VPOS="813" HPOS="907"/>
							<String ID="string_174" HPOS="930" VPOS="813" WIDTH="39" HEIGHT="21" WC="0.93" CONTENT="och"/><SP WIDTH="23" VPOS="813" HPOS="969"/>
							<String ID="string_175" HPOS="992" VPOS="813" WIDTH="32" HEIGHT="21" WC="0.91" CONTENT="af-"/>
						</TextLine>
						<TextLine ID="line_20" HPOS="202" VPOS="841" WIDTH="82" HEIGHT="21">
							<String ID="string_176" HPOS="202" VPOS="841" WIDTH="82" HEIGHT="21" WC="0.96" CONTENT="trädde."/>
						</TextLine>
					</TextBlock>
				</ComposedBlock>
				<ComposedBlock ID="cblock_6" HPOS="200" VPOS="908" WIDTH="825" HEIGHT="169">
					<TextBlock ID="block_4" HPOS="200" VPOS="908" WIDTH="825" HEIGHT="169">
						<TextLine ID="line_21" HPOS="269" VPOS="908" WIDTH="755" HEIGHT="27">
							<String ID="string_177" HPOS="269" VPOS="909" WIDTH="56" HEIGHT="20" WC="0.96" CONTENT="Herr"/><SP WIDTH="20" VPOS="909" HPOS="325"/>
							<String ID="string_178" HPOS="345" VPOS="908" WIDTH="132" HEIGHT="27" WC="0.96" CONTENT="Ahlberg:"/><SP WIDTH="24" VPOS="908" HPOS="477"/>
							<String ID="string_179" HPOS="501" VPOS="909" WIDTH="26" HEIGHT="20" WC="0.96" CONTENT="då"/><SP WIDTH="19" VPOS="909" HPOS="527"/>
							<String ID="string_180" HPOS="546" VPOS="915" WIDTH="88" HEIGHT="15" WC="0.96" CONTENT="numera"/><SP WIDTH="15" VPOS="915" HPOS="634"/>
							<String ID="string_181" HPOS="649" VPOS="909" WIDTH="18" HEIGHT="26" WC="0.96" CONTENT="ej"/><SP WIDTH="17" VPOS="909" HPOS="667"/>
							<String ID="string_182" HPOS="684" VPOS="910" WIDTH="55" HEIGHT="20" WC="0.96" CONTENT="stort"/><SP WIDTH="15" VPOS="910" HPOS="739"/>
							<String ID="string_183" HPOS="754" VPOS="915" WIDTH="45" HEIGHT="15" WC="0.96" CONTENT="mer"/><SP WIDTH="16" VPOS="915" HPOS="799"/>
							<String ID="string_184" HPOS="815" VPOS="910" WIDTH="26" HEIGHT="19" WC="0.96" CONTENT="än"/><SP WIDTH="16" VPOS="910" HPOS="841"/>
							<String ID="string_185" HPOS="857" VPOS="910" WIDTH="86" HEIGHT="19" WC="0.95" CONTENT="namnet"/><SP WIDTH="14" VPOS="910" HPOS="943"/>
							<String ID="string_186" HPOS="957" VPOS="908" WIDTH="67" HEIGHT="21" WC="0.96" CONTENT="finnes"/>
						</TextLine>
						<TextLine ID="line_22" HPOS="200" VPOS="936" WIDTH="824" HEIGHT="27">
							<String ID="string_187" HPOS="200" VPOS="942" WIDTH="53" HEIGHT="21" WC="0.90" CONTENT="qvar"/><SP WIDTH="15" VPOS="942" HPOS="253"/>
							<String ID="string_188" HPOS="268" VPOS="936" WIDTH="24" HEIGHT="21" WC="0.92" CONTENT="af"/><SP WIDTH="12" VPOS="936" HPOS="292"/>
							<String ID="string_189" HPOS="304" VPOS="936" WIDTH="165" HEIGHT="27" WC="0.92" CONTENT="borgerskapets"/><SP WIDTH="14" VPOS="936" HPOS="469"/>
							<String ID="string_190" HPOS="483" VPOS="937" WIDTH="133" HEIGHT="26" WC="0.96" CONTENT="rättigheter,"/><SP WIDTH="19" VPOS="937" HPOS="616"/>
							<String ID="string_191" HPOS="635" VPOS="943" WIDTH="63" HEIGHT="15" WC="0.96" CONTENT="anser"/><SP WIDTH="15" VPOS="943" HPOS="698"/>
							<String ID="string_192" HPOS="713" VPOS="936" WIDTH="62" HEIGHT="22" WC="0.96" CONTENT="äfven"/><SP WIDTH="13" VPOS="936" HPOS="775"/>
							<String ID="string_193" HPOS="788" VPOS="937" WIDTH="37" HEIGHT="26" WC="0.96" CONTENT="jag"/><SP WIDTH="16" VPOS="937" HPOS="825"/>
							<String ID="string_194" HPOS="841" VPOS="938" WIDTH="31" HEIGHT="20" WC="0.93" CONTENT="ett"/><SP WIDTH="14" VPOS="938" HPOS="872"/>
							<String ID="string_195" HPOS="886" VPOS="937" WIDTH="138" HEIGHT="21" WC="0.90" CONTENT="förkastande"/>
						</TextLine>
						<TextLine ID="line_23" HPOS="201" VPOS="964" WIDTH="823" HEIGHT="28">
							<String ID="string_196" HPOS="201" VPOS="965" WIDTH="23" HEIGHT="20" WC="0.95" CONTENT="af"/><SP WIDTH="20" VPOS="965" HPOS="224"/>
							<String ID="string_197" HPOS="244" VPOS="964" WIDTH="139" HEIGHT="27" WC="0.95" CONTENT="lagförslaget"/><SP WIDTH="21" VPOS="964" HPOS="383"/>
							<String ID="string_198" HPOS="404" VPOS="965" WIDTH="8" HEIGHT="20" WC="0.96" CONTENT="i"/><SP WIDTH="16" VPOS="965" HPOS="412"/>
							<String ID="string_199" HPOS="428" VPOS="965" WIDTH="48" HEIGHT="21" WC="0.96" CONTENT="dess"/><SP WIDTH="15" VPOS="965" HPOS="476"/>
							<String ID="string_200" HPOS="491" VPOS="965" WIDTH="72" HEIGHT="21" WC="0.96" CONTENT="helhet"/><SP WIDTH="15" VPOS="965" HPOS="563"/>
							<String ID="string_201" HPOS="578" VPOS="965" WIDTH="19" HEIGHT="27" WC="0.96" CONTENT="ej"/><SP WIDTH="16" VPOS="965" HPOS="597"/>
							<String ID="string_202" HPOS="613" VPOS="965" WIDTH="59" HEIGHT="26" WC="0.96" CONTENT="tjena"/><SP WIDTH="14" VPOS="965" HPOS="672"/>
							<String ID="string_203" HPOS="686" VPOS="965" WIDTH="34" HEIGHT="21" WC="0.96" CONTENT="till"/><SP WIDTH="14" VPOS="965" HPOS="720"/>
							<String ID="string_204" HPOS="734" VPOS="965" WIDTH="72" HEIGHT="27" WC="0.93" CONTENT="något,"/><SP WIDTH="23" VPOS="965" HPOS="806"/>
							<String ID="string_205" HPOS="829" VPOS="965" WIDTH="98" HEIGHT="21" WC="0.92" CONTENT="hvarföre"/><SP WIDTH="15" VPOS="965" HPOS="927"/>
							<String ID="string_206" HPOS="942" VPOS="965" WIDTH="35" HEIGHT="26" WC="0.96" CONTENT="jag"/><SP WIDTH="14" VPOS="965" HPOS="977"/>
							<String ID="string_207" HPOS="991" VPOS="965" WIDTH="33" HEIGHT="21" WC="0.96" CONTENT="får"/>
						</TextLine>
						<TextLine ID="line_24" HPOS="200" VPOS="993" WIDTH="824" HEIGHT="27">
							<String ID="string_208" HPOS="200" VPOS="993" WIDTH="88" HEIGHT="21" WC="0.95" CONTENT="förorda"/><SP WIDTH="22" VPOS="993" HPOS="288"/>
							<String ID="string_209" HPOS="310" VPOS="995" WIDTH="33" HEIGHT="19" WC="0.96" CONTENT="att"/><SP WIDTH="22" VPOS="995" HPOS="343"/>
							<String ID="string_210" HPOS="365" VPOS="993" WIDTH="117" HEIGHT="22" WC="0.94" CONTENT="detsamma"/><SP WIDTH="22" VPOS="993" HPOS="482"/>
							<String ID="string_211" HPOS="504" VPOS="993" WIDTH="67" HEIGHT="22" WC="0.94" CONTENT="måtte"/><SP WIDTH="22" VPOS="993" HPOS="571"/>
							<String ID="string_212" HPOS="593" VPOS="994" WIDTH="7" HEIGHT="21" WC="0.96" CONTENT="i"/><SP WIDTH="21" VPOS="994" HPOS="600"/>
							<String ID="string_213" HPOS="621" VPOS="993" WIDTH="101" HEIGHT="22" WC="0.93" CONTENT="afseende"/><SP WIDTH="21" VPOS="993" HPOS="722"/>
							<String ID="string_214" HPOS="743" VPOS="993" WIDTH="13" HEIGHT="21" WC="0.91" CONTENT="&amp;"/><SP WIDTH="16" VPOS="993" HPOS="756"/>
							<String ID="string_215" HPOS="772" VPOS="993" WIDTH="116" HEIGHT="27" WC="0.92" CONTENT="detaljerne"/><SP WIDTH="15" VPOS="993" HPOS="888"/>
							<String ID="string_216" HPOS="903" VPOS="993" WIDTH="24" HEIGHT="21" WC="0.96" CONTENT="af"/><SP WIDTH="13" VPOS="993" HPOS="927"/>
							<String ID="string_217" HPOS="940" VPOS="993" WIDTH="84" HEIGHT="22" WC="0.96" CONTENT="ståndet"/>
						</TextLine>
						<TextLine ID="line_25" HPOS="202" VPOS="1021" WIDTH="823" HEIGHT="28">
							<String ID="string_218" HPOS="202" VPOS="1021" WIDTH="127" HEIGHT="24" WC="0.96" CONTENT="diskuteras,"/><SP WIDTH="23" VPOS="1021" HPOS="329"/>
							<String ID="string_219" HPOS="352" VPOS="1021" WIDTH="27" HEIGHT="21" WC="0.95" CONTENT="då"/><SP WIDTH="22" VPOS="1021" HPOS="379"/>
							<String ID="string_220" HPOS="401" VPOS="1021" WIDTH="86" HEIGHT="22" WC="0.95" CONTENT="ståndet"/><SP WIDTH="21" VPOS="1021" HPOS="487"/>
							<String ID="string_221" HPOS="508" VPOS="1022" WIDTH="41" HEIGHT="21" WC="0.94" CONTENT="blir"/><SP WIDTH="23" VPOS="1022" HPOS="549"/>
							<String ID="string_222" HPOS="572" VPOS="1022" WIDTH="7" HEIGHT="21" WC="0.96" CONTENT="i"/><SP WIDTH="15" VPOS="1022" HPOS="579"/>
							<String ID="string_223" HPOS="594" VPOS="1021" WIDTH="84" HEIGHT="22" WC="0.96" CONTENT="tillfälle"/><SP WIDTH="16" VPOS="1021" HPOS="678"/>
							<String ID="string_224" HPOS="694" VPOS="1023" WIDTH="32" HEIGHT="20" WC="0.93" CONTENT="att"/><SP WIDTH="16" VPOS="1023" HPOS="726"/>
							<String ID="string_225" HPOS="742" VPOS="1021" WIDTH="64" HEIGHT="22" WC="0.92" CONTENT="derur"/><SP WIDTH="15" VPOS="1021" HPOS="806"/>
							<String ID="string_226" HPOS="821" VPOS="1021" WIDTH="56" HEIGHT="27" WC="0.96" CONTENT="välja"/><SP WIDTH="16" VPOS="1021" HPOS="877"/>
							<String ID="string_227" HPOS="893" VPOS="1021" WIDTH="39" HEIGHT="22" WC="0.96" CONTENT="och"/><SP WIDTH="16" VPOS="1021" HPOS="932"/>
							<String ID="string_228" HPOS="948" VPOS="1023" WIDTH="77" HEIGHT="26" WC="0.96" CONTENT="antaga"/>
						</TextLine>
						<TextLine ID="line_26" HPOS="201" VPOS="1049" WIDTH="560" HEIGHT="28">
							<String ID="string_229" HPOS="201" VPOS="1049" WIDTH="56" HEIGHT="21" WC="0.93" CONTENT="hvad"/><SP WIDTH="16" VPOS="1049" HPOS="257"/>
							<String ID="string_230" HPOS="273" VPOS="1050" WIDTH="44" HEIGHT="21" WC="0.92" CONTENT="deri"/><SP WIDTH="16" VPOS="1050" HPOS="317"/>
							<String ID="string_231" HPOS="333" VPOS="1049" WIDTH="42" HEIGHT="22" WC="0.96" CONTENT="kan"/><SP WIDTH="14" VPOS="1049" HPOS="375"/>
							<String ID="string_232" HPOS="389" VPOS="1049" WIDTH="68" HEIGHT="22" WC="0.95" CONTENT="finnas"/><SP WIDTH="15" VPOS="1049" HPOS="457"/>
							<String ID="string_233" HPOS="472" VPOS="1050" WIDTH="79" HEIGHT="27" WC="0.96" CONTENT="nyttigt"/><SP WIDTH="15" VPOS="1050" HPOS="551"/>
							<String ID="string_234" HPOS="566" VPOS="1049" WIDTH="39" HEIGHT="22" WC="0.96" CONTENT="och"/><SP WIDTH="16" VPOS="1049" HPOS="605"/>
							<String ID="string_235" HPOS="621" VPOS="1050" WIDTH="140" HEIGHT="21" WC="0.96" CONTENT="användbart."/>
						</TextLine>
					</TextBlock>
				</ComposedBlock>
				<ComposedBlock ID="cblock_7" HPOS="201" VPOS="1123" WIDTH="823" HEIGHT="83">
					<TextBlock ID="block_5" HPOS="201" VPOS="1123" WIDTH="823" HEIGHT="83">
						<TextLine ID="line_27" HPOS="271" VPOS="1123" WIDTH="753" HEIGHT="27">
							<String ID="string_236" HPOS="271" VPOS="1123" WIDTH="69" HEIGHT="21" WC="0.96" CONTENT="Sedan"/><SP WIDTH="23" VPOS="1123" HPOS="340"/>
							<String ID="string_237" HPOS="363" VPOS="1123" WIDTH="146" HEIGHT="22" WC="0.95" CONTENT="diskussionen"/><SP WIDTH="18" VPOS="1123" HPOS="509"/>
							<String ID="string_238" HPOS="527" VPOS="1129" WIDTH="34" HEIGHT="16" WC="0.96" CONTENT="om"/><SP WIDTH="16" VPOS="1129" HPOS="561"/>
							<String ID="string_239" HPOS="577" VPOS="1123" WIDTH="85" HEIGHT="27" WC="0.96" CONTENT="frågans"/><SP WIDTH="15" VPOS="1123" HPOS="662"/>
							<String ID="string_240" HPOS="677" VPOS="1123" WIDTH="132" HEIGHT="22" WC="0.96" CONTENT="allmännare"/><SP WIDTH="15" VPOS="1123" HPOS="809"/>
							<String ID="string_241" HPOS="824" VPOS="1123" WIDTH="107" HEIGHT="27" WC="0.93" CONTENT="principer"/><SP WIDTH="14" VPOS="1123" HPOS="931"/>
							<String ID="string_242" HPOS="945" VPOS="1123" WIDTH="79" HEIGHT="22" WC="0.91" CONTENT="förkla-"/>
						</TextLine>
						<TextLine ID="line_28" HPOS="201" VPOS="1151" WIDTH="823" HEIGHT="27">
							<String ID="string_243" HPOS="201" VPOS="1153" WIDTH="45" HEIGHT="19" WC="0.92" CONTENT="rats"/><SP WIDTH="23" VPOS="1153" HPOS="246"/>
							<String ID="string_244" HPOS="269" VPOS="1151" WIDTH="100" HEIGHT="27" WC="0.92" CONTENT="afslutad,"/><SP WIDTH="22" VPOS="1151" HPOS="369"/>
							<String ID="string_245" HPOS="391" VPOS="1151" WIDTH="132" HEIGHT="22" WC="0.96" CONTENT="framställde"/><SP WIDTH="21" VPOS="1151" HPOS="523"/>
							<String ID="string_246" HPOS="544" VPOS="1152" WIDTH="57" HEIGHT="22" WC="0.96" CONTENT="Herr"/><SP WIDTH="14" VPOS="1152" HPOS="601"/>
							<String ID="string_247" HPOS="615" VPOS="1152" WIDTH="153" HEIGHT="22" WC="0.96" CONTENT="Talmannen"/><SP WIDTH="15" VPOS="1152" HPOS="768"/>
							<String ID="string_248" HPOS="783" VPOS="1151" WIDTH="33" HEIGHT="22" WC="0.96" CONTENT="till"/><SP WIDTH="15" VPOS="1151" HPOS="816"/>
							<String ID="string_249" HPOS="831" VPOS="1151" WIDTH="86" HEIGHT="22" WC="0.95" CONTENT="ståndet"/><SP WIDTH="14" VPOS="1151" HPOS="917"/>
							<String ID="string_250" HPOS="931" VPOS="1151" WIDTH="93" HEIGHT="27" WC="0.96" CONTENT="följande"/>
						</TextLine>
						<TextLine ID="line_29" HPOS="201" VPOS="1179" WIDTH="146" HEIGHT="27">
							<String ID="string_251" HPOS="201" VPOS="1179" WIDTH="132" HEIGHT="27" WC="0.91" CONTENT="proposition"/><SP WIDTH="10" VPOS="1179" HPOS="333"/>
							<String ID="string_252" HPOS="343" VPOS="1187" WIDTH="4" HEIGHT="13" WC="0.92" CONTENT=":"/>
						</TextLine>
					</TextBlock>
				</ComposedBlock>
				<ComposedBlock ID="cblock_8" HPOS="202" VPOS="1247" WIDTH="822" HEIGHT="56">
					<TextBlock ID="block_6" HPOS="202" VPOS="1247" WIDTH="822" HEIGHT="56">
						<TextLine ID="line_30" HPOS="271" VPOS="1247" WIDTH="753" HEIGHT="28">
							<String ID="string_253" HPOS="271" VPOS="1247" WIDTH="42" HEIGHT="21" WC="0.96" CONTENT="Vill"/><SP WIDTH="22" VPOS="1247" HPOS="313"/>
							<String ID="string_254" HPOS="335" VPOS="1247" WIDTH="86" HEIGHT="21" WC="0.93" CONTENT="ståndet"/><SP WIDTH="19" VPOS="1247" HPOS="421"/>
							<String ID="string_255" HPOS="440" VPOS="1247" WIDTH="85" HEIGHT="27" WC="0.91" CONTENT="öfvergå"/><SP WIDTH="16" VPOS="1247" HPOS="525"/>
							<String ID="string_256" HPOS="541" VPOS="1248" WIDTH="32" HEIGHT="21" WC="0.96" CONTENT="till"/><SP WIDTH="15" VPOS="1248" HPOS="573"/>
							<String ID="string_257" HPOS="588" VPOS="1248" WIDTH="130" HEIGHT="27" WC="0.96" CONTENT="granskning"/><SP WIDTH="14" VPOS="1248" HPOS="718"/>
							<String ID="string_258" HPOS="732" VPOS="1247" WIDTH="24" HEIGHT="22" WC="0.96" CONTENT="af"/><SP WIDTH="13" VPOS="1247" HPOS="756"/>
							<String ID="string_259" HPOS="769" VPOS="1247" WIDTH="162" HEIGHT="27" WC="0.93" CONTENT="ifrågavarande"/><SP WIDTH="16" VPOS="1247" HPOS="931"/>
							<String ID="string_260" HPOS="947" VPOS="1247" WIDTH="77" HEIGHT="27" WC="0.91" CONTENT="lagför-"/>
						</TextLine>
						<TextLine ID="line_31" HPOS="202" VPOS="1276" WIDTH="248" HEIGHT="27">
							<String ID="string_261" HPOS="202" VPOS="1276" WIDTH="45" HEIGHT="26" WC="0.96" CONTENT="slag"/><SP WIDTH="15" VPOS="1276" HPOS="247"/>
							<String ID="string_262" HPOS="262" VPOS="1276" WIDTH="7" HEIGHT="20" WC="0.96" CONTENT="i"/><SP WIDTH="16" VPOS="1276" HPOS="269"/>
							<String ID="string_263" HPOS="285" VPOS="1276" WIDTH="48" HEIGHT="21" WC="0.96" CONTENT="dess"/><SP WIDTH="15" VPOS="1276" HPOS="333"/>
							<String ID="string_264" HPOS="348" VPOS="1276" WIDTH="102" HEIGHT="27" WC="0.96" CONTENT="detaljer?"/>
						</TextLine>
					</TextBlock>
				</ComposedBlock>
				<ComposedBlock ID="cblock_9" HPOS="201" VPOS="1342" WIDTH="825" HEIGHT="86">
					<TextBlock ID="block_7" HPOS="201" VPOS="1342" WIDTH="825" HEIGHT="86">
						<TextLine ID="line_32" HPOS="270" VPOS="1342" WIDTH="755" HEIGHT="29">
							<String ID="string_265" HPOS="270" VPOS="1344" WIDTH="75" HEIGHT="21" WC="0.96" CONTENT="Denna"/><SP WIDTH="22" VPOS="1344" HPOS="345"/>
							<String ID="string_266" HPOS="367" VPOS="1344" WIDTH="132" HEIGHT="27" WC="0.95" CONTENT="proposition"/><SP WIDTH="23" VPOS="1344" HPOS="499"/>
							<String ID="string_267" HPOS="522" VPOS="1344" WIDTH="128" HEIGHT="23" WC="0.96" CONTENT="besvarades"/><SP WIDTH="20" VPOS="1344" HPOS="650"/>
							<String ID="string_268" HPOS="670" VPOS="1344" WIDTH="49" HEIGHT="21" WC="0.93" CONTENT="med"/><SP WIDTH="15" VPOS="1344" HPOS="719"/>
							<String ID="string_269" HPOS="734" VPOS="1343" WIDTH="155" HEIGHT="27" WC="0.92" CONTENT="öfvervägande"/><SP WIDTH="13" VPOS="1343" HPOS="889"/>
							<String ID="string_270" HPOS="902" VPOS="1343" WIDTH="29" HEIGHT="28" WC="0.96" CONTENT="ja,"/><SP WIDTH="21" VPOS="1343" HPOS="931"/>
							<String ID="string_271" HPOS="952" VPOS="1343" WIDTH="7" HEIGHT="21" WC="0.96" CONTENT="i"/><SP WIDTH="15" VPOS="1343" HPOS="959"/>
							<String ID="string_272" HPOS="974" VPOS="1342" WIDTH="51" HEIGHT="28" WC="0.96" CONTENT="följd"/>
						</TextLine>
						<TextLine ID="line_33" HPOS="201" VPOS="1371" WIDTH="825" HEIGHT="27">
							<String ID="string_273" HPOS="201" VPOS="1371" WIDTH="78" HEIGHT="23" WC="0.93" CONTENT="hvaraf"/><SP WIDTH="21" VPOS="1371" HPOS="279"/>
							<String ID="string_274" HPOS="300" VPOS="1372" WIDTH="42" HEIGHT="26" WC="0.91" CONTENT="lag-"/><SP WIDTH="24" VPOS="1372" HPOS="342"/>
							<String ID="string_275" HPOS="366" VPOS="1372" WIDTH="39" HEIGHT="21" WC="0.93" CONTENT="och"/><SP WIDTH="23" VPOS="1372" HPOS="405"/>
							<String ID="string_276" HPOS="428" VPOS="1372" WIDTH="216" HEIGHT="22" WC="0.91" CONTENT="ekonomiutskottets"/><SP WIDTH="20" VPOS="1372" HPOS="644"/>
							<String ID="string_277" HPOS="664" VPOS="1372" WIDTH="136" HEIGHT="22" WC="0.96" CONTENT="betänkande"/><SP WIDTH="15" VPOS="1372" HPOS="800"/>
							<String ID="string_278" HPOS="815" VPOS="1372" WIDTH="7" HEIGHT="21" WC="0.96" CONTENT="i"/><SP WIDTH="15" VPOS="1372" HPOS="822"/>
							<String ID="string_279" HPOS="837" VPOS="1372" WIDTH="76" HEIGHT="26" WC="0.96" CONTENT="frågan"/><SP WIDTH="15" VPOS="1372" HPOS="913"/>
							<String ID="string_280" HPOS="928" VPOS="1377" WIDTH="28" HEIGHT="15" WC="0.92" CONTENT="nu"/><SP WIDTH="14" VPOS="1377" HPOS="956"/>
							<String ID="string_281" HPOS="970" VPOS="1371" WIDTH="56" HEIGHT="22" WC="0.92" CONTENT="före-"/>
						</TextLine>
						<TextLine ID="line_34" HPOS="202" VPOS="1399" WIDTH="632" HEIGHT="29">
							<String ID="string_282" HPOS="202" VPOS="1400" WIDTH="63" HEIGHT="28" WC="0.93" CONTENT="drogs"/><SP WIDTH="16" VPOS="1400" HPOS="265"/>
							<String ID="string_283" HPOS="281" VPOS="1399" WIDTH="11" HEIGHT="29" WC="0.59" CONTENT="$"/><SP WIDTH="15" VPOS="1399" HPOS="292"/>
							<String ID="string_284" HPOS="307" VPOS="1400" WIDTH="33" HEIGHT="22" WC="0.93" CONTENT="för"/><SP WIDTH="15" VPOS="1400" HPOS="340"/>
							<String ID="string_285" HPOS="355" VPOS="1400" WIDTH="11" HEIGHT="27" WC="0.92" CONTENT="$"/><SP WIDTH="16" VPOS="1400" HPOS="366"/>
							<String ID="string_286" HPOS="382" VPOS="1400" WIDTH="40" HEIGHT="22" WC="0.96" CONTENT="och"/><SP WIDTH="15" VPOS="1400" HPOS="422"/>
							<String ID="string_287" HPOS="437" VPOS="1400" WIDTH="147" HEIGHT="23" WC="0.96" CONTENT="diskuterades"/><SP WIDTH="15" VPOS="1400" HPOS="584"/>
							<String ID="string_288" HPOS="599" VPOS="1400" WIDTH="28" HEIGHT="28" WC="0.97" CONTENT="pä"/><SP WIDTH="14" VPOS="1400" HPOS="627"/>
							<String ID="string_289" HPOS="641" VPOS="1402" WIDTH="45" HEIGHT="21" WC="0.96" CONTENT="sätt"/><SP WIDTH="15" VPOS="1402" HPOS="686"/>
							<String ID="string_290" HPOS="701" VPOS="1406" WIDTH="46" HEIGHT="16" WC="0.96" CONTENT="som"/><SP WIDTH="15" VPOS="1406" HPOS="747"/>
							<String ID="string_291" HPOS="762" VPOS="1400" WIDTH="72" HEIGHT="27" WC="0.96" CONTENT="följer:"/>
						</TextLine>
					</TextBlock>
				</ComposedBlock>
				<ComposedBlock ID="cblock_10" HPOS="270" VPOS="1466" WIDTH="667" HEIGHT="29">
					<TextBlock ID="block_8" HPOS="270" VPOS="1466" WIDTH="667" HEIGHT="29">
						<TextLine ID="line_35" HPOS="270" VPOS="1466" WIDTH="667" HEIGHT="29">
							<String ID="string_292" HPOS="270" VPOS="1467" WIDTH="16" HEIGHT="27" WC="0.90" CONTENT="$"/><SP WIDTH="15" VPOS="1467" HPOS="286"/>
							<String ID="string_293" HPOS="301" VPOS="1469" WIDTH="13" HEIGHT="19" WC="0.96" CONTENT="1"/><SP WIDTH="15" VPOS="1469" HPOS="314"/>
							<String ID="string_294" HPOS="329" VPOS="1467" WIDTH="124" HEIGHT="27" WC="0.95" CONTENT="godkändes"/><SP WIDTH="15" VPOS="1467" HPOS="453"/>
							<String ID="string_295" HPOS="468" VPOS="1468" WIDTH="7" HEIGHT="20" WC="0.96" CONTENT="i"/><SP WIDTH="15" VPOS="1468" HPOS="475"/>
							<String ID="string_296" HPOS="490" VPOS="1468" WIDTH="94" HEIGHT="27" WC="0.96" CONTENT="enlighet"/><SP WIDTH="15" VPOS="1468" HPOS="584"/>
							<String ID="string_297" HPOS="599" VPOS="1468" WIDTH="49" HEIGHT="21" WC="0.96" CONTENT="med"/><SP WIDTH="15" VPOS="1468" HPOS="648"/>
							<String ID="string_298" HPOS="663" VPOS="1468" WIDTH="117" HEIGHT="21" WC="0.95" CONTENT="utskottets"/><SP WIDTH="15" VPOS="1468" HPOS="780"/>
							<String ID="string_299" HPOS="795" VPOS="1466" WIDTH="142" HEIGHT="23" WC="0.96" CONTENT="betänkande."/>
						</TextLine>
					</TextBlock>
				</ComposedBlock>
			</PrintSpace>
		</Page>
	</Layout>
</alto>
