1095 1825
301 168 182 22 Borgareståndet.
508 169 55 17 1867.
587 170 23 16 31
622 169 48 21 Maj.
815 165 54 21 1165

71 242 40 27 ligt
127 242 39 21 och
182 242 108 22 värderikt
306 242 75 27 bidrag
397 242 32 21 till
445 242 137 27 utjemnande
599 242 23 22 af
634 242 196 23 missförhållandet
847 245 51 21 mel-

71 270 35 22 lan
125 270 47 22 vårt
192 271 60 21 lands
273 271 78 27 import
367 271 39 21 och
422 274 84 23 export;
523 278 47 14 men
586 271 69 21 denna
670 271 140 22 fraktrörelse
825 274 24 20 är
865 275 34 19 ut-

71 301 44 19 satt
130 299 33 20 för
178 305 26 15 en
220 299 139 26 konkurrens,
376 305 52 20 som,
445 299 67 21 ehuru
528 300 25 20 de
569 298 68 22 finska
648 300 186 27 handelsfartygen
845 300 54 22 fort-

71 327 89 22 farande
182 329 98 19 utmärka
304 328 31 26 sig
357 334 76 20 genom
457 329 31 19 ett
511 328 81 26 dugligt
615 327 39 22 och
677 327 93 27 pålitligt
785 329 57 21 befäl
858 329 40 22 och

71 355 143 28 sjömanskap,
232 356 82 21 ändock
337 356 42 21 kan
403 356 65 21 blifva
491 356 47 21 dem
560 356 148 26 öfvermäktig.
745 357 96 22 Orsaken
865 359 33 20 till

72 385 75 25 denna,
164 385 6 20 i
186 384 142 21 betraktande
344 385 23 20 af
381 385 200 26 skeppsbyggeriets
597 385 38 21 och
652 385 115 26 sjöfartens
783 389 58 18 stora
862 386 37 21 be-

72 413 82 27 tydelse
176 413 33 20 för
232 413 47 21 vårt
300 413 55 26 land,
372 413 94 21 särdeles
482 413 205 26 bekymmersamma
702 413 113 22 företeelse
830 414 68 21 måste

73 441 62 22 sökas
158 441 51 26 deri,
233 443 32 19 att
286 442 140 27 utredningen
450 441 22 21 af
494 442 69 26 fartyg
578 442 7 20 i
601 442 117 21 allmänhet
736 442 87 21 utfaller
838 443 60 21 kost-

73 476 103 15 sammare
200 470 38 21 hos
261 476 35 15 oss
318 472 26 19 än
360 471 39 20 hos
415 471 67 20 andra
497 469 169 28 sjöfartidkande
682 470 52 26 folk,
749 472 51 19 utan
817 473 32 19 att
863 474 36 18 ut-

73 499 115 26 redningen
211 499 120 26 derigenom
355 499 42 20 blir
416 499 78 25 bättre,
511 505 86 15 snarare
614 501 76 24 sämre,
706 501 26 18 än
748 499 38 21 hos
803 499 54 22 dem.
888 500 10 21 I

73 528 69 21 denna
162 527 112 27 utredning
293 527 49 27 ingå
357 527 105 27 nemligen
478 527 77 26 många
571 527 39 21 och
626 527 131 21 kostsamma
773 528 89 21 artiklar
877 528 24 21 af

71 556 46 26 jern
134 555 39 22 och
189 562 70 15 annan
274 556 79 25 metall,
370 556 73 21 hvilka
458 556 6 21 i
479 556 74 21 länder
569 556 47 21 med
632 562 59 15 mera
706 556 112 21 utvecklad
837 557 62 20 indu-

73 585 38 20 stri
127 584 71 21 kunna
213 584 109 21 tillverkas
338 585 71 20 bättre
426 585 39 20 och
481 585 24 20 så
521 584 103 27 betydligt
639 584 97 27 billigare
753 586 26 19 än
799 585 44 27 här,
865 587 33 19 att

73 613 143 27 inköpspriset
231 613 33 21 för
279 614 40 20 den
334 614 112 20 inhemska
461 620 66 14 varan
543 613 41 21 blir
600 613 66 27 högre
682 615 26 19 än
724 614 66 26 priset
805 614 34 21 för
857 614 40 21 den

73 642 121 22 utländska,
210 642 155 26 sammanlagdt
381 642 47 20 med
444 641 83 21 frakten
543 642 33 20 för
592 642 48 20 dess
655 642 136 21 inhemtande
807 643 32 20 till
852 643 45 20 lan-

73 670 42 21 det.
146 670 70 21 Priset
238 670 27 26 på
288 670 25 22 de
336 670 114 22 utländska
473 670 305 27 skeppsbyggnadsartiklarne
800 670 99 27 fördyras

72 699 124 26 ytterligare
211 705 76 20 genom
303 699 40 21 den
359 699 125 26 importtull,
501 699 100 21 hvarmed
618 699 25 21 de
654 698 40 22 hos
707 705 34 15 oss
752 701 37 19 äro
800 699 97 27 belagda,

73 728 40 20 och
136 734 44 14 som
204 728 198 26 skeppsrederierne
423 728 7 20 i
452 727 91 21 Finland
566 729 37 19 äro
626 729 94 25 tvungne
744 730 33 19 att
801 727 98 27 begagna

73 756 92 21 nämnda
187 756 115 21 utländska
322 756 173 26 förnödenheter,
514 756 91 21 emedan
621 756 109 21 desamma
744 756 100 26 antingen
860 756 39 21 all-

73 785 58 21 deles
152 784 46 22 icke
221 785 71 21 kunna
315 784 56 22 inom
395 784 73 21 landet
490 784 116 24 tillverkas,
627 784 51 22 eller
703 785 18 26 ej
737 784 23 22 af
774 784 125 27 erforderlig

73 813 80 27 godhet
168 813 39 21 här
222 813 165 26 åstadkommas,
404 813 77 21 verkar
497 813 60 21 detta
573 812 80 22 derhän
669 815 33 19 att
717 814 148 26 utrustningen
877 813 23 21 af

73 842 129 27 fraktfartyg
216 842 57 21 inom
289 842 47 21 vårt
351 842 50 20 land
418 842 74 20 ställer
507 842 31 26 sig
554 842 76 26 dyrare
646 843 26 19 än
688 842 7 20 i
711 842 25 21 de
752 842 81 25 länder,
852 848 46 15 som

72 871 6 20 i
95 871 69 21 denna
179 871 79 21 rörelse
274 870 48 22 med
338 876 35 15 oss
388 870 141 21 konkurrera.

141 899 47 20 Den
204 899 104 21 tullfrihet
323 899 33 21 för
371 898 332 27 fartygsbyggnadsmaterialier,
719 904 46 15 som
780 898 45 21 blef
841 898 56 21 med-

72 927 69 27 gifven
164 933 76 20 genom
261 927 78 27 nådiga
358 927 144 26 kungörelsen
518 927 22 21 af
554 927 39 21 den
612 928 25 19 16
654 926 125 27 September
795 927 55 20 1853
865 927 34 20 för

72 956 42 21 fem
137 955 35 22 års
194 956 30 21 tid
248 958 54 19 samt
317 956 121 21 sedermera
454 955 31 21 tid
501 955 54 21 efter
571 961 69 15 annan
656 955 70 22 blifvit
740 955 103 26 förlängd,
859 955 41 20 har

73 984 177 27 otvifvelaktigt
244 979 14 36 i
271 985 32 20 sin
325 991 50 14 mon
397 984 94 27 bidragit
513 984 33 21 till
569 984 39 21 den
631 983 68 22 finska
722 983 176 22 handelsflottans

73 1013 82 21 snabba
175 1013 82 21 tillvext
280 1013 39 21 och
342 1015 32 19 att
397 1013 47 24 den,
460 1013 53 20 efter
529 1015 32 18 att
576 1013 68 20 under
659 1014 84 20 senaste
760 1012 138 21 orientaliska

72 1041 47 27 krig
133 1041 64 21 hafva
212 1041 68 22 blifvit
296 1041 32 22 till
343 1041 36 21 två
394 1041 130 26 tredjedelar
539 1041 139 26 förminskad,
695 1041 66 20 under
777 1041 35 20 det
823 1041 75 20 decen-

73 1071 64 24 nium,
161 1076 45 15 som
229 1070 65 21 sedan
317 1071 48 20 dess
387 1069 98 26 förflutit,
506 1069 47 21 åter
575 1069 141 27 uppbringats
737 1069 33 21 till
785 1071 31 19 ett
831 1069 67 26 högre

72 1099 86 21 lästetal
181 1100 27 19 än
232 1098 46 22 före
301 1099 64 26 sagde
385 1098 59 26 krigs
459 1098 90 21 utbrott.
579 1098 71 21 Jemte
666 1098 36 21 det
717 1097 181 27 Borgareståndet

72 1127 86 21 derföre
174 1127 67 21 finner
256 1127 36 21 det
308 1127 123 24 önskvärdt,
442 1128 32 19 att
485 1127 41 20 den
537 1126 105 21 tullfrihet
655 1126 33 21 för
698 1126 201 27 fartygsbyggnads-

73 1155 137 25 materialier,
226 1161 45 16 som
287 1162 28 14 nu
331 1157 24 19 är
369 1155 108 26 gällande,
493 1161 47 15 men
557 1155 47 21 med
621 1155 60 21 detta
696 1155 36 20 års
746 1155 43 20 slut
799 1154 99 21 tillända-

72 1184 45 27 går,
139 1186 27 19 än
190 1184 73 21 vidare
285 1184 66 21 måtte
373 1183 98 26 fortfara,
495 1190 62 15 anser
579 1183 182 26 Borgareståndet
777 1185 32 19 att
824 1183 32 20 till
872 1183 28 21 de

70 1213 102 26 artiklar,
195 1219 45 15 som
264 1213 65 27 enligt
346 1212 143 27 kungörelsen
505 1212 22 22 af
541 1212 40 21 den
599 1213 25 21 17
639 1212 90 21 Januari
746 1212 53 20 1866
815 1211 84 27 åtnjuta

73 1242 111 26 tullfrihet,
208 1242 66 21 borde
298 1242 72 26 läggas
393 1243 57 19 ännu
470 1241 67 27 några
551 1241 68 21 andra
633 1241 33 21 för
681 1241 81 26 fartygs
777 1240 124 26 utrustning

73 1270 111 26 behöfliga,
208 1270 72 21 hvilka
302 1270 44 21 dels
369 1270 89 20 alldeles
481 1270 52 25 icke,
557 1270 45 20 dels
626 1269 76 21 endast
717 1269 31 21 till
764 1269 51 26 dyra
831 1268 68 26 priser

72 1299 73 21 kunna
168 1298 39 21 här
222 1298 7 21 i
244 1298 73 22 landet
338 1298 110 21 tillverkas
472 1298 39 21 och
534 1298 73 21 hvilka
628 1298 46 20 icke
690 1299 38 19 äro
743 1297 33 21 till
791 1298 65 19 annat
871 1298 28 19 än

72 1328 81 26 fartygs
176 1326 66 22 behof
263 1326 143 26 användbara,
426 1326 23 22 så
465 1329 32 19 att
512 1326 66 27 något
593 1326 107 21 missbruk
716 1326 19 26 ej
750 1331 49 15 vore
815 1327 32 19 att
862 1324 38 22 be-

71 1356 48 20 fara
135 1355 22 21 af
170 1356 41 20 den
226 1356 111 25 tullfrihet,
354 1361 45 15 som
416 1355 72 21 kunde
505 1355 47 21 dem
567 1354 123 27 medgifvas.
720 1354 69 22 Dessa
809 1353 90 21 artiklar

73 1386 47 20 äro:
137 1384 192 27 signal-lanternor,
345 1384 109 26 gångspel,
470 1384 103 26 vindspel,
589 1383 116 26 stroppade
718 1382 40 22 och
769 1381 130 27 ostroppade

72 1412 69 28 block,
154 1412 106 27 jungfrur,
276 1413 89 27 syskon-
381 1412 40 21 och
436 1412 115 26 taljhakor,
567 1412 109 25 rårackar,
692 1410 151 22 eselhufvuden
859 1410 40 21 och

72 1441 86 25 kousor,
174 1444 55 18 samt
245 1441 109 21 dessutom
369 1441 179 21 vattencisterner
563 1440 23 21 af
597 1440 54 27 jern,
668 1440 32 21 till
716 1440 83 20 hvilkas
811 1439 88 21 allmän-

72 1476 51 14 nare
146 1470 146 25 användande,
316 1470 48 20 med
387 1469 100 21 afseende
509 1469 13 21 å
545 1469 41 21 den
609 1470 59 20 stora
690 1468 68 22 fördel
776 1468 122 25 derigenom

72 1498 69 21 skulle
163 1498 26 21 de
208 1498 122 26 sjöfarande
346 1498 97 23 beredas,
460 1498 45 21 skäl
521 1499 24 19 är
561 1500 33 18 att
608 1503 76 20 genom
700 1496 117 22 tullfrihets
832 1495 67 21 bevil-

69 1526 65 26 jande
151 1526 51 21 söka
218 1526 95 27 bidraga.
