1095 1825
315 127 184 21 Borgareståndet.
525 128 55 17 1867.
605 128 12 16 6
630 128 48 21 Maj.
842 124 41 20 743

83 215 72 20 tionen
178 214 23 20 af
222 213 281 27 lagmanstingsgästningen
526 213 91 21 bereder
639 213 114 21 domarene
770 214 11 20 å
797 214 73 21 landet
886 222 39 14 en-

84 243 56 21 ökad
162 242 100 27 inkomst,
286 242 117 27 tillstyrker
416 242 37 26 jag
468 244 33 19 att
517 241 172 22 Bondeståndets
704 242 125 28 inbjudning
845 242 66 22 måtte

83 273 96 24 antagas.

154 327 56 20 Herr
225 327 84 20 Holm:
325 327 35 20 vid
376 326 111 21 sisthållne
503 326 110 27 landtdag,
629 326 27 21 då
671 326 74 27 frågan
761 333 33 15 om
810 328 101 21 nämnde-

83 357 103 20 männens
210 355 119 26 antagande
353 355 40 21 och
413 354 93 27 aflöning
522 355 85 21 förevar
623 355 6 20 i
644 355 185 26 Borgareståndet,
846 357 66 26 ansåg

84 384 86 21 ståndet
186 385 32 20 att
233 384 183 21 nämndemännen
431 383 47 21 icke
489 383 67 21 borde
570 385 88 24 antagas
670 383 12 21 å
691 383 220 27 kommunalstämma,

84 415 53 18 utan
152 412 56 21 inför
223 412 130 25 häradsrätt,
369 414 55 19 samt
439 411 62 21 biföll
516 411 34 21 för
566 412 31 21 sin
614 411 33 22 del
663 412 157 25 propositionen
832 419 34 14 om
879 415 32 19 att

84 441 183 20 nämndemännen
291 440 68 21 skulle
382 439 82 22 erhålla
487 440 76 21 endast
584 446 25 15 en
632 440 103 26 tredjedel
758 440 22 22 af
798 441 113 27 tingsgäst-

85 469 84 26 ningen.
199 469 84 26 Frågan
306 469 71 20 förföll
400 469 126 24 emellertid,
551 469 88 20 emedan
663 468 35 21 två
721 469 60 21 stånd
807 470 104 21 stannade

83 499 60 19 emot
166 497 42 26 två,
230 503 48 15 men
298 497 37 26 jag
351 503 61 15 anser
428 497 182 26 Borgareståndet
626 497 62 21 hafva
704 497 38 21 allt
757 497 46 21 skäl
820 500 33 19 att
868 499 43 20 vid-

85 526 67 21 blifva
168 526 30 21 sin
214 526 35 20 vid
265 526 52 21 sista
332 525 103 32 landtdag
450 525 97 21 uttalade
566 525 55 26 åsigt
636 525 7 20 i
660 527 76 24 ämnet,
752 526 77 21 hvaraf
843 526 68 21 skulle

85 554 52 27 följa
160 556 32 19 att
212 554 181 27 Borgareståndet
412 553 19 27 ej
447 553 72 22 kunde
534 555 79 25 antaga
626 542 140 33 förevarande
781 554 130 27 inbjudning.

86 583 11 21 I
117 582 114 27 anledning
246 582 22 21 af
283 583 54 20 Herr
353 583 97 26 Östrings
466 582 141 26 anmärkning
623 584 31 19 att
670 583 35 20 det
720 588 49 15 vore
784 583 81 27 vanligt
879 585 33 19 att

86 611 207 21 nämndemännerne
315 611 7 21 i
344 612 73 20 landet
437 611 81 26 åtnjöte
534 611 72 21 halfva
621 611 186 27 tingsgästningen,
824 599 39 33 ber
875 612 36 26 jag

86 642 33 19 att
134 640 22 20 få
172 640 84 27 erindra
271 641 33 19 att
319 639 76 21 sådant
409 639 47 21 icke
473 641 24 19 är
512 639 144 21 förhållandet
671 640 138 21 annorstädes
821 642 26 19 än
863 640 7 21 i
885 646 26 15 en

85 669 36 20 del
139 668 23 21 af
177 668 144 21 Österbotten.
353 668 9 20 I
378 668 67 20 andra
461 668 59 21 delar
536 668 23 20 af
572 668 72 20 landet
660 668 96 21 deremot
770 670 24 18 är
810 668 36 21 det
861 675 50 14 van-

85 697 40 27 ligt
147 698 32 20 att
202 696 72 27 hvarje
294 696 141 21 nämndeman
452 696 92 21 erhåller
559 696 56 21 blott
630 696 36 21 två
681 698 77 19 tunnor
773 696 44 27 råg,
835 699 54 19 samt
905 697 6 20 i

86 732 27 14 en
129 726 33 20 del
178 725 112 27 domsagor
306 725 31 21 till
353 725 39 21 och
408 725 48 21 med
472 726 57 19 ännu
541 724 89 22 mindre.
654 724 93 22 Sålunda
757 725 83 27 åtnjuta
851 727 14 19 t.
879 732 31 14 ex.

85 754 7 20 i
108 754 54 20 Ithis
178 754 101 26 domsaga
294 754 75 20 endast
385 753 26 21 de
427 753 33 26 sju
475 753 69 21 äldste
560 753 7 21 i
582 753 106 21 nämnden
701 753 41 21 viss
753 753 98 27 aflöning,
863 760 48 14 men

86 782 27 21 de
137 782 67 26 öfriga
226 781 82 21 erhålla
329 782 60 20 intet.
419 781 31 21 På
473 782 68 26 grund
564 781 64 21 häraf
646 782 39 20 och
701 782 27 20 då
743 782 105 21 utskottet
863 782 48 21 med

86 810 86 26 ledning
195 810 23 21 af
234 810 126 21 authentika
375 810 132 26 handlingar,
525 810 72 21 hvilka
612 810 117 21 meddelats
744 810 105 21 utskottet
864 810 46 22 från

86 839 120 27 Kejserliga
228 838 98 26 Senaten,
347 838 70 22 funnit
432 840 32 19 att
480 838 183 27 tingsgästningen
679 839 6 20 i
701 838 82 22 landets
799 839 112 27 domsagor

86 868 7 20 i
109 867 115 21 allmänhet
240 868 24 20 är
279 866 23 22 så
318 867 57 26 liten,
391 868 33 20 att
439 867 80 21 hälften
536 866 34 21 för
585 867 62 26 ingen
665 866 33 22 del
714 867 68 21 skulle
798 867 65 21 förslå
879 867 32 21 till

87 896 112 20 domarens
215 894 98 28 aflöning,
329 901 63 15 anser
405 896 37 25 jag
457 895 54 20 böra
527 895 71 26 afböja
613 895 157 26 inbjudningen.

156 952 56 20 Herr
227 951 141 27 Öhrnberg:
385 951 66 26 enligt
466 951 48 21 mitt
530 951 97 21 omdöme
644 953 24 18 är
678 951 35 21 det
726 951 91 21 särdeles
831 951 80 26 olämp-

86 980 41 27 ligt
149 981 32 20 att
205 981 31 19 ett
259 979 62 22 stånd
343 979 80 21 tillåter
446 980 31 26 sig
498 981 39 24 att,
553 979 131 22 beträffande
700 985 26 16 en
741 979 23 21 af
778 981 30 19 ett
823 979 88 21 allmänt

87 1008 84 21 utskott
186 1007 127 22 förhandlad
328 1008 66 27 fråga,
411 1008 73 21 skrida
497 1008 33 21 till
541 1008 125 27 inbjudning
676 1007 23 22 af
708 1008 25 21 de
744 1007 67 26 öfriga
821 1007 90 22 stånden

87 1037 7 20 i
117 1037 36 20 det
176 1036 60 27 syfte,
260 1038 32 19 att
314 1037 61 20 dessa
397 1037 70 20 skulle
490 1037 91 20 omfatta
599 1037 40 20 den
655 1036 61 27 åsigt,
732 1043 44 14 som
791 1036 36 21 det
843 1036 68 26 inbju-

87 1065 69 21 dande
176 1065 85 20 ståndet
281 1071 62 15 anser
358 1071 51 14 vara
424 1066 79 19 rättast
518 1065 40 21 och
573 1065 137 26 gagneligast.
740 1065 171 26 Olämpligheten

87 1093 64 21 häraf
164 1093 128 21 framträder
308 1093 122 27 isynnerhet
444 1093 7 20 i
467 1093 80 21 sådana
562 1093 37 21 fall
615 1099 53 20 som,
684 1093 64 26 enligt
763 1093 55 21 hvad
829 1093 36 26 jag
875 1093 36 20 vill

87 1122 101 27 påminna
210 1122 49 26 mig,
283 1122 36 20 det
339 1122 123 21 nuvarande
477 1123 30 24 är,
523 1122 107 26 nämligen
646 1121 27 21 då
688 1121 149 26 inbjudningen
854 1122 57 20 med-

87 1151 60 20 delas
162 1150 26 21 de
204 1150 68 27 öfriga
287 1150 89 21 stånden
391 1150 65 21 innan
467 1150 62 21 dessa
539 1152 57 19 ännu
609 1156 37 15 ens
657 1149 92 22 förehaft
760 1150 150 25 betänkandet,

88 1179 60 20 hvari
164 1178 74 27 frågan
254 1178 115 21 behandlas
385 1181 55 18 samt
455 1178 152 27 inbjudningen
623 1178 81 21 således
720 1178 62 21 söker
797 1177 73 22 utöfva
885 1184 26 15 en

88 1208 6 20 i
117 1207 42 21 min
182 1207 63 21 tanke
268 1207 101 27 obehörig
383 1207 141 27 påtryckning
539 1206 28 27 pä
583 1207 25 21 de
624 1207 100 27 inbjudna
740 1206 94 22 stånden.
865 1206 47 22 Den

88 1238 25 18 är
134 1236 40 20 ock
190 1236 100 26 olämplig
306 1242 33 14 om
355 1236 39 20 den
411 1235 49 21 sker
475 1236 54 20 efter
545 1236 36 20 det
596 1236 62 20 dessa
672 1235 92 21 förehaft
779 1234 38 22 och
833 1234 79 27 afgjort

88 1264 80 26 frågan,
185 1266 22 24 ty
223 1270 33 15 om
272 1264 26 21 de
314 1266 75 18 stanna
403 1264 7 20 i
424 1264 57 20 olika
493 1264 70 20 beslut
574 1264 47 20 med
633 1264 36 20 det
681 1263 128 27 inbjudande
820 1263 91 25 ståndet,

87 1293 125 20 ankommer
228 1292 36 21 det
279 1292 27 26 på
321 1292 158 21 vederbörande
493 1292 83 21 utskott
585 1294 39 24 att,
637 1292 71 21 derest
721 1291 22 21 så
755 1291 65 21 finnes
831 1291 80 26 nödigt,

88 1321 118 26 framlägga
221 1320 295 32 sammanjemkningsförslag
531 1320 40 21 och
587 1320 27 21 då
629 1320 65 21 blifva
706 1320 88 21 stånden
807 1320 6 20 i
829 1319 82 21 tillfälle

88 1351 34 19 att
137 1350 48 20 med
200 1349 129 27 frångående
344 1349 23 21 af
381 1349 46 21 sina
443 1348 123 27 skiljaktiga
581 1349 85 26 åsigter,
683 1349 112 20 instämma
809 1348 7 20 i
828 1348 83 20 utskot-

88 1380 43 19 tets
152 1377 86 27 förslag.
268 1378 73 20 Redan
364 1384 24 14 ur
411 1377 69 21 denna
503 1378 107 26 synpunkt
631 1383 63 15 anser
714 1377 36 26 jag
773 1376 139 21 förevarande

89 1406 125 26 inbjudning
229 1406 52 20 böra
292 1406 80 21 lemnas
383 1407 52 19 utan
446 1406 106 20 afseende.
575 1405 169 21 Vidkommande
756 1404 73 27 sjelfva
839 1404 72 25 saken,

89 1434 80 21 tillåter
182 1434 36 26 jag
233 1434 42 26 mig
291 1436 31 19 att
338 1434 92 26 åberopa
446 1434 55 21 hvad
514 1434 37 26 jag
566 1434 84 26 yttrade
664 1433 27 21 då
702 1434 121 20 densamma
837 1433 8 20 i
860 1432 52 26 följd

88 1462 24 21 af
133 1463 152 25 lagutskottets
303 1462 135 21 betänkande
454 1468 37 15 var
506 1462 89 21 föremål
611 1462 32 20 för
658 1462 120 20 diskussion
793 1461 118 21 härstädes.

88 1491 41 26 Jag
151 1491 96 21 uttalade
270 1490 33 26 då,
327 1491 114 21 huraledes
462 1491 36 26 jag
520 1492 71 19 ansett
614 1490 92 26 önskligt
725 1492 32 19 att
772 1489 140 27 lagutskottet

87 1519 89 21 alldeles
198 1519 46 21 icke
268 1519 53 21 hade
343 1519 92 21 befattat
450 1519 31 26 sig
496 1519 49 20 med
561 1518 69 21 denna
644 1518 61 26 fråga
720 1518 39 21 och
774 1518 39 20 har
828 1517 84 26 tillfölje
