1095 1825
304 158 183 22 Borgareståndet.
513 159 56 17 1867.
594 160 24 16 14
629 159 49 21 Maj.
829 154 42 23 853

142 245 56 21 Herr
220 244 159 33 Lindegvist:
403 244 29 22 dä
451 244 38 27 jag
512 246 73 20 senast
601 244 55 22 hade
672 244 68 26 ordet,
755 244 145 24 försummade

71 273 38 27 jag
132 275 33 19 att
186 273 110 23 anmärka,
311 273 36 21 det
359 272 38 28 jag
411 273 8 21 i
434 273 42 21 allo
492 272 87 22 förenar
594 273 43 26 mig
652 273 48 21 med
715 273 57 21 Herr
786 274 114 22 Lindblom

74 307 35 16 om
125 302 66 21 sättet
206 300 34 22 för
254 300 132 22 afskaffande
401 300 25 22 af
439 301 63 21 dessa
512 301 93 26 afgifter,
614 301 76 21 sädant
703 301 51 22 det
749 296 10 35 i
766 301 53 22 hans
829 308 72 16 reser-

73 330 73 21 vation
157 329 67 22 finnes
238 331 109 25 upptaget.

143 386 56 21 Herr
220 386 148 21 Rosenius:
390 385 58 22 Herr
471 381 114 31 Öhrnberg
607 385 40 22 har
668 386 106 26 anmärkt,
793 386 38 21 det
845 387 54 26 peti-

73 413 161 28 tionsförslaget
257 413 125 26 innehåller,
397 415 34 20 att
446 413 92 28 pälagan
554 413 69 22 skulle
638 413 101 22 afskaffas
754 413 27 28 pä
795 421 27 14 en
837 415 62 26 gång.

75 443 52 21 Deri
150 442 40 21 har
204 443 43 20 han
262 443 105 26 misstagit
381 442 39 27 sig,
436 444 23 25 ty
474 442 105 27 förslaget
593 442 57 22 afser
665 442 103 28 pälagans
782 443 118 27 aflyftande

73 471 69 21 under
164 471 106 27 förloppet
292 470 23 22 af
335 470 47 27 fyra
403 471 31 21 är.
465 471 116 21 Dessutom
597 472 25 20 är
637 471 36 21 det
688 477 28 15 nu
732 471 124 26 detsamma,
872 471 28 22 dä

73 505 51 16 man
146 499 100 22 omfattat
270 499 57 22 Herr
351 499 124 21 Lindbloms
501 499 139 22 reservation.
670 499 62 22 Hvad
752 501 66 20 sedan
833 501 67 26 angär

74 527 57 22 Herr
153 523 122 31 Öhrnbergs
293 527 116 27 påstående
425 527 82 26 derom,
523 529 32 20 att
569 528 22 21 vi
606 527 46 22 icke
667 529 81 23 nämnt,
762 529 37 20 det
814 529 86 20 skatten

74 556 125 21 tillkommit
213 556 28 27 pä
256 556 77 27 olaglig
348 557 47 26 väg,
411 556 25 21 sä
451 556 80 27 ansägo
547 556 21 21 vi
584 556 36 21 det
634 562 52 15 vara
701 556 86 27 onödigt
801 558 34 19 att
846 563 54 20 upp-

74 585 55 21 rifva
143 584 80 22 sädana
238 585 70 27 gamla
320 585 69 21 saker.
419 585 43 21 Det
477 584 68 22 finnes
560 585 78 26 mänga
652 584 68 22 andra
734 584 71 28 dylika
815 585 84 22 författ-

74 614 82 26 ningar,
182 620 45 14 som
248 613 67 21 under
338 613 26 21 de
385 613 74 21 femtio
482 613 59 25 ären,
557 613 28 21 dä
599 614 20 20 vi
635 613 47 21 icke
696 614 54 20 hade
765 613 134 28 landtdagar,

75 642 91 21 sälunda
181 642 123 21 tillkommit
319 642 28 26 pä
361 642 63 26 olaga
439 643 49 19 sätt.
518 642 75 21 Redan
608 642 58 21 förut
680 641 41 22 har
736 648 46 15 man
801 642 38 21 hos
855 644 44 26 sty-

75 670 71 22 relsen
162 670 80 27 begärt,
258 672 32 20 att
305 670 159 26 undersökning
478 670 71 21 skulle
564 670 39 21 ske
618 676 34 15 om
668 670 26 22 de
710 670 190 27 exportafgifterna

74 699 93 21 rörande
182 698 178 26 förhällanderna,
376 704 48 16 men
439 698 44 27 mig
498 698 117 27 veterligen
631 698 40 22 har
686 699 76 21 sädant
777 699 46 21 icke
834 699 65 22 skett.

74 727 42 21 Väl
131 727 39 21 har
185 733 49 15 man
249 727 72 21 kastat
337 727 48 21 bort
400 727 86 27 mycket
501 727 119 26 penningar
634 727 28 27 pä
677 727 67 21 andra
758 728 82 21 mindre
855 728 44 26 vig-

75 755 46 27 tiga
136 755 69 25 saker,
221 755 27 21 dä
263 762 48 14 man
326 754 88 22 utsändt
429 761 103 21 personer
547 755 34 21 för
596 757 33 19 att
644 757 50 25 taga
709 756 51 21 reda
778 756 27 26 pä
819 756 80 21 förhäl-

75 784 85 26 landen,
184 790 44 15 som
252 785 37 20 äro
306 784 23 20 af
339 784 156 26 jemförelsevis
510 784 63 26 ringa
587 784 50 26 vigt.
668 784 48 21 Men
731 786 33 19 att
778 784 122 22 undersöka

74 812 86 21 landets
185 812 154 26 hufvudnäring
363 812 53 22 eller
441 814 33 19 att
496 814 51 24 taga
569 812 53 21 reda
642 812 34 27 pä,
697 818 33 16 om
746 813 37 21 der
799 812 100 22 behöfves

75 841 70 26 nägon
160 840 64 27 hjelp,
239 841 37 21 det
290 840 39 22 har
344 840 84 22 härtills
443 840 47 22 icke
506 841 73 21 aktats
595 841 80 27 nödigt.

144 896 56 21 Herr
214 896 94 22 Wolff:
323 897 48 21 med
387 897 143 28 vidhällande
539 896 24 21 af
577 897 55 21 hvad
645 897 37 26 jag
693 897 58 21 förut
760 897 79 26 anfört,
849 897 50 22 ville

73 925 37 26 jag
135 925 75 21 endast
230 925 7 20 i
259 925 113 26 anledning
395 925 22 21 af
437 925 58 21 Herr
516 925 123 27 Ohrnbergs
654 926 99 26 yttrande
768 927 83 24 nämna,
867 927 33 20 att

76 953 85 21 ständet
182 953 90 27 beginge
295 959 25 16 en
336 955 45 20 stor
396 953 112 26 orättvisa,
525 960 34 15 om
575 953 85 22 ständet
676 954 68 21 skulle
754 953 93 27 anhälla,
863 954 36 21 det

75 981 124 27 sägskatten
214 981 68 22 skulle
297 983 91 20 ersättas
403 988 77 20 genom
496 982 122 26 bevillning.
648 982 90 22 Ständet
753 982 69 21 skulle
833 982 28 21 dä
871 982 28 27 pä

75 1010 37 21 det
134 1009 96 22 sväraste
254 1010 182 27 kompromettera
459 1011 37 26 sig.
527 1010 45 21 Min
592 1010 64 27 afsigt
671 1017 44 18 var,
731 1010 27 21 dä
771 1011 37 26 jag
822 1011 77 21 under-

75 1038 76 21 stödde
176 1039 56 20 Herr
256 1039 123 21 Mustonens
402 1039 139 26 reservation,
564 1040 34 19 att
620 1039 62 26 ingen
701 1039 114 26 bevillning
830 1039 69 21 skulle

75 1066 109 22 ähvältvas
199 1067 79 26 landet,
294 1073 47 15 men
356 1069 33 19 att
405 1067 128 22 differansen
548 1067 6 21 i
570 1067 140 22 statsverkets
724 1067 94 22 inkomst
832 1067 67 22 borde

74 1095 102 21 betäckas
190 1101 76 21 genom
282 1095 113 27 besparing
409 1096 8 21 i
432 1096 83 21 mindre
531 1096 78 27 nödiga
624 1096 94 26 utgifter.

144 1151 56 22 Herr
215 1152 156 21 Mustonen:
384 1152 38 27 jag
437 1152 37 21 vill
489 1152 96 27 tillägga,
601 1154 32 19 att
649 1152 36 21 det
700 1154 24 19 är
738 1152 43 21 min
800 1152 98 21 fullkom-

75 1180 43 26 liga
141 1179 146 28 öfvertygelse,
300 1183 31 18 att
347 1181 132 21 statsverket
494 1181 47 21 icke
557 1181 97 21 kommer
669 1183 32 19 att
716 1180 80 21 förlora
811 1180 66 27 något
892 1181 7 20 i

75 1208 47 22 sina
136 1209 123 26 inkomster,
276 1215 34 15 om
325 1209 124 27 sägskatten
465 1209 108 22 afskaffas.
603 1210 86 20 Kronan
706 1215 49 21 eger
770 1208 76 28 mänga
853 1209 46 21 vid-

74 1237 96 21 sträckta
184 1237 156 27 skogsmarker,
357 1237 94 22 derifrän
467 1238 60 21 virke
542 1244 29 14 nu
586 1238 46 21 icke
647 1238 41 21 kan
710 1238 109 26 föryttras.
850 1238 49 21 Men

74 1265 25 21 sä
121 1267 59 19 snart
202 1266 62 20 dessa
282 1266 85 27 afgifter
382 1266 70 22 blefve
465 1266 122 26 borttagna,
603 1266 54 26 finge
673 1266 81 21 kronan
770 1266 80 27 köpare
866 1266 33 21 till

74 1294 47 21 sina
136 1294 135 26 skogsalster.

143 1351 56 21 Herr
219 1351 100 26 Bergh:
342 1352 7 20 i
372 1351 115 27 anledning
509 1351 24 21 af
550 1351 56 21 Herr
621 1351 123 27 Ohrnbergs
759 1351 141 27 anmärkning

74 1379 80 26 derom,
171 1381 32 19 att
219 1380 122 26 regeringen
357 1386 49 20 nyss
418 1380 32 20 till
462 1380 158 26 handläggning
630 1379 94 22 förehaft
734 1386 26 15 en
771 1380 23 20 af
802 1380 98 21 enskilda

73 1414 102 20 personer
190 1407 92 27 ingifven
297 1408 96 26 petition,
410 1414 46 15 som
473 1408 76 21 endast
564 1408 67 21 delvis
646 1407 69 22 blifvit
731 1408 92 26 bifallen,
837 1414 63 15 anser

71 1436 44 26 jag,
141 1438 33 19 att
199 1436 27 21 dä
248 1436 91 26 ståndet,
361 1436 67 27 enligt
448 1437 56 20 hvad
527 1436 22 21 af
567 1437 65 26 sagde
648 1436 89 27 petition
753 1442 68 21 synes,
837 1436 63 27 hyser

74 1470 81 15 samma
180 1464 86 27 äsigter,
282 1471 44 15 som
343 1465 25 21 de
385 1465 98 21 enskilda
498 1465 174 26 petitionärerna,
689 1465 36 21 det
740 1471 50 15 vore
805 1466 33 20 att
853 1465 46 21 des-

73 1499 80 15 avuera
168 1493 55 25 dem,
239 1499 34 15 om
288 1493 86 21 ständet
389 1493 48 21 icke
453 1494 68 20 skulle
539 1493 32 21 till
587 1494 123 25 regeringen
726 1493 49 26 ingä
790 1493 48 21 med
849 1499 50 15 ena-

73 1520 72 21 handa
170 1521 97 26 petition.
296 1521 134 27 Regeringen
456 1521 68 21 skulle
550 1521 142 27 naturligtvis,
719 1521 27 21 dä
772 1521 36 21 det
830 1521 69 22 blefve

73 1548 80 22 bekant
177 1551 33 19 att
234 1551 32 19 ett
290 1549 183 27 petitionsförslag
498 1550 7 20 i
529 1556 81 15 samma
624 1551 62 20 ämne
701 1549 126 22 framställts
842 1550 58 20 inom
