1095 1825
456 155 104 31 Register.
835 155 54 21 1201

174 241 50 19 dess
239 240 148 20 betänkanden
403 240 48 20 med
466 240 32 20 till
514 240 48 20 dem
577 240 93 20 hörande
686 240 131 20 skrifvelser:

160 268 47 28 [N:o
225 269 17 27 1]
254 276 48 19 ang.
314 269 133 19 motionsrätt
458 269 31 19 för
499 269 83 20 landets
593 269 91 19 ständer.
708 269 16 19 I.
749 269 118 20 118—119.

160 298 27 26 [»

155 984 27 27 [».

157 1041 26 27 [»

156 1099 28 26 [»

155 1270 27 27 [»

154 1327 27 27 [»

154 1413 27 27 I»

153 1470 27 27 [»

225 298 20 26 2]
277 313 11 8 »
314 299 70 24 porto-
405 298 41 19 och
466 298 165 19 assuransfrihet
655 298 32 19 för
707 298 146 24 magistraters
878 298 41 19 och

258 325 156 20 rådhusrätters
431 326 130 26 brefvexling
576 326 6 19 i
596 326 182 19 embetsärenden.
803 326 15 19 I.
847 326 71 20 218—

260 355 48 19 221.
338 355 16 19 I.
385 354 120 20 276—280.

224 383 20 27 3]
262 390 47 19 ang.
328 383 100 19 havierad
443 383 40 20 och
499 383 67 25 enligt
581 383 214 26 tullförfattningarne
812 383 106 20 förbruten

257 412 63 19 dömd
335 412 116 26 egendoms
466 411 127 26 försäljning
603 418 77 19 genom
689 412 110 19 städernas
809 412 109 20 auktions-

256 441 89 19 kamrar.
375 441 16 18 I.
423 440 119 22 221—224,
559 440 40 20 280
636 441 16 18 I.
683 440 47 20 307.

224 469 21 27 4]
262 475 48 20 ang.
333 475 26 14 en
383 469 89 19 hofrätts
488 469 119 20 inrättande
622 469 6 19 i
644 469 81 26 Kuopio
741 469 53 23 stad,
811 471 56 18 samt
882 475 35 14 om

256 498 91 25 Viborgs
373 497 90 20 hofrätts
493 497 133 26 förflyttning
653 497 33 20 till
711 498 87 25 Kuopio.
829 498 14 19 I.
875 498 42 20 224

256 527 76 22 —225,
349 526 47 19 228.
426 527 16 19 I.
473 526 47 20 280.

224 555 20 26 5]
261 561 47 20 ang.
334 555 147 26 upphäfvande
497 555 22 19 af
533 555 40 19 den
589 555 125 26 skyldighet
729 557 30 17 att
775 554 94 27 undergå
884 555 33 20 lä-

257 584 179 26 karebesigtning,
452 590 46 13 som
513 583 82 27 åligger
611 584 174 26 besättningarna
800 583 12 20 å
829 583 45 20 från
883 586 34 17 ut-

256 613 55 19 rikes
327 615 32 17 ort
374 612 133 20 anländande
521 613 70 19 finska
607 612 167 27 handelsfartyg.
804 614 16 18 I.
846 613 71 20 225—

256 641 48 20 228.
335 642 24 18 IL
393 641 146 20 1168—1170.

224 670 20 26 6]
260 676 48 20 ang.
331 670 137 25 nedsättning
491 670 22 19 af
533 670 87 26 afgiften
636 670 31 20 för
683 670 71 20 Saima
770 670 75 20 kanals
861 672 56 18 samt

256 699 87 19 Konnus
366 698 40 20 och
430 698 86 26 Taipale
535 699 91 19 slussars
642 699 140 25 begagnande
797 700 34 18 vid
847 701 69 17 trans-

256 730 45 23 port
322 728 22 18 af
367 727 80 19 bräder.
478 727 15 19 I.
523 727 121 23 569—572,
667 727 120 20 639—640.
817 728 26 19 II.
875 728 41 20 827

256 756 76 22 —828,
351 756 146 20 1171—1174.

222 784 18 27 7]
257 791 48 20 ang.
329 784 132 20 afskaffande
476 785 23 19 af
513 784 42 20 alla
571 784 135 26 exporttullar
721 786 56 18 samt
792 784 125 27 isynnerhet

256 814 25 19 de
306 813 209 26 skogsprodukterna
541 812 90 26 pälagde
658 814 50 18 tull-
736 812 115 27 sägnings-
875 814 41 19 och

255 842 254 25 universitetsafgifterna.
541 842 14 19 I.
592 842 120 22 572—578,
737 842 121 20 640—641.
888 842 27 20 IL.

256 870 118 23 846—854,
391 870 119 23 855—856,
529 870 145 20 1163—1164.

220 899 20 26 8]
256 906 48 19 ang.
320 899 153 26 lagförklaring
488 899 89 19 rörande
592 899 124 25 inteckning
732 900 22 18 af
768 898 12 20 ä
790 899 126 20 arrenderad

252 928 49 25 jord
316 927 91 26 anlagda
423 927 155 26 priviligierade
593 927 132 20 industriella
740 928 57 19 verk.
827 927 16 20 I.
873 927 42 20 576

256 956 77 23 —577,
350 956 47 19 641.

218 985 20 26 9]
256 991 47 19 ang.
326 985 119 19 inrättande
468 985 23 19 af
511 991 27 13 en
561 985 154 26 inseglingsfyr
734 984 32 20 till
782 985 133 25 Helsingfors

255 1014 58 19 stads
330 1013 64 20 hamn
409 1012 13 21 ä
438 1012 94 21 Grähara
548 1012 47 21 bäk.
621 1013 16 20 I.
665 1013 120 23 577—579,
793 1013 121 20 641—642.

208 1041 32 27 10]
257 1048 35 13 om
315 1042 125 25 landskapet
456 1041 129 20 Satakuntas
601 1042 99 19 bildande
715 1041 32 20 till
763 1042 101 19 särskildt
879 1042 36 20 län

255 1071 47 19 med
317 1071 130 25 Björneborg
462 1071 33 19 till
510 1071 150 19 residensstad.
691 1071 16 18 I.
734 1070 119 23 580-581,
865 1071 48 20 642.

206 1099 33 26 11]
256 1105 34 14 om
311 1099 105 20 särskilde
438 1099 79 20 Finske
540 1099 243 20 handelsombudsmäns
800 1099 114 20 tillförord-

254 1128 69 19 nande
345 1127 13 20 å
380 1128 80 19 utrikes
483 1129 55 18 orter
556 1128 31 19 för
602 1128 124 19 bevakande
740 1129 24 18 af
776 1128 69 19 finska
861 1127 53 21 han-

254 1156 60 20 delns
329 1156 40 20 och
385 1157 114 25 sjöfartens
515 1157 111 19 intressen.
657 1157 16 18 I.
704 1156 119 23 581—583,
839 1155 50 21 642.

202 1185 32 26 12]
252 1191 34 13 om
303 1185 147 26 upphäfvande
461 1185 22 19 af
492 1185 154 20 införseltullen
660 1185 31 20 för
701 1185 213 26 fartygsmaterialier

254 1213 50 21 eller
319 1214 40 20 ock
373 1213 136 27 förlängning
525 1214 22 19 af
561 1214 40 19 den
616 1214 32 19 för
660 1214 48 20 dem
718 1220 28 13 nu
757 1213 99 27 gällande
864 1213 50 21 tull-

254 1242 67 20 frihet.
352 1242 16 20 I.
399 1242 120 24 594—597,
535 1242 119 20 642—645.
685 1243 27 19 II.
744 1242 147 20 1164—1166.

204 1270 32 27 13]
252 1277 34 13 om
302 1272 41 18 rätt
358 1272 31 18 för
405 1271 115 20 ständerna
535 1273 31 17 att
581 1271 85 26 deltaga
681 1272 7 18 i
701 1271 211 26 tullagsstiftningen.

254 1300 16 19 I.
300 1299 120 23 597—599,
436 1300 120 23 645—646,
573 1299 47 20 780.

205 1328 32 26 14]
254 1334 48 20 ang.
321 1328 91 20 revision
428 1329 23 19 af
464 1328 215 26 tullförfattningarne
694 1328 7 19 i
717 1328 57 26 syfte
789 1330 31 18 att
835 1328 78 20 handel

251 1356 41 20 och
314 1357 75 26 sjöfart
409 1357 124 26 derigenom
555 1357 68 19 blefve
639 1356 152 21 underlättade.
822 1357 17 19 TI.
870 1356 41 21 599

253 1385 76 23 —600,
345 1385 48 20 646.
424 1386 26 19 II.
484 1385 146 20 1162—1163.

204 1413 32 27 15]
252 1420 48 20 ang.
323 1414 120 20 inrättande
458 1415 23 18 af
494 1414 144 26 filialsjukhus
656 1414 4 19 i
675 1412 83 22 Torneä
774 1414 40 20 och
829 1414 84 26 Kajana

252 1443 76 19 städer.
359 1442 15 20 I.
405 1442 119 24 600—602,
540 1441 120 24 646—649,
675 1442 27 20 II.
735 1442 146 20 1178—1179.

202 1470 33 27 16]
252 1477 48 20 ang.
315 1470 126 27 läneanslag
456 1472 32 19 för
503 1471 120 20 inrättande
638 1472 23 18 af
676 1477 26 13 en
717 1471 65 19 hamn
797 1471 36 19 vid
848 1470 65 21 Uleä-

252 1500 63 25 borgs
331 1500 54 19 stad.
415 1500 26 19 II.
473 1500 120 21 785—1787,
609 1500 119 19 828—834.

202 1527 34 27 17]
252 1534 48 19 ang.
317 1528 76 25 anslag
405 1528 32 19 till
449 1528 140 19 fortsättande
599 1528 23 19 af
632 1527 122 27 päbegynta
762 1527 150 21 kanalarbeten

251 1556 90 20 emellan
357 1556 107 20 Kallavesi
480 1557 40 19 och
529 1557 114 19 Idensalmi
656 1557 63 25 sjöar.
742 1556 26 21 II.
791 1556 120 21 788—1789.
