1095 1825
320 150 184 21 Borgareståndet.
529 150 56 17 1867.
610 150 22 17 13
645 150 47 21 Maj.
841 146 42 21 809

87 236 54 20 efter
162 236 70 26 gamla
255 235 51 21 slott
325 235 40 21 och
381 235 83 26 borgar,
481 235 80 26 kyrkor
577 235 39 21 och
632 235 66 21 andra
714 236 117 26 märkeliga
846 236 66 27 bygg-

87 264 72 25 nader,
182 264 118 26 ättehögar,
324 263 147 23 stenkummel,
491 266 56 18 samt
563 264 67 25 öfriga
646 264 158 21 minnesvårdar
819 264 23 21 af
855 264 56 22 forn-

87 293 46 20 tida
155 292 69 27 heliga
247 292 55 21 bruk
319 292 51 20 eller
385 292 149 26 märkvärdiga
549 292 109 25 bedrifter,
676 298 17 15 o.
710 298 15 14 s.
742 299 18 14 v.
778 293 134 21 annorlunda

87 322 27 19 än
130 320 53 21 efter
199 320 67 21 skedd
282 320 98 21 anmälan
396 320 38 21 hos
450 320 161 21 vederbörande
621 320 177 27 kronobetjening
809 321 40 22 och
859 328 52 14 vun-

88 351 35 19 net
149 349 94 21 tillstånd
269 349 22 20 af
314 349 69 26 någon
409 349 23 20 af
456 349 124 26 regeringen
603 349 70 20 dertill
689 349 75 21 utsedd
781 350 130 26 myndighet,

84 377 66 27 jemte
166 377 159 27 bestämningar
340 377 33 21 för
389 377 154 21 öfverträdelse
559 377 24 21 af
596 377 62 21 dessa
674 377 86 26 förbud;
777 378 6 20 i
806 385 105 14 samman-

87 407 56 25 hang
166 406 99 21 hvarmed
293 406 65 21 borde
378 405 93 22 utfästas
496 406 69 26 skälig
587 406 118 26 ersättning
726 406 23 21 af
770 406 82 21 kronan
878 407 33 21 för

87 435 39 20 den
153 435 76 20 förlust
260 435 51 20 eller
337 434 113 27 olägenhet
471 434 114 27 jordägare
611 434 35 21 vid
671 435 120 20 tillämnadt
817 435 92 26 odlings-

87 463 51 21 eller
154 463 191 28 byggnadsföretag
361 463 42 20 kan
419 463 43 21 lida
477 463 121 26 derigenom
614 465 32 18 att
661 463 141 26 borttagande
813 463 22 22 af
845 463 66 28 något

86 491 27 27 på
129 492 53 21 hans
198 492 60 21 mark
273 491 118 26 befinteligt
407 491 157 21 minnesmärke
580 491 68 21 blefve
664 491 77 21 honom
757 492 114 27 förbjudet.

154 543 50 27 2:0).
235 543 86 21 Förbud
337 545 64 23 emot,
416 543 65 26 jemte
497 542 250 21 ansvarsbestämmelser
762 543 31 21 för
803 543 106 27 försking-

86 571 46 26 ring
153 572 51 21 eller
226 571 114 26 förstöring
363 571 23 20 af
408 571 26 21 de
457 571 6 20 i
479 571 78 27 kyrkor
573 571 52 21 eller
640 571 66 20 andra
722 572 107 20 allmänna
845 572 63 27 bygg-

85 600 66 21 nader
166 600 110 21 förvarade
293 600 171 21 minnesmärken
480 600 47 21 från
543 600 59 20 äldre
618 600 55 20 tider
688 599 69 22 såsom
772 600 87 27 grafvar
869 601 40 21 och

84 629 92 26 grafkor,
201 628 101 27 epitafier,
325 628 119 28 målningar
467 628 40 22 och
529 628 116 25 inskrifter,
662 628 66 21 bilder
744 629 39 21 och
799 629 108 26 klenoder,

85 658 96 24 skrudar,
205 658 95 25 kiockor,
321 664 74 20 vapen,
415 657 129 27 rustningar,
567 657 67 26 fanor,
650 657 78 21 böcker
744 664 26 14 m.
787 664 34 20 m.,
837 657 71 22 äfven-

85 692 45 15 som
156 686 23 20 af
202 686 25 21 de
243 686 6 20 i
264 686 80 26 kyrkor
360 686 39 20 och
416 686 67 20 andra
498 686 106 20 allmänna
621 686 83 21 arkiver
719 686 108 26 befintliga
843 687 65 21 docu-

83 716 83 19 menter
182 714 39 21 och
237 714 136 26 handlingar;
390 714 59 21 öfver
459 714 81 21 hvilket
555 714 38 21 allt
609 714 157 21 vederbörande
782 715 77 26 kyrko-
868 715 40 21 och

85 744 67 20 andra
167 743 147 21 föreståndare
330 743 65 21 borde
413 742 86 27 åläggas
515 745 32 18 att
563 744 100 25 upprätta
679 749 122 21 noggranna
815 743 93 21 förteck-

84 772 83 26 ningar;
181 774 55 18 samt

153 823 46 25 3:0).
231 822 121 27 Stadgande
377 823 91 20 rörande
484 822 121 27 skyldighet
621 824 32 19 att
668 822 22 21 åt
705 822 82 21 kronan
803 822 32 21 till
853 823 54 21 inlö-

83 857 37 15 sen
136 851 114 26 hembjuda
264 851 50 27 fynd
330 850 23 21 af
366 851 118 26 fornsaker,
501 857 48 15 vare
566 851 31 26 sig
607 850 23 21 af
640 851 49 20 ädla
698 851 50 21 eller
759 851 62 21 oädla
832 852 74 20 metal-

82 880 38 25 ler,
137 881 53 23 sten,
206 880 48 23 ben,
269 880 51 26 glas,
337 881 34 19 trä
387 880 53 20 eller
454 881 66 19 annat
535 882 61 18 ämne
610 880 66 26 jemte
692 886 76 14 ansvar
783 880 32 20 för
826 880 81 20 undan-

83 908 99 26 döljande
204 908 39 21 och
267 908 162 26 förskingrande
451 908 22 20 af
497 908 68 26 dylikt
581 908 57 26 fynd,
655 908 107 21 äfvensom
778 908 32 20 för
826 908 81 27 olofligt

82 936 65 27 inköp
163 936 65 21 deraf.

151 987 119 22 Ständerna
290 989 43 20 inse
357 987 33 21 väl
413 990 33 19 att
461 988 36 21 det
512 987 96 27 äsyftade
624 987 121 21 ändamälet
761 987 18 26 ej
795 989 51 19 utan
863 988 43 21 alla

81 1015 87 28 utgifter
191 1017 6 20 i
219 1016 160 27 fullständigare
402 1016 48 21 män
473 1017 42 20 kan
538 1017 80 24 vinnas,
643 1022 47 15 men
706 1016 49 26 vilja
770 1016 19 26 ej
805 1022 36 15 ens
858 1017 47 20 med

81 1044 68 27 någon
177 1045 99 20 anhållan
299 1051 33 14 om
355 1045 74 26 anslag
451 1045 70 20 dertill
536 1044 27 27 gå
579 1045 67 20 Eders
662 1044 118 27 Kejserliga
795 1045 110 26 Majestäts

80 1073 84 26 Nådiga
188 1073 143 27 bepröfvande
353 1073 7 21 i
381 1073 81 27 förväg,
485 1075 51 19 utan
559 1073 22 21 få
604 1073 75 21 endast
694 1074 6 20 i
716 1073 97 26 djupaste
829 1073 77 20 under-

80 1101 101 27 dånighet
201 1101 85 21 anhålla
310 1102 35 21 det
367 1102 68 21 Eders
458 1101 119 27 Kejserliga
600 1101 106 27 Majestät,
729 1101 93 21 förutom
838 1102 67 21 utfär-

80 1130 78 21 dandet
174 1130 22 21 af
209 1130 62 21 ofvan
288 1130 120 27 åberopade
424 1130 133 27 författning,
577 1130 3 21 i
595 1130 73 21 Nåder
681 1130 48 21 ville
744 1129 106 22 anbefalla
861 1130 44 21 vid-

80 1159 102 26 tagandet
197 1159 23 20 af
234 1159 26 21 de
276 1159 105 26 åtgärder,
398 1159 72 20 hvilka
485 1158 34 21 för
534 1159 135 26 skyddandet
684 1159 39 20 och
739 1158 130 21 bevarandet
884 1159 23 20 af

79 1187 83 20 landets
188 1187 132 21 fornminnen
345 1187 73 21 kunna
441 1193 60 15 anses
517 1187 107 26 behöfliga
640 1187 40 21 och
696 1187 37 21 der
748 1187 82 20 landets
846 1189 59 18 stän-

79 1215 48 21 ders
150 1216 129 21 medverkan
303 1217 7 20 i
333 1218 31 19 ett
387 1216 53 21 eller
455 1217 65 20 annat
535 1215 101 22 afseende
652 1215 34 21 för
701 1215 120 21 ändamålet
837 1215 67 21 finnes

78 1244 71 27 nödig,
165 1244 33 21 till
214 1245 62 21 dessa
292 1245 6 20 i
313 1246 72 20 ämnet
401 1244 65 22 aflåta
481 1244 64 26 nådig
559 1244 139 27 proposition.

146 1295 101 21 Finlands
273 1295 91 21 Ständer
387 1295 124 21 framhärda
533 1296 48 20 med
598 1296 50 26 djup
664 1295 129 26 undersätlig
809 1296 94 20 vördnad

77 1324 40 20 och
133 1324 77 20 trohet.

282 1370 69 20 Eders
367 1369 119 27 Kejserliga
501 1369 112 27 Majestäts
628 1369 165 27 underdånigste
810 1369 39 21 och
861 1371 43 19 tro-

350 1398 109 27 pligtigste
475 1398 81 26 tjenare
573 1398 39 21 och
628 1397 132 21 undersåter.

144 1443 30 21 På
188 1443 168 27 Ridderskapets
372 1444 39 20 och
427 1444 80 21 Adelns
617 1443 31 21 På
663 1443 171 21 Prestaståndets

269 1474 89 24 vägnar:
675 1474 89 24 vägnar:

143 1516 31 21 På
189 1517 191 26 Borgareståndets
616 1517 30 21 På
662 1517 171 21 Bondeståndets

212 1547 91 25 vägnar:
679 1547 89 25 vägnar:
