1095 1825
208 128 42 20 862
409 133 182 21 Borgareståndet.
617 134 53 17 1867.
694 134 22 16 15
728 134 47 20 Maj.

249 218 108 22 Häröfver
384 218 104 27 begärdes
513 218 40 22 och
579 218 116 22 anställdes
719 218 103 26 votering,
843 218 85 22 hvilken
943 218 62 22 utföll

179 248 49 21 med
244 248 13 20 3
270 248 24 26 ja
309 249 45 19 mot
370 248 27 20 23
413 247 40 27 nej.

250 304 49 26 2:0).
330 299 84 26 Önskar
437 303 90 26 ståndet,
546 304 6 20 i
573 303 93 26 enlighet
680 303 49 21 med
745 303 54 21 Herr
814 303 91 22 Prosten
921 303 85 22 Borenii

181 332 133 21 reservation
334 332 163 27 uttryckeligen,
521 332 117 21 bestämma
660 332 105 27 beloppet,
788 331 87 22 hvartill
898 332 108 21 lärarenes

180 361 62 21 löner
257 361 67 20 borde
339 360 109 27 förhöjas?

251 417 133 22 Besvarades
400 417 48 21 med
464 417 153 26 öfvervägande
633 417 40 26 nej.

251 474 51 26 3:0).
333 473 68 21 Gillar
418 473 83 21 ståndet
517 473 116 21 utskottets
649 479 75 15 senare
735 473 112 21 alternativ
857 474 7 20 i
876 473 69 27 öfrigt,
954 474 51 21 eller

182 502 70 21 såvidt
275 502 122 26 derigenom
416 502 120 26 föreslagits
552 504 32 19 att
599 501 159 27 skolafgifterne
774 502 66 21 borde
857 502 33 21 till
906 502 100 27 beloppet

181 531 65 21 förbli
272 531 149 24 oförändrade,
447 530 107 21 äfvensom
580 532 33 19 att
638 530 112 21 ständerne
770 530 66 21 måtte
851 531 99 26 uttrycka
965 531 40 20 den

181 559 148 26 underdåniga
349 559 88 25 önskan,
460 561 32 18 att
515 559 59 20 Hans
590 559 118 26 Kejserliga
723 558 100 27 Majestät
837 559 6 20 i
859 558 66 21 nåder
940 559 62 20 beha-

180 588 55 27 gade
259 588 34 20 vid
317 587 190 21 nästinstundande
530 587 102 27 landtdag
653 587 70 21 lemna
745 587 114 21 ständerna
875 587 81 21 tillfälle
973 589 32 18 att

180 618 60 25 yttra
265 616 32 26 sig
319 622 34 15 om
377 616 39 20 och
439 616 6 20 i
468 616 55 20 hvad
546 622 49 14 mon
619 616 25 20 de
663 622 50 14 vore
729 616 94 26 benägne
840 618 31 18 att
887 616 77 26 bevilja
979 616 26 21 de

181 645 83 25 anslag,
287 650 45 15 som
357 644 34 20 för
414 644 207 26 reorganisationens
642 644 138 26 fullständiga
797 644 165 26 genomförande
978 646 26 18 än

180 673 73 21 kunna
268 671 122 23 erfordras?

250 730 53 20 eller
330 730 79 20 önskar
424 729 85 21 ståndet
524 730 47 20 med
587 729 155 26 godkännande
758 729 23 21 af
793 729 118 21 utskottets
926 729 78 26 förslag

180 757 113 28 angående
318 758 142 26 nyssnämnda
475 757 146 27 underdåniga
636 757 88 26 önskan,
740 758 110 20 hvaremot
865 758 140 26 anmärkning

180 788 8 20 i
204 786 86 22 ståndet
306 786 46 21 icke
368 786 111 26 försports,
495 786 86 26 vidtaga
596 786 40 21 den
652 786 88 26 ändring
752 786 6 20 i
770 786 98 21 afseende
881 786 12 20 å
905 786 100 26 beloppet

181 815 23 21 af
218 817 56 19 samt
288 816 120 25 grunderne
423 814 33 21 för
471 814 147 26 skolafgiftens
634 814 118 26 utgörande
767 814 55 21 Herr
835 814 89 21 Prosten
940 814 64 21 Bore-

184 843 47 21 nius
247 844 6 20 i
270 843 47 21 dess
332 843 131 21 reservation
479 842 111 22 förordat?

250 900 46 20 Den
312 906 45 14 som
373 901 70 19 röstar
458 900 33 20 för
506 900 36 20 det
557 900 64 24 förra,
638 905 74 14 svarar
725 899 29 26 ja,
771 899 39 20 den
827 905 45 14 som
888 901 70 18 röstar
970 899 33 20 för

182 928 36 21 det
234 934 81 20 senare,
331 934 74 15 svarar
420 928 40 26 nej.

249 985 164 26 Propositionen
441 984 128 21 besvarades
593 985 34 20 vid
652 984 68 21 skedd
745 984 97 27 votering
868 984 47 21 med
942 985 26 20 10
981 984 23 27 ja

180 1013 39 22 och
237 1014 26 20 15
280 1013 39 26 nej.

248 1070 11 21 I
274 1069 53 27 följd
343 1069 22 21 af
379 1070 194 26 omröstningarnes
588 1069 80 27 utgång
682 1069 55 22 hade
753 1069 84 22 ståndet
853 1071 85 19 stannat
952 1069 6 21 i
968 1069 36 22 det

181 1098 71 21 beslut
275 1100 38 24 att,
337 1098 84 27 jemlikt
443 1098 116 21 utskottets
582 1104 74 15 senare
676 1098 119 25 alternativ,
818 1098 83 21 landets
917 1097 87 22 ständer

182 1126 74 27 skulle,
280 1127 67 20 under
370 1127 134 20 erkännande
523 1126 22 21 af
559 1127 185 26 nödvändigheten
758 1126 23 21 af
795 1127 209 20 elementarlärover-

181 1155 49 21 kets
246 1155 130 26 ombildning
391 1155 6 21 i
414 1155 36 20 det
464 1155 53 26 syfte
533 1156 32 19 att
580 1155 84 20 landets
674 1155 94 26 verkliga
779 1154 65 21 behof
851 1155 22 20 af
879 1155 124 20 elementar-

181 1183 151 27 undervisning
347 1183 185 25 tillfredsställdes,
549 1185 51 19 utan
616 1185 32 19 att
664 1183 51 21 derå
730 1184 51 20 eller
796 1183 12 21 å
824 1183 40 21 den
884 1183 120 26 föreslagna

182 1212 164 26 skolstyrelsens
362 1211 143 27 organisation
521 1212 109 26 uppoffras
646 1213 69 20 större
730 1212 116 21 kostnader
862 1213 26 19 än
899 1212 32 21 för
940 1212 64 21 ända-

182 1240 82 22 målens
289 1240 104 21 vinnande
417 1242 37 19 äro
476 1240 161 27 oundgängliga,
660 1241 23 21 af
704 1241 26 20 de
750 1241 30 20 till
797 1240 207 21 folkskoleväsendet

181 1269 105 26 anslagna
302 1269 153 26 odisponerade
471 1269 68 20 medel
559 1269 63 21 ställa
637 1269 32 21 till
685 1269 59 21 Hans
760 1268 118 27 Kejserliga
893 1268 111 27 Majestäts

181 1297 124 26 förfogande
321 1297 79 26 årligen
416 1297 177 21 etthundratusen
609 1298 67 25 mark,
692 1297 32 21 för
738 1299 33 19 att
786 1298 7 20 i
808 1297 97 26 förening
920 1298 46 20 med
978 1297 26 21 de

181 1325 33 21 för
236 1326 123 21 skolverket
378 1325 105 27 utgående
504 1326 73 26 anslag
593 1326 39 20 och
648 1325 114 27 inflytande
778 1325 132 27 skolafgifter
925 1327 79 19 använ-

180 1354 40 21 das
236 1354 32 20 till
284 1354 248 21 elementarläroverkets
547 1354 182 26 ändamålsenliga
744 1354 153 26 förbättrande,
909 1354 39 21 och
957 1354 47 21 der-

181 1383 35 21 vid
236 1382 148 26 förnämligast
399 1382 33 20 till
447 1382 170 27 löneförhöjning
633 1382 22 22 åt
670 1383 26 21 de
712 1383 58 26 lägre
785 1382 97 22 lärarene
897 1382 36 21 vid
948 1382 56 21 skol-

181 1410 81 26 verket,
286 1411 107 21 äfvensom
416 1413 32 18 att
469 1411 58 20 Hans
543 1411 118 26 Kejserliga
676 1411 100 27 Majestät
790 1411 7 21 i
812 1411 67 21 nåder
894 1410 110 26 behagade

180 1439 36 21 vid
239 1439 191 21 nästinstundande
453 1439 102 26 landtdag
577 1440 70 20 lemna
670 1440 113 20 ständerne
801 1439 84 21 tillfälle
900 1440 33 20 att
947 1441 57 24 yttra

180 1468 34 26 sig
236 1468 6 20 i
266 1467 55 21 hvad
343 1474 49 14 mon
412 1468 25 20 de
456 1473 49 15 vore
521 1468 98 26 benägna
633 1469 33 19 att
681 1468 78 26 bevilja
774 1468 25 20 de
815 1468 79 26 anslag,
911 1473 45 15 som
972 1468 32 20 för

181 1496 208 25 reorganisationens
411 1495 137 27 fullständiga
570 1496 164 26 genomförande
757 1498 26 18 än
799 1496 72 21 kunna
886 1495 117 26 erfordras;

180 1523 119 27 hvarjemte
321 1523 185 27 Borgareståndet,
528 1524 131 21 beträffande
682 1524 164 27 skolafgifterne,
870 1525 104 20 instämde
997 1525 6 20 i
