1095 1825
302 149 185 21 Borgareständet.
512 150 55 16 1867.
592 149 25 17 27
630 149 48 21 Maj.
825 145 54 21 1085

149 234 44 22 Och
216 234 136 22 alldenstund
374 234 92 22 berörda
488 234 140 27 proposition,
650 234 59 21 hvari
732 234 61 21 äfven
809 234 48 27 ingå
872 235 36 21 be-

80 264 130 26 stämningar
222 270 34 14 om
268 264 40 20 den
318 264 7 20 i
337 263 204 26 petitionsförslaget
552 262 127 21 omnämnda
689 262 137 26 rättigheten,
843 263 65 21 redan

80 292 69 21 blifvit
169 292 106 25 handlagd
298 291 39 21 och
360 292 7 19 i
385 291 118 26 väsentliga
519 291 58 20 delar
593 292 97 25 antagen,
706 291 75 26 ansågs
797 292 110 25 petitions-

80 320 100 27 förslaget
190 320 46 21 icke
250 319 110 22 föranleda
375 320 33 21 till
424 320 69 26 någon
509 319 72 21 vidare
597 319 82 26 åtgärd,
695 321 51 19 utan
762 319 85 22 komme
863 320 43 21 det-

80 355 80 15 samma
174 351 32 18 att
221 348 90 21 förfalla.

148 405 40 21 Till
196 405 105 26 justering
311 405 109 26 upplästes
431 405 77 26 utdrag
518 411 25 14 ur
556 404 95 21 ståndets
666 404 68 21 under
749 404 157 27 förmiddagens

80 434 155 20 sammanträde
248 433 62 21 förda
324 433 115 26 protokoll,
455 432 146 21 innefattande
617 433 95 20 ståndets
728 433 69 21 beslut
812 433 7 20 i
835 433 72 21 anled-

79 462 50 26 ning
151 462 22 21 af
196 462 76 27 nådiga
296 461 162 27 propositionen
484 461 109 27 angående
617 461 101 26 utvidgad
743 461 98 22 handels-
867 461 39 22 och

80 490 155 27 näringsfrihet.

148 547 77 21 Vidare
236 547 109 26 föredrogs
355 548 32 19 ett
404 546 47 21 från
467 546 159 21 Bondeståndet
642 546 121 21 ankommet
778 546 127 27 protokolls-

79 576 77 26 utdrag
179 576 33 21 för
233 576 40 21 den
292 576 27 20 24
334 575 7 20 i
357 575 69 21 denna
441 575 85 25 månad,
542 575 146 20 innefattande
703 575 95 21 ståndets
814 575 69 21 beslut
898 575 7 20 i

79 604 74 27 frågan
163 610 34 15 om
208 604 89 26 ändring
312 603 22 21 af
350 605 8 19 1
377 603 39 21 och
432 604 12 20 2
461 603 24 27 $$
501 604 12 20 2
529 603 48 27 kap.
593 603 26 21 U.
634 603 24 21 B.
675 606 54 18 samt
745 610 34 15 om
794 603 111 27 gäldenärs

79 633 119 26 skyldighet
221 634 31 20 att
274 632 36 21 vid
331 632 110 21 bristande
464 632 208 26 betalningstillsäng
687 632 78 26 aftjena
780 632 61 22 skuld
857 633 48 20 med

80 661 72 21 arbete
175 661 51 21 eller
246 661 83 21 derföre
343 660 97 27 undergå
454 661 129 26 bysättning,
600 660 68 21 såsom
685 660 39 21 ock
739 661 108 26 angående
862 661 43 21 för-

80 690 88 26 säljning
180 690 22 21 af
212 690 41 20 fast
264 690 101 26 egendom
377 689 13 21 å
401 689 79 26 landet,
497 695 44 15 som
558 688 68 22 blifvit
641 688 33 21 för
689 689 48 27 gäld
753 690 6 20 i
775 692 44 18 mät
834 692 69 24 tagen,

79 718 81 22 hvilket
174 718 196 27 protokollsutdrag
385 718 47 21 icke
447 718 124 21 föranledde
586 717 32 21 till
634 717 71 22 vidare
720 718 80 26 åtgärd.

149 849 170 21 Sammanträdet
333 849 111 27 upphörde
460 849 27 21 kl.
504 848 50 28 8!/,
570 855 17 15 e.
603 855 27 14 m.

673 905 20 16 In
706 904 61 17 fidem:

611 939 75 21 Sixtus
703 939 132 21 Calamnius.

306 1137 164 34 Måndagen
489 1138 57 27 den
565 1138 33 27 27
617 1137 57 34 Maj

79 1200 28 21 kl.
131 1200 27 26 1/,
180 1201 26 20 12
230 1200 14 21 f.
270 1207 26 15 m.
313 1201 173 21 sammanträdde
502 1201 180 27 Borgareständet
697 1201 33 21 till
744 1201 96 26 plenum;
856 1202 49 20 när-

78 1229 93 21 varande
182 1229 73 21 dervid
266 1230 95 20 ständets
372 1230 99 26 samtlige
482 1230 144 26 medlemmar,
637 1231 60 19 utom
709 1229 74 21 herrar
798 1229 107 21 Snellman

79 1257 39 21 och
141 1257 116 26 Wendelin,
281 1258 71 21 hvilka
374 1258 105 21 hvardera
503 1258 81 26 ätnjöto
609 1258 47 21 dem
678 1258 22 21 af
713 1258 84 20 ständet
812 1257 92 27 beviljad

78 1285 100 27 ledighet,
201 1286 49 21 herr
272 1286 69 26 Utter,
364 1292 45 15 som
429 1286 66 27 enligt
509 1286 58 22 förut
582 1286 62 22 skedt
658 1286 139 21 meddelande
812 1285 23 21 af
847 1286 58 26 sjuk-

79 1314 48 21 dom
150 1314 114 22 bindrades
287 1316 32 20 att
340 1315 32 27 sig
387 1314 86 26 infinna,
489 1315 50 21 herr
555 1315 131 24 Granström,
702 1314 84 22 hvilken
802 1314 103 21 anmältes

77 1348 52 15 vara
151 1342 23 22 af
194 1343 96 21 enskilda
311 1344 178 26 angelägenheter
511 1343 33 21 för
566 1350 26 14 en
615 1344 63 20 stund
700 1343 90 21 hindrad
806 1344 32 20 att
852 1349 53 20 upp-

77 1371 91 25 komma,
185 1371 39 22 och
240 1372 48 21 herr
303 1372 121 26 Lindblom,
440 1378 45 15 som
501 1374 52 19 utan
568 1372 67 21 kändt
650 1372 70 21 förfall
735 1371 86 22 uteblef.

146 1428 41 20 Till
202 1428 105 27 justering
325 1428 110 27 upplästes
450 1428 77 27 utdrag
543 1434 25 15 ur
583 1428 95 22 ständets
694 1428 106 27 protokoll
816 1427 33 21 för
865 1428 40 20 den

77 1457 28 20 25
127 1456 7 21 i
156 1456 68 22 denne
246 1457 77 21 månad
343 1457 110 26 angående
483 1457 96 21 ständets
594 1457 70 21 beslut
679 1457 7 21 i
701 1456 92 27 följande
809 1456 95 24 ärender,

76 1484 117 27 nemligen:
225 1486 32 20 1:0
279 1485 7 21 i
309 1485 114 27 anledning
443 1485 23 21 af
478 1485 78 27 nådiga
571 1485 159 27 propositionen
746 1492 33 14 om
795 1484 110 27 byggande

77 1512 23 21 af
121 1519 25 14 en
165 1513 89 26 jernväg
275 1513 47 21 från
345 1514 116 20 Riihimäki
482 1514 79 21 station
585 1514 12 21 &
613 1514 131 26 Helsingfors
760 1512 145 22 —Tavastehus

76 1540 71 21 banan
169 1541 59 22 öfver
250 1541 75 22 Lahtis
348 1542 39 21 och
403 1542 81 27 Viborg
499 1542 33 21 till
548 1542 31 21 St.
596 1542 138 27 Petersburg;
766 1543 33 20 2:0
814 1541 91 21 rörande
