1095 1825
306 156 183 22 Borgareståndet.
515 156 56 17 1867.
595 156 26 17 27
632 156 48 21 Maj.
813 152 56 20 1103

71 242 47 20 Den
133 241 41 21 blir
188 243 27 19 än
231 247 58 15 mera
304 241 132 21 tillbakasatt
451 247 41 17 om,
509 241 70 21 såsom
595 240 233 27 petitionsmemorialet
843 242 55 21 före-

71 270 49 26 slår,
143 270 25 20 de
186 270 158 26 ifrågavarande
359 269 223 27 specialdomstolarne
598 268 68 22 skulle
681 269 85 21 komma
782 270 75 20 endast
872 276 26 15 en

71 298 34 21 del
120 298 72 21 städer
206 298 32 20 till
254 298 54 26 godo
325 297 38 21 och
379 298 82 20 således
477 297 61 21 äfven
554 297 101 21 städerna
670 297 90 21 emellan
776 303 25 16 en
817 298 82 21 olikhet

70 326 128 21 härutinnan
220 326 84 21 komme
326 328 32 18 att
379 325 84 22 införas.
493 325 112 22 Utskottet
625 325 67 21 finner
706 325 31 26 sig
754 325 81 23 derföre
851 326 46 21 icke

71 360 38 20 ega
132 354 45 21 skäl
200 356 31 19 att
252 354 103 27 tillstyrka
370 353 58 22 bifall
444 353 31 22 till
491 353 139 22 förevarande
645 353 184 28 petitionsförslag,
845 357 52 18 utan

71 382 123 21 hemställer
208 382 107 21 vördsamt
330 384 32 19 att
375 383 117 20 detsamma
507 381 55 28 finge
578 381 90 22 förfalla.

139 438 132 27 Helsingfors
287 439 39 21 den
343 440 11 19 7
370 439 42 26 Maj
431 439 60 21 1867.

382 495 22 21 C.
420 496 28 20 A.
467 491 118 32 Öhrnberg.

138 552 72 21 Jakob
226 552 86 21 Krank.
581 552 61 21 Gust.
659 553 26 20 A.
703 553 124 20 Lindblom.

139 599 25 20 A.
181 598 23 21 J.
220 598 121 21 Mustonen.
579 598 27 21 P.
626 593 96 33 Östring.

600 672 75 20 Sixtus
692 672 135 21 Calamnius.

139 745 147 21 Betänkandet
309 746 44 21 blef
373 747 27 26 pä
423 746 55 22 Herr
500 746 126 21 Talmannes
642 746 130 26 proposition
787 746 31 20 till
834 748 63 19 nästa

69 774 86 26 plenum
171 774 119 26 bordlagdt.

434 865 41 21 N:o
491 867 36 19 22.

343 921 192 27 Borgareständets
554 921 96 22 enskilda
666 921 179 22 besvärsutskotts
861 921 34 21 be-

274 950 106 21 tänkande
406 950 6 21 i
436 950 114 27 anledning
576 949 22 22 af
622 950 116 26 föreslagen
764 949 131 26 underdänig

274 978 88 26 petition
378 985 33 14 om
427 979 105 20 särskilda
548 979 114 26 ändringar
677 978 6 21 i
698 985 28 14 nu
741 977 98 27 gällande
853 977 42 22 för-

274 1006 90 27 fattning
381 1013 34 15 om
430 1007 181 27 skeppsmätning.

136 1062 32 21 De
188 1061 163 28 bestämningar,
367 1069 46 15 som
428 1063 119 22 innehällas
563 1064 6 20 i
585 1064 12 20 4
614 1063 39 22 och
669 1065 12 19 7
698 1063 26 27 $$
739 1063 6 20 i
761 1063 76 26 nådiga
852 1063 42 21 för-

68 1091 115 26 ordningen
206 1097 34 14 om
256 1091 172 27 skeppsmätning
442 1091 22 22 af
479 1092 40 21 den
535 1092 26 21 25
578 1091 43 22 Juli
638 1092 60 26 1866,
713 1091 62 21 hafva
790 1091 104 21 föranledt

67 1119 169 21 framställandet
258 1119 22 21 af
295 1122 30 19 ett
341 1120 179 26 petitionsförslag
536 1121 5 20 i
558 1120 185 27 Borgareständet,
760 1119 83 21 hvaruti
858 1119 37 21 be-

67 1147 103 21 träffande
185 1147 144 22 förstberörda
344 1149 13 25 $
373 1148 140 25 omförmäles,
530 1151 32 18 att
577 1148 202 27 fartygsbyggnader
794 1148 6 20 i
811 1148 84 21 landets

67 1175 96 27 nordliga
184 1176 94 24 hamnar,
302 1177 37 20 der
361 1177 107 21 desamma
489 1177 6 20 i
514 1177 51 26 följd
581 1177 22 21 af
617 1177 144 20 vinterkölden
777 1176 54 21 först
845 1176 50 27 inpä

67 1205 64 21 vären
153 1204 71 21 kunna
247 1205 104 26 päbörjas,
374 1205 96 27 vanligen
494 1205 46 21 icke
561 1205 64 21 hinna
640 1205 90 27 tidigare
745 1204 106 26 slutföras,
867 1207 27 18 än

66 1236 32 18 att
119 1233 96 26 fartygen
230 1232 52 22 först
298 1234 33 20 vid
348 1234 84 21 höstens
448 1234 78 26 ingäng
542 1234 71 21 kunna
628 1234 50 26 löpa
693 1234 21 20 af
728 1233 87 27 stapeln,
832 1233 61 21 hvar-

66 1262 45 20 före
134 1261 40 25 det,
197 1260 32 22 för
252 1264 31 18 att
306 1262 94 27 fartygen
419 1262 60 21 skola
495 1262 72 21 kunna
582 1264 72 20 utresa
669 1263 63 20 innan
749 1262 38 20 den
805 1262 12 20 å
833 1262 61 20 dessa

67 1292 58 19 orter
147 1289 65 26 tidiga
233 1290 149 27 isläggningen,
405 1293 24 18 är
445 1290 130 27 nödvändigt
588 1293 32 19 att
635 1290 106 27 fartygens
757 1289 138 27 upptackling

66 1318 39 21 och
127 1318 92 26 lastning
242 1318 107 27 samtidigt
373 1319 38 21 och
435 1319 5 20 i
462 1319 126 27 jemnbredd
611 1319 49 21 med
682 1318 118 21 hvarandra
818 1317 75 27 fortgå.

65 1347 102 21 Deremot
182 1346 116 26 uppställer
313 1347 63 21 likväl
397 1348 5 24 $
418 1348 13 20 4
446 1347 6 21 i
469 1348 121 26 äberopade
606 1347 123 26 författning
744 1346 81 26 hinder,
841 1346 5 20 i
858 1346 37 21 det

65 1377 33 19 att
121 1374 37 21 der
180 1374 133 22 föreskrifves
337 1378 31 18 att
387 1376 91 26 fartyget
493 1376 35 20 vid
545 1376 46 21 dess
607 1376 96 26 mätning
718 1374 54 22 skall
787 1380 50 16 vara
852 1374 41 21 för-

65 1404 47 20 sedt
131 1402 47 22 med
201 1402 42 22 alla
259 1404 47 20 dess
322 1404 106 25 tillbehör,
445 1404 112 21 deribland
570 1404 78 26 jemväl
664 1404 101 21 rundhult
781 1403 38 21 och
836 1403 58 21 tack-

64 1431 55 27 lage,
135 1437 47 15 men
199 1431 95 22 deremot
309 1432 45 21 icke
369 1432 33 21 fär
418 1432 113 22 innehafva
542 1432 41 21 last
594 1432 52 21 eller
655 1432 84 21 ballast.
762 1432 43 21 Och
819 1431 75 21 ehuru-

65 1460 33 20 väl
121 1460 7 20 i
151 1460 66 20 andra
240 1466 62 15 mom.
318 1460 23 22 af
355 1467 81 15 samma
451 1462 11 25 $
478 1461 87 27 stadgas
580 1463 38 23 att,
634 1467 33 15 om
684 1462 67 25 någon
768 1460 33 21 del
817 1459 22 22 af
852 1459 41 21 far-

65 1490 69 25 tygets
156 1487 100 22 tillbehör
276 1489 82 26 saknas,
375 1489 149 21 motsvarande
540 1489 74 26 afdrag
630 1489 45 21 från
691 1488 102 28 fartygets
809 1488 85 21 lästetal

65 1516 54 21 skall
132 1516 37 21 ske
185 1516 33 20 till
231 1516 41 21 viss
287 1519 88 24 procent
391 1518 22 20 af
427 1518 125 25 detsamma,
568 1518 23 20 sä
607 1523 61 20 synes
680 1517 53 21 dock
743 1516 151 26 författningen

64 1544 73 21 fordra
160 1545 32 20 att
207 1545 102 22 rundhult
324 1545 39 22 och
379 1545 98 28 tacklage
493 1545 139 27 ovilkorligen
647 1545 35 22 vid
698 1545 120 26 mätningen
834 1544 60 21 skola
