1095 1825
308 155 186 21 Borgareständet.
519 155 53 16 1867.
598 156 23 16 10
634 154 50 22 Maj.
839 150 41 21 797

83 241 145 27 föreställning
253 241 37 21 der
314 241 39 21 har
378 241 56 26 gjort
460 240 31 27 sig
510 240 104 27 gällande,
631 241 23 20 sä
670 240 111 26 angeläget
795 246 62 21 synes
874 241 35 21 det

84 270 39 22 ock
138 276 51 15 vara
204 272 32 18 att
252 270 46 21 dess
313 269 138 27 grundlöshet
466 268 148 27 ädagalägges.
636 268 122 27 Kraftigare
769 269 70 21 kunde
850 269 59 21 detta

83 298 46 21 icke
153 298 44 24 ske,
223 300 25 19 än
274 304 75 20 genom
374 298 123 20 utförandet
522 297 22 21 af
558 300 31 18 ett
604 297 88 26 företag,
708 303 45 14 som
770 298 27 25 pä
812 303 26 15 en
853 298 56 26 gäng

83 327 68 20 skulle
178 326 136 27 underhjelpa
341 325 210 22 kommunikationen
577 325 39 21 och
642 325 99 21 förskaffa
756 325 73 22 arbete
845 326 22 21 ät
883 326 26 21 de

84 355 133 21 nödlidande.
248 354 109 21 Utskottet
372 354 39 21 har
427 354 82 21 derföre
525 354 46 21 icke
586 354 73 21 tvekat
674 355 32 20 att
729 353 106 28 tillstyrka
851 354 58 21 bifall

83 383 32 21 till
130 383 200 27 petitionsförslaget
345 383 128 20 ätminstone
489 383 6 20 i
510 382 55 21 hvad
581 382 36 21 det
632 382 55 21 afser
699 382 99 26 rensning
806 382 22 21 af
834 383 74 26 Lappo

84 411 27 22 elf
136 412 32 20 för
192 411 202 26 tillvägabringande
420 411 21 21 af
459 411 72 21 bätled
547 411 46 20 från
610 411 73 26 Lappo
698 411 68 26 kyrka
780 411 33 21 till
829 410 78 22 elfvens

83 440 73 27 utlopp
182 440 39 21 och
245 439 80 22 hvilket
340 439 73 22 arbete
428 439 69 21 skulle
512 439 71 21 kunna
598 439 80 21 utföras
694 439 32 21 för
742 445 25 15 en
781 439 92 21 kostnad
889 439 22 21 af

84 469 90 24 122,416
198 469 66 20 mark.
295 468 71 26 Enligt
389 468 117 21 utskottets
521 468 56 26 äsigt
592 467 67 22 skulle
676 467 121 27 härigenom
813 474 26 15 en
855 474 52 20 gan-

83 497 38 21 ska
149 497 101 27 väsentlig
272 497 67 20 fördel
363 497 89 20 beredas
474 495 91 22 trafiken
587 496 7 21 i
610 496 106 21 mellersta
732 496 61 21 delen
808 496 23 21 af
843 496 66 21 Wasa

83 525 42 26 län,
149 525 65 27 jemte
241 526 35 21 det
300 527 31 19 att
356 525 90 26 utgiften
471 525 32 21 för
519 525 83 21 arbetet
617 524 67 21 skulle
700 525 22 20 af
735 525 80 20 kronan
831 525 78 20 lättare

84 554 71 21 kunna
176 554 109 24 bestridas,
309 554 27 21 dä
358 553 121 22 densamma
501 553 71 21 kunde
588 554 27 26 pä
630 559 45 14 mer
690 555 26 19 än
732 555 32 19 ett
778 553 24 21 är
817 552 92 22 fördelas

85 582 38 21 och
140 583 26 20 dä
188 582 107 21 sannolikt
310 584 23 19 är
349 584 31 19 att
396 581 238 27 undsättningsarbeten
650 581 6 21 i
672 581 60 22 dessa
748 581 81 22 trakter
843 581 8 20 i
867 581 42 21 alla

83 611 36 21 fall
146 612 67 20 mäste
237 611 84 21 komma
346 610 32 22 till
397 610 119 24 utförande,
531 616 62 21 synes
609 612 31 19 ett
656 611 23 20 sä
694 610 119 22 beskaffadt
827 610 81 26 arbete,

84 646 45 14 som
146 640 35 20 det
196 646 27 14 nu
239 639 123 27 föreslagna,
378 639 151 21 företrädesvis
545 639 52 21 böra
613 638 159 27 ifrägakomma.
797 638 112 22 Utskottet

84 668 122 21 hemställer
221 668 128 21 fördenskull
365 668 109 20 vördsamt
490 670 32 18 att
537 667 180 27 Borgareständet
733 668 66 20 mätte
813 668 7 20 i
836 666 72 22 ofvan-

85 696 91 22 nämnda
191 696 53 27 syfte
259 696 32 21 till
306 696 59 21 Hans
380 696 119 26 Kejserliga
515 696 100 26 Majestät
630 695 64 22 afläta
709 695 130 27 underdänig
855 695 53 27 peti-

84 724 45 22 tion
145 725 6 20 i
166 727 77 19 ämnet.

153 782 138 26 Helsingfors,
308 782 39 21 den
363 782 26 20 25
406 781 61 27 April
484 782 62 21 1867.

395 867 23 21 0.
434 867 26 20 A.
480 862 117 32 Öhrnberg.

188 923 71 21 Jakob
275 923 86 21 Krank.
560 923 61 20 Gust.
638 923 26 20 A.
681 922 124 21 Lindblom.

188 969 26 20 P.
234 964 93 32 Östring.
559 969 26 20 A.
602 969 22 20 J.
641 968 121 21 Mustonen.

619 1031 73 21 Sixtus
706 1031 133 20 Calamnius.

154 1117 60 22 Efter
229 1117 139 27 uppläsandet
383 1117 22 21 af
419 1117 121 21 förestände
555 1116 142 26 betänkande,
713 1115 110 21 hvaröfver
839 1115 70 26 nägon

85 1146 120 21 diskussion
230 1146 45 21 icke
301 1146 97 27 uppstod,
424 1145 44 22 blef
491 1147 116 19 detsamma
623 1145 27 26 pä
665 1145 56 21 Herr
736 1144 174 21 Talmannens

84 1174 154 27 framställning
253 1174 23 21 af
289 1175 84 20 ständet
388 1174 102 26 enhälligt
506 1175 93 25 antaget.

154 1238 119 26 Föredrogs
303 1237 53 21 efter
388 1236 153 27 tilländalupen
566 1235 196 27 bordläggningstid
789 1234 76 26 utdrag
889 1234 23 21 af

84 1266 170 21 Bondeständets
270 1265 105 27 protokoll
391 1265 33 21 för
440 1266 39 20 den
496 1266 27 20 26
539 1264 94 22 sistliäne
649 1264 65 27 April,
727 1263 69 22 deruti
807 1263 25 21 de
844 1262 67 27 öfriga

85 1295 90 21 ständen
190 1294 107 21 meddelas
312 1294 124 26 inbjudning
452 1295 32 19 att
500 1293 73 21 förena
589 1293 32 27 sig
636 1299 34 15 om
682 1299 25 15 en
720 1292 22 21 af
750 1292 160 21 Bondeständet

84 1322 97 22 besluten
196 1322 132 26 underdänig
343 1322 89 27 petition
448 1324 33 19 att
497 1322 40 20 den
553 1322 22 20 af
588 1321 104 27 styrelsen
707 1321 99 25 vidtagna
819 1320 91 20 bestäm-

85 1352 75 26 ningen
178 1358 33 14 om
226 1350 98 28 flyttning
339 1350 21 22 af
375 1350 36 22 det
426 1350 7 21 i
448 1350 115 27 Jyväskylä
573 1350 48 21 stad
631 1349 96 27 förlagda
739 1348 171 22 folkskollärare-

85 1380 136 21 seminarium
242 1380 65 20 mätte
322 1379 118 27 upphäfvas
456 1379 52 21 eller
523 1379 129 21 ätminstone
667 1380 33 19 att
714 1378 48 20 med
778 1376 132 27 verkställig-

85 1408 62 21 heten
164 1408 60 21 deraf
238 1408 70 20 kunde
323 1408 66 20 anstä.

154 1465 10 21 I
180 1464 88 22 ärendet
284 1464 91 27 uppstod
390 1464 93 26 följande
498 1463 127 22 diskussion:

155 1521 55 21 Herr
229 1520 225 27 Bronikowskij:
478 1520 66 26 enligt
566 1519 56 22 hvad
641 1519 37 27 jag
696 1519 37 21 vill
748 1519 99 26 päminna
862 1518 48 26 mig,

85 1549 113 22 bordlades
223 1549 59 21 detta
306 1549 79 21 ärende
408 1549 101 21 särskildt
530 1548 48 21 med
593 1548 99 21 afseende
708 1548 57 24 derä,
781 1548 32 20 att
827 1546 85 21 ståndet
