1095 1825
210 145 54 22 1106
425 150 184 22 Borgareståndet.
634 151 54 17 1867.
712 152 26 16 27
750 152 49 20 Maj.

179 237 55 22 enda
256 238 70 20 större
347 236 97 26 industri,
460 242 45 15 som
520 236 106 27 varaktigt
642 236 39 22 och
697 236 142 28 sjelfständigt
855 238 80 21 kunnat
950 237 57 21 hälla

179 267 33 27 sig
229 271 57 21 uppe
308 265 39 21 och
363 265 106 21 derunder
483 264 124 28 tillskyndat
622 264 72 22 landet
710 265 26 21 de
752 267 79 19 största
846 265 92 22 fördelar
952 268 55 19 samt

180 297 32 20 att
228 294 37 21 det
281 293 82 21 derföre
379 295 24 19 är
418 292 111 27 angeläget
546 295 32 18 att
593 293 52 21 söka
660 293 133 26 undanrödja
809 294 26 20 de
851 294 90 27 menliga
956 294 51 21 eller

180 322 93 27 onyttigt
288 321 135 27 betungande
438 321 83 25 former,
537 327 46 15 som
598 321 121 22 föräldrade
735 321 39 21 och
790 321 126 27 otidsenliga
929 322 77 27 lagbud

179 351 92 28 pälägga
296 349 252 26 stadsmanna-sjöfarten,
573 349 69 21 under
667 349 35 22 det
727 349 278 27 landtmanna-seglationen

180 382 25 19 är
220 378 93 23 derifrän
328 377 88 22 befriad.
446 378 32 21 En
494 377 65 22 sådan
575 377 101 22 särskildt
691 377 33 22 för
738 378 111 21 städernas
862 379 73 26 sjöfart
946 385 61 21 gvar-

180 407 88 23 stäende
285 407 81 26 onyttig
382 406 40 21 och
437 405 103 27 besvärlig
555 405 116 22 formalitet
686 408 24 19 är
728 406 148 27 skyldigheten
899 409 32 19 att
952 407 56 22 förse

180 437 70 26 fartyg
273 435 48 21 med
344 434 104 22 certifikat
470 433 52 22 eller
537 434 109 21 helfrihets
660 434 49 21 bref
723 435 38 20 och
778 437 33 18 att
826 435 79 24 tidtals,
921 442 87 15 numera

180 465 62 22 hvart
265 463 68 26 tredje
354 463 30 23 är,
399 463 74 27 förnya
496 463 123 21 detsamma.
649 463 168 26 Ursprungligen
838 463 95 27 åsyftade
948 464 59 21 detta

182 493 116 22 dokument
313 493 32 19 att
360 491 80 27 styrka,
457 491 36 21 det
509 491 26 21 de
549 491 77 21 villkor
641 491 68 21 blifvit
724 491 119 26 fullgjorda,
859 498 46 15 som
921 492 26 21 då
966 492 41 21 for-

182 521 76 22 drades
277 521 33 20 för
331 521 32 20 att
386 519 69 28 fartyg
475 519 68 22 skulle
561 519 21 22 få
597 519 83 27 åtnjuta
695 519 96 22 såkallad
806 520 200 26 helfrihetsförmon,

180 549 116 22 bestående
311 548 6 21 i
333 547 91 27 lindring
440 549 6 20 i
462 548 48 21 tull-
529 547 38 21 och
587 548 67 21 andra
673 548 111 26 umgälder
799 551 56 18 samt
870 549 5 20 i
892 549 114 20 besättnin-

180 585 52 20 gens
248 579 44 20 rätt
306 576 32 21 till
354 576 25 21 fri
392 576 74 26 föring,
483 576 51 21 eller
548 575 66 22 tullfri
629 576 86 21 införsel
726 575 22 22 af
759 576 111 21 bestämda
880 577 128 26 qvantiteter

181 607 22 21 af
224 606 52 22 visst
298 605 55 26 slags
372 605 59 26 gods,
446 604 84 22 hvilken
545 604 131 22 sistnämnda
692 604 83 22 förmon
791 605 120 21 sedermera
926 605 80 27 utbytts

180 639 58 18 emot
261 636 31 20 ett
313 634 23 21 af
357 633 121 21 tullmedlen
502 633 105 26 utgående
622 633 98 27 vederlag
736 633 6 21 i
758 634 123 26 penningar.
913 633 94 22 Numera

180 664 39 20 har
235 663 55 21 dock
305 662 109 21 skilnaden
431 662 75 20 mellan
521 660 75 22 helfria
611 661 39 21 och
666 661 54 21 ofria
732 661 70 27 fartyg
821 662 98 26 upphört,
940 662 66 21 sedan

181 690 198 28 sjöfartstraktater,
403 690 108 26 grundade
535 690 28 26 på
588 690 157 21 internationell
772 690 139 26 reciprocitet,
938 690 68 22 blifvit

182 720 105 21 afslutade
303 719 48 21 med
367 718 42 22 alla
423 719 25 20 de
464 720 71 22 stater,
552 724 45 15 som
613 718 50 21 idka
678 718 74 27 sjöfart
768 719 27 25 på
807 722 63 23 ryska
880 719 60 25 riket,
952 721 54 19 samt

181 748 44 22 lika
240 748 127 26 rättigheter
383 747 72 21 dervid
466 746 121 26 ömsesidigt
597 746 120 22 tillerkänts
730 747 26 20 de
767 747 171 21 kontraherande
948 748 58 20 mak-

180 779 72 19 ternas
276 776 75 26 fartyg,
375 775 58 21 såväl
448 775 7 20 i
471 774 96 22 afseende
582 775 13 21 &
611 774 39 22 tull
672 775 33 21 för
728 775 36 21 det
786 776 53 25 gods
862 776 25 20 de
906 776 99 25 medföra,

180 811 46 15 som
241 805 7 21 i
264 804 97 22 afseende
377 804 12 20 &
405 803 136 27 umgälderne
556 802 32 22 för
603 802 73 28 sjelfva
691 803 102 27 fartygen.
825 804 115 26 Fartygens
955 804 49 27 byg-

180 833 68 27 gande
263 834 28 26 pä
306 832 71 21 kravel
393 834 25 18 är
432 832 39 21 ock
486 832 127 26 längesedan
629 831 54 22 bäde
699 832 6 20 i
721 832 101 20 städerna
838 832 39 21 och
893 833 26 25 pä
935 832 71 22 landet

180 862 24 21 sä
226 861 88 21 allmänt
337 860 129 26 vedertaget,
489 862 32 19 att
543 860 76 21 sädant
641 860 17 26 ej
683 866 57 15 mera
760 860 99 21 behöfver
874 866 75 20 genom
965 860 40 22 för-

180 890 99 21 unnande
295 889 22 21 af
330 888 99 22 helfrihet
444 890 144 25 uppmuntras,
605 888 112 22 hvarutom
736 888 107 27 fartygens
863 888 142 27 byggnadsart

181 918 39 21 och
236 917 143 27 byggnadsort
395 917 82 26 styrkes
492 922 75 21 genom
583 916 38 21 bil-
638 917 38 20 och
693 916 144 21 mätebrefven
853 919 54 18 samt
918 917 88 26 skeppa-

181 952 48 15 rens
254 946 40 21 och
319 945 158 26 besättningens
500 945 133 21 nationalitet
656 945 39 21 och
719 945 41 21 den
783 945 66 20 förres
873 945 133 26 borgarerätt

180 981 76 19 genom
279 973 121 27 folkpasset.
431 973 80 22 Genom
535 972 137 22 certifikatets
691 973 126 21 utfärdande
833 973 42 21 kan
898 973 18 26 ej
939 973 67 22 heller

180 1002 141 22 förekommas
345 1004 32 19 att
398 1001 64 22 finskt
484 1001 68 27 fartyg
567 1001 52 22 eller
634 1001 62 22 andel
713 1001 61 22 deraf
788 1001 101 27 svikligen
905 1002 99 27 föryttras

179 1031 33 21 till
233 1031 100 21 utländsk
356 1037 47 14 man
419 1031 7 20 i
441 1030 75 21 sädant
538 1030 56 25 land,
613 1036 45 15 som
673 1030 47 21 icke
736 1029 87 22 afslutat
839 1030 165 25 sjöfartstraktat

180 1059 48 21 med
250 1059 162 26 kejsaredömet,
436 1058 39 21 och
498 1060 31 19 att
552 1059 40 20 den
615 1065 39 20 nye
674 1059 90 20 redaren
781 1058 119 26 derigenom
917 1059 87 21 beredes

179 1087 82 22 tillfälle
278 1089 31 20 att
324 1087 47 21 med
387 1087 90 27 fartyget
493 1086 92 22 bedrifva
601 1087 74 26 sjöfart
690 1087 13 20 ä
718 1086 97 26 Finland,
832 1087 54 20 helst
903 1087 26 20 dä
944 1087 60 21 certi-

179 1115 53 22 fikat
250 1115 34 22 för
303 1115 206 27 landtmannafartyg
527 1115 18 26 ej
562 1115 112 21 erfordras.
705 1115 31 21 På
752 1115 67 26 grund
835 1115 62 20 häraf
910 1115 94 21 anhälles

180 1144 84 21 derföre
286 1146 32 19 att
340 1144 180 25 Borgareståndet
537 1143 68 22 skulle
621 1143 39 22 hos
674 1143 60 21 Hans
750 1143 117 26 Kejserliga
883 1143 99 27 Majestät
996 1144 6 20 i

179 1172 168 25 underdånighet
363 1172 126 27 petitionera
504 1178 33 15 om
553 1171 138 27 upphörande
707 1171 22 22 af
748 1171 147 27 skyldigheten
919 1174 31 19 att
970 1175 32 17 ut-

179 1203 49 24 taga
245 1200 104 22 certifikat
365 1201 12 21 å
393 1200 134 27 stadsfartyg,
543 1200 51 21 eller
609 1202 32 19 att
656 1201 69 20 denna
741 1200 119 27 skyldighet
875 1200 127 22 åtminstone

178 1230 67 20 måtte
260 1229 126 21 inskränkas
402 1229 31 21 till
450 1229 25 21 de
490 1228 103 27 tillfällen,
609 1229 27 21 då
651 1229 69 27 fartyg
736 1228 52 22 eller
804 1228 62 21 andel
882 1229 59 21 deraf
958 1235 43 15 om-

177 1257 47 28 bytt
239 1264 69 20 egare.

246 1286 42 21 Vid
308 1286 35 21 det
365 1286 102 21 Enskilda
488 1286 196 20 Besvärsutskottet
700 1285 108 21 vördsamt
823 1285 100 21 aflemnar
937 1285 63 21 infor-

178 1314 62 22 dradt
260 1314 109 22 utlåtande
386 1315 5 19 i
407 1316 77 22 ämnet,
503 1314 32 20 får
549 1314 105 21 utskottet
670 1314 52 20 först
738 1314 90 25 anmäla,
845 1316 31 18 att
891 1313 59 21 äfven
967 1314 34 20 vid

176 1342 130 26 landtdagen
331 1343 112 21 1863—64
466 1342 178 27 petitionsförslag
667 1342 6 20 i
694 1342 139 21 förevarande
858 1344 61 18 ämne
944 1342 57 21 inom

177 1370 181 27 Borgareståndet
373 1371 86 21 väcktes
475 1370 39 22 och
529 1372 32 19 att
576 1371 85 21 ståndet
676 1371 6 20 i
698 1370 113 26 anledning
825 1370 59 21 deraf
893 1370 38 21 hos
942 1370 59 21 Hans

178 1398 118 27 Kejserliga
311 1399 99 26 Majestät
425 1399 7 20 i
448 1398 168 27 underdånighet
631 1399 71 21 anhöll
718 1401 32 19 att
761 1398 184 28 fartygscertifikat
955 1398 46 22 icke

178 1427 68 21 oftare
268 1427 67 21 skulle
357 1427 89 21 behöfva
466 1429 89 24 uttagas,
572 1429 27 19 än
615 1428 27 20 då
657 1427 69 27 fartyg
742 1426 51 22 eller
809 1427 61 21 andel
886 1426 59 22 deraf
958 1433 43 14 om-

176 1455 46 27 bytt
242 1462 69 20 egare.
343 1456 44 20 Och
410 1455 117 21 innehåller
549 1456 41 21 den
613 1456 32 20 till
664 1456 115 20 ständerne
794 1455 77 27 afgifna
887 1455 113 21 berättelse

176 1490 34 14 om
233 1484 114 27 styrelsens
369 1484 140 26 tillgöranden
525 1484 6 20 i
547 1484 113 26 anledning
683 1484 21 20 af
718 1484 125 20 ständernas
860 1484 34 20 vid
910 1484 90 20 nämnda

176 1511 102 27 landtdag
294 1512 78 21 fattade
389 1512 75 25 beslut,
481 1514 32 19 att
527 1512 73 26 frågan
617 1512 67 21 blifvit
700 1512 119 21 behandlad
833 1512 5 20 i
849 1512 151 25 sammanhang

174 1540 49 21 med
246 1540 40 21 den
311 1546 34 15 om
368 1546 26 21 ny
411 1540 72 27 sjölag,
507 1540 108 21 äfvensom
638 1543 32 18 att
693 1540 64 26 nådig
779 1540 132 27 proposition
927 1540 72 21 derom
