1095 1825
236 149 55 22 1118
432 154 183 22 Borgareständet,
640 154 55 18 1867.
719 155 27 17 28
759 154 48 22 Maj.

204 241 34 20 att
261 239 153 27 inbjudningen
434 239 101 27 möjligen
557 239 46 21 icke
625 238 69 22 skulle
716 238 80 28 lyckas,
819 239 24 21 så
860 239 39 21 och
915 240 68 21 ehuru
996 239 36 26 jag

202 268 135 21 fortfarande
351 268 40 21 har
405 268 45 21 min
466 267 139 27 öfvertygelse
620 268 7 20 i
643 266 77 27 behåll,
738 267 36 22 vill
789 267 42 27 jag,
846 267 34 22 för
895 270 33 19 att
942 267 90 23 sålunda

204 296 48 21 icke
272 296 101 27 möjligen
396 296 111 26 äfventyra
528 296 48 20 hela
598 296 197 25 konkursstadgans
809 295 143 26 fördröjande,
976 295 55 22 åter-

202 323 62 22 kalla
287 324 36 21 det
345 324 103 27 yrkande,
467 323 38 27 jag
525 325 7 19 i
547 323 38 27 går
599 323 74 27 gjorde
688 323 6 21 i
710 323 100 22 afseende
825 323 14 22 å
853 323 123 28 inbjudning
992 323 38 22 och

202 353 130 26 deputation
347 353 33 20 till
395 352 146 25 medständen,
563 353 56 20 samt
633 351 124 22 hemställer
772 352 33 21 till
821 352 90 26 ståndet,
935 359 33 14 om
984 352 46 21 icke

205 381 87 21 ståndet
313 380 50 22 ville
385 381 74 21 förena
474 381 32 26 sig
520 381 7 20 i
543 380 40 21 den
599 380 61 26 åsigt,
681 386 46 15 som
740 379 38 28 jag
793 387 29 15 nu
837 380 46 22 haft
899 382 51 20 äran
966 380 64 23 fram-

205 409 70 21 ställa.

275 465 11 21 I
301 465 114 26 anledning
430 465 61 20 häraf
505 465 49 20 fann
569 464 92 27 ståndet,
674 464 28 27 på
717 464 73 21 derom
803 463 24 22 af
837 464 56 21 Herr
907 464 123 21 Talman-

205 499 51 15 nen
272 493 120 21 framställd
406 493 132 26 proposition
553 493 52 26 godt
624 492 75 27 frångå
714 493 37 20 sitt
770 493 3 20 i
788 492 39 27 går
842 493 7 20 i
864 492 92 21 berörda
970 492 60 27 fråga

205 521 84 22 fattade
306 521 79 26 beslut;
401 521 84 22 hvadan
499 521 74 26 frågan
589 520 82 22 således
688 521 84 21 komme
787 523 33 19 att
835 520 92 21 förfalla.

275 577 120 27 Föredrogs
418 577 94 22 ståndets
532 577 95 21 enskilda
643 577 183 21 besvärsutskotts
841 576 133 22 betänkande
989 576 39 21 N:o

206 606 34 26 26,
257 606 82 21 hvilket
353 605 40 22 här
407 606 71 26 intogs
493 605 38 21 och
547 605 63 27 lydde
625 605 100 21 sålunda:

481 689 190 27 Borgareständets
706 690 105 21 Enskilda
844 690 185 21 Besvärsutskotts

411 718 135 22 betänkande
568 718 7 21 i
597 718 113 26 anledning
728 718 23 20 af
764 718 119 26 föreslagen
898 718 131 26 underdånig

411 746 90 28 petition
516 752 34 16 om
565 746 144 26 upprensning
720 746 40 21 och
771 746 142 27 kanalisering
924 746 22 22 af
955 746 73 21 Pielis-

409 774 47 27 joki
471 774 34 22 elf.

274 831 88 21 Jemlikt
376 830 167 27 Borgerskapets
558 831 7 20 i
581 831 95 21 Joensuu
691 830 49 21 stad
755 830 41 22 den
812 831 27 20 26
855 830 99 22 sistvikne
970 830 58 22 Mars

204 859 56 21 inför
283 859 86 21 stadens
392 858 113 28 Magistrat
527 859 73 21 derom
620 858 82 22 fattade
717 858 78 26 beslut,
819 858 40 22 har
873 861 31 19 ett
920 859 108 27 petitions-

203 888 81 25 förslag
299 887 70 21 blifvit
384 886 39 22 hos
438 886 181 27 Borgareståndet
633 886 129 25 framstäldt,
779 886 110 27 åsyftande
902 889 33 19 att
944 887 84 21 ståndet

204 915 70 21 skulle
289 915 39 21 hos
343 915 60 21 Hans
419 915 117 26 Kejserliga
552 914 99 27 Majestät
668 916 52 25 göra
735 914 133 27 underdånig
883 915 99 21 anhållan
997 917 32 19 att

203 943 110 27 Pielisjoki
336 943 31 21 elf
386 943 70 21 blefve
475 943 48 21 med
538 943 107 20 allmänna
660 943 69 21 medel
745 943 126 26 upprensad,
895 943 134 21 kanaliserad

204 971 40 22 och
260 972 48 21 med
323 971 80 21 slussar
418 971 91 26 försedd,
525 971 24 21 så
564 973 32 19 att
613 971 40 21 den
668 971 71 21 kunde
755 971 48 21 med
819 973 68 19 större
902 971 127 27 lastpråmar

204 999 40 22 och
260 1001 81 20 smärre
356 999 105 32 ångbätar
476 999 91 21 befaras.

272 1027 71 22 Jemte
366 1027 36 22 det
424 1028 7 20 i
453 1027 234 27 petitionsmemorialet
703 1029 124 20 omnämnes
843 1029 32 19 att
890 1027 139 22 Hedervärda

203 1055 161 22 Bondeståndet
379 1056 35 21 vid
429 1055 110 22 sisthållna
554 1055 103 27 landtdag
672 1055 101 22 aflemnat
789 1062 26 15 en
830 1055 130 27 underdånig
975 1056 53 27 peti-

202 1085 46 20 tion
271 1084 7 21 i
300 1090 81 15 samma
401 1085 69 24 ämne,
494 1089 47 16 men
556 1085 33 20 att
604 1084 128 25 densamma,
756 1083 70 22 såsom
842 1084 98 21 afseende
955 1084 73 21 kanal-

202 1113 98 20 arbetets
315 1112 40 21 och
369 1112 118 21 slussarnes
503 1111 113 22 utförande
636 1111 33 22 till
684 1112 112 21 enahanda
812 1112 147 26 dimensioner,
982 1118 46 15 som

203 1141 27 20 de
245 1141 36 20 vid
296 1140 71 22 Saima
382 1140 70 25 kanal,
467 1140 47 21 icke
526 1140 83 21 kunnat
619 1141 63 20 vinna
693 1140 120 27 Styrelsens
824 1140 65 26 bifall,
905 1125 123 45 framhålles

202 1170 34 20 att
250 1174 76 21 genom
343 1168 36 21 det
393 1168 121 26 föreslagna
529 1168 83 21 arbetet
626 1169 7 20 i
648 1169 98 26 förening
761 1169 47 20 med
825 1168 70 21 Saima
910 1169 63 20 kanal
988 1169 40 20 och

202 1197 90 21 dermed
313 1197 7 21 i
342 1196 153 27 sammanhang
517 1196 88 22 stående
631 1198 152 25 vattensystem
811 1196 68 22 skulle
904 1197 124 27 ytterligare

203 1227 83 25 öppnas
309 1231 26 15 en
353 1224 114 22 oafbruten
482 1225 257 21 vattenkommunikation
755 1225 23 21 af
791 1225 97 27 omkring
904 1225 40 21 176
959 1227 69 19 versts

201 1253 73 27 längd,
298 1253 61 21 deraf
381 1254 41 20 110
437 1255 56 19 verst
508 1253 85 27 belöpte
611 1254 30 25 sig
656 1253 13 21 å
684 1253 119 27 Pielisjärvi
819 1254 38 26 sjö,
880 1259 46 15 som
940 1254 48 20 med
1002 1260 26 14 en

201 1282 61 21 areal
277 1281 23 21 af
315 1282 62 26 1,000
392 1281 148 27 qvadratverst
555 1283 49 19 näst
619 1281 87 27 Ladoga
720 1283 26 19 är
761 1282 84 21 landets
863 1283 80 20 största
958 1284 70 24 öppna

201 1310 64 26 insjö,
281 1312 56 18 samt
352 1309 135 22 återstående
502 1310 27 20 66
544 1312 58 18 verst
617 1311 86 25 utgöres
718 1309 24 21 af
755 1310 64 21 Pielis
835 1310 34 26 elf,
891 1310 83 21 hvilken
990 1316 38 14 un-

201 1338 39 21 der
257 1338 60 21 detta
331 1338 39 21 sitt
385 1338 50 26 lopp
450 1338 34 20 väl
499 1339 24 19 är
538 1337 104 22 besvärad
655 1338 23 20 af
688 1338 26 20 10
726 1337 75 27 forsar,
817 1338 62 21 deraf
888 1338 54 21 dock
952 1338 76 21 endast

201 1366 14 21 6
238 1367 38 20 äro
300 1365 23 21 af
343 1366 41 21 den
405 1365 146 22 beskaffenhet
566 1367 33 20 att
613 1366 81 21 slussar
709 1366 36 20 vid
760 1366 49 22 dem
824 1366 68 21 måste
907 1366 119 26 anbringas.

202 1393 46 22 Och
263 1394 100 26 upplyses
379 1394 108 21 dessutom
502 1396 33 19 att
550 1394 61 21 dessa
626 1394 64 21 korta
705 1400 48 15 men
769 1394 104 27 stupande
885 1394 69 21 forsar
964 1394 64 21 hafva

200 1422 78 21 inalles
293 1428 45 15 mer
353 1424 27 19 än
396 1422 27 22 38
438 1422 41 22 fots
495 1422 44 26 fall,
555 1422 77 21 medan
648 1422 68 21 elfven
731 1422 33 21 för
780 1423 63 26 öfrigt
854 1422 72 22 består
936 1422 22 21 af
968 1423 60 26 lugnt

201 1450 112 50 ps
337 1450 30 49 al
380 1452 80 24 vatten,
475 1450 13 22 å
503 1450 81 21 hvilket
599 1450 190 27 tillsammantaget
804 1451 87 26 belöper
906 1450 32 27 sig
953 1451 75 21 endast

202 1479 26 21 12
255 1478 58 22 fots
294 1474 21 36 fi

271 1506 41 21 Vid
328 1506 37 21 det
379 1506 108 21 ärendet
480 1502 12 36 i
502 1506 41 27 dag
554 1506 23 21 af
585 1506 103 21 Enskilda
698 1506 199 21 Besvärsutskottet
907 1506 119 27 handlagts,

201 1534 39 21 har
255 1533 120 27 Utskottet,
390 1534 7 21 i
414 1533 219 23 öfverensstämmelse
649 1535 48 21 med
713 1534 56 22 hvad
782 1535 79 26 jemväl
876 1535 7 20 i
896 1535 131 22 memorialet
