1095 1825
228 146 42 20 796
412 150 185 21 Borgareståndet.
621 150 55 17 1867.
702 150 22 17 10
735 150 47 21 Maj.

199 236 39 21 och
262 236 47 21 åter
332 236 39 20 150
395 237 57 19 verst
474 236 39 20 och
533 236 98 26 medtoge
654 236 46 26 fyra
716 236 60 27 dygn,
792 235 136 27 hvarigenom
944 236 38 21 och
999 236 27 21 då

198 264 68 22 sällan
289 264 50 21 flere
363 266 25 19 än
411 265 12 20 3
439 267 78 18 tunnor
532 264 54 27 tjära
602 264 74 22 forslas
693 264 53 22 efter
761 270 24 16 en
802 264 54 26 häst,
872 264 72 27 hvarje
960 267 65 18 tunna

198 294 28 25 på
249 293 69 20 denna
340 294 40 24 väg
399 299 29 14 nu
443 292 120 21 belastades
579 293 46 20 med
642 299 25 15 en
684 292 199 27 transportkostnad
899 293 22 20 af
935 293 62 20 minst
1012 293 12 20 2

198 321 62 20 mark
282 321 26 20 50
332 321 69 26 penni,
418 321 74 21 medan
508 320 173 27 båttransporten
698 321 17 26 ej
733 321 69 20 kunde
818 322 77 25 utgöra
910 327 44 15 mer
970 323 24 19 än
1013 322 9 19 1

198 349 66 21 mark.
296 349 133 22 Afräknades
445 349 63 23 5.000
523 351 84 24 tunnor,
627 355 45 15 som
688 349 21 21 af
724 356 25 15 en
766 349 51 21 eller
835 355 68 15 annan
921 350 61 20 orsak
998 349 27 26 gå

198 377 92 27 landväg
312 379 27 26 pä
361 377 120 25 vinterföre,
504 377 67 22 skulle
587 377 109 22 skilpaden
712 378 6 21 i
734 378 200 26 transportkostnad
950 378 74 21 endast

197 405 33 22 för
254 407 78 24 30,000
354 408 79 19 tunnor
454 406 60 27 tjära,
538 406 132 21 oberäknadt
694 407 66 20 andra
782 406 123 26 produkter,
926 407 56 26 gifva
998 413 25 14 en

198 435 54 26 årlig
275 435 121 26 behållning
418 434 22 21 af
459 435 77 25 45,000
559 435 66 24 mark,
650 435 85 20 hvartill
758 435 83 20 komme
864 441 25 14 en
905 435 118 26 betydande

198 463 83 21 lättnad
304 463 6 20 i
333 463 163 26 landsvägarnes
512 463 110 21 underhäll
638 463 39 21 och
691 463 136 26 jordbrukets
843 463 55 21 vinst
914 463 63 27 deraf,
992 465 31 19 att

197 491 24 20 sä
236 491 77 26 mänga
328 498 77 18 armar,
421 498 44 15 som
482 498 27 14 nu
525 491 121 27 fränryckas
662 492 116 21 detsamma
794 492 67 21 under
877 492 39 21 den
925 491 98 21 brädaste

197 519 143 26 skördetiden,
356 520 68 21 skulle
440 521 22 20 ät
479 520 115 21 detsamma
611 520 105 27 besparas.
747 520 45 21 Och
805 520 65 27 jemte
887 520 35 21 det
936 520 21 20 fä
971 519 52 21 und-

198 549 194 26 sättningsarbeten
409 549 5 20 i
433 549 44 20 värt
492 548 49 21 land
557 548 68 21 skulle
641 549 69 20 lemna
726 555 25 14 en
767 549 24 20 sä
814 548 93 27 betydlig
922 548 38 21 och
976 554 45 15 var-

198 577 59 26 aktig
272 579 61 19 ränta
349 577 27 26 pä
392 577 40 21 den
448 577 103 26 nedlagda
567 577 125 26 kostnaden,
708 577 67 21 skulle
795 577 94 21 arbetets
906 576 115 22 beskaffen-

197 605 37 21 het
250 605 18 27 ej
286 605 94 22 erfordra
396 608 32 19 att
443 605 38 22 allt
496 605 84 27 gjordes
597 606 26 26 pä
639 612 24 14 en
679 607 61 25 gäng,
758 607 50 19 utan
825 605 115 22 detsamma
951 605 71 21 kunna

198 633 92 22 fördelas
315 635 27 25 pä
363 634 51 21 flere
437 635 23 20 är
483 637 54 18 samt
559 634 81 21 således
663 634 138 21 statsverkets
817 634 118 26 uppoffring
951 634 71 20 derför

198 662 64 21 blifva
284 662 48 26 föga
355 663 97 21 kännbar
466 662 6 21 i
486 662 131 21 förhållande
632 662 31 21 till
679 665 76 24 gagnet
771 662 22 21 af
807 662 109 27 företaget.
944 662 10 21 I
970 662 52 26 peti-

198 690 189 22 tionsmemorialet
412 690 121 22 hemställes
549 691 82 21 derföre
647 693 31 19 att
694 691 131 26 underdånig
840 691 98 21 anhållan
953 690 67 22 skulle

197 718 39 22 hos
258 719 60 21 Hans
345 719 119 27 Kejserliga
486 719 99 27 Majestät
607 722 68 24 göras,
700 720 35 20 det
756 719 73 26 Lappo
849 719 28 21 elf
892 720 64 20 måtte
972 719 48 21 med

198 747 74 27 bidrag
294 747 22 21 af
336 747 123 22 statsmedel
483 754 115 20 upprensas
620 748 58 21 såväl
694 748 32 21 för
741 747 148 27 stockflötning
905 748 45 20 från
966 747 54 21 Wir-

197 776 52 24 dois,
273 782 44 15 som
341 776 79 21 bätfart
443 776 45 22 från
511 776 73 27 Lappo
608 776 72 27 kyrka,
705 776 51 21 eller
772 778 37 23 att,
827 782 32 15 om
876 776 144 21 förstnämnda

196 804 99 21 ändamål
317 805 66 21 skulle
407 811 60 15 anses
490 804 31 21 för
545 805 130 21 närvarande
698 805 95 21 medföra
808 805 32 21 för
855 805 52 27 dryg
922 804 97 23 kostnad,

196 832 127 22 åtminstone
349 833 156 27 upprensandet
532 833 21 21 af
577 833 99 21 bätleden
702 834 66 20 måtte
793 834 47 20 med
859 833 66 21 första
940 832 80 27 görliga

195 860 105 27 påbörjas.

265 917 40 21 Vid
321 917 154 28 behandlingen
492 918 21 21 af
527 919 59 20 detta
601 918 32 21 till
646 919 96 20 enskilda
753 918 201 21 besvärsutskottets
965 917 55 22 utlå-

195 947 65 20 tande
282 946 136 22 remitterade
434 947 83 25 ärende,
534 947 39 21 har
590 947 103 21 utskottet
708 948 71 25 utgått
795 947 45 20 från
857 947 38 20 den
912 946 54 27 åsigt
982 948 37 24 att,

195 976 33 21 för
250 976 105 21 lättandet
378 975 21 21 af
421 975 141 21 förbindelsen
586 975 76 21 mellan
684 976 76 21 kusten
777 975 21 20 af
812 975 63 21 Wasa
891 975 33 21 län
940 975 38 20 och
995 975 25 21 de

194 1005 46 20 inre
257 1004 84 21 delarne
357 1004 22 21 af
392 1003 63 26 länet,
472 1010 25 15 en
513 1004 143 27 upprensning
672 1004 22 21 af
707 1005 69 24 någon
793 1003 63 21 bland
872 1003 67 22 länets
948 1003 72 26 betyd-

195 1033 67 25 ligare
288 1033 70 25 elfvar,
375 1032 98 27 antingen
489 1032 65 27 Kyro,
570 1033 74 26 Lappo
660 1032 52 21 eller
727 1033 52 20 Esse
795 1031 33 25 elf,
845 1038 50 15 vore
910 1031 109 27 högeligen

196 1061 112 21 önskvärd.
338 1061 99 21 Likasom
463 1061 6 20 i
492 1061 101 21 Finlands
615 1061 45 21 inre
682 1061 57 21 delar
756 1060 105 27 naturliga
876 1060 95 21 tillfällen
987 1060 31 21 till

195 1089 220 22 kommunikationens
431 1089 144 21 förbättrande
591 1089 87 27 erbjuda
694 1089 31 26 sig
740 1089 5 20 i
757 1089 214 26 kanalanläggningar
980 1089 39 20 och

194 1118 204 27 genomskärningen
415 1117 20 21 at
450 1118 25 21 de
491 1117 43 22 ofta
550 1118 66 21 smala
632 1120 44 22 näs,
692 1124 44 21 som
759 1117 83 26 afskilja
859 1117 25 21 de
902 1119 57 19 stora
975 1117 44 20 inre

195 1149 85 18 vattnen
296 1146 45 21 från
357 1146 125 25 hvarandra,
498 1147 23 20 så
537 1148 76 25 utgöra
628 1147 6 20 i
650 1147 36 20 det
702 1145 173 22 Österbottniska
895 1145 124 21 slättlandet

195 1175 25 21 de
237 1175 37 21 der
289 1175 73 20 talrikt
377 1174 172 21 förekommande
565 1175 91 20 elfvarne
674 1175 24 20 de
715 1175 23 21 af
752 1176 90 19 naturen
853 1174 97 21 anvisade
961 1173 57 21 med-

193 1203 34 21 len
253 1203 32 21 för
310 1203 243 22 kommunikationernas
578 1203 143 27 befrämjande
738 1203 116 26 derstädes,
871 1202 95 22 hvarföre
983 1202 35 21 det

193 1232 39 21 ock
255 1234 24 19 är
306 1231 118 27 förklarligt
448 1234 32 18 att
506 1232 114 21 invånarne
635 1232 6 20 i
658 1232 60 21 dessa
734 1232 81 20 trakter
831 1231 60 26 lifligt
907 1231 65 21 önska
987 1233 31 19 att

194 1260 92 21 nämnda
301 1260 105 27 naturliga
421 1260 106 21 förmåner
541 1260 6 21 i
564 1260 118 27 möjligaste
697 1261 68 21 måtto
784 1262 59 19 snart
861 1260 155 26 tillgodogöras.

261 1317 110 21 Utskottet
387 1323 61 15 anser
464 1316 38 22 ock
518 1319 31 19 att
565 1323 26 15 en
607 1318 65 20 sådan
688 1317 80 21 önskan
785 1319 24 19 är
823 1317 48 21 fullt
892 1317 124 32 berättigad.

194 1346 89 21 Svårare
306 1348 26 18 än
349 1346 69 26 någon
434 1352 69 14 annan
519 1345 33 21 del
568 1346 22 20 af
604 1345 71 21 landet
690 1345 39 21 har
745 1346 92 21 nämnda
852 1346 84 27 provins
951 1346 67 21 under

192 1381 26 14 en
242 1374 51 26 följd
318 1374 23 21 af
363 1374 24 21 år
412 1374 107 21 hemsökts
544 1374 23 21 af
589 1374 91 21 frostens
700 1374 128 27 härjningar,
845 1374 38 21 och
900 1374 40 21 den
954 1374 63 26 idoga

191 1402 149 26 befolkningen
355 1402 6 20 i
377 1402 136 26 landskapets
528 1403 63 20 södra
607 1402 40 26 del,
663 1402 63 21 Wasa
742 1403 41 24 län,
800 1403 38 21 har
853 1403 28 26 på
899 1403 35 21 det
951 1390 65 34 känn-

190 1431 87 21 baraste
302 1430 59 22 deraf
385 1430 88 25 träftats,
496 1431 88 21 emedan
609 1431 67 21 denna
692 1430 123 28 befolkning
830 1433 24 19 är
869 1431 147 21 företrädesvis

191 1459 160 21 sädesodlande.
382 1459 49 21 Med
456 1459 77 27 klagan
557 1459 58 21 öfver
639 1460 69 20 nöden
731 1460 91 21 blandar
844 1460 31 26 sig
891 1460 40 20 den
947 1459 67 27 länge,

190 1488 49 21 med
261 1488 52 21 eller
334 1489 51 19 utan
409 1487 52 26 skäl,
481 1488 62 26 hysta
558 1488 172 26 föreställningen
746 1490 32 19 att
793 1488 111 26 provinsen
920 1488 95 26 stjufmo-

190 1516 76 26 derligt
288 1516 126 21 behandlats
438 1516 38 20 och
499 1516 17 26 ej
540 1516 33 21 får
588 1516 82 26 åtnjuta
686 1516 39 21 den
742 1517 137 24 omvårdnad,
895 1516 64 21 hvarå
975 1516 40 21 den

190 1544 95 27 skäligen
310 1543 41 22 kan
376 1545 52 25 göra
454 1544 97 27 anspråk.
583 1544 28 21 Så
636 1544 117 28 beklagligt
772 1545 35 21 det
822 1547 24 18 är
861 1546 32 20 att
909 1551 25 15 en
950 1545 65 21 sådan
