1095 1825
304 146 183 22 Borgareståndet.
512 147 55 17 1867.
591 148 26 16 25
630 147 47 21 Maj.
819 143 53 22 1061

75 232 77 26 nådiga
174 232 160 26 propositionen
357 232 23 21 af
400 232 85 21 ståndet
500 233 97 25 antagas.
627 232 128 26 Derigenom
771 232 68 22 skulle
854 232 49 22 hela

74 260 210 26 tidsbestämningen,
308 260 88 21 hvarom
418 266 28 15 nu
464 260 24 21 så
504 260 88 26 mycken
608 260 51 21 tvist
675 262 31 24 är,
728 260 104 22 bortfalla
847 263 55 19 samt

74 296 26 13 en
123 290 69 19 större
214 289 64 20 frihet
302 289 38 20 och
361 289 44 20 ofta
421 295 26 14 en
462 288 82 26 ganska
560 288 64 27 nödig
639 288 65 21 frihet
719 288 33 21 för
768 288 134 22 fabrikernas

73 317 40 21 och
129 317 139 27 näringarnes
284 317 102 26 behöriga
401 317 138 21 bedrifvande
556 317 86 20 lemnas.

144 385 54 20 Herr
221 384 156 21 Mustonen:
398 385 38 26 jag
458 384 33 21 får
512 385 87 20 biträda
620 385 55 20 Herr
698 385 111 21 Lindblom
825 385 7 21 i
848 385 53 20 hans

73 413 100 26 yttrande
197 413 39 21 och
259 413 107 21 dessutom
389 413 96 26 tillägga,
508 415 33 19 att
564 413 62 20 äfven
640 413 36 21 vid
691 413 43 21 alla
746 413 99 27 jernverk
861 413 39 22 och

73 441 71 27 sågar,
160 441 72 21 hvilka
247 443 48 19 natt
311 441 38 21 och
365 441 42 27 dag
422 443 38 20 äro
475 442 7 21 i
497 441 62 27 gång,
575 447 65 21 yngre
656 447 101 20 personer
772 442 47 21 med
832 442 68 21 fördel

73 470 107 27 begagnas
204 470 69 21 såsom
295 470 104 21 arbetare.
430 470 41 26 Jag
493 470 66 27 yrkar
577 469 84 22 derföre
676 472 33 19 att
724 476 63 15 mom.
803 471 12 20 2
832 470 67 21 skulle

73 501 89 24 antagas
178 499 7 20 i
201 499 93 26 enlighet
309 499 47 20 med
373 499 41 20 den
431 499 78 26 nådiga
525 499 167 26 propositionen.

142 567 56 21 Herr
221 563 113 30 Östring:
357 567 49 20 med
426 566 129 27 frångående
571 566 23 21 af
607 567 49 21 mitt
671 566 68 21 första
754 567 85 26 förslag,
863 567 36 21 vill

70 595 38 27 jag
130 602 29 15 nu
174 595 132 21 understöda
321 595 55 21 Herr
391 595 76 21 Holms
482 595 81 27 förslag
579 595 79 26 derom,
682 597 32 19 att
729 601 61 16 mom.
808 596 12 21 2
836 595 6 21 i
858 595 41 21 den

73 624 77 26 nådiga
166 624 159 26 propositionen
340 624 35 21 må
391 624 22 20 af
427 624 86 21 ståndet
528 626 96 24 antagas.
650 624 49 21 Mitt
714 624 105 27 egentliga
833 624 66 22 motiv

73 654 30 23 är,
120 655 33 19 att
168 659 25 15 en
210 652 77 27 speciel
303 652 177 26 tidsbestämning
495 653 7 20 i
515 652 140 22 förevarande
666 652 100 22 afseende
776 659 61 21 synes
847 659 52 15 vara

72 681 145 27 fullkomligen
234 680 128 27 öfverflödig.
386 680 109 28 Styrelsen
511 681 43 21 kan
567 682 31 26 ju,
615 681 65 21 sedan
695 681 108 27 principen
816 681 83 27 engång

73 711 24 19 är
112 709 76 27 gifven,
211 710 77 26 stadga
302 709 81 26 härom,
399 710 71 21 såsom
487 710 40 21 den
543 709 34 21 för
591 710 52 26 godt
658 709 72 21 finner.
762 710 41 20 Det
819 712 24 18 är
858 710 40 21 ock

71 738 87 26 analogt
179 738 48 21 med
250 738 95 21 ständets
365 738 72 21 beslut
452 738 6 21 i
474 738 11 26 $
501 739 34 25 29,
559 740 32 19 att
607 744 25 15 ur
648 738 12 26 S
677 738 25 21 31
718 738 93 21 utesluta
826 738 36 22 det
877 738 23 21 af

72 766 106 22 utskottet
193 766 75 27 gjorda
284 766 79 27 tillägg.

142 835 56 21 Herr
213 834 168 22 Granström:
397 835 7 21 i
420 834 67 22 likhet
503 834 48 22 med
567 834 56 21 Herr
638 834 104 21 Rosenius
756 834 65 27 yrkar
836 834 61 22 äfven

69 864 44 26 jag,
130 865 32 19 att
177 864 54 20 barn
247 864 66 20 under
329 864 26 20 12
371 862 24 22 är
411 863 46 21 icke
473 864 34 20 mä
523 863 108 21 användas
644 863 32 21 till
687 863 73 21 arbete
771 869 34 15 om
815 865 81 24 natten,

72 895 52 18 utan
140 892 55 21 blott
211 892 62 25 högst
289 893 12 20 6
316 892 86 21 timmar
418 898 34 15 om
468 892 75 25 dagen.
566 892 43 20 Det
624 893 24 19 är
664 891 126 26 omenskligt
805 893 32 19 att
852 891 45 21 läta

72 920 52 21 barn
141 920 75 21 arbeta
232 927 33 14 om
281 921 80 20 natten.

141 982 55 21 Herr
212 982 143 21 Lindblom:
369 982 38 27 jag
422 982 86 21 förenar
523 982 44 27 mig
581 982 48 21 med
645 982 57 21 Herr
711 982 104 21 Rosenius
825 981 7 21 i
843 981 52 22 hans

71 1011 74 26 tillägg
160 1011 109 26 angäende
284 1011 52 20 barn
352 1011 69 20 under
437 1011 25 20 12
479 1011 30 20 är.

140 1073 56 21 Herr
214 1072 87 21 Wolff:
321 1073 36 26 jag
372 1079 70 18 anser,
465 1074 32 19 att
513 1073 53 20 barn
582 1073 68 20 under
666 1073 26 20 12
708 1072 24 21 är
748 1072 86 21 alldeles
849 1072 46 21 icke

70 1101 35 21 mä
120 1101 108 21 användas
243 1101 33 21 till
291 1101 129 25 nattarbete,
436 1107 49 15 men
499 1101 70 21 finner
583 1101 47 21 icke
645 1101 70 26 nägon
730 1101 54 21 väda
795 1101 52 25 deri,
863 1103 33 18 att

71 1130 53 21 barn
146 1130 34 21 vid
205 1130 40 21 den
269 1129 74 22 åldern
364 1129 103 22 arbetade
490 1130 12 21 8
525 1129 87 22 timmar
630 1135 34 16 om
680 1129 74 26 dagen.
784 1129 111 26 Begagnas

69 1158 54 21 barn
145 1158 31 21 till
192 1158 74 21 arbete
281 1158 98 25 nattetid,
403 1157 24 22 sä
442 1159 24 20 är
482 1158 36 21 det
534 1158 115 27 hinderligt
664 1158 34 21 för
712 1157 147 27 utvecklingen
874 1157 23 22 af

69 1187 62 21 deras
147 1187 60 27 fysik.

139 1249 55 21 Herr
215 1244 152 32 Öhrnberg:
389 1249 37 27 jag
440 1248 87 22 förenar
542 1248 43 28 mig
603 1248 49 22 med
667 1248 26 22 de
709 1248 73 26 talare,
803 1254 46 16 som
864 1248 31 21 af-

69 1278 49 20 rädt
141 1278 85 20 ständet
248 1278 47 21 frän
317 1279 33 19 att
373 1277 82 22 befatta
477 1277 33 27 sig
525 1277 48 21 med
589 1277 63 21 dessa
667 1276 165 28 bestämningar,
855 1276 40 22 och

68 1312 62 15 anser
153 1306 47 21 dem
217 1306 52 21 böra
284 1306 142 21 öfverlemnas
442 1306 22 21 ät
479 1306 112 27 styrelsen,
614 1306 85 21 hvilken
715 1305 158 27 lagstiftningen
887 1306 7 20 i

68 1335 42 21 den
127 1335 60 21 delen
204 1334 113 27 rätteligen
332 1334 138 22 tillkommer.
500 1334 41 27 Jag
556 1334 99 22 förordar
671 1334 84 21 derföre
765 1334 130 26 antagandet

67 1363 24 21 af
103 1369 64 15 mom.
184 1364 12 20 2
212 1364 7 20 i
235 1364 40 20 den
290 1362 79 27 nädiga
383 1363 170 27 propositionen.

136 1425 56 21 Herr
214 1425 107 27 Bergh:
342 1425 37 27 jag
394 1425 87 21 förenar
496 1426 43 26 mig
554 1426 8 20 i
577 1425 56 21 hvad
649 1425 57 21 Herr
720 1425 103 21 Rosenius
838 1424 56 22 före-

66 1453 71 27 slagit,
160 1453 64 21 likväl
248 1454 47 20 med
311 1454 41 21 den
367 1454 155 24 modifikation,
545 1453 110 27 angäende
670 1453 53 22 barn
739 1453 66 21 under
821 1453 26 21 12
863 1452 30 26 är,

65 1488 46 14 som
134 1482 56 21 Herr
213 1482 65 21 Wolff
296 1482 124 26 framhållit,
443 1482 53 22 eller
511 1484 32 19 att
559 1482 54 21 barn
627 1482 35 21 vid
678 1482 41 21 den
735 1481 73 22 åldern
824 1481 19 27 ej
859 1480 34 22 mä

65 1510 109 21 användas
190 1510 33 21 till
238 1510 74 22 arbete
327 1517 60 14 mera
402 1512 28 19 än
445 1511 13 20 8
474 1511 87 20 timmar
576 1516 35 15 om
626 1511 76 26 dagen.
