1095 1825
303 175 183 21 Borgareståndet.
511 176 54 17 1867.
590 176 26 16 22
627 176 48 20 Maj.
837 172 42 21 975

77 260 115 28 framdeles
212 260 69 22 skulle
297 266 25 16 en
338 260 66 22 sådan
420 260 53 21 affär
487 260 72 22 kunna
574 267 51 15 vara
640 260 143 22 underkastad
799 261 103 27 återgång

77 288 69 21 Äfven
168 289 82 21 händer
272 289 42 25 det,
337 290 32 19 att
389 295 27 15 en
431 289 129 21 förbindelse
575 291 24 18 är
614 289 64 21 ställd
693 289 24 21 så
732 291 32 18 att
778 289 130 26 gäldenären

79 319 50 24 äger
144 319 44 19 rätt
204 319 32 19 att
250 317 72 21 betala
337 317 89 21 skulden
437 317 45 21 före
492 317 161 26 förfallodagen,
664 317 28 26 på
703 317 80 21 hvilket
793 319 44 19 sätt
848 319 15 20 t.
875 323 31 16 ex.

79 345 42 22 alla
143 345 134 22 skuldsedlar
299 345 32 21 till
354 345 102 22 Finlands
471 345 61 22 Bank
547 347 38 20 äro
601 346 23 21 så
638 345 126 27 stiliserade,
779 347 23 25 ty
819 346 26 21 de
859 346 49 27 lyda

79 374 60 21 alltid
155 374 89 21 sålunda
259 374 67 27 ,inom
341 374 28 21 00
383 374 113 21 månaders
511 374 80 27 utgång
606 374 93 21 betalar"
714 380 18 15 o.
744 380 16 15 s.
772 380 18 15 v.
813 374 95 21 Sålunda

79 402 45 21 står
140 403 36 20 det
191 403 124 26 låntagaren
330 401 46 22 fritt
391 404 33 19 att
440 402 71 21 betala
525 403 91 20 skulden
631 402 45 21 före
693 403 40 20 den
748 404 81 19 utsatta
841 403 66 26 tiden,

79 437 49 14 men
151 431 83 21 banken
257 433 50 24 äger
325 431 18 26 ej
359 432 44 19 rätt
418 433 32 19 att
467 430 92 22 affordra
573 431 78 21 honom
666 431 84 21 medlen
764 431 46 21 före
825 437 82 16 samma

79 459 38 21 tid.
147 459 79 22 Vidare
249 461 24 19 är
294 461 31 19 att
347 459 109 25 anmärka,
473 461 32 20 att
520 465 34 16 om
570 465 26 16 en
611 459 122 27 inteckning
748 461 24 19 är
786 461 65 25 tagen
866 459 40 22 och

80 487 107 22 fastställd
207 489 56 20 samt
284 487 185 28 fordringsägaren
489 488 35 21 vid
540 488 118 21 domstolen
674 488 65 21 sedan
754 488 101 26 anmäler,
871 488 37 21 det

81 515 42 22 han
146 516 88 21 återfått
255 516 144 27 penningarna,
428 517 24 20 så
473 517 74 26 tycker
563 517 37 26 jag
615 517 35 20 det
665 522 51 15 vore
731 516 38 21 bra
784 516 123 27 oegentligt,

82 546 32 19 att
129 551 26 15 en
170 545 66 21 sådan
251 545 122 26 inteckning
387 545 56 20 skall
458 545 64 21 rifvas
537 551 50 21 upp,
600 545 39 21 och
650 546 32 20 att
692 545 144 26 penningarna
847 544 61 22 skola

82 573 116 22 återbäras.

152 630 56 22 Herr
230 630 80 21 Holm:
334 630 40 22 den
396 630 7 21 i
419 636 63 16 mom.
499 631 19 21 d.
535 630 127 22 omnämnda
676 630 135 27 betalningen
827 630 82 21 lemnar

83 658 60 22 alltid
157 665 47 15 rum
220 658 32 22 för
268 658 127 22 misstankar
410 665 35 15 om
456 659 142 27 borgenärens
609 659 118 21 kännedom
738 658 23 22 af
769 658 140 27 gäldenärens

83 686 110 28 obestånd,
209 687 27 21 då
251 687 41 21 han
308 687 89 21 sålunda
411 688 7 20 i
434 687 63 21 förtid
513 687 68 21 finner
597 688 31 20 sin
638 687 68 21 fördel
716 687 31 21 uti
759 688 32 20 att
801 689 108 25 emottaga

83 721 26 15 en
134 716 47 21 icke
206 716 32 21 till
263 715 108 27 betalning
395 716 98 21 förfallen
518 716 69 21 skuld.
624 715 44 22 Och
694 718 36 18 äro
753 716 156 20 misstankarna

83 744 130 26 ogrundade,
230 744 24 21 så
269 744 48 21 sker
331 750 76 20 genom
424 744 147 27 betalningens
586 744 101 27 återgång
701 744 46 21 icke
760 744 69 26 någon
839 745 70 19 större

83 772 73 26 skada,
178 774 27 20 än
228 774 32 19 att
282 772 132 28 borgenären
437 772 101 22 försättes
560 773 7 20 i
590 772 86 22 alldeles
698 778 81 16 samma
803 772 106 26 ställning,

83 800 61 22 hvari
166 800 42 22 han
230 801 97 21 befunnit
348 802 38 26 sig,
405 807 35 15 om
456 802 36 20 det
506 801 108 27 primitiva
628 800 75 22 aftalet
718 807 33 15 om
766 800 143 22 förfallotiden

83 829 70 21 blifvit
175 829 90 22 emellan
287 830 77 20 honom
387 830 40 20 och
445 830 129 26 gäldenären
589 830 110 26 iakttaget.
730 828 44 22 Och
790 829 27 21 då
831 828 78 22 honom

84 858 89 20 sålunda
188 858 69 26 någon
272 860 57 19 orätt
344 858 7 21 i
366 858 75 26 sjelfva
460 858 74 22 verket
548 858 47 21 icke
610 858 54 26 sker,
680 864 48 15 men
744 858 35 20 det
793 857 70 27 tjenar
877 857 33 21 till

84 888 33 19 att
131 886 131 22 förekomma
272 886 93 27 oredliga
375 886 160 27 tillställningar
547 886 34 22 för
592 888 32 20 att
634 892 70 21 gynna
715 886 56 21 vissa
780 886 129 26 borgenärer

84 913 89 22 framför
188 915 73 24 andra,
276 915 68 21 skulle
352 915 38 27 jag
399 915 86 26 föreslå,
497 917 32 19 att
540 914 125 28 paragrafen
678 915 86 26 antoges
775 913 134 22 oförändrad.

153 971 56 21 Herr
232 971 149 22 Cederman:
401 971 39 27 jag
462 971 65 22 beder
549 972 75 21 endast
647 973 32 19 att
698 971 20 21 få
733 971 112 20 instämma
860 971 7 20 i
883 970 26 21 de

85 999 85 27 åsigter,
185 999 49 22 herr
250 999 102 22 Rosenius
367 1000 86 21 uttalat.

154 1055 60 22 Efter
229 1056 70 21 slutad
314 1056 120 22 diskussion
445 1056 132 22 framställde
589 1057 55 21 Herr
655 1057 152 20 Talmannen
817 1055 92 28 följande

83 1084 142 27 proposition:

154 1141 94 27 Antager
263 1141 84 22 ståndet
363 1141 12 28 &
391 1143 27 20 46
435 1143 6 20 i
457 1142 152 27 lagutskottets
624 1141 134 22 betänkande
768 1140 141 22 oförändrad?

154 1192 161 27 Propositionen
338 1193 128 21 besvarades
488 1195 76 20 nästan
584 1193 101 27 enhälligt
698 1192 98 28 jakande,
812 1191 98 22 hvarföre

85 1222 11 25 &
112 1222 27 20 46
155 1221 76 27 ansågs
246 1228 51 14 vara
311 1222 23 20 af
347 1222 86 21 ståndet
448 1222 106 27 godkänd.

153 1272 12 27 $
180 1273 26 20 47
222 1272 88 27 gillades
325 1274 52 20 utan
393 1274 126 20 diskussion.

154 1324 11 26 $
180 1325 28 20 48
223 1326 75 25 antogs
313 1324 7 21 i
335 1324 95 28 enlighet
444 1325 49 21 med
509 1325 40 21 den
564 1325 77 26 nådiga
655 1324 164 27 propositionen.

154 1375 27 27 $8
197 1376 27 20 49
240 1375 39 21 och
295 1376 27 20 50
337 1376 125 27 godkändes
477 1378 52 19 utan
545 1376 126 21 diskussion.

469 1439 13 27 8
497 1439 34 21 51.

155 1484 63 26 Öfver
234 1490 69 20 denna
318 1489 12 28 $
345 1490 87 26 yttrade
447 1490 32 26 sig
494 1490 93 26 följande
602 1489 78 21 talare:

154 1539 56 22 Herr
225 1540 158 21 Granström:
397 1540 39 27 jag
451 1540 98 22 förordar
564 1540 136 27 paragrafens
716 1539 118 26 antagande
847 1537 65 26 enligt

85 1567 41 22 den
148 1568 77 27 nädiga
247 1569 167 26 propositionen,
437 1571 23 24 ty
479 1569 37 27 jag
539 1575 62 15 anser
623 1569 36 21 det
674 1569 46 21 icke
735 1574 51 15 vara
796 1563 29 37 ur
837 1568 74 24 vägen,
