1095 1825
310 146 183 21 Borgareståndet.
519 147 55 16 1867.
599 146 25 18 27
636 146 48 21 Maj.
829 142 53 22 1091

85 232 70 21 fande.
186 231 43 27 Mig
244 231 72 27 tyckes
332 231 23 21 så
371 231 85 27 mycket
471 232 83 20 mindre
574 231 47 21 skäl
636 230 132 22 förekomma
783 233 33 19 att
830 238 29 15 nu
875 233 38 21 be-

85 260 41 21 fria
142 260 94 26 säterier,
260 260 129 26 ladugårdar
404 262 56 18 samt
475 260 33 21 rå-
525 260 39 21 och
580 260 146 21 rörshemman
742 260 47 20 från
805 260 107 26 inqvarte-

85 289 67 26 rings-
168 288 40 21 och
223 288 396 27 transportskjutsningsskyldigheten,
636 294 45 15 som
698 288 85 21 ståndet
798 289 66 20 redan
877 290 35 20 vid

86 316 154 27 behandlingen
256 316 22 21 af
293 316 73 27 frågan
383 323 34 14 om
433 317 192 26 skjutshållningen
641 318 71 19 ansett
727 316 61 21 äfven
800 317 47 21 dem
859 317 53 22 böra

85 345 46 21 deri
153 345 91 26 deltaga.
275 345 60 20 Hvad
359 345 107 21 olikheten
489 345 91 21 emellan
603 345 159 26 propositionen
785 345 40 21 och
843 345 69 22 första

85 373 136 22 alternativet
236 373 23 21 af
272 373 117 21 utskottets
404 373 135 22 betänkande
555 373 139 25 vidkommer,
710 373 22 21 så
746 375 23 19 är
780 374 39 21 den
831 375 81 24 ganska

86 402 108 27 obetydlig
210 402 39 21 och
264 401 66 27 angår
345 401 178 27 hufvudsakligen
539 402 113 21 befrielsen
668 401 23 21 af
704 401 112 26 boställen,
839 402 73 21 hvilka

85 431 66 26 enligt
173 431 159 26 propositionen
355 430 67 21 borde
444 431 7 20 i
473 430 165 27 ifrågavarande
661 431 75 20 besvär
758 431 85 26 deltaga
858 431 55 21 efter

85 459 41 20 den
149 459 121 21 nuvarande
294 459 159 20 arrendetidens
475 459 89 26 utgång,
592 465 48 14 men
661 459 84 26 jemlikt
766 459 145 21 betänkandet

85 487 69 21 skulle
169 487 47 22 från
232 487 66 21 sådan
314 487 132 27 delaktighet
461 487 45 22 helt
522 488 39 21 och
574 487 66 22 hållet
651 487 85 22 befrias.
759 487 152 22 Ecklesiastik-

86 517 80 20 statens
189 516 106 21 boställen
316 515 65 22 hafva
403 516 65 27 tagits
490 516 6 21 i
520 516 117 26 beräkning
656 516 34 21 vid
706 516 169 21 bestämmandet
891 517 21 20 af

85 544 172 27 Presterskapets
280 544 91 26 aflöning
393 545 39 20 och
452 544 37 27 jag
512 544 68 21 finner
597 545 84 20 derföre
698 545 46 20 dem
760 545 18 26 ej
795 545 52 21 böra
863 545 47 21 med

85 573 41 21 slik
149 573 119 27 skyldighet
290 573 109 26 betungas.
429 572 137 22 Beträffande
582 572 46 22 åter
644 573 180 21 militieboställen
839 573 72 21 kunde

84 601 161 27 propositionen
260 601 62 21 hafva
337 601 47 21 skäl
399 601 34 21 för
448 602 31 26 sig
496 607 41 20 om,
553 601 71 22 såsom
640 602 6 20 i
662 602 48 21 dess
726 601 46 22 8:de
789 603 10 25 $
813 601 96 26 föreslås,

85 630 115 21 ständerna
222 630 68 21 skulle
313 630 76 26 bevilja
413 632 31 19 ett
459 630 74 26 anslag
549 630 32 21 till
597 630 136 22 bestridande
748 630 24 21 af
785 631 25 21 de
826 631 84 27 inqvar-

85 658 201 27 teringskostnader,
310 664 45 16 som
378 658 105 22 härintills
507 659 71 26 utgått
600 658 48 22 från
670 659 159 21 militiefonden.
861 659 49 21 Men

86 686 58 22 detta
159 687 79 27 förslag
253 687 39 21 har
308 687 105 21 utskottet
429 687 27 27 på
471 688 86 26 angifna
573 687 47 21 skäl
635 687 99 27 afstyrkt,
750 687 111 22 hvaremot
876 690 33 19 ut-

85 715 81 21 skottet
181 716 96 20 förordat
292 718 32 18 att
340 716 98 26 samtlige
454 716 73 21 städer
541 716 7 21 i
564 716 73 20 landet
651 718 132 24 gemensamt
798 716 39 21 och
850 716 59 22 kom-

84 750 102 15 munerne
209 744 27 26 på
258 744 71 21 landet
352 744 80 21 länevis
448 744 68 22 skulle
533 744 85 27 deltaga
633 745 6 20 i
655 744 95 21 lättande
766 744 22 21 af
801 744 108 27 inqvarte-

85 772 73 27 ringen
181 772 27 26 på
224 773 25 21 de
265 774 64 22 orter,
353 773 38 21 der
407 773 40 21 den
463 772 110 22 förefaller
589 774 77 26 tyngst.
696 773 40 26 Jag
753 775 44 19 tror
813 775 38 24 att,
875 780 34 14 om

84 807 49 15 man
156 800 109 22 ähvälfver
287 801 182 21 militieboställen
492 808 26 14 en
534 801 66 21 sådan
616 804 72 24 tanga,
711 801 61 21 skola
787 802 122 20 intraderna

84 829 32 21 till
139 829 153 22 militiefonden
308 830 45 20 åter
368 830 94 21 minskas
479 830 40 21 och
535 830 90 21 sålunda
640 830 54 21 intet
708 830 33 20 för
757 830 72 21 landet
844 830 66 22 blifva

83 860 85 19 vunnet.

152 914 56 21 Herr
223 915 168 26 Lindegvist:
405 914 37 27 jag
458 917 24 18 är
494 914 130 27 fullkomligt
637 921 49 14 ense
698 915 47 20 med
756 915 55 20 Herr
822 915 87 27 Östring

84 943 81 26 derom,
188 945 32 19 att
238 943 11 27 $
264 943 13 20 2
293 943 65 26 enligt
373 943 161 26 propositionen
550 943 92 21 ofelbart
658 945 24 19 är
696 945 79 26 rättast
790 943 39 21 och
844 944 65 26 yrkar

83 971 83 21 derföre
190 971 48 22 dess
260 972 126 26 antagande.
416 972 50 21 Men
484 974 40 22 att,
547 971 71 22 såsom
633 972 56 21 Herr
704 971 87 27 Östring
807 971 102 27 derjemte

83 999 63 27 gjort,
170 999 106 28 tillstyrka
298 1000 181 26 Borgareständet
495 1002 32 19 att
541 1007 76 20 genom
634 1001 37 20 sitt
686 1000 71 21 beslut
772 1000 137 22 sanktionera

85 1028 36 21 det
143 1027 133 22 förhällande
296 1030 32 19 att
347 1029 162 24 frälsesäterier,
533 1029 130 26 ladugärdar
679 1031 55 18 samt
749 1028 31 21 rä-
797 1029 40 20 och
852 1031 56 19 rörs-

83 1056 98 21 hemman
204 1056 108 22 äfvensom
331 1057 136 22 ecklesiastik
482 1057 107 22 boställen
605 1057 68 22 skulle
688 1057 98 21 förblifva
801 1057 47 20 frän
865 1057 43 22 del-

83 1085 97 26 aktighet
194 1085 7 20 i
216 1085 162 26 ifrågavarande
394 1086 76 21 besvär
485 1085 102 25 befriade,
603 1086 42 21 kan
658 1086 38 26 jag
711 1085 33 21 för
760 1085 41 21 min
817 1085 34 22 del
862 1086 45 21 icke

81 1113 57 26 gilla.
177 1113 59 22 Skall
264 1114 164 27 ingvarterings-
455 1114 40 21 och
518 1114 389 27 transportskjutsningsskyldigheten

82 1141 94 22 fördelas
190 1142 24 21 sä
227 1142 68 27 jemnt
310 1143 39 20 och
366 1143 68 26 billigt
450 1149 45 15 som
512 1143 82 26 möjligt
609 1145 30 23 är,
656 1143 41 21 kan
713 1143 36 21 det
764 1143 45 20 icke
822 1143 86 21 komma

82 1169 69 28 ifräga
173 1172 32 19 att
227 1171 180 26 Borgareständet
426 1171 69 21 skulle
511 1171 89 26 bidraga
615 1171 32 21 till
663 1174 31 18 ett
710 1171 75 26 beslut,
809 1177 45 15 som
869 1171 39 27 gär

82 1201 24 19 ut
122 1199 27 26 pä
164 1200 32 20 att
210 1199 131 21 fortfarande
358 1199 109 22 bibehälla
482 1200 92 21 nämnde
590 1200 122 26 lägenheter
725 1200 35 21 vid
770 1206 26 15 en
807 1199 101 28 oförtjent

82 1227 98 22 befrielse
195 1228 46 21 frän
257 1228 67 21 denna
339 1230 73 25 tunga.

151 1284 55 21 Herr
228 1280 114 31 Östring:
367 1284 27 22 dä
414 1285 38 27 jag
474 1284 135 22 framställde
630 1286 58 20 mina
708 1285 74 26 tillägg
797 1285 32 21 till
845 1285 10 27 $
873 1286 11 20 2
900 1286 7 20 i

81 1313 159 27 propositionen
256 1313 79 21 skedde
351 1314 36 20 det
403 1314 92 24 derföre,
511 1315 32 19 att
555 1314 38 26 jag
608 1314 115 26 ingalunda
738 1313 54 21 varit
804 1313 41 21 den
855 1314 52 21 siste

81 1343 32 19 att
135 1340 82 28 päyrka
239 1342 150 26 upphäfvande
411 1342 24 21 af
456 1342 25 21 de
504 1342 162 26 ifrägavarande
682 1342 154 26 privilegierne.
866 1342 41 27 Jag

81 1370 39 20 har
143 1370 74 21 vunnit
238 1370 113 26 tillräcklig
375 1370 122 22 erfarenhet
514 1371 35 21 vid
565 1371 69 21 denna
649 1371 103 26 landtdag
766 1370 33 22 för
814 1372 33 20 att
861 1371 46 21 inse

81 1400 32 19 att
135 1400 32 19 ett
188 1398 125 27 obetingadt
335 1400 121 26 antagande
480 1399 24 21 af
524 1400 159 26 propositionen
701 1400 6 20 i
723 1400 69 20 denna
807 1399 34 21 del
856 1405 51 15 vore

81 1426 124 27 detsamma,
229 1433 44 15 som
297 1429 32 19 att
347 1428 141 26 tillintetgöra
503 1428 48 21 hela
567 1428 41 21 den
623 1428 109 21 tilltänkta
748 1428 157 26 författningen.

80 1454 27 22 Vi
129 1455 63 21 hafva
214 1456 7 20 i
244 1456 40 25 dag
306 1456 7 20 i
335 1456 224 26 grundlagsutskottet
580 1456 94 21 förehaft
688 1456 75 26 frägan
778 1462 34 15 om
828 1456 79 27 skjuts-

80 1482 129 28 hållningen,
232 1484 34 20 för
288 1485 31 19 att
338 1484 151 22 åstadkomma
505 1486 31 20 ett
551 1484 295 27 sammanjemkningsförslag
862 1484 45 21 deri

80 1511 40 20 och
143 1512 19 20 vi
185 1512 63 21 hafva
262 1512 8 21 i
284 1512 76 27 frägan
376 1518 34 15 om
426 1512 150 27 privilegierna
591 1514 89 20 kommit
696 1513 32 21 till
744 1514 36 20 det
795 1512 112 27 sjelffallna

79 1539 98 27 resultat,
193 1542 33 19 att
241 1540 35 22 tvä
292 1540 62 21 ständ
371 1542 87 20 stannat
474 1543 57 20 emot
547 1541 42 22 tvä.
612 1541 76 27 Nägon
703 1541 204 27 sammanjemkning
