1095 1825
202 127 42 21 678
391 130 182 22 Borgareståndet.
596 130 55 18 1867.
675 131 13 17 2
700 130 48 21 Maj.

174 216 102 26 beklagar
299 216 36 21 det
356 215 86 27 fåfänga
464 215 73 21 arbete
560 216 104 21 utskottet
680 215 6 21 i
701 216 77 26 sådant
792 215 99 22 afseende
906 215 93 27 nedlagt,

174 245 24 21 så
218 244 86 28 mycket
326 251 45 15 mer
393 250 45 15 som
463 244 110 26 utskottet,
596 244 27 26 på
638 246 42 19 sätt
696 244 56 20 Herr
786 244 93 26 Öhrnberg
893 244 104 26 anmärkt,

174 274 52 20 ökat
249 273 77 21 tvisten
348 273 7 20 i
377 272 73 22 stället
464 272 32 21 för
510 274 33 19 att
557 272 82 21 minska
655 272 45 21 den.
733 272 40 22 Oss
787 272 119 27 föreligger,
921 273 75 21 åtmin-

174 304 61 19 stone
250 301 71 22 såvidt
333 301 36 26 jag
384 301 42 20 kan
442 301 58 24 fatta,
516 301 45 20 icke
577 307 28 14 nu
616 307 25 14 en
653 300 93 21 definitiv
756 300 39 21 och
805 300 98 21 rationell
915 300 83 27 lösning

175 329 23 22 af
218 329 81 26 frågan.
328 329 112 22 Utskottet
463 329 53 21 hade
539 329 48 21 bort
609 331 74 24 genast
698 329 62 21 kasta
776 329 52 21 ifrån
844 328 33 27 sig
892 329 27 21 all
934 329 65 22 tanke

176 359 65 26 derpå
265 357 40 22 och
327 357 52 22 söka
399 357 146 22 åstadkomma
560 358 65 25 något
640 363 44 15 som
701 363 50 15 vore
766 357 87 26 möjligt,
870 357 128 22 besinnande

176 389 32 18 att
226 386 37 21 det
278 388 24 19 är
316 386 46 27 fyra
377 386 69 24 stånd,
462 391 45 15 som
523 385 59 22 skola
597 385 73 27 afgöra
685 386 73 25 frågan
774 385 39 22 och
829 387 33 20 att
878 385 59 22 dessa
952 385 46 28 fyra

176 415 62 21 stånd
261 416 56 19 ännu
341 415 70 20 dertill
434 415 67 20 måste
524 414 62 21 blifva
609 420 50 15 ense
674 414 49 21 med
738 414 109 27 styrelsen.
878 413 121 22 Utskottets

176 443 66 21 första
265 443 78 26 förslag
365 442 196 21 öfverensstämmer
584 442 121 26 visserligen
728 444 94 19 närmast
845 442 48 21 med
915 443 39 20 den
977 443 23 21 af

176 471 103 26 styrelsen
296 471 116 26 framlagda
428 471 135 26 proposition.
586 471 42 20 Det
643 471 67 20 andra
726 471 79 21 afviker
821 471 91 21 derifrån
929 471 6 20 i
947 471 51 22 flera

176 499 133 27 väsendtliga
319 499 186 26 omständigheter.
528 499 41 21 Det
579 499 89 21 föreslår
679 499 63 21 bland
754 501 65 20 annat
826 499 66 26 jemte
903 499 95 21 tillverk-

177 528 153 27 ningsskatten,
353 527 119 22 införandet
493 527 22 21 af
537 534 24 14 en
585 527 163 27 utskänknings-
770 527 39 22 och
828 527 169 26 utminuterings-

177 557 65 25 skatt,
258 556 84 21 hvartill
353 556 61 26 ingen
425 556 110 26 an!edning
548 555 65 27 gifves
623 556 5 20 i
640 556 163 26 propositionen.
826 556 71 27 Begge
907 555 90 22 alterna-

177 585 83 21 tiverna
274 587 93 25 upptaga
383 585 106 20 dessutom
504 587 57 18 utom
577 585 157 26 propositionen
750 591 27 14 en
792 584 120 27 visserligen
923 586 75 20 nästan

178 613 132 27 oundvikligt
328 613 120 26 nödvändig
463 613 131 26 bestämning
609 619 34 15 om
660 613 161 21 bränneriernas
836 613 86 21 storlek.
952 614 46 20 Den

176 642 78 26 nådiga
276 642 158 26 propositionen
458 642 71 26 tyckes
544 642 17 26 ej
578 642 114 20 förutsätta
707 644 31 18 att
754 648 47 14 man
817 642 70 20 kunde
903 648 49 14 anse
968 644 30 18 ett

178 670 108 21 minimum
302 670 21 21 af
337 670 77 25 40,000
430 670 91 20 kannors
536 670 134 26 tillverkning
685 669 33 21 för
733 672 31 18 ett
779 669 98 21 bränneri
892 670 32 20 för
936 672 61 19 stort.

177 698 40 26 Jag
240 698 39 21 har
302 699 42 26 mig
361 698 79 26 jemväl
463 698 98 21 särskildt
583 698 79 21 bekant
688 700 31 19 att
740 698 67 21 denna
823 698 54 26 åsigt
892 698 105 26 verkligen

178 726 77 22 strider
276 729 57 19 emot
348 726 120 28 styrelséns,
484 728 31 19 att
530 728 36 20 vår
581 726 117 22 finanschef
711 732 62 15 anser
788 733 25 15 en
829 726 133 26 tillverkning
977 727 23 21 af

178 756 78 25 40,000
278 755 82 21 kannor
380 761 50 15 vara
451 755 35 21 det
501 756 83 24 minsta,
601 761 45 15 som
662 755 41 21 kan
719 754 120 27 medgifvas.
870 755 73 21 Likväl
958 755 39 21 och

178 784 28 20 då
228 783 107 27 Styrelsen
358 783 100 25 framlagt
481 790 24 14 en
529 783 135 27 proposition,
682 790 45 14 som
742 783 46 21 icke
803 783 116 21 innehåller
934 784 64 26 något

178 812 78 26 förslag
279 812 6 20 i
308 814 76 23 ämnet,
407 818 62 14 anser
489 812 36 26 jag
547 814 32 18 att
601 812 103 26 styrelsen
724 812 34 20 må
774 812 67 26 skylla
856 812 31 26 sig
903 812 47 26 sjelf
963 818 34 15 om

178 840 115 21 ständerna
315 840 61 22 deraf
396 842 49 24 taga
468 840 31 26 sig
519 840 111 26 anledning
646 843 31 18 att
692 841 26 25 gå
734 840 81 21 utöfver
830 840 168 26 propositionens

178 868 99 21 innehåll.
308 868 40 27 Jag
373 868 42 22 kan
440 868 82 22 således
543 868 47 22 icke
613 868 43 21 låta
679 868 140 28 nyssnämnde
843 868 155 26 omständighet

178 896 79 22 afhålla
273 897 41 26 mig
329 897 46 21 från
391 899 31 18 att
437 896 104 27 tillstyrka
554 899 31 18 att
596 897 36 20 det
642 897 89 20 sednare
742 896 134 21 alternativet
886 896 22 21 af
917 897 80 21 utskot-

178 927 42 19 tets
242 925 135 21 betänkande
399 925 66 21 måtte
485 925 71 32 läggas
571 925 32 21 till
619 925 68 26 grund
702 925 33 21 för
750 925 118 21 diskussion
884 925 22 21 af
919 925 79 26 frågan.

178 953 49 21 Men
251 953 48 21 med
321 954 48 21 stöd
391 953 23 21 af
435 953 54 21 hvad
509 954 36 26 jag
559 960 28 14 nu
603 954 70 20 anfört
688 953 38 22 ber
738 955 38 25 jag
790 953 85 21 ståndet
889 953 46 21 icke
950 956 49 23 taga

178 982 36 21 illa
237 988 42 20 upp
300 989 33 14 om
346 982 37 26 jag
397 982 80 21 kanske
492 982 6 20 i
514 988 87 20 morgon
617 982 53 21 skall
686 984 51 24 säga
752 984 31 19 att
799 982 36 21 det
849 984 24 19 är
888 988 25 15 en
929 982 69 25 galen-

178 1010 52 27 skap
253 1012 32 19 att
300 1010 61 27 lägga
377 1011 59 20 detta
451 1010 111 21 alternativ
578 1010 31 21 till
625 1010 68 26 grund
708 1011 32 20 för
756 1017 25 14 en
797 1010 201 32 sammanjemkning

179 1038 22 21 af
221 1038 100 21 ståndens
345 1039 56 20 olika
422 1039 75 20 beslut.
528 1039 48 20 Med
599 1041 31 19 ett
653 1039 38 20 ord
708 1039 36 26 jag
760 1045 62 14 anser
838 1039 41 26 mig
895 1038 50 21 böra
960 1039 39 21 här

179 1067 68 21 uttala
269 1069 32 18 att
323 1067 19 20 vi
365 1067 113 26 ingalunda
500 1068 34 20 må
556 1067 65 21 tänka
643 1068 26 25 på
692 1069 32 19 att
746 1067 66 21 ordna
828 1066 170 27 bränvinsfrågan

179 1095 69 21 såsom
264 1095 33 20 för
312 1101 34 15 oss
356 1101 61 21 synes
428 1095 53 26 bäst,
492 1098 51 18 utan
553 1097 27 25 på
591 1097 43 20 sätt
646 1096 35 21 det
690 1102 62 21 synes
764 1102 34 15 oss
807 1095 86 27 möjligt.
915 1095 85 22 Presta-

179 1124 85 21 ståndet
280 1123 37 21 har
332 1124 65 21 redan
413 1124 80 26 antagit
508 1123 65 22 första
589 1123 136 22 alternativet
740 1124 22 21 af
776 1123 136 22 förevarande
927 1123 72 22 betän-

180 1152 74 25 kande,
270 1152 158 21 Bondeståndet
444 1155 29 24 är,
489 1153 64 25 enligt
569 1153 54 20 hvad
636 1153 37 26 jag
688 1155 52 23 tror,
756 1153 33 20 till
800 1159 26 14 en
836 1154 45 19 stor
892 1152 33 21 del
936 1152 64 21 också

180 1181 78 20 stämdt
274 1181 32 20 för
324 1187 80 14 samma
419 1181 119 24 alternativ;
555 1181 38 20 och
609 1181 47 20 hela
673 1181 47 20 mitt
735 1181 132 21 bemödande
882 1180 35 21 vid
932 1181 68 20 denna

180 1209 101 27 landtdag
296 1209 54 21 skall
365 1209 55 21 blott
435 1210 26 26 gå
476 1211 23 19 ut
514 1210 27 26 på
556 1212 32 18 att
603 1209 147 22 åstadkomma
763 1215 25 15 en
799 1209 202 27 sammanjemkning

180 1237 89 21 stånden
285 1238 89 20 emellan
389 1238 59 25 först,
464 1238 39 21 och
519 1238 46 20 med
581 1238 102 26 styrelsen
698 1238 44 21 sist.
772 1238 49 21 Men
833 1238 45 26 just
893 1244 25 14 ur
933 1238 67 20 denna

180 1266 106 26 synpunkt
308 1266 67 20 måste
395 1266 37 26 jag
455 1272 28 15 nu
505 1266 106 27 tillstyrka
634 1266 180 26 Borgareståndet
837 1268 32 19 att
884 1266 60 26 lägga
963 1266 37 21 det

180 1294 88 21 sednare
288 1294 134 21 alternativet
442 1294 31 21 till
488 1295 68 25 grund
571 1295 32 20 för
619 1295 118 21 diskussion
752 1296 8 20 i
775 1294 94 22 ärendet.
900 1295 40 20 Det
955 1294 44 26 har,

179 1323 69 20 såsom
271 1322 55 22 Herr
348 1322 70 27 Bergh
440 1322 114 22 framhållit
575 1325 58 19 stora
648 1323 128 27 förtjenster,
792 1325 23 25 ty
830 1329 34 15 om
879 1323 38 20 vii
933 1323 67 21 denna

178 1350 59 27 fräga
260 1350 60 22 skola
335 1351 79 21 sträfva
429 1351 31 21 till
477 1352 63 26 nägot
555 1351 48 26 mäl,
620 1352 23 20 sä
659 1354 23 18 är
698 1352 36 20 det
749 1354 32 18 att
797 1351 119 21 motarbeta
930 1351 70 21 luren-

179 1379 76 26 drejeri
278 1379 38 21 och
338 1379 160 27 lönnbränning,
514 1380 70 20 hvilka
600 1386 28 14 nu
643 1380 7 20 i
666 1380 112 21 decennier
793 1380 73 25 blifvit,
882 1382 32 18 att
926 1380 36 26 jag
976 1380 24 20 sä

179 1408 34 20 mä
234 1410 57 24 säga,
314 1407 100 27 afsigtligt
436 1408 139 26 uppammade
598 1408 5 21 i
624 1408 78 21 landet.
732 1408 39 21 Att
787 1408 61 21 dessa
863 1408 137 26 lagöfverträ-

179 1435 68 21 delser
269 1436 67 21 måste
358 1436 115 27 bekämpas
495 1439 23 18 är
533 1436 56 21 klart
605 1443 33 14 om
655 1438 17 25 ej
690 1437 36 21 det
740 1436 68 22 finska
823 1436 67 21 folket
905 1436 53 21 skall
973 1436 27 26 pä

178 1464 40 21 den
234 1466 67 24 vägen
316 1465 27 25 gä
359 1471 24 14 en
400 1464 136 27 depravation
552 1464 31 21 till
600 1467 74 24 mötes,
690 1465 85 21 hvilken
790 1471 42 20 nog
847 1465 48 21 sökt
907 1465 94 26 insmyga

177 1492 31 27 sig
224 1492 64 21 också
304 1494 26 25 pä
346 1493 65 21 andra
427 1495 69 24 vägar.

245 1520 78 21 Medan
339 1521 134 21 förestäende
486 1521 99 27 yttrande
600 1521 68 26 afgafs
685 1521 93 27 uppkom
794 1521 57 22 Herr
867 1521 111 21 Snellman.
