1095 1825
295 165 184 22 Borgareståndet.
504 166 56 17 1867.
586 166 9 17 1
607 166 48 21 Maj.
819 162 40 22 669

133 246 74 32 Öfriga
221 252 8 20 i
244 251 137 22 förevarande
403 251 68 27 fjerde
494 253 95 19 moment
611 251 23 21 af
654 251 236 28 författningsförslaget

64 281 106 26 upptagne
192 279 183 27 lagförändringar
397 280 71 21 blefvo
489 282 52 19 utan
564 280 120 22 diskussion
701 280 8 21 i
727 280 92 27 enlighet
841 281 48 21 med

64 308 116 22 utskottets
194 308 134 21 betänkande
343 308 23 21 af
379 308 85 21 ståndet
479 308 119 27 godkände.

343 393 148 21 Momenterna
507 393 13 21 5
537 393 38 21 och
591 395 20 24 6,

65 450 107 26 angående
187 450 72 21 hvilka
274 450 69 27 någon
359 449 119 22 diskussion
495 450 18 27 ej
529 449 67 22 heller
611 449 87 28 föreföll,
714 450 88 27 gillades
809 450 80 27 jemväl

64 479 28 27 på
106 479 57 22 Herr
177 479 181 21 Talmannens
373 479 133 26 proposition
522 478 23 21 af
557 479 91 21 ståndet.

400 563 117 22 Momentet
531 565 20 20 7.

132 621 56 22 Herr
198 621 112 27 Östring:
321 621 141 27 lagutskottet
472 621 39 21 har
522 621 39 21 här
572 621 108 27 föreslagit
690 623 30 19 ett
730 623 48 25 nytt
787 624 100 24 moment,

65 656 44 16 som
125 652 106 24 motsäger
246 650 32 27 sig
292 650 52 26 sjelf,
361 650 27 20 då
403 650 46 20 deri
464 650 105 21 förklaras
585 652 32 19 att
632 650 55 21 hvad
702 650 135 22 härförinnan
853 657 34 15 om

64 678 194 22 häradsnämndens
280 678 57 22 antal
359 678 39 21 och
420 679 121 26 antagande
556 680 24 19 är
595 678 98 27 stadgadt
715 678 40 22 och
773 679 28 27 på
815 679 73 28 hvarje

64 707 90 21 särskild
176 707 96 21 landsort
293 707 128 26 vedertaget,
444 707 54 21 skall
519 707 117 21 tillsvidare
662 707 97 21 förblifva
782 708 104 26 gällande.

64 736 73 22 Såsom
153 736 79 21 bekant
247 738 24 19 är
286 736 43 20 står
345 736 35 20 det
395 736 130 26 vedertagna
540 736 78 20 bruket
632 736 32 20 uti
678 735 145 27 ifrågakomna
835 736 52 22 hän-

64 765 76 21 seende
155 764 7 21 i
177 764 76 27 många
274 764 119 21 landsorter
408 764 7 21 i
430 764 55 21 strid
505 764 48 21 med
569 764 55 22 hvad
639 770 45 15 som
700 764 66 22 finnes
780 765 106 27 stadgadt.

65 793 121 21 Tvärtemot
207 793 55 21 hvad
285 793 39 21 den
345 792 77 27 nådiga
444 793 161 27 propositionen
625 792 117 22 innehåller
763 793 71 21 derom
855 795 32 20 att

64 821 212 21 öfverenskommelse
290 821 89 21 emellan
394 821 167 27 häradshöfding
576 821 40 21 och
626 822 139 20 nämndemän
775 822 112 21 framdeles

64 850 46 21 icke
125 850 34 20 må
174 856 39 20 ega
228 856 52 19 rum,
296 850 39 20 har
345 850 107 21 utskottet
462 850 39 21 här
511 850 57 21 velat
580 850 72 21 intlika
662 852 31 19 ett
702 850 74 26 sjunde
787 853 98 24 moment,

64 884 44 16 som
124 878 62 27 utgår
200 879 28 26 på
242 878 108 27 ingenting
365 884 44 15 mer
425 878 40 22 och
480 879 110 26 ingenting
606 878 80 21 mindre
696 880 27 19 än
734 880 32 20 att
777 879 111 27 legalisera

64 909 31 19 ett
116 907 86 26 vådligt,
225 913 48 14 men
288 909 23 24 ty
325 908 48 19 värr
388 907 82 26 ganska
485 907 89 21 allmänt
589 907 111 20 missbruk.
730 907 40 26 Jag
783 907 42 20 kan
840 908 47 21 icke

64 936 131 20 annorlunda
217 935 103 21 benämna
336 935 25 20 de
376 935 111 26 ackorder,
510 941 45 15 som
571 935 108 27 angående
695 935 192 22 nämndemännens

64 964 61 21 andel
140 963 7 22 i
162 963 260 27 häradstingsgästningen
444 963 89 22 emellan
554 964 47 21 dem
617 964 39 21 och
671 963 216 28 häradshöfdingarne

64 992 87 21 allmänt
166 998 39 21 ega
220 998 52 17 rum,
289 995 22 24 ty
325 992 154 26 verkningarne
495 992 62 21 deraf
569 992 63 21 hafva
642 993 7 20 i
659 993 89 25 sanning
760 993 55 20 varit
825 993 62 26 högst

63 1020 126 27 förderfliga.
215 1020 136 22 Oberäknadt
364 1021 40 20 den
416 1021 116 24 rättsväda,
546 1027 45 15 som
604 1021 82 26 ligger
677 1016 12 36 i
698 1021 70 26 dylika
778 1021 108 26 ackorder,

64 1049 62 21 hafva
141 1049 25 21 de
182 1049 40 21 ock
236 1049 93 26 bidragit
344 1049 32 20 till
389 1051 33 19 att
434 1049 111 27 förgväfva
557 1050 35 21 det
605 1049 134 22 kommunala
751 1049 58 21 lifvet
821 1049 8 21 i
840 1049 47 22 värt

63 1077 54 22 land.
148 1077 42 22 Det
212 1079 24 20 är
258 1080 31 19 ett
310 1077 112 27 missbruk,
441 1084 46 15 som
503 1077 46 22 haft
564 1078 32 21 till
611 1078 52 27 följd
678 1080 32 19 att
726 1078 35 21 det
775 1084 28 15 nu
818 1080 69 19 möter

63 1106 131 27 svärigheter
208 1108 32 19 att
256 1106 20 21 fä
291 1113 25 14 en
331 1106 118 21 välordnad
464 1107 252 26 kommunalförvaltning
727 1107 32 20 till
770 1107 72 25 ständ;
856 1108 31 20 ett

62 1135 112 26 missbruk,
196 1141 45 14 som
264 1135 63 21 också
347 1137 23 18 är
392 1135 90 21 skulden
499 1135 32 21 till
547 1137 32 19 att
595 1135 157 21 Bondeständet
767 1135 34 21 vid
818 1135 68 22 denna

62 1163 100 26 landtdag
177 1163 47 21 icke
239 1165 24 19 är
278 1163 24 21 sä
315 1164 178 25 representeradt,
510 1169 45 15 som
572 1164 35 21 det
623 1163 65 21 borde
699 1163 39 21 och
748 1163 70 22 kunde
828 1170 57 15 vara.

61 1192 27 21 Vi
110 1192 62 21 hafva
194 1192 58 21 bevis
271 1191 27 27 pä
313 1192 116 27 sanningen
445 1192 23 21 af
481 1192 56 21 hvad
549 1192 38 27 jag
601 1194 66 25 yttrat
681 1192 7 21 i
704 1192 26 21 de
746 1194 56 19 orter
817 1192 7 21 i
839 1192 48 21 vårt

62 1220 55 26 land,
141 1221 37 21 der
193 1221 104 21 nämnden
313 1221 121 27 verkeligen
450 1223 23 19 är
488 1221 7 21 i
511 1221 124 27 ätnjutande
650 1220 23 22 af
686 1220 71 22 halfva
772 1221 114 26 tingsgäst-

61 1250 84 26 ningen,
165 1249 103 27 jemförde
290 1250 48 20 med
360 1250 26 20 de
409 1251 64 23 orter,
498 1250 38 20 der
559 1250 59 20 detta
637 1250 46 20 icke
699 1251 23 19 är
737 1249 148 22 förhällandet.

61 1278 42 21 Det
125 1280 24 18 är
172 1277 104 27 sjelffallet
299 1280 31 19 att
353 1278 72 26 dylika
448 1278 103 21 ackorder
574 1278 60 21 skola
656 1278 88 26 bidraga
764 1278 69 21 dertill
854 1280 32 19 att

61 1306 91 26 verkligt
168 1306 84 27 dugliga
266 1312 101 21 personer
378 1306 17 27 ej
408 1306 51 27 vilja
469 1306 62 28 ätaga
541 1307 32 26 sig
583 1307 168 20 nämndemanna
761 1306 124 27 befattning,

61 1335 88 21 emedan
172 1335 26 21 de
220 1335 18 27 ej
260 1335 50 27 vilja
331 1335 133 21 underkasta
485 1335 32 27 sig
540 1336 35 20 det
598 1335 111 25 beroende,
730 1335 6 21 i
757 1335 80 21 hvilket
859 1336 26 20 de

62 1364 120 26 derigenom
203 1364 73 20 ställas
299 1364 31 20 till
346 1364 108 20 domaren.
484 1364 43 21 Det
542 1366 25 18 är
581 1364 55 20 blott
652 1364 25 20 de
692 1365 75 22 sämre,
783 1370 44 14 som
843 1364 43 20 läta

61 1392 68 20 förmä
144 1392 31 26 sig
190 1392 70 21 dertill
275 1392 45 25 och,
336 1392 33 21 för
385 1394 32 19 att
433 1392 41 21 öka
490 1392 111 21 domarens
616 1392 122 24 inkomster,
750 1392 61 20 äfven
822 1392 64 21 blifva

61 1423 98 24 antagna.
184 1420 74 22 Säsom
274 1420 78 22 bekant
362 1420 86 22 förevar
458 1421 35 21 vid
509 1421 51 21 sista
570 1421 102 26 landtdag
682 1427 26 14 en
719 1420 63 27 nädig
792 1420 94 27 proposi-

60 1449 51 25 tion,
128 1449 104 27 utgående
247 1449 27 27 pä
284 1451 32 19 att
326 1449 104 27 befrämja
441 1450 116 20 nämndens
568 1449 90 27 höjande
668 1455 76 21 genom
755 1451 31 19 att
797 1449 89 21 tillsätta

61 1478 121 20 densamma
204 1478 90 20 medelst
315 1478 34 20 val
371 1478 24 20 af
414 1478 136 21 kommunen.
580 1478 136 26 Olyckligtvis
732 1478 102 20 stannade
849 1478 36 20 tvä

60 1506 62 20 ständ
145 1508 56 19 emot
223 1506 41 23 tvä,
284 1506 38 21 och
339 1506 40 21 den
395 1506 97 27 tolkning
507 1506 23 21 af
543 1507 125 20 ständernas
683 1506 70 21 beslut
765 1506 73 26 gjorde
853 1506 33 26 sig

60 1534 103 26 gällande,
185 1536 32 19 att
239 1534 73 27 frägan
333 1534 67 21 borde
422 1535 90 21 förfalla.
542 1528 134 27 Ätminstone
696 1534 29 21 lät
741 1534 101 27 styrelsen
858 1534 27 21 dä

59 1562 66 21 saken
147 1563 98 20 förblifva
266 1563 35 21 vid
316 1563 36 21 det
367 1563 78 26 gamla.
475 1563 35 21 Nu
526 1563 39 21 har
579 1563 103 27 styrelsen
698 1563 116 21 emellertid
829 1563 56 21 velat
