1095 1825
215 129 41 21 746
416 133 183 21 Borgareståndet.
626 135 53 17 1867.
704 135 12 17 7
728 135 48 21 Maj.

254 218 33 22 På
309 219 72 21 derom
405 219 24 21 af
446 219 56 21 Herr
524 218 170 22 Talmannen
716 218 63 29 gjord
802 219 61 27 fråga
885 220 46 22 blef
950 221 64 26 sagde

185 248 134 27 proposition
342 247 145 22 öfverlemnad
510 248 31 20 till
565 250 141 19 sammansatt
730 248 123 22 ekonomie-
875 251 56 19 samt
951 251 63 19 stats-

186 276 40 22 och
242 276 216 26 bevillningsutskott.

256 332 80 21 Vidare
356 332 126 27 föredrogos
503 332 92 26 följande
616 332 33 21 till
664 331 87 22 ståndet
766 332 107 21 ankomna
888 333 126 26 protokolls-

187 361 89 26 utdrag:

260 417 41 26 1:0)
324 417 47 21 från
395 416 158 27 presteståndet
573 417 34 20 för
628 417 40 20 den
685 417 12 20 3
713 417 6 20 i
736 417 69 20 denna
820 417 85 24 månad,
920 417 94 22 innehål-

187 446 64 21 lande
275 445 96 21 ståndets
391 445 71 21 beslut
479 445 7 21 i
505 445 75 26 frågan
604 451 34 15 om
664 446 120 25 antagande
803 445 23 22 af
845 452 26 15 en
892 445 123 27 förordning

189 474 92 21 rörande
301 474 110 25 bevisning
432 479 76 21 genom
530 473 133 22 handelsbok
685 473 39 22 och
747 473 90 27 räkning
861 474 58 21 öfver
942 474 73 21 utbor-

188 503 54 26 gade
258 508 69 15 varor.

258 551 69 34 Sagde
343 558 198 27 protokollsutdrag
556 558 124 21 föranledde
692 558 18 27 ej
722 559 32 20 till
766 559 69 26 någon
847 559 72 22 vidare
932 558 81 27 åtgärd,

189 587 101 21 hvarföre
306 587 118 21 detsamma
439 587 68 21 skulle
522 593 25 14 ur
563 587 76 20 diariet
654 585 85 22 afföras.

260 644 43 26 2:0)
319 644 47 20 från
382 644 157 20 Bondeståndet
555 644 32 20 för
598 644 40 20 den
650 644 27 20 26
689 643 95 21 sistlidne
796 644 65 26 April,
875 644 47 21 med
933 644 82 26 inbjud-

191 673 50 26 ning
264 672 32 21 till
317 672 127 26 deltagande
464 672 7 20 i
489 678 25 14 en
530 672 133 26 underdånig
678 672 90 26 petition
785 678 34 15 om
835 672 145 22 återkallande
995 673 22 21 af

191 700 161 27 bestämningen
380 700 109 26 angående
515 699 99 28 flyttning
639 700 23 21 af
684 700 300 22 folkskolelärareseminariet
1008 702 8 20 i

190 729 123 27 Jyväskylä,
329 728 53 22 eller
398 729 128 21 åtminstone
541 728 95 27 uppskof
649 729 48 21 med
713 728 187 27 verkställigheten
917 729 65 21 deraf.

261 786 11 20 I
294 786 114 26 anledning
428 785 62 21 häraf
507 785 92 26 begärde
619 786 55 20 Herr
689 785 84 27 Bergh
789 786 61 21 ordet
865 786 38 21 och
920 786 95 21 anförde:

189 814 37 27 jag
242 814 68 21 skulle
326 814 87 21 anhålla
428 820 35 14 om
478 814 98 20 ärendets
592 814 154 26 bordläggning
762 814 27 26 på
803 820 26 14 en
845 814 72 26 vecka,
929 815 88 21 emedan

191 844 58 20 inom
270 844 64 19 stats-
350 842 39 21 och
405 842 232 26 bevillningsutskottet
652 842 61 26 fråga
728 844 24 19 är
768 842 62 21 väckt
845 844 32 20 att
891 843 34 21 för
939 844 77 19 använ-

192 871 70 21 dande
285 870 22 22 af
324 870 195 27 bevillningsmedel
537 872 54 24 göra
611 870 36 21 det
662 870 76 26 vilkor,
754 872 32 19 att
801 871 40 21 den
856 870 32 22 för
903 871 113 21 folkskole-

192 900 103 20 väsendet
315 899 103 26 anslagna
438 899 60 20 delen
519 898 62 21 deraf
595 898 18 27 ej
630 899 68 20 skulle
714 898 21 21 få
750 900 109 20 användas
874 899 32 20 till
921 899 95 26 uppbyg-

192 927 69 27 gande
278 927 22 21 af
313 927 65 26 något
393 927 141 25 seminarium,
551 929 52 18 utan
619 927 82 21 direkte
716 927 34 21 för
764 927 152 21 folkskolorna.

263 984 56 21 Herr
337 978 120 32 Östring:
471 983 37 27 jag
523 983 65 21 beder
604 990 34 14 om
654 984 100 21 ärendets
770 984 153 26 bordläggning
938 984 43 21 tills
997 984 20 21 vi

193 1012 42 21 fått
256 1012 94 21 inhemta
373 1013 63 20 stats-
458 1011 39 21 och
513 1012 243 27 bevillningsutskottets
772 1012 133 21 betänkande
921 1013 7 20 i
943 1013 74 26 frågan

194 1047 34 15 om
244 1040 149 21 skolväsendet
407 1040 7 21 i
429 1040 78 21 landet.

262 1097 56 21 Herr
339 1096 103 21 Krank:
466 1103 44 14 som
533 1103 26 14 en
582 1097 24 20 så
628 1097 49 20 kort
698 1097 30 20 tid
750 1097 24 20 af
787 1097 128 26 landtdagen
931 1103 87 15 numera

194 1125 99 25 återstår,
309 1125 62 21 torde
387 1125 36 20 det
438 1125 46 21 icke
499 1125 68 20 finnas
583 1125 31 20 tid
629 1125 34 20 för
678 1125 62 26 långa
756 1125 184 27 bordläggningar,
956 1125 61 21 hvar-

194 1154 46 21 före
263 1153 140 21 förevarande
420 1153 77 21 ärende
513 1155 74 24 genast
603 1153 66 21 borde
685 1156 60 23 tagas
761 1154 68 21 under
843 1153 103 27 pröfning.
978 1153 39 22 Om

194 1184 64 19 stats-
281 1182 39 21 och
339 1181 232 27 bevillningsutskottet
593 1181 40 22 ock
654 1182 96 21 kommer
765 1184 32 19 att
812 1182 119 21 framställa
946 1182 36 21 det
996 1182 23 21 af

194 1211 57 21 Herr
274 1210 70 27 Bergh
368 1210 127 21 omnämnda
517 1209 86 28 förslag,
626 1209 24 22 så
674 1210 88 21 hindrar
783 1211 36 21 det
836 1211 24 27 ju
875 1211 46 21 icke
942 1212 32 20 att
990 1217 28 15 nu

195 1238 75 27 pröfva
292 1239 35 21 det
341 1239 7 20 i
363 1238 170 22 Bondeståndets
555 1239 199 26 protokollsutdrag
773 1240 86 25 intagna
874 1239 144 26 petitionsför-

195 1267 51 27 slag,
263 1267 63 21 hvars
341 1267 120 26 antagande
474 1266 36 27 jag
525 1266 103 22 förordar.

265 1324 56 20 Herr
337 1323 149 21 Lindblom:
501 1323 36 26 jag
552 1324 66 20 beder
634 1325 32 19 att
681 1323 21 21 få
718 1324 129 20 understöda
863 1323 56 22 Herr
934 1324 85 20 Kranks

196 1352 86 26 projekt
298 1358 33 15 om
347 1352 120 26 antagande
482 1352 23 20 af
519 1352 209 26 petitionsförslaget.

266 1408 56 20 Herr
345 1404 127 30 Östring:
494 1408 36 20 det
550 1408 62 20 torde
633 1408 46 20 icke
700 1414 52 14 vara
767 1408 56 21 Herr
837 1408 70 26 Bergh
924 1407 39 21 och
978 1408 42 26 mig

196 1436 121 21 förmenadt
338 1438 32 19 att
391 1436 21 21 få
434 1436 88 21 ärendet
543 1436 129 26 bordlaggdt
692 1436 128 21 åtminstone
839 1436 28 26 på
882 1436 85 20 kortare
983 1436 37 26 tid,

197 1464 90 22 emedan
301 1464 36 26 jag
352 1470 62 15 anser
430 1465 36 20 det
481 1464 87 21 alldeles
584 1464 132 26 nödvändigt
731 1466 33 18 att
779 1464 58 21 förut
847 1464 82 21 erhålla
941 1464 79 21 känne-

198 1493 48 21 dom
268 1499 34 15 om
323 1494 63 20 stats-
407 1493 37 21 och
466 1492 244 27 bevillningsutskottets
725 1492 136 22 betänkande
875 1493 7 20 i
897 1492 73 26 frågan
986 1498 35 15 om

198 1520 155 27 skolväsendet,
369 1520 60 21 hvari
445 1527 48 14 man
509 1521 38 20 har
563 1523 33 18 att
611 1521 97 20 förvänta
723 1521 65 26 något
803 1521 80 26 förslag
898 1527 34 14 om
943 1522 77 19 använ-
