1095 1825
327 130 184 22 Borgareståndet.
537 131 54 17 1867.
615 131 12 16 4
640 130 49 22 Maj.
849 126 41 20 725

108 220 29 24 gt.
168 218 33 20 En
216 217 66 21 sådan
299 216 98 26 ovisshet,
414 222 45 15 som
475 216 40 21 här
530 216 85 21 komme
630 218 33 20 att
678 216 84 27 uppstå,
778 216 40 21 bör
833 218 31 19 ett
879 216 43 27 lag-

107 246 104 26 tadgande
234 246 18 26 ej
273 244 56 27 gifva
344 245 114 26 anledning
473 244 38 21 till.
543 244 32 22 På
590 245 42 21 alla
648 245 25 21 de
690 245 46 21 skäl
749 245 36 26 jag
800 251 29 14 nu
844 245 77 27 anfört,

107 275 50 20 rkar
176 274 40 26 jag
240 276 32 18 att
295 274 59 20 detta
377 275 95 19 moment
494 273 41 21 bör
556 273 49 21 från
625 273 102 27 förslaget
742 273 57 26 utgå,
816 273 51 21 eller
882 274 39 25 att,

109 304 55 20 erest
186 302 38 21 det
245 302 65 21 likväl
329 302 55 20 skall
408 301 93 27 gvarstä,
524 301 100 22 anhållan
640 307 36 15 om
691 302 139 25 gäldenärens
845 302 77 20 försät-

106 331 51 21 ande
180 331 6 20 i
202 329 199 26 konkurstillständ,
418 329 59 22 äfven
494 336 34 15 om
545 330 41 21 den
601 330 129 21 framställes
746 329 24 22 af
782 329 70 25 nägon
867 329 54 22 hans

105 361 101 24 orgenär,
223 359 39 20 bör
277 359 33 20 för
325 360 32 19 att
372 358 77 21 hindra
464 359 81 20 verkan
560 358 23 21 af
596 358 154 27 utmätningen,
771 358 36 21 ske
818 358 24 21 sä
853 358 68 27 tidigt,

107 390 19 19 tt
141 387 120 22 domstolen
277 387 74 20 hinner
366 387 85 20 besluta
467 387 32 20 till
515 387 62 20 bocts
593 387 127 20 afträdande
731 387 39 20 och
781 387 59 20 detta
851 386 70 21 beslut

105 416 44 21 Si
171 415 162 27 verkställighet
353 415 56 21 inom
426 415 28 21 30
469 415 68 27 dagar
553 415 54 21 efter
623 415 35 20 det
674 415 146 26 utmätningen
835 415 85 22 skedde.

163 474 57 21 Herr
243 469 153 31 Öhrnberg:
418 473 7 20 i
448 473 53 21 strid
523 473 49 21 med
595 473 55 21 hvad
666 473 40 21 den
723 473 98 22 sednaste
836 473 84 22 talaren

104 504 65 23 'ttrat,
185 501 97 22 anhåller
295 502 36 26 jag
346 501 21 22 få
382 501 88 22 förorda
485 502 132 25 antagandet
627 502 23 21 af
658 502 118 21 utskottets
786 502 135 21 betänkande

123 531 69 21 denna
214 531 39 20 del.
285 530 40 21 Till
341 530 48 21 stöd
404 530 34 21 för
454 536 26 15 en
496 532 90 19 motsatt
601 530 55 27 åsigt
672 531 39 20 har
726 530 114 27 åberopats
856 531 66 20 bland

104 562 62 23 innat,
190 561 33 18 att
244 565 25 14 en
285 559 114 26 behörigen
415 558 118 21 verkställd
549 559 124 26 försäljning
688 558 23 21 af
725 561 78 19 utmätt
819 559 103 26 egendom

103 589 60 20 «kulle
179 587 67 27 enligt
260 587 116 21 utskottets
391 587 80 27 förslag
487 587 130 21 annihileras
631 593 76 21 genom
720 587 120 21 sedermera
850 587 71 27 yppad

103 617 93 21 tonkurs.
227 616 28 21 Så
277 616 38 20 har
339 616 129 20 åtminstone
490 617 37 25 jag
550 616 65 20 fattat
630 616 40 20 den
686 616 127 26 föregående
829 616 93 21 talarens

103 646 41 24 rd;
160 651 48 15 men
224 644 68 26 någon
308 644 66 21 sådan
390 644 87 26 mening
491 644 68 21 finnes
575 645 66 25 enligt
656 644 47 22 mitt
720 645 102 25 omdöme,
835 644 86 22 alldeles

104 674 37 21 cke
164 674 6 20 i
192 673 40 21 den
247 672 23 21 af
284 673 105 21 utskottet
405 672 123 27 föreslagna
544 673 167 26 bestämningen.
741 673 74 21 Denna
831 673 90 21 bestäm-

103 703 44 25 ning
160 702 39 26 går
215 702 103 26 nemligen
335 701 18 26 ej
369 703 24 19 ut
408 701 28 26 på
452 704 65 18 annat
533 703 27 19 än
575 704 33 18 att
623 701 101 26 förklara,
736 702 36 20 det
783 701 139 21 förmånsrätt

103 730 21 21 Då
145 730 68 26 grund
236 730 23 21 af
280 730 40 20 den
343 730 82 20 skedda
446 730 148 26 utmätningen
617 730 18 26 ej
658 731 50 25 äger
724 736 54 18 rum,
793 730 81 20 hvilket
889 730 33 20 för

104 765 55 20 ngen
172 759 34 20 del
221 758 99 21 inverkar
335 758 27 26 på
377 758 63 21 deras
456 760 51 22 rätt,
523 764 46 15 som
585 758 34 21 vid
632 758 87 21 auktion
730 758 53 26 köpt
793 758 40 21 den
844 758 77 26 ifråga-

102 788 87 20 varande
212 787 137 26 egendomen,
365 786 40 21 den
422 786 26 21 de
464 786 21 22 få
500 786 85 22 behålla
601 787 55 21 blott
672 787 25 21 de
713 787 72 21 betala
800 786 37 21 sitt
853 786 68 27 inrop.

101 816 43 20 Den
165 816 83 26 yppade
270 815 122 21 konkursen
415 815 84 25 verkar,
523 816 70 20 derest
616 815 129 27 egendomen
765 815 66 21 redan
853 815 68 21 blifvit

101 844 82 24 försåld,
200 844 55 20 blott
266 844 26 26 på
303 844 130 26 rättigheten
444 844 33 20 till
488 844 40 20 den
540 844 146 26 köpeskilling,
698 850 45 14 som
754 844 33 20 för
798 844 124 20 densamma

101 872 80 21 influtit.
213 872 73 21 Såsom
310 872 45 20 skäl
377 872 34 20 för
434 872 163 26 ifrågavarande
619 872 123 26 stadgande,
766 873 6 19 i
795 872 31 20 sin
849 872 73 21 helhet

101 900 127 25 betraktadt,
244 900 38 21 ber
295 900 37 26 jag
346 900 21 21 få
382 901 7 20 i
405 900 87 21 korthet
506 901 56 20 fästa
577 900 189 27 uppmärksamhet
781 901 34 20 vid
831 902 32 19 att
874 901 48 20 dess

101 928 97 21 ändamål
222 930 24 19 är
268 930 32 19 att
322 928 104 27 betrygga
448 929 98 26 samtlige
570 929 167 26 borgenärernas
753 930 43 19 rätt
811 928 39 21 och
865 928 58 21 före-

100 957 84 21 komma
207 957 54 20 hvad
284 963 48 14 man
356 957 67 20 under
444 963 28 14 nu
495 957 99 26 gällande
617 957 131 26 lagstiftning
763 957 18 26 ej
798 957 67 20 sällan
880 959 43 19 sett

100 985 89 26 inträffa,
206 985 104 26 nemligen
325 987 32 18 att
373 991 25 14 en
414 986 53 20 eller
483 992 70 14 annan
568 986 171 26 fordringsägare
750 985 47 21 med
808 985 51 21 eller
870 988 52 18 utan

100 1014 137 26 gäldenärens
255 1013 84 21 bistånd
355 1020 76 19 genom
448 1015 119 26 utmätning
583 1014 72 27 lyckas
665 1014 103 21 förskaffa
778 1014 31 26 sig
819 1013 104 22 förmons-

100 1044 44 19 rätt
164 1041 28 27 på
214 1042 119 21 bekostnad
354 1042 22 21 af
398 1042 26 21 de
448 1042 68 27 öfriga
531 1043 163 26 borgenärerna,
710 1042 82 21 hvilkas
807 1041 114 28 fordrings-

101 1070 92 27 anspråk
208 1070 7 21 i
231 1070 74 27 sjelfva
319 1070 74 21 verket
409 1072 39 19 äro
464 1071 44 20 lika
523 1071 141 26 berättigade,
680 1077 45 14 som
742 1071 59 20 hans.
832 1071 90 20 Dermed

100 1099 56 20 afses
178 1099 72 20 vidare
266 1101 32 18 att
312 1099 133 20 förekomma
460 1099 41 20 den
517 1099 23 21 så
555 1101 33 19 att
603 1101 51 24 säga
668 1099 150 26 kapplöpning,
835 1105 44 14 som
895 1099 28 21 då

100 1134 26 14 en
149 1133 88 20 persons
260 1127 102 21 obestånd
385 1127 42 21 blir
449 1127 74 27 kändt,
546 1128 97 26 vanligen
662 1127 88 27 uppstår
765 1127 89 21 emellan
869 1127 53 21 hans

99 1156 171 26 fordringsägare
291 1162 32 14 om
347 1157 33 19 att
402 1156 55 21 först
472 1156 65 21 hinna
552 1157 21 20 få
589 1157 69 25 utslag
674 1156 26 27 på
717 1156 76 21 honom
809 1156 39 20 och
863 1156 60 21 detta

100 1185 70 26 utslag
194 1185 65 20 sedan
282 1184 133 21 verkställdt.
445 1184 61 21 Hvad
523 1185 101 20 särskildt
639 1184 103 21 beträffar
756 1184 167 27 anmärkningen

100 1200 69 34 emot
179 1213 89 21 sednare
291 1213 61 21 delen
374 1213 23 21 af
419 1213 60 21 detta
499 1215 101 23 moment,
616 1220 34 14 om
666 1213 109 21 bristande
790 1200 133 40 konsegvens

99 1242 52 20 eller
174 1241 144 26 likställighet,
341 1241 24 21 sä
387 1241 69 21 måste
477 1242 42 26 jag,
537 1242 24 20 sä
577 1242 83 26 mycket
676 1242 63 20 värde
753 1241 36 27 jag
805 1241 67 32 äfven,
889 1241 34 21 för

99 1270 43 21 min
164 1270 40 25 del,
221 1257 67 33 sätter
302 1258 27 38 på
345 1276 26 14 en
386 1269 67 21 sådan
469 1270 146 26 likställighet,
632 1270 54 21 dock
702 1270 74 20 afråda
791 1270 39 20 den
847 1270 6 20 i
868 1270 55 21 före-

100 1298 92 21 varande
215 1298 34 20 del
271 1298 23 20 af
314 1298 81 26 frågan,
419 1300 21 24 ty
464 1299 38 20 här
518 1300 23 19 är
557 1305 26 14 en
599 1287 80 32 olikhet
694 1298 87 21 alldeles
797 1298 125 26 nödvändig.

99 1326 101 22 Anmäler
215 1326 128 26 gäldenären
359 1326 48 27 sjelf
423 1327 38 20 sitt
477 1327 104 21 obestånd
591 1327 33 21 för
636 1327 118 21 domstolen
765 1327 48 20 med
823 1326 100 21 anhållan

99 1357 32 19 att
146 1355 21 21 få
182 1354 88 27 upplåta
286 1355 31 21 sin
333 1355 104 26 egendom
453 1356 31 20 till
500 1356 102 25 konkurs,
618 1355 23 21 så
652 1355 41 21 kan
705 1361 25 15 en
741 1355 29 21 tid
781 1355 22 21 af
813 1355 26 21 30
851 1355 72 25 dagar,

99 1383 92 21 räknadt
213 1383 89 21 tillbaka
325 1383 47 21 från
392 1383 69 27 dagen
478 1384 32 20 för
525 1384 61 20 boets
603 1384 133 25 afträdande,
752 1390 51 14 vara
818 1383 49 21 fullt
881 1383 43 21 till-

99 1412 81 26 räcklig
195 1411 33 21 för
243 1412 130 25 ändamålet;
389 1418 49 14 men
454 1412 53 21 skail
523 1412 122 21 konkursen
661 1418 51 14 vara
723 1418 26 14 en
760 1412 51 26 följd
823 1411 22 21 af
854 1411 69 27 någon

99 1440 53 21 hans
168 1440 114 26 borgenärs
299 1440 72 20 derom
385 1440 86 21 utförda
482 1440 122 26 påstående,
615 1440 23 21 så
649 1440 68 21 skulle
728 1440 48 20 hela
787 1440 39 21 den
835 1440 89 21 afsedda

99 1470 74 24 nyttan
190 1468 38 21 och
244 1470 77 24 gagnet
336 1468 23 20 af
373 1469 129 25 stadgandet
512 1469 117 26 upphäfvas
641 1475 40 19 om,
693 1468 70 21 såsom
774 1468 39 21 den
824 1468 99 21 sednaste

99 1496 82 22 talaren
197 1496 115 26 föreslagit,
329 1497 62 20 dessa
407 1497 27 21 30
451 1497 66 26 dagar
535 1497 61 21 äfven
612 1498 5 20 i
634 1497 60 21 detta
709 1496 38 21 fall
762 1497 67 20 skulle
845 1497 78 21 räknas

97 1524 48 21 från
160 1525 58 20 tiden
234 1525 28 20 då
277 1525 50 20 boet
342 1525 102 21 afträdes.
474 1525 31 21 På
520 1525 69 26 grund
605 1525 22 20 af
642 1525 55 20 hvad
711 1525 37 26 jag
763 1525 69 21 anfört
842 1525 82 20 tillåter
