1095 1825
233 146 57 21 1068
429 152 183 21 Borgareståndet.
638 153 53 17 1867.
716 153 26 17 25
754 153 48 21 Maj.

202 231 111 22 hvarifrån
335 231 236 27 landtmannafartygen
587 233 38 20 äro
641 232 101 21 befriade.
773 232 41 27 Jag
828 232 65 27 yrkar
909 233 83 21 derföre
1006 233 28 26 på

204 266 26 16 en
246 260 141 27 likställighet
403 260 90 22 emellan
508 260 149 22 stadsmanna-
669 260 40 22 och
719 260 238 28 landtmannafartygen
972 261 61 21 äfven

202 289 8 20 i
226 289 61 21 detta
302 288 107 22 afseende.

274 345 56 21 Herr
353 345 147 22 Mustonen:
524 345 27 21 då
573 345 248 27 landtmannafartygens
839 346 60 21 antal
914 347 24 20 är
952 345 81 28 ganska

203 375 63 25 stort,
282 379 49 16 men
346 373 116 27 tillgången
477 373 28 26 på
519 373 76 27 lediga,
613 373 86 27 dugliga
714 374 105 26 skeppare
835 375 24 20 är
874 374 66 26 ringa,
953 374 24 21 så
986 376 46 19 tror

202 402 38 27 jag
262 403 33 20 att
317 408 76 20 genom
417 403 35 20 det
467 401 121 28 föreslagna
603 401 105 28 påbudets
723 402 112 21 införande
851 402 181 27 landtmannasjö-

203 430 71 22 farten
290 431 84 20 komme
389 430 45 28 helt
450 431 39 20 och
505 430 66 21 hållet
585 432 34 19 att
634 430 105 21 afstanna.
769 430 41 27 Jag
827 430 86 22 förenar
928 431 42 26 mig
985 431 47 21 der-

203 458 46 22 före
272 459 48 21 med
343 459 56 20 Herr
422 455 87 30 Östring
528 459 31 20 uti
574 459 56 21 hvad
645 459 43 21 han
702 459 32 21 uti
750 459 65 21 saken
830 461 73 25 yttrat,
919 459 112 22 hvarutom

202 487 36 27 jag
261 487 7 20 i
291 487 68 21 likhet
380 487 49 21 med
450 487 55 21 Herr
528 487 65 21 Wolff
613 493 63 15 anser
699 489 32 19 att
746 487 149 22 landtmanna-
910 487 38 22 och
964 488 67 21 stads-

204 515 177 27 mannafartygen
397 515 66 22 borde
479 515 65 22 blifva
558 515 147 27 fullkomligen
720 515 115 22 likställda.

274 573 56 20 Herr
345 572 168 21 Granström:
529 573 65 20 sedan
610 573 182 26 Borgareståndet
807 573 92 21 bestämt
914 573 31 26 sig
955 572 33 21 för
998 574 33 19 att

204 601 40 22 hos
265 601 60 21 Hans
341 601 118 27 Kejserliga
473 600 101 28 Majestät
589 601 129 27 petitionera
733 607 34 15 om
783 607 27 21 ny
825 601 206 27 seglationsordning

204 636 28 15 m.
248 636 34 17 m.,
299 629 23 21 så
337 636 62 14 anser
413 630 36 26 jag
464 630 36 21 det
514 630 47 21 icke
576 636 52 15 vara
642 630 28 26 på
685 630 32 21 sin
732 630 57 26 plats
799 631 32 20 att
841 630 86 21 ståndet
936 630 95 21 besluter

205 658 33 22 till
261 664 26 16 en
310 658 88 26 petition
421 658 7 20 i
450 658 36 21 det
508 658 61 27 syfte,
593 664 44 15 som
658 658 40 21 här
712 665 30 14 nu
756 658 127 26 föreslagits,
899 660 51 19 utan
966 658 66 21 borde

206 687 88 21 dermed
317 686 67 27 anstå,
407 686 44 22 tills
473 687 36 21 det
531 687 56 21 visat
609 687 37 26 sig,
669 686 56 22 hvad
748 686 99 22 afseende
863 687 64 27 sagde
942 687 90 27 petition

202 716 81 20 vunnit.

273 772 57 20 Herr
353 772 119 26 Östring:
486 771 37 27 jag
537 772 36 20 vill
589 771 47 21 icke
650 772 108 26 uppträda
775 774 56 19 emot
847 772 41 21 den
903 771 81 27 åsigten
999 773 32 19 att

204 800 56 21 både
283 800 149 21 stadsmanna-
448 800 39 21 och
502 799 238 27 landtmannafartygen
756 800 67 22 skulle
839 800 6 20 i
861 800 42 21 allo
919 800 112 26 likställas,

204 835 50 15 men
276 830 33 20 att
330 828 147 21 likställandet
499 828 49 21 sker
570 828 27 26 på
618 830 32 19 ett
671 830 44 20 sätt
738 831 32 19 att
791 834 24 15 en
831 828 138 27 förpligtelse,
985 834 46 15 som

205 857 81 26 åligger
308 856 240 28 stadsmannafartygen,
571 856 69 22 skulle
662 856 111 22 åhvälfvas
788 856 242 27 landtmannafartygen,

204 885 28 21 dä
254 885 37 21 det
313 885 123 21 tillochmed
459 886 24 20 är
503 884 147 27 fullkomligen
669 885 166 22 overkställbart
851 887 32 19 att
898 885 56 21 förse
969 886 62 20 dessa

203 919 75 16 senare
294 913 48 21 med
358 913 145 21 examineradt
518 913 63 26 befäl,
597 919 63 15 anser
673 913 37 26 jag
726 913 48 22 icke
788 920 51 14 vara
850 915 44 19 rätt
905 913 37 21 och
954 913 76 26 billigt,

204 942 18 26 ej
245 947 37 16 ens
306 941 65 22 klokt.
402 941 42 21 Det
467 943 24 19 är
513 941 18 27 ej
555 941 67 22 heller
638 942 70 27 nägon
724 942 65 26 nyhet
804 944 33 19 att
852 941 69 27 fartyg
936 941 57 22 föres
1009 941 23 21 af

204 970 161 21 oexamineradt
385 969 63 25 befäl,
471 972 22 24 ty
513 970 37 27 jag
571 971 46 20 tror
640 972 32 19 att
690 971 26 20 de
732 970 77 21 norska
825 970 97 27 fartygen
937 970 33 21 till
985 972 45 19 stor

203 999 35 20 del
253 998 57 21 föras
325 999 23 20 af
361 998 161 21 oexaminerade
537 999 111 26 skeppare.
661 1011 27 2 —
698 999 47 20 Den
762 999 22 20 af
792 999 107 20 utskottet
911 998 120 27 föreslagna

202 1026 162 27 bestämningen
387 1026 69 21 skulle
478 1027 64 26 enligt
557 1027 43 21 min
616 1027 64 21 tanke
696 1027 66 21 blifva
778 1027 63 26 högst
855 1027 126 20 ruinerande
996 1027 34 20 för

202 1055 248 26 landtmannasjöfarten,
473 1055 88 21 emedan
584 1055 103 22 redarene
708 1055 70 21 skulle
799 1055 65 21 blifva
887 1057 91 24 tvungne
997 1057 33 19 att

203 1083 67 21 anlita
286 1083 79 21 sädana
381 1083 160 22 oexaminerade
557 1083 111 27 skeppare,
684 1090 46 15 som
746 1084 57 26 ligga
817 1084 7 20 i
839 1083 100 22 städerna
952 1084 77 26 sysslo-

202 1111 48 22 lösa
272 1111 84 27 tillfölje
379 1111 22 22 af
422 1111 109 22 bristande
553 1112 130 21 förtroende.
713 1113 42 26 Jag
777 1113 82 20 känner
881 1112 92 26 specielt,
997 1114 32 19 att

201 1140 77 21 redare
300 1141 6 20 i
329 1140 208 27 landtmannafartyg
559 1140 74 27 finnas,
649 1141 74 20 hvilka
739 1147 50 14 anse
805 1142 32 19 att
853 1141 40 20 den
909 1140 121 27 föreslagna

202 1168 162 27 bestämningen
385 1175 51 14 vore
459 1169 40 21 den
521 1170 81 20 största
617 1169 81 27 olycka,
715 1175 46 15 som
776 1169 71 21 kunde
863 1169 82 21 drabba
959 1169 70 21 landt-

202 1197 187 27 mannasjöfarten.

270 1253 55 22 Herr
341 1254 81 21 Holm:
438 1254 7 21 i
460 1254 67 21 likhet
541 1254 50 21 med
606 1254 56 21 Herr
677 1254 66 22 Wolff
759 1255 38 20 och
808 1254 68 21 andra
886 1254 67 21 talare
966 1260 63 15 anser

198 1282 38 26 jag
258 1282 36 22 det
316 1288 51 14 vara
384 1282 76 27 billigt,
475 1284 33 19 att
523 1282 237 28 stadsmannafartygen
776 1282 105 22 likställas
896 1282 47 22 med
958 1282 70 22 landt-

200 1310 176 27 mannafartygen
398 1310 54 22 bäde
475 1311 6 20 i
504 1310 127 28 rättigheter
651 1311 39 21 och
706 1311 151 27 skyldigheter.
889 1311 44 21 Och
949 1310 27 22 dä
992 1311 36 21 det

200 1338 24 21 af
242 1339 107 21 utskottet
371 1339 75 26 gjorda
467 1339 80 27 förslag
568 1340 63 26 utgör
653 1346 26 14 en
697 1339 128 27 förmedling
840 1339 31 21 till
887 1339 104 21 vinnande
1007 1340 23 20 af

196 1366 64 22 -detta
283 1367 104 26 ändamål,
411 1367 24 21 sä
454 1367 68 21 håller
535 1368 38 26 jag
588 1368 45 21 före
649 1370 33 18 att
697 1368 118 21 utskottets
829 1368 81 26 förslag
925 1368 66 21 borde
1007 1368 23 21 af

199 1395 87 21 ståndet
307 1397 96 25 antagas.
433 1396 32 20 De
487 1396 53 26 skäl,
564 1402 46 15 som
632 1396 98 22 deremot
751 1396 87 26 anförts,
854 1402 63 15 anser
930 1396 36 26 jag
980 1396 48 22 icke

199 1429 52 15 vara
266 1424 23 20 af
302 1424 93 20 särdeles
410 1424 44 26 vigt
472 1424 39 21 och
526 1424 73 21 värde.
628 1424 43 22 Det
686 1424 46 27 har,
749 1425 65 20 bland
829 1426 73 24 annat,
917 1425 110 21 anmärkts

199 1453 33 19 att
254 1458 49 15 man
325 1452 82 21 fordom
430 1453 85 25 seglade
537 1454 52 20 utan
608 1453 146 21 examineradt
769 1452 57 22 befäl
841 1453 40 21 och
896 1452 130 22 underbefäl.

199 1480 67 21 Detta
288 1480 39 21 har
348 1481 31 20 sin
402 1480 107 27 riktighet,
532 1487 49 15 men
603 1482 7 20 i
633 1482 25 20 de
677 1482 85 20 tiderna
777 1488 37 14 var
830 1482 101 26 sjöfarten
945 1482 82 26 ganska

198 1508 114 21 inskränkt
331 1508 39 21 och
391 1508 55 21 hade
461 1510 46 20 icke
523 1510 41 20 den
579 1510 155 25 utsträckning,
750 1516 44 14 som
811 1516 34 14 nu.
876 1510 51 20 Man
941 1510 85 25 seglade

198 1537 99 26 vanligen
313 1537 53 20 efter
377 1537 150 27 landkänning.
552 1537 45 22 Och
608 1539 62 26 tager
680 1544 50 15 man
742 1538 107 21 dessutom
861 1537 6 22 i
877 1537 149 27 betraktande,
