1095 1825
218 153 43 21 824
418 158 185 22 Borgareståndet.
627 159 55 17 1867.
707 160 23 16 13
742 158 48 22 Maj.

188 244 143 27 stadganden.
361 244 41 27 Jag
424 244 97 22 anhåller
545 243 22 22 få
591 244 87 21 förorda
704 245 32 20 att
759 244 13 26 &
794 243 68 22 måtte
886 244 23 21 af
929 244 86 21 ståndet

188 274 98 26 antagas.

193 357 9 4 <
258 333 58 22 Herr
338 333 100 27 Bergh:
462 333 59 27 långt
542 333 55 22 ifrån
620 334 32 21 att
674 333 72 22 kunna
768 333 75 22 förena
866 333 43 27 mig
929 333 7 22 i
958 333 57 22 Herr

188 361 126 28 Öhrnbergs
337 362 61 26 äsigt,
421 363 33 20 att
473 361 30 28 8:s
519 361 155 27 omredigering
687 362 8 21 i
710 361 76 28 antydt
801 361 56 27 syfte
873 361 68 22 skulle
956 362 58 21 inne-

188 391 54 20 bära
264 396 27 15 en
313 390 136 27 motsägelse,
465 396 62 15 anser
540 390 37 27 jag
592 396 26 15 en
634 390 66 21 sädan
715 389 126 27 förändring
855 389 24 22 af
892 390 122 21 densamma

188 425 53 15 vara
256 418 131 27 fullkomligt
401 418 138 27 konsegvent.
569 418 80 27 Sjelfva
666 418 82 22 brottet
758 418 53 21 eller
821 418 193 27 brandstiftningen

188 447 95 21 erhåller
305 447 104 26 nemligen
432 453 27 15 en
474 447 44 21 helt
533 452 71 15 annan
619 447 108 26 karakter,
743 453 34 15 om
793 446 124 22 densamma
931 447 18 26 ej
966 447 48 20 sker

188 476 7 20 i
218 475 64 26 afsigt
306 476 33 20 att
359 475 109 21 ätkomma
491 475 259 27 brandskadeersättning,
774 477 51 19 utan
848 474 33 22 för
899 476 33 20 att
947 475 67 20 skada

188 503 70 27 tredje
280 509 57 15 man.
367 503 135 26 Handlingen
525 505 24 20 är
570 503 7 21 i
600 503 130 22 sistnämnde
752 503 38 22 fall
805 503 110 21 föranledd
930 503 47 21 icke
992 502 23 21 af

188 531 131 27 vinstbegär,
333 533 53 20 utan
401 531 24 22 af
437 531 85 22 hämnd.

258 559 85 22 Brottet
365 559 33 22 får
414 559 89 22 sålunda
518 566 45 15 mer
579 560 83 26 analogi
677 560 49 21 med
741 559 132 22 mordbrand
888 559 40 21 och
942 558 69 22 såsom

188 587 69 22 kändt
280 589 24 20 är
326 587 92 23 erhåller
438 594 26 16 en
486 594 85 21 person,
593 588 63 22 hvars
674 589 104 26 egendom
793 593 76 21 genom
884 587 128 22 mordbrand

184 616 44 27 går
242 616 103 27 förlorad,
361 617 118 26 ersättning
493 616 23 22 af
530 616 234 27 försäkringsgifvaren.
789 617 11 21 I
815 616 94 27 enlighet
924 616 88 21 härmed

188 645 68 21 borde
279 645 61 21 äfven
363 645 226 27 inteckningshafvare,
613 645 27 21 då
662 645 54 22 hans
736 644 101 23 säkerhet
851 650 76 21 genom
942 644 70 21 mord-

188 673 70 21 brand
272 673 39 27 går
325 673 103 27 förlorad,
443 673 82 27 åtnjuta
541 674 123 26 ersättning.

258 734 57 22 Herr
337 735 144 21 Rosenius:
505 735 6 21 i
534 735 113 27 anledning
666 735 23 21 af
702 735 57 21 Herr
775 730 122 31 Öhrnbergs
912 734 100 27 yttrande

188 763 37 21 vill
242 763 38 27 jag
297 763 54 21 fästa
365 763 189 27 uppmärksamhet
569 763 73 27 derpå,
658 765 33 20 att
706 764 26 20 de
747 763 62 21 flesta
823 762 115 22 utländska
952 768 59 16 assu-

188 792 115 26 ransbolag
318 792 7 20 i
341 792 46 21 sina
401 792 88 27 stadgar
503 792 75 26 intagit
593 792 37 20 det
644 792 69 21 vilkor
727 793 33 20 att
775 791 6 21 i
797 791 102 21 händelse
921 790 23 22 af
960 791 52 21 tvist

188 820 93 21 emellan
304 820 87 27 bolaget
411 820 39 21 och
472 820 228 27 försäkringstagaren,
720 820 41 21 den
777 819 55 28 skall
847 819 85 26 afgöras
947 818 66 27 enligt

188 848 36 21 det
246 848 62 21 lands
329 848 68 26 lagar,
420 848 38 21 der
479 848 221 27 försäkringstagaren
722 848 47 21 bor.
799 848 44 20 Aro
866 848 62 20 dessa
951 848 61 26 lagar

187 876 81 21 sädane
290 882 45 15 som
357 876 40 21 här
419 876 23 22 af
463 877 105 21 utskottet
589 876 127 28 föreslagits,
740 876 24 22 sä
778 876 97 21 kommer
890 877 31 20 ett
936 875 76 22 sädant

187 904 64 27 bolag
258 900 9 36 i
264 904 49 21 ett
322 904 38 21 fall
375 910 45 15 som
438 905 57 21 detta
510 904 135 27 naturligtvis
660 905 19 26 ej
695 904 73 22 betala
782 904 71 27 nägon
867 904 144 21 brandskade-

187 933 125 26 ersättning.
341 933 39 20 Ett
401 933 76 27 tillägg
499 933 32 21 till
552 933 12 26 S
585 933 8 20 i
608 933 36 22 det
659 932 100 23 afseende
772 932 37 27 jag
825 933 109 20 omnämnt
950 937 61 22 synes

187 961 43 26 mig
246 960 84 22 derföre
345 961 23 21 af
381 961 100 22 behofvet
496 961 116 26 päkalladt.

255 1022 61 22 Efter
338 1023 71 21 slutad
433 1023 126 25 diskussion,
581 1023 135 22 framställde
733 1023 56 21 Herr
802 1022 160 21 Talmannen
977 1021 33 22 till

186 1050 87 22 ständet
287 1050 93 27 följande

254 1112 178 27 Proposition:
448 1113 42 21 Vill
506 1113 85 22 ståndet
605 1115 79 24 antaga
699 1113 11 27 $
722 1113 14 21 4
747 1113 6 21 i
765 1112 94 26 enlighet
869 1112 48 21 med
927 1112 84 21 utskot-

186 1142 42 20 tets
250 1140 82 27 förslag
347 1141 52 22 eller
414 1141 55 21 skall
484 1141 90 22 nämnde
590 1142 12 27 $
617 1141 170 22 äterremitteras
802 1141 33 21 till
850 1141 112 23 utskottet,
977 1139 34 22 för

186 1170 32 20 att
241 1169 143 27 omredigeras
404 1169 7 21 i
428 1169 36 22 det
479 1169 60 27 syfte,
555 1171 33 20 att
603 1170 124 21 densamma
741 1169 48 22 icke
804 1169 85 21 komme
904 1170 33 20 att
951 1169 59 20 inne-

185 1197 56 22 fatta
262 1197 69 28 nägon
353 1197 154 28 inskränkning
528 1198 33 22 för
576 1198 37 22 det
627 1198 38 22 fall
680 1199 34 21 att
728 1197 208 27 försäkringsbolags
952 1196 59 22 stad-

185 1226 84 26 ganden
290 1226 107 22 innehölle
420 1227 146 27 medgifvande
588 1227 33 21 för
643 1227 69 27 tredje
734 1232 50 16 man
800 1227 33 20 att
847 1226 8 21 i
870 1226 72 26 hvarje
956 1225 55 21 hän-

186 1254 64 26 delse,
268 1254 27 22 dä
310 1254 42 22 han
367 1255 57 21 visar
439 1256 32 26 sig
486 1255 70 21 dertill
572 1255 128 26 berättigad,
716 1254 139 22 utpekomma
870 1254 140 26 försäkrings-

185 1288 97 16 summan
306 1285 55 19 samt
382 1283 131 27 försäkrings
533 1284 76 21 aftalet
624 1283 82 22 säledes
721 1282 71 22 blifvit
807 1282 29 27 pä
850 1282 77 22 sädant
942 1281 68 22 vilkor

184 1310 120 22 afslutadt?
328 1311 33 22 De
376 1318 46 15 som
438 1312 50 26 vilja
503 1312 36 22 det
554 1312 59 21 förra
628 1318 62 16 svara
703 1312 29 26 ja,
748 1311 27 21 de
791 1317 45 15 som
851 1312 61 20 rösta
926 1310 33 21 för
975 1310 36 21 det

184 1339 90 21 sednare
289 1339 40 27 nej.

253 1401 165 27 Propositionen
440 1402 127 22 besvarades
590 1402 48 21 med
657 1402 91 21 blandat
762 1401 22 27 ja
799 1401 41 21 och
855 1400 41 27 nej,
911 1400 99 21 hvarföre

185 1429 75 21 skreds
283 1430 31 21 till
336 1431 104 26 votering,
463 1437 44 15 som
531 1430 60 22 utföll
613 1431 49 21 med
684 1431 27 21 10
724 1430 24 27 ja
763 1431 58 20 emot
838 1430 26 20 14
878 1428 42 27 nej,
936 1428 7 21 i
958 1428 52 26 följd

184 1457 78 22 hvaraf
276 1459 11 25 8
303 1458 68 22 skulle
386 1459 33 21 till
433 1458 106 22 utskottet
554 1459 176 22 äterremitteras.

252 1514 11 21 I
286 1514 113 28 anledning
422 1514 22 22 af
464 1516 11 26 &
491 1516 12 21 5
521 1521 45 16 som
581 1521 30 16 nu
625 1516 119 26 föredrogs,
760 1514 85 22 föreföll
860 1513 92 27 följande
968 1513 42 21 dis-

183 1542 97 22 kussion:
