1095 1825
216 168 55 21 1188
398 173 183 21 Borgareståndet.
607 174 54 16 1867.
685 174 24 16 31
721 174 48 20 Maj.

184 259 88 21 ståndet
288 258 116 22 omfattade
420 259 105 27 principer
541 258 131 22 beträffande
684 260 24 20 de
720 265 16 15 s.
747 259 21 21 k.
779 259 66 21 reella
855 259 154 27 privilegierna,

184 287 40 21 har
246 287 157 26 Ridderskapet
424 287 39 21 och
481 288 66 20 Adeln
563 288 60 25 dock,
640 288 48 20 med
704 288 98 21 afseende
818 288 13 20 å
846 288 40 20 den
902 288 106 20 öfverens-

184 315 123 22 stämmelse
322 316 6 20 i
344 316 115 25 meningar,
476 322 45 15 som
536 316 34 21 för
586 316 63 27 öfrigt
664 316 55 21 varit
734 315 93 22 rådande
844 316 89 21 emellan
949 315 62 22 dessa

184 344 68 27 begge
268 343 68 26 stånd,
352 344 69 21 funnit
436 344 36 21 det
487 351 51 14 vara
554 351 25 14 en
596 345 38 20 kär
649 345 53 26 pligt
717 346 32 19 att
765 345 34 20 vid
816 345 59 20 detta
891 344 82 21 tillfälle
988 343 22 22 få

184 373 34 20 för
240 372 106 27 vällofliga
368 373 181 26 Borgareståndet
573 373 97 27 uttrycka
689 373 167 26 Ridderskapets
873 373 40 21 och
932 373 78 20 Adelns

184 401 157 26 uppriktigaste
357 401 138 26 högaktning.
526 401 55 21 Mine
598 402 85 21 herrar!
704 402 25 21 Vi
746 401 62 22 hafva
823 401 38 21 här
877 401 84 21 arbetat
977 401 33 21 för

183 436 83 15 samma
282 429 41 22 mål
340 442 26 3 —
382 430 19 21 vi
418 430 62 21 hafva
496 430 100 27 möjligen
614 430 52 21 farit
682 430 51 21 vilse
750 437 32 14 om
796 432 66 25 vägen
875 430 77 25 dertill,
966 429 44 22 lika

182 465 48 14 som
253 458 52 22 våra
327 459 82 20 ädlaste
433 459 135 20 sträfvanden
592 459 81 20 kunnat
696 458 66 21 blifva
779 459 165 24 missförstådda,
963 464 47 15 men

184 487 65 26 något
265 487 71 21 tvifvel
353 493 33 15 om
403 487 49 21 våra
469 487 97 26 afsigters
583 487 74 22 renhet
668 487 46 26 har,
725 487 47 21 Gud
783 494 50 15 vare
846 487 76 25 lofvad,
934 487 75 20 åtmin-

184 518 62 19 stone
268 515 47 22 icke
337 516 57 21 inom
411 516 196 26 representationen
623 515 48 27 sjelf
684 516 105 27 uppstått.
820 516 74 21 Lätom
912 521 33 16 oss
961 515 48 21 der-

183 544 47 21 före
246 551 35 18 nu,
298 544 27 21 då
340 545 20 20 vi
376 544 72 27 skiljas
464 545 22 20 åt
501 545 33 20 för
551 547 31 18 att
598 545 56 20 inom
671 551 26 14 en
713 545 148 20 inskränktare
873 545 58 20 krets
942 545 67 26 ytter-

183 573 68 27 ligare
268 573 64 20 verka
347 573 34 20 för
396 573 26 20 de
438 573 83 26 åsigter,
537 573 72 21 hvilka
625 573 19 21 vi
660 573 38 21 här
714 573 108 24 förfäktat,
838 575 53 24 göra
903 573 52 20 det
948 568 12 36 i
969 572 39 21 den

183 601 56 21 fasta
255 601 115 27 tillförsigt,
387 604 31 18 att
434 601 47 22 vårt
496 602 23 20 af
533 601 86 27 olyckor
635 601 39 22 och
690 602 124 21 missvexter
830 601 63 22 hårdt
908 601 100 27 pröfvade

183 630 56 26 land,
264 630 60 21 äfven
348 637 34 14 om
405 630 47 21 dess
475 631 86 20 framtid
585 631 98 21 stundom
702 637 50 14 vore
769 631 123 21 förmörkad
909 630 22 21 af
944 630 64 25 moln,

182 665 77 20 genom
284 661 30 19 ett
337 659 88 21 redbart
444 659 39 21 och
499 659 115 21 oförtrutet
629 660 73 20 arbete
719 660 53 20 skall
788 660 71 20 kunna
875 659 86 26 bringas
976 659 32 20 uti

183 694 26 21 en
233 688 66 20 sådan
321 688 105 26 ställning,
450 694 44 14 som
518 688 165 21 tillfredsställer
705 688 52 20 våra
780 688 72 26 billiga
873 688 134 25 önskningar.

182 713 131 30 Öfvertygad
329 718 32 19 att
377 716 61 21 dessa
454 716 85 22 känslor
555 716 22 21 af
593 717 34 20 det
637 716 105 27 vällofliga
753 716 179 27 Borgareståndet
943 716 64 25 delas,

182 744 92 22 utbeder
298 745 31 25 sig
351 745 156 26 Ridderskapet
529 745 38 21 och
584 745 67 21 Adeln
668 747 32 19 att
716 746 60 20 alltid
792 745 20 21 få
827 751 51 15 vara
893 744 115 21 inneslutet

182 774 32 20 uti
230 773 106 27 vällofliga
351 774 192 26 Borgareståndets
559 774 128 21 förtroende.

252 831 182 26 Deputationerne
458 830 97 22 afträdde
579 830 107 22 hvarefter
708 837 70 14 annan
799 831 65 21 sedan
880 830 49 21 herr
944 830 60 20 Tal-

181 866 117 14 mannen
322 859 12 21 å
357 859 191 27 Borgareståndets
572 861 80 25 vägnar
674 859 70 21 tolkat
765 859 96 21 ståndets
877 858 131 27 högaktning

182 888 39 20 och
244 894 73 14 varma
333 888 141 26 tillgifvenhet
489 888 34 21 för
538 888 59 21 såväl
613 888 160 21 Prestaståndet
790 894 44 15 som
851 887 156 26 Ridderskapet

180 916 41 21 och
245 916 67 21 Adeln
336 918 55 19 samt
414 916 108 21 inzeslutit
545 916 181 27 Borgareständet
745 916 6 21 i
772 917 61 20 deras
849 915 158 27 vänskapsfulla

181 945 121 26 hägkomst.

251 1001 60 22 Efter
327 1002 35 21 det
379 1002 117 21 emellertid
513 1002 39 21 den
569 1002 47 21 frän
631 1001 180 27 Borgareständet
824 1001 32 21 till
868 1001 138 21 medständen

180 1030 106 27 afgängna
308 1031 151 26 deputationen
482 1031 119 26 ätervändt,
624 1033 37 24 tog
684 1031 50 20 herr
749 1030 129 21 Talmannen
895 1030 74 21 afsked
985 1029 23 22 af

179 1059 88 22 ständet
283 1059 46 21 med
345 1059 92 26 följande
453 1060 49 20 ord:

250 1116 56 21 Mine
330 1116 90 21 Herrar!
452 1116 32 21 Dä
507 1116 19 21 vi
549 1123 29 14 nu
599 1116 54 21 efter
668 1116 84 20 slutade
768 1115 240 26 landtdagsmannavärf

179 1145 106 26 ätskiljas,
310 1144 32 22 för
358 1147 32 19 att
406 1145 79 21 enhvar
501 1145 98 26 ätertaga
615 1145 31 20 sin
662 1145 83 26 vanliga
761 1145 141 23 verksamhet,
919 1145 37 20 ber
969 1144 37 27 jag

180 1173 21 21 fä
216 1175 58 25 yttra
289 1173 66 27 nägra
371 1174 38 20 ord
426 1174 32 20 till
474 1173 81 21 afsked.
576 1174 45 20 När
634 1173 37 26 jag
686 1173 54 21 hade
756 1175 51 18 äran
819 1174 73 26 intaga
904 1173 101 21 talmans-

178 1202 72 21 stolen
266 1203 6 20 i
288 1202 106 27 vällofliga
409 1201 180 27 Borgareständet
609 1205 36 24 tog
658 1202 36 27 jag
710 1202 42 26 mig
768 1201 89 22 friheten
874 1203 83 22 nämna,
973 1203 33 19 att

179 1231 44 26 mig
246 1231 105 21 saknades
374 1232 63 25 nödig
459 1232 63 26 insigt
543 1232 34 20 för
599 1233 38 23 att,
660 1230 69 21 säsom
746 1231 31 26 sig
793 1231 72 26 borde,
882 1230 72 21 utföra
970 1230 35 21 det

179 1260 80 26 vigtiga
282 1260 101 26 uppdrag,
406 1266 45 14 som
475 1260 58 20 Hans
549 1260 101 26 Majestät
666 1259 103 27 Kejsaren
784 1260 7 20 i
807 1260 66 20 näder
889 1259 116 21 anförtrott

179 1288 49 26 mig.
256 1288 41 26 Jag
312 1288 73 21 tillade
401 1288 33 24 dä,
451 1291 31 18 att
497 1288 41 27 god
554 1288 50 26 vilja
619 1288 17 26 ej
653 1288 105 20 saknades
774 1289 41 25 mig
831 1288 39 20 och
886 1288 71 20 anhöll
971 1294 34 14 om

180 1317 57 21 mina
260 1317 65 21 ärade
348 1317 163 21 ständsbröders
535 1317 95 26 benägna
654 1316 84 21 bistånd
754 1316 39 21 och
809 1316 64 27 hjelp,
889 1316 33 21 för
937 1319 33 18 att
985 1316 20 20 vi

178 1346 70 20 skulle
272 1345 72 21 kunna
363 1346 67 20 under
446 1346 69 20 denna
530 1346 102 26 landtdag
647 1348 132 23 gemensamt
794 1345 65 21 verka
875 1344 64 27 nägot
954 1344 52 26 godt

179 1374 40 20 och
236 1374 77 26 nyttigt
329 1374 33 20 för
377 1374 48 21 värt
440 1374 123 21 fosterland.
587 1374 29 21 Sä
631 1373 89 27 ungefär
734 1374 51 20 föllo
802 1374 31 26 sig
849 1374 26 20 dä
892 1373 56 21 mina
960 1374 44 20 ord.

179 1402 43 21 Det
244 1404 24 19 är
290 1404 33 19 för
345 1403 42 25 mig
402 1409 26 15 en
444 1406 44 18 stor
504 1403 39 21 och
559 1402 51 27 liflig
625 1402 185 21 tillfredsställelse
826 1408 35 15 om
877 1402 36 21 det
929 1402 76 20 ätmin-

178 1434 62 18 stone
264 1431 6 21 i
286 1431 68 26 nägon
374 1432 58 26 ringa
448 1438 49 14 mon
513 1431 80 27 lyckats
610 1432 42 25 mig
668 1431 51 26 visa,
735 1433 33 19 att
783 1431 47 21 mitt
847 1431 26 21 dä
888 1430 58 21 fälda
961 1432 44 25 ytt-

178 1460 67 20 rande
268 1466 34 14 om
325 1460 40 20 den
388 1460 55 26 goda
467 1460 64 26 viljan
552 1460 55 20 varit
623 1460 123 26 uppriktigt.
778 1460 42 20 För
837 1460 39 20 den
893 1459 62 27 hjelp,
972 1458 34 21 för

178 1488 37 21 det
231 1488 92 26 biständ,
339 1488 32 21 för
387 1489 40 20 den
443 1489 90 26 välvilja,
549 1488 34 21 för
599 1488 39 21 den
655 1488 101 26 vänskap,
765 1488 37 26 jag
813 1488 46 21 frän
872 1488 56 21 mina
939 1487 66 21 ärade

177 1516 165 21 ständsbröders
365 1517 46 20 sida
434 1517 40 20 fätt
497 1517 89 26 ätnjuta,
610 1517 37 21 ber
667 1516 37 27 jag
726 1517 21 20 fä
769 1516 82 27 aflägga
867 1516 41 21 min
925 1521 80 20 varma,

178 1544 100 27 hjertliga
294 1545 131 27 tacksägelse
441 1545 48 22 med
505 1551 25 15 en
547 1546 43 20 lika
608 1551 66 20 varm,
691 1545 43 21 lika
750 1545 85 26 hjertlig
850 1544 106 26 anhållan,
973 1546 32 19 att

178 1573 71 21 denna
270 1574 94 26 vänskap
387 1574 66 21 måtte
477 1574 20 21 få
518 1573 97 22 fortfara.
647 1568 18 27 Ä
681 1574 43 21 min
740 1573 45 22 sida
800 1573 55 22 skall
869 1573 38 26 jag
922 1573 61 21 alltid
999 1573 7 20 i
