1095 1825
302 142 179 22 Borgareståndet.
506 144 55 18 1867,
586 144 23 17 18
622 144 47 21 Maj.
830 140 41 21 915

78 228 71 22 kunde
176 228 82 22 således
275 228 92 22 derifrån
383 228 58 28 utgå.
471 229 42 21 För
529 228 64 28 öfrigt
608 228 98 22 förordar
719 228 36 28 jag
770 230 131 25 antagandet

77 257 23 21 af
115 257 36 21 det
165 256 59 22 förra
239 257 142 21 alternativet.

146 313 56 21 Herr
216 313 149 22 Rosenius:
386 319 34 15 om
436 319 55 18 man,
506 313 27 27 på
549 315 44 19 sätt
609 313 55 21 Herr
679 313 128 22 Grundfeldt
823 313 78 24 anfört,

78 341 27 28 på
127 341 67 27 några
216 345 58 18 orter
295 342 112 21 betraktar
430 341 146 27 skjutsningen
599 341 69 22 såsom
689 348 25 15 en
730 344 71 24 tunga,
818 341 39 22 och
873 342 27 26 på

78 371 66 20 andra
166 372 58 19 orter
246 370 69 21 såsom
339 376 26 15 en
388 370 99 25 inkomst,
507 369 23 22 så
545 370 42 21 kan
601 370 37 27 jag
652 370 46 21 icke
714 370 50 25 inse,
781 370 54 21 hvad
851 377 49 14 man

79 399 27 20 då
121 398 66 27 derpå
202 399 74 20 vinner
290 400 33 19 att
339 398 49 27 höja
404 398 137 27 skjutslegan,
558 400 51 19 utan
626 400 32 19 att
674 399 118 25 derigenom
802 399 98 26 tillväga-

78 427 75 26 bringa
175 427 69 27 någon
260 433 69 14 annan
345 427 75 21 fördel.
450 427 30 20 Är
495 427 36 21 det
547 433 26 15 en
588 427 81 26 verklig
684 427 98 24 inkomst,
798 427 23 21 sä
837 433 63 16 anser

76 455 37 27 jag
128 455 35 21 det
179 455 18 27 ej
214 455 79 26 skäligt
308 457 32 19 att
355 455 50 27 höja
420 455 131 27 skjutslegan
567 455 27 27 på
609 456 26 20 de
651 455 105 22 enskildes
767 455 38 22 och
818 458 83 19 statens

78 484 128 26 bekostnad;
231 487 22 24 ty
276 484 25 21 de
317 486 60 19 stora
392 483 93 27 utgifter,
502 490 45 15 som
564 486 69 19 staten
650 483 33 21 för
698 484 45 21 sina
758 484 143 22 embetsmäns

78 518 59 15 resor
155 512 45 27 har,
224 512 75 21 blifver
319 511 33 22 för
373 515 70 18 staten
459 519 25 14 en
500 514 45 19 stor
560 514 71 25 tunga,
648 518 44 15 som
709 515 81 19 ensamt
805 513 96 21 kommer

77 541 127 26 jordbruket
228 541 94 26 tillgodo.
353 541 84 21 Endast
458 541 7 20 i
487 541 41 21 den
544 541 101 21 händelse
660 541 68 20 skulle
742 541 37 26 jag
793 543 59 19 rösta
867 541 34 21 för

79 569 142 27 skjutslegans
245 569 96 27 höjande,
365 571 34 20 att
418 575 48 15 man
483 569 121 27 derigenom
621 575 67 15 vunne
704 569 39 21 den
759 569 95 22 fördelen
869 571 32 20 att

79 597 276 28 skjutsningsskyldigheten
379 597 83 28 aflyftas
484 598 47 27 från
554 598 82 27 jorden,
660 597 33 21 för
717 598 84 21 hvilken
817 598 40 22 den
872 604 29 15 nu

79 629 63 24 utgör
158 629 30 19 ett
204 629 54 19 stort
274 632 59 15 onus.
364 626 62 22 Hvad
442 627 55 21 Herr
514 627 86 26 Östring
617 626 69 22 anfört
702 626 78 26 derom,
790 628 32 20 att
834 622 67 35 entre-

79 657 103 25 prenören
205 656 47 20 icke
274 655 71 21 kunde
369 655 92 21 erhållas
481 658 52 18 utan
549 655 104 21 kontanta
669 655 90 21 tillskott
775 662 32 14 om
823 656 78 26 skjuts-

79 684 60 26 legan
155 684 39 21 och
210 684 60 26 höjes
286 683 32 21 till
333 684 82 21 femton
431 684 61 26 penni
508 690 38 20 per
561 687 64 22 verst,
642 683 23 21 så
680 686 46 18 tror
738 684 36 26 jag
789 684 64 20 likväl
869 686 33 18 att

80 714 162 24 entreprenörer
254 712 61 21 skola
325 712 90 26 erbjuda
424 713 30 25 sig
463 714 32 19 att
503 712 110 26 öfvertaga
621 712 144 26 skjutsningen
774 712 127 21 åtminstone

79 740 28 28 på
122 741 25 21 de
162 742 69 20 större
247 742 98 25 vägarna.
362 741 44 21 För
417 741 39 21 den
468 741 102 21 händelse
583 741 45 21 åter
640 742 31 19 att
682 741 36 21 det
728 746 73 15 senare
809 740 92 22 alterna-

79 769 56 29 tivet
153 771 95 24 antages,
272 769 24 21 så
319 775 61 15 anser
401 770 37 26 jag
456 769 130 27 skjutslegan
602 769 72 21 kunna
689 769 108 21 nedsättas
813 769 33 21 till
861 768 42 22 tolf

79 798 70 26 penni,
172 798 81 21 hvilket
268 798 42 20 kan
326 804 51 14 vara
392 798 130 26 tillräckligt.
554 798 30 26 Ty
601 804 33 14 om
650 798 61 26 legan
728 798 125 20 bestämmes
869 797 32 21 till

79 826 79 21 femton
183 827 70 26 penni,
281 826 24 21 så
331 828 24 19 är
381 826 36 21 det
442 827 78 25 säkert,
536 828 32 19 att
584 826 49 26 inga
648 826 254 26 entreprenadauktioner

80 854 84 22 komma
180 857 32 19 att
227 854 75 26 hållas,
317 858 53 18 utan
385 855 39 21 allt
439 855 109 21 förblifver
564 855 34 20 vid
614 855 36 21 det
664 854 76 25 gamla.

148 911 55 21 Herr
226 911 181 22 Grundfeldt:
430 911 32 21 till
477 911 128 22 bemötande
621 911 22 21 af
658 911 54 20 hvad
728 911 55 21 Herr
798 911 103 20 Rosenius

79 939 77 26 anfört,
182 939 33 22 får
228 940 36 26 jag
281 942 82 23 nämna,
380 940 36 21 det
430 940 36 26 jag
481 940 118 27 tillstyrker
615 940 36 20 det
666 945 74 15 senare
756 939 146 21 alternativets

79 968 119 26 antagande
224 969 74 20 endast
320 969 7 20 i
349 969 36 20 det
399 969 61 26 syfte,
477 971 32 18 ett
524 969 127 20 kommunen
667 969 52 25 egde
735 968 117 20 bestämma
868 973 33 15 om

80 997 141 26 entreprenad
244 997 55 20 skall
321 1003 40 21 ega
384 1003 47 14 rum
454 997 52 20 eller
521 997 53 21 icke.
607 997 60 20 Hvad
683 997 45 20 åter
744 995 65 28 angår
825 995 77 26 skjuts-

80 1025 67 26 legan,
163 1025 24 21 så
202 1025 124 21 instämmer
339 1025 37 27 jag
391 1026 7 20 i
415 1026 54 21 Herr
485 1025 110 21 Rosenius”
611 1025 99 27 yttrande
726 1025 77 24 derom,
819 1027 32 18 att
862 1024 41 21 den

80 1055 23 19 är
118 1053 65 27 något
198 1053 33 22 för
246 1054 52 26 högt
313 1054 104 27 tilltagen.
447 1054 43 21 För
506 1054 41 21 min
563 1054 34 21 del
613 1049 50 36 anser
682 1053 35 27 jag
730 1053 40 20 den
780 1053 122 20 nuvarande

79 1081 61 27 legan
162 1088 51 15 vara
236 1082 121 27 tillräcklig,
381 1084 22 25 ty
424 1082 36 27 jag
480 1083 39 20 har
534 1084 57 19 ännu
606 1082 69 27 aldrig
690 1082 67 21 under
772 1081 56 21 mina
843 1087 60 15 resor

79 1110 50 21 hört
144 1110 68 27 någon
228 1110 139 27 skjutsbonde
383 1111 64 26 klaga
463 1111 98 21 deröfver
577 1113 32 19 att
624 1111 40 20 den
681 1117 49 14 vore
745 1109 33 22 för
793 1109 40 27 låg.

148 1167 56 21 Herr
219 1168 86 20 Holm:
321 1167 55 21 hvad
393 1168 40 21 den
448 1167 100 27 förhöjda
556 1167 131 27 skjutslegan
699 1166 105 26 beträffar,
816 1166 23 21 så
848 1166 55 21 före-

79 1195 95 22 kommer
198 1196 7 20 i
230 1196 70 21 denna
322 1197 12 26 8
357 1196 46 21 icke
426 1195 65 27 något
513 1196 122 26 stadgande,
652 1196 31 20 till
700 1195 54 21 hvad
771 1195 76 26 belopp
863 1195 40 20 den

79 1224 55 21 skall
150 1224 57 26 utgå,
223 1227 52 19 utan
291 1225 72 21 derom
379 1225 56 21 talas
450 1225 54 21 först
519 1231 74 15 senare
609 1225 7 20 i
632 1224 138 21 förevarande
781 1224 122 26 lagförslag.

80 1252 44 22 Och
139 1258 67 21 yppas
222 1253 79 27 derom
311 1253 66 27 några
393 1253 142 26 tvistigheter,
551 1254 24 20 så
591 1254 53 20 böra
659 1253 25 21 de
700 1253 45 21 icke
761 1252 33 21 vid
811 1252 92 21 behand-

79 1281 70 27 lingen
165 1281 23 21 af
209 1282 69 20 denna
294 1281 11 28 $
321 1282 94 25 beröras,
432 1284 22 24 ty
468 1282 41 20 här
524 1284 24 18 är
563 1282 60 26 fråga
639 1282 81 25 endast,
737 1287 33 15 om
786 1280 25 21 de
826 1280 78 27 skjuts-

80 1310 158 26 ningsskyldige
254 1310 130 26 nödvändigt
400 1310 60 22 skola
475 1310 46 22 låta
535 1311 81 20 inrätta
631 1310 165 26 entreprenader
811 1309 51 21 eller
870 1315 33 15 om

80 1338 36 21 det
138 1338 54 21 skall
215 1338 21 21 få
261 1338 51 22 bero
328 1338 27 27 på
371 1339 63 21 deras
450 1341 48 25 eget
513 1339 167 21 bestämmande.
710 1338 40 26 Jag
765 1337 32 21 för
812 1337 43 21 min
871 1337 33 21 del

81 1372 62 15 anser
166 1366 36 21 det
217 1373 51 15 vara
284 1368 81 26 ganska
381 1368 131 26 nödvändigt
527 1370 33 18 att
575 1368 36 20 det
627 1367 35 21 må
677 1367 50 21 bero
743 1366 23 21 af
779 1366 62 20 deras
857 1367 48 25 eget

79 1395 157 26 godtfinnande,
254 1397 22 25 ty
292 1396 61 20 deras
369 1397 44 19 rätt
429 1397 24 19 är
469 1395 62 21 deraf
545 1396 6 20 i
567 1396 76 26 högsta
654 1395 66 21 måtto
732 1394 111 22 beroende.
860 1393 44 22 Och

79 1425 32 19 att
127 1424 35 20 det
178 1424 18 26 ej
212 1425 25 19 är
251 1424 34 21 för
300 1424 48 21 dem
364 1424 70 26 någon
450 1424 91 27 likgiltig
557 1424 45 24 sak,
619 1430 61 20 synes
696 1424 22 20 af
732 1424 54 20 hvad
797 1428 45 16 som
853 1422 52 21 åren

80 1452 55 20 1847
158 1452 38 21 och
222 1453 54 21 1848
299 1453 114 26 passerade
430 1453 5 20 i
451 1453 43 21 alla
509 1452 92 27 tingslag
616 1453 31 20 uti
663 1452 78 25 landet,
758 1451 26 21 då
800 1451 105 27 allmogen

79 1480 78 21 hördes
180 1480 98 22 deröfver
304 1487 33 15 om
361 1481 41 21 den
425 1480 49 22 ville
497 1481 49 26 ingå
561 1481 27 27 på
605 1480 165 27 entreprenader
785 1480 51 20 eller
851 1479 54 21 icke.

79 1508 45 21 Och
139 1508 34 21 vid
189 1509 43 20 alla
248 1510 26 20 de
289 1510 51 25 ting,
357 1509 129 21 åtminstone
502 1510 29 20 tio
548 1510 31 20 till
595 1510 88 25 antalet,
694 1509 36 26 jag
742 1508 109 25 bivistade,
861 1508 45 20 dels

78 1536 7 21 i
111 1537 105 26 egenskap
242 1537 23 21 af
288 1537 87 22 domare
398 1538 7 20 i
427 1538 90 21 berörde
541 1538 91 26 tingslag
655 1537 45 21 dels
724 1537 68 21 såsom
809 1537 96 20 domare-
