1095 1825
206 143 56 20 1152
410 149 183 21 Borgareståndet.
620 150 54 17 1867.
699 152 26 16 29
738 151 47 21 Maj.

176 234 7 20 i
200 234 153 26 deputationen
375 234 90 26 utsedd;
481 235 103 22 skolande
601 236 150 26 deputationen
769 237 56 21 inom
841 237 31 27 sig
887 237 118 21 bestämma

177 262 23 21 af
213 262 86 21 hvilken
315 263 96 21 ledamot
426 252 41 32 den
483 264 66 21 borde
565 264 6 21 i
588 264 72 26 hvarje
676 265 61 21 stånd
754 265 91 21 anföras.

245 369 114 22 Sessionen
375 371 94 21 slutades
485 371 28 21 kl.
531 373 17 18 1.

408 541 156 33 Onsdagen
584 541 56 27 den
660 542 34 26 29
712 542 59 33 Maj

175 604 28 21 kl.
220 605 12 20 7
248 611 18 14 e.
284 611 20 14 m.
327 605 172 21 sammanträdde
515 604 180 27 Borgareständet
711 604 32 22 till
760 605 94 27 plenum;
870 604 132 21 närvarande

175 633 74 21 dervid
266 633 96 21 ständets
378 633 68 27 öfriga
462 634 143 23 medlemmar,
622 636 58 18 utom
697 633 74 21 herrar
787 633 113 25 Snellman,
913 634 88 20 Wende-

175 662 29 20 lin
228 661 39 21 och
292 661 69 28 Utter,
384 662 72 20 hvilka
471 662 22 20 af
507 662 59 21 förut
582 662 120 21 antecknad
718 662 63 20 orsak
797 650 114 36 uteblefvo,
929 662 72 20 herrar

175 690 66 20 Wolff
263 690 38 21 och
318 686 93 36 Östring,
429 696 44 15 som
489 691 105 20 anmältes
609 697 51 14 vara
676 691 22 20 af
712 690 97 21 enskilda
824 690 177 26 angelägenheter

174 718 105 21 hindrade
299 721 31 18 att
345 719 33 26 sig
393 718 86 26 infinna,
495 721 55 19 samt
566 719 74 21 herrar
656 715 122 30 Öhrnberg,
793 707 118 37 Lindblom,
927 719 73 20 Broni-

174 747 97 26 kowskij,
288 747 110 23 Rosenius,
414 736 117 37 Hackman,
548 743 130 35 Lindegvist,
694 736 82 32 Ottelin
792 747 39 21 och
841 732 114 46 Nylander,
968 747 33 21 för

174 775 72 21 hvilka
263 775 71 21 förfall
350 776 18 26 ej
384 760 157 47 tillkännagafs.

244 832 41 21 Till
304 832 105 27 justering
431 833 108 26 upplästes
563 833 77 26 utdrag
663 839 26 15 ur
712 832 97 22 ståndets
825 832 106 26 protokoll
946 832 54 21 för
989 828 14 36 i

174 860 42 49 far
231 861 6 20 i
254 861 114 26 anledning
383 861 23 21 af
420 861 250 27 expeditionsutskottets
686 861 158 27 framställning
859 861 6 21 i
876 861 124 27 kyrkolags-

185 889 72 26 rågan.

244 945 56 21 Herr
321 945 168 22 Talmannen
509 946 100 26 föredrog
624 946 107 21 särskilda
747 946 33 20 till
796 945 84 21 ståndet
895 945 105 21 ankomna

174 974 207 27 protokollsutdrag,
403 974 145 21 innefattande
572 975 162 20 nedannämnda
758 974 73 21 stånds
855 974 70 21 beslut
939 974 7 21 i
962 973 38 22 föl-

172 1002 65 26 jande
254 1003 97 26 ärender,
367 1003 113 26 nemligen:

243 1059 47 21 från
313 1059 162 22 Prestaståndet
497 1059 34 21 för
554 1060 40 20 den
618 1060 26 20 28
661 1059 53 27 Maj:
732 1059 42 27 1:0)
791 1059 109 26 angående
916 1059 82 26 expedi-

174 1088 174 21 tionsutskottets
368 1088 80 27 förslag
463 1088 32 21 till
511 1088 175 27 omformulering
702 1088 22 21 af
738 1088 107 21 särskilda
860 1087 23 28 $$
899 1087 8 21 i
923 1088 76 26 kyrko-

173 1116 160 27 lagsförslaget;
349 1117 44 26 2:0)
408 1117 7 20 i
431 1117 114 25 anledning
561 1116 23 21 af
599 1117 97 20 bemälda
711 1117 96 20 utskotts
823 1116 154 27 framställning
993 1117 6 20 i

172 1144 76 27 frågan
264 1151 34 14 om
315 1145 121 26 antagande
451 1145 22 20 af
487 1151 26 14 en
528 1145 128 26 författning
669 1145 93 21 rörande
775 1145 46 26 jagt
837 1145 39 20 och
893 1145 107 26 djurfång;

174 1173 42 26 3:0)
237 1174 7 20 i
260 1173 113 27 anledning
389 1174 22 21 af
424 1173 77 26 nådiga
517 1174 159 26 propositionen
693 1180 34 14 om
744 1173 120 26 antagande
880 1173 23 20 af
917 1179 25 15 en
958 1173 42 20 för-

173 1201 91 27 ordning
287 1202 91 21 rörande
401 1202 110 26 bevisning
533 1208 76 20 genom
633 1202 133 22 handelsbok
781 1202 40 21 och
837 1201 90 27 räkning
942 1201 58 22 öfver

172 1230 128 27 utborgade.
312 1237 69 19 varor;
397 1231 43 26 4:0)
457 1231 108 26 angående
581 1233 154 19 sammansatta
752 1230 109 21 ekonomi-
873 1233 56 18 samt
936 1232 64 20 stats-

173 1259 39 21 och
234 1260 243 25 bevillningsutskottets
500 1260 79 26 förslag
595 1260 30 20 till
642 1259 205 27 sammanjemkning
863 1259 22 20 af
899 1259 100 21 ståndens

172 1288 124 26 skiljaktiga
320 1288 70 21 beslut
409 1288 7 21 i
431 1288 113 26 anledning
560 1288 23 20 af
597 1288 77 26 nådiga
689 1288 160 26 propositionen
865 1293 34 15 om
915 1287 85 21 anskaf-

172 1316 64 21 fande
252 1317 24 21 af
290 1317 77 26 nödiga
383 1316 69 21 medel
467 1317 32 20 till
515 1316 148 22 förbättrande
680 1317 22 21 af
711 1316 289 26 elementarundervisnings-

173 1344 73 21 verket
268 1345 7 20 i
298 1346 82 23 landet;
405 1346 42 25 5:0)
470 1346 109 25 angående
604 1345 152 27 lagutskottets
772 1344 111 21 enahanda
899 1344 100 26 förslag
988 1340 14 36 i

172 1373 116 26 anledning
312 1373 23 21 af
359 1373 76 27 nådiga
460 1374 159 26 propositionen
646 1380 34 14 om
706 1374 128 25 indragning
849 1372 24 22 af
891 1374 109 20 kämners-

172 1403 76 21 rätter,
272 1408 26 14 m.
321 1408 34 19 m.;
380 1403 43 25 6:0)
445 1402 108 26 angående
569 1404 155 19 sammansatta
740 1402 109 21 ekonomi-
865 1404 55 18 samt
935 1403 65 19 stats-

172 1430 40 20 och
236 1430 243 27 bevillningsutskottets
503 1430 297 27 sammanjemkningsförslag
816 1430 91 21 rörande
923 1430 77 26 nådiga

171 1459 162 26 propositionen
356 1460 7 20 i
387 1459 112 27 anledning
524 1459 23 21 af
568 1459 199 21 bränvinsskattens
785 1458 166 26 otillräcklighet
966 1458 34 21 för

172 1486 138 22 bestridande
333 1487 23 21 af
376 1488 25 20 de
424 1488 80 26 anslag,
521 1488 85 20 hvartill
623 1488 124 20 densamma
762 1487 126 27 påräknats;
905 1487 42 26 7:0)
963 1493 37 14 an-

171 1515 82 26 gående
265 1516 152 27 lagutskottets
428 1516 297 26 sammanjemkningsförslag
737 1516 92 20 rörande
837 1515 79 26 nådiga
924 1521 76 20 propo-

172 1543 91 22 sitionen
286 1550 33 15 om
341 1544 173 27 konkursstadga
537 1544 34 21 för
593 1544 99 24 Finland;
709 1545 45 26 8:0)
770 1544 109 26 angående
895 1549 105 15 samman-
