1095 1825
218 150 56 22 1004
401 155 184 21 Borgareståndet.
611 156 53 17 1867.
688 156 27 16 23
727 155 48 21 Maj.

188 241 94 21 varande
298 240 86 27 utgifter
399 240 35 22 vid
449 240 126 26 ungefärligt
591 240 103 27 öfverslag
712 240 114 21 beräknats
841 241 70 25 uppgå
927 240 31 22 till
974 246 42 15 om-

189 270 62 26 kring
274 270 63 24 9,000
363 269 66 26 mark,
456 269 154 21 öfverlemnade
632 269 56 21 Herr
710 268 130 22 Talmannen
865 268 32 21 till
922 269 94 21 ståndets

189 298 117 26 afgörande
329 303 33 15 om
385 297 47 21 icke
454 297 29 21 tio
506 298 44 25 (10)
573 297 59 21 mark
655 297 12 21 å
689 297 73 26 hvarje
783 296 102 21 skattetal
908 303 27 15 nu
950 297 67 21 borde

188 325 121 22 utskrifvas.

260 387 59 22 Efter
339 387 66 22 skedd
428 387 116 21 diskussion
560 387 7 21 i
585 389 71 19 ämnet
670 387 106 21 instämde
795 387 84 21 ståndet
895 387 100 26 enhälligt
1009 387 7 20 i

188 416 135 22 förestående
339 415 85 27 förslag,
444 415 116 27 hvarjemte
581 415 79 21 beslöts
681 417 31 20 att
734 415 82 21 medlen
832 415 67 21 skulle
915 415 31 21 till
960 415 57 21 Herr

189 444 188 21 Kommerserådet
393 444 22 21 C.
431 443 31 22 W.
479 443 18 22 J.
515 443 107 22 Sundman
637 443 104 22 inbetalas
752 445 55 19 samt
817 443 83 27 tryckta
911 443 105 27 exemplar

190 473 21 20 af
225 472 131 27 protokollet
371 472 6 20 i
393 473 71 20 ämnet
479 471 104 22 tillställas
599 472 99 21 Ståndets
714 471 137 22 medlemmar
867 471 38 22 och
921 472 96 21 bemälde

190 501 56 21 Herr
261 501 171 25 Kommerseråd,
448 500 31 21 till
495 500 118 21 kännedom
628 500 34 21 vid
679 500 93 21 medlens
787 499 104 28 uppbörd.

258 562 57 21 Herr
329 561 76 22 Holm
421 562 48 21 ville
488 562 2 21 i
505 562 151 26 sammanhang
672 562 88 21 härmed
772 561 62 22 hafva
845 562 84 27 upplyst
940 563 31 20 att
981 562 35 21 vid

189 591 7 21 i
211 591 237 27 expeditionsutskottet
463 590 61 22 väckt
539 590 64 26 fråga,
619 590 54 22 huru
689 590 61 27 länge
769 590 247 26 expeditionsutskottets

190 619 134 21 verksamhet
340 619 54 21 efter
408 619 138 26 landtdagens
561 619 43 21 slut
614 619 70 21 kunde
696 618 93 26 fortfara,
802 618 146 22 Ordföranden
960 618 56 22 Herr

190 648 217 20 Hofrättsassessoren
424 647 116 21 Grotenfelt
555 649 70 19 ansett
640 648 31 25 sig
684 647 48 21 med
747 647 86 26 ledning
843 647 21 21 af
874 647 39 21 den
925 647 91 21 erfaren-

190 675 36 21 het
242 676 42 20 han
299 676 70 20 såsom
384 675 115 21 utskottets
515 675 130 21 Ordförande
661 675 65 21 redan
742 675 35 21 vid
792 675 109 21 sisthållne
915 675 101 26 landtdag

190 704 120 25 förvärfvat,
326 704 72 20 kunna
413 704 48 20 med
476 704 98 20 säkerhet
590 705 83 25 antaga,
690 706 31 18 att
737 703 70 21 dertill
815 703 68 21 skulle
894 704 49 25 ätgä
953 703 63 21 minst

190 732 35 21 tvä
241 732 109 25 mänader;
367 732 40 21 och
422 738 45 15 som
483 732 86 21 arvodet
585 731 31 21 till
627 732 95 21 ständets
732 732 118 20 ledamöter
860 732 5 20 i
877 732 139 25 expeditions-

190 760 39 21 och
243 760 225 27 justeringsutskotten
490 760 33 21 vid
544 760 84 21 anfördt
648 760 133 21 förhällande
801 760 71 20 kunde
895 760 75 26 belöpa
985 760 31 26 sig

189 788 66 27 högre
271 791 26 18 än
313 788 113 22 beräknats
449 792 54 18 samt
523 788 71 27 möjlig
617 794 49 15 vore
684 791 32 18 att
738 788 40 21 den
800 794 87 19 summa,
903 788 31 20 till
954 788 62 21 hvars

190 817 140 21 uttaxerande
346 823 48 20 nyss
409 816 102 26 beslutits,
528 817 45 21 icke
589 816 90 27 försloge
695 816 31 21 till
747 816 130 21 betäckande
893 816 20 21 af
928 816 25 21 de
969 817 47 20 der-

190 845 33 21 vid
240 845 85 21 afsedde
348 845 92 26 utgifter,
463 845 124 21 hemställde
610 845 81 21 talaren
709 844 32 22 till
757 844 96 22 ständets
869 844 146 27 bepröfvande,

190 873 54 21 huru
259 874 6 20 i
281 873 65 21 sädan
363 873 99 21 händelse
477 873 66 21 borde
558 873 94 21 förfaras.

258 935 69 21 Sedan
348 935 56 21 Herr
424 935 154 21 Talmannen
601 935 5 20 i
628 935 113 26 anledoing
762 934 61 21 häraf
837 935 178 26 vidhandengifvit

190 965 31 19 att
236 963 6 21 i
259 963 138 21 omförmälda
416 969 80 15 summa
514 963 135 21 inberäknats
669 963 248 21 utskottsledamöternes
938 963 77 21 arvode

190 992 75 21 endast
290 991 32 21 för
347 998 25 14 en
400 991 76 21 mänad
501 991 52 21 efter
578 991 139 27 landtdagens
738 991 43 21 slut
803 993 55 19 samt
880 993 31 19 att
933 991 81 22 medlen

189 1020 83 21 säledes
294 1019 17 27 ej
335 1019 62 22 torde
421 1019 63 22 förslä
500 1019 31 21 till
547 1020 135 21 bestridande
701 1019 21 22 af
739 1019 88 22 arvodet
837 1019 32 21 för
889 1019 70 27 längre
977 1020 37 25 tid,

190 1049 85 26 yttrade

257 1109 56 22 Herr
329 1109 141 27 Öhrnberg:
485 1109 35 27 jag
536 1110 35 21 vill
586 1110 98 26 påminna
703 1110 42 26 mig
761 1111 31 20 att
808 1109 59 22 äfven
884 1110 33 21 vid
932 1115 82 16 senaste

189 1138 101 26 landtdag
306 1138 6 21 i
327 1138 175 26 borgareständet
521 1139 91 26 uppstod
633 1138 59 27 fräga
714 1145 33 14 om
768 1140 31 19 ett
819 1138 76 21 sädant
911 1138 41 25 fall,
969 1145 45 14 som

188 1166 56 21 Herr
260 1166 63 21 Holm
339 1173 28 14 nu
382 1165 106 27 förutsatt,
504 1166 66 21 ehuru
584 1167 35 26 jag
634 1167 46 20 icke
696 1167 82 20 erinrar
792 1167 43 26 mig
851 1173 33 14 om
897 1167 63 20 saken
973 1167 41 20 för-

188 1195 90 20 anledde
294 1194 31 21 till
340 1194 100 21 särskildt
456 1194 68 21 beslut
539 1195 6 20 i
561 1195 95 20 ständets
675 1194 113 28 protokoll.
820 1195 49 20 Men
888 1196 126 20 åtminstone

188 1223 106 21 uttalades
311 1223 26 21 dä
353 1223 40 21 den
414 1223 54 26 äsigt
488 1225 37 23 att,
541 1223 6 21 i
563 1223 100 21 händelse
684 1224 77 20 kassan
778 1224 17 26 ej
815 1223 67 21 skulle
897 1224 63 20 räcka
976 1224 37 24 till,

188 1252 100 20 kassören
308 1252 69 20 kunde
399 1252 67 20 vända
485 1252 31 26 sig
536 1251 31 21 till
588 1251 132 27 Helsingfors
740 1252 47 20 stad
806 1252 49 20 med
870 1252 96 20 anhäilan
983 1255 31 17 att

188 1280 74 20 staden
278 1280 66 21 mätte
360 1279 31 21 till
407 1279 179 22 förstkommande
606 1280 102 26 landtdag
729 1280 103 26 förskjuta
848 1280 35 20 det
899 1280 112 21 bristande.

187 1308 49 20 Man
252 1310 65 24 antog
333 1310 32 18 att
380 1307 78 21 bristen
474 1308 17 26 ej
508 1308 69 21 kunde
599 1308 64 21 blifva
682 1311 46 18 stor
746 1310 55 19 samt
817 1310 31 19 att
863 1308 39 21 hos
918 1308 95 26 Helsing-

187 1336 43 21 fors
246 1336 58 21 stads
320 1336 88 27 styrelse
420 1336 64 21 borde
495 1336 122 21 förutsättas
628 1336 36 21 det
674 1336 90 22 intresse
776 1336 33 21 för
819 1336 82 21 landets
912 1336 102 27 Borgare-

186 1364 62 21 ständ
272 1364 38 21 och
334 1364 47 21 dess
403 1364 111 26 anseende,
537 1367 32 18 att
592 1364 40 22 den
656 1365 16 26 ej
697 1364 69 22 skulle
784 1364 137 26 undandraga
936 1365 31 26 sig
982 1366 31 20 ett

186 1392 75 21 sädant
276 1392 88 21 biträde.

254 1454 57 21 Herr
325 1454 135 22 Snellman
476 1455 65 25 ansäg
555 1454 121 27 lämpligast
691 1456 31 20 att
737 1455 102 21 kassören
855 1454 68 21 skulle
934 1454 78 22 erhälla

184 1482 7 20 i
206 1482 96 27 uppdrag
317 1484 32 19 att
364 1482 6 21 i
385 1482 37 21 fall
437 1482 21 22 af
472 1482 64 22 behof
549 1482 80 22 fördela
645 1483 79 21 bristen
740 1484 27 26 pä
785 1482 84 22 landets
887 1482 71 22 städer
973 1483 38 21 och

184 1510 133 21 införskrifva
333 1510 105 27 beloppet.
