1095 1825
221 138 56 22 1082
422 142 185 22 Borgareståndet.
631 144 55 17 1867.
710 144 26 18 25
749 144 48 21 Maj.

261 228 165 27 Propositionen
449 228 129 22 besvarades
600 228 56 22 både
678 228 48 22 med
747 228 23 28 ja
793 229 39 21 och
855 228 40 28 nej,
921 227 98 23 hvarföre

192 257 99 27 votering
311 257 125 26 anställdes,
459 257 74 21 dervid
555 258 24 20 12
606 259 69 19 röster
695 257 105 21 befunnos
816 257 64 21 hafva
895 258 79 21 uttalat
988 257 32 27 sig

191 286 35 21 för
249 286 66 20 saken
338 286 40 21 och
401 286 44 20 lika
467 285 78 26 många
560 287 70 19 röster
645 287 57 19 emot
715 286 130 21 densamma.
875 286 48 21 Den
936 285 84 27 aflagda

192 313 73 22 sedeln
282 314 109 26 öppnades
407 313 84 22 derföre
507 313 39 22 och
561 313 91 22 befanns
666 313 109 22 innehålla
788 314 34 26 ja;
839 314 84 21 hvadan
938 313 39 22 och
992 313 27 22 då

193 343 27 20 13
243 343 70 20 röster
334 342 90 21 sålunda
445 342 79 21 uttalat
546 341 32 28 sig
598 342 34 21 för
647 342 153 25 betänkandet,
823 343 119 20 detsamma
956 341 63 23 alltså

192 377 39 14 var
246 370 24 21 af
282 370 87 21 ståndet
383 371 7 20 i
406 371 70 21 denna
491 370 35 22 del
541 372 93 25 antaget.

262 432 42 21 Vid
326 432 157 27 behandlingen
507 432 23 21 af
553 432 96 27 punkten
674 433 12 21 5
712 433 121 26 uppträdde
859 433 159 22 nedannämnde

192 461 80 21 talare:

262 523 57 22 Herr
334 523 100 27 Bergh:
448 523 37 26 jag
500 523 65 21 beder
581 525 32 19 att
628 523 22 22 få
664 523 88 22 förorda
767 523 37 22 det
818 524 99 26 garantin
931 523 35 21 må
983 523 36 21 be-

193 551 61 27 viljas
277 554 52 19 utan
351 551 81 27 tillägg,
456 551 35 21 det
513 551 36 21 vill
572 553 52 26 säga
646 554 32 19 att
700 553 37 20 det
757 558 75 15 senare
847 552 136 21 alternativet
998 551 23 21 af

193 581 70 20 denna
285 580 68 27 punkt
369 580 6 21 i
391 580 117 21 utskottets
531 579 135 22 betänkande
688 580 35 21 må
745 580 23 21 af
789 580 86 21 ståndet
889 580 130 27 godkännas.

194 609 86 21 Statens
296 608 213 22 kreditförbindelser
524 610 37 19 äro
578 609 23 21 så
616 610 71 20 intimt
697 609 122 21 förbundna
828 610 49 20 med
887 610 48 20 dess
946 607 72 27 heder,

193 639 33 19 att
241 637 37 21 det
292 637 47 21 icke
355 637 42 21 kan
411 637 88 21 komma
512 637 7 21 i
534 636 60 27 fråga
609 639 39 24 att,
664 643 35 15 om
715 644 27 15 en
756 638 86 26 garanti
857 637 76 22 blifver
955 636 65 22 bevil-

191 665 44 27 jad,
258 665 41 21 den
319 665 48 21 icke
389 666 43 20 kan
452 666 123 26 förknippas
593 666 50 21 med
658 666 67 26 några
740 666 75 22 vilkor.
845 666 40 22 Att
900 666 78 26 bevilja
993 672 25 14 en

192 694 86 26 garanti
299 694 48 21 med
369 694 112 26 förbehåll,
503 700 50 15 vore
577 694 93 27 ungefär,
691 700 46 16 som
753 701 34 15 om
804 700 25 15 en
845 694 82 22 enskild
942 700 77 20 person

193 722 86 21 iklädde
303 723 31 25 sig
356 728 27 15 en
404 722 206 27 borgesförbindelse
632 723 49 21 med
700 723 37 21 det
752 723 75 26 vilkor,
843 724 34 20 att
891 722 128 27 gäldenären

193 750 51 27 sjelf
265 750 68 22 skulle
349 751 73 21 betala
437 751 32 21 sin
485 751 68 21 skuld.
584 751 42 27 Jag
641 758 63 14 anser
720 752 37 20 det
772 752 47 20 icke
834 751 85 21 landets
933 751 87 21 ständer

194 778 86 27 värdigt
300 780 32 20 att
354 779 35 21 vid
409 779 130 27 beviljandet
561 779 22 21 af
605 786 26 15 en
648 780 86 26 garanti
748 781 53 25 göra
816 779 77 22 sådant
908 779 111 26 förbehåll,

194 814 46 14 som
256 808 36 20 det
307 807 59 21 förra
380 808 137 21 alternativet
531 808 124 26 innehåller,
671 810 53 19 utan
739 808 69 21 måste
820 814 49 15 man
879 814 52 15 vara
940 808 80 21 beredd

193 836 29 26 på
242 837 38 25 att,
304 842 34 15 om
361 838 69 19 större
452 836 51 21 eller
525 836 82 21 mindre
628 836 34 22 del
677 836 85 26 brister,
779 836 71 22 dertill
865 836 73 21 anvisa
952 836 68 21 andra

194 864 121 26 tillgångar.
345 864 43 21 Det
407 864 190 27 jernvägsföretag,
621 864 88 22 hvarom
732 871 29 15 nu
782 866 24 20 är
826 864 67 28 fråga,
909 866 24 19 är
947 865 73 21 säkert

193 892 47 21 icke
256 892 36 21 det
308 893 52 20 sista
375 893 6 20 i
397 893 78 24 landet,
492 899 45 14 som
553 893 68 21 måste
632 893 80 26 byggas
722 893 49 21 med
782 893 115 21 utländska
907 893 111 26 kapitaler.

194 921 46 20 Den
263 921 76 26 kredit,
363 927 45 15 som
431 921 20 20 vi
467 921 6 21 i
489 921 115 21 framtiden
625 922 82 26 nödgas
730 921 68 21 anlita
813 921 34 21 för
862 921 120 27 byggandet
997 921 24 21 af

191 949 121 26 jernvägar,
328 949 64 22 beror
407 949 84 22 derföre
505 949 7 21 i
528 949 42 27 hög
584 950 53 26 grad
653 950 67 26 deraf,
736 950 56 21 huru
805 950 108 26 punktligt
923 949 97 22 annuite-

194 980 62 18 terna
278 977 65 22 blifva
365 977 105 22 betalade.
500 978 92 27 Beviljas
608 985 28 14 nu
652 985 25 14 en
692 979 86 26 garanti
793 979 48 20 med
857 978 76 21 sådant
948 977 70 22 förbe-

193 1005 51 26 håll,
268 1005 23 22 så
313 1006 68 21 måste
404 1007 60 20 detta
486 1006 35 21 lån
542 1008 106 25 upptagas
671 1007 27 26 på
715 1007 82 26 ganska
813 1007 116 26 tryckande
944 1007 74 25 vilkor,

194 1034 40 21 och
256 1035 21 20 vi
298 1034 63 22 hafva
376 1034 90 21 sålunda
481 1035 44 26 lagt
541 1035 96 26 grunden
652 1035 32 21 till
701 1038 31 19 ett
748 1035 84 27 mycket
847 1035 86 21 svårare
948 1035 71 21 skuld-

193 1063 186 27 sättningssystem
402 1063 33 21 för
457 1063 120 26 framtiden,
599 1065 27 19 än
650 1064 36 21 det
706 1069 46 16 som
774 1063 42 21 kan
831 1063 86 22 komma
932 1065 32 20 att
980 1065 39 25 äga

194 1097 54 21 rum,
272 1097 34 16 om
326 1091 21 21 vi
369 1091 77 27 bevilja
467 1092 98 26 garantin
588 1093 43 20 rätt
654 1092 40 21 och
714 1092 52 21 slätt
781 1092 40 21 och
836 1091 90 22 sålunda
941 1091 77 28 ingifva

193 1119 52 21 våra
260 1119 117 28 långifvare
392 1120 48 21 fullt
455 1120 129 21 förtroende.

263 1182 56 21 Herr
340 1183 205 26 Bronikowskij:
565 1183 37 26 jag
624 1184 24 20 är
670 1183 149 21 förekommen
842 1183 23 21 af
879 1183 55 21 Herr
949 1183 69 26 Bergh

193 1210 40 22 och
255 1211 60 21 delar
332 1211 130 27 fullkomligt
480 1211 53 22 hans
551 1211 86 27 åsigter.
668 1211 60 22 Skall
744 1218 26 15 en
785 1211 85 27 garanti
885 1211 95 27 beviljas,
996 1211 24 21 så

194 1239 68 21 måste
286 1240 40 21 den
346 1239 64 22 blifva
432 1240 119 26 ovilkorlig,
573 1246 35 15 om
630 1240 42 22 den
696 1241 55 21 skall
766 1240 97 22 medföra
877 1240 65 26 något
956 1246 62 20 gagn,

192 1268 41 20 och
248 1268 37 21 det
300 1270 25 19 är
339 1268 62 22 äfven
416 1268 7 21 i
438 1268 75 21 sådant
528 1268 100 22 afseende
643 1275 45 15 som
705 1269 104 27 styrelsen
824 1269 75 26 begärt
915 1269 46 21 den.

262 1330 70 21 Sedan
348 1330 147 21 diskussionen
510 1330 101 27 upphört,
626 1330 136 22 framställde
783 1330 58 22 Herr
861 1330 157 22 Talmannen

192 1357 160 23 nedanstående
367 1359 143 25 proposition:

261 1422 94 25 Antager
376 1420 86 22 ståndet
479 1422 37 20 det
539 1427 75 16 senare
636 1421 139 22 alternativet
789 1422 22 20 af
825 1421 96 27 punkten
937 1421 11 21 5
964 1421 7 21 i
986 1422 33 20 ut-

192 1448 92 22 skottets
300 1449 148 21 betänkande?

261 1505 75 21 Denna
350 1505 132 26 proposition
493 1506 130 21 besvarades
633 1506 49 21 med
696 1506 103 26 enhälligt
808 1506 33 26 ja;
853 1505 82 26 tillfölje
946 1505 76 21 hvaraf

192 1533 37 21 det
248 1539 75 15 senare
342 1533 135 21 alternativet
496 1534 3 20 i
515 1534 70 21 denna
603 1534 68 27 punkt
692 1533 46 22 blef
758 1534 23 21 af
802 1534 86 21 ståndet
904 1533 115 27 godkändt.
