1095 1825
319 151 184 21 Borgareståndet.
529 152 55 17 1867.
609 152 25 17 27
646 152 48 21 Maj.
839 148 56 21 1089

459 236 66 22 Mom.
542 238 21 20 2.

164 294 56 21 Herr
235 294 141 26 Hamberg:
398 294 97 20 Emedan
510 293 78 21 Lovisa
603 294 49 20 stad
667 293 67 26 enligt
750 293 74 22 staden
839 294 7 21 i
861 294 60 21 äldre

95 323 56 20 tider
173 322 115 21 förunnadt
309 321 101 22 särskildt
425 321 141 27 privilegium,
589 321 70 22 blifvit
674 321 33 21 för
722 321 60 22 alltid
797 321 54 22 ifrån
867 321 54 22 mili-

95 351 68 20 tärisk
177 351 144 26 ingvartering
337 350 89 26 befriad,
442 351 56 20 samt
513 349 242 28 ingvarteringstolagen
770 350 8 21 i
793 351 64 26 sagde
871 351 49 21 stad

95 379 107 26 uppbäres
217 379 33 21 för
265 379 93 21 kronans
374 379 96 26 räkning,
487 379 40 21 och
542 378 61 27 ingär
618 379 7 20 i
640 379 108 20 allmänna
760 378 159 27 militiekassan,

94 407 65 27 yrkar
179 407 37 27 jag
238 409 32 19 att
292 407 77 21 Lovisa
391 407 49 21 stad
455 407 62 22 äfven
533 407 33 21 för
581 407 113 21 framtiden
710 407 66 21 måtte
791 407 67 21 varda
872 407 49 22 från

94 437 236 26 ingvarteringstungan
349 435 89 22 befriad.
458 435 2 3 '

163 464 74 22 Säsom
260 464 122 27 ytterligare
405 464 47 21 skäl
474 464 93 26 härföre,
590 463 33 22 fär
643 464 37 27 jag
694 463 80 26 anföra,
795 465 32 20 att
842 464 78 22 Lovisa

94 493 55 21 efter
164 493 40 21 den
219 493 75 21 staden
310 493 18 26 ej
345 493 38 20 allt
398 492 35 21 för
442 493 63 26 länge
515 493 66 20 sedan
592 492 143 27 öfvergängna
745 492 101 27 branden,
862 494 57 20 ännu

93 521 46 22 icke
155 521 75 22 hunnit
245 527 52 21 repa
312 522 37 26 sig.

162 550 49 21 Men
233 550 33 21 för
289 550 40 21 den
351 549 109 27 händelse,
483 550 32 20 att
538 549 77 21 Lovisa
637 555 30 15 nu
688 549 84 21 komme
791 551 32 20 att
838 549 27 27 gä
880 549 39 22 sitt

93 577 161 28 ifrågavarande
276 578 133 27 privilegium
432 578 106 27 förlustig,
561 578 65 27 yrkar
644 577 37 28 jag
703 579 32 20 att
753 578 165 27 ingvarterings-

93 607 85 27 tolagen
200 607 90 21 likasom
312 607 7 21 i
342 607 69 27 öfriga
431 607 72 21 städer
519 607 58 21 inom
592 606 73 22 landet
680 606 66 22 måtte
761 607 7 20 i
783 606 67 22 sådan
865 607 53 21 hän-

93 636 58 20 delse
166 635 84 21 tillfalla
266 636 80 20 staden.

161 692 55 21 Herr
232 692 150 21 Cederman:
405 692 8 21 i
429 692 60 22 detta
504 694 95 20 moment
613 698 63 15 anser
688 692 37 26 jag
740 692 59 21 äfven
816 692 53 21 böra
884 692 32 21 in-

92 720 52 27 flyta
166 722 32 20 att
214 721 25 21 de
255 721 78 26 städer,
356 720 72 22 hvilka
443 721 33 21 till
491 721 50 27 följe
557 720 23 21 af
594 721 59 21 äldre
668 720 150 27 författningar
833 720 84 27 åtnjuta

92 749 97 21 befrielse
205 749 47 21 från
262 749 311 27 inqvarteringsskyldigheten,
589 749 62 21 skola
660 749 130 21 fortfarande
801 749 35 21 vid
847 749 70 21 denna

92 777 98 21 befrielse
203 777 125 27 bibehållas,
348 777 100 22 hvarföre
461 778 37 27 jag
514 777 89 22 föreslår
619 784 26 14 en
660 778 89 26 ändring
764 777 23 21 af
800 779 117 20 momentet

90 806 7 20 i
113 806 75 26 antydt
204 806 60 27 syfte.

159 862 63 22 Flere
238 863 66 21 talare
320 863 93 21 anmälte
429 863 32 27 sig
475 863 58 25 icke;
550 862 40 23 och
605 862 45 22 blef
664 869 62 15 mom.
742 864 20 25 2,
778 862 54 22 efter
843 862 72 22 derom

90 891 23 21 af
134 891 56 21 Herr
212 891 164 21 Talmannen
399 892 121 20 framställd
536 892 138 26 proposition,
698 892 46 20 med
761 891 154 26 öfvervägande

90 920 157 26 röstpluralitet
263 920 23 21 af
300 920 85 21 ståndet
400 921 88 25 antaget
502 921 53 20 utan
570 920 97 27 ändring.

158 977 56 21 Herr
236 976 162 22 Granström
422 976 73 22 infann
511 977 32 26 sig
558 983 28 14 nu
603 977 39 21 och
658 976 74 22 trädde
747 976 33 21 till
794 976 38 21 sitt
847 977 46 20 säte
908 976 8 21 i

88 1005 92 21 ståndet.

156 1061 65 21 Mom.
238 1063 14 19 3
268 1061 22 22 af
304 1061 140 22 förevarande
460 1061 11 28 $
487 1061 90 28 gillades
593 1063 52 20 utan
661 1061 126 22 diskussion.

475 1147 16 27 $
505 1149 22 19 2.

156 1202 56 22 Herr
235 1203 119 27 Östring:
379 1203 44 21 För
443 1203 44 21 min
508 1203 35 22 del
557 1203 49 22 ville
619 1203 37 28 jag
670 1203 132 22 beträffande
818 1204 69 21 denna
899 1203 14 28 &

86 1231 115 27 godkänna
222 1232 95 21 hvarken
340 1232 35 21 det
397 1232 60 21 förra
479 1232 52 22 eller
554 1238 75 15 senare
648 1232 141 21 alternativet.
819 1232 94 21 Alldeles

87 1260 230 21 öfverensstämmande
339 1260 49 21 med
409 1261 44 20 min
476 1261 56 26 åsigt
555 1262 24 20 är
599 1261 40 21 den
654 1260 78 27 nådiga
746 1260 166 27 propositionen.

87 1288 54 21 Dess
162 1288 112 22 redaktion
295 1291 23 19 är
333 1289 73 27 tydlig,
430 1289 49 21 dess
494 1289 95 22 innehåll
604 1291 24 19 är
643 1289 137 27 konseqvent.
811 1288 102 22 Hvarken

86 1317 37 21 det
139 1323 39 15 ena
194 1317 52 21 eller
261 1318 67 20 andra
343 1318 22 20 af
379 1317 117 22 utskottets
511 1318 139 21 alternativer
662 1324 39 20 ega
712 1318 61 20 dessa
783 1317 128 21 företräden.

86 1345 33 21 De
141 1346 37 20 äro
198 1346 106 20 hvardera
320 1346 94 26 otydliga
430 1346 39 22 och
486 1346 174 27 inkonseqventa.
691 1346 48 21 Men
752 1346 36 26 jag
803 1345 68 21 måste
886 1345 28 27 på

85 1374 70 26 grund
178 1374 22 21 af
220 1374 55 21 hvad
297 1374 36 26 jag
355 1374 58 21 förut
433 1374 8 21 i
463 1374 67 22 saken
552 1377 68 25 yttrat
635 1374 107 27 tillstyrka
757 1374 120 27 antagande
891 1374 24 21 af

87 1408 62 14 mom.
171 1409 13 14 a
207 1403 65 26 enligt
294 1409 74 15 senare
390 1403 145 26 alternativet,
559 1403 20 21 d.
601 1410 20 14 v.
644 1409 16 15 s.
683 1405 33 19 att
737 1403 64 21 frälse
817 1403 96 25 säterier,

86 1430 130 27 ladugårdar
231 1433 55 19 samt
301 1431 32 21 rå-
349 1431 39 21 och
403 1431 147 22 rörshemman
566 1432 35 21 må
613 1432 139 26 undantagas.
775 1432 40 26 Jag
825 1433 40 25 gör
877 1431 37 21 det

83 1459 92 21 emedan
194 1459 37 27 jag
252 1466 63 14 anser
337 1460 63 26 ingen
422 1460 69 26 utsigt
511 1460 116 22 förefinnas
646 1462 32 19 att
693 1460 21 21 få
730 1460 59 21 detta
803 1460 110 26 undantag

85 1486 56 22 bort.
171 1488 62 20 Hvad
250 1488 25 21 de
292 1488 65 26 öfrige
373 1490 153 24 momenterne,
550 1488 69 22 såvidt
634 1489 26 21 de
676 1488 62 27 skilja
753 1489 32 26 sig
799 1488 48 21 från
862 1493 51 21 pro-

85 1516 126 26 positionen,
227 1516 138 27 vidkommer,
381 1517 43 20 kan
437 1516 38 27 jag
490 1517 47 21 icke
549 1517 24 21 af
583 1523 82 15 samma
677 1517 46 20 skäl
733 1517 113 26 godkänna
857 1516 54 21 dem.

85 1542 118 23 Berustade
219 1545 89 21 säterier
323 1545 24 21 så
361 1545 36 21 väl
411 1551 47 15 som
473 1545 167 22 frälsehemman
655 1551 62 16 anser
730 1545 37 27 jag
781 1544 82 28 ganska
877 1545 35 21 väl
