1095 1825
219 161 42 20 774
431 164 182 22 Borgareständet.
638 165 55 17 1867.
716 166 14 16 8
742 165 48 21 Maj.

580 278 15 25 $
611 279 19 20 6.

260 340 41 21 Vid
316 339 129 27 behandling
460 339 22 22 af
496 339 68 22 denna
580 340 12 27 &
609 340 119 26 uppträdde
743 339 92 27 följande
850 340 126 22 ledamöter:

261 409 56 21 Herr
339 408 99 27 Bergh:
459 408 36 27 jag
513 407 68 22 finner
596 407 139 22 redaktionen
751 407 23 21 af
787 407 138 22 förevarande
941 409 12 26 &
969 415 51 14 vara

192 425 218 36 otillfredsställande,
426 436 58 22 såväl
499 437 55 20 hvad
570 436 114 33 ordalagen
700 436 67 26 angår
781 442 45 15 som
842 436 6 20 i
865 437 44 20 sak.
939 436 81 21 Beträf-

191 465 63 22 fande
277 465 53 21 först
351 465 120 26 ordalagen,
487 465 24 21 sä
531 465 74 26 tycker
618 465 42 26 jag,
681 466 32 19 att
728 465 36 21 det
780 466 23 19 är
819 465 98 26 temligen
934 465 86 26 onödigt

192 496 32 19 att
246 495 52 24 säga
319 509 5 8 ,
327 493 61 26 hvad
413 493 7 21 i
436 493 67 22 denna
518 493 151 26 förordningen
685 493 100 26 stadgadt
800 492 73 26 finnes,
889 493 55 26 gälle
960 482 60 32 äfven

192 528 34 15 om
251 521 39 22 och
315 521 33 22 för
371 521 54 27 dem,
448 527 45 16 som
517 521 67 22 drifva
605 521 135 21 bokhandel'
756 527 27 14 m.
799 527 34 18 m.,
849 523 39 19 när
904 521 36 21 det
955 521 66 27 gäller

192 550 42 21 alla
256 550 68 21 finska
345 552 55 24 män,
423 556 45 15 som
490 549 66 22 inläta
578 550 32 26 sig
631 549 7 21 i
660 549 78 21 handel
762 549 47 21 med
824 549 98 26 köpmän,
939 550 38 21 och
994 550 27 21 dä

191 578 94 22 handeln
307 581 60 24 göres
390 579 28 26 pä
440 579 75 20 kredit.
555 578 114 26 Meningen
694 577 32 22 lär
750 577 53 22 dock
827 584 50 15 vara
899 580 32 19 att
954 578 66 21 tiller-

192 607 70 21 känna
289 607 53 25 dem,
369 613 46 15 som
441 606 66 22 drifva
532 606 121 22 bokhandel
678 613 28 14 m.
733 613 34 18 m.,
792 612 81 16 samma
903 608 43 20 rätt
975 613 45 15 som

192 636 98 26 köpmän.
327 636 50 20 Men
399 635 47 21 häri
471 635 38 21 har
533 642 48 14 man
608 635 120 27 pätagligen
754 636 45 25 gätt
824 635 33 21 för
881 635 64 26 längt.
976 635 45 21 När

193 670 47 15 man
258 666 61 24 säger
334 664 68 26 ,,dem,
418 670 45 15 som
480 663 65 21 drifva
562 663 126 27 bokhandel,
705 664 84 26 apotek,
806 663 123 26 bergsbruk,
945 663 75 25 fabrik,

193 692 100 21 verkstad
318 692 51 21 eller
394 698 69 15 annan
488 692 31 20 till
543 692 121 21 beredande
688 691 50 21 eller
761 691 104 27 förädling
885 692 22 20 af
920 692 100 21 råämnen

192 720 62 27 gjord
278 720 109 21 enahanda
409 720 136 26 inrättning",
569 721 24 20 så
616 720 38 21 har
679 726 48 14 man
751 720 44 20 deri
818 720 112 26 inbegripit
946 722 74 19 nästan

193 748 41 22 alla
251 749 53 24 dem,
320 748 71 22 hvilka
407 748 66 22 drifva
489 749 67 25 någon
572 749 56 25 slags
644 749 80 25 näring.
751 748 61 21 Hvad
823 748 101 21 beträffar
935 748 86 26 ,,bergs-

193 777 76 26 bruk*',
291 778 23 20 så
337 778 38 25 går
399 777 35 21 det
456 779 24 19 ut
503 778 25 25 på
551 777 116 26 beredning
688 776 51 22 eller
754 776 105 26 förädling
875 776 21 22 af
910 778 109 23 räämnen;

193 812 49 14 men
265 811 80 15 samma
367 807 24 19 är
407 805 140 21 förhållandet
563 805 61 21 äfven
640 805 48 21 med
701 805 97 26 jordruk.
829 804 48 22 Med
893 805 127 26 ,,verkstad'*

193 834 47 20 åter
263 834 39 20 bör
324 834 134 26 naturligtvis
480 833 77 22 förstås
575 834 45 20 icke
636 834 55 20 blott
707 833 186 27 burskapsägande
908 834 112 20 handtver-

194 862 62 21 kares
272 862 99 21 verkstad
387 862 30 20 uti
432 862 54 26 stad,
501 864 52 18 utan
569 862 39 21 ock
623 862 80 21 sådana
718 861 131 27 verkstäder,
865 868 45 14 som
921 862 67 21 hållas
999 861 21 21 af

194 896 108 21 personer,
318 890 70 21 hvilka
403 890 50 21 idka
468 890 117 21 handtverk
601 890 33 21 för
644 890 179 26 sjelfförsörjning,
835 890 39 21 och
885 890 20 21 af
913 890 107 26 gernings-

194 920 48 19 män
258 919 27 26 pä
300 918 77 21 landet.
409 918 45 21 Och
470 918 26 21 dä
509 919 37 26 jag
557 918 33 21 för
606 918 42 21 min
664 918 34 21 del
714 918 17 27 ej
748 918 68 21 skulle
832 917 48 26 vilja
896 918 60 21 hafva
968 918 53 21 han-

194 946 100 21 delsboks
310 947 80 20 vitsord
405 947 105 20 utsträckt
525 947 23 20 sä
563 947 66 26 långt,
640 946 88 21 föreslår
734 947 37 26 jag
782 946 92 27 följande
885 946 135 27 formulering

194 975 23 21 af
236 975 134 26 paragrafen:
387 975 130 24 ,Enahanda
532 975 88 26 vitsord,
636 981 45 15 som
697 975 6 20 i
720 975 68 21 denna
804 975 122 26 förordning
941 977 23 19 är
979 975 41 20 till-

194 1003 81 21 erkänd
297 1003 137 25 handelsbok,
458 1003 128 21 tillkommer
609 1003 60 21 äfven
692 1003 42 21 lika
751 1003 108 21 beskaffad
875 1003 47 24 bok,
938 1003 46 21 förd
1000 1003 22 21 af

194 1031 151 25 bokhandlare,
369 1032 115 26 apotekare
507 1031 39 22 och
569 1031 93 27 burskap
678 1031 82 27 ägande
775 1031 155 22 handtverkare
947 1032 6 20 i
972 1032 47 20 stad

194 1059 109 22 äfvensom
319 1060 22 21 af
355 1059 138 22 bruksidkare
509 1060 38 21 och
563 1060 151 21 fabrikanter''.

263 1127 56 22 Herr
334 1127 126 27 Ostring:
479 1128 36 26 jag
531 1129 68 20 måste
615 1135 49 14 anse
681 1128 40 21 den
737 1128 78 26 regeln,
832 1129 32 20 att
880 1128 42 21 alla
938 1130 36 19 äro
989 1128 31 21 in-

194 1155 32 22 för
248 1156 62 26 lagen
332 1156 49 26 lika,
405 1156 32 21 för
452 1157 40 20 den
508 1157 54 20 enda
577 1157 83 26 riktiga,
678 1157 38 20 och
733 1159 32 18 att
779 1157 82 20 sädana
877 1156 143 27 exceptionela

194 1184 137 27 stadganden,
347 1191 46 14 som
409 1185 26 20 de
451 1185 166 26 ifrågavarande,
632 1185 46 21 icke
695 1185 52 21 böra
763 1185 119 20 utsträckas
893 1185 127 20 åtminstone

193 1213 74 26 längre
282 1215 27 19 än
325 1215 30 19 ett
371 1213 104 27 oafvisligt
489 1213 66 21 behof
569 1213 90 21 fordrar.
686 1213 41 27 Jag
742 1220 62 14 anser
819 1213 140 26 lagutskottet
974 1213 46 21 icke

193 1241 7 21 i
223 1241 145 27 verkligheten
390 1241 63 22 hafva
474 1244 35 24 ägt
531 1242 46 21 skäl
601 1244 31 19 att
647 1242 94 26 åberopa
756 1242 32 26 sig
804 1242 71 26 derpå,
891 1243 32 19 att
938 1243 31 19 ett
984 1242 36 20 all-

194 1271 60 19 mänt
276 1270 69 21 insedt
361 1270 39 21 och
416 1270 89 21 erkändt
520 1270 65 21 behof
599 1270 67 21 skulle
682 1270 85 27 påkalla
783 1270 40 21 den
839 1270 145 26 utsträckning
999 1270 23 21 af

194 1298 157 26 förordningen,
374 1304 45 15 som
442 1298 140 27 lagutskottet
605 1298 113 27 föreslagit.
748 1298 111 21 Utskottet
880 1298 39 21 har
934 1298 88 21 handlat

194 1326 48 21 med
265 1332 25 15 en
314 1326 41 22 viss
371 1326 89 27 antipati
475 1329 57 19 emot
547 1327 169 25 landthandlare,
733 1326 80 22 hvilket
829 1326 67 22 skulle
912 1326 47 22 leda
975 1326 47 21 der-

194 1354 48 26 hän,
259 1356 32 20 att
307 1355 24 21 de
347 1355 46 21 icke
409 1354 68 22 blefve
492 1355 107 21 likställda
615 1356 48 20 med
679 1355 120 21 handlande
815 1355 6 21 i
837 1356 56 24 stad;
913 1361 47 15 men
976 1355 45 21 der-

194 1384 58 20 emot
278 1383 38 21 har
341 1384 105 20 utskottet
471 1384 47 20 med
541 1390 26 14 en
588 1384 106 26 synnerlig
710 1383 107 21 förkärlek
833 1383 99 21 omfattat
947 1384 75 20 nästan

194 1410 42 22 alla
259 1412 74 20 andra.
363 1411 45 21 Och
424 1412 33 20 för
472 1414 31 18 att
519 1414 52 24 göra
587 1412 41 21 alla
643 1412 115 25 likställda,
775 1412 65 21 borde
857 1412 35 20 det
907 1414 66 24 sägas,
990 1414 32 18 att

194 1439 69 21 denna
285 1440 123 26 förordning
430 1440 66 26 gäller
518 1440 41 21 alla
583 1440 126 21 menniskor.
740 1440 43 21 För
799 1440 42 21 min
858 1440 33 20 del
906 1440 67 21 skulle
986 1440 37 26 jag

193 1467 57 21 helst
272 1474 28 18 se,
323 1470 32 19 att
379 1468 47 21 hela
449 1468 124 27 paragrafen
589 1468 85 27 utginge
690 1468 52 22 eller
758 1469 126 21 åtminstone
900 1468 122 21 inskränkte

194 1496 31 25 sig
249 1496 31 20 till
303 1496 53 25 dem,
373 1502 45 15 som
434 1496 66 22 drifva
515 1497 127 26 bokhandel,
660 1498 84 25 apotek,
760 1496 118 27 bergsbruk
895 1496 38 22 och
948 1496 28 27 på
991 1497 31 20 sin

194 1523 50 26 höjd
266 1523 75 22 fabrik.
371 1524 10 21 I
405 1524 62 27 öfrigt
489 1525 140 21 understöder
650 1525 37 26 jag
710 1525 40 21 den
774 1525 22 21 af
810 1525 57 21 Herr
881 1525 70 26 Bergh
966 1525 56 20 före-

194 1551 74 27 slagna
283 1552 280 27 redaktionsförändringen.
