1095 1825
310 151 185 22 Borgareståndet.
520 152 53 17 1867.
598 152 22 16 13
631 152 49 20 Maj.
836 148 41 21 823

81 243 79 21 genom
184 236 131 27 antändning
339 236 24 22 af
387 236 33 22 sin
445 236 104 28 egendom
574 236 100 22 förverka
699 236 207 28 inteckningshafva-

82 271 35 15 res
132 266 49 20 rätt.

151 332 56 21 Herr
228 331 149 22 Rosenius:
398 331 38 27 jag
450 331 40 22 har
505 331 62 22 äfven
582 331 8 21 i
605 331 106 22 utskottet
726 331 93 27 påpekat
834 332 37 21 det
885 332 24 21 af

84 360 55 21 Herr
155 360 70 27 Bergh
240 360 112 21 anmärkta
367 360 151 23 förhållandet,
548 359 39 22 Om
604 365 26 15 en
644 359 219 27 inteckningshafvare
878 360 29 27 på

82 389 77 20 sådant
180 390 44 19 sätt
246 389 42 20 kan
311 388 27 27 gå
360 388 101 27 förlustig
483 388 40 21 den
543 387 101 22 säkerhet
659 387 42 22 han
716 388 97 27 betingat
828 389 37 26 sig,
882 388 24 21 så

83 417 40 20 blir
143 417 121 26 inteckning
279 417 7 21 i
301 417 161 26 stadsfastighet
477 423 26 15 en
518 416 82 27 ganska
615 416 96 27 vansklig
726 417 106 20 säkerhet.
864 417 42 20 Det

83 444 66 21 finnes
171 445 77 26 många
270 445 246 26 assuranskompagnier,
541 451 44 15 som
609 445 7 20 i
638 445 46 20 sina
705 445 88 27 stadgar
807 445 98 27 upptagit

83 473 167 28 bestämningen,
266 475 32 20 att
313 473 68 27 tredje
396 479 62 15 mans
473 475 44 20 rätt
531 473 20 26 ej
566 479 76 21 genom
657 473 107 27 uppsåtlig
774 473 131 28 antändning

82 501 116 22 förverkas.
228 502 75 21 Denna
317 501 11 28 $
343 501 68 22 borde
427 501 84 22 derföre
527 501 66 27 enligt
608 501 43 21 min
666 501 55 27 äsigt
736 502 126 21 formuleras
874 501 30 27 sä,

81 531 33 20 att
136 530 68 27 tredje
226 537 60 14 mans
308 531 49 25 rätt,
379 530 129 21 ätminstone
523 530 8 21 i
546 530 36 21 det
597 529 37 22 fall
649 531 33 20 att
696 530 41 21 den
752 532 24 19 är
791 530 78 21 honom
884 530 23 21 af

81 558 227 27 försäkringsgifvaren
317 558 144 27 uttryckligen
472 558 152 26 tillförsäkrad,
636 558 19 26 ej
667 558 67 21 skulie
744 564 76 20 genom
828 558 77 21 brand-

81 586 152 27 anstiftningen
254 586 118 26 förverkas,
395 589 22 25 ty
432 587 8 20 i
456 589 65 19 annat
543 586 37 21 fall
595 585 68 22 blefve
678 586 37 21 det
729 587 7 20 i
751 586 47 21 värt
813 586 50 22 land
879 592 25 15 en

81 615 125 27 omöjlighet
220 617 14 19 t.
251 621 31 15 ex.
297 615 34 21 för
345 622 26 15 en
386 614 221 28 inteckningshafvare
623 616 32 20 att
669 615 7 21 i
692 615 36 21 det
742 617 93 25 antagna
844 614 61 22 fallet

81 643 138 21 utbekomma
240 644 262 26 brandskadeersättning,
527 643 60 21 äfven
611 649 33 15 om
668 643 52 21 hans
735 645 45 19 rätt
793 643 72 22 dertill
880 644 25 20 är

81 671 24 21 af
125 671 226 27 försäkringsgifvaren
373 672 144 27 uttryckligen
540 671 126 27 medgifven.
695 672 39 21 Att
757 674 79 24 antaga
860 672 12 26 8
897 671 7 21 i

81 700 48 21 dess
144 700 122 21 nuvarande
282 700 59 21 skick
357 706 50 16 vore
423 700 63 26 högst
501 700 127 26 betänkligt.
659 699 244 28 Kreditinrättningarne

81 728 6 20 i
103 728 73 21 landet
190 728 69 21 skulle
274 728 63 22 bland
354 730 66 20 annat
436 728 28 22 dä
480 728 18 27 ej
515 728 72 22 kunna
602 730 108 25 emottaga
726 728 121 27 inteckning
858 728 7 21 i
878 734 26 15 en

80 756 120 26 stadsgärd,
216 756 69 22 säsom
300 757 100 21 säkerhet
415 756 34 22 för
464 757 41 26 län,
522 756 89 22 emedan
626 762 49 15 man
690 756 19 27 ej
724 756 71 22 kunde
810 758 49 20 veta
869 762 35 16 om

81 784 36 22 det
137 785 47 21 icke
198 784 50 22 fölle
263 786 77 25 ägaren
355 785 22 21 in
392 787 34 19 att
441 786 66 20 tända
521 785 29 27 pä
565 785 122 21 densamma
702 785 40 21 och
757 784 89 22 sälunda
861 784 42 22 till-

80 813 108 27 intetgöra
202 813 49 22 hela
265 813 132 22 säkerheten.

148 886 57 22 Herr
219 886 156 27 Öhrnberg:
391 887 8 21 i
414 886 115 27 anledning
545 886 23 22 af
581 886 26 22 de
622 886 75 27 gjorda
711 886 192 27 anmärkningarne

79 914 38 21 ber
138 913 36 28 jag
196 914 22 22 få
238 916 58 26 yttra
318 915 66 26 några
400 915 45 21 ord.
476 915 62 21 Hvad
553 915 55 21 först
623 915 102 21 beträffar
740 915 36 20 det
790 914 113 21 anmärkta

79 943 109 26 uttrycket
209 942 148 27 ,förverkad*,
374 942 23 22 sä
413 943 62 22 torde
490 943 125 26 detsamma,
632 943 69 21 såsom
716 943 13 26 $
744 944 25 19 är
783 942 119 27 redigerad,

79 971 19 26 ej
121 971 73 20 kunna
213 971 136 21 missförstås.
380 971 80 21 Vidare
476 971 39 22 har
530 971 116 26 anmärkts,
662 973 32 20 att
709 971 11 27 $
736 971 65 21 borde
817 970 86 22 affattas

79 999 6 20 i
101 999 36 20 det
153 999 61 26 syfte,
230 1001 32 20 att
277 1005 34 15 om
327 1000 40 21 den
382 1000 95 21 antända
493 999 40 22 och
547 1000 108 21 förstörda
670 999 130 27 egendomen
810 1001 25 19 är
845 999 58 21 bela-

78 1027 49 21 stad
146 1027 49 21 med
209 1027 128 27 inteckning,
352 1027 228 28 försäkringsgifvaren
595 1034 51 15 vore
661 1027 83 28 skyldig
758 1029 33 20 att
806 1027 97 22 utbetala

78 1055 255 28 brandskadeersättning
355 1055 34 22 för
412 1056 131 25 densamma,
562 1057 135 26 naturligtvis
712 1056 48 21 med
775 1057 69 26 öppen
859 1057 44 19 rätt

77 1083 34 21 för
127 1083 78 22 honom
220 1085 33 20 att
268 1084 65 21 sedan
349 1083 57 22 hålla
422 1085 32 26 sig
469 1085 33 21 till
516 1085 227 26 försäkringstagaren.
769 1084 66 21 Detta
845 1089 58 21 vore,

77 1117 63 20 synes
162 1112 50 27 mig,
235 1113 33 20 att
289 1113 7 20 i
318 1112 38 21 vår
378 1112 249 28 brottmålslagstiftning
646 1113 69 21 införa
730 1119 26 15 en
770 1112 132 27 grundsatts,

77 1145 47 16 som
139 1140 38 21 der
192 1140 59 21 förut
266 1142 24 19 är
306 1141 70 21 okänd
391 1141 41 21 och
447 1141 110 22 dessutom
572 1141 45 22 står
632 1142 8 21 i
655 1141 53 21 strid
723 1141 48 21 med
787 1141 36 21 det
838 1140 65 21 ända-

77 1168 50 25 mål,
143 1174 46 15 som
204 1168 49 21 hela
268 1169 59 21 detta
341 1169 220 27 författningsförslag
576 1170 46 21 har.
647 1169 33 22 Då
696 1169 36 21 det
746 1169 6 21 i
768 1169 135 26 inledningen

77 1196 34 22 till
133 1197 117 21 utskottets
271 1197 135 22 betänkande
422 1200 123 20 omnämnes
561 1199 33 20 att
609 1204 26 15 en
650 1197 195 27 försäkringsägare
860 1197 43 21 kan

77 1225 66 21 tända
164 1225 35 21 eld
214 1226 28 26 på
256 1226 38 20 sitt
309 1226 40 21 hus
363 1226 35 21 för
413 1228 33 20 att
461 1226 68 22 skada
544 1227 47 21 sina
605 1226 175 26 fordringsägare,
796 1231 46 15 som
858 1225 45 21 deri

77 1252 64 22 hafva
155 1253 130 27 inteckning,
301 1254 24 22 så
339 1256 24 20 är
379 1254 61 22 detta
456 1255 76 21 endast
544 1254 123 22 framhållet
679 1255 68 21 såsom
758 1255 32 20 ett
800 1254 103 26 exempel,

77 1281 81 21 hvilket
181 1282 119 27 berättigar
322 1282 41 22 den
384 1283 7 21 i
410 1282 12 27 &
439 1284 10 20 1
467 1283 175 22 förekommande
657 1283 132 25 lokutionen;
805 1282 18 26 yi
837 1284 66 19 annat

77 1309 85 27 svikligt
178 1310 75 27 syfte*,
269 1317 48 15 men
333 1311 39 21 har
382 1311 89 22 alldeles
483 1312 64 26 ingen
557 1318 71 14 annan
638 1311 116 27 betydelse.
777 1310 126 26 Fordrings-

76 1339 80 25 ägaren
179 1338 93 22 drabbas
295 1340 6 20 i
325 1340 60 20 detta
407 1346 47 15 som
470 1340 7 21 i
497 1340 68 21 andra
580 1340 37 21 fall
632 1340 24 21 af
668 1340 139 26 gäldenärens
823 1339 79 21 brotts-

76 1366 67 26 lighet
165 1366 40 22 och
228 1368 32 20 att
282 1368 44 20 läta
349 1368 229 27 försäkringsgifvaren
603 1368 115 22 vidkännas
744 1368 103 21 förlusten
870 1366 33 22 till

75 1394 85 22 förmon
175 1395 34 21 för
224 1395 193 27 fordringsägaren,
432 1402 52 16 vore
499 1396 129 22 ätminstone
644 1397 66 26 enligt
724 1397 49 21 mitt
783 1395 120 23 omdömme

73 1424 36 20 att
123 1423 7 20 i
145 1423 155 27 författningen
315 1424 69 22 införa
399 1430 27 16 en
442 1426 135 26 motsägelse.

145 1451 73 22 Skulle
240 1452 66 27 nägot
326 1452 199 28 försäkringsbolag
539 1460 76 20 genom
630 1453 54 21 aftal
699 1453 48 21 med
762 1452 141 26 försäkrings-

75 1480 89 25 tagaren
186 1480 99 22 förbinda
307 1481 32 26 sig
360 1483 40 23 att,
423 1481 63 22 äfven
509 1488 35 15 om
567 1482 67 21 denne
658 1482 49 26 sjelf
720 1481 103 21 antänder
839 1486 64 21 egen-

74 1507 85 26 domen,
182 1508 105 27 godtgöra
307 1509 231 27 inteckningshafvare,
560 1510 24 21 sä
599 1510 97 21 kommer
711 1511 31 20 ett
758 1509 77 21 sädant
849 1508 54 21 aftal

73 1534 72 22 såsom
167 1536 43 21 alla
232 1537 68 21 andra
321 1539 34 20 att
369 1537 66 22 lända
450 1538 33 21 till
499 1538 142 22 efterrättelse
657 1537 121 22 oberoende
793 1537 23 21 af
829 1537 74 26 lagens
