1095 1825
300 151 182 22 Borgareståndet.
508 152 54 17 1867.
587 152 11 17 7
611 152 47 21 Maj.
826 148 41 20 747

73 238 80 21 dandet
175 238 22 21 af
217 238 25 21 de
262 238 32 20 för
310 237 146 21 folkskolorna
471 237 101 27 anslagna
587 237 75 21 medel.
692 237 89 22 Derföre
797 244 50 14 vore
863 238 36 21 det

73 266 121 27 lämpligast
210 268 32 19 att
256 266 117 26 bordlägga
389 266 94 26 ärendet,
499 266 44 20 tills
557 266 66 26 sagde
634 265 135 22 betänkande
780 266 118 22 inkommit.

143 323 55 20 Herr
221 322 151 27 Ohrnberg:
386 323 37 26 jag
438 322 69 21 skulle
522 322 39 21 ock
576 322 73 21 förena
664 322 40 27 mig
719 323 49 20 med
783 322 54 27 dem,
853 329 46 15 som

74 351 67 21 önska
164 351 99 22 ärendets
285 351 159 26 bordläggning,
467 351 65 20 likväl
554 350 46 21 icke
623 351 23 20 sä
669 351 85 26 mycket
769 351 82 21 derföre
867 353 32 19 att

73 381 64 20 stats-
151 379 38 22 och
205 379 231 27 bevillningsutskottet
451 379 39 21 har
505 379 113 26 anledning
633 381 32 19 att
679 381 57 24 yttra
751 379 32 26 sig
798 379 7 21 i
818 379 80 27 frågan,

73 409 52 20 utan
148 409 47 20 med
211 408 98 21 afseende
324 408 13 21 å
351 407 85 28 frågans
452 407 101 27 granlaga
569 407 150 22 beskaffenhet.
750 407 45 22 Och
810 408 89 21 emedan

70 437 38 26 jag
124 443 61 15 anser
200 437 105 26 utgången
321 436 22 21 af
356 437 118 26 petitionen
490 436 18 27 ej
519 436 50 21 bero
583 435 23 22 af
615 436 51 21 eller
676 436 33 21 stå
720 436 6 21 i
736 437 65 26 något
811 436 89 21 hufvud-

74 465 78 26 sakligt
166 465 151 26 sammanhang
332 465 48 21 med
397 465 40 21 den
452 465 80 26 utgång
547 464 199 27 bevillningsfrågan
760 465 90 22 erhåller
860 465 39 21 hos

73 494 121 26 ständerna,
210 493 24 22 så
250 493 66 22 finner
329 493 37 27 jag
381 493 18 27 ej
416 493 66 22 heller
497 493 80 26 nödigt,
594 495 32 18 att
641 493 180 27 bordläggningen
831 493 69 22 skulle

74 528 51 15 vara
147 522 43 21 tills
212 522 21 21 vi
256 522 41 21 fått
320 524 108 25 emottaga
450 522 65 26 sagde
537 521 95 21 utskotts
654 521 140 22 betänkande.
824 521 76 22 Denna

73 550 90 27 petition
179 551 37 26 går
232 552 24 19 ut
270 551 28 26 på
313 552 32 19 att
360 550 47 21 icke
422 550 67 21 heller
499 550 127 21 statsverket
637 550 108 27 tillhöriga
754 550 69 21 medel
831 550 69 21 skulle

74 579 33 20 till
122 579 161 26 ifrågavarande
299 579 98 21 ändamål
413 579 113 21 användas.

143 636 60 21 Efter
218 636 71 21 slutad
303 636 120 21 diskussion
433 636 132 21 framställde
575 635 56 21 Herr
643 635 154 22 Talmannen
807 636 93 26 följande

73 664 143 27 proposition:

144 721 68 21 Anser
234 721 84 21 ståndet
333 720 146 27 ifrågakomna
494 721 196 27 protokollsutdrag
704 720 53 22 böra
772 720 127 27 bordläggas

74 749 29 27 på
118 751 32 19 tre
166 749 65 27 dagar
246 749 52 21 eller
313 756 25 14 en
353 750 80 20 vecka?

144 806 38 26 De,
206 812 45 15 som
274 806 50 26 vilja
346 806 36 21 det
401 805 63 27 förra,
481 812 62 15 svara
555 806 29 26 ja,
600 806 40 21 och
656 806 26 21 de
696 806 72 21 hvilka
783 806 66 21 önska
865 806 36 21 det

76 835 95 24 sednare,
188 840 62 16 svara
264 834 40 27 nej.

148 885 84 28 Frågan
255 886 126 20 besvarades
404 886 48 21 med
475 885 154 27 öfvervägande
649 885 33 27 ja;
699 885 98 21 hvarföre
812 885 88 21 ärendet

75 913 45 22 blef
133 914 127 27 bordlaggdt
276 914 27 26 på
318 914 12 21 3
347 914 71 27 dagar.

145 966 33 20 3:0
201 965 47 21 från
271 965 161 21 Bondeståndet
452 965 33 21 för
505 965 40 21 den
561 965 12 20 2
589 965 142 20 innevarande
746 964 49 27 Maj,
811 963 89 22 innefat-

74 994 65 21 tande
155 993 96 22 ståndets
263 993 70 21 beslut
343 994 7 20 i
360 993 75 27 frågan
446 999 33 15 om
491 993 120 26 grunderna
621 993 33 21 för
664 993 105 26 reglering
779 993 23 21 af
809 994 92 25 prester-

75 1022 86 27 skapets
176 1021 92 27 aflöning
283 1022 7 21 i
305 1022 82 21 landets
403 1021 242 28 evangelisk-lutherska
660 1021 155 27 församlingar;
833 1021 39 21 och

145 1074 33 20 4:0
202 1073 48 21 från
264 1073 161 21 Bondeståndet
440 1073 32 21 för
488 1073 40 21 den
544 1074 13 20 3
573 1073 85 26 dennes,
674 1072 75 21 hvaraf
762 1072 138 26 inhemtades,

76 1103 32 19 att
131 1101 65 21 sedan
217 1101 86 27 upplyst
317 1101 76 25 blifvit,
407 1102 36 21 det
458 1101 35 22 vid
508 1101 155 27 utskrifningen
678 1101 22 21 af
714 1101 76 27 nådiga
805 1102 97 25 proposi-

75 1130 80 26 tionen,
171 1130 110 26 angående
296 1130 126 27 indragning
438 1130 22 21 af
473 1130 179 25 Kämnersrätter,
675 1130 172 26 Lagmansrätter
862 1129 40 21 och

75 1158 191 27 Riddaresynerätt
282 1160 54 19 samt
351 1159 91 26 ändring
457 1159 51 20 eller
520 1158 149 27 upphäfvande
680 1157 22 22 af
712 1158 106 26 åtskilliga
829 1158 72 25 lagens

75 1193 54 20 rum,
153 1187 91 21 rörande
266 1187 241 26 rättegångsordningen
527 1187 40 20 och
582 1187 56 20 vissa
653 1186 126 21 domstolars
794 1185 108 27 organisa-

75 1215 52 24 tion,
145 1215 35 21 det
196 1215 89 27 misstag
300 1215 105 26 förefallit,
424 1217 32 19 att
470 1215 35 21 vid
521 1216 27 20 25
563 1215 49 27 kap.
630 1215 24 21 R.
670 1215 24 21 B.
710 1214 92 27 följande
817 1214 85 27 mening

75 1243 71 21 blifvit
168 1244 144 21 bortlemnad:
337 1245 24 26 ,4
377 1244 12 26 &
406 1244 83 26 upphör
505 1245 32 19 att
552 1250 51 15 vara
618 1244 115 26 gällande",
749 1243 81 21 hvilket
844 1243 58 21 stad-

75 1272 70 26 gande
167 1272 55 21 hade
242 1272 32 21 sin
295 1272 55 26 plats
366 1272 54 22 efter
436 1273 26 20 23
478 1272 66 21 raden
559 1272 98 27 uppifrån
672 1272 8 20 i
695 1272 25 21 de
735 1271 84 27 tryckta
833 1277 69 15 exem-

75 1300 74 26 plaren
164 1300 24 22 af
201 1301 165 26 propositionen,
383 1301 85 21 ståndet
483 1301 116 25 förordnat,
617 1301 35 21 det
668 1300 66 21 skulle
745 1300 91 21 berörda
846 1299 57 21 stad-

75 1330 76 25 gande,
176 1335 44 15 som
244 1329 22 21 af
287 1330 84 20 ståndet
387 1330 95 26 gillades,
498 1330 13 20 å
526 1329 138 21 förenämnda
679 1328 61 22 ställe
755 1329 7 20 i
777 1328 126 22 ständernas

75 1358 147 26 underdåniga
236 1364 48 15 svar
300 1358 12 20 å
328 1358 39 20 den
383 1358 79 26 nådiga
476 1358 159 27 propositionen
650 1359 110 25 upptagas.

145 1396 50 34 Som
221 1409 26 21 de
269 1411 76 19 tvenne
368 1409 133 21 sistnämnda
522 1408 223 27 protokollsutdragen
767 1408 46 21 icke
832 1407 71 21 föran-

75 1437 62 21 ledde
160 1438 32 20 till
208 1437 72 27 någon
295 1437 72 21 vidare
383 1437 83 27 åtgärd,
482 1437 68 21 skulle
566 1438 107 20 desamma
688 1443 25 15 ur
728 1436 76 21 diariet
819 1435 82 22 afföras.

145 1487 118 23 Anmäldes
286 1490 31 20 att
339 1489 97 21 ståndets
458 1488 108 27 protokoll
587 1488 34 21 för
643 1488 41 21 den
707 1488 27 20 24
749 1487 39 21 och
803 1488 27 20 26
846 1488 57 20 näst-

74 1516 63 21 vikne
159 1516 62 27 April
243 1523 51 15 vore
310 1519 100 24 uppsatta
426 1517 40 20 och
481 1517 33 20 till
529 1517 84 20 ståndet
628 1516 134 25 inlemnade;
774 1516 51 21 derå
839 1515 64 26 sagde

74 1544 109 26 protokoll
198 1545 114 21 bordlades
326 1545 27 26 på
371 1546 25 20 14
413 1545 70 27 dagar.

812 1583 22 16 48
