1095 1825
236 160 56 22 1148
434 164 184 22 Borgareständet.
642 165 56 17 1867.
722 165 27 17 29
761 164 48 22 Maj.

205 251 128 26 handlingar
355 252 24 19 är
401 250 121 26 berättigad
542 252 32 19 att
589 252 84 24 antaga,
690 250 95 21 befinner
801 250 37 26 sig.
868 250 110 22 Utskottet
993 251 40 21 har

204 280 77 21 härvid
304 279 49 21 lätit
375 279 49 21 leda
446 279 32 26 sig
501 278 55 21 blott
581 278 24 22 af
618 278 166 27 nyttighetsskäl
800 278 46 25 och,
863 279 69 21 sävidt
946 286 49 14 man
1010 280 24 21 af

205 309 49 20 dess
270 307 110 21 memorial
396 307 42 21 kan
454 307 56 20 sluta
525 307 32 20 till
573 307 49 20 dess
636 307 92 26 mening,
738 309 72 18 ansett
821 313 25 14 en
859 307 106 27 synnerlig
976 308 55 21 väda

205 337 58 26 ligga
286 336 52 25 deri,
355 337 32 20 att
403 335 218 27 kyrkolagsförslaget
636 335 68 21 skulle
719 335 35 21 vid
770 335 144 21 innevarande
929 336 102 27 landtdag

202 365 96 26 förfalla,
322 364 32 21 till
369 364 51 27 följe
436 363 22 21 af
471 364 27 21 de
513 364 145 26 väsendtligen
674 364 59 21 olika
748 364 77 24 beslut,
842 364 59 21 hvari
917 364 35 21 tvä
968 365 62 21 ständ

204 395 88 20 stannat
308 395 57 19 emot
379 392 37 21 tvä
431 393 6 20 i
452 392 60 27 fräga
528 399 34 14 om
577 393 153 26 kyrkotukten.
760 393 43 20 För
818 393 43 20 min
877 392 34 21 del
928 393 74 21 delar
994 400 38 20 jag

204 422 46 21 icke
273 421 118 22 utskottets
413 421 90 26 mening.
533 421 41 26 Jag
596 427 64 15 anser
680 421 116 26 ingalunda
818 421 68 26 nägon
906 421 53 22 väda
974 422 56 27 ligga

204 451 46 20 deri
274 451 32 20 att
329 449 160 27 lagstiftningen
504 449 129 21 härutinnan
649 451 57 19 ännu
721 449 55 21 intill
792 451 63 19 nästa
869 449 102 27 landtdag
986 438 43 33 för-

204 479 42 21 blir
268 479 35 20 vid
327 479 36 20 det
377 484 29 15 nu
422 477 121 22 bestäende.
573 477 100 22 Tvertom
689 477 69 22 häller
771 478 36 26 jag
823 478 36 21 det
874 477 33 22 för
921 466 109 39 vädligare

204 514 34 15 om
255 508 55 20 1867
327 507 33 20 ärs
376 506 118 27 lagstiftare
510 507 6 20 i
531 506 54 21 strid
600 507 48 20 med
664 507 41 20 den
720 506 84 27 Nädiga
819 507 159 26 propositionen
988 508 40 21 och

203 535 234 28 kyrkolagsutskottets
461 535 135 20 betänkande
617 535 85 21 besluta
724 535 32 20 till
773 537 31 18 ett
819 535 117 26 stadgande
952 535 76 22 sådant

203 571 45 15 som
271 565 36 20 det
329 569 49 21 nyss
401 563 104 27 upplästa.
537 563 36 21 Må
595 563 75 26 frågan
694 563 85 21 förfalla
801 563 32 21 till
849 565 61 19 nästa
925 564 103 27 landtdag

203 593 40 22 och
266 592 34 22 må
317 592 83 21 landets
416 592 88 21 monark
519 591 28 22 då
562 591 47 22 åter
623 591 119 27 framlägga
758 592 59 21 detta
833 592 79 26 förslag
927 593 100 26 antingen

202 621 142 22 oförändradt
365 621 53 21 eller
440 620 47 21 med
509 620 25 22 de
557 620 115 27 ändringar
694 621 48 20 Han
766 621 117 21 emellertid
907 621 41 21 kan
970 620 57 22 finna

202 650 84 26 nödiga.
317 650 41 25 Jag
380 652 45 18 tror
440 651 33 19 att
488 649 72 21 landet
576 649 19 26 ej
611 649 54 21 skall
680 648 82 22 förlora
778 649 71 26 derpå.
879 650 40 26 Jag
935 653 44 17 tror
994 653 32 18 att

202 679 26 21 de
251 684 42 21 nya
317 678 86 26 äsigter,
419 684 45 14 som
479 680 56 18 ännu
551 677 46 21 icke
613 678 34 20 vid
664 678 70 20 denna
749 678 102 26 landtdag
867 678 81 26 lyckats
964 678 62 22 vinna

202 708 36 20 det
253 707 108 21 allmänna
377 706 134 21 erkännande
527 706 26 21 de
568 706 97 26 förtjena,
682 706 28 20 då
724 706 62 21 skola
801 706 62 21 hafva
879 706 48 21 vida
949 706 77 22 lättare

202 738 32 19 att
249 736 64 20 vinna
329 735 40 25 det,
385 736 26 19 än
428 741 33 14 om
477 735 25 20 de
517 734 61 22 skola
593 734 107 27 uppträda
715 736 58 20 emot
789 741 24 14 en
830 735 34 26 lag
879 735 23 21 af
917 736 60 24 1867,
993 736 33 21 till

201 770 26 16 en
243 766 45 19 stor
304 764 33 20 del
353 764 59 20 fotad
428 763 26 26 på
470 769 80 15 samma
565 763 113 27 principer,
694 769 45 15 som
755 762 34 22 för
799 763 114 21 hundratal
924 763 24 21 år
960 764 64 21 sedan

200 792 72 22 kunde
290 798 62 15 anses
367 792 138 26 berättigade.
536 792 83 26 Frågan
635 794 25 18 är
675 792 119 20 emellertid
809 791 23 21 af
846 792 39 20 den
901 795 59 17 stora
975 792 49 27 vigt,

200 823 32 19 att
248 827 49 15 man
313 820 18 27 ej
348 820 39 21 bör
401 822 52 24 göra
468 820 31 26 sig
515 820 82 26 skyldig
613 820 32 21 till
661 820 37 21 det
712 819 28 22 fel
754 820 36 26 jag
805 826 62 15 anser
883 821 142 26 expeditions-

200 850 107 21 utskottet
329 848 63 22 hafva
415 848 47 21 låtit
484 848 85 21 komma
592 849 31 26 sig
643 848 32 22 till
695 849 49 25 last,
761 848 103 27 nemligen
881 852 31 18 att
927 850 97 20 använda

201 878 146 26 öfvertalning.
378 878 41 26 Jag
435 877 125 21 inskränker
575 877 43 27 mig
633 877 83 21 derföre
732 877 34 21 till
781 879 32 19 att
829 878 94 20 förklara
938 878 36 20 det
987 878 37 26 jag

200 906 46 21 icke
269 906 48 21 med
339 906 44 20 min
405 908 46 18 röst
473 906 96 20 kommer
591 908 32 19 att
639 906 88 31 bidraga
743 906 32 20 till
792 906 39 20 den
848 906 75 25 åtgärd
938 907 84 26 expedi-

199 934 163 22 tionsutskottet
385 934 114 26 föreslagit,
522 940 48 15 men
593 933 81 22 tillåter
696 935 43 25 mig
764 934 83 21 derföre
862 934 46 21 icke
924 937 32 18 att
971 935 53 20 söka

199 963 89 21 inverka
310 962 27 27 på
359 963 26 20 de
409 962 68 27 öfriga
499 962 101 21 ståndens
616 946 134 47 tillgörande,
767 962 89 43 likasom
871 963 36 26 jag
923 963 17 26 ej
956 963 68 21 heller

199 997 119 22 uppmanar
333 991 69 27 någon
418 993 32 18 att
465 991 85 20 biträda
565 991 43 20 min
624 991 62 26 åsigt.

268 1049 56 20 Herr
348 1048 172 26 Lindeqvist:
543 1047 34 21 för
602 1048 43 21 min
672 1047 33 22 del
731 1048 43 21 kan
799 1048 38 27 jag
855 1048 18 27 ej
891 1048 65 21 heller
972 1050 51 25 gilla

198 1077 118 21 utskottets
331 1077 127 25 tillgörande
473 1076 7 21 i
500 1077 70 20 denna
585 1077 45 20 sak.
660 1077 11 20 I
686 1077 102 20 händelse
803 1077 70 26 någon
889 1077 135 24 tveksamhet

198 1106 58 21 inom
278 1105 240 26 expeditionsutskottet
539 1105 58 26 gjort
619 1105 32 26 sig
670 1105 99 26 gällande
785 1111 34 15 om
835 1105 114 22 huruledes
964 1109 58 19 stän-

198 1135 78 20 dernas
291 1133 145 26 underdåniga
447 1139 47 15 svar
504 1133 28 26 på
543 1133 163 27 ifrågavarande
721 1133 79 27 nådiga
813 1135 131 26 proposition
955 1135 67 22 borde

197 1162 104 25 utfärdas,
316 1168 63 21 synes
394 1162 42 26 mig
451 1162 35 21 det
502 1163 55 20 enda
572 1162 106 21 utskottet
694 1162 46 21 haft
756 1164 43 19 rätt
815 1163 39 20 och
869 1163 46 20 skäl
927 1165 31 19 att
969 1166 53 24 göra

196 1191 64 21 hafva
285 1191 55 20 varit
364 1192 33 19 att
422 1190 32 21 till
481 1191 115 20 ständerna
611 1190 120 26 hemställa,
748 1191 105 21 huruvida
868 1194 71 19 svaret
954 1192 68 22 borde

196 1219 98 21 utfärdas
309 1220 5 20 i
331 1220 39 20 den
386 1219 62 25 anda,
464 1221 32 19 att
511 1219 48 21 hela
575 1219 219 27 kyrkolagsförslaget
805 1220 120 26 derigenom
936 1221 85 22 komme

196 1250 33 20 att
251 1248 90 26 förfalla,
365 1248 51 20 eller
438 1248 38 20 ock
497 1254 33 14 om
547 1248 126 21 ständernas
689 1249 86 25 mening
789 1255 50 15 vore
855 1251 32 19 att
903 1249 117 22 detsamma

196 1276 70 22 skulle
288 1276 105 22 förkastas
412 1276 75 21 endast
511 1276 6 21 i
533 1276 41 21 den
589 1276 74 26 punkt,
679 1277 38 21 der
733 1277 37 21 två
785 1277 62 27 stånd
863 1279 85 20 stannat
964 1282 57 18 emot

196 1306 42 20 tvä.
269 1305 51 21 Deri
346 1305 86 21 förenar
455 1305 35 26 jag
517 1305 43 26 mig
585 1304 83 22 således
693 1306 48 20 med
758 1306 49 20 herr
823 1306 117 26 Öhruberg.
971 1307 49 21 Men

196 1334 131 20 beträffande
350 1333 74 26 sjelfva
446 1334 64 20 saken
533 1334 37 20 vill
591 1333 36 27 jag
648 1335 85 22 nämna,
757 1336 32 18 att
803 1334 36 26 jag
853 1335 47 20 med
917 1336 42 20 min
975 1338 45 19 röst

195 1362 73 26 hvarje
284 1361 55 27 gång
354 1361 93 27 bidragit
463 1362 31 20 till
510 1362 36 20 det
561 1362 77 26 beslut,
654 1362 62 21 hvari
732 1362 181 27 Borgareståndet
930 1364 90 22 rörande

196 1390 12 27 $
226 1390 40 21 102
282 1392 85 18 stannat
383 1390 38 20 och
438 1390 35 21 det
489 1390 22 20 af
525 1390 46 21 skäl
587 1392 33 19 att
634 1392 65 25 sagde
715 1391 71 21 beslut
801 1392 54 20 varit
870 1392 39 20 och
920 1392 37 21 allt
968 1392 52 22 fort-

194 1418 89 22 farande
305 1420 24 19 är
345 1419 230 20 öfverensstämmande
590 1419 49 21 med
654 1420 44 20 min
714 1419 148 27 öfvertygelse,
878 1420 89 22 likasom
983 1421 36 21 det

195 1447 87 21 dermed
303 1448 24 20 är
343 1447 87 21 alldeles
446 1446 111 28 oförenligt
573 1449 32 19 att
621 1448 65 20 bland
701 1448 129 26 kyrkotukts
845 1449 90 24 medlen,
952 1456 44 14 som
1012 1451 7 20 i

194 1476 70 21 denna
286 1476 12 26 8
320 1475 129 27 uppräknas,
471 1476 69 20 införa
563 1476 36 20 det
614 1476 23 20 af
650 1476 164 22 Prestaständet
829 1477 24 21 sä
867 1478 93 26 ihärdigt
975 1478 44 21 vid-

193 1504 74 21 hällna
281 1504 82 20 mindre
379 1504 84 20 bannet.
493 1504 82 21 Genom
587 1504 36 21 det
632 1505 130 26 tillgörande
774 1505 168 26 Prestaständet,
953 1507 65 20 sedan

193 1534 33 19 tre
249 1532 63 21 stånd
334 1531 65 22 redan
422 1531 64 22 fattat
508 1532 71 21 beslut
601 1532 7 21 i
629 1533 74 25 saken,
724 1533 73 21 tillåtit
813 1533 37 27 sig,
867 1534 99 26 lyckades
981 1536 37 21 det

192 1560 72 22 säsom
286 1560 67 21 kändt
374 1562 24 19 är
410 1560 163 21 Prestaständet
589 1563 32 19 att
635 1561 69 22 förmä
719 1562 161 21 Bondeständet
895 1565 32 19 att
942 1563 76 28 frängä
