1095 1825
295 166 184 22 Borgareständet.
503 168 54 16 1867.
583 168 22 16 31
619 168 47 20 Maj.
818 162 55 21 1189

75 254 107 21 tacksamt
204 254 69 20 minne
296 253 79 21 bevara
391 253 69 21 denna
475 253 119 21 värdefulla
613 254 100 25 vänskap,
730 259 45 15 som
791 252 47 22 frän
854 253 47 21 her-

75 288 74 15 rarnes
172 282 46 20 sida
240 282 89 20 kommit
349 282 42 25 mig
407 282 31 20 till
455 282 39 20 del.
526 282 57 20 Tack
601 282 54 20 mine
672 282 85 20 herrar!
774 288 25 14 en
815 281 86 26 hjertlig

74 310 51 21 tack
140 310 39 21 och
195 312 31 19 ett
242 310 42 21 lika
300 310 94 26 hjertligt
406 310 39 21 och
457 309 116 27 broderligt
584 309 78 22 farväl!
680 310 66 21 Innan
758 310 37 26 jag
805 309 96 22 afträder

74 339 49 20 frän
139 339 160 20 talmansstolen
316 339 93 20 äterstär
425 339 42 26 mig
483 339 74 20 endast
573 341 33 18 att
621 338 22 21 ät
659 338 168 21 hufvudstadens
837 339 64 20 främ-

74 369 33 19 ste
128 369 148 24 representant
290 367 91 21 atlemna
396 367 193 25 talmansklubban,
606 367 34 20 för
656 369 32 18 att
703 367 35 21 vid
754 369 61 19 nästa
832 367 69 20 landt-

75 397 42 25 dag
133 395 139 22 öfverlemnas
287 396 7 20 i
309 396 112 26 värdigare
437 396 80 20 händer
533 397 26 19 än
576 395 61 21 mina.

79 487 10 4 <
111 459 18 36 ==
144 463 100 22 Ständets
268 464 73 21 afsked
364 464 31 21 till
418 464 49 21 herr
485 464 169 21 Talmannen
670 463 127 21 framfördes
813 463 23 21 af
850 463 50 21 herr

74 492 145 27 Öhrnberg
234 493 7 20 i
256 492 94 27 följande
367 493 97 26 ordalag:

144 561 56 21 Herr
223 561 167 21 kommerseråd!
423 561 71 26 Enligt
517 561 42 26 mig
580 560 23 21 af
617 560 192 27 Borgareständets
825 562 75 19 närva-

75 589 65 22 rande
155 589 139 22 medlemmar
309 589 64 27 gifvet
389 589 102 27 uppdrag,
507 589 64 21 utber
584 589 36 27 jag
635 590 43 26 mig
693 589 21 21 fä
729 589 6 21 i
752 589 69 21 denna
836 589 63 21 stund

74 625 52 14 vara
149 624 24 15 en
197 618 46 21 tolk
263 618 32 21 för
311 618 25 21 de
352 618 86 21 känslor
454 618 180 26 Bocrgareständet
650 618 62 27 hyser
728 618 32 21 för
777 618 48 21 herr
842 618 57 21 kom-

75 647 131 21 merserädet.
240 648 56 20 Herr
311 646 182 22 kommerserådet
508 646 39 22 har
563 653 28 15 nu
607 647 85 26 nedlagt
708 647 36 21 det
760 647 78 26 vigtiga
853 646 48 21 värf

74 676 20 20 h.
111 676 20 20 k.
147 682 76 20 genom
240 676 58 20 Hans
314 676 100 26 Majestät
432 676 103 26 Kejsaren
551 675 37 21 vär
603 675 149 27 allernädigste
770 675 129 21 Storfurstes

74 704 123 21 förtroende
221 704 103 21 handhaft
347 704 67 21 under
440 704 39 21 den
505 711 29 14 nu
563 704 173 26 tilländagängna
763 704 135 26 landtdagen.

74 732 115 22 Omdömet
212 739 33 15 om
270 733 66 21 denna
359 732 101 27 landtdag
476 733 38 21 och
531 733 101 21 särskildt
648 733 55 20 hvad
718 732 181 26 Borgareständet

74 762 35 20 vid
132 762 122 20 densamma
270 762 55 20 varit
340 762 38 20 och
394 761 56 27 gjort
466 762 71 20 kunna
553 762 18 20 vi
589 761 134 27 naturligtvis
739 761 18 27 ej
774 761 56 23 fälla,
847 761 51 21 kan-

73 790 38 21 ske
135 790 18 26 ej
177 796 37 15 ens
237 790 104 21 samtiden
364 792 24 18 är
404 790 67 26 egnad
487 790 79 26 afgifva
581 791 59 20 detta
656 790 97 20 omdöme
770 790 129 26 fullkomligt

74 818 153 26 fördomsfritt;
250 825 47 14 men
318 819 53 21 hvad
389 819 18 20 vi
424 818 71 21 kunna
509 821 59 24 göra,
586 819 48 26 vilja
650 821 51 23 göra
717 818 39 21 och
773 818 52 21 böra
840 820 57 25 göra,

73 848 37 20 det
125 849 24 19 är
164 849 33 19 att
212 848 34 20 vid
262 848 59 20 detta
337 847 82 21 tillfälle
435 847 121 26 offentligen
568 848 77 26 betyga
656 848 49 20 herr
716 846 183 22 kommerserädet

75 876 37 20 vär
134 876 124 27 uppriktiga
281 876 98 21 erkänsla
399 876 33 20 för
448 876 35 21 det
500 878 48 24 sätt,
565 876 27 26 pä
608 876 81 21 hvilket
704 876 50 20 herr
770 876 128 20 kommerse-

74 904 61 21 rädet
157 904 104 21 handhaft
284 904 35 21 det
342 904 79 27 vigtiga
444 905 165 20 talmanskallet.
640 904 101 21 Ständets
757 905 6 20 i
779 904 30 21 sin
826 904 73 20 helhet

73 933 40 21 och
138 933 40 20 den
201 933 95 21 enskilde
319 933 226 21 ständsmedlemmens
561 933 83 21 trefnad
660 933 39 21 och
716 933 61 20 deraf
791 933 106 20 beroende

74 961 96 27 förmåga
191 964 39 21 att,
246 962 6 20 i
268 962 54 20 hvad
339 962 27 26 pä
381 961 77 21 honom
475 962 129 25 ankommer,
621 961 75 27 bringa
711 961 26 21 de
753 961 144 26 föreliggande

73 990 100 26 frågorne
196 990 31 21 till
252 997 24 14 en
292 990 197 21 tillfredsställande
505 991 88 26 lösning,
611 990 63 21 beror
689 991 7 20 i
711 990 47 21 icke
774 991 59 25 ringa
849 995 48 15 mon

73 1018 24 22 af
110 1019 40 20 den
167 1025 55 19 man,
239 1025 45 15 som
300 1021 23 18 är
339 1021 43 19 satt
397 1019 6 20 i
419 1022 85 19 spetsen
520 1019 33 21 för
568 1019 92 26 ståndet,
676 1025 45 14 som
738 1019 5 20 i
760 1019 106 26 egenskap
878 1017 22 21 af

73 1048 50 20 dess
144 1047 80 22 talman
247 1048 59 21 leder
326 1048 38 21 och
381 1047 79 21 ordnar
475 1048 47 21 dess
539 1047 167 26 förhandlingar,
723 1050 51 18 utan
789 1049 32 19 att
836 1047 61 24 dock,

74 1076 66 27 enligt
161 1076 55 21 hvad
239 1076 52 21 våra
313 1076 129 27 grundlagar
465 1076 72 27 bjuda,
557 1076 21 21 få
594 1077 85 26 deltaga
694 1076 6 21 i
717 1076 48 21 dess
781 1075 116 26 öfverlägg-

73 1105 75 26 ningar
164 1105 39 20 och
220 1105 75 21 beslut.
315 1105 42 21 Det
372 1107 23 19 är
411 1104 32 21 för
459 1111 34 15 oss
509 1111 25 14 en
552 1105 52 26 pligt
619 1107 32 19 att
667 1105 93 21 erkänna
774 1104 39 21 den
825 1103 73 21 huma-

73 1134 54 20 nitet
151 1133 39 21 och
213 1134 85 27 välvilja
319 1134 50 21 herr
391 1133 183 22 kommerserådet
589 1134 6 20 i
612 1134 31 20 sin
658 1133 107 26 egenskap
781 1133 22 20 af
817 1133 80 20 talman

73 1162 55 21 visat
143 1162 81 21 enhvar
240 1163 22 20 af
276 1169 40 18 oss,
333 1164 51 19 utan
399 1161 100 22 afseende
516 1162 12 21 å
544 1163 81 20 olikhet
640 1163 6 20 i
662 1162 84 26 åsigter.
771 1161 39 21 Väl
827 1163 24 18 är
862 1161 35 20 det

73 1193 69 22 sannt,
158 1193 33 18 att
207 1191 118 21 humanitet
341 1191 39 20 och
397 1191 84 26 välvilja
497 1191 19 27 ej
533 1193 36 18 äro
586 1191 64 26 något
666 1191 88 26 sällsynt
771 1191 5 20 i
787 1190 47 20 vårt
848 1189 49 21 land

73 1220 40 20 och
129 1219 51 21 våra
195 1220 257 25 samhällsförhällanden,
469 1222 24 18 är
508 1220 122 21 tillochm2d
647 1222 69 22 sannt,
732 1221 32 19 att
779 1219 41 21 den
837 1218 61 21 oveld

73 1248 40 21 och
128 1248 167 25 fördomsfrihet,
311 1255 44 14 som
372 1248 39 21 bör
427 1250 76 24 utgöra
520 1249 34 21 det
571 1248 141 21 utmärkande
728 1248 75 26 draget
818 1248 39 20 hos
873 1254 25 14 en

72 1276 97 22 ständets
192 1277 87 26 talman,
304 1277 18 27 ej
343 1279 36 19 äro
403 1277 102 26 sällsynta
524 1277 38 21 hos
578 1284 46 18 oss;
642 1283 47 15 men
706 1277 36 20 det
757 1278 24 19 är
796 1276 55 21 dock
866 1276 33 20 för

72 1312 35 14 oss
123 1312 25 14 en
164 1306 44 20 lika
223 1306 24 20 sä
262 1306 39 20 kär
316 1312 45 14 soin
379 1306 79 26 dyrbar
473 1306 52 26 pligt
541 1308 32 18 att
589 1308 65 24 öppet
669 1306 101 24 erkänna,
787 1307 32 18 att
835 1304 20 21 vi
867 1304 31 20 till

73 1334 53 21 allas
145 1334 37 21 vär
198 1334 69 27 glädje
283 1334 68 21 funnit
367 1335 61 20 dessa
444 1334 132 27 egenskaper
591 1334 99 21 utmärka
705 1334 49 20 herr
770 1334 129 20 kommerse-

72 1362 73 21 rådets
165 1363 141 21 verksamhet.
338 1363 25 21 Vi
387 1363 51 21 utbe
461 1369 34 15 oss
516 1363 86 21 härmed
619 1363 20 21 få
654 1362 84 27 aflägga
753 1362 60 21 detta
829 1364 70 24 öppna

72 1391 144 25 erkännande,
232 1392 40 20 och
285 1392 66 26 jemte
367 1392 35 20 det
418 1392 20 20 vi
453 1392 78 26 betyga
547 1392 48 20 herr
606 1391 182 21 kommerserädet
798 1390 37 21 vär
846 1396 51 20 upp-

72 1420 79 26 riktiga
173 1420 131 27 högaktning
327 1420 39 21 och
389 1420 148 26 tillgifvenhet,
560 1420 86 21 anhälla
666 1420 20 20 vi
701 1422 32 18 att
748 1419 80 21 enhvar
843 1419 7 20 i
867 1419 32 20 sin

71 1448 49 21 stad
143 1448 20 21 fä
186 1455 51 15 vara
260 1449 119 21 inneslutna
400 1449 7 21 i
428 1449 49 21 herr
493 1449 193 21 kommerserädets
702 1448 84 26 välvilja
802 1448 40 20 och
858 1448 41 20 för-

72 1477 95 21 troende.

140 1539 71 22 Sedan
232 1540 50 21 herr
302 1540 164 21 Talmannen
489 1539 100 27 slutligen
602 1540 66 26 jemte
685 1539 86 21 erinran
785 1541 32 18 att
833 1538 64 21 bedö-

71 1567 86 22 mandet
173 1568 21 21 af
208 1568 192 27 Borgareståndets
416 1568 128 27 tillgörande
557 1568 34 21 vid
603 1569 69 20 denna
683 1568 103 26 landtdag
797 1567 101 21 tillhörde
