1095 1825
217 114 42 22 788
424 118 185 22 Borgareständet.
634 120 56 16 1867.
714 120 24 17 10
751 120 48 20 Maj.

466 204 193 33 Borgareständets
674 204 96 22 enskilda
785 204 183 22 besvärsutskotts
979 204 35 22 be-

397 233 106 21 tänkande
528 233 7 21 i
561 233 113 26 anledning
697 232 23 22 af
743 233 119 26 föreslagen
883 233 132 27 underdänig

397 262 90 26 petition
513 268 33 14 om
562 261 74 27 anslag
652 262 33 20 till
701 249 143 33 fortsättande
860 262 23 20 af
896 262 119 26 päbegynta

398 290 153 20 kanalarbeten
562 289 90 21 emellan
663 290 107 20 Kallavesi
781 290 40 20 och
829 290 114 20 Idensalmi
952 290 62 26 sjöar.

260 357 36 21 Uti
313 358 32 20 ett
359 357 7 20 i
381 356 180 27 Borgareständet
575 356 123 27 föredraget
713 357 39 20 och
767 357 32 21 till
813 357 95 21 enskilda
919 357 95 22 besvärs-

190 386 108 21 utskottet
313 385 135 22 remitteradt
463 385 211 26 petitionsmemoria!
684 385 135 21 omförmäles
832 387 38 24 att,
883 385 64 22 sedan
958 387 56 20 stän-

191 415 67 21 derna
282 414 36 21 vid
345 414 99 21 sednaste
471 413 101 27 landtdag
587 413 91 27 anslagit
694 414 91 25 200,924
801 414 61 21 mark
878 415 31 20 till
925 414 89 21 förbätt-

191 443 67 21 rande
283 442 23 21 af
319 442 95 21 farleden
430 442 90 21 emellan
535 442 107 21 Kallavesi
658 441 39 22 och
713 442 113 21 Idensalmi
841 442 58 26 sjöar
915 442 38 21 och
968 443 46 20 der-

190 471 35 21 vid
251 471 116 20 beräknats
392 472 33 19 att
449 470 119 26 Tampperi,
589 471 87 20 Nerkko
692 471 39 20 och
746 471 156 20 Lammasvirta
917 470 97 21 ofvanom

190 499 94 21 Wiando
307 499 64 20 kanal
393 499 90 26 belägna
505 499 81 20 forssar
609 499 68 20 skulle
696 501 62 24 göras
775 499 87 20 farbara
876 499 33 21 för
924 499 45 26 fyra
984 498 31 21 fot

192 527 135 27 djupgäende
351 527 112 26 farkoster,
484 527 61 26 hade,
562 527 110 26 styrelsen,
688 529 52 19 enär
755 527 36 21 det
806 527 121 21 sedermera
942 527 73 21 befun-

191 557 43 20 nits
259 557 33 19 att
312 555 93 21 nämnda
423 555 67 22 farled
507 555 34 21 för
560 561 58 15 mera
636 555 214 27 ändamälsenlighets
869 556 55 21 skull
949 555 65 22 borde

192 587 64 25 göras
279 584 125 27 begagnelig
425 584 33 21 för
478 583 69 28 fartyg
562 584 23 21 af
598 585 69 20 större
683 583 138 28 djupgäende,
838 584 6 20 i
860 584 92 27 enlighet
967 583 48 22 med

192 614 57 20 hvad
272 613 104 27 styrelsen
398 612 32 27 sig
453 613 71 21 derom
543 612 122 22 förbehällit
681 613 6 20 i
704 613 40 21 den
759 613 32 20 till
807 613 92 21 nämnda
915 612 100 26 landtdag

193 642 81 20 aflätna
296 641 132 26 proposition
451 642 6 20 i
481 643 76 22 ämnet,
581 641 106 21 sätillvida
702 642 76 20 ändrat
793 642 76 25 planen
885 641 33 21 för
933 642 82 20 arbetet

193 672 31 19 att
246 670 97 20 sistlidne
367 669 36 21 vär
426 670 117 26 päbegynts
557 672 77 18 tvenne
650 669 187 27 kanalgräfningar
852 670 7 20 i
875 669 140 28 nyssberörda

192 698 62 27 syfte,
271 698 103 26 nemligen
391 698 34 20 vid
441 698 137 25 Ahkianlaks,
594 698 56 20 förbi
665 698 89 21 Wiando
771 698 39 21 och
825 698 119 26 Tampperi,
960 699 55 19 samt

194 726 13 22 &
229 726 168 26 Nerkontaipale
419 728 44 24 näs,
479 726 54 21 förbi
549 726 86 21 Nerkko
652 726 38 21 och
706 726 156 21 Lammasvirta
877 728 75 24 ström;
968 732 47 14 men

194 755 90 21 emedan
300 754 35 21 det
351 754 22 21 af
390 755 113 20 ständerne
519 755 72 20 anvisa
606 755 26 20 de
647 755 74 25 anslag
735 755 33 21 för
783 755 90 25 arbetet,
889 755 64 21 sedan
970 754 46 20 det-

194 790 82 14 samma
291 783 28 26 pä
334 782 137 22 omförmäldt
486 784 42 20 sätt
543 783 113 26 utvidgats,
670 784 54 20 varit
738 783 143 26 otillräckligt,
891 783 54 21 hade
956 782 59 21 arbe-

194 814 32 18 tet
241 818 89 14 numera
345 811 114 26 afstannat,
475 811 54 21 efter
545 811 36 21 det
597 812 39 20 den
653 812 103 26 beviljade
769 812 181 26 anslagssumman
968 810 47 21 blif-

194 840 31 20 vit
250 840 51 20 derä
326 840 90 20 använd.
446 840 44 20 Och
513 846 44 14 som
581 840 91 20 berörde
690 840 243 26 kanaliseringsarbeten
948 839 67 21 skulle

194 868 106 26 betydligt
321 868 99 26 förlänga
444 868 40 21 den
507 868 252 26 komimunikationslinie,
782 874 45 15 som
848 874 76 20 genom
945 868 71 21 Saima

194 896 64 21 kana!
275 896 68 21 blifvit
358 896 150 26 tillvägabragt
523 897 39 20 och
578 897 122 25 derigenom
716 897 33 20 för
764 898 60 19 orten
841 896 95 21 medföra
955 902 61 21 gagn,

194 925 124 20 hemställes
341 927 32 18 att
387 924 180 27 Borgareständet
583 924 66 21 mätte
665 925 115 20 medverka
795 925 86 26 derhän,
897 927 32 18 att
944 925 73 26 anslag

194 953 35 20 för
244 953 113 21 arbetenas
372 953 142 21 fortsättande
529 953 69 21 blefve
613 953 23 21 af
650 953 82 21 landets
748 953 86 21 ständer
850 953 109 27 beviljade.

265 1015 30 22 Pä
311 1017 43 20 sätt
369 1016 6 20 i
391 1016 131 20 memorialet
537 1015 116 26 uppgifves,
670 1015 44 22 blef
728 1015 40 21 den
779 1015 44 21 deri
834 1015 92 21 nämnda
936 1021 82 15 summa

196 1043 23 22 af
232 1044 60 21 förra
306 1044 129 27 landtdagen
450 1044 33 21 för
493 1044 135 21 omförmälta
639 1044 98 21 ändamål
750 1044 107 25 anslagen,
869 1046 32 19 att
914 1043 22 22 af
944 1044 73 21 bevill-

196 1072 131 27 ningsmedel
343 1073 56 26 utgä.
431 1073 28 21 Af
473 1073 39 20 den
528 1072 32 21 till
576 1073 40 20 den
632 1079 28 14 nu
675 1072 127 21 församlade
822 1073 195 26 representationen

196 1101 24 20 af
245 1101 103 26 styrelsen
371 1101 79 26 afgifna
472 1101 128 20 berättelsen
621 1107 34 15 om
671 1101 25 20 de
713 1101 105 26 åtgärder,
835 1107 44 14 som
896 1101 100 26 vidtagits
1011 1101 6 20 i

196 1129 114 26 anledning
335 1129 22 21 af
381 1130 25 20 de
431 1129 47 21 utaf
503 1129 114 21 ständerne
642 1129 34 21 vid
695 1129 112 21 sisthällna
821 1129 102 26 landtdag
938 1129 80 21 fattade

196 1157 78 27 beslut,
299 1158 105 20 inhemtas
429 1157 46 21 åter
490 1159 39 23 att,
552 1157 6 20 i
581 1158 99 21 ändamål
704 1160 32 18 att
751 1157 79 21 bereda
846 1157 93 21 utkomst
955 1157 22 21 ät
992 1157 26 21 de

196 1192 77 21 genom
296 1187 128 20 missväxten
440 1186 127 21 nödlidande
583 1186 6 20 i
605 1193 65 14 norra
685 1186 61 21 delen
762 1186 21 21 af
797 1186 80 25 landet,
894 1185 33 21 för
941 1185 77 27 ifräga-

196 1214 95 21 varande
313 1215 74 21 arbete
409 1215 103 21 användts
531 1215 89 25 100,000
635 1215 61 20 mark
712 1214 22 21 af
749 1215 25 20 de
790 1214 75 26 medel,
881 1220 45 15 som
941 1214 78 21 influtit

197 1243 13 20 ä
233 1243 36 21 det
284 1243 123 21 tillämnade
422 1243 163 27 jernvägslänet,
602 1243 39 21 och
656 1243 22 21 af
693 1243 106 21 allmänna
815 1243 122 21 statsmedel
952 1244 66 25 ytter-

197 1271 67 27 ligare
292 1272 89 25 100,000
397 1271 66 26 mark,
479 1277 44 15 som
539 1271 115 21 framdeles
670 1272 66 20 borde
752 1273 92 19 ersättas
859 1271 23 21 af
896 1271 123 21 ständernas

197 1299 75 27 anslag
288 1300 31 20 till
335 1300 240 20 kommunikationerna.

268 1361 118 25 Utskottet,
402 1368 45 14 som
463 1361 6 21 i
485 1362 40 26 dag
541 1362 32 20 till
589 1362 75 26 ätgärd
680 1361 93 21 förehaft
788 1362 60 20 detta
863 1361 84 25 ärende,
958 1367 62 15 anser

198 1390 37 21 det
250 1390 156 26 otvifvelaktigt
422 1392 32 18 att
469 1390 109 26 styrelsen,
596 1390 27 20 dä
638 1390 41 20 den
695 1390 89 26 vidtagit
799 1390 40 20 den
859 1390 6 20 i
877 1390 143 26 petitionsme-

198 1418 99 21 morialet
323 1418 103 26 uppgifna
437 1418 150 26 förändringen
603 1418 7 20 i
625 1419 76 25 planen
717 1418 33 20 för
765 1418 160 26 ifrägavarande
941 1418 79 20 kanali-

198 1446 163 26 seringsarbete,
378 1453 47 14 men
441 1446 82 21 ändock
538 1446 47 21 icke
601 1447 63 20 äskat
679 1446 69 26 nägon
768 1446 123 27 ytterligare
908 1446 113 26 bevillning

198 1474 34 22 för
257 1475 96 21 arbetets
373 1475 150 25 fortsättande,
547 1476 23 19 är
586 1475 74 21 sinnad
676 1477 32 19 att
723 1475 33 21 till
772 1475 39 20 den
828 1475 33 20 del
877 1475 36 20 det
928 1474 21 21 af
964 1476 56 19 stän-

200 1503 65 21 derne
278 1503 7 20 i
300 1503 134 20 förestående
450 1502 66 21 måtto
532 1503 104 26 beviljade
652 1504 73 25 anslag
742 1503 68 21 dertill
820 1502 46 21 icke
879 1502 83 25 förslår,
974 1503 47 21 med
