1095 1825
304 146 182 21 Borgareständet.
511 147 54 17 1867.
589 147 27 17 24
626 146 49 21 Maj.
823 142 55 21 1023

84 238 26 14 en
125 231 52 26 följd
192 231 24 21 af
228 231 41 21 den
284 230 65 22 friare
364 231 258 26 näringslagstiftningen;
635 230 37 27 jag
690 230 39 21 har
748 230 50 22 hört
816 230 91 27 mången

84 259 68 27 påstå,
176 261 33 19 att
231 259 55 22 både
308 259 78 21 handel
409 259 40 21 och
471 259 120 21 handtverk
614 259 82 26 tvingas
718 260 32 20 att
765 258 60 27 flytta
840 261 24 19 ut
879 259 29 27 på

84 287 152 27 landsbygden,
259 294 33 15 om
316 288 60 21 detta
398 287 219 27 författningsförslag
637 289 99 24 antoges;
752 293 48 15 men
814 288 38 26 jag
867 287 40 21 har

85 315 72 22 dervid
176 315 62 21 äfven
258 316 105 25 bemärkt,
379 318 39 23 att,
434 315 49 22 med
499 318 31 18 ett
545 315 54 21 enda
614 316 114 25 undantag,
743 315 62 26 ingen
821 315 23 21 af
859 315 47 21 dem

84 350 45 15 som
151 343 55 22 talat
228 344 74 21 derom
324 344 49 27 sjelf
393 344 63 21 tänkt
478 343 27 26 på
528 345 33 19 att
581 343 87 27 utflytta
689 343 47 21 från
756 344 81 25 staden,
854 346 52 19 utan

85 372 62 21 hafva
168 372 27 21 de
218 372 79 21 enhvar
319 373 75 20 endast
409 374 68 25 yttrat
492 372 101 26 farhågor
608 371 32 22 för
656 371 66 22 andra
737 371 169 27 näringsidkare,

84 406 48 15 men
147 400 19 27 ej
181 399 34 22 för
230 401 32 26 sig
277 400 80 27 sjelfva.
387 400 109 27 Derjemte
511 400 40 21 har
566 400 35 26 jag
616 400 64 21 likväl
700 400 61 21 äfven
783 400 50 21 hört
855 399 50 22 flere

84 429 128 20 innevånare
227 428 6 21 i
249 431 81 18 smärre
345 429 73 20 städer
433 430 65 19 vänta
514 429 30 26 sig
560 430 59 19 stora
630 428 93 21 fördelar
735 428 23 21 af
767 428 40 21 den
818 428 88 21 afsedda

84 457 63 21 friare
162 457 254 26 näringslagstiftningen.
447 457 28 21 Sä
490 457 40 21 har
543 457 37 26 jag
595 457 83 26 nyligen
693 456 41 21 fått
748 459 109 24 emottaga
874 459 32 19 ett

84 485 47 22 bref
153 485 46 21 från
222 491 26 15 en
272 485 158 21 handtverkare
444 485 8 21 i
468 485 40 21 den
532 485 45 21 lilla
599 485 75 21 staden
696 485 90 26 Ekenäs,
803 485 44 21 deri
864 485 42 21 han

84 513 95 22 anhåller
201 515 33 19 att
253 514 47 20 med
322 514 37 21 det
381 513 184 26 skyndsammaste
587 513 20 21 få
623 514 154 20 underrättelse
792 519 34 15 om
842 513 64 21 huru-

84 542 48 21 vida
155 542 59 21 detta
235 542 114 27 lagförslag
373 542 76 21 blifver
471 544 94 24 antaget.
597 541 47 22 Han
666 541 39 21 har
720 541 24 21 så
759 541 62 21 brådt
837 544 32 18 att
884 541 22 21 få

83 573 50 19 veta
155 571 41 24 det,
220 569 34 22 för
274 572 33 19 att
328 570 55 21 intill
399 570 47 21 dess
462 570 153 26 författningen
631 570 70 21 kunde
716 570 109 21 utkomma
841 570 65 20 hinna

84 599 78 21 bereda
184 599 38 26 sig,
245 598 47 22 icke
315 601 32 19 att
370 598 62 27 flytta
454 601 25 19 ut
501 598 27 27 på
552 599 78 25 landet,
653 600 51 19 utan
724 600 32 19 att
771 599 86 26 utvidga
873 599 32 20 sin

83 628 80 20 rörelse
178 627 7 21 i
201 633 81 15 samma
305 627 122 27 obetydliga
449 628 47 20 stad
519 627 37 21 der
578 627 43 20 han
642 627 44 25 bor,
709 627 7 20 i
738 627 117 26 beräkning
873 629 33 19 att

83 656 120 20 sedermera
218 656 72 20 kunna
306 656 47 21 fritt
367 656 80 20 afsätta
462 655 46 21 sina
523 655 161 26 tillverkningar
700 655 60 21 äfven
776 656 6 20 i
799 656 24 20 de
835 657 70 19 större

83 684 100 22 städerna
198 684 52 20 eller
266 683 99 21 öfverallt
379 684 57 20 inom
452 684 79 24 landet,
549 684 38 20 der
601 684 42 20 han
659 684 42 20 kan
716 683 57 21 finna
788 684 116 20 afnämare.

83 713 10 21 I
108 712 114 26 anledning
236 712 23 21 af
270 712 49 20 herr
332 712 74 21 Wolffs
416 712 96 26 yrkande
524 712 27 26 på
562 712 59 20 detta
631 712 124 26 lagförslags
766 712 139 21 förkastande

82 743 51 19 utan
149 742 97 19 närmare
261 740 130 27 granskning
406 741 38 20 ber
457 740 37 27 jag
508 740 22 21 få
545 740 83 26 påpeka
643 740 18 26 ej
683 740 55 21 blott
756 740 147 26 olägenheten,

82 772 52 18 utan
149 768 68 21 vådan
232 768 23 22 af
268 770 32 20 att
315 770 24 19 så
353 768 28 27 gå
396 769 33 21 till
444 770 59 25 väga.
534 768 89 27 Följden
639 768 61 22 deraf
714 769 68 21 skulle
795 769 108 21 sannolikt

82 797 65 21 blifva
168 796 34 22 för
224 796 181 27 Borgareståndet
428 797 123 21 densamma
574 803 45 15 som
642 796 33 22 för
695 797 158 21 Bondeståndet
868 798 36 20 vid

81 826 58 21 förra
160 826 130 26 landtdagen
306 826 6 20 i
328 824 183 27 bränvinsfrågan,
535 826 38 20 der
596 826 90 20 nämnde
710 826 61 20 stånd
794 826 23 20 så
835 826 69 21 envist

81 854 119 21 förfäktade
216 854 255 26 husbehofsbränningen,
489 854 51 20 eller
557 854 40 20 den
613 856 32 18 att
659 854 179 26 Borgareståndet
857 854 46 21 der-

81 882 82 27 igenom
186 882 126 21 beröfvades
334 882 39 21 allt
391 882 116 26 inflytande
522 882 28 26 pä
565 882 157 26 lagstiftningen
737 882 7 21 i
760 882 81 27 frågan.
871 882 33 21 De

81 910 66 26 öfrige
170 910 90 21 stånden
284 910 67 21 skulle
375 910 83 20 ändock
480 910 93 26 granska
594 910 102 27 förslaget
716 910 40 21 och
779 911 32 20 till
835 911 68 20 större

81 939 51 20 eller
148 938 82 21 mindre
245 938 35 21 del
290 940 78 25 antaga
379 938 125 21 detsamma.
527 938 125 21 Sedermera
663 939 82 20 komme
757 940 31 19 ett
798 945 105 14 samman-

78 966 200 27 jemkningsförslag
300 968 32 19 att
354 966 137 24 framställas,
515 966 106 21 sannolikt
642 967 68 20 under
732 967 26 20 de
780 967 53 20 allra
851 967 53 21 sista

80 995 93 26 dagarne
190 995 22 20 af
226 995 129 26 landtdagen
371 995 40 20 och
427 995 182 26 Borgareståndet
623 995 55 26 finge
693 995 27 21 då
736 995 49 26 foga
800 995 31 26 sig
847 995 5 20 i
865 996 38 21 sitt

81 1023 46 21 öde.
156 1023 33 20 En
212 1023 66 21 sådan
301 1023 80 27 utgång
403 1022 23 21 af
448 1023 65 20 saken
535 1029 51 15 vore
609 1023 132 26 sannerligen
760 1023 18 26 ej
795 1023 31 21 till
842 1026 61 24 nytta

79 1051 34 21 för
133 1051 95 20 hvarken
250 1051 26 21 de
299 1053 58 19 stora
380 1051 52 21 eller
454 1051 46 21 små
523 1052 110 25 städerne;
655 1051 84 22 ståndet
762 1051 67 21 skulle
848 1052 55 21 blott

80 1079 121 26 derigenom
218 1079 55 21 afstå
288 1079 47 22 från
351 1080 36 21 det
399 1079 134 26 berättigade
544 1079 115 27 inflytande
670 1079 85 22 ståndet
767 1080 54 21 både
832 1080 71 21 kunde

80 1107 40 22 och
135 1107 66 22 borde
217 1108 73 21 utöfva
305 1108 28 26 pä
347 1108 161 27 lagstiftningen
524 1108 7 21 i
547 1109 77 20 ämnet.
650 1108 41 27 Jag
702 1108 95 21 anhåller
811 1108 90 26 derföre,

79 1138 33 19 att
133 1136 87 21 ståndet
241 1136 49 21 ville
312 1137 50 26 ingå
376 1137 7 20 i
399 1142 27 15 en
447 1138 100 19 närmare
566 1137 129 26 granskning
710 1137 22 20 af
745 1137 102 26 förslaget
863 1137 39 20 och

79 1164 46 21 icke
140 1164 24 21 så
178 1166 52 19 utan
246 1165 71 20 vidare
333 1164 97 21 förkasta
445 1165 126 20 detsamma.

147 1221 56 21 Herr
227 1221 178 27 Lindeqvist:
430 1222 67 26 jemte
523 1222 36 20 det
583 1221 38 27 jag
646 1222 8 20 i
676 1222 113 26 anledning
809 1222 23 20 af
852 1222 51 21 herr

79 1250 84 20 Rosenii
183 1250 99 26 yttrande
304 1252 32 18 att
351 1249 155 21 Jandthandeln
523 1250 17 26 ej
557 1250 75 21 verkat
646 1250 87 26 menligt
748 1249 28 27 på
791 1250 110 21 städernes

79 1278 76 21 handel
170 1278 36 20 vill
222 1278 7 20 i
244 1277 138 27 förbigående
398 1278 111 25 anmärka,
525 1280 32 19 att
573 1278 59 21 detta
651 1278 122 27 påstående,
795 1284 45 14 som
857 1278 44 20 må-

78 1306 70 21 hända
162 1305 40 22 har
218 1306 31 20 sin
265 1306 103 26 riktighet
383 1306 56 21 hvad
455 1306 42 21 den
510 1308 59 19 östra
579 1306 61 21 delen
651 1306 23 22 af
682 1306 72 22 landet
763 1306 138 26 vidkommer,

79 1334 94 26 deremot
195 1334 34 21 för
251 1334 62 27 ingen
335 1335 34 21 del
392 1336 51 25 äger
466 1335 135 26 tillämpning
623 1335 28 26 på
672 1335 26 21 de
719 1337 72 19 vestra
809 1336 92 24 orterne,

78 1362 96 22 anhåller
187 1363 37 26 jag
239 1365 33 19 att
287 1362 23 21 få
324 1364 99 20 närmare
438 1362 97 22 förklara
545 1364 117 20 motiverne
672 1363 32 21 till
714 1363 49 21 mitt
773 1362 128 27 föregående

77 1391 98 27 yttrande
191 1392 7 20 i
214 1391 69 21 denna
297 1391 68 26 fråga.
395 1391 57 21 Herr
467 1391 71 27 Bergh
554 1392 40 20 har
608 1391 116 21 framhållit
739 1391 102 21 hurusom
861 1391 40 21 den

77 1426 29 14 nu
120 1419 120 27 föreslagna
256 1419 249 27 lagstiftningsåtgärden
521 1420 68 20 skulle
605 1420 84 21 komma
704 1422 33 18 att
752 1420 47 20 föra
817 1420 84 20 landets

78 1448 71 21 städer
164 1450 32 18 ett
210 1448 52 26 godt
278 1448 72 26 stycke
365 1448 85 20 framåt.
481 1448 66 21 Detta
563 1448 36 20 vill
612 1448 37 26 jag
663 1448 47 21 icke
725 1448 45 21 helt
785 1448 40 21 och
835 1448 66 20 hållet

76 1476 94 24 förneka,
188 1482 47 14 men
251 1476 39 21 har
306 1476 54 21 dock
375 1476 64 26 yrkat
454 1478 34 19 att
503 1476 159 26 propositionen
677 1477 7 20 i
702 1478 72 19 ämnet
792 1476 66 21 måtte
879 1475 24 21 af

77 1504 85 21 ståndet
176 1503 91 28 afböjas,
283 1504 84 21 derföre
383 1506 32 19 att
431 1504 133 26 proposition
581 1510 34 15 om
626 1504 122 27 förändring
758 1504 24 21 af
791 1504 110 21 städernes

76 1531 253 28 kommunalförvaltning
352 1538 26 15 en
400 1532 140 27 proposition,
562 1538 46 15 som
626 1533 68 21 skulle
716 1532 64 22 hafva
797 1533 34 20 till
846 1531 55 28 syfte
