<?xml version="1.0" encoding="UTF-8"?>
<alto xmlns="http://www.loc.gov/standards/alto/ns-v3#" xmlns:xlink="http://www.w3.org/1999/xlink" xmlns:xsi="http://www.w3.org/2001/XMLSchema-instance" xsi:schemaLocation="http://www.loc.gov/standards/alto/ns-v3# http://www.loc.gov/alto/v3/alto-3-0.xsd">
	<Description>
		<MeasurementUnit>pixel</MeasurementUnit>
		<sourceImageInformation>
			<fileName>/tmp/tess_tdwm_pyp_input.PNG</fileName>
		</sourceImageInformation>
		<OCRProcessing ID="OCR_0">
			<ocrProcessingStep>
				<processingSoftware>
					<softwareName>tesseract 5.3.4</softwareName>
				</processingSoftware>
			</ocrProcessingStep>
		</OCRProcessing>
	</Description>
	<Layout>
		<Page WIDTH="1095" HEIGHT="1825" PHYSICAL_IMG_NR="0" ID="page_0">
			<PrintSpace HPOS="0" VPOS="0" WIDTH="1095" HEIGHT="1825">
				<ComposedBlock ID="cblock_0" HPOS="310" VPOS="144" WIDTH="559" HEIGHT="25">
					<TextBlock ID="block_0" HPOS="310" VPOS="144" WIDTH="559" HEIGHT="25">
						<TextLine ID="line_0" HPOS="310" VPOS="144" WIDTH="559" HEIGHT="25">
							<String ID="string_0" HPOS="310" VPOS="148" WIDTH="185" HEIGHT="21" WC="0.91" CONTENT="Borgareständet."/><SP WIDTH="24" VPOS="148" HPOS="495"/>
							<String ID="string_1" HPOS="519" VPOS="148" WIDTH="56" HEIGHT="17" WC="0.94" CONTENT="1867."/><SP WIDTH="24" VPOS="148" HPOS="575"/>
							<String ID="string_2" HPOS="599" VPOS="149" WIDTH="12" HEIGHT="16" WC="0.94" CONTENT="3"/><SP WIDTH="12" VPOS="149" HPOS="611"/>
							<String ID="string_3" HPOS="623" VPOS="148" WIDTH="48" HEIGHT="21" WC="0.96" CONTENT="Maj."/><SP WIDTH="157" VPOS="148" HPOS="671"/>
							<String ID="string_4" HPOS="828" VPOS="144" WIDTH="41" HEIGHT="21" WC="0.96" CONTENT="717"/>
						</TextLine>
					</TextBlock>
				</ComposedBlock>
				<GraphicalElement ID="cblock_1" HPOS="70" VPOS="181" WIDTH="828" HEIGHT="18"></GraphicalElement >
				<ComposedBlock ID="cblock_2" HPOS="69" VPOS="233" WIDTH="832" HEIGHT="626">
					<TextBlock ID="block_1" HPOS="69" VPOS="233" WIDTH="832" HEIGHT="626">
						<TextLine ID="line_1" HPOS="70" VPOS="233" WIDTH="828" HEIGHT="28">
							<String ID="string_5" HPOS="70" VPOS="234" WIDTH="119" HEIGHT="26" WC="0.92" CONTENT="skillingen,"/><SP WIDTH="21" VPOS="234" HPOS="189"/>
							<String ID="string_6" HPOS="210" VPOS="233" WIDTH="67" HEIGHT="22" WC="0.96" CONTENT="måste"/><SP WIDTH="20" VPOS="233" HPOS="277"/>
							<String ID="string_7" HPOS="297" VPOS="234" WIDTH="42" HEIGHT="20" WC="0.96" CONTENT="han"/><SP WIDTH="22" VPOS="234" HPOS="339"/>
							<String ID="string_8" HPOS="361" VPOS="234" WIDTH="55" HEIGHT="26" WC="0.93" CONTENT="ånyo"/><SP WIDTH="22" VPOS="234" HPOS="416"/>
							<String ID="string_9" HPOS="438" VPOS="233" WIDTH="99" HEIGHT="21" WC="0.91" CONTENT="utbetala"/><SP WIDTH="20" VPOS="233" HPOS="537"/>
							<String ID="string_10" HPOS="557" VPOS="233" WIDTH="35" HEIGHT="21" WC="0.93" CONTENT="det"/><SP WIDTH="16" VPOS="233" HPOS="592"/>
							<String ID="string_11" HPOS="608" VPOS="234" WIDTH="125" HEIGHT="20" WC="0.91" CONTENT="intecknade"/><SP WIDTH="16" VPOS="234" HPOS="733"/>
							<String ID="string_12" HPOS="749" VPOS="234" WIDTH="100" HEIGHT="27" WC="0.95" CONTENT="beloppet"/><SP WIDTH="16" VPOS="234" HPOS="849"/>
							<String ID="string_13" HPOS="865" VPOS="236" WIDTH="33" HEIGHT="21" WC="0.95" CONTENT="till"/>
						</TextLine>
						<TextLine ID="line_2" HPOS="69" VPOS="261" WIDTH="829" HEIGHT="28">
							<String ID="string_14" HPOS="69" VPOS="262" WIDTH="193" HEIGHT="27" WC="0.92" CONTENT="fordringsägaren,"/><SP WIDTH="18" VPOS="262" HPOS="262"/>
							<String ID="string_15" HPOS="280" VPOS="268" WIDTH="33" HEIGHT="15" WC="0.96" CONTENT="om"/><SP WIDTH="16" VPOS="268" HPOS="313"/>
							<String ID="string_16" HPOS="329" VPOS="262" WIDTH="41" HEIGHT="20" WC="0.96" CONTENT="han"/><SP WIDTH="16" VPOS="262" HPOS="370"/>
							<String ID="string_17" HPOS="386" VPOS="262" WIDTH="47" HEIGHT="20" WC="0.96" CONTENT="icke"/><SP WIDTH="16" VPOS="262" HPOS="433"/>
							<String ID="string_18" HPOS="449" VPOS="262" WIDTH="36" HEIGHT="20" WC="0.91" CONTENT="vill"/><SP WIDTH="16" VPOS="262" HPOS="485"/>
							<String ID="string_19" HPOS="501" VPOS="261" WIDTH="120" HEIGHT="21" WC="0.91" CONTENT="blottställa"/><SP WIDTH="15" VPOS="261" HPOS="621"/>
							<String ID="string_20" HPOS="636" VPOS="262" WIDTH="32" HEIGHT="26" WC="0.96" CONTENT="sig"/><SP WIDTH="12" VPOS="262" HPOS="668"/>
							<String ID="string_21" HPOS="680" VPOS="261" WIDTH="33" HEIGHT="22" WC="0.96" CONTENT="för"/><SP WIDTH="10" VPOS="261" HPOS="713"/>
							<String ID="string_22" HPOS="723" VPOS="264" WIDTH="33" HEIGHT="19" WC="0.96" CONTENT="att"/><SP WIDTH="11" VPOS="264" HPOS="756"/>
							<String ID="string_23" HPOS="767" VPOS="263" WIDTH="131" HEIGHT="26" WC="0.96" CONTENT="egendomen"/>
						</TextLine>
						<TextLine ID="line_3" HPOS="71" VPOS="290" WIDTH="827" HEIGHT="26">
							<String ID="string_24" HPOS="71" VPOS="291" WIDTH="119" HEIGHT="24" WC="0.96" CONTENT="realiseras,"/><SP WIDTH="17" VPOS="291" HPOS="190"/>
							<String ID="string_25" HPOS="207" VPOS="291" WIDTH="68" HEIGHT="20" WC="0.96" CONTENT="ehuru"/><SP WIDTH="16" VPOS="291" HPOS="275"/>
							<String ID="string_26" HPOS="291" VPOS="291" WIDTH="40" HEIGHT="20" WC="0.96" CONTENT="den"/><SP WIDTH="16" VPOS="291" HPOS="331"/>
							<String ID="string_27" HPOS="347" VPOS="290" WIDTH="46" HEIGHT="21" WC="0.96" CONTENT="icke"/><SP WIDTH="16" VPOS="290" HPOS="393"/>
							<String ID="string_28" HPOS="409" VPOS="296" WIDTH="60" HEIGHT="15" WC="0.96" CONTENT="mera"/><SP WIDTH="16" VPOS="296" HPOS="469"/>
							<String ID="string_29" HPOS="485" VPOS="292" WIDTH="24" HEIGHT="18" WC="0.96" CONTENT="är"/><SP WIDTH="16" VPOS="292" HPOS="509"/>
							<String ID="string_30" HPOS="525" VPOS="290" WIDTH="6" HEIGHT="20" WC="0.93" CONTENT="i"/><SP WIDTH="15" VPOS="290" HPOS="531"/>
							<String ID="string_31" HPOS="546" VPOS="290" WIDTH="141" HEIGHT="26" WC="0.92" CONTENT="gäldenärens"/><SP WIDTH="15" VPOS="290" HPOS="687"/>
							<String ID="string_32" HPOS="702" VPOS="290" WIDTH="63" HEIGHT="21" WC="0.95" CONTENT="hand."/><SP WIDTH="31" VPOS="290" HPOS="765"/>
							<String ID="string_33" HPOS="796" VPOS="291" WIDTH="45" HEIGHT="20" WC="0.95" CONTENT="Och"/><SP WIDTH="12" VPOS="291" HPOS="841"/>
							<String ID="string_34" HPOS="853" VPOS="292" WIDTH="45" HEIGHT="21" WC="0.96" CONTENT="ifall"/>
						</TextLine>
						<TextLine ID="line_4" HPOS="71" VPOS="318" WIDTH="826" HEIGHT="28">
							<String ID="string_35" HPOS="71" VPOS="319" WIDTH="135" HEIGHT="26" WC="0.96" CONTENT="lagstiftaren"/><SP WIDTH="15" VPOS="319" HPOS="206"/>
							<String ID="string_36" HPOS="221" VPOS="319" WIDTH="82" HEIGHT="26" WC="0.96" CONTENT="engång"/><SP WIDTH="15" VPOS="319" HPOS="303"/>
							<String ID="string_37" HPOS="318" VPOS="320" WIDTH="24" HEIGHT="19" WC="0.96" CONTENT="är"/><SP WIDTH="15" VPOS="320" HPOS="342"/>
							<String ID="string_38" HPOS="357" VPOS="319" WIDTH="122" HEIGHT="26" WC="0.96" CONTENT="berättigad"/><SP WIDTH="16" VPOS="319" HPOS="479"/>
							<String ID="string_39" HPOS="495" VPOS="320" WIDTH="33" HEIGHT="19" WC="0.93" CONTENT="att"/><SP WIDTH="16" VPOS="320" HPOS="528"/>
							<String ID="string_40" HPOS="544" VPOS="318" WIDTH="92" HEIGHT="26" WC="0.91" CONTENT="påbjuda"/><SP WIDTH="16" VPOS="318" HPOS="636"/>
							<String ID="string_41" HPOS="652" VPOS="321" WIDTH="31" HEIGHT="18" WC="0.96" CONTENT="ett"/><SP WIDTH="11" VPOS="321" HPOS="683"/>
							<String ID="string_42" HPOS="694" VPOS="319" WIDTH="68" HEIGHT="26" WC="0.95" CONTENT="dylikt"/><SP WIDTH="12" VPOS="319" HPOS="762"/>
							<String ID="string_43" HPOS="774" VPOS="320" WIDTH="123" HEIGHT="26" WC="0.95" CONTENT="stadgande,"/>
						</TextLine>
						<TextLine ID="line_5" HPOS="73" VPOS="347" WIDTH="824" HEIGHT="27">
							<String ID="string_44" HPOS="73" VPOS="347" WIDTH="24" HEIGHT="22" WC="0.96" CONTENT="så"/><SP WIDTH="15" VPOS="347" HPOS="97"/>
							<String ID="string_45" HPOS="112" VPOS="347" WIDTH="39" HEIGHT="21" WC="0.96" CONTENT="bör"/><SP WIDTH="15" VPOS="347" HPOS="151"/>
							<String ID="string_46" HPOS="166" VPOS="347" WIDTH="43" HEIGHT="21" WC="0.95" CONTENT="han"/><SP WIDTH="16" VPOS="347" HPOS="209"/>
							<String ID="string_47" HPOS="225" VPOS="347" WIDTH="39" HEIGHT="21" WC="0.95" CONTENT="ock"/><SP WIDTH="16" VPOS="347" HPOS="264"/>
							<String ID="string_48" HPOS="280" VPOS="353" WIDTH="50" HEIGHT="14" WC="0.96" CONTENT="vara"/><SP WIDTH="15" VPOS="353" HPOS="330"/>
							<String ID="string_49" HPOS="345" VPOS="347" WIDTH="124" HEIGHT="26" WC="0.96" CONTENT="berättigad"/><SP WIDTH="15" VPOS="347" HPOS="469"/>
							<String ID="string_50" HPOS="484" VPOS="353" WIDTH="76" HEIGHT="20" WC="0.96" CONTENT="genom"/><SP WIDTH="17" VPOS="353" HPOS="560"/>
							<String ID="string_51" HPOS="577" VPOS="347" WIDTH="114" HEIGHT="26" WC="0.96" CONTENT="uttrycklig"/><SP WIDTH="15" VPOS="347" HPOS="691"/>
							<String ID="string_52" HPOS="706" VPOS="347" WIDTH="35" HEIGHT="27" WC="0.96" CONTENT="lag"/><SP WIDTH="15" VPOS="347" HPOS="741"/>
							<String ID="string_53" HPOS="756" VPOS="347" WIDTH="57" HEIGHT="26" WC="0.96" CONTENT="gifva"/><SP WIDTH="15" VPOS="347" HPOS="813"/>
							<String ID="string_54" HPOS="828" VPOS="350" WIDTH="69" HEIGHT="20" WC="0.96" CONTENT="större"/>
						</TextLine>
						<TextLine ID="line_6" HPOS="73" VPOS="375" WIDTH="824" HEIGHT="27">
							<String ID="string_55" HPOS="73" VPOS="376" WIDTH="63" HEIGHT="26" WC="0.92" CONTENT="helgd"/><SP WIDTH="26" VPOS="376" HPOS="136"/>
							<String ID="string_56" HPOS="162" VPOS="376" WIDTH="39" HEIGHT="21" WC="0.96" CONTENT="och"/><SP WIDTH="28" VPOS="376" HPOS="201"/>
							<String ID="string_57" HPOS="229" VPOS="375" WIDTH="108" HEIGHT="27" WC="0.93" CONTENT="betydelse"/><SP WIDTH="26" VPOS="375" HPOS="337"/>
							<String ID="string_58" HPOS="363" VPOS="375" WIDTH="22" HEIGHT="21" WC="0.96" CONTENT="åt"/><SP WIDTH="23" VPOS="375" HPOS="385"/>
							<String ID="string_59" HPOS="408" VPOS="381" WIDTH="27" HEIGHT="15" WC="0.96" CONTENT="en"/><SP WIDTH="21" VPOS="381" HPOS="435"/>
							<String ID="string_60" HPOS="456" VPOS="375" WIDTH="121" HEIGHT="26" WC="0.96" CONTENT="grundsats,"/><SP WIDTH="16" VPOS="375" HPOS="577"/>
							<String ID="string_61" HPOS="593" VPOS="381" WIDTH="45" HEIGHT="15" WC="0.96" CONTENT="som"/><SP WIDTH="17" VPOS="381" HPOS="638"/>
							<String ID="string_62" HPOS="655" VPOS="375" WIDTH="65" HEIGHT="22" WC="0.95" CONTENT="redan"/><SP WIDTH="15" VPOS="375" HPOS="720"/>
							<String ID="string_63" HPOS="735" VPOS="376" WIDTH="68" HEIGHT="21" WC="0.96" CONTENT="skulle"/><SP WIDTH="16" VPOS="376" HPOS="803"/>
							<String ID="string_64" HPOS="819" VPOS="376" WIDTH="78" HEIGHT="26" WC="0.96" CONTENT="kunna,"/>
						</TextLine>
						<TextLine ID="line_7" HPOS="73" VPOS="404" WIDTH="826" HEIGHT="26">
							<String ID="string_65" HPOS="73" VPOS="405" WIDTH="129" HEIGHT="20" WC="0.96" CONTENT="åtminstone"/><SP WIDTH="15" VPOS="405" HPOS="202"/>
							<String ID="string_66" HPOS="217" VPOS="404" WIDTH="53" HEIGHT="21" WC="0.95" CONTENT="efter"/><SP WIDTH="16" VPOS="404" HPOS="270"/>
							<String ID="string_67" HPOS="286" VPOS="405" WIDTH="48" HEIGHT="20" WC="0.96" CONTENT="mitt"/><SP WIDTH="15" VPOS="405" HPOS="334"/>
							<String ID="string_68" HPOS="349" VPOS="404" WIDTH="106" HEIGHT="25" WC="0.95" CONTENT="omdöme,"/><SP WIDTH="16" VPOS="404" HPOS="455"/>
							<String ID="string_69" HPOS="471" VPOS="404" WIDTH="49" HEIGHT="20" WC="0.95" CONTENT="med"/><SP WIDTH="17" VPOS="404" HPOS="520"/>
							<String ID="string_70" HPOS="537" VPOS="404" WIDTH="131" HEIGHT="26" WC="0.95" CONTENT="tillämpning"/><SP WIDTH="11" VPOS="404" HPOS="668"/>
							<String ID="string_71" HPOS="679" VPOS="404" WIDTH="23" HEIGHT="21" WC="0.96" CONTENT="af"/><SP WIDTH="8" VPOS="404" HPOS="702"/>
							<String ID="string_72" HPOS="710" VPOS="405" WIDTH="122" HEIGHT="21" WC="0.91" CONTENT="nuvarande"/><SP WIDTH="9" VPOS="405" HPOS="832"/>
							<String ID="string_73" HPOS="841" VPOS="406" WIDTH="58" HEIGHT="20" WC="0.91" CONTENT="stad-"/>
						</TextLine>
						<TextLine ID="line_8" HPOS="73" VPOS="431" WIDTH="826" HEIGHT="28">
							<String ID="string_74" HPOS="73" VPOS="433" WIDTH="84" HEIGHT="26" WC="0.93" CONTENT="ganden"/><SP WIDTH="16" VPOS="433" HPOS="157"/>
							<String ID="string_75" HPOS="173" VPOS="433" WIDTH="104" HEIGHT="26" WC="0.96" CONTENT="åberopas"/><SP WIDTH="16" VPOS="433" HPOS="277"/>
							<String ID="string_76" HPOS="293" VPOS="433" WIDTH="39" HEIGHT="20" WC="0.96" CONTENT="och"/><SP WIDTH="15" VPOS="433" HPOS="332"/>
							<String ID="string_77" HPOS="347" VPOS="434" WIDTH="64" HEIGHT="25" WC="0.96" CONTENT="göras"/><SP WIDTH="15" VPOS="434" HPOS="411"/>
							<String ID="string_78" HPOS="426" VPOS="431" WIDTH="100" HEIGHT="27" WC="0.96" CONTENT="gällande"/><SP WIDTH="15" VPOS="431" HPOS="526"/>
							<String ID="string_79" HPOS="541" VPOS="433" WIDTH="6" HEIGHT="20" WC="0.93" CONTENT="i"/><SP WIDTH="17" VPOS="433" HPOS="547"/>
							<String ID="string_80" HPOS="564" VPOS="433" WIDTH="109" HEIGHT="26" WC="0.91" CONTENT="tvisteväg."/><SP WIDTH="31" VPOS="433" HPOS="673"/>
							<String ID="string_81" HPOS="704" VPOS="433" WIDTH="56" HEIGHT="21" WC="0.96" CONTENT="Herr"/><SP WIDTH="15" VPOS="433" HPOS="760"/>
							<String ID="string_82" HPOS="775" VPOS="433" WIDTH="64" HEIGHT="22" WC="0.96" CONTENT="Holm"/><SP WIDTH="21" VPOS="433" HPOS="839"/>
							<String ID="string_83" HPOS="860" VPOS="433" WIDTH="39" HEIGHT="22" WC="0.96" CONTENT="har"/>
						</TextLine>
						<TextLine ID="line_9" HPOS="74" VPOS="461" WIDTH="824" HEIGHT="28">
							<String ID="string_84" HPOS="74" VPOS="461" WIDTH="72" HEIGHT="21" WC="0.96" CONTENT="vidare"/><SP WIDTH="15" VPOS="461" HPOS="146"/>
							<String ID="string_85" HPOS="161" VPOS="461" WIDTH="123" HEIGHT="25" WC="0.83" CONTENT="framhållit,"/><SP WIDTH="16" VPOS="461" HPOS="284"/>
							<String ID="string_86" HPOS="300" VPOS="463" WIDTH="31" HEIGHT="18" WC="0.96" CONTENT="att"/><SP WIDTH="17" VPOS="463" HPOS="331"/>
							<String ID="string_87" HPOS="348" VPOS="461" WIDTH="35" HEIGHT="20" WC="0.93" CONTENT="det"/><SP WIDTH="16" VPOS="461" HPOS="383"/>
							<String ID="string_88" HPOS="399" VPOS="461" WIDTH="116" HEIGHT="20" WC="0.92" CONTENT="anmärkta"/><SP WIDTH="15" VPOS="461" HPOS="515"/>
							<String ID="string_89" HPOS="530" VPOS="461" WIDTH="127" HEIGHT="25" WC="0.90" CONTENT="stadgandet"/><SP WIDTH="15" VPOS="461" HPOS="657"/>
							<String ID="string_90" HPOS="672" VPOS="467" WIDTH="49" HEIGHT="15" WC="0.96" CONTENT="vore"/><SP WIDTH="17" VPOS="467" HPOS="721"/>
							<String ID="string_91" HPOS="738" VPOS="462" WIDTH="111" HEIGHT="27" WC="0.96" CONTENT="olämpligt"/><SP WIDTH="10" VPOS="462" HPOS="849"/>
							<String ID="string_92" HPOS="859" VPOS="463" WIDTH="39" HEIGHT="21" WC="0.96" CONTENT="och"/>
						</TextLine>
						<TextLine ID="line_10" HPOS="75" VPOS="489" WIDTH="824" HEIGHT="28">
							<String ID="string_93" HPOS="75" VPOS="490" WIDTH="90" HEIGHT="25" WC="0.92" CONTENT="obilligt."/><SP WIDTH="31" VPOS="490" HPOS="165"/>
							<String ID="string_94" HPOS="196" VPOS="490" WIDTH="62" HEIGHT="21" WC="0.96" CONTENT="Hvad"/><SP WIDTH="21" VPOS="490" HPOS="258"/>
							<String ID="string_95" HPOS="279" VPOS="489" WIDTH="56" HEIGHT="22" WC="0.96" CONTENT="Herr"/><SP WIDTH="23" VPOS="489" HPOS="335"/>
							<String ID="string_96" HPOS="358" VPOS="489" WIDTH="64" HEIGHT="21" WC="0.96" CONTENT="Holm"/><SP WIDTH="26" VPOS="489" HPOS="422"/>
							<String ID="string_97" HPOS="448" VPOS="489" WIDTH="6" HEIGHT="20" WC="0.95" CONTENT="i"/><SP WIDTH="24" VPOS="489" HPOS="454"/>
							<String ID="string_98" HPOS="478" VPOS="489" WIDTH="37" HEIGHT="20" WC="0.95" CONTENT="det"/><SP WIDTH="14" VPOS="489" HPOS="515"/>
							<String ID="string_99" HPOS="529" VPOS="489" WIDTH="100" HEIGHT="21" WC="0.96" CONTENT="afseende"/><SP WIDTH="16" VPOS="489" HPOS="629"/>
							<String ID="string_100" HPOS="645" VPOS="489" WIDTH="77" HEIGHT="26" WC="0.96" CONTENT="anfört,"/><SP WIDTH="16" VPOS="489" HPOS="722"/>
							<String ID="string_101" HPOS="738" VPOS="490" WIDTH="111" HEIGHT="26" WC="0.96" CONTENT="påminner"/><SP WIDTH="13" VPOS="490" HPOS="849"/>
							<String ID="string_102" HPOS="862" VPOS="491" WIDTH="37" HEIGHT="26" WC="0.96" CONTENT="jag"/>
						</TextLine>
						<TextLine ID="line_11" HPOS="74" VPOS="517" WIDTH="824" HEIGHT="28">
							<String ID="string_103" HPOS="74" VPOS="519" WIDTH="44" HEIGHT="26" WC="0.96" CONTENT="mig"/><SP WIDTH="20" VPOS="519" HPOS="118"/>
							<String ID="string_104" HPOS="138" VPOS="519" WIDTH="47" HEIGHT="20" WC="0.96" CONTENT="icke"/><SP WIDTH="23" VPOS="519" HPOS="185"/>
							<String ID="string_105" HPOS="208" VPOS="519" WIDTH="23" HEIGHT="20" WC="0.95" CONTENT="så"/><SP WIDTH="15" VPOS="519" HPOS="231"/>
							<String ID="string_106" HPOS="246" VPOS="519" WIDTH="7" HEIGHT="20" WC="0.95" CONTENT="i"/><SP WIDTH="15" VPOS="519" HPOS="253"/>
							<String ID="string_107" HPOS="268" VPOS="518" WIDTH="71" HEIGHT="26" WC="0.93" CONTENT="detalj,"/><SP WIDTH="17" VPOS="518" HPOS="339"/>
							<String ID="string_108" HPOS="356" VPOS="520" WIDTH="31" HEIGHT="19" WC="0.96" CONTENT="att"/><SP WIDTH="14" VPOS="520" HPOS="387"/>
							<String ID="string_109" HPOS="401" VPOS="517" WIDTH="38" HEIGHT="27" WC="0.96" CONTENT="jag"/><SP WIDTH="16" VPOS="517" HPOS="439"/>
							<String ID="string_110" HPOS="455" VPOS="517" WIDTH="69" HEIGHT="22" WC="0.96" CONTENT="skulle"/><SP WIDTH="15" VPOS="517" HPOS="524"/>
							<String ID="string_111" HPOS="539" VPOS="518" WIDTH="72" HEIGHT="20" WC="0.96" CONTENT="kunna"/><SP WIDTH="16" VPOS="518" HPOS="611"/>
							<String ID="string_112" HPOS="627" VPOS="518" WIDTH="85" HEIGHT="21" WC="0.96" CONTENT="bemöta"/><SP WIDTH="16" VPOS="518" HPOS="712"/>
							<String ID="string_113" HPOS="728" VPOS="519" WIDTH="44" HEIGHT="25" WC="0.97" CONTENT="det;"/><SP WIDTH="17" VPOS="519" HPOS="772"/>
							<String ID="string_114" HPOS="789" VPOS="525" WIDTH="48" HEIGHT="15" WC="0.96" CONTENT="men"/><SP WIDTH="15" VPOS="525" HPOS="837"/>
							<String ID="string_115" HPOS="852" VPOS="519" WIDTH="46" HEIGHT="21" WC="0.96" CONTENT="icke"/>
						</TextLine>
						<TextLine ID="line_12" HPOS="75" VPOS="546" WIDTH="824" HEIGHT="28">
							<String ID="string_116" HPOS="75" VPOS="547" WIDTH="73" HEIGHT="27" WC="0.96" CONTENT="gjorde"/><SP WIDTH="16" VPOS="547" HPOS="148"/>
							<String ID="string_117" HPOS="164" VPOS="547" WIDTH="36" HEIGHT="21" WC="0.96" CONTENT="det"/><SP WIDTH="16" VPOS="547" HPOS="200"/>
							<String ID="string_118" HPOS="216" VPOS="547" WIDTH="26" HEIGHT="26" WC="0.97" CONTENT="på"/><SP WIDTH="16" VPOS="547" HPOS="242"/>
							<String ID="string_119" HPOS="258" VPOS="547" WIDTH="42" HEIGHT="26" WC="0.96" CONTENT="mig"/><SP WIDTH="15" VPOS="547" HPOS="300"/>
							<String ID="string_120" HPOS="315" VPOS="547" WIDTH="36" HEIGHT="20" WC="0.96" CONTENT="det"/><SP WIDTH="14" VPOS="547" HPOS="351"/>
							<String ID="string_121" HPOS="365" VPOS="546" WIDTH="93" HEIGHT="27" WC="0.96" CONTENT="intryck,"/><SP WIDTH="15" VPOS="546" HPOS="458"/>
							<String ID="string_122" HPOS="473" VPOS="548" WIDTH="33" HEIGHT="19" WC="0.96" CONTENT="att"/><SP WIDTH="13" VPOS="548" HPOS="506"/>
							<String ID="string_123" HPOS="519" VPOS="546" WIDTH="37" HEIGHT="27" WC="0.96" CONTENT="jag"/><SP WIDTH="16" VPOS="546" HPOS="556"/>
							<String ID="string_124" HPOS="572" VPOS="546" WIDTH="68" HEIGHT="21" WC="0.96" CONTENT="skulle"/><SP WIDTH="15" VPOS="546" HPOS="640"/>
							<String ID="string_125" HPOS="655" VPOS="547" WIDTH="72" HEIGHT="20" WC="0.93" CONTENT="kunna"/><SP WIDTH="15" VPOS="547" HPOS="727"/>
							<String ID="string_126" HPOS="742" VPOS="547" WIDTH="83" HEIGHT="27" WC="0.92" CONTENT="tillfölje"/><SP WIDTH="14" VPOS="547" HPOS="825"/>
							<String ID="string_127" HPOS="839" VPOS="547" WIDTH="60" HEIGHT="22" WC="0.96" CONTENT="deraf"/>
						</TextLine>
						<TextLine ID="line_13" HPOS="75" VPOS="574" WIDTH="824" HEIGHT="27">
							<String ID="string_128" HPOS="75" VPOS="575" WIDTH="102" HEIGHT="22" WC="0.96" CONTENT="förändra"/><SP WIDTH="26" VPOS="575" HPOS="177"/>
							<String ID="string_129" HPOS="203" VPOS="577" WIDTH="44" HEIGHT="19" WC="0.93" CONTENT="min"/><SP WIDTH="23" VPOS="577" HPOS="247"/>
							<String ID="string_130" HPOS="270" VPOS="575" WIDTH="53" HEIGHT="26" WC="0.80" CONTENT="äsigt"/><SP WIDTH="22" VPOS="575" HPOS="323"/>
							<String ID="string_131" HPOS="345" VPOS="575" WIDTH="6" HEIGHT="20" WC="0.96" CONTENT="i"/><SP WIDTH="24" VPOS="575" HPOS="351"/>
							<String ID="string_132" HPOS="375" VPOS="577" WIDTH="77" HEIGHT="18" WC="0.94" CONTENT="ämnet."/><SP WIDTH="33" VPOS="577" HPOS="452"/>
							<String ID="string_133" HPOS="485" VPOS="575" WIDTH="46" HEIGHT="20" WC="0.96" CONTENT="Den"/><SP WIDTH="23" VPOS="575" HPOS="531"/>
							<String ID="string_134" HPOS="554" VPOS="574" WIDTH="138" HEIGHT="27" WC="0.96" CONTENT="bestämning,"/><SP WIDTH="24" VPOS="574" HPOS="692"/>
							<String ID="string_135" HPOS="716" VPOS="575" WIDTH="57" HEIGHT="22" WC="0.96" CONTENT="Herr"/><SP WIDTH="18" VPOS="575" HPOS="773"/>
							<String ID="string_136" HPOS="791" VPOS="575" WIDTH="108" HEIGHT="22" WC="0.96" CONTENT="Snellman"/>
						</TextLine>
						<TextLine ID="line_14" HPOS="77" VPOS="603" WIDTH="822" HEIGHT="31">
							<String ID="string_137" HPOS="77" VPOS="604" WIDTH="76" HEIGHT="22" WC="0.96" CONTENT="önskat"/><SP WIDTH="14" VPOS="604" HPOS="153"/>
							<String ID="string_138" HPOS="167" VPOS="603" WIDTH="21" HEIGHT="21" WC="0.96" CONTENT="få"/><SP WIDTH="16" VPOS="603" HPOS="188"/>
							<String ID="string_139" HPOS="204" VPOS="603" WIDTH="6" HEIGHT="21" WC="0.96" CONTENT="i"/><SP WIDTH="15" VPOS="603" HPOS="210"/>
							<String ID="string_140" HPOS="225" VPOS="603" WIDTH="126" HEIGHT="27" WC="0.96" CONTENT="paragrafen"/><SP WIDTH="16" VPOS="603" HPOS="351"/>
							<String ID="string_141" HPOS="367" VPOS="603" WIDTH="77" HEIGHT="27" WC="0.96" CONTENT="införd,"/><SP WIDTH="17" VPOS="603" HPOS="444"/>
							<String ID="string_142" HPOS="461" VPOS="603" WIDTH="69" HEIGHT="21" WC="0.96" CONTENT="skulle"/><SP WIDTH="13" VPOS="603" HPOS="530"/>
							<String ID="string_143" HPOS="543" VPOS="603" WIDTH="37" HEIGHT="26" WC="0.96" CONTENT="jag"/><SP WIDTH="16" VPOS="603" HPOS="580"/>
							<String ID="string_144" HPOS="596" VPOS="603" WIDTH="45" HEIGHT="21" WC="0.96" CONTENT="icke"/><SP WIDTH="15" VPOS="603" HPOS="641"/>
							<String ID="string_145" HPOS="656" VPOS="610" WIDTH="51" HEIGHT="15" WC="0.96" CONTENT="anse"/><SP WIDTH="19" VPOS="610" HPOS="707"/>
							<String ID="string_146" HPOS="726" VPOS="605" WIDTH="173" HEIGHT="29" WC="0.95" CONTENT="ändamålsenlig,"/>
						</TextLine>
						<TextLine ID="line_15" HPOS="76" VPOS="631" WIDTH="825" HEIGHT="29">
							<String ID="string_147" HPOS="76" VPOS="634" WIDTH="89" HEIGHT="20" WC="0.96" CONTENT="emedan"/><SP WIDTH="21" VPOS="634" HPOS="165"/>
							<String ID="string_148" HPOS="186" VPOS="632" WIDTH="40" HEIGHT="21" WC="0.96" CONTENT="den"/><SP WIDTH="22" VPOS="632" HPOS="226"/>
							<String ID="string_149" HPOS="248" VPOS="632" WIDTH="72" HEIGHT="26" WC="0.93" CONTENT="gjorde"/><SP WIDTH="19" VPOS="632" HPOS="320"/>
							<String ID="string_150" HPOS="339" VPOS="631" WIDTH="250" HEIGHT="27" WC="0.92" CONTENT="inteckningshafvarens"/><SP WIDTH="16" VPOS="631" HPOS="589"/>
							<String ID="string_151" HPOS="605" VPOS="634" WIDTH="43" HEIGHT="19" WC="0.96" CONTENT="rätt"/><SP WIDTH="16" VPOS="634" HPOS="648"/>
							<String ID="string_152" HPOS="664" VPOS="634" WIDTH="31" HEIGHT="19" WC="0.96" CONTENT="att"/><SP WIDTH="15" VPOS="634" HPOS="695"/>
							<String ID="string_153" HPOS="710" VPOS="633" WIDTH="33" HEIGHT="21" WC="0.96" CONTENT="till"/><SP WIDTH="15" VPOS="633" HPOS="743"/>
							<String ID="string_154" HPOS="758" VPOS="634" WIDTH="105" HEIGHT="26" WC="0.91" CONTENT="gäldande"/><SP WIDTH="15" VPOS="634" HPOS="863"/>
							<String ID="string_155" HPOS="878" VPOS="636" WIDTH="23" HEIGHT="21" WC="0.96" CONTENT="af"/>
						</TextLine>
						<TextLine ID="line_16" HPOS="77" VPOS="660" WIDTH="823" HEIGHT="27">
							<String ID="string_156" HPOS="77" VPOS="662" WIDTH="31" HEIGHT="21" WC="0.96" CONTENT="sin"/><SP WIDTH="16" VPOS="662" HPOS="108"/>
							<String ID="string_157" HPOS="124" VPOS="661" WIDTH="87" HEIGHT="21" WC="0.93" CONTENT="fordran"/><SP WIDTH="15" VPOS="661" HPOS="211"/>
							<String ID="string_158" HPOS="226" VPOS="661" WIDTH="137" HEIGHT="21" WC="0.93" CONTENT="utbekomma"/><SP WIDTH="15" VPOS="661" HPOS="363"/>
							<String ID="string_159" HPOS="378" VPOS="661" WIDTH="37" HEIGHT="20" WC="0.93" CONTENT="det"/><SP WIDTH="15" VPOS="661" HPOS="415"/>
							<String ID="string_160" HPOS="430" VPOS="660" WIDTH="71" HEIGHT="21" WC="0.92" CONTENT="dertill"/><SP WIDTH="15" VPOS="660" HPOS="501"/>
							<String ID="string_161" HPOS="516" VPOS="660" WIDTH="77" HEIGHT="26" WC="0.96" CONTENT="nödiga"/><SP WIDTH="17" VPOS="660" HPOS="593"/>
							<String ID="string_162" HPOS="610" VPOS="661" WIDTH="99" HEIGHT="26" WC="0.95" CONTENT="beloppet"/><SP WIDTH="14" VPOS="661" HPOS="709"/>
							<String ID="string_163" HPOS="723" VPOS="662" WIDTH="23" HEIGHT="20" WC="0.93" CONTENT="af"/><SP WIDTH="8" VPOS="662" HPOS="746"/>
							<String ID="string_164" HPOS="754" VPOS="662" WIDTH="146" HEIGHT="23" WC="0.91" CONTENT="brandskade-"/>
						</TextLine>
						<TextLine ID="line_17" HPOS="77" VPOS="688" WIDTH="823" HEIGHT="30">
							<String ID="string_165" HPOS="77" VPOS="690" WIDTH="145" HEIGHT="26" WC="0.96" CONTENT="ersättningen"/><SP WIDTH="20" VPOS="690" HPOS="222"/>
							<String ID="string_166" HPOS="242" VPOS="690" WIDTH="106" HEIGHT="20" WC="0.96" CONTENT="beroende"/><SP WIDTH="22" VPOS="690" HPOS="348"/>
							<String ID="string_167" HPOS="370" VPOS="688" WIDTH="67" HEIGHT="26" WC="0.96" CONTENT="deraf,"/><SP WIDTH="23" VPOS="688" HPOS="437"/>
							<String ID="string_168" HPOS="460" VPOS="691" WIDTH="33" HEIGHT="19" WC="0.96" CONTENT="att"/><SP WIDTH="23" VPOS="691" HPOS="493"/>
							<String ID="string_169" HPOS="516" VPOS="689" WIDTH="42" HEIGHT="20" WC="0.96" CONTENT="han"/><SP WIDTH="19" VPOS="689" HPOS="558"/>
							<String ID="string_170" HPOS="577" VPOS="689" WIDTH="88" HEIGHT="21" WC="0.92" CONTENT="innehar"/><SP WIDTH="15" VPOS="689" HPOS="665"/>
							<String ID="string_171" HPOS="680" VPOS="690" WIDTH="220" HEIGHT="28" WC="0.91" CONTENT="försäkringsbrefvet."/>
						</TextLine>
						<TextLine ID="line_18" HPOS="77" VPOS="718" WIDTH="824" HEIGHT="28">
							<String ID="string_172" HPOS="77" VPOS="719" WIDTH="44" HEIGHT="21" WC="0.96" CONTENT="För"/><SP WIDTH="15" VPOS="719" HPOS="121"/>
							<String ID="string_173" HPOS="136" VPOS="720" WIDTH="32" HEIGHT="19" WC="0.96" CONTENT="att"/><SP WIDTH="15" VPOS="720" HPOS="168"/>
							<String ID="string_174" HPOS="183" VPOS="718" WIDTH="50" HEIGHT="26" WC="0.96" CONTENT="visa,"/><SP WIDTH="17" VPOS="718" HPOS="233"/>
							<String ID="string_175" HPOS="250" VPOS="720" WIDTH="31" HEIGHT="18" WC="0.96" CONTENT="att"/><SP WIDTH="16" VPOS="720" HPOS="281"/>
							<String ID="string_176" HPOS="297" VPOS="718" WIDTH="35" HEIGHT="20" WC="0.96" CONTENT="det"/><SP WIDTH="15" VPOS="718" HPOS="332"/>
							<String ID="string_177" HPOS="347" VPOS="720" WIDTH="24" HEIGHT="18" WC="0.96" CONTENT="är"/><SP WIDTH="16" VPOS="720" HPOS="371"/>
							<String ID="string_178" HPOS="387" VPOS="718" WIDTH="89" HEIGHT="20" WC="0.96" CONTENT="alldeles"/><SP WIDTH="15" VPOS="718" HPOS="476"/>
							<String ID="string_179" HPOS="491" VPOS="718" WIDTH="110" HEIGHT="26" WC="0.96" CONTENT="olämpligt"/><SP WIDTH="16" VPOS="718" HPOS="601"/>
							<String ID="string_180" HPOS="617" VPOS="718" WIDTH="38" HEIGHT="21" WC="0.93" CONTENT="och"/><SP WIDTH="16" VPOS="718" HPOS="655"/>
							<String ID="string_181" HPOS="671" VPOS="719" WIDTH="158" HEIGHT="27" WC="0.91" CONTENT="ändamålslöst,"/><SP WIDTH="16" VPOS="719" HPOS="829"/>
							<String ID="string_182" HPOS="845" VPOS="720" WIDTH="56" HEIGHT="22" WC="0.91" CONTENT="tillå-"/>
						</TextLine>
						<TextLine ID="line_19" HPOS="77" VPOS="746" WIDTH="823" HEIGHT="28">
							<String ID="string_183" HPOS="77" VPOS="749" WIDTH="34" HEIGHT="19" WC="0.96" CONTENT="ter"/><SP WIDTH="22" VPOS="749" HPOS="111"/>
							<String ID="string_184" HPOS="133" VPOS="747" WIDTH="35" HEIGHT="27" WC="0.96" CONTENT="jag"/><SP WIDTH="21" VPOS="747" HPOS="168"/>
							<String ID="string_185" HPOS="189" VPOS="746" WIDTH="42" HEIGHT="27" WC="0.96" CONTENT="mig"/><SP WIDTH="19" VPOS="746" HPOS="231"/>
							<String ID="string_186" HPOS="250" VPOS="748" WIDTH="31" HEIGHT="19" WC="0.96" CONTENT="att"/><SP WIDTH="15" VPOS="748" HPOS="281"/>
							<String ID="string_187" HPOS="296" VPOS="748" WIDTH="77" HEIGHT="19" WC="0.96" CONTENT="nämna"/><SP WIDTH="16" VPOS="748" HPOS="373"/>
							<String ID="string_188" HPOS="389" VPOS="746" WIDTH="37" HEIGHT="21" WC="0.96" CONTENT="det"/><SP WIDTH="14" VPOS="746" HPOS="426"/>
							<String ID="string_189" HPOS="440" VPOS="746" WIDTH="45" HEIGHT="26" WC="0.96" CONTENT="fall,"/><SP WIDTH="16" VPOS="746" HPOS="485"/>
							<String ID="string_190" HPOS="501" VPOS="752" WIDTH="46" HEIGHT="14" WC="0.96" CONTENT="som"/><SP WIDTH="16" VPOS="752" HPOS="547"/>
							<String ID="string_191" HPOS="563" VPOS="746" WIDTH="47" HEIGHT="21" WC="0.96" CONTENT="icke"/><SP WIDTH="15" VPOS="746" HPOS="610"/>
							<String ID="string_192" HPOS="625" VPOS="746" WIDTH="67" HEIGHT="22" WC="0.96" CONTENT="sällan"/><SP WIDTH="16" VPOS="746" HPOS="692"/>
							<String ID="string_193" HPOS="708" VPOS="747" WIDTH="102" HEIGHT="26" WC="0.96" CONTENT="inträffar,"/><SP WIDTH="15" VPOS="747" HPOS="810"/>
							<String ID="string_194" HPOS="825" VPOS="750" WIDTH="34" HEIGHT="20" WC="0.96" CONTENT="att"/><SP WIDTH="15" VPOS="750" HPOS="859"/>
							<String ID="string_195" HPOS="874" VPOS="755" WIDTH="26" HEIGHT="15" WC="0.96" CONTENT="en"/>
						</TextLine>
						<TextLine ID="line_20" HPOS="78" VPOS="774" WIDTH="823" HEIGHT="28">
							<String ID="string_196" HPOS="78" VPOS="775" WIDTH="102" HEIGHT="27" WC="0.96" CONTENT="fastighet"/><SP WIDTH="20" VPOS="775" HPOS="180"/>
							<String ID="string_197" HPOS="200" VPOS="777" WIDTH="24" HEIGHT="19" WC="0.91" CONTENT="är"/><SP WIDTH="22" VPOS="777" HPOS="224"/>
							<String ID="string_198" HPOS="246" VPOS="775" WIDTH="113" HEIGHT="21" WC="0.91" CONTENT="intecknad"/><SP WIDTH="16" VPOS="775" HPOS="359"/>
							<String ID="string_199" HPOS="375" VPOS="774" WIDTH="28" HEIGHT="27" WC="0.96" CONTENT="på"/><SP WIDTH="16" VPOS="774" HPOS="403"/>
							<String ID="string_200" HPOS="419" VPOS="781" WIDTH="25" HEIGHT="14" WC="0.94" CONTENT="en"/><SP WIDTH="16" VPOS="781" HPOS="444"/>
							<String ID="string_201" HPOS="460" VPOS="774" WIDTH="56" HEIGHT="27" WC="0.96" CONTENT="gång"/><SP WIDTH="15" VPOS="774" HPOS="516"/>
							<String ID="string_202" HPOS="531" VPOS="774" WIDTH="32" HEIGHT="21" WC="0.96" CONTENT="för"/><SP WIDTH="16" VPOS="774" HPOS="563"/>
							<String ID="string_203" HPOS="579" VPOS="774" WIDTH="53" HEIGHT="22" WC="0.96" CONTENT="flera"/><SP WIDTH="15" VPOS="774" HPOS="632"/>
							<String ID="string_204" HPOS="647" VPOS="775" WIDTH="126" HEIGHT="27" WC="0.96" CONTENT="fordringar."/><SP WIDTH="31" VPOS="775" HPOS="773"/>
							<String ID="string_205" HPOS="804" VPOS="776" WIDTH="44" HEIGHT="22" WC="0.96" CONTENT="Och"/><SP WIDTH="17" VPOS="776" HPOS="848"/>
							<String ID="string_206" HPOS="865" VPOS="778" WIDTH="36" HEIGHT="20" WC="0.96" CONTENT="det"/>
						</TextLine>
						<TextLine ID="line_21" HPOS="78" VPOS="803" WIDTH="822" HEIGHT="27">
							<String ID="string_207" HPOS="78" VPOS="806" WIDTH="25" HEIGHT="18" WC="0.96" CONTENT="är"/><SP WIDTH="19" VPOS="806" HPOS="103"/>
							<String ID="string_208" HPOS="122" VPOS="804" WIDTH="24" HEIGHT="26" WC="0.95" CONTENT="ju"/><SP WIDTH="22" VPOS="804" HPOS="146"/>
							<String ID="string_209" HPOS="168" VPOS="803" WIDTH="109" HEIGHT="27" WC="0.95" CONTENT="naturligt,"/><SP WIDTH="23" VPOS="803" HPOS="277"/>
							<String ID="string_210" HPOS="300" VPOS="805" WIDTH="32" HEIGHT="19" WC="0.96" CONTENT="att"/><SP WIDTH="15" VPOS="805" HPOS="332"/>
							<String ID="string_211" HPOS="347" VPOS="803" WIDTH="56" HEIGHT="21" WC="0.96" CONTENT="blott"/><SP WIDTH="15" VPOS="803" HPOS="403"/>
							<String ID="string_212" HPOS="418" VPOS="809" WIDTH="26" HEIGHT="15" WC="0.93" CONTENT="en"/><SP WIDTH="16" VPOS="809" HPOS="444"/>
							<String ID="string_213" HPOS="460" VPOS="803" WIDTH="171" HEIGHT="27" WC="0.91" CONTENT="fordringsägare"/><SP WIDTH="16" VPOS="803" HPOS="631"/>
							<String ID="string_214" HPOS="647" VPOS="804" WIDTH="42" HEIGHT="20" WC="0.93" CONTENT="kan"/><SP WIDTH="15" VPOS="804" HPOS="689"/>
							<String ID="string_215" HPOS="704" VPOS="804" WIDTH="138" HEIGHT="22" WC="0.91" CONTENT="omhänderfå"/><SP WIDTH="15" VPOS="804" HPOS="842"/>
							<String ID="string_216" HPOS="857" VPOS="806" WIDTH="43" HEIGHT="20" WC="0.91" CONTENT="för-"/>
						</TextLine>
						<TextLine ID="line_22" HPOS="79" VPOS="832" WIDTH="186" HEIGHT="27">
							<String ID="string_217" HPOS="79" VPOS="832" WIDTH="186" HEIGHT="27" WC="0.90" CONTENT="säkringsbrefvet."/>
						</TextLine>
					</TextBlock>
				</ComposedBlock>
				<ComposedBlock ID="cblock_3" HPOS="79" VPOS="876" WIDTH="825" HEIGHT="256">
					<TextBlock ID="block_2" HPOS="79" VPOS="876" WIDTH="825" HEIGHT="256">
						<TextLine ID="line_23" HPOS="148" VPOS="876" WIDTH="752" HEIGHT="28">
							<String ID="string_218" HPOS="148" VPOS="878" WIDTH="56" HEIGHT="21" WC="0.96" CONTENT="Herr"/><SP WIDTH="16" VPOS="878" HPOS="204"/>
							<String ID="string_219" HPOS="220" VPOS="877" WIDTH="82" HEIGHT="21" WC="0.93" CONTENT="Holm;"/><SP WIDTH="23" VPOS="877" HPOS="302"/>
							<String ID="string_220" HPOS="325" VPOS="877" WIDTH="55" HEIGHT="21" WC="0.96" CONTENT="hvad"/><SP WIDTH="16" VPOS="877" HPOS="380"/>
							<String ID="string_221" HPOS="396" VPOS="877" WIDTH="56" HEIGHT="21" WC="0.93" CONTENT="Herr"/><SP WIDTH="16" VPOS="877" HPOS="452"/>
							<String ID="string_222" HPOS="468" VPOS="876" WIDTH="113" HEIGHT="27" WC="0.91" CONTENT="Öhrnberg"/><SP WIDTH="15" VPOS="876" HPOS="581"/>
							<String ID="string_223" HPOS="596" VPOS="884" WIDTH="49" HEIGHT="20" WC="0.96" CONTENT="nyss"/><SP WIDTH="15" VPOS="884" HPOS="645"/>
							<String ID="string_224" HPOS="660" VPOS="878" WIDTH="77" HEIGHT="24" WC="0.96" CONTENT="anfört,"/><SP WIDTH="17" VPOS="878" HPOS="737"/>
							<String ID="string_225" HPOS="754" VPOS="880" WIDTH="24" HEIGHT="18" WC="0.96" CONTENT="är"/><SP WIDTH="13" VPOS="880" HPOS="778"/>
							<String ID="string_226" HPOS="791" VPOS="879" WIDTH="109" HEIGHT="21" WC="0.96" CONTENT="stridande"/>
						</TextLine>
						<TextLine ID="line_24" HPOS="79" VPOS="905" WIDTH="822" HEIGHT="27">
							<String ID="string_227" HPOS="79" VPOS="908" WIDTH="46" HEIGHT="19" WC="0.95" CONTENT="mot"/><SP WIDTH="20" VPOS="908" HPOS="125"/>
							<String ID="string_228" HPOS="145" VPOS="906" WIDTH="73" HEIGHT="26" WC="0.96" CONTENT="lagens"/><SP WIDTH="15" VPOS="906" HPOS="218"/>
							<String ID="string_229" HPOS="233" VPOS="906" WIDTH="114" HEIGHT="26" WC="0.96" CONTENT="grundsats"/><SP WIDTH="16" VPOS="906" HPOS="347"/>
							<String ID="string_230" HPOS="363" VPOS="911" WIDTH="34" HEIGHT="15" WC="0.95" CONTENT="om"/><SP WIDTH="17" VPOS="911" HPOS="397"/>
							<String ID="string_231" HPOS="414" VPOS="905" WIDTH="127" HEIGHT="26" WC="0.95" CONTENT="inteckning."/><SP WIDTH="31" VPOS="905" HPOS="541"/>
							<String ID="string_232" HPOS="572" VPOS="905" WIDTH="81" HEIGHT="21" WC="0.96" CONTENT="Genom"/><SP WIDTH="16" VPOS="905" HPOS="653"/>
							<String ID="string_233" HPOS="669" VPOS="906" WIDTH="120" HEIGHT="26" WC="0.96" CONTENT="inteckning"/><SP WIDTH="14" VPOS="906" HPOS="789"/>
							<String ID="string_234" HPOS="803" VPOS="906" WIDTH="34" HEIGHT="21" WC="0.96" CONTENT="får"/><SP WIDTH="15" VPOS="906" HPOS="837"/>
							<String ID="string_235" HPOS="852" VPOS="913" WIDTH="49" HEIGHT="15" WC="0.96" CONTENT="man"/>
						</TextLine>
						<TextLine ID="line_25" HPOS="80" VPOS="933" WIDTH="823" HEIGHT="28">
							<String ID="string_236" HPOS="80" VPOS="935" WIDTH="55" HEIGHT="21" WC="0.93" CONTENT="blott"/><SP WIDTH="21" VPOS="935" HPOS="135"/>
							<String ID="string_237" HPOS="156" VPOS="935" WIDTH="96" HEIGHT="26" WC="0.91" CONTENT="panträtt"/><SP WIDTH="21" VPOS="935" HPOS="252"/>
							<String ID="string_238" HPOS="273" VPOS="934" WIDTH="7" HEIGHT="20" WC="0.96" CONTENT="i"/><SP WIDTH="25" VPOS="934" HPOS="280"/>
							<String ID="string_239" HPOS="305" VPOS="940" WIDTH="25" HEIGHT="14" WC="0.96" CONTENT="en"/><SP WIDTH="16" VPOS="940" HPOS="330"/>
							<String ID="string_240" HPOS="346" VPOS="933" WIDTH="100" HEIGHT="27" WC="0.96" CONTENT="fastighet"/><SP WIDTH="16" VPOS="933" HPOS="446"/>
							<String ID="string_241" HPOS="462" VPOS="933" WIDTH="39" HEIGHT="21" WC="0.96" CONTENT="och"/><SP WIDTH="16" VPOS="933" HPOS="501"/>
							<String ID="string_242" HPOS="517" VPOS="939" WIDTH="35" HEIGHT="15" WC="0.96" CONTENT="om"/><SP WIDTH="16" VPOS="939" HPOS="552"/>
							<String ID="string_243" HPOS="568" VPOS="939" WIDTH="25" HEIGHT="14" WC="0.96" CONTENT="en"/><SP WIDTH="17" VPOS="939" HPOS="593"/>
							<String ID="string_244" HPOS="610" VPOS="934" WIDTH="65" HEIGHT="20" WC="0.95" CONTENT="sådan"/><SP WIDTH="15" VPOS="934" HPOS="675"/>
							<String ID="string_245" HPOS="690" VPOS="933" WIDTH="100" HEIGHT="27" WC="0.95" CONTENT="fastighet"/><SP WIDTH="15" VPOS="933" HPOS="790"/>
							<String ID="string_246" HPOS="805" VPOS="935" WIDTH="52" HEIGHT="21" WC="0.96" CONTENT="eller"/><SP WIDTH="14" VPOS="935" HPOS="857"/>
							<String ID="string_247" HPOS="871" VPOS="937" WIDTH="32" HEIGHT="20" WC="0.96" CONTENT="ett"/>
						</TextLine>
						<TextLine ID="line_26" HPOS="80" VPOS="961" WIDTH="822" HEIGHT="28">
							<String ID="string_248" HPOS="80" VPOS="963" WIDTH="40" HEIGHT="21" WC="0.95" CONTENT="hus"/><SP WIDTH="17" VPOS="963" HPOS="120"/>
							<String ID="string_249" HPOS="137" VPOS="963" WIDTH="39" HEIGHT="26" WC="0.93" CONTENT="går"/><SP WIDTH="15" VPOS="963" HPOS="176"/>
							<String ID="string_250" HPOS="191" VPOS="962" WIDTH="112" HEIGHT="25" WC="0.88" CONTENT="förloradt,"/><SP WIDTH="16" VPOS="962" HPOS="303"/>
							<String ID="string_251" HPOS="319" VPOS="962" WIDTH="24" HEIGHT="21" WC="0.96" CONTENT="så"/><SP WIDTH="8" VPOS="962" HPOS="343"/>
							<String ID="string_252" HPOS="351" VPOS="961" WIDTH="91" HEIGHT="22" WC="0.96" CONTENT="förloras"/><SP WIDTH="17" VPOS="961" HPOS="442"/>
							<String ID="string_253" HPOS="459" VPOS="961" WIDTH="39" HEIGHT="22" WC="0.96" CONTENT="ock"/><SP WIDTH="18" VPOS="961" HPOS="498"/>
							<String ID="string_254" HPOS="516" VPOS="961" WIDTH="137" HEIGHT="26" WC="0.96" CONTENT="säkerheten;"/><SP WIDTH="17" VPOS="961" HPOS="653"/>
							<String ID="string_255" HPOS="670" VPOS="963" WIDTH="50" HEIGHT="20" WC="0.96" CONTENT="eller"/><SP WIDTH="9" VPOS="963" HPOS="720"/>
							<String ID="string_256" HPOS="729" VPOS="963" WIDTH="47" HEIGHT="20" WC="0.96" CONTENT="med"/><SP WIDTH="9" VPOS="963" HPOS="776"/>
							<String ID="string_257" HPOS="785" VPOS="963" WIDTH="68" HEIGHT="21" WC="0.96" CONTENT="andra"/><SP WIDTH="10" VPOS="963" HPOS="853"/>
							<String ID="string_258" HPOS="863" VPOS="965" WIDTH="39" HEIGHT="20" WC="0.96" CONTENT="ord"/>
						</TextLine>
						<TextLine ID="line_27" HPOS="81" VPOS="990" WIDTH="822" HEIGHT="28">
							<String ID="string_259" HPOS="81" VPOS="998" WIDTH="34" HEIGHT="15" WC="0.93" CONTENT="om"/><SP WIDTH="16" VPOS="998" HPOS="115"/>
							<String ID="string_260" HPOS="131" VPOS="993" WIDTH="78" HEIGHT="25" WC="0.93" CONTENT="panten"/><SP WIDTH="15" VPOS="993" HPOS="209"/>
							<String ID="string_261" HPOS="224" VPOS="991" WIDTH="38" HEIGHT="26" WC="0.96" CONTENT="går"/><SP WIDTH="15" VPOS="991" HPOS="262"/>
							<String ID="string_262" HPOS="277" VPOS="990" WIDTH="100" HEIGHT="26" WC="0.96" CONTENT="förlorad,"/><SP WIDTH="16" VPOS="990" HPOS="377"/>
							<String ID="string_263" HPOS="393" VPOS="991" WIDTH="24" HEIGHT="20" WC="0.96" CONTENT="så"/><SP WIDTH="16" VPOS="991" HPOS="417"/>
							<String ID="string_264" HPOS="433" VPOS="992" WIDTH="24" HEIGHT="19" WC="0.96" CONTENT="är"/><SP WIDTH="16" VPOS="992" HPOS="457"/>
							<String ID="string_265" HPOS="473" VPOS="990" WIDTH="39" HEIGHT="21" WC="0.93" CONTENT="ock"/><SP WIDTH="16" VPOS="990" HPOS="512"/>
							<String ID="string_266" HPOS="528" VPOS="990" WIDTH="147" HEIGHT="27" WC="0.91" CONTENT="inteckningen"/><SP WIDTH="16" VPOS="990" HPOS="675"/>
							<String ID="string_267" HPOS="691" VPOS="991" WIDTH="99" HEIGHT="21" WC="0.96" CONTENT="förlorad."/><SP WIDTH="17" VPOS="991" HPOS="790"/>
							<String ID="string_268" HPOS="807" VPOS="992" WIDTH="48" HEIGHT="20" WC="0.96" CONTENT="Men"/><SP WIDTH="16" VPOS="992" HPOS="855"/>
							<String ID="string_269" HPOS="871" VPOS="995" WIDTH="32" HEIGHT="18" WC="0.96" CONTENT="att"/>
						</TextLine>
						<TextLine ID="line_28" HPOS="80" VPOS="1019" WIDTH="823" HEIGHT="26">
							<String ID="string_270" HPOS="80" VPOS="1019" WIDTH="83" HEIGHT="22" WC="0.92" CONTENT="utöfver"/><SP WIDTH="15" VPOS="1019" HPOS="163"/>
							<String ID="string_271" HPOS="178" VPOS="1019" WIDTH="158" HEIGHT="26" WC="0.91" CONTENT="inteckningens"/><SP WIDTH="16" VPOS="1019" HPOS="336"/>
							<String ID="string_272" HPOS="352" VPOS="1019" WIDTH="57" HEIGHT="20" WC="0.96" CONTENT="kraft"/><SP WIDTH="16" VPOS="1019" HPOS="409"/>
							<String ID="string_273" HPOS="425" VPOS="1019" WIDTH="40" HEIGHT="20" WC="0.96" CONTENT="och"/><SP WIDTH="15" VPOS="1019" HPOS="465"/>
							<String ID="string_274" HPOS="480" VPOS="1019" WIDTH="79" HEIGHT="20" WC="0.96" CONTENT="verkan"/><SP WIDTH="16" VPOS="1019" HPOS="559"/>
							<String ID="string_275" HPOS="575" VPOS="1021" WIDTH="57" HEIGHT="18" WC="0.93" CONTENT="ännu"/><SP WIDTH="15" VPOS="1021" HPOS="632"/>
							<String ID="string_276" HPOS="647" VPOS="1019" WIDTH="127" HEIGHT="21" WC="0.92" CONTENT="tillerkänna"/><SP WIDTH="15" VPOS="1019" HPOS="774"/>
							<String ID="string_277" HPOS="789" VPOS="1026" WIDTH="25" HEIGHT="15" WC="0.88" CONTENT="en"/><SP WIDTH="8" VPOS="1026" HPOS="814"/>
							<String ID="string_278" HPOS="822" VPOS="1020" WIDTH="81" HEIGHT="21" WC="0.88" CONTENT="inteck-"/>
						</TextLine>
						<TextLine ID="line_29" HPOS="80" VPOS="1047" WIDTH="823" HEIGHT="28">
							<String ID="string_279" HPOS="80" VPOS="1047" WIDTH="150" HEIGHT="28" WC="0.91" CONTENT="ningshafvare"/><SP WIDTH="23" VPOS="1047" HPOS="230"/>
							<String ID="string_280" HPOS="253" VPOS="1047" WIDTH="113" HEIGHT="24" WC="0.96" CONTENT="förmåner,"/><SP WIDTH="24" VPOS="1047" HPOS="366"/>
							<String ID="string_281" HPOS="390" VPOS="1048" WIDTH="48" HEIGHT="20" WC="0.96" CONTENT="dem"/><SP WIDTH="24" VPOS="1048" HPOS="438"/>
							<String ID="string_282" HPOS="462" VPOS="1053" WIDTH="25" HEIGHT="14" WC="0.96" CONTENT="en"/><SP WIDTH="24" VPOS="1053" HPOS="487"/>
							<String ID="string_283" HPOS="511" VPOS="1047" WIDTH="176" HEIGHT="26" WC="0.93" CONTENT="fastighetsägare"/><SP WIDTH="23" VPOS="1047" HPOS="687"/>
							<String ID="string_284" HPOS="710" VPOS="1053" WIDTH="75" HEIGHT="20" WC="0.94" CONTENT="genom"/><SP WIDTH="16" VPOS="1053" HPOS="785"/>
							<String ID="string_285" HPOS="801" VPOS="1049" WIDTH="102" HEIGHT="21" WC="0.96" CONTENT="särskildt"/>
						</TextLine>
						<TextLine ID="line_30" HPOS="81" VPOS="1075" WIDTH="821" HEIGHT="28">
							<String ID="string_286" HPOS="81" VPOS="1077" WIDTH="52" HEIGHT="20" WC="0.91" CONTENT="aftal"/><SP WIDTH="23" VPOS="1077" HPOS="133"/>
							<String ID="string_287" HPOS="156" VPOS="1076" WIDTH="96" HEIGHT="27" WC="0.92" CONTENT="betingat"/><SP WIDTH="23" VPOS="1076" HPOS="252"/>
							<String ID="string_288" HPOS="275" VPOS="1077" WIDTH="37" HEIGHT="25" WC="0.96" CONTENT="sig,"/><SP WIDTH="23" VPOS="1077" HPOS="312"/>
							<String ID="string_289" HPOS="335" VPOS="1075" WIDTH="68" HEIGHT="22" WC="0.96" CONTENT="finner"/><SP WIDTH="19" VPOS="1075" HPOS="403"/>
							<String ID="string_290" HPOS="422" VPOS="1075" WIDTH="38" HEIGHT="27" WC="0.96" CONTENT="jag"/><SP WIDTH="15" VPOS="1075" HPOS="460"/>
							<String ID="string_291" HPOS="475" VPOS="1075" WIDTH="46" HEIGHT="21" WC="0.93" CONTENT="icke"/><SP WIDTH="16" VPOS="1075" HPOS="521"/>
							<String ID="string_292" HPOS="537" VPOS="1076" WIDTH="106" HEIGHT="25" WC="0.92" CONTENT="grundadt"/><SP WIDTH="15" VPOS="1076" HPOS="643"/>
							<String ID="string_293" HPOS="658" VPOS="1075" WIDTH="27" HEIGHT="27" WC="0.96" CONTENT="på"/><SP WIDTH="15" VPOS="1075" HPOS="685"/>
							<String ID="string_294" HPOS="700" VPOS="1076" WIDTH="34" HEIGHT="26" WC="0.96" CONTENT="lag"/><SP WIDTH="16" VPOS="1076" HPOS="734"/>
							<String ID="string_295" HPOS="750" VPOS="1076" WIDTH="38" HEIGHT="21" WC="0.96" CONTENT="och"/><SP WIDTH="15" VPOS="1076" HPOS="788"/>
							<String ID="string_296" HPOS="803" VPOS="1078" WIDTH="44" HEIGHT="19" WC="0.96" CONTENT="rätt"/><SP WIDTH="16" VPOS="1078" HPOS="847"/>
							<String ID="string_297" HPOS="863" VPOS="1077" WIDTH="39" HEIGHT="21" WC="0.96" CONTENT="och"/>
						</TextLine>
						<TextLine ID="line_31" HPOS="81" VPOS="1104" WIDTH="823" HEIGHT="28">
							<String ID="string_298" HPOS="81" VPOS="1106" WIDTH="36" HEIGHT="21" WC="0.96" CONTENT="det"/><SP WIDTH="15" VPOS="1106" HPOS="117"/>
							<String ID="string_299" HPOS="132" VPOS="1105" WIDTH="120" HEIGHT="20" WC="0.93" CONTENT="föranleder"/><SP WIDTH="16" VPOS="1105" HPOS="252"/>
							<String ID="string_300" HPOS="268" VPOS="1105" WIDTH="86" HEIGHT="25" WC="0.92" CONTENT="derhän,"/><SP WIDTH="16" VPOS="1105" HPOS="354"/>
							<String ID="string_301" HPOS="370" VPOS="1106" WIDTH="33" HEIGHT="19" WC="0.96" CONTENT="att"/><SP WIDTH="15" VPOS="1106" HPOS="403"/>
							<String ID="string_302" HPOS="418" VPOS="1105" WIDTH="49" HEIGHT="25" WC="0.93" CONTENT="inga"/><SP WIDTH="12" VPOS="1105" HPOS="467"/>
							<String ID="string_303" HPOS="479" VPOS="1104" WIDTH="215" HEIGHT="26" WC="0.91" CONTENT="brandförsäkringar"/><SP WIDTH="7" VPOS="1104" HPOS="694"/>
							<String ID="string_304" HPOS="701" VPOS="1105" WIDTH="84" HEIGHT="20" WC="0.96" CONTENT="komma"/><SP WIDTH="10" VPOS="1105" HPOS="785"/>
							<String ID="string_305" HPOS="795" VPOS="1107" WIDTH="32" HEIGHT="18" WC="0.96" CONTENT="att"/><SP WIDTH="9" VPOS="1107" HPOS="827"/>
							<String ID="string_306" HPOS="836" VPOS="1107" WIDTH="68" HEIGHT="25" WC="0.96" CONTENT="tagas."/>
						</TextLine>
					</TextBlock>
				</ComposedBlock>
				<ComposedBlock ID="cblock_4" HPOS="81" VPOS="1149" WIDTH="822" HEIGHT="83">
					<TextBlock ID="block_3" HPOS="81" VPOS="1149" WIDTH="822" HEIGHT="83">
						<TextLine ID="line_32" HPOS="150" VPOS="1149" WIDTH="753" HEIGHT="27">
							<String ID="string_307" HPOS="150" VPOS="1150" WIDTH="96" HEIGHT="21" WC="0.95" CONTENT="Emedan"/><SP WIDTH="24" VPOS="1150" HPOS="246"/>
							<String ID="string_308" HPOS="270" VPOS="1149" WIDTH="69" HEIGHT="27" WC="0.95" CONTENT="någon"/><SP WIDTH="23" VPOS="1149" HPOS="339"/>
							<String ID="string_309" HPOS="362" VPOS="1149" WIDTH="68" HEIGHT="21" WC="0.96" CONTENT="talare"/><SP WIDTH="24" VPOS="1149" HPOS="430"/>
							<String ID="string_310" HPOS="454" VPOS="1149" WIDTH="45" HEIGHT="21" WC="0.96" CONTENT="icke"/><SP WIDTH="21" VPOS="1149" HPOS="499"/>
							<String ID="string_311" HPOS="520" VPOS="1149" WIDTH="73" HEIGHT="21" WC="0.96" CONTENT="vidare"/><SP WIDTH="24" VPOS="1149" HPOS="593"/>
							<String ID="string_312" HPOS="617" VPOS="1150" WIDTH="97" HEIGHT="21" WC="0.95" CONTENT="anmälde"/><SP WIDTH="15" VPOS="1150" HPOS="714"/>
							<String ID="string_313" HPOS="729" VPOS="1150" WIDTH="37" HEIGHT="26" WC="0.96" CONTENT="sig,"/><SP WIDTH="15" VPOS="1150" HPOS="766"/>
							<String ID="string_314" HPOS="781" VPOS="1149" WIDTH="122" HEIGHT="22" WC="0.96" CONTENT="förklarade"/>
						</TextLine>
						<TextLine ID="line_33" HPOS="81" VPOS="1177" WIDTH="821" HEIGHT="22">
							<String ID="string_315" HPOS="81" VPOS="1179" WIDTH="56" HEIGHT="20" WC="0.96" CONTENT="Herr"/><SP WIDTH="16" VPOS="1179" HPOS="137"/>
							<String ID="string_316" HPOS="153" VPOS="1178" WIDTH="161" HEIGHT="21" WC="0.96" CONTENT="Talmannen"/><SP WIDTH="23" VPOS="1178" HPOS="314"/>
							<String ID="string_317" HPOS="337" VPOS="1178" WIDTH="148" HEIGHT="21" WC="0.96" CONTENT="diskussionen"/><SP WIDTH="16" VPOS="1178" HPOS="485"/>
							<String ID="string_318" HPOS="501" VPOS="1184" WIDTH="51" HEIGHT="14" WC="0.93" CONTENT="vara"/><SP WIDTH="15" VPOS="1184" HPOS="552"/>
							<String ID="string_319" HPOS="567" VPOS="1178" WIDTH="71" HEIGHT="21" WC="0.91" CONTENT="slutad"/><SP WIDTH="16" VPOS="1178" HPOS="638"/>
							<String ID="string_320" HPOS="654" VPOS="1180" WIDTH="55" HEIGHT="19" WC="0.95" CONTENT="samt"/><SP WIDTH="15" VPOS="1180" HPOS="709"/>
							<String ID="string_321" HPOS="724" VPOS="1177" WIDTH="132" HEIGHT="22" WC="0.96" CONTENT="framställde"/><SP WIDTH="13" VPOS="1177" HPOS="856"/>
							<String ID="string_322" HPOS="869" VPOS="1179" WIDTH="33" HEIGHT="20" WC="0.96" CONTENT="till"/>
						</TextLine>
						<TextLine ID="line_34" HPOS="81" VPOS="1206" WIDTH="575" HEIGHT="26">
							<String ID="string_323" HPOS="81" VPOS="1207" WIDTH="96" HEIGHT="21" WC="0.91" CONTENT="ståndets"/><SP WIDTH="16" VPOS="1207" HPOS="177"/>
							<String ID="string_324" HPOS="193" VPOS="1207" WIDTH="130" HEIGHT="21" WC="0.91" CONTENT="besvarande"/><SP WIDTH="15" VPOS="1207" HPOS="323"/>
							<String ID="string_325" HPOS="338" VPOS="1206" WIDTH="159" HEIGHT="21" WC="0.96" CONTENT="nedanstående"/><SP WIDTH="16" VPOS="1206" HPOS="497"/>
							<String ID="string_326" HPOS="513" VPOS="1207" WIDTH="143" HEIGHT="25" WC="0.96" CONTENT="proposition:"/>
						</TextLine>
					</TextBlock>
				</ComposedBlock>
				<ComposedBlock ID="cblock_5" HPOS="83" VPOS="1252" WIDTH="821" HEIGHT="50">
					<TextBlock ID="block_4" HPOS="83" VPOS="1252" WIDTH="821" HEIGHT="50">
						<TextLine ID="line_35" HPOS="150" VPOS="1252" WIDTH="754" HEIGHT="26">
							<String ID="string_327" HPOS="150" VPOS="1252" WIDTH="42" HEIGHT="21" WC="0.94" CONTENT="Vill"/><SP WIDTH="23" VPOS="1252" HPOS="192"/>
							<String ID="string_328" HPOS="215" VPOS="1252" WIDTH="85" HEIGHT="21" WC="0.94" CONTENT="ståndet"/><SP WIDTH="21" VPOS="1252" HPOS="300"/>
							<String ID="string_329" HPOS="321" VPOS="1254" WIDTH="78" HEIGHT="24" WC="0.93" CONTENT="antaga"/><SP WIDTH="26" VPOS="1254" HPOS="399"/>
							<String ID="string_330" HPOS="425" VPOS="1252" WIDTH="12" HEIGHT="26" WC="0.85" CONTENT="$"/><SP WIDTH="24" VPOS="1252" HPOS="437"/>
							<String ID="string_331" HPOS="461" VPOS="1252" WIDTH="25" HEIGHT="21" WC="0.96" CONTENT="18"/><SP WIDTH="21" VPOS="1252" HPOS="486"/>
							<String ID="string_332" HPOS="507" VPOS="1252" WIDTH="6" HEIGHT="20" WC="0.93" CONTENT="i"/><SP WIDTH="16" VPOS="1252" HPOS="513"/>
							<String ID="string_333" HPOS="529" VPOS="1252" WIDTH="152" HEIGHT="26" WC="0.92" CONTENT="lagutskottets"/><SP WIDTH="16" VPOS="1252" HPOS="681"/>
							<String ID="string_334" HPOS="697" VPOS="1252" WIDTH="134" HEIGHT="21" WC="0.93" CONTENT="betänkande"/><SP WIDTH="16" VPOS="1252" HPOS="831"/>
							<String ID="string_335" HPOS="847" VPOS="1252" WIDTH="57" HEIGHT="22" WC="0.92" CONTENT="oför-"/>
						</TextLine>
						<TextLine ID="line_36" HPOS="83" VPOS="1281" WIDTH="95" HEIGHT="21">
							<String ID="string_336" HPOS="83" VPOS="1281" WIDTH="95" HEIGHT="21" WC="0.96" CONTENT="ändrad?"/>
						</TextLine>
					</TextBlock>
				</ComposedBlock>
				<ComposedBlock ID="cblock_6" HPOS="81" VPOS="1325" WIDTH="825" HEIGHT="57">
					<TextBlock ID="block_5" HPOS="81" VPOS="1325" WIDTH="825" HEIGHT="57">
						<TextLine ID="line_37" HPOS="151" VPOS="1325" WIDTH="755" HEIGHT="27">
							<String ID="string_337" HPOS="151" VPOS="1327" WIDTH="75" HEIGHT="20" WC="0.96" CONTENT="Denna"/><SP WIDTH="20" VPOS="1327" HPOS="226"/>
							<String ID="string_338" HPOS="246" VPOS="1326" WIDTH="131" HEIGHT="26" WC="0.96" CONTENT="proposition"/><SP WIDTH="25" VPOS="1326" HPOS="377"/>
							<String ID="string_339" HPOS="402" VPOS="1326" WIDTH="129" HEIGHT="21" WC="0.96" CONTENT="besvarades"/><SP WIDTH="25" VPOS="1326" HPOS="531"/>
							<String ID="string_340" HPOS="556" VPOS="1326" WIDTH="48" HEIGHT="20" WC="0.89" CONTENT="med"/><SP WIDTH="22" VPOS="1326" HPOS="604"/>
							<String ID="string_341" HPOS="626" VPOS="1325" WIDTH="154" HEIGHT="27" WC="0.89" CONTENT="öfvervägande"/><SP WIDTH="15" VPOS="1325" HPOS="780"/>
							<String ID="string_342" HPOS="795" VPOS="1326" WIDTH="111" HEIGHT="26" WC="0.90" CONTENT="pluralitet"/>
						</TextLine>
						<TextLine ID="line_38" HPOS="81" VPOS="1355" WIDTH="99" HEIGHT="27">
							<String ID="string_343" HPOS="81" VPOS="1355" WIDTH="99" HEIGHT="27" WC="0.92" CONTENT="jakande."/>
						</TextLine>
					</TextBlock>
				</ComposedBlock>
				<ComposedBlock ID="cblock_7" HPOS="152" VPOS="1400" WIDTH="570" HEIGHT="84">
					<TextBlock ID="block_6" HPOS="152" VPOS="1400" WIDTH="570" HEIGHT="84">
						<TextLine ID="line_39" HPOS="152" VPOS="1400" WIDTH="570" HEIGHT="28">
							<String ID="string_344" HPOS="152" VPOS="1400" WIDTH="10" HEIGHT="28" WC="0.93" CONTENT="$"/><SP WIDTH="18" VPOS="1400" HPOS="162"/>
							<String ID="string_345" HPOS="180" VPOS="1401" WIDTH="26" HEIGHT="21" WC="0.92" CONTENT="19"/><SP WIDTH="15" VPOS="1401" HPOS="206"/>
							<String ID="string_346" HPOS="221" VPOS="1400" WIDTH="45" HEIGHT="21" WC="0.96" CONTENT="blef"/><SP WIDTH="13" VPOS="1400" HPOS="266"/>
							<String ID="string_347" HPOS="279" VPOS="1400" WIDTH="23" HEIGHT="21" WC="0.93" CONTENT="af"/><SP WIDTH="13" VPOS="1400" HPOS="302"/>
							<String ID="string_348" HPOS="315" VPOS="1400" WIDTH="84" HEIGHT="21" WC="0.96" CONTENT="ståndet"/><SP WIDTH="15" VPOS="1400" HPOS="399"/>
							<String ID="string_349" HPOS="414" VPOS="1400" WIDTH="100" HEIGHT="26" WC="0.96" CONTENT="godkänd"/><SP WIDTH="16" VPOS="1400" HPOS="514"/>
							<String ID="string_350" HPOS="530" VPOS="1401" WIDTH="51" HEIGHT="19" WC="0.93" CONTENT="utan"/><SP WIDTH="16" VPOS="1401" HPOS="581"/>
							<String ID="string_351" HPOS="597" VPOS="1400" WIDTH="125" HEIGHT="20" WC="0.85" CONTENT="diskussion."/>
						</TextLine>
						<TextLine ID="line_40" HPOS="462" VPOS="1458" WIDTH="64" HEIGHT="26">
							<String ID="string_352" HPOS="462" VPOS="1458" WIDTH="14" HEIGHT="26" WC="0.93" CONTENT="$"/><SP WIDTH="14" VPOS="1458" HPOS="476"/>
							<String ID="string_353" HPOS="490" VPOS="1458" WIDTH="36" HEIGHT="20" WC="0.96" CONTENT="20."/>
						</TextLine>
					</TextBlock>
				</ComposedBlock>
				<ComposedBlock ID="cblock_8" HPOS="83" VPOS="1506" WIDTH="826" HEIGHT="57">
					<TextBlock ID="block_7" HPOS="83" VPOS="1506" WIDTH="826" HEIGHT="57">
						<TextLine ID="line_41" HPOS="153" VPOS="1506" WIDTH="756" HEIGHT="33">
							<String ID="string_354" HPOS="153" VPOS="1510" WIDTH="55" HEIGHT="19" WC="0.96" CONTENT="Herr"/><SP WIDTH="21" VPOS="1510" HPOS="208"/>
							<String ID="string_355" HPOS="229" VPOS="1510" WIDTH="96" HEIGHT="25" WC="0.96" CONTENT="Bergh"/><SP WIDTH="23" VPOS="1510" HPOS="325"/>
							<String ID="string_356" HPOS="348" VPOS="1509" WIDTH="72" HEIGHT="21" WC="0.96" CONTENT="anhöll"/><SP WIDTH="22" VPOS="1509" HPOS="420"/>
							<String ID="string_357" HPOS="442" VPOS="1516" WIDTH="33" HEIGHT="14" WC="0.96" CONTENT="om"/><SP WIDTH="23" VPOS="1516" HPOS="475"/>
							<String ID="string_358" HPOS="498" VPOS="1509" WIDTH="61" HEIGHT="20" WC="0.94" CONTENT="ordet"/><SP WIDTH="21" VPOS="1509" HPOS="559"/>
							<String ID="string_359" HPOS="580" VPOS="1508" WIDTH="40" HEIGHT="21" WC="0.96" CONTENT="och"/><SP WIDTH="23" VPOS="1508" HPOS="620"/>
							<String ID="string_360" HPOS="643" VPOS="1507" WIDTH="149" HEIGHT="32" WC="0.93" CONTENT="yttrade:"/><SP WIDTH="-36" VPOS="1507" HPOS="792"/>
							<String ID="string_361" HPOS="756" VPOS="1502" WIDTH="44" HEIGHT="41" WC="0.93" CONTENT="uti"/><SP WIDTH="15" VPOS="1502" HPOS="800"/>
							<String ID="string_362" HPOS="815" VPOS="1507" WIDTH="12" HEIGHT="26" WC="0.89" CONTENT="$"/><SP WIDTH="16" VPOS="1507" HPOS="827"/>
							<String ID="string_363" HPOS="843" VPOS="1506" WIDTH="27" HEIGHT="21" WC="0.96" CONTENT="20"/><SP WIDTH="15" VPOS="1506" HPOS="870"/>
							<String ID="string_364" HPOS="885" VPOS="1506" WIDTH="24" HEIGHT="20" WC="0.96" CONTENT="af"/>
						</TextLine>
						<TextLine ID="line_42" HPOS="83" VPOS="1535" WIDTH="824" HEIGHT="28">
							<String ID="string_365" HPOS="83" VPOS="1537" WIDTH="116" HEIGHT="22" WC="0.96" CONTENT="utskottets"/><SP WIDTH="16" VPOS="1537" HPOS="199"/>
							<String ID="string_366" HPOS="215" VPOS="1537" WIDTH="134" HEIGHT="22" WC="0.96" CONTENT="betänkande"/><SP WIDTH="15" VPOS="1537" HPOS="349"/>
							<String ID="string_367" HPOS="364" VPOS="1537" WIDTH="133" HEIGHT="22" WC="0.93" CONTENT="förekomma"/><SP WIDTH="15" VPOS="1537" HPOS="497"/>
							<String ID="string_368" HPOS="512" VPOS="1538" WIDTH="47" HEIGHT="20" WC="0.91" CONTENT="2:ne"/><SP WIDTH="16" VPOS="1538" HPOS="559"/>
							<String ID="string_369" HPOS="575" VPOS="1536" WIDTH="96" HEIGHT="27" WC="0.92" CONTENT="tryckfel,"/><SP WIDTH="17" VPOS="1536" HPOS="671"/>
							<String ID="string_370" HPOS="688" VPOS="1535" WIDTH="103" HEIGHT="26" WC="0.93" CONTENT="nemligen"/><SP WIDTH="9" VPOS="1535" HPOS="791"/>
							<String ID="string_371" HPOS="800" VPOS="1535" WIDTH="107" HEIGHT="26" WC="0.75" CONTENT=",,konom&#39;&#39;"/>
						</TextLine>
					</TextBlock>
				</ComposedBlock>
				<GraphicalElement ID="cblock_9" HPOS="1081" VPOS="24" WIDTH="14" HEIGHT="1016"></GraphicalElement >
			</PrintSpace>
		</Page>
	</Layout>
</alto>
