1095 1825
299 150 184 22 Borgareståndet.
509 151 55 17 1867.
590 151 22 17 15
624 150 48 21 Maj.
821 146 42 21 855

294 257 156 34 Onsdagen
469 258 57 26 den
548 257 33 28 15
599 258 58 33 Maj

69 321 91 21 klockan
176 321 55 21 elfva
246 320 159 27 föremiddagen
421 320 172 21 sammanträdde
607 319 180 27 Borgareståndet
802 320 33 21 till
850 319 43 27 ple-

69 356 62 17 num;
153 349 133 21 närvarande
308 349 73 21 dervid
404 348 97 22 ståndets
524 348 67 27 öfriga
611 348 137 21 medlemmar
764 350 58 19 utom
838 348 56 21 Herr

70 377 125 26 Grönholm,
219 384 45 15 som
287 377 68 26 åtnjöt
379 377 79 21 honom
473 377 93 26 beviljad
581 377 101 26 ledighet,
698 377 39 21 och
752 376 56 21 Herr
823 376 70 25 Utter,

70 412 46 15 som
131 406 24 21 af
168 406 58 21 förut
240 405 95 22 anmäldt
351 405 182 27 sjukdomsförfall
548 405 114 21 hindrades
678 407 32 19 att
724 405 32 27 sig
770 405 85 21 infinna.

139 462 41 21 Till
198 462 106 27 justering
325 462 109 27 upplästes
457 462 105 21 särskilda
577 462 78 26 utdrag
669 468 26 15 ur
710 461 95 22 ståndets
820 464 73 24 proto-

70 491 45 20 koll
140 491 34 21 för
198 491 8 21 i
227 490 45 27 går,
295 490 145 22 innefattande
463 491 97 21 ståndets
581 490 72 21 beslut
668 490 6 21 i
689 490 92 27 följande
797 490 96 25 ärender,

70 519 116 27 nemligen:
211 519 42 26 1:0)
276 519 91 21 rörande
389 519 234 27 grundiagsutskottets
645 519 79 26 förslag
739 519 32 20 till
787 525 107 14 samman-

69 547 110 28 jemkning
194 547 24 21 af
231 547 100 22 ståndens
347 547 122 27 skiljaktiga
479 547 72 22 beslut
561 548 6 20 i
579 547 113 26 anledning
700 547 23 21 af
731 547 78 26 nådiga
817 552 77 21 propo-

71 576 92 21 sitionen
178 575 110 27 angående
303 576 214 27 landtdagsordning;
534 576 41 24 2:0)
591 576 7 21 i
613 575 113 27 anledning
740 575 24 22 af
776 576 63 20 stats-
855 575 39 21 och

70 604 244 27 bevillningsutskottets
340 603 296 28 sammanjemkningsförslag
653 604 8 21 i
675 604 74 27 frågan
765 610 32 15 om
813 603 81 21 inlösen

71 633 23 21 af
116 633 193 27 donationsgodsen
328 633 2 21 i
347 633 99 27 Wiborgs
462 633 38 21 och
517 633 32 21 S:t
564 632 88 22 Michels
668 633 44 25 län;
728 632 42 28 3:0)
785 632 110 27 angående

71 661 173 22 Bondeståndets
264 661 124 27 inbjudning
404 662 32 20 till
452 661 139 22 medstånden
607 663 32 19 att
654 660 74 22 förena
742 661 32 27 sig
788 661 8 21 i
810 660 85 22 Bonde-

71 690 97 21 ståndets
191 690 71 21 beslut
288 690 91 21 rörande
401 696 63 15 mom.
489 691 11 20 7
523 689 24 21 af
566 690 152 26 lagutskottets
738 689 158 21 betänkande
883 685 17 36 i

71 718 115 26 anledning
211 718 23 21 af
257 718 77 26 nådiga
358 718 161 26 propositionen
541 724 34 15 om
601 718 125 27 indragning
745 718 24 20 af
781 718 114 20 Kämners-

71 748 76 24 rätter,
169 753 28 14 m.
220 753 38 19 m.;
281 747 42 26 4:0)
346 746 109 27 angående
475 747 108 21 allmänna
598 746 204 22 besvärsutskottets
817 745 79 27 förslag

73 774 32 22 till
121 774 132 28 underdånig
268 775 90 27 petition
373 781 35 15 om
419 775 128 21 utfärdande
563 775 24 21 af
601 781 25 15 en
641 774 125 28 författning
784 774 33 21 till
832 774 64 26 skyd-

73 804 70 20 dande
158 803 22 21 af
193 804 84 20 landets
292 803 93 21 forntida
399 804 171 21 minnesmärken
586 803 39 21 och
647 802 248 26 älderdomslemningar
885 798 12 36 ;

73 832 43 26 5:0)
131 832 8 20 i
154 832 113 26 anledning
288 831 23 21 af
324 832 78 26 nådiga
417 832 160 27 propositionen
593 838 34 14 om
642 832 120 26 antagande
777 831 22 21 af
813 837 26 15 en
854 830 43 22 för-

73 860 92 26 ordning
188 860 108 27 angående
317 862 99 20 närmare
438 860 142 27 begränsning
604 860 23 21 af
643 860 58 21 tiden
715 860 33 21 för
763 859 133 21 löftesmans-

73 888 142 27 ansvarighet,
240 895 27 15 m.
292 895 27 15 m.
347 889 40 21 och
411 889 44 26 6:0)
478 889 91 21 rörande
591 888 192 27 Borgareståndets
801 887 96 22 enskilda

74 916 181 21 besvärsutskotts
277 917 134 21 betänkande
434 917 6 21 i
462 917 114 26 anledning
596 916 23 21 af
632 917 119 26 föreslagen
766 915 131 27 underdänig

73 945 93 26 petition
180 951 35 15 om
231 945 130 22 afskaffande
376 945 24 21 af
414 946 117 26 exporttull
546 952 27 14 m.
589 951 28 15 m.

143 1001 61 22 Efter
218 1001 142 27 uppläsandet
382 1001 22 22 af
419 1002 119 26 protokolls
558 1002 100 26 utdraget
672 1002 7 21 i
694 1001 129 22 sistnämnde
837 1000 62 27 fräga

74 1030 104 26 begärdes
193 1030 61 21 ordet
269 1030 29 21 af:

144 1086 58 21 Herr
216 1086 94 27 Wolff,
325 1092 46 16 som
387 1087 94 26 yttrade:
497 1087 28 21 dä
539 1087 181 26 Borgareständet
735 1087 7 20 i
757 1086 38 26 gär
805 1085 95 22 behand-

75 1114 49 21 lade
147 1115 41 21 den
210 1114 67 27 fräga,
292 1115 89 21 hvarom
395 1115 120 27 protokolls
531 1115 78 27 utdrag
624 1117 72 20 senast
710 1115 116 26 upplästes,
841 1115 59 20 stan-

75 1143 56 21 nade
158 1143 93 25 ständet,
274 1143 27 27 pä
323 1145 44 20 sätt
389 1144 131 26 protokollet
536 1143 79 28 jemväl
630 1145 110 25 upptager,
756 1143 8 21 i
779 1143 36 21 det
829 1142 71 21 beslut

75 1173 33 19 att
123 1171 26 22 de
165 1171 68 27 öfrige
249 1171 89 22 stånden
353 1172 69 21 skulle
437 1173 7 20 i
459 1173 70 26 vanlig
545 1172 90 27 ordning
656 1172 97 27 inbjudas
768 1173 32 20 att
815 1171 86 27 deltaga

75 1200 6 20 i
107 1199 40 22 den
172 1200 23 21 af
218 1200 182 27 Borgareständet
421 1200 99 22 beslutna
542 1201 124 26 petitionen.
696 1200 125 22 Sedermera
837 1199 64 22 hafva

75 1228 66 21 likväl
166 1228 106 28 ätskillige
295 1230 138 20 medlemmar
454 1229 23 21 af
501 1229 85 21 ståndet
601 1230 89 20 kommit
706 1230 31 20 till
753 1229 40 21 den
809 1228 92 27 öfverty-

75 1257 64 26 gelse,
164 1258 33 20 att
223 1264 26 14 en
276 1257 66 21 sådan
366 1258 127 26 inbjudning
514 1258 107 21 måhända
642 1258 67 21 skulle
724 1258 50 26 föga
787 1256 66 22 verka
868 1257 33 21 till

75 1285 78 21 sakens
178 1285 112 27 framgäng
306 1288 55 19 samt
376 1286 57 28 förty
448 1288 69 25 yttrat
532 1287 40 21 den
588 1286 61 27 äsigt,
666 1288 32 19 att
712 1286 93 21 beslutet
820 1285 7 21 i
842 1291 59 21 nyss-

75 1314 93 21 nämnde
184 1314 34 21 del
233 1314 71 21 kunde
319 1314 92 22 förfalla.
442 1315 41 26 Jag
499 1315 59 21 delar
573 1315 70 21 denna
658 1314 55 27 äsigt
728 1314 40 22 och
778 1314 123 21 hemställer

75 1342 72 21 derför
169 1342 32 21 till
224 1342 85 22 ständet
331 1349 34 15 om
387 1343 48 21 icke
450 1343 87 21 ständet
551 1344 56 25 ville,
622 1344 48 20 med
686 1342 127 27 frängäende
827 1342 24 21 af
864 1342 38 20 sitt

74 1370 72 21 beslut
170 1370 110 27 angäende
306 1371 142 22 omförmälda
472 1372 131 26 inbjudning,
620 1371 95 22 förklara
730 1372 33 20 att
779 1371 123 21 densamma

74 1398 47 22 icke
138 1405 48 20 eger
202 1405 53 15 rum.

147 1455 56 21 Herr
218 1456 145 21 Rosenius:
378 1456 38 27 jag
430 1456 40 21 har
485 1457 69 21 blifvit
568 1457 146 21 förekommen
729 1457 23 21 af
766 1456 55 21 Herr
831 1455 70 21 Wolff.

76 1478 68 26 Äfven
164 1484 38 26 jag
223 1484 118 27 tillstyrker
363 1484 87 22 ståndet
468 1487 33 19 att
516 1485 113 21 underlåta
644 1484 160 28 ifrågavarande
819 1484 83 34 inbjud-

77 1512 57 25 ning,
151 1512 89 21 emedan
255 1512 40 21 den
311 1513 38 24 tid,
360 1519 46 15 som
418 1513 33 21 för
459 1514 141 26 landtdagens
611 1519 147 15 sammanvaro
769 1512 98 26 återstår,
879 1514 24 19 är

77 1539 24 21 så
116 1539 50 22 kort
182 1542 32 19 att
229 1540 75 27 frågan
319 1529 106 39 svårligen
440 1548 89 15 numera
544 1542 75 21 hinner
634 1542 40 21 hos
689 1542 25 21 de
730 1541 67 27 öfriga
813 1540 90 22 stånden
