<?xml version="1.0" encoding="UTF-8"?>
<alto xmlns="http://www.loc.gov/standards/alto/ns-v3#" xmlns:xlink="http://www.w3.org/1999/xlink" xmlns:xsi="http://www.w3.org/2001/XMLSchema-instance" xsi:schemaLocation="http://www.loc.gov/standards/alto/ns-v3# http://www.loc.gov/alto/v3/alto-3-0.xsd">
	<Description>
		<MeasurementUnit>pixel</MeasurementUnit>
		<sourceImageInformation>
			<fileName>/tmp/tess_gdq2fi90_input.PNG</fileName>
		</sourceImageInformation>
		<OCRProcessing ID="OCR_0">
			<ocrProcessingStep>
				<processingSoftware>
					<softwareName>tesseract 5.3.4</softwareName>
				</processingSoftware>
			</ocrProcessingStep>
		</OCRProcessing>
	</Description>
	<Layout>
		<Page WIDTH="1095" HEIGHT="1825" PHYSICAL_IMG_NR="0" ID="page_0">
			<PrintSpace HPOS="0" VPOS="0" WIDTH="1095" HEIGHT="1825">
				<GraphicalElement ID="cblock_0" HPOS="0" VPOS="149" WIDTH="3" HEIGHT="795"></GraphicalElement >
				<ComposedBlock ID="cblock_1" HPOS="234" VPOS="150" WIDTH="552" HEIGHT="28">
					<TextBlock ID="block_0" HPOS="234" VPOS="150" WIDTH="552" HEIGHT="28">
						<TextLine ID="line_0" HPOS="234" VPOS="150" WIDTH="552" HEIGHT="28">
							<String ID="string_0" HPOS="234" VPOS="150" WIDTH="42" HEIGHT="22" WC="0.96" CONTENT="888"/><SP WIDTH="143" VPOS="150" HPOS="276"/>
							<String ID="string_1" HPOS="419" VPOS="156" WIDTH="184" HEIGHT="22" WC="0.90" CONTENT="Borgareståndet."/><SP WIDTH="23" VPOS="156" HPOS="603"/>
							<String ID="string_2" HPOS="626" VPOS="157" WIDTH="55" HEIGHT="17" WC="0.96" CONTENT="1867."/><SP WIDTH="25" VPOS="157" HPOS="681"/>
							<String ID="string_3" HPOS="706" VPOS="157" WIDTH="22" HEIGHT="17" WC="0.96" CONTENT="17"/><SP WIDTH="11" VPOS="157" HPOS="728"/>
							<String ID="string_4" HPOS="739" VPOS="156" WIDTH="47" HEIGHT="22" WC="0.96" CONTENT="Maj."/>
						</TextLine>
					</TextBlock>
				</ComposedBlock>
				<GraphicalElement ID="cblock_2" HPOS="232" VPOS="195" WIDTH="795" HEIGHT="5"></GraphicalElement >
				<ComposedBlock ID="cblock_3" HPOS="204" VPOS="241" WIDTH="827" HEIGHT="282">
					<TextBlock ID="block_1" HPOS="204" VPOS="241" WIDTH="827" HEIGHT="282">
						<TextLine ID="line_1" HPOS="205" VPOS="241" WIDTH="825" HEIGHT="28">
							<String ID="string_5" HPOS="205" VPOS="241" WIDTH="79" HEIGHT="27" WC="0.96" CONTENT="nådiga"/><SP WIDTH="24" VPOS="241" HPOS="284"/>
							<String ID="string_6" HPOS="308" VPOS="241" WIDTH="165" HEIGHT="27" WC="0.93" CONTENT="propositionen,"/><SP WIDTH="24" VPOS="241" HPOS="473"/>
							<String ID="string_7" HPOS="497" VPOS="242" WIDTH="70" HEIGHT="21" WC="0.92" CONTENT="såvidt"/><SP WIDTH="23" VPOS="242" HPOS="567"/>
							<String ID="string_8" HPOS="590" VPOS="242" WIDTH="26" HEIGHT="22" WC="0.95" CONTENT="de"/><SP WIDTH="22" VPOS="242" HPOS="616"/>
							<String ID="string_9" HPOS="638" VPOS="242" WIDTH="80" HEIGHT="27" WC="0.95" CONTENT="utgjort"/><SP WIDTH="25" VPOS="242" HPOS="718"/>
							<String ID="string_10" HPOS="743" VPOS="241" WIDTH="88" HEIGHT="21" WC="0.95" CONTENT="föremål"/><SP WIDTH="23" VPOS="241" HPOS="831"/>
							<String ID="string_11" HPOS="854" VPOS="241" WIDTH="33" HEIGHT="21" WC="0.93" CONTENT="för"/><SP WIDTH="21" VPOS="241" HPOS="887"/>
							<String ID="string_12" HPOS="908" VPOS="241" WIDTH="122" HEIGHT="27" WC="0.90" CONTENT="grundlags-"/>
						</TextLine>
						<TextLine ID="line_2" HPOS="205" VPOS="269" WIDTH="825" HEIGHT="28">
							<String ID="string_13" HPOS="205" VPOS="270" WIDTH="117" HEIGHT="21" WC="0.96" CONTENT="utskottets"/><SP WIDTH="18" VPOS="270" HPOS="322"/>
							<String ID="string_14" HPOS="340" VPOS="270" WIDTH="135" HEIGHT="27" WC="0.96" CONTENT="granskning,"/><SP WIDTH="16" VPOS="270" HPOS="475"/>
							<String ID="string_15" HPOS="491" VPOS="270" WIDTH="39" HEIGHT="22" WC="0.96" CONTENT="och"/><SP WIDTH="16" VPOS="270" HPOS="530"/>
							<String ID="string_16" HPOS="546" VPOS="270" WIDTH="119" HEIGHT="22" WC="0.96" CONTENT="förklarade"/><SP WIDTH="15" VPOS="270" HPOS="665"/>
							<String ID="string_17" HPOS="680" VPOS="270" WIDTH="56" HEIGHT="22" WC="0.96" CONTENT="Herr"/><SP WIDTH="15" VPOS="270" HPOS="736"/>
							<String ID="string_18" HPOS="751" VPOS="269" WIDTH="170" HEIGHT="23" WC="0.93" CONTENT="Talmannen"/><SP WIDTH="15" VPOS="269" HPOS="921"/>
							<String ID="string_19" HPOS="936" VPOS="270" WIDTH="7" HEIGHT="21" WC="0.89" CONTENT="i"/><SP WIDTH="15" VPOS="270" HPOS="943"/>
							<String ID="string_20" HPOS="958" VPOS="270" WIDTH="72" HEIGHT="21" WC="0.89" CONTENT="anled-"/>
						</TextLine>
						<TextLine ID="line_3" HPOS="204" VPOS="298" WIDTH="826" HEIGHT="27">
							<String ID="string_21" HPOS="204" VPOS="299" WIDTH="52" HEIGHT="26" WC="0.96" CONTENT="ning"/><SP WIDTH="22" VPOS="299" HPOS="256"/>
							<String ID="string_22" HPOS="278" VPOS="298" WIDTH="61" HEIGHT="21" WC="0.96" CONTENT="häraf"/><SP WIDTH="22" VPOS="298" HPOS="339"/>
							<String ID="string_23" HPOS="361" VPOS="300" WIDTH="38" HEIGHT="24" WC="0.96" CONTENT="att,"/><SP WIDTH="23" VPOS="300" HPOS="399"/>
							<String ID="string_24" HPOS="422" VPOS="298" WIDTH="66" HEIGHT="27" WC="0.96" CONTENT="enligt"/><SP WIDTH="21" VPOS="298" HPOS="488"/>
							<String ID="string_25" HPOS="509" VPOS="298" WIDTH="56" HEIGHT="21" WC="0.93" CONTENT="Herr"/><SP WIDTH="21" VPOS="298" HPOS="565"/>
							<String ID="string_26" HPOS="586" VPOS="298" WIDTH="188" HEIGHT="21" WC="0.91" CONTENT="Talmannens"/><SP WIDTH="23" VPOS="298" HPOS="774"/>
							<String ID="string_27" HPOS="797" VPOS="298" WIDTH="134" HEIGHT="27" WC="0.85" CONTENT="uppfattning"/><SP WIDTH="15" VPOS="298" HPOS="931"/>
							<String ID="string_28" HPOS="946" VPOS="298" WIDTH="22" HEIGHT="21" WC="0.96" CONTENT="af"/><SP WIDTH="22" VPOS="298" HPOS="968"/>
							<String ID="string_29" HPOS="990" VPOS="298" WIDTH="40" HEIGHT="21" WC="0.96" CONTENT="den"/>
						</TextLine>
						<TextLine ID="line_4" HPOS="205" VPOS="325" WIDTH="825" HEIGHT="28">
							<String ID="string_30" HPOS="205" VPOS="333" WIDTH="49" HEIGHT="20" WC="0.96" CONTENT="nyss"/><SP WIDTH="15" VPOS="333" HPOS="254"/>
							<String ID="string_31" HPOS="269" VPOS="325" WIDTH="132" HEIGHT="22" WC="0.96" CONTENT="framställda"/><SP WIDTH="15" VPOS="325" HPOS="401"/>
							<String ID="string_32" HPOS="416" VPOS="326" WIDTH="157" HEIGHT="27" WC="0.96" CONTENT="propositionen"/><SP WIDTH="16" VPOS="326" HPOS="573"/>
							<String ID="string_33" HPOS="589" VPOS="326" WIDTH="39" HEIGHT="22" WC="0.93" CONTENT="och"/><SP WIDTH="15" VPOS="326" HPOS="628"/>
							<String ID="string_34" HPOS="643" VPOS="327" WIDTH="96" HEIGHT="21" WC="0.92" CONTENT="ståndets"/><SP WIDTH="16" VPOS="327" HPOS="739"/>
							<String ID="string_35" HPOS="755" VPOS="327" WIDTH="51" HEIGHT="20" WC="0.92" CONTENT="derå"/><SP WIDTH="10" VPOS="327" HPOS="806"/>
							<String ID="string_36" HPOS="816" VPOS="326" WIDTH="79" HEIGHT="27" WC="0.92" CONTENT="afgifna"/><SP WIDTH="10" VPOS="326" HPOS="895"/>
							<String ID="string_37" HPOS="905" VPOS="333" WIDTH="53" HEIGHT="19" WC="0.96" CONTENT="svar,"/><SP WIDTH="13" VPOS="333" HPOS="958"/>
							<String ID="string_38" HPOS="971" VPOS="327" WIDTH="59" HEIGHT="20" WC="0.96" CONTENT="detta"/>
						</TextLine>
						<TextLine ID="line_5" HPOS="204" VPOS="354" WIDTH="826" HEIGHT="27">
							<String ID="string_39" HPOS="204" VPOS="354" WIDTH="94" HEIGHT="22" WC="0.95" CONTENT="innehöll"/><SP WIDTH="23" VPOS="354" HPOS="298"/>
							<String ID="string_40" HPOS="321" VPOS="356" WIDTH="32" HEIGHT="20" WC="0.96" CONTENT="ett"/><SP WIDTH="23" VPOS="356" HPOS="353"/>
							<String ID="string_41" HPOS="376" VPOS="355" WIDTH="105" HEIGHT="26" WC="0.95" CONTENT="ogillande"/><SP WIDTH="15" VPOS="355" HPOS="481"/>
							<String ID="string_42" HPOS="496" VPOS="355" WIDTH="24" HEIGHT="21" WC="0.95" CONTENT="af"/><SP WIDTH="13" VPOS="355" HPOS="520"/>
							<String ID="string_43" HPOS="533" VPOS="355" WIDTH="115" HEIGHT="22" WC="0.96" CONTENT="utskottets"/><SP WIDTH="15" VPOS="355" HPOS="648"/>
							<String ID="string_44" HPOS="663" VPOS="355" WIDTH="134" HEIGHT="21" WC="0.96" CONTENT="betänkande"/><SP WIDTH="16" VPOS="355" HPOS="797"/>
							<String ID="string_45" HPOS="813" VPOS="355" WIDTH="75" HEIGHT="21" WC="0.96" CONTENT="endast"/><SP WIDTH="13" VPOS="355" HPOS="888"/>
							<String ID="string_46" HPOS="901" VPOS="355" WIDTH="8" HEIGHT="20" WC="0.96" CONTENT="i"/><SP WIDTH="14" VPOS="355" HPOS="909"/>
							<String ID="string_47" HPOS="923" VPOS="355" WIDTH="56" HEIGHT="21" WC="0.96" CONTENT="hvad"/><SP WIDTH="15" VPOS="355" HPOS="979"/>
							<String ID="string_48" HPOS="994" VPOS="355" WIDTH="36" HEIGHT="20" WC="0.96" CONTENT="det"/>
						</TextLine>
						<TextLine ID="line_6" HPOS="204" VPOS="383" WIDTH="827" HEIGHT="28">
							<String ID="string_49" HPOS="204" VPOS="383" WIDTH="77" HEIGHT="27" WC="0.95" CONTENT="skiljde"/><SP WIDTH="15" VPOS="383" HPOS="281"/>
							<String ID="string_50" HPOS="296" VPOS="383" WIDTH="32" HEIGHT="26" WC="0.96" CONTENT="sig"/><SP WIDTH="15" VPOS="383" HPOS="328"/>
							<String ID="string_51" HPOS="343" VPOS="383" WIDTH="46" HEIGHT="21" WC="0.96" CONTENT="från"/><SP WIDTH="16" VPOS="383" HPOS="389"/>
							<String ID="string_52" HPOS="405" VPOS="383" WIDTH="40" HEIGHT="21" WC="0.96" CONTENT="den"/><SP WIDTH="15" VPOS="383" HPOS="445"/>
							<String ID="string_53" HPOS="460" VPOS="383" WIDTH="75" HEIGHT="27" WC="0.96" CONTENT="nådiga"/><SP WIDTH="16" VPOS="383" HPOS="535"/>
							<String ID="string_54" HPOS="551" VPOS="384" WIDTH="165" HEIGHT="27" WC="0.96" CONTENT="propositionen,"/><SP WIDTH="16" VPOS="384" HPOS="716"/>
							<String ID="string_55" HPOS="732" VPOS="389" WIDTH="45" HEIGHT="15" WC="0.96" CONTENT="som"/><SP WIDTH="16" VPOS="389" HPOS="777"/>
							<String ID="string_56" HPOS="793" VPOS="383" WIDTH="121" HEIGHT="22" WC="0.96" CONTENT="oberoende"/><SP WIDTH="15" VPOS="383" HPOS="914"/>
							<String ID="string_57" HPOS="929" VPOS="383" WIDTH="22" HEIGHT="21" WC="0.96" CONTENT="af"/><SP WIDTH="11" VPOS="383" HPOS="951"/>
							<String ID="string_58" HPOS="962" VPOS="383" WIDTH="69" HEIGHT="21" WC="0.96" CONTENT="denna"/>
						</TextLine>
						<TextLine ID="line_7" HPOS="204" VPOS="411" WIDTH="826" HEIGHT="28">
							<String ID="string_59" HPOS="204" VPOS="411" WIDTH="76" HEIGHT="27" WC="0.96" CONTENT="åtgärd"/><SP WIDTH="24" VPOS="411" HPOS="280"/>
							<String ID="string_60" HPOS="304" VPOS="411" WIDTH="84" HEIGHT="22" WC="0.96" CONTENT="komme"/><SP WIDTH="22" VPOS="411" HPOS="388"/>
							<String ID="string_61" HPOS="410" VPOS="414" WIDTH="32" HEIGHT="19" WC="0.96" CONTENT="att"/><SP WIDTH="20" VPOS="414" HPOS="442"/>
							<String ID="string_62" HPOS="462" VPOS="411" WIDTH="6" HEIGHT="21" WC="0.96" CONTENT="i"/><SP WIDTH="15" VPOS="411" HPOS="468"/>
							<String ID="string_63" HPOS="483" VPOS="412" WIDTH="32" HEIGHT="21" WC="0.96" CONTENT="sin"/><SP WIDTH="23" VPOS="412" HPOS="515"/>
							<String ID="string_64" HPOS="538" VPOS="411" WIDTH="73" HEIGHT="22" WC="0.95" CONTENT="helhet"/><SP WIDTH="21" VPOS="411" HPOS="611"/>
							<String ID="string_65" HPOS="632" VPOS="411" WIDTH="138" HEIGHT="22" WC="0.92" CONTENT="underkastas"/><SP WIDTH="23" VPOS="411" HPOS="770"/>
							<String ID="string_66" HPOS="793" VPOS="411" WIDTH="96" HEIGHT="22" WC="0.92" CONTENT="ståndets"/><SP WIDTH="22" VPOS="411" HPOS="889"/>
							<String ID="string_67" HPOS="911" VPOS="411" WIDTH="119" HEIGHT="28" WC="0.89" CONTENT="pröfning"/><SP WIDTH="-12" VPOS="411" HPOS="1030"/>
							<String ID="string_68" HPOS="1018" VPOS="407" WIDTH="15" HEIGHT="37" WC="0.96" CONTENT="i"/>
						</TextLine>
						<TextLine ID="line_8" HPOS="204" VPOS="439" WIDTH="827" HEIGHT="27">
							<String ID="string_69" HPOS="204" VPOS="439" WIDTH="153" HEIGHT="27" WC="0.94" CONTENT="sammanhang"/><SP WIDTH="23" VPOS="439" HPOS="357"/>
							<String ID="string_70" HPOS="380" VPOS="440" WIDTH="48" HEIGHT="21" WC="0.96" CONTENT="med"/><SP WIDTH="23" VPOS="440" HPOS="428"/>
							<String ID="string_71" HPOS="451" VPOS="440" WIDTH="36" HEIGHT="21" WC="0.96" CONTENT="det"/><SP WIDTH="21" VPOS="440" HPOS="487"/>
							<String ID="string_72" HPOS="508" VPOS="440" WIDTH="134" HEIGHT="21" WC="0.96" CONTENT="betänkande"/><SP WIDTH="22" VPOS="440" HPOS="642"/>
							<String ID="string_73" HPOS="664" VPOS="441" WIDTH="153" HEIGHT="20" WC="0.93" CONTENT="sammansatta"/><SP WIDTH="26" VPOS="441" HPOS="817"/>
							<String ID="string_74" HPOS="843" VPOS="440" WIDTH="107" HEIGHT="21" WC="0.91" CONTENT="ekonomi-"/><SP WIDTH="24" VPOS="440" HPOS="950"/>
							<String ID="string_75" HPOS="974" VPOS="442" WIDTH="57" HEIGHT="19" WC="0.96" CONTENT="samt"/>
						</TextLine>
						<TextLine ID="line_9" HPOS="205" VPOS="467" WIDTH="826" HEIGHT="28">
							<String ID="string_76" HPOS="205" VPOS="470" WIDTH="65" HEIGHT="19" WC="0.91" CONTENT="stats-"/><SP WIDTH="20" VPOS="470" HPOS="270"/>
							<String ID="string_77" HPOS="290" VPOS="468" WIDTH="39" HEIGHT="21" WC="0.93" CONTENT="och"/><SP WIDTH="22" VPOS="468" HPOS="329"/>
							<String ID="string_78" HPOS="351" VPOS="467" WIDTH="230" HEIGHT="28" WC="0.91" CONTENT="bevillningsutskottet"/><SP WIDTH="20" VPOS="467" HPOS="581"/>
							<String ID="string_79" HPOS="601" VPOS="468" WIDTH="100" HEIGHT="22" WC="0.96" CONTENT="särskildt"/><SP WIDTH="19" VPOS="468" HPOS="701"/>
							<String ID="string_80" HPOS="720" VPOS="469" WIDTH="6" HEIGHT="20" WC="0.96" CONTENT="i"/><SP WIDTH="21" VPOS="469" HPOS="726"/>
							<String ID="string_81" HPOS="747" VPOS="468" WIDTH="73" HEIGHT="27" WC="0.93" CONTENT="frågan"/><SP WIDTH="22" VPOS="468" HPOS="820"/>
							<String ID="string_82" HPOS="842" VPOS="467" WIDTH="86" HEIGHT="28" WC="0.89" CONTENT="afgifvit,"/><SP WIDTH="23" VPOS="467" HPOS="928"/>
							<String ID="string_83" HPOS="951" VPOS="468" WIDTH="80" HEIGHT="21" WC="0.96" CONTENT="hvilket"/>
						</TextLine>
						<TextLine ID="line_10" HPOS="205" VPOS="496" WIDTH="825" HEIGHT="27">
							<String ID="string_84" HPOS="205" VPOS="496" WIDTH="136" HEIGHT="21" WC="0.90" CONTENT="betänkande"/><SP WIDTH="21" VPOS="496" HPOS="341"/>
							<String ID="string_85" HPOS="362" VPOS="496" WIDTH="109" HEIGHT="27" WC="0.90" CONTENT="bordlagts"/><SP WIDTH="15" VPOS="496" HPOS="471"/>
							<String ID="string_86" HPOS="486" VPOS="498" WIDTH="31" HEIGHT="20" WC="0.92" CONTENT="att"/><SP WIDTH="13" VPOS="498" HPOS="517"/>
							<String ID="string_87" HPOS="530" VPOS="497" WIDTH="78" HEIGHT="26" WC="0.92" CONTENT="jemväl"/><SP WIDTH="15" VPOS="497" HPOS="608"/>
							<String ID="string_88" HPOS="623" VPOS="497" WIDTH="7" HEIGHT="20" WC="0.96" CONTENT="i"/><SP WIDTH="16" VPOS="497" HPOS="630"/>
							<String ID="string_89" HPOS="646" VPOS="497" WIDTH="41" HEIGHT="26" WC="0.96" CONTENT="dag"/><SP WIDTH="16" VPOS="497" HPOS="687"/>
							<String ID="string_90" HPOS="703" VPOS="497" WIDTH="32" HEIGHT="21" WC="0.96" CONTENT="till"/><SP WIDTH="15" VPOS="497" HPOS="735"/>
							<String ID="string_91" HPOS="750" VPOS="496" WIDTH="128" HEIGHT="27" WC="0.95" CONTENT="behandling"/><SP WIDTH="15" VPOS="496" HPOS="878"/>
							<String ID="string_92" HPOS="893" VPOS="497" WIDTH="137" HEIGHT="21" WC="0.96" CONTENT="förekomma."/>
						</TextLine>
					</TextBlock>
				</ComposedBlock>
				<ComposedBlock ID="cblock_4" HPOS="204" VPOS="552" WIDTH="828" HEIGHT="142">
					<TextBlock ID="block_2" HPOS="204" VPOS="552" WIDTH="828" HEIGHT="142">
						<TextLine ID="line_11" HPOS="274" VPOS="552" WIDTH="757" HEIGHT="27">
							<String ID="string_93" HPOS="274" VPOS="552" WIDTH="56" HEIGHT="22" WC="0.95" CONTENT="Herr"/><SP WIDTH="27" VPOS="552" HPOS="330"/>
							<String ID="string_94" HPOS="357" VPOS="553" WIDTH="168" HEIGHT="21" WC="0.96" CONTENT="Talmannen"/><SP WIDTH="30" VPOS="553" HPOS="525"/>
							<String ID="string_95" HPOS="555" VPOS="553" WIDTH="99" HEIGHT="26" WC="0.93" CONTENT="föredrog"/><SP WIDTH="29" VPOS="553" HPOS="654"/>
							<String ID="string_96" HPOS="683" VPOS="553" WIDTH="172" HEIGHT="22" WC="0.91" CONTENT="Prestaståndets"/><SP WIDTH="29" VPOS="553" HPOS="855"/>
							<String ID="string_97" HPOS="884" VPOS="559" WIDTH="75" HEIGHT="20" WC="0.92" CONTENT="genom"/><SP WIDTH="30" VPOS="559" HPOS="959"/>
							<String ID="string_98" HPOS="989" VPOS="553" WIDTH="42" HEIGHT="21" WC="0.92" CONTENT="för-"/>
						</TextLine>
						<TextLine ID="line_12" HPOS="204" VPOS="581" WIDTH="826" HEIGHT="28">
							<String ID="string_99" HPOS="204" VPOS="581" WIDTH="100" HEIGHT="21" WC="0.92" CONTENT="bemälda"/><SP WIDTH="15" VPOS="581" HPOS="304"/>
							<String ID="string_100" HPOS="319" VPOS="581" WIDTH="123" HEIGHT="27" WC="0.92" CONTENT="deputation"/><SP WIDTH="16" VPOS="581" HPOS="442"/>
							<String ID="string_101" HPOS="458" VPOS="581" WIDTH="38" HEIGHT="22" WC="0.96" CONTENT="och"/><SP WIDTH="15" VPOS="581" HPOS="496"/>
							<String ID="string_102" HPOS="511" VPOS="583" WIDTH="7" HEIGHT="19" WC="0.96" CONTENT="i"/><SP WIDTH="15" VPOS="583" HPOS="518"/>
							<String ID="string_103" HPOS="533" VPOS="581" WIDTH="101" HEIGHT="22" WC="0.93" CONTENT="särskildt"/><SP WIDTH="10" VPOS="581" HPOS="634"/>
							<String ID="string_104" HPOS="644" VPOS="581" WIDTH="196" HEIGHT="28" WC="0.92" CONTENT="protokollsutdrag"/><SP WIDTH="11" VPOS="581" HPOS="840"/>
							<String ID="string_105" HPOS="851" VPOS="581" WIDTH="179" HEIGHT="27" WC="0.90" CONTENT="Borgareståndet"/>
						</TextLine>
						<TextLine ID="line_13" HPOS="204" VPOS="609" WIDTH="826" HEIGHT="28">
							<String ID="string_106" HPOS="204" VPOS="609" WIDTH="125" HEIGHT="22" WC="0.93" CONTENT="meddelade"/><SP WIDTH="23" VPOS="609" HPOS="329"/>
							<String ID="string_107" HPOS="352" VPOS="610" WIDTH="123" HEIGHT="27" WC="0.91" CONTENT="inbjudning"/><SP WIDTH="21" VPOS="610" HPOS="475"/>
							<String ID="string_108" HPOS="496" VPOS="612" WIDTH="31" HEIGHT="20" WC="0.96" CONTENT="att"/><SP WIDTH="19" VPOS="612" HPOS="527"/>
							<String ID="string_109" HPOS="546" VPOS="610" WIDTH="73" HEIGHT="21" WC="0.96" CONTENT="förena"/><SP WIDTH="16" VPOS="610" HPOS="619"/>
							<String ID="string_110" HPOS="635" VPOS="610" WIDTH="31" HEIGHT="27" WC="0.95" CONTENT="sig"/><SP WIDTH="16" VPOS="610" HPOS="666"/>
							<String ID="string_111" HPOS="682" VPOS="610" WIDTH="5" HEIGHT="21" WC="0.96" CONTENT="i"/><SP WIDTH="17" VPOS="610" HPOS="687"/>
							<String ID="string_112" HPOS="704" VPOS="617" WIDTH="24" HEIGHT="15" WC="0.93" CONTENT="en"/><SP WIDTH="17" VPOS="617" HPOS="728"/>
							<String ID="string_113" HPOS="745" VPOS="610" WIDTH="131" HEIGHT="27" WC="0.92" CONTENT="underdånig"/><SP WIDTH="15" VPOS="610" HPOS="876"/>
							<String ID="string_114" HPOS="891" VPOS="610" WIDTH="89" HEIGHT="27" WC="0.96" CONTENT="petition"/><SP WIDTH="16" VPOS="610" HPOS="980"/>
							<String ID="string_115" HPOS="996" VPOS="616" WIDTH="34" HEIGHT="14" WC="0.96" CONTENT="om"/>
						</TextLine>
						<TextLine ID="line_14" HPOS="204" VPOS="638" WIDTH="828" HEIGHT="26">
							<String ID="string_116" HPOS="204" VPOS="638" WIDTH="121" HEIGHT="21" WC="0.95" CONTENT="inrättande"/><SP WIDTH="22" VPOS="638" HPOS="325"/>
							<String ID="string_117" HPOS="347" VPOS="638" WIDTH="22" HEIGHT="21" WC="0.96" CONTENT="af"/><SP WIDTH="19" VPOS="638" HPOS="369"/>
							<String ID="string_118" HPOS="388" VPOS="644" WIDTH="26" HEIGHT="15" WC="0.96" CONTENT="en"/><SP WIDTH="20" VPOS="644" HPOS="414"/>
							<String ID="string_119" HPOS="434" VPOS="639" WIDTH="60" HEIGHT="21" WC="0.96" CONTENT="skola"/><SP WIDTH="21" VPOS="639" HPOS="494"/>
							<String ID="string_120" HPOS="515" VPOS="639" WIDTH="32" HEIGHT="21" WC="0.96" CONTENT="för"/><SP WIDTH="22" VPOS="639" HPOS="547"/>
							<String ID="string_121" HPOS="569" VPOS="638" WIDTH="79" HEIGHT="26" WC="0.95" CONTENT="blinda,"/><SP WIDTH="22" VPOS="638" HPOS="648"/>
							<String ID="string_122" HPOS="670" VPOS="638" WIDTH="68" HEIGHT="22" WC="0.96" CONTENT="finska"/><SP WIDTH="15" VPOS="638" HPOS="738"/>
							<String ID="string_123" HPOS="753" VPOS="638" WIDTH="86" HEIGHT="22" WC="0.96" CONTENT="talande"/><SP WIDTH="16" VPOS="638" HPOS="839"/>
							<String ID="string_124" HPOS="855" VPOS="639" WIDTH="62" HEIGHT="25" WC="0.96" CONTENT="barn;"/><SP WIDTH="16" VPOS="639" HPOS="917"/>
							<String ID="string_125" HPOS="933" VPOS="638" WIDTH="38" HEIGHT="22" WC="0.96" CONTENT="och"/><SP WIDTH="17" VPOS="638" HPOS="971"/>
							<String ID="string_126" HPOS="988" VPOS="638" WIDTH="44" HEIGHT="22" WC="0.96" CONTENT="blef"/>
						</TextLine>
						<TextLine ID="line_15" HPOS="204" VPOS="666" WIDTH="826" HEIGHT="28">
							<String ID="string_127" HPOS="204" VPOS="666" WIDTH="81" HEIGHT="26" WC="0.96" CONTENT="frågan,"/><SP WIDTH="16" VPOS="666" HPOS="285"/>
							<String ID="string_128" HPOS="301" VPOS="667" WIDTH="27" HEIGHT="26" WC="0.96" CONTENT="på"/><SP WIDTH="15" VPOS="667" HPOS="328"/>
							<String ID="string_129" HPOS="343" VPOS="667" WIDTH="73" HEIGHT="21" WC="0.95" CONTENT="derom"/><SP WIDTH="15" VPOS="667" HPOS="416"/>
							<String ID="string_130" HPOS="431" VPOS="667" WIDTH="116" HEIGHT="21" WC="0.95" CONTENT="framställd"/><SP WIDTH="14" VPOS="667" HPOS="547"/>
							<String ID="string_131" HPOS="561" VPOS="668" WIDTH="137" HEIGHT="26" WC="0.96" CONTENT="proposition,"/><SP WIDTH="12" VPOS="668" HPOS="698"/>
							<String ID="string_132" HPOS="710" VPOS="667" WIDTH="32" HEIGHT="21" WC="0.96" CONTENT="till"/><SP WIDTH="11" VPOS="667" HPOS="742"/>
							<String ID="string_133" HPOS="753" VPOS="669" WIDTH="60" HEIGHT="19" WC="0.96" CONTENT="nästa"/><SP WIDTH="11" VPOS="669" HPOS="813"/>
							<String ID="string_134" HPOS="824" VPOS="668" WIDTH="84" HEIGHT="26" WC="0.93" CONTENT="plenum"/><SP WIDTH="12" VPOS="668" HPOS="908"/>
							<String ID="string_135" HPOS="920" VPOS="666" WIDTH="110" HEIGHT="27" WC="0.91" CONTENT="bordlagd."/>
						</TextLine>
					</TextBlock>
				</ComposedBlock>
				<ComposedBlock ID="cblock_5" HPOS="203" VPOS="722" WIDTH="827" HEIGHT="255">
					<TextBlock ID="block_3" HPOS="203" VPOS="722" WIDTH="827" HEIGHT="255">
						<TextLine ID="line_16" HPOS="273" VPOS="722" WIDTH="757" HEIGHT="28">
							<String ID="string_136" HPOS="273" VPOS="722" WIDTH="120" HEIGHT="28" WC="0.96" CONTENT="Föredrogs"/><SP WIDTH="16" VPOS="722" HPOS="393"/>
							<String ID="string_137" HPOS="409" VPOS="725" WIDTH="151" HEIGHT="19" WC="0.93" CONTENT="sammansatta"/><SP WIDTH="16" VPOS="725" HPOS="560"/>
							<String ID="string_138" HPOS="576" VPOS="724" WIDTH="106" HEIGHT="21" WC="0.91" CONTENT="ekonomi-"/><SP WIDTH="15" VPOS="724" HPOS="682"/>
							<String ID="string_139" HPOS="697" VPOS="725" WIDTH="56" HEIGHT="20" WC="0.93" CONTENT="samt"/><SP WIDTH="15" VPOS="725" HPOS="753"/>
							<String ID="string_140" HPOS="768" VPOS="725" WIDTH="61" HEIGHT="20" WC="0.89" CONTENT="stats-"/><SP WIDTH="18" VPOS="725" HPOS="829"/>
							<String ID="string_141" HPOS="847" VPOS="723" WIDTH="39" HEIGHT="21" WC="0.93" CONTENT="och"/><SP WIDTH="11" VPOS="723" HPOS="886"/>
							<String ID="string_142" HPOS="897" VPOS="723" WIDTH="133" HEIGHT="27" WC="0.92" CONTENT="bevillnings-"/>
						</TextLine>
						<TextLine ID="line_17" HPOS="205" VPOS="750" WIDTH="825" HEIGHT="28">
							<String ID="string_143" HPOS="205" VPOS="750" WIDTH="116" HEIGHT="22" WC="0.93" CONTENT="utskottets"/><SP WIDTH="16" VPOS="750" HPOS="321"/>
							<String ID="string_144" HPOS="337" VPOS="751" WIDTH="153" HEIGHT="22" WC="0.90" CONTENT="ofvannämnda"/><SP WIDTH="15" VPOS="751" HPOS="490"/>
							<String ID="string_145" HPOS="505" VPOS="752" WIDTH="134" HEIGHT="21" WC="0.96" CONTENT="betänkande"/><SP WIDTH="17" VPOS="752" HPOS="639"/>
							<String ID="string_146" HPOS="656" VPOS="752" WIDTH="6" HEIGHT="20" WC="0.96" CONTENT="i"/><SP WIDTH="15" VPOS="752" HPOS="662"/>
							<String ID="string_147" HPOS="677" VPOS="752" WIDTH="114" HEIGHT="26" WC="0.96" CONTENT="anledning"/><SP WIDTH="15" VPOS="752" HPOS="791"/>
							<String ID="string_148" HPOS="806" VPOS="752" WIDTH="22" HEIGHT="21" WC="0.96" CONTENT="af"/><SP WIDTH="15" VPOS="752" HPOS="828"/>
							<String ID="string_149" HPOS="843" VPOS="751" WIDTH="76" HEIGHT="27" WC="0.93" CONTENT="nådiga"/><SP WIDTH="16" VPOS="751" HPOS="919"/>
							<String ID="string_150" HPOS="935" VPOS="752" WIDTH="95" HEIGHT="26" WC="0.92" CONTENT="proposi-"/>
						</TextLine>
						<TextLine ID="line_18" HPOS="204" VPOS="780" WIDTH="826" HEIGHT="27">
							<String ID="string_151" HPOS="204" VPOS="780" WIDTH="73" HEIGHT="20" WC="0.96" CONTENT="tionen"/><SP WIDTH="23" VPOS="780" HPOS="277"/>
							<String ID="string_152" HPOS="300" VPOS="780" WIDTH="109" HEIGHT="26" WC="0.96" CONTENT="angående"/><SP WIDTH="20" VPOS="780" HPOS="409"/>
							<String ID="string_153" HPOS="429" VPOS="780" WIDTH="118" HEIGHT="21" WC="0.96" CONTENT="ordnandet"/><SP WIDTH="15" VPOS="780" HPOS="547"/>
							<String ID="string_154" HPOS="562" VPOS="780" WIDTH="23" HEIGHT="21" WC="0.93" CONTENT="af"/><SP WIDTH="13" VPOS="780" HPOS="585"/>
							<String ID="string_155" HPOS="598" VPOS="780" WIDTH="189" HEIGHT="27" WC="0.92" CONTENT="skjutshållningen"/><SP WIDTH="16" VPOS="780" HPOS="787"/>
							<String ID="string_156" HPOS="803" VPOS="780" WIDTH="40" HEIGHT="21" WC="0.93" CONTENT="och"/><SP WIDTH="15" VPOS="780" HPOS="843"/>
							<String ID="string_157" HPOS="858" VPOS="780" WIDTH="172" HEIGHT="26" WC="0.92" CONTENT="gästgifverierne"/>
						</TextLine>
						<TextLine ID="line_19" HPOS="204" VPOS="808" WIDTH="826" HEIGHT="28">
							<String ID="string_158" HPOS="204" VPOS="809" WIDTH="56" HEIGHT="20" WC="0.93" CONTENT="samt"/><SP WIDTH="23" VPOS="809" HPOS="260"/>
							<String ID="string_159" HPOS="283" VPOS="810" WIDTH="50" HEIGHT="24" WC="0.91" CONTENT="väg-"/><SP WIDTH="22" VPOS="810" HPOS="333"/>
							<String ID="string_160" HPOS="355" VPOS="808" WIDTH="39" HEIGHT="21" WC="0.92" CONTENT="och"/><SP WIDTH="23" VPOS="808" HPOS="394"/>
							<String ID="string_161" HPOS="417" VPOS="808" WIDTH="170" HEIGHT="28" WC="0.91" CONTENT="brobyggnaden,"/><SP WIDTH="24" VPOS="808" HPOS="587"/>
							<String ID="string_162" HPOS="611" VPOS="808" WIDTH="87" HEIGHT="22" WC="0.96" CONTENT="hvarvid"/><SP WIDTH="22" VPOS="808" HPOS="698"/>
							<String ID="string_163" HPOS="720" VPOS="808" WIDTH="54" HEIGHT="22" WC="0.96" CONTENT="först"/><SP WIDTH="22" VPOS="808" HPOS="774"/>
							<String ID="string_164" HPOS="796" VPOS="808" WIDTH="33" HEIGHT="21" WC="0.96" CONTENT="till"/><SP WIDTH="14" VPOS="808" HPOS="829"/>
							<String ID="string_165" HPOS="843" VPOS="809" WIDTH="76" HEIGHT="26" WC="0.96" CONTENT="åtgärd"/><SP WIDTH="15" VPOS="809" HPOS="919"/>
							<String ID="string_166" HPOS="934" VPOS="808" WIDTH="96" HEIGHT="22" WC="0.96" CONTENT="förekom"/>
						</TextLine>
						<TextLine ID="line_20" HPOS="203" VPOS="836" WIDTH="827" HEIGHT="28">
							<String ID="string_167" HPOS="203" VPOS="836" WIDTH="117" HEIGHT="22" WC="0.96" CONTENT="utskottets"/><SP WIDTH="23" VPOS="836" HPOS="320"/>
							<String ID="string_168" HPOS="343" VPOS="836" WIDTH="125" HEIGHT="22" WC="0.96" CONTENT="hemställan"/><SP WIDTH="23" VPOS="836" HPOS="468"/>
							<String ID="string_169" HPOS="491" VPOS="839" WIDTH="32" HEIGHT="19" WC="0.93" CONTENT="att"/><SP WIDTH="15" VPOS="839" HPOS="523"/>
							<String ID="string_170" HPOS="538" VPOS="837" WIDTH="113" HEIGHT="21" WC="0.92" CONTENT="ständerne"/><SP WIDTH="16" VPOS="837" HPOS="651"/>
							<String ID="string_171" HPOS="667" VPOS="838" WIDTH="73" HEIGHT="25" WC="0.96" CONTENT="måtte,"/><SP WIDTH="17" VPOS="838" HPOS="740"/>
							<String ID="string_172" HPOS="757" VPOS="838" WIDTH="26" HEIGHT="26" WC="0.96" CONTENT="på"/><SP WIDTH="16" VPOS="838" HPOS="783"/>
							<String ID="string_173" HPOS="799" VPOS="839" WIDTH="108" HEIGHT="25" WC="0.96" CONTENT="upptagna"/><SP WIDTH="15" VPOS="839" HPOS="907"/>
							<String ID="string_174" HPOS="922" VPOS="836" WIDTH="52" HEIGHT="24" WC="0.96" CONTENT="skäl,"/><SP WIDTH="16" VPOS="836" HPOS="974"/>
							<String ID="string_175" HPOS="990" VPOS="836" WIDTH="40" HEIGHT="22" WC="0.96" CONTENT="hos"/>
						</TextLine>
						<TextLine ID="line_21" HPOS="203" VPOS="864" WIDTH="827" HEIGHT="28">
							<String ID="string_176" HPOS="203" VPOS="864" WIDTH="61" HEIGHT="22" WC="0.96" CONTENT="Hans"/><SP WIDTH="21" VPOS="864" HPOS="264"/>
							<String ID="string_177" HPOS="285" VPOS="864" WIDTH="118" HEIGHT="27" WC="0.95" CONTENT="Kejserliga"/><SP WIDTH="23" VPOS="864" HPOS="403"/>
							<String ID="string_178" HPOS="426" VPOS="865" WIDTH="99" HEIGHT="27" WC="0.96" CONTENT="Majestät"/><SP WIDTH="15" VPOS="865" HPOS="525"/>
							<String ID="string_179" HPOS="540" VPOS="866" WIDTH="6" HEIGHT="20" WC="0.92" CONTENT="i"/><SP WIDTH="16" VPOS="866" HPOS="546"/>
							<String ID="string_180" HPOS="562" VPOS="865" WIDTH="169" HEIGHT="27" WC="0.91" CONTENT="underdånighet"/><SP WIDTH="23" VPOS="865" HPOS="731"/>
							<String ID="string_181" HPOS="754" VPOS="865" WIDTH="85" HEIGHT="22" WC="0.96" CONTENT="anhålla"/><SP WIDTH="22" VPOS="865" HPOS="839"/>
							<String ID="string_182" HPOS="861" VPOS="867" WIDTH="32" HEIGHT="19" WC="0.96" CONTENT="att"/><SP WIDTH="22" VPOS="867" HPOS="893"/>
							<String ID="string_183" HPOS="915" VPOS="865" WIDTH="115" HEIGHT="21" WC="0.96" CONTENT="ständerna"/>
						</TextLine>
						<TextLine ID="line_22" HPOS="203" VPOS="892" WIDTH="827" HEIGHT="28">
							<String ID="string_184" HPOS="203" VPOS="892" WIDTH="81" HEIGHT="22" WC="0.91" CONTENT="lemnas"/><SP WIDTH="23" VPOS="892" HPOS="284"/>
							<String ID="string_185" HPOS="307" VPOS="892" WIDTH="82" HEIGHT="22" WC="0.96" CONTENT="tillfälle"/><SP WIDTH="20" VPOS="892" HPOS="389"/>
							<String ID="string_186" HPOS="409" VPOS="895" WIDTH="32" HEIGHT="19" WC="0.96" CONTENT="att"/><SP WIDTH="14" VPOS="895" HPOS="441"/>
							<String ID="string_187" HPOS="455" VPOS="894" WIDTH="6" HEIGHT="19" WC="0.93" CONTENT="i"/><SP WIDTH="15" VPOS="894" HPOS="461"/>
							<String ID="string_188" HPOS="476" VPOS="894" WIDTH="172" HEIGHT="26" WC="0.90" CONTENT="grundlagsenlig"/><SP WIDTH="21" VPOS="894" HPOS="648"/>
							<String ID="string_189" HPOS="669" VPOS="896" WIDTH="40" HEIGHT="24" WC="0.96" CONTENT="väg"/><SP WIDTH="16" VPOS="896" HPOS="709"/>
							<String ID="string_190" HPOS="725" VPOS="894" WIDTH="84" HEIGHT="26" WC="0.96" CONTENT="deltaga"/><SP WIDTH="15" VPOS="894" HPOS="809"/>
							<String ID="string_191" HPOS="824" VPOS="894" WIDTH="31" HEIGHT="21" WC="0.96" CONTENT="uti"/><SP WIDTH="15" VPOS="894" HPOS="855"/>
							<String ID="string_192" HPOS="870" VPOS="893" WIDTH="160" HEIGHT="26" WC="0.96" CONTENT="ifrågavarande"/>
						</TextLine>
						<TextLine ID="line_23" HPOS="203" VPOS="920" WIDTH="826" HEIGHT="29">
							<String ID="string_193" HPOS="203" VPOS="920" WIDTH="138" HEIGHT="27" WC="0.95" CONTENT="lagstiftning,"/><SP WIDTH="22" VPOS="920" HPOS="341"/>
							<String ID="string_194" HPOS="363" VPOS="921" WIDTH="61" HEIGHT="21" WC="0.93" CONTENT="äfven"/><SP WIDTH="24" VPOS="921" HPOS="424"/>
							<String ID="string_195" HPOS="448" VPOS="922" WIDTH="68" HEIGHT="21" WC="0.91" CONTENT="såvidt"/><SP WIDTH="25" VPOS="922" HPOS="516"/>
							<String ID="string_196" HPOS="541" VPOS="923" WIDTH="26" HEIGHT="20" WC="0.96" CONTENT="de"/><SP WIDTH="24" VPOS="923" HPOS="567"/>
							<String ID="string_197" HPOS="591" VPOS="921" WIDTH="119" HEIGHT="27" WC="0.94" CONTENT="föreslagna"/><SP WIDTH="22" VPOS="921" HPOS="710"/>
							<String ID="string_198" HPOS="732" VPOS="921" WIDTH="140" HEIGHT="28" WC="0.96" CONTENT="lagförslagen"/><SP WIDTH="27" VPOS="921" HPOS="872"/>
							<String ID="string_199" HPOS="899" VPOS="922" WIDTH="73" HEIGHT="21" WC="0.96" CONTENT="endast"/><SP WIDTH="25" VPOS="922" HPOS="972"/>
							<String ID="string_200" HPOS="997" VPOS="921" WIDTH="32" HEIGHT="21" WC="0.96" CONTENT="till"/>
						</TextLine>
						<TextLine ID="line_24" HPOS="203" VPOS="949" WIDTH="370" HEIGHT="28">
							<String ID="string_201" HPOS="203" VPOS="949" WIDTH="126" HEIGHT="22" WC="0.96" CONTENT="ständernas"/><SP WIDTH="14" VPOS="949" HPOS="329"/>
							<String ID="string_202" HPOS="343" VPOS="949" WIDTH="99" HEIGHT="28" WC="0.93" CONTENT="yttrande"/><SP WIDTH="16" VPOS="949" HPOS="442"/>
							<String ID="string_203" HPOS="458" VPOS="949" WIDTH="115" HEIGHT="22" WC="0.90" CONTENT="aflemnats."/>
						</TextLine>
					</TextBlock>
				</ComposedBlock>
				<ComposedBlock ID="cblock_6" HPOS="202" VPOS="1005" WIDTH="828" HEIGHT="164">
					<TextBlock ID="block_4" HPOS="202" VPOS="1005" WIDTH="828" HEIGHT="164">
						<TextLine ID="line_25" HPOS="273" VPOS="1005" WIDTH="757" HEIGHT="29">
							<String ID="string_204" HPOS="273" VPOS="1005" WIDTH="56" HEIGHT="22" WC="0.93" CONTENT="Herr"/><SP WIDTH="22" VPOS="1005" HPOS="329"/>
							<String ID="string_205" HPOS="351" VPOS="1006" WIDTH="103" HEIGHT="27" WC="0.91" CONTENT="Östring"/><SP WIDTH="22" VPOS="1006" HPOS="454"/>
							<String ID="string_206" HPOS="476" VPOS="1007" WIDTH="91" HEIGHT="26" WC="0.95" CONTENT="begärde"/><SP WIDTH="22" VPOS="1007" HPOS="567"/>
							<String ID="string_207" HPOS="589" VPOS="1007" WIDTH="61" HEIGHT="21" WC="0.96" CONTENT="ordet"/><SP WIDTH="22" VPOS="1007" HPOS="650"/>
							<String ID="string_208" HPOS="672" VPOS="1007" WIDTH="39" HEIGHT="21" WC="0.93" CONTENT="och"/><SP WIDTH="21" VPOS="1007" HPOS="711"/>
							<String ID="string_209" HPOS="732" VPOS="1007" WIDTH="115" HEIGHT="27" WC="0.91" CONTENT="tillstyrkte"/><SP WIDTH="16" VPOS="1007" HPOS="847"/>
							<String ID="string_210" HPOS="863" VPOS="1008" WIDTH="38" HEIGHT="23" WC="0.96" CONTENT="att,"/><SP WIDTH="16" VPOS="1008" HPOS="901"/>
							<String ID="string_211" HPOS="917" VPOS="1006" WIDTH="71" HEIGHT="22" WC="0.96" CONTENT="såvida"/><SP WIDTH="16" VPOS="1006" HPOS="988"/>
							<String ID="string_212" HPOS="1004" VPOS="1006" WIDTH="26" HEIGHT="21" WC="0.95" CONTENT="de"/>
						</TextLine>
						<TextLine ID="line_26" HPOS="203" VPOS="1034" WIDTH="826" HEIGHT="28">
							<String ID="string_213" HPOS="203" VPOS="1040" WIDTH="29" HEIGHT="15" WC="0.94" CONTENT="nu"/><SP WIDTH="24" VPOS="1040" HPOS="232"/>
							<String ID="string_214" HPOS="256" VPOS="1034" WIDTH="98" HEIGHT="27" WC="0.93" CONTENT="gällande"/><SP WIDTH="21" VPOS="1034" HPOS="354"/>
							<String ID="string_215" HPOS="375" VPOS="1034" WIDTH="183" HEIGHT="28" WC="0.92" CONTENT="bestämningarne"/><SP WIDTH="21" VPOS="1034" HPOS="558"/>
							<String ID="string_216" HPOS="579" VPOS="1035" WIDTH="109" HEIGHT="27" WC="0.93" CONTENT="angående"/><SP WIDTH="19" VPOS="1035" HPOS="688"/>
							<String ID="string_217" HPOS="707" VPOS="1035" WIDTH="78" HEIGHT="27" WC="0.93" CONTENT="skjuts-"/><SP WIDTH="16" VPOS="1035" HPOS="785"/>
							<String ID="string_218" HPOS="801" VPOS="1035" WIDTH="38" HEIGHT="21" WC="0.93" CONTENT="och"/><SP WIDTH="16" VPOS="1035" HPOS="839"/>
							<String ID="string_219" HPOS="855" VPOS="1034" WIDTH="174" HEIGHT="27" WC="0.91" CONTENT="gästgifverihåll-"/>
						</TextLine>
						<TextLine ID="line_27" HPOS="203" VPOS="1063" WIDTH="826" HEIGHT="28">
							<String ID="string_220" HPOS="203" VPOS="1063" WIDTH="77" HEIGHT="26" WC="0.95" CONTENT="ningen"/><SP WIDTH="22" VPOS="1063" HPOS="280"/>
							<String ID="string_221" HPOS="302" VPOS="1065" WIDTH="55" HEIGHT="18" WC="0.93" CONTENT="samt"/><SP WIDTH="21" VPOS="1065" HPOS="357"/>
							<String ID="string_222" HPOS="378" VPOS="1065" WIDTH="50" HEIGHT="25" WC="0.92" CONTENT="väg-"/><SP WIDTH="23" VPOS="1065" HPOS="428"/>
							<String ID="string_223" HPOS="451" VPOS="1063" WIDTH="38" HEIGHT="22" WC="0.91" CONTENT="och"/><SP WIDTH="23" VPOS="1063" HPOS="489"/>
							<String ID="string_224" HPOS="512" VPOS="1063" WIDTH="164" HEIGHT="28" WC="0.91" CONTENT="brobyggnaden"/><SP WIDTH="22" VPOS="1063" HPOS="676"/>
							<String ID="string_225" HPOS="698" VPOS="1063" WIDTH="90" HEIGHT="28" WC="0.96" CONTENT="ingått"/><SP WIDTH="-7" VPOS="1063" HPOS="788"/>
							<String ID="string_226" HPOS="781" VPOS="1059" WIDTH="15" HEIGHT="36" WC="0.95" CONTENT="i"/><SP WIDTH="9" VPOS="1059" HPOS="796"/>
							<String ID="string_227" HPOS="805" VPOS="1064" WIDTH="55" HEIGHT="21" WC="0.96" CONTENT="1734"/><SP WIDTH="23" VPOS="1064" HPOS="860"/>
							<String ID="string_228" HPOS="883" VPOS="1064" WIDTH="34" HEIGHT="21" WC="0.95" CONTENT="års"/><SP WIDTH="22" VPOS="1064" HPOS="917"/>
							<String ID="string_229" HPOS="939" VPOS="1063" WIDTH="35" HEIGHT="27" WC="0.96" CONTENT="lag"/><SP WIDTH="15" VPOS="1063" HPOS="974"/>
							<String ID="string_230" HPOS="989" VPOS="1063" WIDTH="40" HEIGHT="22" WC="0.96" CONTENT="och"/>
						</TextLine>
						<TextLine ID="line_28" HPOS="203" VPOS="1090" WIDTH="826" HEIGHT="29">
							<String ID="string_231" HPOS="203" VPOS="1091" WIDTH="67" HEIGHT="22" WC="0.95" CONTENT="andra"/><SP WIDTH="23" VPOS="1091" HPOS="270"/>
							<String ID="string_232" HPOS="293" VPOS="1090" WIDTH="153" HEIGHT="28" WC="0.95" CONTENT="författningar,"/><SP WIDTH="24" VPOS="1090" HPOS="446"/>
							<String ID="string_233" HPOS="470" VPOS="1098" WIDTH="45" HEIGHT="15" WC="0.96" CONTENT="som"/><SP WIDTH="22" VPOS="1098" HPOS="515"/>
							<String ID="string_234" HPOS="537" VPOS="1092" WIDTH="123" HEIGHT="21" WC="0.96" CONTENT="tillkommit"/><SP WIDTH="21" VPOS="1092" HPOS="660"/>
							<String ID="string_235" HPOS="681" VPOS="1099" WIDTH="77" HEIGHT="20" WC="0.95" CONTENT="genom"/><SP WIDTH="21" VPOS="1099" HPOS="758"/>
							<String ID="string_236" HPOS="779" VPOS="1092" WIDTH="126" HEIGHT="21" WC="0.95" CONTENT="samverkan"/><SP WIDTH="14" VPOS="1092" HPOS="905"/>
							<String ID="string_237" HPOS="919" VPOS="1091" WIDTH="21" HEIGHT="22" WC="0.96" CONTENT="af"/><SP WIDTH="15" VPOS="1091" HPOS="940"/>
							<String ID="string_238" HPOS="955" VPOS="1093" WIDTH="74" HEIGHT="25" WC="0.96" CONTENT="regent"/>
						</TextLine>
						<TextLine ID="line_29" HPOS="202" VPOS="1119" WIDTH="827" HEIGHT="50">
							<String ID="string_239" HPOS="202" VPOS="1119" WIDTH="76" HEIGHT="50" WC="0.10" CONTENT="un."/><SP WIDTH="14" VPOS="1119" HPOS="278"/>
							<String ID="string_240" HPOS="292" VPOS="1119" WIDTH="69" HEIGHT="26" WC="0.61" CONTENT="Ander,"/><SP WIDTH="30" VPOS="1119" HPOS="361"/>
							<String ID="string_241" HPOS="391" VPOS="1119" WIDTH="114" HEIGHT="23" WC="0.90" CONTENT="utskottets"/><SP WIDTH="30" VPOS="1119" HPOS="505"/>
							<String ID="string_242" HPOS="535" VPOS="1121" WIDTH="140" HEIGHT="21" WC="0.90" CONTENT="omförmälda"/><SP WIDTH="29" VPOS="1121" HPOS="675"/>
							<String ID="string_243" HPOS="704" VPOS="1121" WIDTH="80" HEIGHT="26" WC="0.92" CONTENT="förslag"/><SP WIDTH="24" VPOS="1121" HPOS="784"/>
							<String ID="string_244" HPOS="808" VPOS="1121" WIDTH="67" HEIGHT="20" WC="0.96" CONTENT="måtte"/><SP WIDTH="25" VPOS="1121" HPOS="875"/>
							<String ID="string_245" HPOS="900" VPOS="1120" WIDTH="22" HEIGHT="21" WC="0.96" CONTENT="af"/><SP WIDTH="22" VPOS="1120" HPOS="922"/>
							<String ID="string_246" HPOS="944" VPOS="1120" WIDTH="85" HEIGHT="21" WC="0.96" CONTENT="ståndet"/>
						</TextLine>
						<TextLine ID="line_30" HPOS="218" VPOS="1154" WIDTH="74" HEIGHT="15">
							<String ID="string_247" HPOS="218" VPOS="1154" WIDTH="74" HEIGHT="15" WC="0.91" CONTENT="ifallas."/>
						</TextLine>
					</TextBlock>
				</ComposedBlock>
				<ComposedBlock ID="cblock_7" HPOS="203" VPOS="1204" WIDTH="827" HEIGHT="114">
					<TextBlock ID="block_5" HPOS="203" VPOS="1204" WIDTH="827" HEIGHT="114">
						<TextLine ID="line_31" HPOS="272" VPOS="1204" WIDTH="758" HEIGHT="28">
							<String ID="string_248" HPOS="272" VPOS="1204" WIDTH="31" HEIGHT="22" WC="0.96" CONTENT="På"/><SP WIDTH="15" VPOS="1204" HPOS="303"/>
							<String ID="string_249" HPOS="318" VPOS="1204" WIDTH="57" HEIGHT="22" WC="0.93" CONTENT="Herr"/><SP WIDTH="14" VPOS="1204" HPOS="375"/>
							<String ID="string_250" HPOS="389" VPOS="1204" WIDTH="168" HEIGHT="23" WC="0.91" CONTENT="Talmannens"/><SP WIDTH="15" VPOS="1204" HPOS="557"/>
							<String ID="string_251" HPOS="572" VPOS="1205" WIDTH="52" HEIGHT="23" WC="0.92" CONTENT="härå"/><SP WIDTH="14" VPOS="1205" HPOS="624"/>
							<String ID="string_252" HPOS="638" VPOS="1205" WIDTH="133" HEIGHT="22" WC="0.96" CONTENT="framställda"/><SP WIDTH="14" VPOS="1205" HPOS="771"/>
							<String ID="string_253" HPOS="785" VPOS="1205" WIDTH="131" HEIGHT="27" WC="0.96" CONTENT="proposition"/><SP WIDTH="17" VPOS="1205" HPOS="916"/>
							<String ID="string_254" HPOS="933" VPOS="1205" WIDTH="97" HEIGHT="21" WC="0.95" CONTENT="biträdde"/>
						</TextLine>
						<TextLine ID="line_32" HPOS="203" VPOS="1232" WIDTH="827" HEIGHT="28">
							<String ID="string_255" HPOS="203" VPOS="1233" WIDTH="86" HEIGHT="21" WC="0.96" CONTENT="ståndet"/><SP WIDTH="15" VPOS="1233" HPOS="289"/>
							<String ID="string_256" HPOS="304" VPOS="1232" WIDTH="101" HEIGHT="28" WC="0.96" CONTENT="enhälligt"/><SP WIDTH="16" VPOS="1232" HPOS="405"/>
							<String ID="string_257" HPOS="421" VPOS="1234" WIDTH="114" HEIGHT="22" WC="0.93" CONTENT="utskottets"/><SP WIDTH="16" VPOS="1234" HPOS="535"/>
							<String ID="string_258" HPOS="551" VPOS="1234" WIDTH="123" HEIGHT="22" WC="0.92" CONTENT="förberörda"/><SP WIDTH="11" VPOS="1234" HPOS="674"/>
							<String ID="string_259" HPOS="685" VPOS="1234" WIDTH="137" HEIGHT="26" WC="0.95" CONTENT="hemställan;"/><SP WIDTH="17" VPOS="1234" HPOS="822"/>
							<String ID="string_260" HPOS="839" VPOS="1234" WIDTH="106" HEIGHT="21" WC="0.92" CONTENT="hvarefter"/><SP WIDTH="10" VPOS="1234" HPOS="945"/>
							<String ID="string_261" HPOS="955" VPOS="1234" WIDTH="75" HEIGHT="22" WC="0.92" CONTENT="skreds"/>
						</TextLine>
						<TextLine ID="line_33" HPOS="203" VPOS="1260" WIDTH="827" HEIGHT="29">
							<String ID="string_262" HPOS="203" VPOS="1260" WIDTH="32" HEIGHT="22" WC="0.96" CONTENT="till"/><SP WIDTH="15" VPOS="1260" HPOS="235"/>
							<String ID="string_263" HPOS="250" VPOS="1261" WIDTH="129" HEIGHT="27" WC="0.96" CONTENT="granskning"/><SP WIDTH="16" VPOS="1261" HPOS="379"/>
							<String ID="string_264" HPOS="395" VPOS="1261" WIDTH="22" HEIGHT="21" WC="0.96" CONTENT="af"/><SP WIDTH="14" VPOS="1261" HPOS="417"/>
							<String ID="string_265" HPOS="431" VPOS="1261" WIDTH="100" HEIGHT="28" WC="0.96" CONTENT="förslaget"/><SP WIDTH="10" VPOS="1261" HPOS="531"/>
							<String ID="string_266" HPOS="541" VPOS="1262" WIDTH="32" HEIGHT="22" WC="0.96" CONTENT="till"/><SP WIDTH="10" VPOS="1262" HPOS="573"/>
							<String ID="string_267" HPOS="583" VPOS="1263" WIDTH="125" HEIGHT="26" WC="0.96" CONTENT="förordning"/><SP WIDTH="12" VPOS="1263" HPOS="708"/>
							<String ID="string_268" HPOS="720" VPOS="1262" WIDTH="109" HEIGHT="27" WC="0.93" CONTENT="angående"/><SP WIDTH="11" VPOS="1262" HPOS="829"/>
							<String ID="string_269" HPOS="840" VPOS="1262" WIDTH="190" HEIGHT="27" WC="0.89" CONTENT="skjutshållningen"/>
						</TextLine>
						<TextLine ID="line_34" HPOS="203" VPOS="1288" WIDTH="555" HEIGHT="30">
							<String ID="string_270" HPOS="203" VPOS="1289" WIDTH="40" HEIGHT="21" WC="0.93" CONTENT="och"/><SP WIDTH="15" VPOS="1289" HPOS="243"/>
							<String ID="string_271" HPOS="258" VPOS="1288" WIDTH="179" HEIGHT="28" WC="0.92" CONTENT="gästgifverierne,"/><SP WIDTH="17" VPOS="1288" HPOS="437"/>
							<String ID="string_272" HPOS="454" VPOS="1290" WIDTH="72" HEIGHT="22" WC="0.92" CONTENT="dervid"/><SP WIDTH="15" VPOS="1290" HPOS="526"/>
							<String ID="string_273" HPOS="541" VPOS="1290" WIDTH="70" HEIGHT="28" WC="0.92" CONTENT="aflopp"/><SP WIDTH="15" VPOS="1290" HPOS="611"/>
							<String ID="string_274" HPOS="626" VPOS="1297" WIDTH="46" HEIGHT="15" WC="0.96" CONTENT="som"/><SP WIDTH="15" VPOS="1297" HPOS="672"/>
							<String ID="string_275" HPOS="687" VPOS="1291" WIDTH="71" HEIGHT="26" WC="0.96" CONTENT="följer:"/>
						</TextLine>
					</TextBlock>
				</ComposedBlock>
				<ComposedBlock ID="cblock_8" HPOS="541" VPOS="1376" WIDTH="151" HEIGHT="28">
					<TextBlock ID="block_6" HPOS="541" VPOS="1376" WIDTH="151" HEIGHT="28">
						<TextLine ID="line_35" HPOS="541" VPOS="1376" WIDTH="151" HEIGHT="28">
							<String ID="string_276" HPOS="541" VPOS="1376" WIDTH="151" HEIGHT="28" WC="0.85" CONTENT="Inledningen."/>
						</TextLine>
					</TextBlock>
				</ComposedBlock>
				<ComposedBlock ID="cblock_9" HPOS="201" VPOS="1430" WIDTH="830" HEIGHT="143">
					<TextBlock ID="block_7" HPOS="201" VPOS="1430" WIDTH="830" HEIGHT="143">
						<TextLine ID="line_36" HPOS="272" VPOS="1430" WIDTH="758" HEIGHT="29">
							<String ID="string_277" HPOS="272" VPOS="1430" WIDTH="56" HEIGHT="22" WC="0.91" CONTENT="Herr"/><SP WIDTH="15" VPOS="1430" HPOS="328"/>
							<String ID="string_278" HPOS="343" VPOS="1430" WIDTH="113" HEIGHT="28" WC="0.91" CONTENT="Östring:"/><SP WIDTH="17" VPOS="1430" HPOS="456"/>
							<String ID="string_279" HPOS="473" VPOS="1432" WIDTH="115" HEIGHT="26" WC="0.92" CONTENT="ordalagen"/><SP WIDTH="11" VPOS="1432" HPOS="588"/>
							<String ID="string_280" HPOS="599" VPOS="1432" WIDTH="6" HEIGHT="21" WC="0.96" CONTENT="i"/><SP WIDTH="11" VPOS="1432" HPOS="605"/>
							<String ID="string_281" HPOS="616" VPOS="1432" WIDTH="107" HEIGHT="27" WC="0.96" CONTENT="ingressen"/><SP WIDTH="12" VPOS="1432" HPOS="723"/>
							<String ID="string_282" HPOS="735" VPOS="1432" WIDTH="61" HEIGHT="22" WC="0.96" CONTENT="torde"/><SP WIDTH="11" VPOS="1432" HPOS="796"/>
							<String ID="string_283" HPOS="807" VPOS="1432" WIDTH="51" HEIGHT="21" WC="0.96" CONTENT="bero"/><SP WIDTH="12" VPOS="1432" HPOS="858"/>
							<String ID="string_284" HPOS="870" VPOS="1431" WIDTH="22" HEIGHT="22" WC="0.96" CONTENT="af"/><SP WIDTH="9" VPOS="1431" HPOS="892"/>
							<String ID="string_285" HPOS="901" VPOS="1432" WIDTH="40" HEIGHT="21" WC="0.96" CONTENT="den"/><SP WIDTH="10" VPOS="1432" HPOS="941"/>
							<String ID="string_286" HPOS="951" VPOS="1431" WIDTH="79" HEIGHT="28" WC="0.96" CONTENT="lydelse"/>
						</TextLine>
						<TextLine ID="line_37" HPOS="202" VPOS="1458" WIDTH="829" HEIGHT="29">
							<String ID="string_287" HPOS="202" VPOS="1460" WIDTH="24" HEIGHT="25" WC="0.93" CONTENT="$$"/><SP WIDTH="25" VPOS="1460" HPOS="226"/>
							<String ID="string_288" HPOS="251" VPOS="1460" WIDTH="10" HEIGHT="20" WC="0.95" CONTENT="1"/><SP WIDTH="18" VPOS="1460" HPOS="261"/>
							<String ID="string_289" HPOS="279" VPOS="1458" WIDTH="40" HEIGHT="22" WC="0.96" CONTENT="och"/><SP WIDTH="15" VPOS="1458" HPOS="319"/>
							<String ID="string_290" HPOS="334" VPOS="1460" WIDTH="12" HEIGHT="20" WC="0.92" CONTENT="2"/><SP WIDTH="16" VPOS="1460" HPOS="346"/>
							<String ID="string_291" HPOS="362" VPOS="1459" WIDTH="7" HEIGHT="21" WC="0.92" CONTENT="i"/><SP WIDTH="15" VPOS="1459" HPOS="369"/>
							<String ID="string_292" HPOS="384" VPOS="1459" WIDTH="101" HEIGHT="27" WC="0.95" CONTENT="förslaget"/><SP WIDTH="21" VPOS="1459" HPOS="485"/>
							<String ID="string_293" HPOS="506" VPOS="1460" WIDTH="85" HEIGHT="22" WC="0.95" CONTENT="komma"/><SP WIDTH="23" VPOS="1460" HPOS="591"/>
							<String ID="string_294" HPOS="614" VPOS="1463" WIDTH="32" HEIGHT="19" WC="0.95" CONTENT="att"/><SP WIDTH="22" VPOS="1463" HPOS="646"/>
							<String ID="string_295" HPOS="668" VPOS="1460" WIDTH="88" HEIGHT="27" WC="0.92" CONTENT="erhålla,"/><SP WIDTH="23" VPOS="1460" HPOS="756"/>
							<String ID="string_296" HPOS="779" VPOS="1460" WIDTH="98" HEIGHT="22" WC="0.91" CONTENT="hvarföre"/><SP WIDTH="23" VPOS="1460" HPOS="877"/>
							<String ID="string_297" HPOS="900" VPOS="1460" WIDTH="73" HEIGHT="26" WC="0.95" CONTENT="frågan"/><SP WIDTH="23" VPOS="1460" HPOS="973"/>
							<String ID="string_298" HPOS="996" VPOS="1466" WIDTH="35" HEIGHT="15" WC="0.96" CONTENT="om"/>
						</TextLine>
						<TextLine ID="line_38" HPOS="202" VPOS="1487" WIDTH="828" HEIGHT="29">
							<String ID="string_299" HPOS="202" VPOS="1487" WIDTH="135" HEIGHT="27" WC="0.96" CONTENT="inledningen"/><SP WIDTH="22" VPOS="1487" HPOS="337"/>
							<String ID="string_300" HPOS="359" VPOS="1488" WIDTH="17" HEIGHT="26" WC="0.96" CONTENT="ej"/><SP WIDTH="22" VPOS="1488" HPOS="376"/>
							<String ID="string_301" HPOS="398" VPOS="1488" WIDTH="66" HEIGHT="22" WC="0.93" CONTENT="borde"/><SP WIDTH="23" VPOS="1488" HPOS="464"/>
							<String ID="string_302" HPOS="487" VPOS="1488" WIDTH="82" HEIGHT="27" WC="0.92" CONTENT="afgöras"/><SP WIDTH="23" VPOS="1488" HPOS="569"/>
							<String ID="string_303" HPOS="592" VPOS="1489" WIDTH="64" HEIGHT="21" WC="0.93" CONTENT="innan"/><SP WIDTH="22" VPOS="1489" HPOS="656"/>
							<String ID="string_304" HPOS="678" VPOS="1490" WIDTH="66" HEIGHT="26" WC="0.92" CONTENT="sagde"/><SP WIDTH="22" VPOS="1490" HPOS="744"/>
							<String ID="string_305" HPOS="766" VPOS="1489" WIDTH="25" HEIGHT="27" WC="0.90" CONTENT="$$"/><SP WIDTH="22" VPOS="1489" HPOS="791"/>
							<String ID="string_306" HPOS="813" VPOS="1488" WIDTH="70" HEIGHT="22" WC="0.93" CONTENT="blifvit"/><SP WIDTH="22" VPOS="1488" HPOS="883"/>
							<String ID="string_307" HPOS="905" VPOS="1488" WIDTH="125" HEIGHT="27" WC="0.96" CONTENT="granskade."/>
						</TextLine>
						<TextLine ID="line_39" HPOS="201" VPOS="1516" WIDTH="830" HEIGHT="27">
							<String ID="string_308" HPOS="201" VPOS="1517" WIDTH="96" HEIGHT="25" WC="0.91" CONTENT="Antages"/><SP WIDTH="23" VPOS="1517" HPOS="297"/>
							<String ID="string_309" HPOS="320" VPOS="1516" WIDTH="60" HEIGHT="21" WC="0.91" CONTENT="desse"/><SP WIDTH="19" VPOS="1516" HPOS="380"/>
							<String ID="string_310" HPOS="399" VPOS="1516" WIDTH="8" HEIGHT="21" WC="0.96" CONTENT="i"/><SP WIDTH="20" VPOS="1516" HPOS="407"/>
							<String ID="string_311" HPOS="427" VPOS="1516" WIDTH="92" HEIGHT="27" WC="0.95" CONTENT="enlighet"/><SP WIDTH="22" VPOS="1516" HPOS="519"/>
							<String ID="string_312" HPOS="541" VPOS="1517" WIDTH="49" HEIGHT="21" WC="0.96" CONTENT="med"/><SP WIDTH="23" VPOS="1517" HPOS="590"/>
							<String ID="string_313" HPOS="613" VPOS="1518" WIDTH="40" HEIGHT="21" WC="0.96" CONTENT="den"/><SP WIDTH="23" VPOS="1518" HPOS="653"/>
							<String ID="string_314" HPOS="676" VPOS="1517" WIDTH="78" HEIGHT="26" WC="0.94" CONTENT="nådiga"/><SP WIDTH="22" VPOS="1517" HPOS="754"/>
							<String ID="string_315" HPOS="776" VPOS="1517" WIDTH="166" HEIGHT="26" WC="0.95" CONTENT="propositionen,"/><SP WIDTH="21" VPOS="1517" HPOS="942"/>
							<String ID="string_316" HPOS="963" VPOS="1517" WIDTH="68" HEIGHT="21" WC="0.96" CONTENT="måste"/>
						</TextLine>
						<TextLine ID="line_40" HPOS="202" VPOS="1543" WIDTH="829" HEIGHT="30">
							<String ID="string_317" HPOS="202" VPOS="1543" WIDTH="65" HEIGHT="22" WC="0.96" CONTENT="också"/><SP WIDTH="15" VPOS="1543" HPOS="267"/>
							<String ID="string_318" HPOS="282" VPOS="1543" WIDTH="108" HEIGHT="27" WC="0.96" CONTENT="ingressen"/><SP WIDTH="16" VPOS="1543" HPOS="390"/>
							<String ID="string_319" HPOS="406" VPOS="1544" WIDTH="64" HEIGHT="22" WC="0.96" CONTENT="blifva"/><SP WIDTH="16" VPOS="1544" HPOS="470"/>
							<String ID="string_320" HPOS="486" VPOS="1545" WIDTH="43" HEIGHT="21" WC="0.96" CONTENT="lika"/><SP WIDTH="10" VPOS="1545" HPOS="529"/>
							<String ID="string_321" HPOS="539" VPOS="1545" WIDTH="91" HEIGHT="28" WC="0.96" CONTENT="lydande"/><SP WIDTH="11" VPOS="1545" HPOS="630"/>
							<String ID="string_322" HPOS="641" VPOS="1545" WIDTH="49" HEIGHT="22" WC="0.96" CONTENT="med"/><SP WIDTH="10" VPOS="1545" HPOS="690"/>
							<String ID="string_323" HPOS="700" VPOS="1545" WIDTH="137" HEIGHT="27" WC="0.26" CONTENT="inledningen"/><SP WIDTH="11" VPOS="1545" HPOS="837"/>
							<String ID="string_324" HPOS="848" VPOS="1545" WIDTH="6" HEIGHT="21" WC="0.96" CONTENT="i"/><SP WIDTH="11" VPOS="1545" HPOS="854"/>
							<String ID="string_325" HPOS="865" VPOS="1545" WIDTH="166" HEIGHT="27" WC="0.96" CONTENT="propositionen."/>
						</TextLine>
					</TextBlock>
				</ComposedBlock>
			</PrintSpace>
		</Page>
	</Layout>
</alto>
