1095 1825
309 178 183 21 Borgareståndet.
517 179 56 17 1867.
597 179 12 16 4
623 178 48 21 Maj.
833 174 40 21 735

75 264 40 22 och
137 264 90 21 sålunda
248 264 86 21 komma
355 264 69 21 under
442 263 124 27 ytterligare
581 263 159 26 handläggning
754 262 24 22 af
792 263 26 22 de
835 264 68 22 skilda

75 293 95 26 stånden,
185 292 89 21 hvarvid
288 292 103 26 förslaget
407 298 34 15 om
457 292 122 21 bankhuset
594 291 62 21 äfven
671 291 41 21 fick
727 291 81 27 åtfölja.
838 292 65 21 Före-

75 321 92 21 varande
182 320 80 27 förslag
277 320 33 21 till
325 321 181 26 omorganisation
522 319 24 21 af
559 319 84 21 banken
659 319 37 21 föll
708 320 54 21 dock
772 320 7 20 i
789 320 114 25 utskottet,

75 350 64 20 hvars
154 349 110 26 pluralitet
279 349 95 21 deremot
390 349 66 26 ansåg
471 349 32 26 sig
518 348 53 21 böra
581 348 87 21 förorda
678 348 101 26 förslaget
790 354 34 15 om
835 349 68 21 bank-

75 378 69 21 huset.
174 377 43 21 För
239 377 43 21 min
306 377 33 21 del
363 377 64 26 hyser
440 377 37 26 jag
493 377 55 20 dock
563 377 6 20 i
585 377 70 20 denna
670 376 60 26 fråga
745 382 81 15 samma
841 377 62 28 åsigt,

75 412 45 15 som
141 405 36 28 jag
199 405 65 22 redan
287 405 58 22 förut
367 406 7 20 i
397 405 86 22 ståndet
501 405 80 21 uttalat
595 406 56 20 samt
666 405 123 21 instämmer
801 405 102 26 jemväl
892 401 14 36 i

75 435 56 20 Herr
147 434 122 27 Öhrnbergs
284 433 61 26 åsigt,
361 435 32 20 att
408 434 159 26 Ridderskapet
582 433 39 21 och
636 433 69 21 Adeln
719 433 49 22 bort
783 433 73 28 åtnöja
871 435 33 26 sig

76 463 47 21 med
140 463 36 20 det
190 469 56 19 svar,
262 468 45 15 som
323 462 45 21 deri
383 463 67 20 redan
466 462 23 21 af
503 462 25 21 de
545 461 66 27 öfrige
627 461 90 22 stånden
732 462 123 22 meddelats.

145 525 56 21 Herr
222 525 155 21 Lindblom:
398 525 38 26 jag
457 524 97 21 anhåller
576 524 21 21 få
613 525 168 26 upplysningsvis
797 525 104 27 meddela,

77 555 32 19 att
131 553 171 22 Bondeståndets
324 553 130 26 deputerade
470 553 7 20 i
493 553 113 25 utskottet,
622 553 28 20 då
664 551 74 28 frågan
754 553 37 21 der
806 554 96 21 förekom

77 582 32 21 till
132 582 134 27 behandling,
287 581 129 26 förklarade,
439 583 33 19 att
494 569 114 38 förslagets
630 581 140 22 förkastande
788 582 7 20 i
809 582 94 21 nämnda

76 610 63 22 stånd
162 611 117 27 egentligen
300 610 55 21 hade
377 598 39 33 sin
426 610 63 21 orsak
504 611 7 20 i
527 612 32 19 ett
574 610 148 21 missförstånd
737 611 55 20 samt
807 612 33 20 att
855 611 48 21 det-

77 645 81 15 samma
180 639 90 25 derföre,
294 638 89 22 såframt
405 638 37 22 det
457 638 47 22 åter
519 638 39 21 hos
573 638 86 21 ståndet
673 638 130 22 förekomme
818 639 33 21 till
867 640 35 20 be-

77 668 107 26 handling,
202 667 107 21 sannolikt
324 667 69 21 skulle
408 669 95 24 antagas,
515 667 80 21 hvilket
606 666 133 22 förhållande
750 667 37 27 gaf
796 668 107 21 utskottet

77 698 31 19 ett
122 696 124 28 ytterligare
262 696 46 20 skäl
323 697 32 19 att
373 696 4 20 i
388 695 319 27 sammanjemkningsförslaget
717 698 94 25 upptaga
820 696 80 27 frågan.

146 758 70 22 Sedan
237 758 147 21 diskussionen
406 758 6 21 i
436 760 72 19 ämnet
523 758 116 21 förklarats
654 758 100 24 afslutad,
770 758 133 22 framställde

77 786 57 22 Herr
156 786 152 22 Talmannen
323 786 133 27 proposition
472 792 33 16 om
522 786 119 26 antagande
658 786 23 21 af
694 787 115 21 utskottets
823 787 80 26 förslag

77 815 7 20 i
100 815 68 21 denna
184 815 40 26 del,
240 815 84 21 hvilken
339 815 129 21 besvarades
483 815 49 21 med
549 814 154 28 öfvervägande
716 815 28 26 ja.

145 873 66 25 Äfven
234 877 40 21 den
296 876 23 22 af
341 877 107 21 utskottet
469 877 122 26 föreslagna
614 877 158 27 uteslutningen
795 878 22 20 af
836 878 66 21 orden

78 922 5 9 ,
85 906 55 25 Med
155 906 162 20 nedannämnda
331 906 169 26 inskränkning"
516 906 124 26 godkändes
655 905 23 21 af
691 906 90 21 ståndet.

147 967 69 21 Sedan
238 967 85 21 ståndet
342 967 90 21 sålunda
447 967 83 26 antagit
545 967 116 21 utskottets
678 967 79 27 förslag
772 968 6 20 i
794 967 47 22 dess
857 968 46 21 hel-

78 995 42 24 het,
137 995 80 21 beslöts
232 996 36 20 det
281 995 68 22 skulle
359 995 141 22 medstånden
513 997 55 19 samt
579 995 238 27 expeditionsutskottet
827 996 75 21 härom

77 1024 137 21 underrättas
228 1030 76 20 genom
319 1024 117 27 sålydande
451 1024 207 27 protokollsutdrag:

352 1115 83 26 Utdrag
463 1121 24 14 ur
513 1115 193 26 Borgareståndets
732 1115 105 26 protokoll
867 1115 36 21 vid

283 1143 128 27 landtdagen
427 1144 6 20 i
450 1143 134 27 Helsingfors
600 1144 39 20 den
656 1145 13 20 4
684 1143 42 26 Maj
743 1143 62 21 1867.

146 1199 128 27 Föredrogs:
290 1200 179 22 Bankutskottets
485 1200 80 27 förslag
579 1201 32 21 till
627 1200 204 27 sammanjemkning
846 1199 23 22 af
876 1200 25 21 de

77 1227 48 21 utaf
138 1228 94 21 Stånden
246 1229 7 20 i
268 1228 66 27 några
349 1229 93 26 punkter
458 1229 82 21 fattade
555 1228 122 28 skiljaktiga
692 1229 70 21 beslut
772 1228 7 21 i
789 1228 114 28 anledning

76 1256 23 21 af
120 1256 82 27 Nådiga
223 1257 159 27 propositionen
406 1258 109 26 angående
536 1258 104 26 styrelsen
656 1258 39 20 och
710 1257 155 27 förvaltningen
881 1257 23 21 af

76 1284 102 21 Finlands
201 1285 67 21 Bank.
299 1285 44 21 Och
363 1286 67 26 jemte
446 1286 36 21 det
497 1286 182 26 Borgareståndet
693 1286 49 20 fann
758 1286 51 26 godt
824 1287 79 25 antaga

76 1312 102 28 förslaget
193 1314 6 20 i
216 1314 24 20 de
256 1314 59 20 delar
330 1314 120 21 detsamma
464 1314 77 27 angick
553 1314 187 27 Borgareståndet,
749 1314 68 21 skulle
827 1314 76 21 under-

77 1342 87 20 rättelse
188 1342 71 21 derom
276 1342 24 21 de
317 1342 68 27 öfriga
401 1342 94 22 Stånden
511 1342 39 22 och
566 1342 245 27 Expeditionsutskottet
826 1348 76 21 genom

75 1370 198 27 protokollsutdrag
287 1371 115 21 meddelas.

661 1416 21 17 In
694 1416 61 17 fidem:

582 1451 76 20 Sixtus
675 1450 134 21 Calamnius.

144 1539 120 26 Föredrogs
279 1540 45 26 lag-
339 1540 40 21 och
395 1540 241 21 ekonomie-utskottets
652 1541 40 21 den
707 1542 9 19 1
729 1541 6 20 i
746 1541 69 20 denna
826 1541 77 20 månad

75 1566 119 27 bordlagda
216 1567 80 28 förslag
311 1568 32 21 till
359 1569 205 27 sammanjemkning
579 1569 23 21 af
616 1568 100 22 ståndens
731 1569 121 26 skiljaktiga
867 1569 36 20 be-
