1095 1825
301 150 183 21 Borgareståndet.
509 150 56 18 1867.
589 151 26 17 25
627 150 48 22 Maj.
829 146 56 22 1079

84 236 40 21 har
148 236 60 20 Hans
230 235 119 27 Kejserliga
371 234 102 28 Majestät
491 236 47 21 icke
553 234 76 28 begärt
644 234 70 28 någon
728 241 28 21 ny
771 235 65 21 skatt.
865 234 48 23 Här

84 266 25 19 är
130 264 65 21 också
217 264 18 26 ej
258 264 61 26 fråga
341 270 35 15 om
391 266 33 19 att
439 264 79 27 bevilja
533 264 69 25 någon
618 270 27 20 ny
660 264 64 25 skatt,
740 266 52 18 utan
807 263 56 21 blott
879 266 33 18 att

84 293 108 20 eventuelt
214 292 73 21 anvisa
308 298 25 15 en
354 298 28 21 ny
405 292 96 27 tillgång.
532 292 65 21 Detta
613 292 113 21 eventuela
741 292 115 21 anvisande
871 292 40 20 har

84 320 134 27 uppkommit
233 320 75 21 endast
323 320 33 21 för
371 322 33 19 att
419 321 80 26 antyda
510 322 39 23 att,
564 321 2 20 i
579 320 101 21 händelse
696 320 44 21 dei
752 320 159 27 propositionen

84 349 135 32 framställda
233 350 118 25 utvägarna
366 348 33 22 för
414 349 118 27 företagets
547 348 139 27 bekostande,
702 348 46 21 icke
764 348 69 21 skulle
849 355 62 14 anses

85 377 135 26 tillräckljga,
235 378 90 25 utvägar
339 377 47 22 icke
401 377 106 22 saknades
523 378 33 20 att
571 377 97 21 anskaffa
689 377 78 26 nödiga
787 377 70 21 medel
878 377 32 21 till

85 406 41 21 den
142 405 105 27 behöfliga
262 406 106 26 garantin.
397 406 11 21 I
424 405 60 22 detta
500 405 87 32 afsende
603 407 24 19 är
643 411 25 15 en
684 405 58 21 skatt
756 405 27 27 på
798 405 68 22 tobak
885 411 25 15 en

85 434 84 27 mycket
191 434 87 26 lämplig
300 435 71 26 utväg.
401 434 46 21 Och
465 434 65 27 hyser
543 433 36 27 jag
595 434 18 32 ej
630 434 26 21 de
672 433 177 27 betänkligheter,
865 439 45 16 som

84 463 27 20 de
130 463 66 20 värda
216 463 94 20 talarene
328 462 116 21 framställt
460 463 39 21 och
515 462 72 21 hvilka
601 462 37 27 jag
652 462 46 21 icke
714 462 67 21 heller
796 462 42 27 kan
853 461 58 22 finna

85 491 24 21 så
131 491 218 26 anmärkningsvärda
371 491 7 21 i
400 490 107 22 finansielt
529 491 106 25 afseende,
659 496 46 15 som
726 490 49 21 herr
797 486 114 31 Öhrnberg

85 525 62 21 synes
171 521 41 20 tro.
242 519 73 21 Tobak
339 521 24 19 är
379 521 30 20 ett
425 519 95 22 särdeles
535 519 97 27 lämpligt
648 521 60 18 ämne
724 518 34 21 för
773 519 137 26 beskattning

85 547 40 22 och
147 549 24 20 är
186 548 7 21 i
209 547 48 22 hela
280 548 85 26 Europa
387 547 67 27 högre
475 548 114 21 beskattad
605 549 27 19 än
648 547 39 24 hos
703 553 40 15 oss.
774 547 45 22 Och
835 548 36 21 det
887 549 24 19 är

85 576 80 21 bekant
188 578 32 19 att
243 582 49 15 man
313 576 47 21 icke
375 576 7 21 i
398 576 66 27 något
480 577 51 20 land
547 576 64 21 röker
626 575 40 22 och
681 577 77 25 tuggar
773 575 65 22 tobak
854 575 56 21 billi-

85 611 51 20 gare
157 607 27 19 än
207 605 39 21 hos
268 610 42 16 oss.
339 605 41 26 Jag
402 606 24 20 är
446 605 39 21 ock
502 605 124 27 öfvertygad
643 605 79 24 derom,
738 605 32 20 att
785 605 124 26 regeringen

86 640 42 20 nog
143 633 55 21 skall
213 633 55 21 hitta
283 634 27 26 på
325 635 32 19 att
373 633 100 21 beskatta
489 634 70 20 denna
574 640 51 14 vara
640 633 61 21 äfven
716 634 52 20 utan
783 633 126 21 ständernas

85 662 101 20 hörande.
216 661 43 21 Det
274 662 61 20 torde
350 662 83 21 således
449 668 52 15 vara
515 662 48 21 från
579 662 125 20 ständernas
714 662 107 26 synpunkt
831 662 79 26 nyttigt

85 690 40 21 och
150 690 67 25 klokt,
242 692 32 19 att
299 690 33 21 för
357 692 31 19 ett
412 690 24 21 så
462 690 79 27 nyttigt
565 690 89 27 företag,
680 696 45 15 som
747 690 66 26 detta,
837 690 72 21 anvisa

85 718 70 22 denna
169 718 65 21 skatt.

154 775 56 21 Herr
225 775 203 27 Bronikowskij:
444 775 63 22 äfven
520 776 37 26 jag
572 775 46 26 har,
635 775 27 21 då
674 775 37 27 jag
726 774 69 22 såsom
815 775 94 21 ledamot

86 804 6 20 i
110 804 106 20 utskottet
235 804 88 26 deltagit
338 804 7 20 i
361 804 47 21 dess
426 804 169 26 förhandlingar,
611 804 47 26 gått
673 805 24 19 ut
711 803 47 21 från
774 804 40 20 den
829 803 80 27 grund-

85 834 45 19 sats
152 833 32 19 att
202 832 115 21 ständerna
339 838 28 15 nu
385 832 47 21 icke
448 832 67 22 borde
531 832 80 21 föreslå
625 832 69 26 någon
709 838 27 20 ny
752 832 64 25 skatt,
833 832 27 21 då
875 831 34 21 så-

86 861 52 20 dant
159 860 47 21 icke
227 862 140 24 proponerats
389 860 53 22 eller
464 861 86 27 begärts
566 861 6 20 i
591 861 41 21 den
651 860 77 26 nådiga
743 860 166 26 propositionen.

85 888 112 22 Utskottet
212 888 40 22 har
267 888 75 22 endast
357 888 35 22 vid
407 889 149 21 diskussionen
572 889 23 21 af
609 889 69 21 denna
692 888 66 27 fråga,
775 888 39 22 och
831 888 34 22 för
877 891 32 19 att

85 917 76 26 stadga
182 917 31 20 sin
237 916 146 27 öfvertygelse,
406 917 108 21 huruvida
536 917 106 22 utskottet
667 917 65 21 borde
758 917 87 20 förorda
869 917 40 21 den

85 945 94 26 begärda
194 945 98 26 garantin
308 945 51 21 eller
374 945 53 27 icke,
443 946 125 26 undersökt,
581 945 73 21 hvilka
664 945 66 21 andra
740 947 89 24 utvägar
841 945 68 21 skulle

84 973 69 21 finnas
167 973 33 21 för
216 973 131 22 betäckande
363 973 23 21 af
399 975 158 25 annuiteterna,
573 974 7 21 i
596 974 101 21 händelse
712 973 26 21 de
753 973 23 21 af
784 973 125 26 regeringen

84 1001 121 26 föreslagna
228 1003 117 25 utvägarna
365 1002 47 21 icke
433 1009 52 14 vore
506 1002 135 27 tillräckliga.
671 1002 75 21 Denna
766 1001 55 27 åsigt
835 1001 74 27 gjorde

84 1030 33 26 sig
138 1030 100 32 gällande
259 1031 6 20 i
288 1031 115 21 allmänhet
425 1031 39 20 hos
487 1031 76 26 många
586 1030 23 21 af
627 1031 117 20 utskottets
764 1030 144 21 medlemmar.

85 1057 43 22 För
151 1059 42 20 min
214 1058 34 21 del
267 1058 46 21 åter
328 1065 62 15 anser
403 1059 38 26 jag
456 1059 41 21 den
513 1059 23 21 af
551 1059 105 21 utskottet
672 1059 119 26 föreslagna
805 1058 103 27 åtgärden

85 1086 87 21 alldeles
195 1086 111 27 obehöflig,
330 1087 24 21 så
369 1088 85 26 mycket
469 1094 46 15 mer
528 1093 46 15 som
587 1087 37 27 jag
639 1089 25 18 är
679 1087 124 26 öfvertygad
817 1089 40 22 att,
873 1093 34 15 om

84 1115 116 21 ständerna
220 1115 62 26 åtaga
302 1115 30 27 sig
347 1116 99 26 garantin
461 1115 34 22 för
510 1115 164 27 ifrågavarande
689 1115 89 27 företag,
793 1115 116 21 ständerna

83 1149 43 20 nog
141 1144 72 20 kunna
228 1143 22 22 få
256 1131 39 34 tid
311 1146 32 19 att
358 1144 124 27 öfverlägga
498 1150 34 15 om
549 1145 26 20 de
591 1146 95 25 utvägar,
699 1144 71 21 hvilka
781 1150 49 15 vore
841 1144 68 26 lämp-

84 1171 64 27 ligast
170 1174 32 19 att
224 1172 91 21 betäcka
337 1173 155 26 annuiteterna,
515 1173 45 21 ifall
584 1173 26 20 de
628 1172 46 21 icke
690 1172 70 21 kunde
776 1172 51 27 utgä
841 1178 26 15 ur
883 1172 25 21 de

84 1200 100 22 anvisade
200 1201 90 21 medlen.

153 1257 56 21 Herr
224 1257 117 27 Östring:
355 1258 37 27 jag
407 1258 40 22 har
462 1258 47 21 icke
524 1258 89 21 förstått
627 1258 116 20 utskottets
754 1257 155 27 framställning

83 1285 24 21 af
123 1285 65 21 saken
209 1285 29 27 sä,
259 1292 45 15 som
319 1287 107 21 utskottet
442 1287 69 21 skulle
526 1286 50 26 vilja
591 1287 74 20 anvisa
680 1286 101 26 styrelsen
797 1285 69 27 nägon
882 1292 27 20 ny

83 1315 66 25 utväg
170 1314 32 21 till
223 1314 104 22 vinnande
349 1314 24 22 af
394 1321 26 15 en
443 1315 167 26 utomordentlig
632 1314 90 27 tillgäng
744 1314 27 26 pä
785 1314 124 20 inkomster.

83 1342 49 21 Men
152 1342 37 26 jag
211 1342 39 21 har
272 1344 71 20 ansett
365 1343 36 21 det
422 1344 47 21 icke
493 1350 52 14 vara
566 1343 78 27 nyttigt
659 1343 40 21 och
714 1342 60 22 klokt
789 1344 32 19 att
836 1342 73 21 anvisa

82 1370 105 27 styrelsen
203 1377 25 15 en
244 1371 93 21 inkomst
352 1372 23 20 af
388 1371 68 27 nägra
471 1372 85 21 hundra
571 1374 62 18 tusen
649 1371 61 21 mark
725 1370 45 22 frän
791 1376 25 16 en
836 1370 73 22 bevill-

82 1399 58 26 ning,
163 1405 52 19 som,
237 1406 33 14 om
290 1400 139 21 tullsatserna
444 1400 47 22 icke
507 1400 85 26 ändras,
609 1400 41 20 kan
666 1400 85 20 komma
766 1400 31 20 att
812 1399 97 26 inbringa

82 1427 82 49 ganska
188 1428 46 21 litet
260 1430 54 19 samt
337 1428 55 21 blott
416 1428 63 22 lända
503 1429 34 21 till
560 1429 47 20 ruin
629 1428 34 21 för
684 1434 26 15 en
732 1428 65 26 vigtig
817 1427 92 22 industri

82 1456 7 20 i
113 1457 70 19 landet.

151 1512 54 21 Rerr
224 1512 142 21 Rosenius:
385 1514 7 19 i
411 1513 68 21 likhet
496 1513 47 21 med
560 1514 55 20 Herr
630 1512 70 27 Bergh
716 1518 62 15 anser
791 1512 36 26 jag
843 1511 66 21 tobak

81 1545 53 16 vara
149 1546 26 15 en
190 1541 87 26 lämplig
292 1541 76 21 artikel
385 1543 33 19 att
433 1541 53 22 bära
502 1541 65 22 skatt.
588 1541 33 21 Dä
636 1547 49 15 man
701 1541 23 21 sä
735 1541 51 26 högt
799 1540 111 21 beskattar
