1095 1825
221 129 43 21 986
418 134 182 21 Borgareståndet.
626 134 54 18 1867.
704 135 26 17 23
742 135 48 21 Maj.

261 219 56 21 Herr
332 220 138 20 Rosenius:
487 221 56 19 emot
558 220 26 20 de
599 220 23 20 af
636 220 56 20 Herr
708 218 110 28 Öhrnberg
829 219 134 21 framställda
973 220 46 20 skäl

192 248 39 22 ber
243 248 38 27 jag
296 250 32 19 att
343 248 22 21 få
380 248 76 21 anföra
475 248 65 26 några
561 248 45 21 ord.
636 248 62 20 Hvad
716 248 56 20 Herr
787 247 123 27 Öhrnbergs
926 248 54 27 åsigt
995 254 25 15 ur

191 276 92 27 juridisk
298 276 109 27 synpunkt
428 276 107 26 beträffar,
556 276 43 21 kan
617 276 37 26 jag
669 276 47 21 icke
736 276 91 21 bedöma
842 276 47 21 den.
919 276 102 22 Vidkom-

192 305 78 21 mande
285 304 53 21 hans
353 304 141 27 anmärkning
509 310 34 15 om
559 304 40 21 den
619 304 110 25 orättvisa,
748 310 44 15 som
813 304 70 21 kunde
899 305 121 21 vederfaras

192 333 137 27 förmyndare
345 333 39 21 och
400 333 73 25 andra,
493 333 72 20 hvilka
586 333 38 20 hos
646 333 129 26 gäldenären
797 333 86 21 nedsatt
898 334 122 26 omyndiges

193 361 52 22 eller
268 367 53 20 egna
343 361 76 25 medel,
444 361 39 21 har
502 361 55 21 Herr
580 357 112 30 Öhrnberg
714 360 49 27 sjelf
784 361 64 21 redan
865 361 108 27 medgifvit
988 364 32 19 att

193 390 160 21 bankväsendet
368 377 100 39 erbjuder
483 395 25 15 en
523 391 68 19 större
607 389 101 22 säkerhet
722 391 27 18 än
765 389 40 21 den
821 390 102 24 enskilde,
936 390 39 21 och
984 391 36 26 jag

193 422 46 17 tror
247 420 33 19 att
288 420 75 19 nästan
379 418 7 21 i
395 418 73 27 hvarje
476 418 47 21 stad
537 418 22 21 af
566 417 47 22 vårt
626 417 50 22 land
684 418 66 21 redan
761 417 67 22 finnes
837 420 31 19 ett
879 418 140 21 bankkontor.

193 447 43 20 Det
250 446 67 27 gifves
333 447 108 20 dessutom
457 446 60 21 äfven
538 446 202 27 statsobligationer,
761 446 71 21 hvilka
851 446 33 21 för
899 447 121 21 ändamålet

193 477 37 19 äro
246 475 27 21 de
289 474 102 22 säkraste.
423 474 95 22 Nämnde
540 475 157 26 omständighet
716 475 42 20 kan
778 474 83 22 således
881 475 47 21 icke
943 477 77 24 utgöra

193 503 66 27 något
274 503 75 21 hinder
363 503 34 21 för
413 503 41 21 den
469 503 78 29 vigtiga
568 503 81 26 åtgärd,
671 503 88 21 hvarom
779 509 28 14 nu
823 505 24 19 är
861 503 66 27 fråga.
957 504 62 21 Hvad

193 532 100 27 slutligen
314 531 66 27 angår
401 531 57 22 Herr
479 528 122 30 Öhrnbergs
622 531 116 27 påstående
754 533 33 20 att
809 532 129 26 landtdagen
953 532 67 21 redan

194 567 50 14 vore
267 560 24 21 så
312 560 59 27 långt
393 559 147 27 framskriden,
564 562 32 19 att
616 560 36 21 det
668 560 68 21 skulle
758 562 77 25 utgöra
850 562 31 19 ett
897 560 75 21 hinder
987 560 33 21 för

194 589 76 21 sakens
290 588 199 22 återremitterande
509 576 31 34 till
562 588 146 27 lagutskottet,
729 588 23 22 så
768 590 23 20 är
814 589 36 21 det
865 589 67 21 kändt
946 590 32 20 att
994 589 26 21 de

194 619 32 19 tre
242 617 68 26 öfriga
325 617 90 21 stånden
436 618 64 20 redan
521 617 82 26 antagit
624 618 69 20 denna
713 617 126 27 författning
859 618 38 20 och
918 619 32 19 att
970 617 50 21 den-

194 651 81 15 samma
290 646 82 21 således
387 646 69 20 måste
472 646 64 21 blifva
551 645 40 27 lag.
612 645 48 21 Men
674 645 37 27 jag
726 652 61 14 anser
803 646 36 20 det
855 646 122 26 isynnerhet
987 645 34 21 för

193 674 182 26 Borgareståndet
395 680 53 15 vara
463 674 22 21 af
503 674 76 27 högsta
601 674 44 26 vigt
666 676 32 19 att
718 673 63 21 hafva
802 674 79 21 uttalat
897 674 31 21 sin
943 674 77 26 åsigt
1010 669 14 36 i

194 702 72 26 saken,
282 702 33 21 för
331 702 40 21 den
393 702 101 22 händelse
515 704 37 23 att,
574 702 69 21 såsom
662 702 38 27 jag
715 702 90 26 befarar,
822 702 40 22 den
878 709 28 14 nu
921 703 99 21 beslutna

194 731 62 27 lagen
271 731 19 26 ej
306 731 83 21 komme
405 733 32 19 att
453 731 63 21 verka
531 730 23 22 så
569 736 45 15 som
627 731 94 26 önskligt
730 736 50 16 vore
792 732 55 20 samt
858 731 82 21 således
950 730 70 22 antin-

192 766 41 20 gen
249 766 26 14 en
291 760 124 26 förändring
431 760 44 21 deri
491 760 51 20 eller
557 758 40 22 ock
612 761 31 19 ett
658 759 89 21 alldeles
763 761 47 25 nytt
825 759 114 27 lagförslag
951 759 69 21 skulle

194 788 114 21 ständerne
329 788 113 21 framdeles
462 788 125 26 föreläggas,
603 787 6 21 i
629 788 81 20 hvilket
723 788 36 20 fall
781 788 36 20 det
836 794 50 14 vore
901 788 7 20 i
924 788 31 20 sin
972 788 48 20 ord-

194 816 49 26 ning
258 818 33 19 att
306 816 191 27 Borgareståndets
518 816 55 26 åsigt
592 816 71 21 kunde
684 816 115 21 återfinnas
814 817 7 20 i
839 816 48 21 dess
910 816 108 26 protokoll

194 845 39 21 och
248 844 133 27 handlingar.

262 902 56 20 Herr
339 901 153 21 Cederman:
515 903 76 19 nästan
611 902 43 20 alla
674 902 74 24 talare,
771 908 45 14 som
831 903 68 24 yttrat
914 901 31 26 sig
961 902 58 20 öfver

193 930 41 21 den
249 929 67 27 fråga,
332 929 85 22 hvilken
433 936 29 14 nu
477 931 24 19 är
516 929 12 21 å
544 930 60 25 bane,
620 929 64 22 hafva
699 930 77 21 erkänt
791 931 32 19 att
838 929 37 21 det
887 931 23 19 är
918 929 102 26 juridiskt

194 960 56 19 orätt
266 960 32 19 att
312 958 55 21 fatta
382 960 31 19 ett
429 958 74 26 besiut,
520 958 135 27 hvarigenom
671 958 70 27 någon
757 958 65 21 endas
838 959 43 20 rätt
897 958 69 20 kunde
977 957 42 22 för-

193 989 91 18 närmas.
315 987 43 26 Mig
373 986 73 27 tyckes
459 987 58 20 detta
533 987 134 21 erkännande
683 993 51 14 vara
753 986 124 27 tillräckligt
892 988 33 19 att
939 986 81 21 afhålla

193 1015 133 26 lagstiftaren
341 1015 46 21 från
403 1016 33 19 att
450 1015 86 26 vidtaga
557 1015 40 21 den
612 1015 83 26 åtgärd,
714 1021 45 15 som
779 1014 24 21 af
816 1015 66 26 några
897 1015 67 20 talare
980 1015 40 20 här

193 1043 109 27 päyrkats.
331 1043 41 27 Jag
387 1045 46 19 tror
448 1045 31 19 att
495 1043 67 27 ingen,
579 1050 49 15 vare
644 1044 32 25 sig
688 1043 102 27 juridiskt
802 1043 52 21 eller
864 1043 46 21 icke
918 1043 101 26 juridiskt

193 1072 73 21 bildad
281 1077 82 21 person,
380 1071 55 22 skall
450 1072 71 20 kunna
536 1072 96 21 förkasta
647 1078 25 15 en
689 1073 39 25 lag,
745 1078 46 15 som
807 1073 82 25 strängt
905 1071 67 21 håller
987 1071 31 27 sig

192 1100 33 21 till
241 1101 37 20 det
293 1102 62 24 rätta,
372 1100 39 21 och
428 1100 35 21 det
478 1102 56 19 rätta
549 1102 24 19 är
588 1103 32 18 att
636 1101 18 26 ej
665 1100 109 21 förderfva
783 1099 70 27 någon
865 1099 92 22 enskilds
968 1102 50 19 rätt.

192 1129 42 20 Vid
249 1129 77 21 sådant
340 1129 132 20 förhållande
493 1128 106 27 afstyrker
619 1129 36 26 jag
676 1128 130 27 antagandet
821 1128 23 21 af
863 1128 155 26 tvångsackord

193 1157 39 21 och
248 1157 140 21 understöder
403 1157 6 20 i
425 1157 72 21 stället
513 1157 40 21 den
571 1157 55 27 åsigt
643 1159 33 20 att
691 1157 32 21 till
738 1159 32 19 ett
785 1157 79 21 ackord
881 1156 137 26 ovilkorligen

192 1185 83 22 fordras
298 1185 72 27 hvarje
393 1185 117 26 borgenärs
533 1185 60 22 bifall
613 1186 39 21 och
674 1185 115 27 samtycke.
820 1185 41 26 Jag
883 1185 40 20 har
937 1185 81 21 kanske

191 1214 47 21 icke
254 1214 69 26 någon
338 1213 143 28 förhoppning
499 1216 32 19 att
550 1215 43 20 min
614 1214 55 27 åsigt
690 1214 55 22 skall
760 1214 63 21 vinna
838 1213 65 25 bifall,
920 1220 48 15 men
981 1213 37 27 jag

192 1242 35 21 vill
243 1243 7 20 i
265 1243 43 21 alla
323 1242 112 22 händelser
455 1243 68 21 uttala
544 1243 47 25 den,
611 1242 34 22 för
664 1245 32 19 att
715 1244 63 25 ingen
799 1242 35 21 må
850 1242 71 21 kunna
936 1244 34 19 tro
986 1244 32 19 att

190 1272 36 26 jag
241 1271 104 27 tillstyrkt
360 1271 109 21 införande
485 1271 22 21 af
520 1271 162 27 tvångsackord.

261 1328 56 20 Herr
331 1327 170 21 Grundfeldt:
518 1328 65 26 enligt
599 1328 55 20 Herr
667 1327 130 21 Cedermans
808 1327 55 26 åsigt
873 1326 68 22 skulle
953 1326 65 27 något

191 1356 80 21 ackord
286 1356 7 20 i
309 1355 47 21 vårt
371 1356 50 21 land
437 1356 18 26 ej
471 1356 84 21 komma
571 1356 32 21 till
619 1356 61 21 stånd
696 1356 7 21 i
719 1362 25 15 en
760 1356 55 21 enda
830 1355 101 24 konkurs,
947 1357 22 25 ty
980 1355 38 21 all-

191 1384 31 21 tid
238 1383 75 22 funnes
329 1384 36 21 det
380 1384 76 27 någon,
473 1390 45 15 som
534 1384 67 22 skulle
617 1384 57 21 finna
690 1384 32 21 sin
737 1384 68 21 fördel
821 1384 35 21 vid
871 1385 33 19 att
917 1385 59 26 sätta
986 1384 32 25 sig

190 1415 58 19 emot
264 1413 123 21 detsamma.
418 1413 75 21 Ehuru
506 1413 36 26 jag
561 1413 7 21 i
587 1413 41 21 allo
650 1413 59 21 delar
729 1412 41 22 den
789 1412 23 21 af
832 1412 56 21 Herr
906 1412 112 26 Öhrnberg

190 1441 98 21 uttalade
304 1441 55 27 åsigt
378 1442 32 20 att
428 1441 101 27 förslaget
544 1442 7 20 i
567 1441 68 21 denna
656 1441 68 27 punkt
742 1441 67 21 borde
830 1440 95 26 undergå
940 1440 78 26 nödiga

190 1469 157 27 förändringar,
363 1469 42 21 kan
422 1469 36 27 jag
481 1470 54 20 dock
554 1470 47 20 icke
620 1470 74 21 förena
716 1470 43 26 mig
777 1475 34 15 om
833 1475 26 15 en
875 1468 142 22 återremiss
1006 1464 15 37 i

190 1497 77 21 sådant
282 1497 99 22 afseende
397 1498 32 20 till
445 1498 148 26 lagutskottet.
618 1498 40 26 Jag
674 1504 63 14 anser
752 1497 106 26 nemligen
874 1499 32 19 att
922 1499 31 19 ett
964 1503 54 20 upp-

190 1525 50 22 skof
252 1526 7 21 i
274 1527 70 20 denna
359 1526 79 27 vigtiga
453 1525 60 27 fråga
528 1525 33 22 för
576 1526 47 21 vårt
638 1526 50 21 land
704 1532 50 15 vore
770 1532 25 15 en
807 1527 45 20 stor
863 1525 81 27 olycka,
955 1525 61 21 hvar-
