1095 1825
319 170 183 20 Borgareståndet.
527 170 56 17 1867.
608 170 22 16 31
643 170 48 21 Maj.
826 166 52 20 1187

153 255 47 21 Den
223 255 23 21 af
266 255 180 27 Borgareståndet
460 256 91 20 utsedda
567 256 124 26 deputation
707 255 33 21 för
756 255 154 21 framförandet

84 284 24 20 af
129 284 95 20 ståndets
248 283 208 27 afskedshelsningar
478 284 32 20 till
529 284 26 20 de
572 283 68 27 öfriga
655 284 89 20 stånden
760 283 70 26 afgick
846 284 64 25 härå;

86 312 110 21 hvarefter
218 314 126 24 emottogos,
368 312 52 21 hvar
436 312 54 21 efter
505 318 76 20 annan,
599 313 148 25 deputationer
763 312 45 20 från
825 312 84 21 Presta-

85 341 86 20 ståndet
195 343 55 18 samt
265 341 157 26 Ridderskapet
438 341 39 20 och
493 341 74 24 Adeln,
585 341 95 24 anförda,
696 341 41 20 den
752 341 57 20 förre
825 341 22 20 af
862 341 50 20 herr

86 369 144 26 Domprosten
253 369 57 26 Borg
332 369 39 21 och
391 371 39 19 den
447 375 74 15 senare
538 369 22 21 af
574 369 99 21 Friherre
688 375 41 14 von
745 369 63 24 Troil,
825 369 86 21 Samuel

86 397 96 26 Werner,
204 397 23 21 af
248 398 72 21 hvilka
342 398 49 21 herr
407 398 143 26 Domprosten
567 397 85 22 helsade
668 397 180 27 Borgareständet
863 398 48 21 med

86 426 93 27 följande
195 426 48 21 ord:

323 483 99 26 Högädle
437 483 50 21 herr
502 483 169 21 kommerseråd!

159 529 153 26 Högtvördade
334 529 139 21 medlemmar
493 528 23 21 af
532 529 107 26 vällofliga
654 528 189 27 Borgareståndet!
869 529 45 20 När

91 557 95 22 arbetets
208 558 84 20 timmar
314 559 37 20 äro
375 557 43 22 slut
440 557 71 21 känna
531 557 19 21 vi
567 557 85 26 djupast
668 557 74 21 värdet
757 557 23 20 af
793 557 40 21 den
849 557 64 26 kraft,

91 593 45 14 som
159 586 127 21 understödt
309 593 34 14 oss
368 587 67 20 under
456 586 89 21 arbetet.
578 586 27 21 Sä
629 586 80 21 känner
731 585 182 22 Presteständet
903 581 15 36 i

91 616 69 20 denna
176 615 63 21 stund
256 615 98 21 behofvet
370 617 31 19 att
418 615 84 26 aflägga
518 615 38 21 hos
572 615 107 26 välloflige
691 614 179 27 Borgareständet
881 615 32 21 sin

89 644 127 26 upprigtiga,
244 644 32 20 sin
303 650 71 14 varma
399 644 138 26 tacksägelse.
568 643 38 21 Om
632 644 65 26 något
722 643 72 25 finnes,
814 650 44 14 som
875 646 39 24 gör

91 673 69 20 denna
182 672 63 21 stund
271 672 33 21 för
319 678 34 15 oss
370 679 25 14 en
411 672 141 26 glädjestund,
569 672 22 20 sä
607 674 24 18 är
647 672 42 23 det,
705 675 33 18 att
753 672 161 21 Presteständet

90 701 41 21 fätt
154 700 47 22 frän
224 700 179 27 Borgareständet
426 703 108 24 emottaga
551 704 30 18 ett
597 700 23 21 sä
636 704 74 22 varmt,
727 700 23 21 sä
766 700 108 27 välvilligt,
890 700 24 21 sä

91 730 96 26 hjertligt
210 729 93 21 uttaladt
321 730 136 21 erkännande
473 730 23 20 af
509 729 96 21 ständets
621 730 154 23 bemödanden,
791 732 30 18 ett
837 729 77 21 erkän-

91 758 69 21 nande
182 758 77 21 sädant
282 758 35 21 det
339 764 65 20 egnar
428 760 30 19 ett
481 758 58 21 ädelt
561 758 60 21 sinne
640 761 32 17 att
687 758 62 26 gifva.
780 758 41 21 Det
837 758 41 20 kan
894 758 20 25 ej

91 787 133 21 annorlunda
239 793 57 18 vara,
312 789 26 19 än
354 789 32 19 att
401 787 104 26 Borgare-
521 786 39 22 och
576 786 175 22 Presteständens
768 786 78 25 äsigter
861 786 7 21 i
883 788 32 19 ett

92 815 39 22 och
155 818 65 18 annat
241 815 37 21 fall
301 816 54 20 visat
378 815 31 27 sig
432 815 65 26 olika;
518 821 47 15 men
581 816 36 20 det
632 822 50 14 vore
698 815 46 21 värt
760 815 60 21 lands
836 816 80 20 största

93 844 59 21 ofärd
168 850 34 15 om
219 844 25 21 de
260 844 23 20 af
297 845 48 20 dess
360 846 68 22 söner,
445 850 45 14 som
505 844 76 20 främst
597 846 35 18 äro
649 844 85 20 kallade
750 846 32 18 att
797 844 75 20 arbeta
882 843 33 21 för

92 873 48 21 dess
162 873 86 27 andliga
271 873 39 21 och
333 873 111 21 materiela
466 872 126 26 utveckling,
609 879 40 19 om,
666 874 61 25 säger
740 872 36 27 jag
792 872 62 21 dessa
869 872 46 20 lan-

93 902 46 20 dets
155 903 63 19 söner
233 902 68 20 skulle
316 901 74 27 skiljas
405 908 74 19 genom
497 901 98 26 tvedrägt
610 902 106 19 inbördes.
747 900 48 21 Gud
811 907 49 14 vare
876 900 39 21 lof-

92 929 51 22 vad!
158 930 36 21 det
211 930 38 20 har
266 930 63 21 ocksä
344 930 18 26 ej
379 929 62 22 skett.
473 929 26 21 Vi
520 929 92 21 erkänne
628 930 6 20 i
650 929 47 21 värt
714 929 79 26 hjertas
809 929 49 27 djup
875 929 40 21 den

93 958 99 27 förtjenst
212 958 182 27 Borgareständet
410 958 67 21 under
493 957 47 22 värt
551 964 156 20 gemensamma
718 958 73 21 arbete
803 957 114 27 ädagalagt

93 993 75 20 genom
188 987 47 21 dess
258 987 119 21 kännedom
399 993 34 14 om
456 987 207 25 sakförhällandena,
680 987 47 20 dess
743 987 63 26 insigt
822 987 6 20 i
844 986 73 26 lagbe-

93 1016 163 26 stämningarne.
288 1015 57 22 Utan
361 1015 71 21 tvifvel
450 1017 23 18 är
489 1016 35 20 det
540 1015 83 21 slutade
638 1015 155 21 ständermötet
808 1017 31 19 ett
854 1014 23 21 af
891 1015 26 20 de

93 1043 111 28 vigtigaste
220 1044 90 21 Finland
327 1044 44 21 haft
392 1044 39 21 och
447 1043 114 21 kanhända
576 1044 95 21 kommer
687 1046 32 18 att
734 1043 69 21 hafva.
835 1043 42 20 För
888 1043 29 20 all

93 1072 58 27 hjelp
170 1073 106 20 derunder
292 1079 25 15 en
332 1079 58 14 varm
407 1073 39 20 och
462 1072 108 27 broderlig
589 1073 58 20 tack!
679 1072 160 21 Presteständet
855 1072 63 20 utber

93 1101 32 26 sig
141 1103 31 19 att
188 1101 61 21 äfven
265 1101 114 22 framdeles
394 1101 64 21 blifva
475 1101 22 20 af
511 1101 230 26 Borgareständet
698 1096 42 36 lika
750 1101 57 20 ädelt
816 1100 102 21 bedömdt

94 1135 45 16 som
162 1136 34 15 nu.
228 1129 107 22 Måhända
358 1130 96 21 kommer
475 1136 25 14 en
522 1130 37 25 tid,
579 1136 44 15 som
640 1130 128 20 sammanför
784 1129 79 26 äsigter
879 1129 39 20 och

94 1158 106 27 utjemnar
224 1158 52 21 våra
299 1159 58 20 olika
381 1158 79 27 äsigter
485 1158 60 21 äfven
571 1159 27 20 dä
619 1158 36 21 det
682 1159 66 26 gäller
764 1158 93 27 kyrkans
873 1157 44 21 sak.

94 1187 162 21 Presteständet
272 1187 96 21 anhäller
383 1193 76 20 genom
476 1193 34 14 oss
527 1187 46 21 dess
590 1187 130 26 deputerade
739 1189 33 18 att
787 1186 132 21 fortfarande

94 1215 23 22 fä
132 1222 51 15 vara
198 1216 115 21 inneslutet
332 1216 3 20 i
351 1215 193 27 Borgareständets
560 1215 94 27 vänskap
670 1215 40 22 och
725 1215 128 22 förtroende.

164 1268 100 21 Friherre
279 1274 41 15 von
335 1267 57 22 Troil
405 1266 90 22 framför
505 1267 168 26 Ridderskapets
684 1267 40 21 och
736 1266 78 22 Adelns
825 1266 96 21 afskeds-

95 1297 97 26 helsning
206 1296 8 21 i
228 1296 93 26 följande
337 1296 49 21 ord:

163 1342 39 20 Till
218 1342 106 27 vällofiiga
339 1342 182 26 Borgareständet
536 1342 21 20 få
573 1342 19 20 vi
608 1342 129 20 härmedelst
752 1340 102 22 framföra
869 1340 52 22 Rid-

97 1370 125 27 derskapets
244 1370 40 21 och
307 1370 80 22 Adelns
410 1371 97 26 helsning
528 1370 39 21 och
591 1370 129 27 lyckönskan
744 1370 6 20 i
771 1369 113 27 anledning
900 1368 23 21 af

95 1399 141 26 landtdagens
258 1399 128 21 afslutande.
417 1400 31 20 De
471 1399 148 26 mängahanda
640 1399 39 21 och
702 1398 33 21 för
753 1398 48 21 värt
815 1398 108 20 fädernes-

96 1428 61 21 lands
180 1427 194 22 framätskridande
397 1428 94 21 särdeles
514 1428 79 26 vigtiga
616 1427 79 27 frägor,
716 1427 71 21 hvilka
802 1426 33 21 vid
853 1427 68 21 denna

96 1456 102 26 landtdag
221 1456 81 26 utgjort
324 1456 90 22 föremål
437 1456 33 21 för
493 1456 124 21 ständernes
643 1456 190 26 öfverläggningar,
859 1454 64 22 hafva

96 1486 57 20 inom
169 1484 107 27 vällofliga
290 1484 182 28 Borgareständet
488 1485 131 21 diskuterats
633 1484 49 21 med
698 1491 25 14 en
740 1484 140 26 moderation,
897 1489 25 15 en

97 1513 143 26 rätträdighet
262 1513 39 21 och
324 1519 25 15 en
373 1514 106 20 liberalité
501 1514 7 20 i
531 1513 85 26 äsigter,
632 1519 46 14 som
694 1513 46 20 icke
755 1513 82 20 kunnat
853 1511 70 26 undgå

97 1543 33 19 att
145 1541 97 21 tillvinna
257 1542 31 26 sig
303 1541 168 27 Ridderskapets
487 1541 39 21 och
542 1541 81 21 Adelns
638 1541 149 25 erkännande;
805 1540 39 21 och
855 1540 69 21 ehuru

97 1569 157 27 Ridderskapet
278 1570 39 21 och
341 1570 68 21 Adeln
433 1570 33 21 för
489 1570 32 21 sin
544 1570 33 21 del
597 1569 47 22 icke
660 1569 67 27 hyllat
743 1569 25 21 de
784 1569 23 21 af
819 1569 106 26 Borgare-
