1095 1825
301 138 184 22 Borgareståndet.
510 138 55 16 1867.
591 138 24 16 10
626 137 47 21 Maj.
831 132 42 21 1783

78 224 69 26 gröfre
169 224 149 26 brottslingars
341 223 188 26 transporterande
552 223 76 20 hunnit
643 222 86 26 införas,
746 222 108 22 äfvensom
870 224 33 20 att

79 252 131 26 underdänig
225 252 99 21 anhällan
341 252 68 21 skulle
424 254 62 24 göras
502 258 34 14 om
552 251 77 26 nödiga
644 250 111 27 ätgärders
774 251 129 26 vidtagande

79 281 6 21 i
101 282 90 20 nämnde
208 281 64 26 begge
288 281 121 20 afseenden.

147 342 155 27 Inbjudningen
317 341 125 22 föranledde
458 341 32 21 till
505 341 93 26 följande
613 341 129 20 diskussion:

148 404 55 21 Herr
226 400 153 30 Öhrnberg:
402 403 37 27 jag
459 403 68 21 häller
549 403 45 21 före
615 405 32 18 att
663 403 25 21 de
703 403 23 20 af
741 403 161 22 Prestaständet

79 433 113 20 anmärkta
216 432 208 27 omständigheterna
450 431 113 27 ingalunda
589 432 60 20 skola
674 431 70 26 undgå
767 432 134 26 regeringens

79 461 190 26 uppmärksamhet
294 461 39 20 och
359 462 32 19 att
416 461 68 25 nägon
509 460 90 20 särskild
621 460 83 20 erinran
728 459 32 21 till
776 460 126 27 styrelsen
891 455 15 36 i

79 489 147 26 ifrägakomna
251 489 119 21 hänseende
397 489 34 20 vid
457 488 76 21 sädant
558 488 131 21 förhällande
714 488 94 26 skäligen
827 489 18 26 ej
862 489 39 20 bör

80 518 85 21 komma
187 519 7 20 i
217 518 68 26 fräga;
309 517 98 21 hvarföre
425 517 36 26 jag
477 517 79 21 tilläter
572 517 41 26 mig
628 516 95 27 afstyrka
738 516 163 27 inbjudningens

80 547 127 26 antagande.

149 608 55 21 Herr
228 607 148 22 Snellman:
397 608 36 26 jag
449 607 85 21 förenar
550 608 43 26 mig
608 607 47 21 med
670 607 50 21 herr
735 603 111 31 Öhrnberg
862 608 40 21 och

81 643 62 15 anser
167 639 32 18 att
224 637 36 20 det
282 643 51 14 vore
356 643 44 14 mer
416 639 26 17 än
458 636 144 27 besynnerligt
617 638 32 19 att
664 637 98 25 påminna
779 636 123 27 regeringen

81 671 33 15 om
138 665 124 26 vidtagande
286 665 22 21 af
329 665 106 26 åtgärder,
459 665 26 26 pä
501 665 82 21 hvilkas
599 664 163 27 genomförande
778 665 124 26 regeringen

81 694 66 20 måste
163 700 51 14 vara
229 694 89 20 betänkt
333 693 24 21 sä
373 696 58 18 snart
447 694 38 20 den
503 694 32 20 till
551 694 115 20 ständerna
681 693 68 21 aflåtit
770 694 132 26 proposition

80 722 7 20 i
103 722 35 20 det
155 722 60 26 syfte,
232 728 44 14 som
292 722 39 21 den
347 721 168 27 ifrägavarande.

149 784 56 21 Herr
226 784 214 26 Bronikowskij:
464 784 60 20 äfven
543 784 37 26 jag
595 784 38 20 ber
649 785 31 19 att
695 783 21 21 fä
731 783 95 27 afstyrka
841 784 60 21 bifall

80 812 33 21 till
128 812 168 32 prestaständets
319 812 130 26 inbjudning,
472 812 61 25 helst,
551 812 65 26 enligt
631 812 55 20 hvad
700 812 36 26 jag
751 812 36 20 vill
802 812 101 26 påminna

81 840 48 27 mig,
145 840 85 22 ständet
241 840 45 26 just
301 841 48 21 med
365 840 99 22 afseende
479 840 13 21 ä
508 828 40 33 den
563 840 134 21 förestäende
708 840 138 27 erforderliga
857 840 45 21 fän-

80 869 163 26 gelserefornien
271 869 105 27 tillstyrkt
391 871 33 19 att
440 869 25 21 de
480 868 121 26 föreslagna
616 868 177 26 författningarne
808 869 7 21 i
830 871 72 19 ämnet

81 897 17 26 ej
123 898 67 20 skulle
214 897 60 21 träda
294 898 7 19 i
325 897 134 21 verksamhet
481 897 44 20 före
550 898 55 20 1870
628 899 55 18 samt
698 897 117 21 motiverna
831 897 71 21 derför

81 925 106 21 sannolikt
202 926 85 20 komma
302 927 32 19 att
349 926 6 20 i
369 925 124 21 ständernes
508 925 147 26 underdäniga
670 931 47 14 svar
732 925 78 26 inflyta.

148 987 60 22 Efter
230 987 89 22 sälunda
339 987 149 27 försiggängen
508 987 120 21 diskussion
650 988 102 20 stannade
774 987 85 21 ständet
874 987 28 26 pä

80 1016 57 21 Herr
160 1015 185 22 Talmannens
374 1016 132 26 proposition
531 1016 7 21 i
561 1016 36 21 det
620 1016 76 25 beslut,
712 1018 32 19 att
760 1021 44 15 som
817 1015 85 22 ständet

80 1044 65 26 ansåg
171 1044 36 21 det
222 1045 102 26 styrelsen
341 1045 61 20 äfven
418 1046 52 19 utan
486 1044 91 21 särskild
593 1045 84 20 erinran
692 1032 74 33 derom
781 1043 47 22 från
844 1046 57 19 stän-

80 1073 76 20 dernas
179 1073 45 20 sida
247 1073 18 26 ej
287 1073 70 20 kunde
379 1072 111 21 underlåta
509 1075 32 18 att
557 1073 12 20 å
585 1073 155 20 ofvannämnda
755 1072 147 21 förhållanden

79 1101 56 21 fästa
157 1101 64 26 nödig
244 1101 194 26 uppmärksamhet,
462 1101 49 20 fann
527 1101 86 21 ståndet
628 1101 32 26 sig
675 1101 46 21 icke
736 1107 39 20 ega
789 1101 114 26 anledning

79 1131 32 18 att
127 1129 84 21 biträda
226 1129 41 21 den
282 1129 22 21 af
318 1129 161 21 Prestaståndet
494 1129 125 21 meddelade
628 1129 161 26 inbjudningen;
801 1128 101 22 skolande

79 1157 197 27 protokollsutdrag
291 1158 73 21 derom
379 1158 31 21 till
428 1157 96 26 samtlige
540 1157 138 22 medstånden
694 1157 129 27 expedieras.

148 1215 54 20 Herr
217 1214 167 22 Talmannen
400 1214 142 27 tillkännagaf
557 1215 32 26 sig
607 1214 62 22 hafva
687 1214 31 21 uti
735 1213 109 22 skrifvelse
855 1213 47 22 från

79 1242 60 22 Hans
149 1243 105 21 excellens
268 1243 221 27 generalguvernören
505 1243 58 21 öfver
573 1243 89 21 Finland
674 1242 41 22 fått
725 1244 108 24 emottaga
843 1242 59 22 Hans

79 1271 118 27 Kejserliga
222 1271 111 27 Majestäts
351 1271 79 26 nådiga
444 1272 131 26 proposition
591 1271 109 27 angående
716 1271 109 27 byggande
840 1271 23 21 af
876 1278 26 14 en

77 1299 87 27 jernväg
188 1300 46 20 från
255 1300 114 21 Riihimäki
393 1300 78 20 station
495 1300 13 20 å
523 1299 294 27 Helsingfors—Tavastehus
832 1299 70 21 banan

79 1327 59 21 öfver
162 1328 74 20 Lahtis
255 1328 39 21 och
310 1328 88 27 Wiborg
413 1328 32 21 till
461 1328 32 21 S:t
507 1328 140 26 Petersburg;
663 1328 86 21 hvilken
764 1328 138 26 proposition,

79 1356 61 21 deraf
161 1356 83 27 tryckte
268 1357 108 26 exemplar
395 1356 79 27 jemväl
490 1356 69 22 blifvit
574 1356 65 21 bland
654 1356 95 21 ståndets
764 1357 139 20 medlemmar

78 1384 107 25 utdelade,
210 1384 24 21 af
258 1384 55 22 Herr
338 1385 168 21 Talmannen
528 1391 28 15 nu
581 1384 110 27 föredrogs
715 1385 31 20 till
762 1384 83 26 åtgärd;
862 1384 39 22 och

76 1412 65 27 jemte
167 1413 37 21 det
228 1413 91 26 ståndet,
346 1414 54 20 efter
416 1414 72 20 derom
504 1413 23 21 af
540 1413 57 21 Herr
612 1412 155 22 Talmannen
783 1412 120 22 framställd

78 1441 137 26 proposition,
240 1441 69 21 beslöt
331 1444 32 18 att
383 1441 130 21 öfverlemna
529 1441 88 21 ärendet
632 1441 32 21 till
680 1441 115 26 beredning
810 1440 23 22 af
846 1447 57 15 sam-

77 1471 94 19 mansatt
194 1470 108 20 ekonomi-
324 1472 55 18 samt
399 1472 62 19 stats-
484 1470 40 20 och
547 1470 216 26 bevillningsutskott,
779 1469 67 21 skulle
862 1469 41 21 den

77 1497 78 26 nådiga
170 1498 160 26 propositionen
346 1498 6 21 i
368 1498 78 21 sådant
460 1498 99 21 afseende
575 1498 99 21 bemälda
693 1498 84 21 utskott
792 1497 112 22 tillsändas

76 1526 49 19 med
141 1526 77 26 utdrag
232 1526 23 21 af
269 1527 58 20 detta
342 1526 115 26 protokoll.
