1095 1825
220 143 42 21 842
421 148 183 21 Borgareståndet.
629 148 55 17 1867.
708 149 23 16 14
743 148 47 21 Maj.

262 233 57 22 Herr
342 234 176 26 Lindeqvist:
540 234 36 20 det
596 234 204 26 bekymmersamma
819 234 54 25 läge,
894 233 60 21 hvari
970 232 48 22 vårt

193 262 52 22 land
266 268 29 15 nu
315 262 96 21 befinner
427 262 37 26 sig,
480 262 39 21 och
535 262 81 21 hvilket
631 264 24 18 är
670 262 165 26 allmänneligen
851 262 86 25 bekant,
953 264 24 18 är
992 268 26 14 en

193 290 83 27 mäktig
297 290 72 25 orsak,
391 290 32 21 till
439 292 31 18 att
486 290 68 26 någon
570 290 56 26 slags
641 290 125 26 förändring
781 290 53 21 eller
849 290 106 26 rubbning
970 291 6 20 i
992 290 26 20 de

191 319 158 24 förhållanden,
365 324 46 15 som
427 319 158 26 propositionen
601 319 91 20 omtalar
708 319 67 20 under
786 319 122 20 nuvarande
919 318 100 27 tidpunkt

193 347 47 21 icke
259 347 68 20 borde
343 347 86 21 komma
444 346 73 27 ifråga,
533 347 98 20 hvarföre
645 347 37 26 jag
697 347 33 20 för
745 347 42 20 min
800 347 34 20 del
849 346 69 21 skulle
933 346 83 25 föreslå,

193 377 33 20 att
249 375 183 27 Borgareståndet
453 375 48 21 ville
524 375 96 27 förkasta
642 375 165 27 propositionen.
838 375 49 20 Men
907 375 36 26 jag
969 375 48 21 ville

193 404 126 27 ytterligare
334 405 6 19 i
357 405 89 19 motsats
462 403 32 21 till
510 404 55 20 Herr
578 403 111 27 Öhrnberg
704 404 93 25 förorda,
813 405 32 19 att
860 403 124 26 afböjandet
996 403 24 21 af

194 433 60 20 detta
277 432 116 26 lagförslag
413 432 48 21 sker
475 434 51 19 utan
542 432 70 26 någon
627 432 101 21 anhållan
743 438 34 15 om
792 433 47 25 nytt
854 431 116 26 lagförslag
985 432 33 21 till

194 463 62 18 nästa
280 460 108 25 landtdag,
405 461 88 20 emedan
507 460 36 27 jag
558 462 52 24 tror,
626 461 36 20 det
678 467 25 14 en
720 460 65 21 sådan
801 460 155 27 framställning
971 460 46 21 icke

194 489 70 21 skulle
288 489 63 20 lända
370 489 33 20 till
424 489 69 26 någon
513 489 86 23 båtnad,
621 489 26 20 då
665 489 84 21 landets
770 489 123 20 nuvarande
908 488 110 21 finansiela

194 517 151 21 förhållanden
367 523 75 20 genom
459 517 39 21 den
515 517 113 21 osäkerhet
644 517 39 21 och
699 517 98 26 ovisshet,
814 523 45 15 som
876 516 142 22 allmänheten

194 546 68 21 skulle
278 545 64 21 hafva
357 551 34 15 om
407 546 36 20 det
458 545 105 22 blifvande
579 545 144 27 lagförslaget,
735 545 71 22 kunde
817 545 81 21 erhålla
911 552 25 14 en
948 545 70 26 vådlig

195 574 113 26 rubbning,
331 576 52 19 utan
407 574 48 21 ville
475 574 36 26 jag
533 574 93 25 förorda,
648 576 33 19 att
705 574 159 26 propositionen
887 573 69 22 såsom
979 574 39 20 hos

194 603 158 26 Ridderskapet
368 602 39 22 och
423 602 67 22 Adeln
505 603 47 21 icke
568 603 68 21 skulle
652 602 23 22 af
688 602 85 22 ståndet
787 605 95 24 antagas.

264 659 57 21 Herr
341 659 124 26 Östring:
487 659 6 21 i
517 659 66 21 likhet
597 659 48 21 med
662 659 26 21 de
703 658 127 26 föregående
846 659 94 21 talarene
956 664 62 15 anser

192 688 38 26 jag
245 687 160 27 propositionen
420 688 46 20 icke
482 688 71 20 kunna
568 687 110 21 föranleda
694 688 32 20 till
742 687 68 27 någon
822 689 60 25 nytta
892 687 33 21 för
935 687 83 21 landets

196 715 219 22 kreditförhållanden
430 716 67 20 under
511 716 132 20 närvarande
658 716 38 25 tid,
713 716 39 21 och
768 718 56 18 ännu
839 716 81 20 mindre
932 716 40 20 kan
982 715 36 27 jag

195 744 114 27 godkänna
332 744 25 21 de
381 744 22 21 af
428 744 105 21 utskottet
558 744 121 26 föreslagna
698 744 155 26 förändringar,
879 744 71 21 hvilka
972 744 46 21 icke

196 774 72 20 kunna
286 772 27 26 gå
328 775 23 18 ut
366 772 28 26 på
409 775 64 19 annat
488 774 26 19 än
529 774 33 19 att
576 772 112 22 förorsaka
702 772 131 27 långifvaren
849 772 114 26 omgångar
978 772 40 21 och

196 802 101 20 förluster
318 803 56 19 samt
394 800 125 28 låntagaren
540 802 115 26 omgångar
680 801 40 21 och
741 801 116 21 kostnader
879 801 107 21 äfvensom
1012 801 6 20 i

198 830 116 20 allmänhet
335 829 112 21 framkalla
467 836 26 14 en
515 830 64 26 panik
599 830 39 20 och
659 829 129 21 underblåsa
803 830 151 20 misstroendet
969 835 49 15 man

197 858 39 21 och
252 864 50 14 man
317 858 95 20 emellan.

266 886 41 26 Jag
329 886 117 26 tillstyrker
469 886 88 24 derföre,
581 888 32 20 att
634 886 85 21 ståndet
741 886 35 21 må
797 886 101 26 förklara,
920 886 36 21 det
971 886 48 20 hela

198 914 139 27 lagförslaget
359 914 46 21 icke
428 914 42 21 kan
492 914 23 21 af
535 915 86 20 ståndet
642 915 131 26 godkännas,
794 914 38 21 och
849 914 36 21 det
900 914 23 21 så
938 914 84 26 mycket

198 943 67 21 hellre
281 949 45 14 som
342 943 56 20 bruk
414 943 39 20 och
469 943 60 21 seder
545 949 45 14 mer
605 943 40 20 och
655 949 46 14 mer
712 943 70 26 börjat
794 943 89 20 utdöma
893 943 129 27 missbruket

198 971 24 21 af
243 971 84 26 proprie
347 971 184 26 borgessystemet.
561 971 62 21 Hvad
646 971 66 26 angår
735 973 36 19 det
794 971 23 21 af
833 971 56 21 Herr
911 971 111 26 Öhrnberg

198 1000 122 25 föreslagna
336 999 96 26 tillägget
448 999 51 21 eller
514 999 100 22 anhållan
630 1002 32 19 att
678 1001 31 20 ett
722 1001 46 25 nytt
783 999 115 26 lagförslag
913 1000 34 20 må
958 999 65 20 fram-

200 1029 74 25 läggas
289 1027 33 21 för
338 1027 83 21 landets
437 1028 86 21 ständer
538 1028 35 21 vid
589 1030 63 19 nästa
668 1028 109 26 landtdag,
793 1028 24 20 så
831 1027 86 22 förenar
929 1028 37 25 jag
981 1027 42 26 mig

200 1057 48 20 med
272 1057 55 20 Herr
349 1056 123 26 Lindeqvist
494 1057 6 20 i
523 1056 53 21 hans
598 1057 100 26 yttrande
721 1057 79 25 derom,
824 1059 22 24 ty
867 1056 36 26 jag
919 1062 63 15 anser
998 1062 25 15 en

200 1085 67 20 sådan
290 1083 99 22 anhållan
412 1091 52 14 vara
479 1085 93 20 hvarken
589 1085 63 26 nödig
668 1085 52 20 eller
735 1085 74 26 nyttig.
840 1085 41 26 Jag
896 1087 45 18 tror
956 1086 33 19 att
1004 1084 20 20 vi

200 1114 7 19 i
230 1113 38 20 vår
283 1113 192 26 landtdagsmanna
489 1113 72 26 praxis
576 1113 111 21 inkommit
703 1113 27 26 på
746 1119 25 15 en
786 1113 69 26 afväg,
872 1113 105 20 såtillvida
994 1114 31 19 att

202 1141 121 25 ständerna,
339 1141 26 20 då
381 1141 26 20 de
423 1143 37 19 äro
476 1141 22 21 af
513 1141 56 21 olika
584 1141 55 27 åsigt
654 1142 48 21 med
718 1141 130 27 regeringen,
864 1141 74 26 tyckas
948 1143 77 18 nästan

201 1170 33 21 för
257 1170 84 26 mycket
364 1170 52 21 söka
440 1172 31 19 att
493 1169 22 21 få
534 1170 32 20 sin
582 1170 50 27 vilja
647 1171 89 25 igenom.
767 1170 38 21 Ett
820 1169 77 21 sådant
911 1169 115 26 lagförslag

202 1205 45 14 som
264 1198 60 21 detta
339 1198 61 21 torde
416 1198 46 21 icke
478 1198 80 22 förlora
573 1198 65 27 något
654 1198 73 26 derpå,
743 1200 33 19 att
791 1198 36 21 det
842 1197 75 22 blifver
928 1197 98 22 hvilande

202 1227 33 21 till
251 1233 25 14 en
292 1233 69 14 annan
377 1227 108 26 landtdag,
502 1227 27 21 då
544 1227 36 21 det
596 1228 60 20 äfven
672 1229 24 19 är
711 1227 55 25 bäst,
783 1228 32 20 att
830 1226 115 22 ständerna
956 1226 71 22 lemna

203 1255 124 31 regeringen
342 1255 41 20 fria
398 1255 81 21 händer
493 1258 33 18 att
541 1255 79 21 föreslå
634 1262 26 14 en
676 1255 132 32 proposition
820 1256 7 20 i
839 1255 48 21 dess
898 1257 48 24 eget
958 1255 69 26 tycke,

203 1283 40 21 och
264 1283 36 27 jag
321 1283 98 21 betviflar
441 1284 46 20 icke
507 1285 33 19 att
555 1284 103 32 styrelsen
674 1284 19 26 ej
709 1283 55 22 skall
779 1284 66 26 draga
860 1285 61 25 nytta
935 1283 23 21 af
972 1283 56 21 hvad

204 1312 115 20 ständerna
341 1312 35 20 vid
399 1312 70 20 denna
483 1312 101 26 landtdag
600 1312 7 20 i
623 1312 64 21 saken
702 1295 130 48 förhandlat.
862 1312 41 26 Jag
919 1318 61 14 anser
996 1313 32 19 att

204 1340 92 25 ståndet,
312 1342 50 18 utan
379 1340 65 26 något
459 1340 71 21 vidare
546 1340 80 27 tillägg,
642 1341 40 21 bör
698 1340 101 26 förklara,
815 1340 36 21 det
869 1324 159 47 propositionen

204 1368 46 21 icke
266 1368 81 21 kunnat
363 1368 22 21 af
399 1368 85 21 ståndet
499 1371 95 24 antagas.

274 1424 56 20 Herr
352 1424 156 21 Lindblom:
532 1424 61 22 äfven
607 1425 37 26 jag
659 1425 42 20 kan
716 1425 46 20 icke
778 1424 107 26 tillstyrka
901 1424 129 26 antagandet

205 1452 23 21 af
242 1452 41 21 den
299 1452 77 26 nådiga
391 1453 158 27 propositionen
566 1454 52 20 eller
632 1453 118 21 utskottets
766 1452 143 21 betänkande.
935 1452 48 21 Men
994 1452 37 27 jag

205 1486 64 16 anser
285 1481 6 20 i
307 1480 68 21 likhet
389 1481 49 21 med
453 1481 56 21 Herr
525 1481 117 26 Öhrnberg,
658 1484 32 18 att
705 1482 7 20 i
728 1481 127 21 ständernas
869 1487 49 15 svar
933 1481 12 21 å
956 1487 76 20 propo-

206 1509 92 20 sitionen
315 1509 66 20 borde
396 1509 49 32 ingå
461 1516 25 13 en
501 1510 100 21 anhållan
617 1516 34 14 om
660 1509 143 28 utarbetande
815 1510 31 20 till
858 1511 61 19 nästa
930 1509 102 26 landtdag

205 1537 24 21 af
251 1539 32 19 ett
304 1537 115 26 lagförslag
434 1537 7 20 i
457 1537 35 22 det
507 1537 61 28 syfte,
584 1538 56 21 Herr
656 1533 112 31 Öhrnberg
783 1537 78 22 anfört.
891 1537 45 21 Och
952 1537 33 21 för
1000 1539 33 20 att
