1095 1825
288 148 183 22 Borgareständet.
496 149 55 17 1867.
576 149 25 17 27
613 149 48 21 Maj.
810 145 55 21 1097

66 234 33 22 till
123 234 45 22 dem
190 234 87 27 upplåta
299 234 46 21 sina
367 234 122 27 byggnader
509 234 7 20 i
537 234 82 21 staden.
650 234 50 21 Men
715 234 75 21 sådant
805 234 89 22 oaktadt

66 262 63 22 hafva
144 262 113 27 utgifterna
272 262 32 22 för
319 262 171 28 ingvarteringen
506 262 46 22 icke
567 262 144 23 förminskats.
734 262 40 26 Jag
788 262 44 22 blef
847 263 46 21 der-

66 291 45 21 före
127 291 80 26 ganska
228 291 140 26 surprenerad
387 291 27 20 då
424 291 37 26 jag
481 291 54 20 läste
551 291 59 21 detta
625 290 213 28 författningsförslag
854 291 40 22 och

66 319 51 21 fann
136 321 31 19 att
191 319 40 21 den
252 319 123 21 emotsedda
396 319 132 27 regleringen
545 319 17 26 ej
583 319 69 21 skulle
667 319 159 26 åvägabringas,
842 322 51 19 utan

66 350 33 19 att
113 347 123 27 regeringen
252 347 31 21 till
299 347 136 21 bestridande
450 347 23 21 af
486 348 55 21 vissa
556 347 271 27 inqvarteringskostnader
837 348 55 21 blott

65 376 76 26 begärt
156 377 30 20 ett
202 375 72 27 anslag
290 375 20 22 af
325 376 91 24 300,000
432 376 66 25 mark,
515 377 31 20 att
560 377 51 25 utgå
621 382 25 15 ur
656 376 163 21 kommunernes
829 376 63 21 andel

65 404 6 21 i
88 404 190 25 bränvinsskatten,
295 404 83 21 hvilken
399 404 69 25 andel,
484 405 65 20 sedan
568 404 113 21 ständerna
702 404 32 21 vid
750 404 141 21 innevarande

65 432 101 27 landtdag
181 432 109 27 medgifvit
305 435 31 18 att
352 432 100 27 anslagen
463 432 33 21 för
506 433 224 26 jernvägsbyggnaden
740 432 55 27 finge
806 433 87 20 framför

65 461 162 21 kommunernes
243 461 40 21 lott
298 462 56 25 utgå,
371 463 24 19 är
409 461 82 26 ganska
506 461 158 26 problematisk.
695 461 39 21 Om
751 461 63 21 också
830 461 61 21 dessa

66 489 91 26 300,000
172 489 36 22 mk
224 489 87 22 sålunda
326 489 68 22 skulle
403 489 61 26 utfås,
474 489 69 22 blefve
551 489 95 21 fördelen
654 489 32 21 för
695 489 25 21 de
728 489 164 27 ingvarterings-

65 517 94 28 skyldige
174 518 80 27 ganska
269 518 66 26 ringa,
358 520 51 19 enär
427 518 92 21 nämnda
535 524 82 15 summa
637 517 7 21 i
659 518 87 21 främsta
762 520 90 19 rummet
867 520 24 19 är

65 545 72 22 afsedd
160 549 32 19 att
215 546 89 21 betäcka
326 547 79 20 sådana
426 547 122 25 kostnader,
564 552 46 15 som
633 546 75 21 hittills
727 546 101 21 utbetalts
844 546 46 21 från

65 575 156 21 militiefonden.
242 575 40 26 Jag
298 575 37 20 har
352 574 82 21 derföre
450 575 6 20 i
472 575 75 27 antydt
563 574 99 22 afseende
672 574 116 27 resignerat
799 575 38 20 och
848 575 42 20 kan

64 603 46 22 icke
126 605 64 20 annat
206 605 26 19 än
253 605 100 19 motsätta
377 603 42 27 mig
441 603 138 22 förevarande
595 603 18 27 8,
635 605 22 25 ty
673 603 39 21 den
733 603 95 27 lindring,
845 610 45 14 som

64 638 75 18 genom
156 632 39 21 den
210 632 40 21 här
265 631 118 27 föreslagna
402 632 145 26 fördelningen
568 631 22 21 af
604 632 141 21 kostnaderne
761 631 31 21 för
807 632 84 21 anskaf-

64 660 63 21 fande
149 661 23 20 af
192 660 39 21 ved
250 660 65 26 jemte
338 660 40 26 ljus
401 660 39 21 och
464 660 115 26 sänghalm,
603 660 70 21 kunde
696 660 84 21 komma
800 660 25 21 de
841 660 49 21 med

64 688 142 27 ingvartering
222 690 54 19 mest
292 688 119 27 betungade
430 689 99 21 städerne
544 689 32 21 till
595 689 40 25 del,
652 691 22 19 är
689 688 7 21 i
711 688 130 22 förhällande
857 688 32 22 till

64 719 91 24 tungans
169 717 81 21 storlek
271 718 23 20 sä
315 717 113 27 obetydlig,
449 719 32 19 att
497 718 36 20 det
548 718 17 26 ej
587 717 60 21 lönar
663 717 75 21 mödan
754 718 31 20 att
799 716 90 22 besvära

64 745 158 21 vederbörande
245 746 47 20 med
315 746 40 20 den
378 746 109 26 vidlyftiga
509 746 113 26 bokföring
644 745 158 27 ifrägavarande
824 745 65 27 ligvid

63 773 69 22 skulle
147 774 92 26 päkalla.
268 774 31 21 Pä
313 774 69 26 grund
398 774 62 21 häraf
474 774 39 21 och
529 774 33 21 för
577 776 32 19 att
625 774 35 21 det
675 774 7 20 i
697 774 110 20 framtiden
824 774 17 26 ej
855 774 34 20 mä

63 802 72 21 kunna
149 802 108 21 förebäras
272 805 32 18 att
319 802 254 27 ingvarteringsbesväret
591 802 68 22 skulle
674 802 68 21 blifvit
756 808 75 20 genom
848 802 40 20 den

63 830 39 21 här
117 830 113 22 förordade
245 831 102 26 åtgärden
362 830 100 26 lindradt,
479 837 62 15 anser
554 831 37 27 jag
606 831 48 21 bäst
668 832 32 20 att
716 830 121 22 densamma
846 830 43 21 för-

63 858 62 22 faller
139 859 39 21 och
194 861 32 19 att
242 859 123 27 regeringen
381 862 23 18 är
420 859 89 21 betänkt
525 860 27 26 pä
568 859 66 21 andra
649 861 88 24 utvägar
752 859 6 20 i
769 859 58 21 detta
837 858 52 22 hän-

63 887 82 21 seende.
176 888 10 20 I
205 887 113 26 anledning
336 888 21 20 af
377 888 55 21 Herr
455 888 76 21 Malms
552 888 99 27 yttrande
667 889 31 19 att
713 887 98 21 städerna
826 887 63 21 hafva

63 917 45 19 stor
123 915 66 21 fördel
212 915 20 21 af
252 916 169 26 ingvarteringen
440 915 36 22 vill
493 916 36 27 jag
547 916 52 21 visst
618 915 103 27 medgifva
739 917 32 19 att
791 915 39 21 den
846 915 43 21 till-

63 943 92 27 skyndas
169 944 69 26 nägon
255 947 59 24 nyttä
330 944 65 24 deraf,
411 951 48 14 men
475 946 32 19 att
523 945 69 20 denna
607 946 14 19 t.
638 951 31 14 ex.
682 944 32 21 för
723 943 88 27 Wiborg
821 943 68 21 skulle

63 977 51 16 vara
129 973 24 20 sä
167 974 51 23 stor,
235 975 31 18 att
282 973 39 20 den
337 973 111 26 uppvägde
464 973 25 21 de
506 973 77 26 80,000
600 973 60 20 mark
675 972 64 27 sagde
751 972 48 21 stad
809 972 80 26 nödgas

62 1000 34 21 för
111 1000 169 27 ingvarteringen
301 1001 80 26 ärligen
399 1001 86 26 utgifva,
504 1001 63 21 torde
585 1001 80 21 enhvar
680 1000 22 21 af
721 1000 94 22 ständets
831 1000 57 21 med-

63 1028 89 21 lemmar
166 1028 45 22 inse
226 1035 50 15 vara
292 1035 25 15 en
333 1029 129 27 emöjlighet.

132 1085 55 21 Herr
203 1085 85 22 Malm:
311 1086 38 21 Att
365 1086 67 21 under
452 1086 98 21 sistlidna
565 1087 24 20 är
604 1086 39 21 här
658 1085 102 22 utbetalts
775 1085 7 20 i
797 1084 92 27 aflöning

61 1114 24 21 ät
100 1113 63 28 ryska
174 1113 104 22 militären
290 1115 114 26 2,100,000
415 1114 60 21 rubel
486 1115 71 21 silfver
567 1114 93 27 framgär
670 1113 21 22 af
700 1114 93 21 bankens
804 1113 84 21 böcker.

61 1142 11 21 I
88 1141 56 22 hvad
159 1143 49 20 män
224 1142 60 21 dessa
300 1143 67 21 medel
383 1143 65 21 sedan
464 1143 90 21 kommit
569 1143 26 21 de
606 1143 47 21 med
662 1142 142 27 ingvartering
813 1142 75 21 betun-

61 1171 56 26 gade
139 1171 100 21 städerna
262 1171 32 21 till
316 1171 33 21 del
371 1173 24 19 är
409 1172 59 20 svårt
483 1173 32 19 att
536 1171 79 27 afgöra,
631 1177 48 15 men
695 1173 32 19 att
742 1170 86 27 Wiborg
843 1171 46 20 icke

61 1198 70 22 blifvit
146 1198 80 27 lottlös,
242 1201 50 19 utan
308 1199 89 22 sålunda
411 1199 118 22 bekommit
544 1200 128 21 åtminstone
688 1200 69 26 någon
772 1199 117 27 ersättning

60 1227 34 21 för
110 1227 40 21 den
165 1229 66 25 tunga
246 1228 74 21 staden
335 1228 40 21 fätt
390 1228 124 27 vidkännas,
531 1230 24 19 är
570 1231 59 19 utom
642 1228 39 22 allt
695 1228 77 21 tvifvel.

130 1284 31 21 På
175 1284 57 22 Herr
252 1284 170 22 Talmannens
445 1285 52 21 härä
516 1284 132 22 framställda
662 1284 131 28 proposition
808 1284 80 20 beslöts

59 1312 50 21 med
127 1312 153 27 öfvervägande
295 1313 109 27 pluralitet
422 1315 32 19 att
473 1314 12 26 $
502 1314 12 20 7
530 1313 7 21 i
553 1313 143 22 betänkandet
718 1314 69 20 såsom
812 1312 75 27 ock:$

59 1340 7 20 i
83 1340 41 22 den
140 1341 77 27 nädiga
233 1342 159 26 propositionen
407 1342 68 21 skulle
491 1348 26 15 ur
532 1342 236 26 författningsförslaget
778 1340 108 22 uteslutas.

352 1426 15 27 $
382 1428 15 19 8
412 1427 9 20 i
439 1426 151 21 betänkandet.

128 1482 56 22 Herr
200 1478 117 32 Östring:
341 1483 31 21 På
384 1482 57 22 förut
452 1483 89 21 anförda
551 1483 47 21 skäl
609 1482 115 28 tillstyrker
732 1483 38 27 jag
781 1484 32 20 att
823 1482 65 21 också

57 1510 73 22 denna
145 1510 11 28 $
171 1512 67 20 måtte
253 1511 105 22 bortfalla.
389 1512 104 26 Ligviden
514 1512 27 26 pä
562 1512 72 21 landet
648 1511 68 22 blefve
732 1514 55 19 ännu
801 1511 86 21 svårare

56 1539 27 20 än
99 1538 7 21 i
123 1539 106 22 städerna.
244 1539 42 22 Det
302 1546 49 15 vore
367 1539 41 22 lätt
423 1541 32 20 att
469 1540 7 21 i
493 1539 99 22 afseende
607 1540 14 21 &
631 1539 26 22 de
667 1539 127 22 förbrukade
803 1539 84 26 ingvar-
