1095 1825
318 142 185 22 Borgareständet.
527 142 55 17 1867.
607 142 25 17 27
644 142 48 22 Maj.
834 139 52 21 1111

160 226 147 22 Förevarande
322 226 89 27 petition
427 226 90 22 förafser
532 226 33 21 väl
581 228 32 20 att
628 227 36 20 det
675 226 78 22 äskade
766 228 152 26 statsbidraget

92 255 17 27 ej
133 255 67 21 skulle
223 256 79 20 lemnas
324 255 51 25 förr,
396 257 27 19 än
445 255 140 21 statsverkets
603 254 113 28 tillgångar
731 255 6 21 i
753 255 113 22 framtiden
882 257 36 21 det

92 283 110 26 medgifva,
226 284 39 20 och
288 284 105 20 utskottet
414 283 40 21 har
475 283 18 26 ej
513 283 98 21 förbisett
627 286 32 18 att
675 284 35 20 det
726 284 26 25 pä
768 284 65 21 sädan
849 285 69 26 grund

92 311 41 21 kan
156 311 101 22 invändas
280 314 31 18 att
329 311 117 27 petitionen
466 311 17 26 ej
500 312 38 25 gär
553 313 24 19 ut
592 312 27 25 pä
634 314 32 18 ett
681 311 109 27 samtidigt
805 313 112 21 utförande

92 339 22 21 af
127 339 49 22 flere
189 340 228 27 jernvägsbyggnader,
433 341 51 20 utan
500 340 63 21 deras
573 339 157 22 verkställande
740 341 113 21 successivt
864 341 53 21 efter

91 367 125 22 hvarandra.
246 368 49 21 Men
311 369 66 25 jemte
396 368 36 21 det
452 367 105 22 utskottet
575 367 124 22 förutsätter
714 371 32 18 att
761 369 120 26 byggandet
897 369 22 21 af

91 395 41 22 den
155 396 46 21 utaf
221 396 102 27 styrelsen
341 396 120 27 föreslagna
473 396 116 27 jernvägen
605 396 154 27 otvifvelaktigt
774 397 95 22 kommer
885 400 32 19 att

91 424 56 26 gifva
169 425 71 20 landet
263 425 36 20 full
321 425 162 26 sysselsättning
498 424 55 21 intill
569 425 47 20 dess
632 425 112 21 ständerne
760 425 87 22 härnäst
862 432 55 15 sam-

93 453 116 25 manträda,
228 455 24 19 är
273 453 34 21 det
325 453 117 22 utskottets
461 453 66 21 tanke
545 455 32 19 att
593 453 35 21 det
644 453 35 20 vid
694 453 75 21 sädant
784 453 132 22 förhällande

92 481 39 21 bör
154 488 50 15 vara
226 481 52 25 dem,
300 488 44 15 som
368 482 27 21 dä
410 484 148 24 representera
573 481 79 24 landet,
668 481 131 27 förbehället,
816 485 32 18 att
863 482 54 21 efter

93 509 26 21 de
136 510 78 27 äsigter
234 510 38 21 och
291 510 188 27 omständigheter,
498 509 72 22 hvilka
586 509 73 22 dervid
674 512 37 19 äro
727 510 99 26 rådande,
843 510 74 27 afgöra

92 537 40 22 och
147 538 117 21 bestämma
280 545 32 14 om
328 538 117 21 företrädet
460 537 90 22 emellan
567 538 25 21 de
608 537 56 22 olika
680 538 72 25 banor,
768 545 45 14 som
830 539 34 21 vid
875 539 41 21 den

92 566 57 21 tiden
172 567 106 21 sannolikt
300 567 59 20 skola
377 567 107 26 uppträda
499 566 92 21 täflande
607 567 47 20 med
670 566 127 27 hvarandra;
813 569 56 19 samt
883 569 33 19 att

92 595 40 21 den
155 601 28 15 nu
204 595 125 21 församlade
352 595 128 26 landtdagen
504 595 83 21 derföre
608 595 46 21 icke
670 595 38 21 bör
722 601 75 21 genom
814 598 31 19 ett
860 598 56 19 utta-

92 623 62 21 lande
170 624 6 20 i
192 626 70 18 ämnet
278 625 26 25 gå
319 624 59 20 detta
395 623 158 21 bestämmande
568 624 7 19 i
590 623 80 27 förväg.

160 652 110 21 Utskottet
285 652 149 21 underkänner
449 652 46 21 icke
510 652 75 20 värdet
600 652 21 20 af
636 652 40 21 den
692 652 223 28 penningeuppoffring

92 680 70 26 Borgå
181 680 47 21 stad
250 680 56 21 velat
328 680 72 22 ikläda
422 680 32 26 sig
473 680 32 20 för
521 680 114 26 företagets
650 680 147 26 realiserande,
813 681 102 21 ehuruväl

92 708 104 22 utskottet
219 708 66 22 håller
305 708 44 22 före
372 711 32 19 att
419 709 7 20 i
441 708 68 22 andra
531 708 74 21 länder
627 709 39 21 den
682 708 80 28 princip
778 709 6 20 i
800 709 115 21 allmänhet

92 738 24 19 är
137 737 132 26 vedertagen,
293 740 31 18 att
347 738 75 20 endast
445 737 152 21 stambanorna
619 736 80 28 byggas
717 737 134 22 uteslutande
866 738 48 20 med

91 765 129 27 statsmedel,
237 772 47 14 men
299 765 95 25 bibanor,
411 772 34 14 om
461 767 26 19 än
503 765 46 21 icke
562 765 45 21 helt
618 766 38 20 och
668 765 70 26 hållet,
752 766 23 20 så
785 766 129 21 åtminstone

91 793 32 21 till
145 796 68 18 större
236 794 60 21 delen
319 794 22 20 af
361 794 54 26 dem,
434 800 45 15 som
496 793 60 21 deraf
570 796 64 18 vänta
649 794 31 26 sig
695 794 91 21 fördelar
801 797 55 18 samt
871 794 44 21 för-

92 821 61 27 öfrigt
176 822 47 21 med
246 822 128 26 statsbidrag
393 825 57 18 emot
466 822 292 27 återbetalningsskyldighet,
774 823 75 20 medan
866 823 48 20 der-

91 852 57 19 emot
170 856 28 15 nu
220 850 98 21 anhållan
337 850 67 22 blifvit
420 851 60 26 gjord
497 852 31 19 att
543 853 51 18 utan
609 850 127 22 förbindelse
750 850 32 22 till
799 850 114 22 återbetal-

91 878 50 26 ning
160 878 80 22 erhålla
263 879 35 21 det
318 879 79 21 äskade
420 878 208 27 penningebidraget.
664 878 110 22 Utskottet
799 879 36 21 vill
859 879 54 21 dock

90 912 65 20 gerna
177 907 109 26 medgifva,
305 910 32 18 att
353 908 77 20 bruket
445 908 7 19 i
467 908 67 20 andra
549 906 79 27 länder,
645 907 55 21 hvad
715 908 92 20 nämnda
821 910 94 18 omstän-

91 934 71 27 dighet
183 935 105 24 beträffar,
308 935 97 27 möjligen
422 935 17 26 ej
456 935 39 21 har
510 935 149 26 tillämplighet
674 936 13 20 å
702 936 50 20 våra
767 935 147 21 förhållanden

91 963 38 20 och
153 963 91 22 skänker
265 963 6 21 i
294 963 41 21 alla
356 963 35 22 fall
415 963 138 22 förenämnda
576 963 71 21 anbud
667 963 39 21 allt
728 963 35 21 det
778 963 135 22 erkännande

91 991 116 22 detsamma
222 991 109 27 förtjenar;
348 998 47 15 men
408 992 105 21 utskottet
525 991 68 22 finner
603 991 36 22 det
650 992 95 21 deremot
754 992 45 21 icke
810 992 104 26 antagligt

91 1022 32 18 att
142 1020 102 27 styrelsen
259 1021 6 20 i
281 1020 112 27 anledning
409 1020 21 21 af
445 1027 25 14 en
486 1020 89 27 petition
590 1021 46 20 från
652 1020 179 26 Borgareståndet
845 1020 69 21 skulle

91 1047 48 27 vilja
154 1048 31 21 till
201 1048 157 27 verkställighet
373 1049 100 21 befordra
489 1051 31 18 ett
533 1048 87 27 företag,
633 1049 32 20 för
676 1048 78 21 hvilket
765 1049 82 20 landets
857 1051 57 18 stän-

90 1076 43 26 der,
149 1077 91 21 nämnda
255 1077 69 20 anbud
340 1077 95 26 oaktadt,
452 1078 23 20 så
485 1077 83 26 nyligen
580 1079 73 24 vägrat
664 1077 31 20 sin
706 1077 131 21 medverkan.
861 1077 53 21 Der-

89 1104 45 21 före
156 1105 38 21 och
216 1105 87 21 emedan
319 1111 40 21 nya
373 1105 253 27 jernvägsanläggningar
640 1105 108 26 samtidigt
764 1105 47 21 med
826 1105 88 21 fullbor-

90 1133 78 21 dandet
190 1133 20 21 af
230 1134 38 20 den
288 1133 22 21 af
323 1134 103 26 styrelsen
450 1133 153 27 projekterade,
624 1133 66 26 enligt
709 1133 114 22 utskottets
846 1133 68 21 öfver-

89 1161 86 26 tygelse,
192 1161 67 22 skulle
274 1161 47 22 leda
337 1162 31 21 till
385 1165 31 18 ett
431 1162 33 21 för
478 1163 84 24 strängt
577 1161 108 22 anlitande
696 1161 21 22 af
726 1161 82 22 landets
818 1167 96 16 resurser

89 1192 55 18 samt
158 1189 98 22 framtida
270 1190 187 27 jernvägsarbeten
469 1190 52 21 böra
531 1190 99 21 hemfalla
641 1190 66 21 under
718 1190 126 21 kommande
855 1192 59 19 stän-

90 1217 47 22 ders
153 1217 101 28 pröfning,
271 1219 38 21 har
324 1220 106 20 utskottet
446 1221 70 19 ansett
527 1221 31 19 att
569 1218 180 27 Borgareständet
760 1218 45 22 icke
815 1218 40 22 bör
865 1219 49 21 med

89 1246 130 27 underdånig
234 1247 87 27 petition
334 1247 5 21 i
351 1250 71 19 ämnet
433 1247 33 21 till
477 1247 58 21 Hans
547 1247 117 27 Kejserliga
675 1247 99 26 Majestät
785 1247 55 27 ingå,
851 1247 63 21 hvar-

89 1274 44 22 före
149 1275 103 21 utskottet
268 1276 107 20 vördsamt
390 1275 123 22 hemställer
528 1278 32 18 att
575 1276 73 26 frågan
664 1276 73 20 derom
752 1274 54 27 finge
822 1274 91 22 förfalla.

157 1326 138 28 Helsingfors,
312 1327 40 21 den
368 1329 13 19 8
397 1327 43 27 Maj
458 1328 60 20 1867.

400 1372 22 20 C.
438 1373 26 20 A.
484 1367 119 33 Öhrnberg.

156 1416 72 21 Jakob
244 1416 85 22 Krank.
600 1417 62 21 Gust.
678 1419 26 19 A.
721 1417 124 21 Lindblom.

156 1462 28 20 P.
204 1457 93 33 Östring.
640 1463 27 21 A.
683 1462 22 22 J.
722 1462 121 22 Mustonen.

617 1529 75 22 Sixtus
710 1529 134 22 Oalamnius.
