<?xml version="1.0" encoding="UTF-8"?>
<alto xmlns="http://www.loc.gov/standards/alto/ns-v3#" xmlns:xlink="http://www.w3.org/1999/xlink" xmlns:xsi="http://www.w3.org/2001/XMLSchema-instance" xsi:schemaLocation="http://www.loc.gov/standards/alto/ns-v3# http://www.loc.gov/alto/v3/alto-3-0.xsd">
	<Description>
		<MeasurementUnit>pixel</MeasurementUnit>
		<sourceImageInformation>
			<fileName>/tmp/tess_sgwhbfv5_input.PNG</fileName>
		</sourceImageInformation>
		<OCRProcessing ID="OCR_0">
			<ocrProcessingStep>
				<processingSoftware>
					<softwareName>tesseract 5.3.4</softwareName>
				</processingSoftware>
			</ocrProcessingStep>
		</OCRProcessing>
	</Description>
	<Layout>
		<Page WIDTH="1095" HEIGHT="1825" PHYSICAL_IMG_NR="0" ID="page_0">
			<PrintSpace HPOS="0" VPOS="0" WIDTH="1095" HEIGHT="1825">
				<GraphicalElement ID="cblock_0" HPOS="0" VPOS="886" WIDTH="3" HEIGHT="303"></GraphicalElement >
				<ComposedBlock ID="cblock_1" HPOS="227" VPOS="149" WIDTH="574" HEIGHT="25">
					<TextBlock ID="block_0" HPOS="227" VPOS="149" WIDTH="574" HEIGHT="25">
						<TextLine ID="line_0" HPOS="227" VPOS="149" WIDTH="574" HEIGHT="25">
							<String ID="string_0" HPOS="227" VPOS="149" WIDTH="56" HEIGHT="21" WC="0.96" CONTENT="1070"/><SP WIDTH="142" VPOS="149" HPOS="283"/>
							<String ID="string_1" HPOS="425" VPOS="153" WIDTH="184" HEIGHT="21" WC="0.91" CONTENT="Borgareståndet."/><SP WIDTH="26" VPOS="153" HPOS="609"/>
							<String ID="string_2" HPOS="635" VPOS="154" WIDTH="55" HEIGHT="16" WC="0.96" CONTENT="1867."/><SP WIDTH="24" VPOS="154" HPOS="690"/>
							<String ID="string_3" HPOS="714" VPOS="154" WIDTH="26" HEIGHT="17" WC="0.96" CONTENT="25"/><SP WIDTH="13" VPOS="154" HPOS="740"/>
							<String ID="string_4" HPOS="753" VPOS="154" WIDTH="48" HEIGHT="20" WC="0.96" CONTENT="Maj."/>
						</TextLine>
					</TextBlock>
				</ComposedBlock>
				<GraphicalElement ID="cblock_2" HPOS="199" VPOS="192" WIDTH="826" HEIGHT="6"></GraphicalElement >
				<ComposedBlock ID="cblock_3" HPOS="196" VPOS="238" WIDTH="830" HEIGHT="79">
					<TextBlock ID="block_1" HPOS="196" VPOS="238" WIDTH="830" HEIGHT="79">
						<TextLine ID="line_1" HPOS="196" VPOS="238" WIDTH="830" HEIGHT="28">
							<String ID="string_5" HPOS="196" VPOS="239" WIDTH="90" HEIGHT="22" WC="0.92" CONTENT="alldeles"/><SP WIDTH="23" VPOS="239" HPOS="286"/>
							<String ID="string_6" HPOS="309" VPOS="238" WIDTH="116" HEIGHT="28" WC="0.50" CONTENT="olempligt."/><SP WIDTH="30" VPOS="238" HPOS="425"/>
							<String ID="string_7" HPOS="455" VPOS="238" WIDTH="42" HEIGHT="22" WC="0.93" CONTENT="Vid"/><SP WIDTH="23" VPOS="238" HPOS="497"/>
							<String ID="string_8" HPOS="520" VPOS="238" WIDTH="78" HEIGHT="22" WC="0.96" CONTENT="sådant"/><SP WIDTH="21" VPOS="238" HPOS="598"/>
							<String ID="string_9" HPOS="619" VPOS="238" WIDTH="133" HEIGHT="22" WC="0.96" CONTENT="förhållande"/><SP WIDTH="20" VPOS="238" HPOS="752"/>
							<String ID="string_10" HPOS="772" VPOS="238" WIDTH="86" HEIGHT="22" WC="0.96" CONTENT="förenar"/><SP WIDTH="13" VPOS="238" HPOS="858"/>
							<String ID="string_11" HPOS="871" VPOS="238" WIDTH="37" HEIGHT="28" WC="0.96" CONTENT="jag"/><SP WIDTH="14" VPOS="238" HPOS="908"/>
							<String ID="string_12" HPOS="922" VPOS="239" WIDTH="42" HEIGHT="27" WC="0.96" CONTENT="mig"/><SP WIDTH="15" VPOS="239" HPOS="964"/>
							<String ID="string_13" HPOS="979" VPOS="238" WIDTH="47" HEIGHT="22" WC="0.96" CONTENT="med"/>
						</TextLine>
						<TextLine ID="line_2" HPOS="197" VPOS="266" WIDTH="829" HEIGHT="28">
							<String ID="string_14" HPOS="197" VPOS="269" WIDTH="55" HEIGHT="25" WC="0.93" CONTENT="dem,"/><SP WIDTH="17" VPOS="269" HPOS="252"/>
							<String ID="string_15" HPOS="269" VPOS="268" WIDTH="74" HEIGHT="20" WC="0.93" CONTENT="hvilka"/><SP WIDTH="15" VPOS="268" HPOS="343"/>
							<String ID="string_16" HPOS="358" VPOS="273" WIDTH="51" HEIGHT="16" WC="0.93" CONTENT="anse"/><SP WIDTH="15" VPOS="273" HPOS="409"/>
							<String ID="string_17" HPOS="424" VPOS="268" WIDTH="34" HEIGHT="20" WC="0.96" CONTENT="att"/><SP WIDTH="15" VPOS="268" HPOS="458"/>
							<String ID="string_18" HPOS="473" VPOS="274" WIDTH="26" HEIGHT="14" WC="0.93" CONTENT="en"/><SP WIDTH="16" VPOS="274" HPOS="499"/>
							<String ID="string_19" HPOS="515" VPOS="267" WIDTH="101" HEIGHT="21" WC="0.92" CONTENT="anhällan"/><SP WIDTH="14" VPOS="267" HPOS="616"/>
							<String ID="string_20" HPOS="630" VPOS="268" WIDTH="8" HEIGHT="20" WC="0.93" CONTENT="i"/><SP WIDTH="15" VPOS="268" HPOS="638"/>
							<String ID="string_21" HPOS="653" VPOS="267" WIDTH="116" HEIGHT="27" WC="0.93" CONTENT="föreslaget"/><SP WIDTH="15" VPOS="267" HPOS="769"/>
							<String ID="string_22" HPOS="784" VPOS="266" WIDTH="55" HEIGHT="28" WC="0.97" CONTENT="syfte"/><SP WIDTH="16" VPOS="266" HPOS="839"/>
							<String ID="string_23" HPOS="855" VPOS="267" WIDTH="66" HEIGHT="21" WC="0.97" CONTENT="borde"/><SP WIDTH="11" VPOS="267" HPOS="921"/>
							<String ID="string_24" HPOS="932" VPOS="267" WIDTH="44" HEIGHT="21" WC="0.96" CONTENT="helt"/><SP WIDTH="11" VPOS="267" HPOS="976"/>
							<String ID="string_25" HPOS="987" VPOS="266" WIDTH="39" HEIGHT="22" WC="0.96" CONTENT="och"/>
						</TextLine>
						<TextLine ID="line_3" HPOS="196" VPOS="296" WIDTH="193" HEIGHT="21">
							<String ID="string_26" HPOS="196" VPOS="296" WIDTH="68" HEIGHT="21" WC="0.91" CONTENT="hället"/><SP WIDTH="16" VPOS="296" HPOS="264"/>
							<String ID="string_27" HPOS="280" VPOS="296" WIDTH="109" HEIGHT="21" WC="0.89" CONTENT="uteblifva."/>
						</TextLine>
					</TextBlock>
				</ComposedBlock>
				<ComposedBlock ID="cblock_4" HPOS="197" VPOS="352" WIDTH="830" HEIGHT="312">
					<TextBlock ID="block_2" HPOS="197" VPOS="352" WIDTH="830" HEIGHT="312">
						<TextLine ID="line_4" HPOS="266" VPOS="352" WIDTH="761" HEIGHT="27">
							<String ID="string_28" HPOS="266" VPOS="353" WIDTH="57" HEIGHT="21" WC="0.93" CONTENT="Herr"/><SP WIDTH="26" VPOS="353" HPOS="323"/>
							<String ID="string_29" HPOS="349" VPOS="352" WIDTH="164" HEIGHT="22" WC="0.90" CONTENT="Grundfeldt:"/><SP WIDTH="26" VPOS="352" HPOS="513"/>
							<String ID="string_30" HPOS="539" VPOS="352" WIDTH="61" HEIGHT="21" WC="0.91" CONTENT="äfven"/><SP WIDTH="20" VPOS="352" HPOS="600"/>
							<String ID="string_31" HPOS="620" VPOS="352" WIDTH="37" HEIGHT="27" WC="0.96" CONTENT="jag"/><SP WIDTH="22" VPOS="352" HPOS="657"/>
							<String ID="string_32" HPOS="679" VPOS="358" WIDTH="63" HEIGHT="15" WC="0.96" CONTENT="anser"/><SP WIDTH="22" VPOS="358" HPOS="742"/>
							<String ID="string_33" HPOS="764" VPOS="353" WIDTH="33" HEIGHT="20" WC="0.93" CONTENT="att"/><SP WIDTH="21" VPOS="353" HPOS="797"/>
							<String ID="string_34" HPOS="818" VPOS="352" WIDTH="209" HEIGHT="27" WC="0.92" CONTENT="stadsmannafartyg"/>
						</TextLine>
						<TextLine ID="line_5" HPOS="198" VPOS="381" WIDTH="828" HEIGHT="26">
							<String ID="string_35" HPOS="198" VPOS="381" WIDTH="66" HEIGHT="22" WC="0.93" CONTENT="borde"/><SP WIDTH="25" VPOS="381" HPOS="264"/>
							<String ID="string_36" HPOS="289" VPOS="381" WIDTH="105" HEIGHT="21" WC="0.92" CONTENT="likställas"/><SP WIDTH="22" VPOS="381" HPOS="394"/>
							<String ID="string_37" HPOS="416" VPOS="381" WIDTH="8" HEIGHT="21" WC="0.95" CONTENT="i"/><SP WIDTH="22" VPOS="381" HPOS="424"/>
							<String ID="string_38" HPOS="446" VPOS="381" WIDTH="128" HEIGHT="26" WC="0.96" CONTENT="rättigheter"/><SP WIDTH="21" VPOS="381" HPOS="574"/>
							<String ID="string_39" HPOS="595" VPOS="381" WIDTH="40" HEIGHT="21" WC="0.96" CONTENT="och"/><SP WIDTH="21" VPOS="381" HPOS="635"/>
							<String ID="string_40" HPOS="656" VPOS="381" WIDTH="145" HEIGHT="26" WC="0.96" CONTENT="skyldigheter"/><SP WIDTH="15" VPOS="381" HPOS="801"/>
							<String ID="string_41" HPOS="816" VPOS="381" WIDTH="48" HEIGHT="20" WC="0.93" CONTENT="med"/><SP WIDTH="16" VPOS="381" HPOS="864"/>
							<String ID="string_42" HPOS="880" VPOS="381" WIDTH="146" HEIGHT="20" WC="0.71" CONTENT="landtmanna-"/>
						</TextLine>
						<TextLine ID="line_6" HPOS="197" VPOS="409" WIDTH="829" HEIGHT="28">
							<String ID="string_43" HPOS="197" VPOS="410" WIDTH="79" HEIGHT="27" WC="0.92" CONTENT="fartyg."/><SP WIDTH="23" VPOS="410" HPOS="276"/>
							<String ID="string_44" HPOS="299" VPOS="410" WIDTH="41" HEIGHT="26" WC="0.96" CONTENT="Jag"/><SP WIDTH="15" VPOS="410" HPOS="340"/>
							<String ID="string_45" HPOS="355" VPOS="409" WIDTH="75" HEIGHT="28" WC="0.96" CONTENT="tycker"/><SP WIDTH="15" VPOS="409" HPOS="430"/>
							<String ID="string_46" HPOS="445" VPOS="409" WIDTH="55" HEIGHT="21" WC="0.93" CONTENT="dock"/><SP WIDTH="15" VPOS="409" HPOS="500"/>
							<String ID="string_47" HPOS="515" VPOS="409" WIDTH="53" HEIGHT="26" WC="0.91" CONTENT="icke,"/><SP WIDTH="17" VPOS="409" HPOS="568"/>
							<String ID="string_48" HPOS="585" VPOS="410" WIDTH="32" HEIGHT="20" WC="0.96" CONTENT="att"/><SP WIDTH="15" VPOS="410" HPOS="617"/>
							<String ID="string_49" HPOS="632" VPOS="415" WIDTH="26" HEIGHT="15" WC="0.93" CONTENT="en"/><SP WIDTH="16" VPOS="415" HPOS="658"/>
							<String ID="string_50" HPOS="674" VPOS="409" WIDTH="66" HEIGHT="21" WC="0.93" CONTENT="sädan"/><SP WIDTH="16" VPOS="409" HPOS="740"/>
							<String ID="string_51" HPOS="756" VPOS="409" WIDTH="141" HEIGHT="26" WC="0.92" CONTENT="likställighet"/><SP WIDTH="15" VPOS="409" HPOS="897"/>
							<String ID="string_52" HPOS="912" VPOS="409" WIDTH="67" HEIGHT="21" WC="0.93" CONTENT="skulle"/><SP WIDTH="11" VPOS="409" HPOS="979"/>
							<String ID="string_53" HPOS="990" VPOS="409" WIDTH="36" HEIGHT="21" WC="0.93" CONTENT="ske"/>
						</TextLine>
						<TextLine ID="line_7" HPOS="198" VPOS="437" WIDTH="828" HEIGHT="28">
							<String ID="string_54" HPOS="198" VPOS="439" WIDTH="129" HEIGHT="26" WC="0.91" CONTENT="derigenom,"/><SP WIDTH="24" VPOS="439" HPOS="327"/>
							<String ID="string_55" HPOS="351" VPOS="439" WIDTH="33" HEIGHT="20" WC="0.93" CONTENT="att"/><SP WIDTH="21" VPOS="439" HPOS="384"/>
							<String ID="string_56" HPOS="405" VPOS="437" WIDTH="236" HEIGHT="27" WC="0.91" CONTENT="landtmannafartygen"/><SP WIDTH="15" VPOS="437" HPOS="641"/>
							<String ID="string_57" HPOS="656" VPOS="437" WIDTH="69" HEIGHT="22" WC="0.93" CONTENT="skulle"/><SP WIDTH="16" VPOS="437" HPOS="725"/>
							<String ID="string_58" HPOS="741" VPOS="437" WIDTH="86" HEIGHT="27" WC="0.92" CONTENT="äläggas"/><SP WIDTH="16" VPOS="437" HPOS="827"/>
							<String ID="string_59" HPOS="843" VPOS="437" WIDTH="66" HEIGHT="27" WC="0.92" CONTENT="nägra"/><SP WIDTH="15" VPOS="437" HPOS="909"/>
							<String ID="string_60" HPOS="924" VPOS="437" WIDTH="102" HEIGHT="21" WC="0.92" CONTENT="förökade"/>
						</TextLine>
						<TextLine ID="line_8" HPOS="198" VPOS="465" WIDTH="828" HEIGHT="28">
							<String ID="string_61" HPOS="198" VPOS="467" WIDTH="95" HEIGHT="26" WC="0.95" CONTENT="utgifter,"/><SP WIDTH="23" VPOS="467" HPOS="293"/>
							<String ID="string_62" HPOS="316" VPOS="468" WIDTH="52" HEIGHT="19" WC="0.96" CONTENT="utan"/><SP WIDTH="23" VPOS="468" HPOS="368"/>
							<String ID="string_63" HPOS="391" VPOS="466" WIDTH="71" HEIGHT="21" WC="0.96" CONTENT="kunde"/><SP WIDTH="23" VPOS="466" HPOS="462"/>
							<String ID="string_64" HPOS="485" VPOS="466" WIDTH="36" HEIGHT="21" WC="0.95" CONTENT="det"/><SP WIDTH="20" VPOS="466" HPOS="521"/>
							<String ID="string_65" HPOS="541" VPOS="466" WIDTH="24" HEIGHT="27" WC="0.93" CONTENT="ju"/><SP WIDTH="19" VPOS="466" HPOS="565"/>
							<String ID="string_66" HPOS="584" VPOS="466" WIDTH="37" HEIGHT="21" WC="0.93" CONTENT="ske"/><SP WIDTH="16" VPOS="466" HPOS="621"/>
							<String ID="string_67" HPOS="637" VPOS="465" WIDTH="90" HEIGHT="22" WC="0.92" CONTENT="sälunda"/><SP WIDTH="15" VPOS="465" HPOS="727"/>
							<String ID="string_68" HPOS="742" VPOS="467" WIDTH="33" HEIGHT="20" WC="0.96" CONTENT="att"/><SP WIDTH="15" VPOS="467" HPOS="775"/>
							<String ID="string_69" HPOS="790" VPOS="466" WIDTH="26" HEIGHT="21" WC="0.93" CONTENT="de"/><SP WIDTH="15" VPOS="466" HPOS="816"/>
							<String ID="string_70" HPOS="831" VPOS="465" WIDTH="92" HEIGHT="28" WC="0.93" CONTENT="afgifter,"/><SP WIDTH="15" VPOS="465" HPOS="923"/>
							<String ID="string_71" HPOS="938" VPOS="472" WIDTH="45" HEIGHT="15" WC="0.96" CONTENT="som"/><SP WIDTH="15" VPOS="472" HPOS="983"/>
							<String ID="string_72" HPOS="998" VPOS="472" WIDTH="28" HEIGHT="15" WC="0.96" CONTENT="nu"/>
						</TextLine>
						<TextLine ID="line_9" HPOS="198" VPOS="493" WIDTH="829" HEIGHT="29">
							<String ID="string_73" HPOS="198" VPOS="495" WIDTH="76" HEIGHT="27" WC="0.90" CONTENT="trycka"/><SP WIDTH="24" VPOS="495" HPOS="274"/>
							<String ID="string_74" HPOS="298" VPOS="495" WIDTH="242" HEIGHT="26" WC="0.92" CONTENT="stadsmannafartygen,"/><SP WIDTH="23" VPOS="495" HPOS="540"/>
							<String ID="string_75" HPOS="563" VPOS="494" WIDTH="69" HEIGHT="21" WC="0.93" CONTENT="skulle"/><SP WIDTH="21" VPOS="494" HPOS="632"/>
							<String ID="string_76" HPOS="653" VPOS="494" WIDTH="48" HEIGHT="21" WC="0.93" CONTENT="frän"/><SP WIDTH="20" VPOS="494" HPOS="701"/>
							<String ID="string_77" HPOS="721" VPOS="494" WIDTH="48" HEIGHT="21" WC="0.93" CONTENT="dem"/><SP WIDTH="15" VPOS="494" HPOS="769"/>
							<String ID="string_78" HPOS="784" VPOS="493" WIDTH="90" HEIGHT="28" WC="0.90" CONTENT="aflyftas."/><SP WIDTH="31" VPOS="493" HPOS="874"/>
							<String ID="string_79" HPOS="905" VPOS="494" WIDTH="60" HEIGHT="21" WC="0.92" CONTENT="Hvad"/><SP WIDTH="15" VPOS="494" HPOS="965"/>
							<String ID="string_80" HPOS="980" VPOS="494" WIDTH="47" HEIGHT="21" WC="0.93" CONTENT="äter"/>
						</TextLine>
						<TextLine ID="line_10" HPOS="198" VPOS="522" WIDTH="829" HEIGHT="27">
							<String ID="string_81" HPOS="198" VPOS="523" WIDTH="103" HEIGHT="21" WC="0.95" CONTENT="beträffar"/><SP WIDTH="25" VPOS="523" HPOS="301"/>
							<String ID="string_82" HPOS="326" VPOS="523" WIDTH="41" HEIGHT="21" WC="0.93" CONTENT="den"/><SP WIDTH="21" VPOS="523" HPOS="367"/>
							<String ID="string_83" HPOS="388" VPOS="523" WIDTH="192" HEIGHT="26" WC="0.92" CONTENT="omständigheten,"/><SP WIDTH="17" VPOS="523" HPOS="580"/>
							<String ID="string_84" HPOS="597" VPOS="524" WIDTH="31" HEIGHT="20" WC="0.93" CONTENT="att"/><SP WIDTH="15" VPOS="524" HPOS="628"/>
							<String ID="string_85" HPOS="643" VPOS="522" WIDTH="236" HEIGHT="27" WC="0.91" CONTENT="landtmannafartygen"/><SP WIDTH="15" VPOS="522" HPOS="879"/>
							<String ID="string_86" HPOS="894" VPOS="522" WIDTH="67" HEIGHT="21" WC="0.96" CONTENT="skulle"/><SP WIDTH="16" VPOS="522" HPOS="961"/>
							<String ID="string_87" HPOS="977" VPOS="529" WIDTH="50" HEIGHT="14" WC="0.96" CONTENT="vara"/>
						</TextLine>
						<TextLine ID="line_11" HPOS="198" VPOS="551" WIDTH="828" HEIGHT="27">
							<String ID="string_88" HPOS="198" VPOS="551" WIDTH="103" HEIGHT="22" WC="0.92" CONTENT="försedda"/><SP WIDTH="15" VPOS="551" HPOS="301"/>
							<String ID="string_89" HPOS="316" VPOS="551" WIDTH="49" HEIGHT="22" WC="0.93" CONTENT="med"/><SP WIDTH="11" VPOS="551" HPOS="365"/>
							<String ID="string_90" HPOS="376" VPOS="551" WIDTH="145" HEIGHT="22" WC="0.91" CONTENT="examineradt"/><SP WIDTH="11" VPOS="551" HPOS="521"/>
							<String ID="string_91" HPOS="532" VPOS="551" WIDTH="62" HEIGHT="26" WC="0.91" CONTENT="befäl,"/><SP WIDTH="13" VPOS="551" HPOS="594"/>
							<String ID="string_92" HPOS="607" VPOS="551" WIDTH="23" HEIGHT="21" WC="0.96" CONTENT="sä"/><SP WIDTH="10" VPOS="551" HPOS="630"/>
							<String ID="string_93" HPOS="640" VPOS="557" WIDTH="63" HEIGHT="15" WC="0.96" CONTENT="anser"/><SP WIDTH="8" VPOS="557" HPOS="703"/>
							<String ID="string_94" HPOS="711" VPOS="551" WIDTH="37" HEIGHT="27" WC="0.96" CONTENT="jag"/><SP WIDTH="13" VPOS="551" HPOS="748"/>
							<String ID="string_95" HPOS="761" VPOS="551" WIDTH="59" HEIGHT="21" WC="0.93" CONTENT="detta"/><SP WIDTH="10" VPOS="551" HPOS="820"/>
							<String ID="string_96" HPOS="830" VPOS="551" WIDTH="72" HEIGHT="27" WC="0.92" CONTENT="ligga"/><SP WIDTH="-6" VPOS="551" HPOS="902"/>
							<String ID="string_97" HPOS="896" VPOS="546" WIDTH="12" HEIGHT="36" WC="0.93" CONTENT="i"/><SP WIDTH="6" VPOS="546" HPOS="908"/>
							<String ID="string_98" HPOS="914" VPOS="551" WIDTH="112" HEIGHT="21" WC="0.92" CONTENT="redarenes"/>
						</TextLine>
						<TextLine ID="line_12" HPOS="198" VPOS="579" WIDTH="828" HEIGHT="27">
							<String ID="string_99" HPOS="198" VPOS="581" WIDTH="48" HEIGHT="25" WC="0.96" CONTENT="eget"/><SP WIDTH="21" VPOS="581" HPOS="246"/>
							<String ID="string_100" HPOS="267" VPOS="580" WIDTH="97" HEIGHT="26" WC="0.96" CONTENT="intresse,"/><SP WIDTH="16" VPOS="580" HPOS="364"/>
							<String ID="string_101" HPOS="380" VPOS="581" WIDTH="23" HEIGHT="25" WC="0.93" CONTENT="ty"/><SP WIDTH="15" VPOS="581" HPOS="403"/>
							<String ID="string_102" HPOS="418" VPOS="579" WIDTH="97" HEIGHT="27" WC="0.92" CONTENT="fartygen"/><SP WIDTH="15" VPOS="579" HPOS="515"/>
							<String ID="string_103" HPOS="530" VPOS="585" WIDTH="50" HEIGHT="15" WC="0.92" CONTENT="vore"/><SP WIDTH="17" VPOS="585" HPOS="580"/>
							<String ID="string_104" HPOS="597" VPOS="579" WIDTH="27" HEIGHT="21" WC="0.92" CONTENT="dä"/><SP WIDTH="15" VPOS="579" HPOS="624"/>
							<String ID="string_105" HPOS="639" VPOS="579" WIDTH="99" HEIGHT="26" WC="0.92" CONTENT="lemplige"/><SP WIDTH="14" VPOS="579" HPOS="738"/>
							<String ID="string_106" HPOS="752" VPOS="580" WIDTH="47" HEIGHT="21" WC="0.92" CONTENT="icke"/><SP WIDTH="15" VPOS="580" HPOS="799"/>
							<String ID="string_107" HPOS="814" VPOS="579" WIDTH="57" HEIGHT="22" WC="0.92" CONTENT="blott"/><SP WIDTH="14" VPOS="579" HPOS="871"/>
							<String ID="string_108" HPOS="885" VPOS="579" WIDTH="33" HEIGHT="21" WC="0.93" CONTENT="för"/><SP WIDTH="15" VPOS="579" HPOS="918"/>
							<String ID="string_109" HPOS="933" VPOS="579" WIDTH="93" HEIGHT="25" WC="0.93" CONTENT="kortare,"/>
						</TextLine>
						<TextLine ID="line_13" HPOS="198" VPOS="607" WIDTH="828" HEIGHT="28">
							<String ID="string_110" HPOS="198" VPOS="610" WIDTH="53" HEIGHT="20" WC="0.93" CONTENT="utan"/><SP WIDTH="16" VPOS="610" HPOS="251"/>
							<String ID="string_111" HPOS="267" VPOS="608" WIDTH="41" HEIGHT="21" WC="0.88" CONTENT="ock"/><SP WIDTH="14" VPOS="608" HPOS="308"/>
							<String ID="string_112" HPOS="322" VPOS="607" WIDTH="34" HEIGHT="22" WC="0.93" CONTENT="för"/><SP WIDTH="15" VPOS="607" HPOS="356"/>
							<String ID="string_113" HPOS="371" VPOS="607" WIDTH="119" HEIGHT="28" WC="0.89" CONTENT="aflägsnare"/><SP WIDTH="15" VPOS="607" HPOS="490"/>
							<String ID="string_114" HPOS="505" VPOS="614" WIDTH="67" HEIGHT="15" WC="0.92" CONTENT="resor."/><SP WIDTH="22" VPOS="614" HPOS="572"/>
							<String ID="string_115" HPOS="594" VPOS="608" WIDTH="42" HEIGHT="26" WC="0.93" CONTENT="Jag"/><SP WIDTH="15" VPOS="608" HPOS="636"/>
							<String ID="string_116" HPOS="651" VPOS="607" WIDTH="97" HEIGHT="22" WC="0.91" CONTENT="anhäller"/><SP WIDTH="15" VPOS="607" HPOS="748"/>
							<String ID="string_117" HPOS="763" VPOS="607" WIDTH="85" HEIGHT="22" WC="0.92" CONTENT="derföre"/><SP WIDTH="15" VPOS="607" HPOS="848"/>
							<String ID="string_118" HPOS="863" VPOS="610" WIDTH="33" HEIGHT="19" WC="0.93" CONTENT="att"/><SP WIDTH="14" VPOS="610" HPOS="896"/>
							<String ID="string_119" HPOS="910" VPOS="607" WIDTH="21" HEIGHT="22" WC="0.93" CONTENT="fä"/><SP WIDTH="11" VPOS="607" HPOS="931"/>
							<String ID="string_120" HPOS="942" VPOS="607" WIDTH="84" HEIGHT="21" WC="0.89" CONTENT="biträda"/>
						</TextLine>
						<TextLine ID="line_14" HPOS="198" VPOS="636" WIDTH="648" HEIGHT="28">
							<String ID="string_121" HPOS="198" VPOS="637" WIDTH="26" HEIGHT="21" WC="0.93" CONTENT="de"/><SP WIDTH="16" VPOS="637" HPOS="224"/>
							<String ID="string_122" HPOS="240" VPOS="636" WIDTH="85" HEIGHT="28" WC="0.92" CONTENT="äsigter,"/><SP WIDTH="16" VPOS="636" HPOS="325"/>
							<String ID="string_123" HPOS="341" VPOS="642" WIDTH="46" HEIGHT="16" WC="0.93" CONTENT="som"/><SP WIDTH="15" VPOS="642" HPOS="387"/>
							<String ID="string_124" HPOS="402" VPOS="636" WIDTH="81" HEIGHT="22" WC="0.92" CONTENT="Herrar"/><SP WIDTH="14" VPOS="636" HPOS="483"/>
							<String ID="string_125" HPOS="497" VPOS="636" WIDTH="113" HEIGHT="22" WC="0.96" CONTENT="Lindblom"/><SP WIDTH="16" VPOS="636" HPOS="610"/>
							<String ID="string_126" HPOS="626" VPOS="636" WIDTH="39" HEIGHT="22" WC="0.96" CONTENT="och"/><SP WIDTH="16" VPOS="636" HPOS="665"/>
							<String ID="string_127" HPOS="681" VPOS="636" WIDTH="66" HEIGHT="22" WC="0.93" CONTENT="Wolff"/><SP WIDTH="13" VPOS="636" HPOS="747"/>
							<String ID="string_128" HPOS="760" VPOS="636" WIDTH="86" HEIGHT="22" WC="0.92" CONTENT="uttalat."/>
						</TextLine>
					</TextBlock>
				</ComposedBlock>
				<ComposedBlock ID="cblock_5" HPOS="196" VPOS="693" WIDTH="830" HEIGHT="141">
					<TextBlock ID="block_3" HPOS="196" VPOS="693" WIDTH="830" HEIGHT="141">
						<TextLine ID="line_15" HPOS="267" VPOS="693" WIDTH="759" HEIGHT="27">
							<String ID="string_129" HPOS="267" VPOS="693" WIDTH="58" HEIGHT="21" WC="0.93" CONTENT="Herr"/><SP WIDTH="14" VPOS="693" HPOS="325"/>
							<String ID="string_130" HPOS="339" VPOS="693" WIDTH="201" HEIGHT="27" WC="0.91" CONTENT="Bronikowskij:"/><SP WIDTH="14" VPOS="693" HPOS="540"/>
							<String ID="string_131" HPOS="554" VPOS="694" WIDTH="37" HEIGHT="26" WC="0.96" CONTENT="jag"/><SP WIDTH="15" VPOS="694" HPOS="591"/>
							<String ID="string_132" HPOS="606" VPOS="693" WIDTH="36" HEIGHT="21" WC="0.96" CONTENT="vill"/><SP WIDTH="16" VPOS="693" HPOS="642"/>
							<String ID="string_133" HPOS="658" VPOS="693" WIDTH="76" HEIGHT="21" WC="0.93" CONTENT="endast"/><SP WIDTH="15" VPOS="693" HPOS="734"/>
							<String ID="string_134" HPOS="749" VPOS="694" WIDTH="90" HEIGHT="26" WC="0.92" CONTENT="upplysa"/><SP WIDTH="15" VPOS="694" HPOS="839"/>
							<String ID="string_135" HPOS="854" VPOS="694" WIDTH="33" HEIGHT="20" WC="0.95" CONTENT="att"/><SP WIDTH="15" VPOS="694" HPOS="887"/>
							<String ID="string_136" HPOS="902" VPOS="693" WIDTH="38" HEIGHT="21" WC="0.93" CONTENT="den"/><SP WIDTH="16" VPOS="693" HPOS="940"/>
							<String ID="string_137" HPOS="956" VPOS="694" WIDTH="70" HEIGHT="26" WC="0.93" CONTENT="gräns,"/>
						</TextLine>
						<TextLine ID="line_16" HPOS="197" VPOS="721" WIDTH="829" HEIGHT="27">
							<String ID="string_138" HPOS="197" VPOS="727" WIDTH="47" HEIGHT="15" WC="0.96" CONTENT="som"/><SP WIDTH="23" VPOS="727" HPOS="244"/>
							<String ID="string_139" HPOS="267" VPOS="727" WIDTH="26" HEIGHT="15" WC="0.93" CONTENT="en"/><SP WIDTH="23" VPOS="727" HPOS="293"/>
							<String ID="string_140" HPOS="316" VPOS="721" WIDTH="130" HEIGHT="27" WC="0.92" CONTENT="föregäende"/><SP WIDTH="21" VPOS="721" HPOS="446"/>
							<String ID="string_141" HPOS="467" VPOS="722" WIDTH="68" HEIGHT="21" WC="0.92" CONTENT="talare"/><SP WIDTH="22" VPOS="722" HPOS="535"/>
							<String ID="string_142" HPOS="557" VPOS="723" WIDTH="71" HEIGHT="20" WC="0.91" CONTENT="ansett"/><SP WIDTH="22" VPOS="723" HPOS="628"/>
							<String ID="string_143" HPOS="650" VPOS="722" WIDTH="107" HEIGHT="21" WC="0.92" CONTENT="utskottet"/><SP WIDTH="22" VPOS="722" HPOS="757"/>
							<String ID="string_144" HPOS="779" VPOS="722" WIDTH="64" HEIGHT="20" WC="0.92" CONTENT="hafva"/><SP WIDTH="22" VPOS="722" HPOS="843"/>
							<String ID="string_145" HPOS="865" VPOS="722" WIDTH="113" HEIGHT="26" WC="0.92" CONTENT="uppdragit"/><SP WIDTH="15" VPOS="722" HPOS="978"/>
							<String ID="string_146" HPOS="993" VPOS="721" WIDTH="33" HEIGHT="21" WC="0.96" CONTENT="för"/>
						</TextLine>
						<TextLine ID="line_17" HPOS="197" VPOS="750" WIDTH="829" HEIGHT="27">
							<String ID="string_147" HPOS="197" VPOS="750" WIDTH="249" HEIGHT="27" WC="0.88" CONTENT="landtmannafartygens"/><SP WIDTH="21" VPOS="750" HPOS="446"/>
							<String ID="string_148" HPOS="467" VPOS="750" WIDTH="112" HEIGHT="26" WC="0.88" CONTENT="seglation,"/><SP WIDTH="23" VPOS="750" HPOS="579"/>
							<String ID="string_149" HPOS="602" VPOS="750" WIDTH="66" HEIGHT="21" WC="0.92" CONTENT="redan"/><SP WIDTH="22" VPOS="750" HPOS="668"/>
							<String ID="string_150" HPOS="690" VPOS="750" WIDTH="68" HEIGHT="21" WC="0.92" CONTENT="finnes"/><SP WIDTH="21" VPOS="750" HPOS="758"/>
							<String ID="string_151" HPOS="779" VPOS="752" WIDTH="69" HEIGHT="19" WC="0.92" CONTENT="utsatt"/><SP WIDTH="15" VPOS="752" HPOS="848"/>
							<String ID="string_152" HPOS="863" VPOS="750" WIDTH="6" HEIGHT="20" WC="0.96" CONTENT="i"/><SP WIDTH="16" VPOS="750" HPOS="869"/>
							<String ID="string_153" HPOS="885" VPOS="756" WIDTH="28" HEIGHT="15" WC="0.96" CONTENT="nu"/><SP WIDTH="15" VPOS="756" HPOS="913"/>
							<String ID="string_154" HPOS="928" VPOS="750" WIDTH="98" HEIGHT="26" WC="0.96" CONTENT="gällande"/>
						</TextLine>
						<TextLine ID="line_18" HPOS="196" VPOS="778" WIDTH="830" HEIGHT="27">
							<String ID="string_155" HPOS="196" VPOS="778" WIDTH="159" HEIGHT="27" WC="0.92" CONTENT="författningar,"/><SP WIDTH="22" VPOS="778" HPOS="355"/>
							<String ID="string_156" HPOS="377" VPOS="778" WIDTH="73" HEIGHT="22" WC="0.92" CONTENT="hvilka"/><SP WIDTH="23" VPOS="778" HPOS="450"/>
							<String ID="string_157" HPOS="473" VPOS="780" WIDTH="36" HEIGHT="20" WC="0.91" CONTENT="äro"/><SP WIDTH="24" VPOS="780" HPOS="509"/>
							<String ID="string_158" HPOS="533" VPOS="778" WIDTH="120" HEIGHT="27" WC="0.90" CONTENT="äberopade"/><SP WIDTH="23" VPOS="778" HPOS="653"/>
							<String ID="string_159" HPOS="676" VPOS="779" WIDTH="6" HEIGHT="21" WC="0.95" CONTENT="i"/><SP WIDTH="24" VPOS="779" HPOS="682"/>
							<String ID="string_160" HPOS="706" VPOS="779" WIDTH="40" HEIGHT="21" WC="0.96" CONTENT="den"/><SP WIDTH="24" VPOS="779" HPOS="746"/>
							<String ID="string_161" HPOS="770" VPOS="778" WIDTH="23" HEIGHT="21" WC="0.93" CONTENT="af"/><SP WIDTH="16" VPOS="778" HPOS="793"/>
							<String ID="string_162" HPOS="809" VPOS="778" WIDTH="84" HEIGHT="22" WC="0.91" CONTENT="ständet"/><SP WIDTH="16" VPOS="778" HPOS="893"/>
							<String ID="string_163" HPOS="909" VPOS="778" WIDTH="64" HEIGHT="22" WC="0.93" CONTENT="redan"/><SP WIDTH="16" VPOS="778" HPOS="973"/>
							<String ID="string_164" HPOS="989" VPOS="784" WIDTH="37" HEIGHT="16" WC="0.93" CONTENT="an-"/>
						</TextLine>
						<TextLine ID="line_19" HPOS="197" VPOS="806" WIDTH="141" HEIGHT="28">
							<String ID="string_165" HPOS="197" VPOS="808" WIDTH="65" HEIGHT="26" WC="0.92" CONTENT="tagna"/><SP WIDTH="16" VPOS="808" HPOS="262"/>
							<String ID="string_166" HPOS="278" VPOS="806" WIDTH="11" HEIGHT="28" WC="0.92" CONTENT="$"/><SP WIDTH="18" VPOS="806" HPOS="289"/>
							<String ID="string_167" HPOS="307" VPOS="807" WIDTH="31" HEIGHT="21" WC="0.93" CONTENT="13."/>
						</TextLine>
					</TextBlock>
				</ComposedBlock>
				<ComposedBlock ID="cblock_6" HPOS="196" VPOS="863" WIDTH="829" HEIGHT="248">
					<TextBlock ID="block_4" HPOS="196" VPOS="863" WIDTH="829" HEIGHT="248">
						<TextLine ID="line_20" HPOS="266" VPOS="863" WIDTH="758" HEIGHT="28">
							<String ID="string_168" HPOS="266" VPOS="864" WIDTH="57" HEIGHT="20" WC="0.96" CONTENT="Herr"/><SP WIDTH="22" VPOS="864" HPOS="323"/>
							<String ID="string_169" HPOS="345" VPOS="863" WIDTH="160" HEIGHT="21" WC="0.93" CONTENT="Mustonen:"/><SP WIDTH="22" VPOS="863" HPOS="505"/>
							<String ID="string_170" HPOS="527" VPOS="863" WIDTH="55" HEIGHT="21" WC="0.91" CONTENT="hvad"/><SP WIDTH="15" VPOS="863" HPOS="582"/>
							<String ID="string_171" HPOS="597" VPOS="863" WIDTH="67" HEIGHT="27" WC="0.92" CONTENT="angär"/><SP WIDTH="15" VPOS="863" HPOS="664"/>
							<String ID="string_172" HPOS="679" VPOS="863" WIDTH="221" HEIGHT="28" WC="0.92" CONTENT="stadsmannafartygs"/><SP WIDTH="15" VPOS="863" HPOS="900"/>
							<String ID="string_173" HPOS="915" VPOS="864" WIDTH="109" HEIGHT="26" WC="0.92" CONTENT="seglation,"/>
						</TextLine>
						<TextLine ID="line_21" HPOS="197" VPOS="892" WIDTH="828" HEIGHT="26">
							<String ID="string_174" HPOS="197" VPOS="892" WIDTH="24" HEIGHT="20" WC="0.92" CONTENT="sä"/><SP WIDTH="23" VPOS="892" HPOS="221"/>
							<String ID="string_175" HPOS="244" VPOS="894" WIDTH="69" HEIGHT="18" WC="0.91" CONTENT="möter"/><SP WIDTH="23" VPOS="894" HPOS="313"/>
							<String ID="string_176" HPOS="336" VPOS="892" WIDTH="73" HEIGHT="20" WC="0.91" CONTENT="dervid"/><SP WIDTH="23" VPOS="892" HPOS="409"/>
							<String ID="string_177" HPOS="432" VPOS="892" WIDTH="45" HEIGHT="20" WC="0.96" CONTENT="ofta"/><SP WIDTH="22" VPOS="892" HPOS="477"/>
							<String ID="string_178" HPOS="499" VPOS="893" WIDTH="58" HEIGHT="20" WC="0.90" CONTENT="stora"/><SP WIDTH="22" VPOS="893" HPOS="557"/>
							<String ID="string_179" HPOS="579" VPOS="892" WIDTH="137" HEIGHT="26" WC="0.90" CONTENT="svärigheter,"/><SP WIDTH="24" VPOS="892" HPOS="716"/>
							<String ID="string_180" HPOS="740" VPOS="892" WIDTH="34" HEIGHT="21" WC="0.96" CONTENT="till"/><SP WIDTH="21" VPOS="892" HPOS="774"/>
							<String ID="string_181" HPOS="795" VPOS="892" WIDTH="96" HEIGHT="26" WC="0.96" CONTENT="exempel"/><SP WIDTH="22" VPOS="892" HPOS="891"/>
							<String ID="string_182" HPOS="913" VPOS="892" WIDTH="39" HEIGHT="21" WC="0.96" CONTENT="hos"/><SP WIDTH="17" VPOS="892" HPOS="952"/>
							<String ID="string_183" HPOS="969" VPOS="893" WIDTH="56" HEIGHT="20" WC="0.84" CONTENT="ossi"/>
						</TextLine>
						<TextLine ID="line_22" HPOS="196" VPOS="919" WIDTH="828" HEIGHT="27">
							<String ID="string_184" HPOS="196" VPOS="920" WIDTH="103" HEIGHT="21" WC="0.92" CONTENT="Joensuu."/><SP WIDTH="30" VPOS="920" HPOS="299"/>
							<String ID="string_185" HPOS="329" VPOS="919" WIDTH="58" HEIGHT="22" WC="0.92" CONTENT="Vära"/><SP WIDTH="21" VPOS="919" HPOS="387"/>
							<String ID="string_186" HPOS="408" VPOS="920" WIDTH="71" HEIGHT="26" WC="0.92" CONTENT="fartyg"/><SP WIDTH="14" VPOS="920" HPOS="479"/>
							<String ID="string_187" HPOS="493" VPOS="919" WIDTH="27" HEIGHT="27" WC="0.90" CONTENT="gä"/><SP WIDTH="15" VPOS="919" HPOS="520"/>
							<String ID="string_188" HPOS="535" VPOS="920" WIDTH="56" HEIGHT="21" WC="0.91" CONTENT="ända"/><SP WIDTH="16" VPOS="920" HPOS="591"/>
							<String ID="string_189" HPOS="607" VPOS="920" WIDTH="20" HEIGHT="21" WC="0.96" CONTENT="in"/><SP WIDTH="15" VPOS="920" HPOS="627"/>
							<String ID="string_190" HPOS="642" VPOS="921" WIDTH="7" HEIGHT="20" WC="0.93" CONTENT="i"/><SP WIDTH="16" VPOS="921" HPOS="649"/>
							<String ID="string_191" HPOS="665" VPOS="920" WIDTH="112" HEIGHT="21" WC="0.92" CONTENT="bottniska"/><SP WIDTH="14" VPOS="920" HPOS="777"/>
							<String ID="string_192" HPOS="791" VPOS="921" WIDTH="64" HEIGHT="20" WC="0.92" CONTENT="viken"/><SP WIDTH="15" VPOS="921" HPOS="855"/>
							<String ID="string_193" HPOS="870" VPOS="920" WIDTH="48" HEIGHT="21" WC="0.91" CONTENT="med"/><SP WIDTH="15" VPOS="920" HPOS="918"/>
							<String ID="string_194" HPOS="933" VPOS="920" WIDTH="91" HEIGHT="21" WC="0.91" CONTENT="oexami-"/>
						</TextLine>
						<TextLine ID="line_23" HPOS="196" VPOS="948" WIDTH="828" HEIGHT="27">
							<String ID="string_195" HPOS="196" VPOS="949" WIDTH="80" HEIGHT="20" WC="0.91" CONTENT="nerade"/><SP WIDTH="16" VPOS="949" HPOS="276"/>
							<String ID="string_196" HPOS="292" VPOS="948" WIDTH="110" HEIGHT="27" WC="0.92" CONTENT="skeppare,"/><SP WIDTH="17" VPOS="948" HPOS="402"/>
							<String ID="string_197" HPOS="419" VPOS="954" WIDTH="48" HEIGHT="15" WC="0.96" CONTENT="men"/><SP WIDTH="16" VPOS="954" HPOS="467"/>
							<String ID="string_198" HPOS="483" VPOS="948" WIDTH="27" HEIGHT="21" WC="0.96" CONTENT="dä"/><SP WIDTH="15" VPOS="948" HPOS="510"/>
							<String ID="string_199" HPOS="525" VPOS="948" WIDTH="26" HEIGHT="21" WC="0.96" CONTENT="de"/><SP WIDTH="15" VPOS="948" HPOS="551"/>
							<String ID="string_200" HPOS="566" VPOS="948" WIDTH="60" HEIGHT="21" WC="0.93" CONTENT="skola"/><SP WIDTH="15" VPOS="948" HPOS="626"/>
							<String ID="string_201" HPOS="641" VPOS="948" WIDTH="27" HEIGHT="27" WC="0.93" CONTENT="gä"/><SP WIDTH="10" VPOS="948" HPOS="668"/>
							<String ID="string_202" HPOS="678" VPOS="949" WIDTH="33" HEIGHT="20" WC="0.96" CONTENT="till"/><SP WIDTH="13" VPOS="949" HPOS="711"/>
							<String ID="string_203" HPOS="724" VPOS="948" WIDTH="137" HEIGHT="27" WC="0.93" CONTENT="Petersburg,"/><SP WIDTH="11" VPOS="948" HPOS="861"/>
							<String ID="string_204" HPOS="872" VPOS="948" WIDTH="62" HEIGHT="21" WC="0.93" CONTENT="hafva"/><SP WIDTH="10" VPOS="948" HPOS="934"/>
							<String ID="string_205" HPOS="944" VPOS="948" WIDTH="80" HEIGHT="27" WC="0.92" CONTENT="svärig-"/>
						</TextLine>
						<TextLine ID="line_24" HPOS="196" VPOS="977" WIDTH="828" HEIGHT="27">
							<String ID="string_206" HPOS="196" VPOS="977" WIDTH="62" HEIGHT="20" WC="0.92" CONTENT="heter"/><SP WIDTH="23" VPOS="977" HPOS="258"/>
							<String ID="string_207" HPOS="281" VPOS="978" WIDTH="55" HEIGHT="19" WC="0.92" CONTENT="mött"/><SP WIDTH="19" VPOS="978" HPOS="336"/>
							<String ID="string_208" HPOS="355" VPOS="977" WIDTH="35" HEIGHT="20" WC="0.96" CONTENT="vid"/><SP WIDTH="15" VPOS="977" HPOS="390"/>
							<String ID="string_209" HPOS="405" VPOS="977" WIDTH="63" HEIGHT="21" WC="0.92" CONTENT="deras"/><SP WIDTH="15" VPOS="977" HPOS="468"/>
							<String ID="string_210" HPOS="483" VPOS="977" WIDTH="113" HEIGHT="26" WC="0.92" CONTENT="klarering,"/><SP WIDTH="16" VPOS="977" HPOS="596"/>
							<String ID="string_211" HPOS="612" VPOS="977" WIDTH="89" HEIGHT="22" WC="0.92" CONTENT="emedan"/><SP WIDTH="16" VPOS="977" HPOS="701"/>
							<String ID="string_212" HPOS="717" VPOS="977" WIDTH="25" HEIGHT="21" WC="0.93" CONTENT="de"/><SP WIDTH="17" VPOS="977" HPOS="742"/>
							<String ID="string_213" HPOS="759" VPOS="977" WIDTH="19" HEIGHT="27" WC="0.92" CONTENT="ej"/><SP WIDTH="15" VPOS="977" HPOS="778"/>
							<String ID="string_214" HPOS="793" VPOS="977" WIDTH="56" HEIGHT="21" WC="0.93" CONTENT="varit"/><SP WIDTH="14" VPOS="977" HPOS="849"/>
							<String ID="string_215" HPOS="863" VPOS="977" WIDTH="99" HEIGHT="21" WC="0.92" CONTENT="försedda"/><SP WIDTH="16" VPOS="977" HPOS="962"/>
							<String ID="string_216" HPOS="978" VPOS="977" WIDTH="46" HEIGHT="21" WC="0.96" CONTENT="med"/>
						</TextLine>
						<TextLine ID="line_25" HPOS="196" VPOS="1005" WIDTH="829" HEIGHT="27">
							<String ID="string_217" HPOS="196" VPOS="1005" WIDTH="149" HEIGHT="21" WC="0.92" CONTENT="examinerade"/><SP WIDTH="23" VPOS="1005" HPOS="345"/>
							<String ID="string_218" HPOS="368" VPOS="1005" WIDTH="110" HEIGHT="27" WC="0.91" CONTENT="skeppare."/><SP WIDTH="30" VPOS="1005" HPOS="478"/>
							<String ID="string_219" HPOS="508" VPOS="1005" WIDTH="26" HEIGHT="21" WC="0.92" CONTENT="Vi"/><SP WIDTH="15" VPOS="1005" HPOS="534"/>
							<String ID="string_220" HPOS="549" VPOS="1005" WIDTH="64" HEIGHT="21" WC="0.90" CONTENT="hafva"/><SP WIDTH="15" VPOS="1005" HPOS="613"/>
							<String ID="string_221" HPOS="628" VPOS="1005" WIDTH="63" HEIGHT="22" WC="0.92" CONTENT="alltsä"/><SP WIDTH="16" VPOS="1005" HPOS="691"/>
							<String ID="string_222" HPOS="707" VPOS="1005" WIDTH="90" HEIGHT="27" WC="0.92" CONTENT="nödgats"/><SP WIDTH="16" VPOS="1005" HPOS="797"/>
							<String ID="string_223" HPOS="813" VPOS="1007" WIDTH="78" HEIGHT="25" WC="0.92" CONTENT="antaga"/><SP WIDTH="16" VPOS="1007" HPOS="891"/>
							<String ID="string_224" HPOS="907" VPOS="1011" WIDTH="25" HEIGHT="16" WC="0.93" CONTENT="en"/><SP WIDTH="16" VPOS="1011" HPOS="932"/>
							<String ID="string_225" HPOS="948" VPOS="1005" WIDTH="77" HEIGHT="21" WC="0.91" CONTENT="exami-"/>
						</TextLine>
						<TextLine ID="line_26" HPOS="196" VPOS="1033" WIDTH="828" HEIGHT="28">
							<String ID="string_226" HPOS="196" VPOS="1033" WIDTH="68" HEIGHT="21" WC="0.92" CONTENT="nerad"/><SP WIDTH="16" VPOS="1033" HPOS="264"/>
							<String ID="string_227" HPOS="280" VPOS="1033" WIDTH="105" HEIGHT="26" WC="0.92" CONTENT="skeppare"/><SP WIDTH="16" VPOS="1033" HPOS="385"/>
							<String ID="string_228" HPOS="401" VPOS="1034" WIDTH="75" HEIGHT="21" WC="0.96" CONTENT="endast"/><SP WIDTH="15" VPOS="1034" HPOS="476"/>
							<String ID="string_229" HPOS="491" VPOS="1033" WIDTH="33" HEIGHT="21" WC="0.93" CONTENT="för"/><SP WIDTH="13" VPOS="1033" HPOS="524"/>
							<String ID="string_230" HPOS="537" VPOS="1033" WIDTH="158" HEIGHT="22" WC="0.92" CONTENT="formalitetens"/><SP WIDTH="16" VPOS="1033" HPOS="695"/>
							<String ID="string_231" HPOS="711" VPOS="1034" WIDTH="63" HEIGHT="21" WC="0.95" CONTENT="skull."/><SP WIDTH="31" VPOS="1034" HPOS="774"/>
							<String ID="string_232" HPOS="805" VPOS="1034" WIDTH="40" HEIGHT="27" WC="0.96" CONTENT="Jag"/><SP WIDTH="16" VPOS="1034" HPOS="845"/>
							<String ID="string_233" HPOS="861" VPOS="1040" WIDTH="62" HEIGHT="15" WC="0.92" CONTENT="anser"/><SP WIDTH="12" VPOS="1040" HPOS="923"/>
							<String ID="string_234" HPOS="935" VPOS="1034" WIDTH="89" HEIGHT="25" WC="0.92" CONTENT="derföre,"/>
						</TextLine>
						<TextLine ID="line_27" HPOS="196" VPOS="1061" WIDTH="828" HEIGHT="50">
							<String ID="string_235" HPOS="196" VPOS="1063" WIDTH="32" HEIGHT="48" WC="0.45" CONTENT="s"/><SP WIDTH="7" VPOS="1063" HPOS="228"/>
							<String ID="string_236" HPOS="235" VPOS="1061" WIDTH="41" HEIGHT="49" WC="0.63" CONTENT="a"/><SP WIDTH="24" VPOS="1061" HPOS="276"/>
							<String ID="string_237" HPOS="300" VPOS="1061" WIDTH="138" HEIGHT="27" WC="0.96" CONTENT="stadganden,"/><SP WIDTH="24" VPOS="1061" HPOS="438"/>
							<String ID="string_238" HPOS="462" VPOS="1068" WIDTH="44" HEIGHT="15" WC="0.93" CONTENT="som"/><SP WIDTH="17" VPOS="1068" HPOS="506"/>
							<String ID="string_239" HPOS="523" VPOS="1062" WIDTH="148" HEIGHT="21" WC="0.96" CONTENT="åstadkomma"/><SP WIDTH="15" VPOS="1062" HPOS="671"/>
							<String ID="string_240" HPOS="686" VPOS="1062" WIDTH="82" HEIGHT="22" WC="0.96" CONTENT="sådana"/><SP WIDTH="15" VPOS="1062" HPOS="768"/>
							<String ID="string_241" HPOS="783" VPOS="1062" WIDTH="114" HEIGHT="27" WC="0.96" CONTENT="svårighet,"/><SP WIDTH="16" VPOS="1062" HPOS="897"/>
							<String ID="string_242" HPOS="913" VPOS="1062" WIDTH="65" HEIGHT="21" WC="0.93" CONTENT="borde"/><SP WIDTH="16" VPOS="1062" HPOS="978"/>
							<String ID="string_243" HPOS="994" VPOS="1062" WIDTH="30" HEIGHT="21" WC="0.83" CONTENT="af-"/>
						</TextLine>
						<TextLine ID="line_28" HPOS="196" VPOS="1096" WIDTH="85" HEIGHT="15">
							<String ID="string_244" HPOS="196" VPOS="1096" WIDTH="85" HEIGHT="15" WC="0.94" CONTENT="skaffas."/>
						</TextLine>
					</TextBlock>
				</ComposedBlock>
				<ComposedBlock ID="cblock_7" HPOS="192" VPOS="1146" WIDTH="832" HEIGHT="55">
					<TextBlock ID="block_5" HPOS="192" VPOS="1146" WIDTH="832" HEIGHT="55">
						<TextLine ID="line_29" HPOS="265" VPOS="1146" WIDTH="759" HEIGHT="23">
							<String ID="string_245" HPOS="265" VPOS="1146" WIDTH="61" HEIGHT="21" WC="0.92" CONTENT="Efter"/><SP WIDTH="22" VPOS="1146" HPOS="326"/>
							<String ID="string_246" HPOS="348" VPOS="1146" WIDTH="71" HEIGHT="21" WC="0.90" CONTENT="slutad"/><SP WIDTH="23" VPOS="1146" HPOS="419"/>
							<String ID="string_247" HPOS="442" VPOS="1146" WIDTH="119" HEIGHT="22" WC="0.96" CONTENT="diskussion"/><SP WIDTH="20" VPOS="1146" HPOS="561"/>
							<String ID="string_248" HPOS="581" VPOS="1147" WIDTH="133" HEIGHT="22" WC="0.96" CONTENT="framställde"/><SP WIDTH="16" VPOS="1147" HPOS="714"/>
							<String ID="string_249" HPOS="730" VPOS="1148" WIDTH="57" HEIGHT="21" WC="0.96" CONTENT="Herr"/><SP WIDTH="14" VPOS="1148" HPOS="787"/>
							<String ID="string_250" HPOS="801" VPOS="1147" WIDTH="170" HEIGHT="22" WC="0.93" CONTENT="Talmannen"/><SP WIDTH="15" VPOS="1147" HPOS="971"/>
							<String ID="string_251" HPOS="986" VPOS="1147" WIDTH="38" HEIGHT="21" WC="0.92" CONTENT="föl-"/>
						</TextLine>
						<TextLine ID="line_30" HPOS="192" VPOS="1174" WIDTH="153" HEIGHT="27">
							<String ID="string_252" HPOS="192" VPOS="1174" WIDTH="66" HEIGHT="27" WC="0.92" CONTENT="jande"/><SP WIDTH="16" VPOS="1174" HPOS="258"/>
							<String ID="string_253" HPOS="274" VPOS="1174" WIDTH="71" HEIGHT="27" WC="0.96" CONTENT="fråga:"/>
						</TextLine>
					</TextBlock>
				</ComposedBlock>
				<ComposedBlock ID="cblock_8" HPOS="194" VPOS="1230" WIDTH="830" HEIGHT="114">
					<TextBlock ID="block_6" HPOS="194" VPOS="1230" WIDTH="830" HEIGHT="114">
						<TextLine ID="line_31" HPOS="265" VPOS="1230" WIDTH="759" HEIGHT="29">
							<String ID="string_254" HPOS="265" VPOS="1230" WIDTH="43" HEIGHT="22" WC="0.94" CONTENT="Vill"/><SP WIDTH="23" VPOS="1230" HPOS="308"/>
							<String ID="string_255" HPOS="331" VPOS="1231" WIDTH="84" HEIGHT="22" WC="0.96" CONTENT="ståndet"/><SP WIDTH="22" VPOS="1231" HPOS="415"/>
							<String ID="string_256" HPOS="437" VPOS="1231" WIDTH="32" HEIGHT="21" WC="0.93" CONTENT="till"/><SP WIDTH="22" VPOS="1231" HPOS="469"/>
							<String ID="string_257" HPOS="491" VPOS="1232" WIDTH="211" HEIGHT="27" WC="0.92" CONTENT="kontraproposition"/><SP WIDTH="23" VPOS="1232" HPOS="702"/>
							<String ID="string_258" HPOS="725" VPOS="1234" WIDTH="58" HEIGHT="20" WC="0.96" CONTENT="emot"/><SP WIDTH="22" VPOS="1234" HPOS="783"/>
							<String ID="string_259" HPOS="805" VPOS="1233" WIDTH="116" HEIGHT="21" WC="0.94" CONTENT="utskottets"/><SP WIDTH="24" VPOS="1233" HPOS="921"/>
							<String ID="string_260" HPOS="945" VPOS="1232" WIDTH="79" HEIGHT="27" WC="0.96" CONTENT="förslag"/>
						</TextLine>
						<TextLine ID="line_32" HPOS="194" VPOS="1259" WIDTH="830" HEIGHT="29">
							<String ID="string_261" HPOS="194" VPOS="1261" WIDTH="80" HEIGHT="25" WC="0.94" CONTENT="antaga"/><SP WIDTH="16" VPOS="1261" HPOS="274"/>
							<String ID="string_262" HPOS="290" VPOS="1259" WIDTH="100" HEIGHT="27" WC="0.96" CONTENT="antingen"/><SP WIDTH="16" VPOS="1259" HPOS="390"/>
							<String ID="string_263" HPOS="406" VPOS="1266" WIDTH="81" HEIGHT="15" WC="0.96" CONTENT="samma"/><SP WIDTH="15" VPOS="1266" HPOS="487"/>
							<String ID="string_264" HPOS="502" VPOS="1260" WIDTH="80" HEIGHT="26" WC="0.96" CONTENT="förslag"/><SP WIDTH="15" VPOS="1260" HPOS="582"/>
							<String ID="string_265" HPOS="597" VPOS="1261" WIDTH="48" HEIGHT="21" WC="0.96" CONTENT="med"/><SP WIDTH="17" VPOS="1261" HPOS="645"/>
							<String ID="string_266" HPOS="662" VPOS="1261" WIDTH="40" HEIGHT="21" WC="0.97" CONTENT="den"/><SP WIDTH="16" VPOS="1261" HPOS="702"/>
							<String ID="string_267" HPOS="718" VPOS="1261" WIDTH="97" HEIGHT="26" WC="0.96" CONTENT="ändring,"/><SP WIDTH="13" VPOS="1261" HPOS="815"/>
							<String ID="string_268" HPOS="828" VPOS="1263" WIDTH="32" HEIGHT="19" WC="0.93" CONTENT="att"/><SP WIDTH="11" VPOS="1263" HPOS="860"/>
							<String ID="string_269" HPOS="871" VPOS="1262" WIDTH="153" HEIGHT="26" WC="0.92" CONTENT="slutmeningen"/>
						</TextLine>
						<TextLine ID="line_33" HPOS="195" VPOS="1288" WIDTH="829" HEIGHT="28">
							<String ID="string_270" HPOS="195" VPOS="1288" WIDTH="63" HEIGHT="24" WC="0.84" CONTENT="»med"/><SP WIDTH="23" VPOS="1288" HPOS="258"/>
							<String ID="string_271" HPOS="281" VPOS="1288" WIDTH="69" HEIGHT="21" WC="0.92" CONTENT="vilkor"/><SP WIDTH="15" VPOS="1288" HPOS="350"/>
							<String ID="string_272" HPOS="365" VPOS="1300" WIDTH="28" HEIGHT="3" WC="0.92" CONTENT="—"/><SP WIDTH="16" VPOS="1300" HPOS="393"/>
							<String ID="string_273" HPOS="409" VPOS="1300" WIDTH="27" HEIGHT="4" WC="0.91" CONTENT="—"/><SP WIDTH="15" VPOS="1300" HPOS="436"/>
							<String ID="string_274" HPOS="451" VPOS="1300" WIDTH="28" HEIGHT="4" WC="0.92" CONTENT="—"/><SP WIDTH="14" VPOS="1300" HPOS="479"/>
							<String ID="string_275" HPOS="493" VPOS="1288" WIDTH="128" HEIGHT="22" WC="0.91" CONTENT="föreskrifna"/><SP WIDTH="22" VPOS="1288" HPOS="621"/>
							<String ID="string_276" HPOS="643" VPOS="1289" WIDTH="172" HEIGHT="27" WC="0.90" CONTENT="kunskapsprof*"/><SP WIDTH="17" VPOS="1289" HPOS="815"/>
							<String ID="string_277" HPOS="832" VPOS="1290" WIDTH="124" HEIGHT="24" WC="0.92" CONTENT="utelemnas,"/><SP WIDTH="16" VPOS="1290" HPOS="956"/>
							<String ID="string_278" HPOS="972" VPOS="1290" WIDTH="52" HEIGHT="21" WC="0.96" CONTENT="eller"/>
						</TextLine>
						<TextLine ID="line_34" HPOS="194" VPOS="1316" WIDTH="635" HEIGHT="28">
							<String ID="string_279" HPOS="194" VPOS="1316" WIDTH="41" HEIGHT="21" WC="0.96" CONTENT="ock"/><SP WIDTH="16" VPOS="1316" HPOS="235"/>
							<String ID="string_280" HPOS="251" VPOS="1318" WIDTH="33" HEIGHT="19" WC="0.96" CONTENT="att"/><SP WIDTH="15" VPOS="1318" HPOS="284"/>
							<String ID="string_281" HPOS="299" VPOS="1316" WIDTH="48" HEIGHT="21" WC="0.95" CONTENT="hela"/><SP WIDTH="16" VPOS="1316" HPOS="347"/>
							<String ID="string_282" HPOS="363" VPOS="1316" WIDTH="101" HEIGHT="27" WC="0.96" CONTENT="förslaget"/><SP WIDTH="15" VPOS="1316" HPOS="464"/>
							<String ID="string_283" HPOS="479" VPOS="1316" WIDTH="68" HEIGHT="22" WC="0.96" CONTENT="skulle"/><SP WIDTH="15" VPOS="1316" HPOS="547"/>
							<String ID="string_284" HPOS="562" VPOS="1323" WIDTH="27" HEIGHT="15" WC="0.96" CONTENT="ur"/><SP WIDTH="14" VPOS="1323" HPOS="589"/>
							<String ID="string_285" HPOS="603" VPOS="1317" WIDTH="146" HEIGHT="22" WC="0.96" CONTENT="betänkandet"/><SP WIDTH="16" VPOS="1317" HPOS="749"/>
							<String ID="string_286" HPOS="765" VPOS="1317" WIDTH="64" HEIGHT="27" WC="0.96" CONTENT="utgå?"/>
						</TextLine>
					</TextBlock>
				</ComposedBlock>
				<ComposedBlock ID="cblock_9" HPOS="193" VPOS="1372" WIDTH="830" HEIGHT="56">
					<TextBlock ID="block_7" HPOS="193" VPOS="1372" WIDTH="830" HEIGHT="56">
						<TextLine ID="line_35" HPOS="264" VPOS="1372" WIDTH="759" HEIGHT="33">
							<String ID="string_287" HPOS="264" VPOS="1372" WIDTH="39" HEIGHT="25" WC="0.95" CONTENT="De,"/><SP WIDTH="23" VPOS="1372" HPOS="303"/>
							<String ID="string_288" HPOS="326" VPOS="1378" WIDTH="45" HEIGHT="15" WC="0.95" CONTENT="som"/><SP WIDTH="23" VPOS="1378" HPOS="371"/>
							<String ID="string_289" HPOS="394" VPOS="1372" WIDTH="50" HEIGHT="33" WC="0.93" CONTENT="vilja"/><SP WIDTH="16" VPOS="1372" HPOS="444"/>
							<String ID="string_290" HPOS="460" VPOS="1373" WIDTH="35" HEIGHT="21" WC="0.96" CONTENT="det"/><SP WIDTH="15" VPOS="1373" HPOS="495"/>
							<String ID="string_291" HPOS="510" VPOS="1372" WIDTH="65" HEIGHT="26" WC="0.96" CONTENT="förra,"/><SP WIDTH="17" VPOS="1372" HPOS="575"/>
							<String ID="string_292" HPOS="592" VPOS="1380" WIDTH="62" HEIGHT="15" WC="0.96" CONTENT="svara"/><SP WIDTH="12" VPOS="1380" HPOS="654"/>
							<String ID="string_293" HPOS="666" VPOS="1374" WIDTH="30" HEIGHT="26" WC="0.96" CONTENT="ja,"/><SP WIDTH="17" VPOS="1374" HPOS="696"/>
							<String ID="string_294" HPOS="713" VPOS="1374" WIDTH="41" HEIGHT="21" WC="0.96" CONTENT="och"/><SP WIDTH="16" VPOS="1374" HPOS="754"/>
							<String ID="string_295" HPOS="770" VPOS="1374" WIDTH="31" HEIGHT="27" WC="0.96" CONTENT="de,"/><SP WIDTH="17" VPOS="1374" HPOS="801"/>
							<String ID="string_296" HPOS="818" VPOS="1374" WIDTH="71" HEIGHT="22" WC="0.96" CONTENT="hvilka"/><SP WIDTH="16" VPOS="1374" HPOS="889"/>
							<String ID="string_297" HPOS="905" VPOS="1374" WIDTH="67" HEIGHT="22" WC="0.96" CONTENT="önska"/><SP WIDTH="16" VPOS="1374" HPOS="972"/>
							<String ID="string_298" HPOS="988" VPOS="1374" WIDTH="35" HEIGHT="22" WC="0.96" CONTENT="det"/>
						</TextLine>
						<TextLine ID="line_36" HPOS="193" VPOS="1406" WIDTH="219" HEIGHT="22">
							<String ID="string_299" HPOS="193" VPOS="1406" WIDTH="84" HEIGHT="20" WC="0.96" CONTENT="senare,"/><SP WIDTH="17" VPOS="1406" HPOS="277"/>
							<String ID="string_300" HPOS="294" VPOS="1406" WIDTH="62" HEIGHT="16" WC="0.95" CONTENT="svara"/><SP WIDTH="15" VPOS="1406" HPOS="356"/>
							<String ID="string_301" HPOS="371" VPOS="1407" WIDTH="41" HEIGHT="21" WC="0.96" CONTENT="nej."/>
						</TextLine>
					</TextBlock>
				</ComposedBlock>
				<ComposedBlock ID="cblock_10" HPOS="192" VPOS="1456" WIDTH="831" HEIGHT="112">
					<TextBlock ID="block_8" HPOS="192" VPOS="1456" WIDTH="831" HEIGHT="112">
						<TextLine ID="line_37" HPOS="263" VPOS="1456" WIDTH="760" HEIGHT="30">
							<String ID="string_302" HPOS="263" VPOS="1456" WIDTH="84" HEIGHT="27" WC="0.96" CONTENT="Frågan"/><SP WIDTH="22" VPOS="1456" HPOS="347"/>
							<String ID="string_303" HPOS="369" VPOS="1457" WIDTH="128" HEIGHT="22" WC="0.96" CONTENT="besvarades"/><SP WIDTH="23" VPOS="1457" HPOS="497"/>
							<String ID="string_304" HPOS="520" VPOS="1458" WIDTH="48" HEIGHT="21" WC="0.96" CONTENT="med"/><SP WIDTH="21" VPOS="1458" HPOS="568"/>
							<String ID="string_305" HPOS="589" VPOS="1458" WIDTH="23" HEIGHT="27" WC="0.96" CONTENT="ja"/><SP WIDTH="22" VPOS="1458" HPOS="612"/>
							<String ID="string_306" HPOS="634" VPOS="1458" WIDTH="40" HEIGHT="22" WC="0.96" CONTENT="och"/><SP WIDTH="23" VPOS="1458" HPOS="674"/>
							<String ID="string_307" HPOS="697" VPOS="1458" WIDTH="42" HEIGHT="27" WC="0.93" CONTENT="nej,"/><SP WIDTH="21" VPOS="1458" HPOS="739"/>
							<String ID="string_308" HPOS="760" VPOS="1458" WIDTH="99" HEIGHT="22" WC="0.91" CONTENT="hvarföre"/><SP WIDTH="16" VPOS="1458" HPOS="859"/>
							<String ID="string_309" HPOS="875" VPOS="1459" WIDTH="97" HEIGHT="27" WC="0.93" CONTENT="votering"/><SP WIDTH="15" VPOS="1459" HPOS="972"/>
							<String ID="string_310" HPOS="987" VPOS="1466" WIDTH="36" HEIGHT="14" WC="0.92" CONTENT="an-"/>
						</TextLine>
						<TextLine ID="line_38" HPOS="193" VPOS="1484" WIDTH="830" HEIGHT="30">
							<String ID="string_311" HPOS="193" VPOS="1484" WIDTH="95" HEIGHT="28" WC="0.93" CONTENT="ställdes,"/><SP WIDTH="17" VPOS="1484" HPOS="288"/>
							<String ID="string_312" HPOS="305" VPOS="1485" WIDTH="74" HEIGHT="21" WC="0.93" CONTENT="dervid"/><SP WIDTH="16" VPOS="1485" HPOS="379"/>
							<String ID="string_313" HPOS="395" VPOS="1486" WIDTH="27" HEIGHT="21" WC="0.96" CONTENT="15"/><SP WIDTH="15" VPOS="1486" HPOS="422"/>
							<String ID="string_314" HPOS="437" VPOS="1487" WIDTH="68" HEIGHT="20" WC="0.93" CONTENT="röster"/><SP WIDTH="17" VPOS="1487" HPOS="505"/>
							<String ID="string_315" HPOS="522" VPOS="1486" WIDTH="103" HEIGHT="22" WC="0.92" CONTENT="befunnos"/><SP WIDTH="15" VPOS="1486" HPOS="625"/>
							<String ID="string_316" HPOS="640" VPOS="1486" WIDTH="64" HEIGHT="22" WC="0.96" CONTENT="hafva"/><SP WIDTH="15" VPOS="1486" HPOS="704"/>
							<String ID="string_317" HPOS="719" VPOS="1488" WIDTH="80" HEIGHT="20" WC="0.96" CONTENT="uttalat"/><SP WIDTH="15" VPOS="1488" HPOS="799"/>
							<String ID="string_318" HPOS="814" VPOS="1488" WIDTH="31" HEIGHT="26" WC="0.95" CONTENT="sig"/><SP WIDTH="16" VPOS="1488" HPOS="845"/>
							<String ID="string_319" HPOS="861" VPOS="1487" WIDTH="33" HEIGHT="22" WC="0.96" CONTENT="för"/><SP WIDTH="13" VPOS="1487" HPOS="894"/>
							<String ID="string_320" HPOS="907" VPOS="1488" WIDTH="23" HEIGHT="26" WC="0.96" CONTENT="ja"/><SP WIDTH="15" VPOS="1488" HPOS="930"/>
							<String ID="string_321" HPOS="945" VPOS="1488" WIDTH="39" HEIGHT="21" WC="0.96" CONTENT="och"/><SP WIDTH="14" VPOS="1488" HPOS="984"/>
							<String ID="string_322" HPOS="998" VPOS="1489" WIDTH="25" HEIGHT="20" WC="0.96" CONTENT="10"/>
						</TextLine>
						<TextLine ID="line_39" HPOS="192" VPOS="1513" WIDTH="831" HEIGHT="29">
							<String ID="string_323" HPOS="192" VPOS="1513" WIDTH="34" HEIGHT="20" WC="0.96" CONTENT="för"/><SP WIDTH="16" VPOS="1513" HPOS="226"/>
							<String ID="string_324" HPOS="242" VPOS="1514" WIDTH="44" HEIGHT="26" WC="0.93" CONTENT="nej;"/><SP WIDTH="15" VPOS="1514" HPOS="286"/>
							<String ID="string_325" HPOS="301" VPOS="1513" WIDTH="83" HEIGHT="27" WC="0.92" CONTENT="tillfölje"/><SP WIDTH="11" VPOS="1513" HPOS="384"/>
							<String ID="string_326" HPOS="395" VPOS="1514" WIDTH="75" HEIGHT="21" WC="0.96" CONTENT="hvaraf"/><SP WIDTH="10" VPOS="1514" HPOS="470"/>
							<String ID="string_327" HPOS="480" VPOS="1515" WIDTH="40" HEIGHT="21" WC="0.96" CONTENT="den"/><SP WIDTH="11" VPOS="1515" HPOS="520"/>
							<String ID="string_328" HPOS="531" VPOS="1514" WIDTH="59" HEIGHT="21" WC="0.93" CONTENT="förra"/><SP WIDTH="10" VPOS="1514" HPOS="590"/>
							<String ID="string_329" HPOS="600" VPOS="1515" WIDTH="241" HEIGHT="27" WC="0.91" CONTENT="kontrapropositionen"/><SP WIDTH="11" VPOS="1515" HPOS="841"/>
							<String ID="string_330" HPOS="852" VPOS="1516" WIDTH="44" HEIGHT="21" WC="0.96" CONTENT="blef"/><SP WIDTH="9" VPOS="1516" HPOS="896"/>
							<String ID="string_331" HPOS="905" VPOS="1516" WIDTH="24" HEIGHT="21" WC="0.96" CONTENT="af"/><SP WIDTH="8" VPOS="1516" HPOS="929"/>
							<String ID="string_332" HPOS="937" VPOS="1516" WIDTH="86" HEIGHT="22" WC="0.96" CONTENT="ståndet"/>
						</TextLine>
						<TextLine ID="line_40" HPOS="192" VPOS="1541" WIDTH="100" HEIGHT="27">
							<String ID="string_333" HPOS="192" VPOS="1541" WIDTH="100" HEIGHT="27" WC="0.92" CONTENT="antagen."/>
						</TextLine>
					</TextBlock>
				</ComposedBlock>
			</PrintSpace>
		</Page>
	</Layout>
</alto>
