1095 1825
218 151 42 21 828
421 156 183 20 Borgareständet.
628 157 53 17 1867.
707 157 23 17 13
742 157 47 20 Maj.

186 243 38 27 jag
239 242 82 27 boppas
337 242 56 21 skall
408 242 49 21 leda
472 242 32 20 till
520 242 136 26 nedsättning
666 242 23 20 af
699 242 63 21 deras
773 245 83 19 enormt
867 243 55 27 höga
933 244 83 26 belopp,

188 272 25 20 sä
228 271 36 21 vill
277 271 43 27 jag,
337 271 28 21 dä
380 271 117 20 utskottets
512 270 134 21 betänkande
660 270 79 26 jemväl
755 271 37 27 gär
808 273 24 19 ut
847 272 72 26 derpä,
931 272 33 21 för
974 273 43 20 min

189 300 34 21 del
238 299 75 26 frängä
329 300 36 19 det
381 299 132 20 framställda
529 299 203 26 petitionsförslaget
748 299 38 21 och
797 299 88 21 förorda
896 300 35 21 det
942 300 74 21 betän-

189 328 81 21 kandet
286 327 66 21 mätte
369 327 24 20 af
407 326 85 21 ständet
507 328 95 25 antagas.

259 389 56 21 Herr
342 389 129 21 Hackman
496 389 101 21 förenade
623 389 31 26 sig
681 389 32 21 till
738 389 43 21 alla
806 389 60 22 delar
889 391 47 20 med
959 391 55 21 Herr

190 419 111 20 Rosenius.

258 479 10 21 I
284 479 93 27 enlighet
393 479 48 21 med
457 479 93 21 härefter
561 479 118 21 framställd
690 480 139 26 proposition,
843 479 44 22 blef
899 481 115 20 utskottets

189 508 134 21 betänkande
340 507 22 22 af
376 507 86 22 ständet
477 510 92 24 antaget.

258 570 57 21 Herr
330 570 162 21 Talmannen
502 569 98 26 föredrog
613 569 71 21 vidare
696 569 95 22 ständets
803 570 106 21 enskildta
919 571 95 21 besvärs-

188 599 84 21 utskott
288 599 58 21 förut
361 598 118 26 bordlagda
495 598 133 21 betänkande
643 598 7 21 i
666 598 113 27 anledning
794 599 22 21 af
830 599 119 27 föreslagen
960 600 54 26 peti-

189 628 44 20 tion
256 634 34 14 om
312 630 31 18 ett
365 627 124 26 läneanslag
511 626 22 22 af
554 627 106 20 allmänna
682 627 69 21 medel
767 627 32 21 för
813 627 122 22 inrättande
951 628 22 21 af
988 634 25 14 en

189 656 62 20 hamn
269 656 34 20 vid
317 655 119 26 Uleäborgs
453 655 52 21 stad.

256 718 11 21 I
283 717 114 27 anledning
412 717 63 21 häraf
489 717 91 27 uppstod
595 717 93 26 följande
704 717 129 21 diskussion:

258 774 55 21 Herr
329 774 87 20 Wolff:
433 773 67 21 ehuru
513 773 37 27 jag
565 774 32 20 till
613 773 41 21 alla
670 774 59 20 delar
746 774 105 20 erkänner
866 774 71 26 vigten
953 774 23 21 af
987 775 25 20 de

188 803 46 21 skäl
257 802 106 21 utskottet
386 802 78 25 anfört,
486 802 80 26 nödgas
581 802 36 26 jag
634 802 53 20 dock
702 802 34 21 för
752 802 42 21 min
811 802 34 21 del
861 804 95 24 motsäga
972 803 40 20 den

187 831 122 27 föreslagna
331 830 116 27 petitionen
470 830 69 21 såsom
562 830 110 26 åsyftande
694 830 76 21 endast
785 832 32 19 ett
832 830 67 22 lokalt
915 831 95 21 intresse.

187 860 68 20 Äfven
271 859 77 25 många
363 859 67 20 andra
446 858 71 21 städer
532 858 47 21 med
595 858 81 21 mindre
692 865 95 14 resurser
802 860 26 19 än
845 858 107 27 Uleåborg
963 866 49 14 vore

188 888 119 25 säkerligen
321 888 7 20 i
344 887 65 21 behof
424 886 22 22 af
460 886 129 26 statsbidrag
604 887 32 20 till
652 887 100 21 liknande
768 887 105 21 ändamål.
898 888 114 20 Dessutom

188 916 61 21 torde
272 915 141 21 statsverkets
434 915 113 26 tillgångar
569 915 32 20 för
623 915 134 21 närvarande
773 921 50 15 vara
839 915 24 21 så
878 917 82 25 strängt
976 923 36 13 an-

187 945 73 24 litade,
277 945 32 20 att
323 943 84 27 företag
422 943 60 21 äfven
499 943 22 21 af
531 943 130 21 allmännare
674 945 61 25 nytta
746 945 26 19 än
783 944 60 21 detta
855 944 65 21 måste
932 944 80 21 lemnas

188 972 106 21 outförda.
325 972 40 26 Jag
388 975 62 22 tager
475 972 42 26 mig
541 971 83 22 derföre
648 971 92 22 friheten
767 972 79 21 föreslå
870 974 32 19 att
927 972 85 21 ståndet

187 1001 128 21 åtminstone
331 1000 32 21 för
378 1001 69 20 denna
462 1000 101 27 landtdag
579 1000 47 21 ville
642 1000 43 21 låta
701 1001 204 26 petitionsförslaget
919 1001 91 20 förfalla.

256 1063 56 21 Herr
327 1062 144 21 Rosenius:
488 1062 67 21 ehuru
569 1062 36 27 jag
620 1069 61 14 anser
696 1064 32 19 att
738 1062 120 27 Uleåborgs
869 1063 58 20 stads
938 1063 73 21 anhål-

186 1092 36 20 lan
245 1097 33 15 om
302 1091 116 21 understöd
433 1091 5 20 i
455 1090 160 27 ifrågavarande
638 1091 98 20 afseende
753 1097 49 14 vore
818 1091 6 20 i
841 1091 23 20 så
880 1093 66 19 motto
962 1091 48 22 fullt

186 1119 127 27 berättigad,
337 1121 32 19 att
392 1125 25 15 en
440 1119 191 26 hamnanläggning
652 1119 38 21 der
712 1121 24 19 är
753 1121 78 24 ytterst
846 1119 125 27 nödvändig,
988 1120 23 21 så

186 1148 42 21 kan
249 1148 37 27 jag
304 1148 53 21 dock
373 1148 18 25 ej
408 1147 47 21 dela
470 1147 116 21 utskottets
602 1147 60 26 åsigt,
679 1149 32 20 att
727 1149 69 19 staten
812 1148 66 21 borde
895 1148 30 20 till
942 1148 69 21 denna

186 1177 128 26 anläggning
330 1176 87 26 bidraga
434 1176 46 20 med
496 1178 31 19 ett
542 1175 108 22 räntefritt
665 1176 40 21 lån.
734 1176 115 26 Företaget
865 1178 24 19 är
899 1176 110 27 nemligen,

186 1205 70 21 såsom
272 1205 64 21 redan
352 1204 116 25 anmärkts,
484 1204 55 21 blott
555 1204 22 21 af
590 1205 68 20 lokalt
672 1205 97 25 intresse,
781 1205 40 21 och
833 1204 81 22 sådana
927 1205 83 26 företag

186 1234 66 20 borde
276 1234 66 25 enligt
362 1234 42 20 min
420 1233 54 25 åsigt
489 1233 23 20 af
525 1233 153 21 kommunerna
693 1233 88 25 utföras,
798 1236 51 18 utan
865 1234 108 20 anlitande
989 1233 23 21 af

186 1264 81 18 statens
291 1262 90 20 bistånd.
411 1262 33 20 Då
467 1261 65 21 saken
553 1261 65 21 likväl
640 1264 23 18 är
686 1261 23 21 af
728 1263 45 19 stor
788 1262 45 26 vigt
847 1262 33 20 för
895 1261 114 27 Uleåborg,

185 1296 63 15 anser
268 1290 36 26 jag
325 1290 85 21 ståndet
432 1290 113 26 lämpligen
567 1291 73 19 kunna
658 1290 7 20 i
684 1296 26 14 en
732 1296 70 15 annan
825 1290 54 20 form
903 1290 52 20 söka
977 1290 33 21 för

186 1318 90 22 nämnde
292 1318 47 22 stad
355 1318 122 21 underlätta
489 1318 165 26 anläggningens
670 1318 121 26 utförande,
802 1318 7 21 i
821 1318 80 21 hvilket
911 1318 99 22 afseende

183 1348 37 26 jag
234 1346 34 22 får
290 1346 79 22 föreslå
387 1349 33 19 att
435 1346 85 21 ståndet
535 1347 47 21 ville
598 1348 52 25 göra
666 1352 25 15 en
707 1346 132 27 underdånig
854 1346 156 27 framställning

185 1382 34 14 om
234 1375 85 27 garanti
334 1375 23 21 af
371 1375 128 21 statsverket
515 1374 50 22 eller
577 1375 115 21 ständerna
702 1375 34 21 för
746 1377 32 19 ett
790 1374 41 26 lån,
843 1375 80 21 hvilket
934 1375 75 21 staden

185 1404 70 20 kunde
271 1403 49 27 sjelf
334 1405 93 25 upptaga
442 1403 38 21 och
497 1409 45 15 som
558 1404 68 20 skulle
641 1404 83 20 betalas
740 1410 77 20 genom
827 1403 182 27 hamnumgälder,

184 1438 46 15 som
246 1432 34 20 för
295 1432 60 20 detta
369 1432 98 20 ändamäl
483 1432 70 20 kunde
569 1432 99 26 förhöjas.
695 1432 71 26 Nägot
782 1432 71 21 direkt
868 1432 35 20 län
914 1432 22 20 af
945 1433 63 19 stats-

183 1460 75 21 verket
273 1466 61 20 synes
350 1461 42 25 mig
407 1460 33 20 för
455 1460 59 20 detta
528 1460 83 26 företag
625 1460 47 21 icke
688 1460 52 21 böra
756 1460 86 21 komma
857 1460 7 20 i
879 1460 65 26 fräga,
953 1460 56 21 helst

182 1488 141 22 statsverkets
346 1488 119 27 tillgångar,
488 1488 61 21 äfven
572 1495 34 14 om
628 1489 26 21 de
675 1488 19 26 ej
716 1488 33 22 för
765 1488 94 22 tillfället
874 1494 49 15 vore
939 1488 70 21 starkt

182 1518 121 25 medtagna,
319 1516 6 21 i
341 1517 61 25 ingen
426 1517 101 20 händelse
549 1517 69 20 skulle
639 1516 66 21 förslä
728 1519 32 18 att
781 1516 22 21 ät
825 1517 44 20 alla
884 1517 124 20 kommuner

182 1545 71 22 lemna
268 1544 79 22 sädane
363 1545 126 26 understöd;
505 1545 39 21 och
559 1547 32 19 att
607 1545 128 21 ätminstone
751 1545 25 22 de
792 1545 61 21 flesta
869 1545 58 20 orter
941 1545 67 21 vorei
