1095 1825
212 129 57 21 1144
395 133 182 21 Borgareståndet.
602 134 55 16 1867.
681 133 27 17 29
719 133 49 21 Maj.

183 218 83 22 erhålla
288 219 93 21 nämnda
404 224 88 19 summa,
515 224 49 16 men
583 218 32 21 till
631 218 55 25 dem,
709 224 47 15 som
771 218 143 27 tilläfventyrs
930 218 22 21 af
966 218 48 21 sina

182 248 163 21 kommittenter
360 247 98 27 uppburo
478 247 65 26 högre
559 246 165 26 traktamenten,
748 246 96 21 deremot
859 246 103 22 svarande
978 252 34 15 ar-

182 276 71 21 voden
275 275 114 21 utbetalas.
420 275 11 21 I
451 275 53 27 följd
519 275 64 21 häraf
596 275 92 25 komme,
711 274 66 22 sedan
792 275 87 27 upplyst
894 274 69 22 blifvit
979 276 32 20 att

183 304 33 21 till
232 303 132 21 sistnämnda
379 303 97 27 kategori
491 303 46 22 icke
553 303 68 22 hörde
640 303 70 27 någon
726 309 70 15 annan
812 303 23 21 af
849 303 162 26 ifrågavarande

183 331 75 22 stånds
280 332 119 21 ledamöter
420 333 28 19 än
464 332 54 21 Herr
533 331 129 26 Helsingius,
686 331 64 21 hvars
766 331 143 22 traktamente
925 331 87 27 utginge

183 360 48 22 med
247 361 25 20 21
285 361 67 26 mark
367 366 39 21 per
420 360 48 27 dag,
484 361 32 20 att
532 359 77 22 honom
625 359 196 27 tillgodoberäknas
837 361 24 20 21
879 359 61 22 mark
956 362 56 19 samt

182 389 84 21 Herrar
281 388 118 27 Öhrnberg,
416 389 91 26 Östring,
523 388 77 27 Bergh,
617 389 70 24 Holm,
704 387 80 22 Ottelin
800 388 39 21 och
855 387 116 22 Grönholm
985 395 26 14 en

183 417 53 21 hvar
252 417 28 21 20
296 417 60 21 mark
371 423 34 15 om
422 417 74 26 dagen,
512 417 91 20 räknadt
618 416 54 21 ifrån
690 417 141 26 landtdagens
847 416 125 22 afblåsande
987 416 24 21 så

183 445 63 27 länge
270 445 26 22 de
315 451 50 16 vore
380 445 49 21 med
444 445 237 26 landtdagsgöromålen
696 447 117 24 upptagne;
838 445 101 21 skolande
954 445 58 21 Herr

183 473 190 22 Kommerserådet
394 473 108 22 Sundman
523 473 92 22 medelst
634 474 78 26 utdrag
727 473 23 21 af
764 473 130 26 protokollet
909 473 104 21 anmodas

184 504 32 19 att
239 502 26 21 de
288 508 29 15 nu
339 502 98 21 beslutna
460 502 185 26 utbetalningarne
667 501 23 22 af
709 501 103 22 Ståndets
835 501 68 22 medel
920 501 93 27 benäget

183 530 125 22 verkställa.

778 586 21 17 Tn
811 586 60 17 fidem:

715 626 75 21 Sixtus
808 626 134 21 Calamnius.

254 734 174 22 Sammanträdet
442 734 110 26 upphörde
568 734 27 21 kl.
612 734 49 27 63/,
676 740 18 16 e.
710 740 28 15 m.

789 818 21 18 In
823 818 61 18 fidem:

715 858 76 22 Sixtus
809 858 131 22 Calamnius.

414 1027 154 34 Onsdagen
587 1027 57 27 den
663 1027 35 28 29
716 1027 58 34 Maj

183 1097 29 20 kl.
238 1097 23 20 11
286 1096 13 21 f.
321 1102 28 15 m.
372 1096 171 21 sammanträdde
563 1095 181 28 Borgareständet
759 1096 32 21 till
807 1096 92 27 plenum,
922 1096 88 21 hvarvid

183 1125 192 21 tillstädeskommo
399 1124 94 22 ständets
517 1124 65 27 öfrige
603 1124 144 27 medlemmar,
771 1126 57 19 utom
845 1125 80 20 Herrar
942 1124 67 21 Snell-

183 1159 56 20 man,
263 1153 111 21 Wendelin
393 1153 39 21 och
448 1152 68 24 Utter,
539 1153 72 21 hvilka
626 1153 24 20 af
662 1153 59 21 förut
736 1153 120 21 antecknad
873 1153 62 21 orsak
950 1153 59 21 frän-

183 1187 59 19 voro,
257 1181 56 22 Herr
329 1181 72 27 Malm,
417 1187 45 15 som
477 1181 151 27 tillkännagafs
642 1187 53 15 vara
709 1181 28 27 pä
753 1187 25 15 en
794 1181 64 21 stund
873 1181 89 21 hindrad
976 1183 34 20 att

183 1210 33 26 sig
247 1209 76 51 inn
346 1209 40 23 och
409 1210 57 21 Herr
487 1210 115 27 Nylander,
628 1209 87 23 hvilken
741 1211 51 20 utan
821 1210 95 21 anmäldt
936 1210 72 21 förfall

183 1239 89 23 uteblef.

252 1294 110 22 Anmältes
377 1295 40 21 och
433 1296 104 25 emottogs
553 1301 26 15 en
595 1295 125 27 deputation
735 1294 46 22 frän
797 1294 157 28 Ridderskapet
969 1295 39 21 och

183 1323 75 26 Adeln,
274 1324 75 20 anförd
364 1323 23 21 af
401 1323 50 21 herr
466 1323 201 21 hofrättsassessorn
683 1322 127 26 Grotenfelt,
832 1329 45 15 som
895 1323 113 21 tillkänna-

182 1351 38 27 gaf
238 1353 34 19 att
295 1352 156 26 Ridderskapet
471 1352 38 20 och
524 1352 70 20 Adeln
609 1352 7 20 i
630 1352 39 26 gär
684 1351 92 22 förehaft
792 1351 38 21 och
846 1351 48 21 med
909 1351 100 21 afseende

183 1379 57 27 derä,
264 1381 33 20 att
318 1380 7 20 i
347 1380 164 21 nedannämnda
533 1380 93 27 punkter
648 1380 23 21 af
692 1380 218 27 kyrkolagsförslaget
932 1382 77 19 tvenne

182 1408 63 21 ständ
267 1410 86 19 stannat
369 1410 57 19 emot
441 1408 42 26 tvä,
505 1408 96 26 godkänt
616 1408 250 27 expeditionsutskottets
881 1408 79 26 förslag
976 1408 32 21 till

181 1443 29 21 ny
232 1436 112 22 redaktion
365 1436 23 21 af
409 1436 24 28 $$
456 1437 41 20 102
520 1437 39 21 och
584 1437 39 21 165
643 1437 108 21 äfvensom
767 1438 31 20 att
814 1438 10 24 $
841 1437 41 21 344
897 1436 55 27 finge
968 1436 41 21 den

181 1465 81 27 lydelse
285 1466 33 25 S:n
341 1471 50 21 eger
412 1466 8 20 i
442 1465 40 21 den
505 1464 78 28 nådiga
597 1465 160 27 propositionen
772 1466 7 20 i
794 1467 73 19 ämnet
882 1467 55 19 samt
952 1465 13 27 &
980 1466 28 20 66

181 1493 45 22 helt
250 1493 38 22 och
311 1492 67 22 hället
399 1493 57 26 utgä.
487 1493 157 26 Ridderskapet
666 1494 40 21 och
729 1494 68 20 Adeln
821 1493 55 21 hade
891 1495 71 19 ansett
976 1495 33 19 ett

182 1523 56 20 stort
254 1521 51 22 verk
320 1521 75 21 kräfva
410 1522 39 21 och
465 1521 33 21 väl
514 1521 91 27 förtjena
621 1521 145 28 uppoffringar
781 1523 55 20 samt
852 1521 84 22 derföre
952 1521 57 22 velat
