1095 1825
325 137 186 23 Borgareståndet.
536 138 55 17 1867.
617 139 8 16 1
638 138 48 21 Maj.
849 134 40 20 665

91 223 24 49 z
135 224 11 25 8
169 224 12 20 6
204 224 6 20 i
230 224 36 20 det
288 224 23 20 af
331 223 107 21 utskottet
460 223 121 27 föreslagna
603 223 55 27 syfte
681 223 18 26 ej
722 222 67 22 borde
811 223 107 21 komma
899 218 21 36 i

100 252 55 26 råga.

160 307 56 22 Herr
230 307 82 28 Bergh
326 307 106 22 instämde
447 307 49 22 med
511 307 56 22 Herr
582 307 160 27 Bronikowskij.

159 364 31 21 På
204 364 56 21 Herr
275 364 181 21 Talmannens
475 364 54 21 härå
543 364 133 21 framställda
691 364 132 27 proposition
837 364 80 21 beslöts

91 394 32 19 att
138 392 40 21 den
194 392 22 22 af
229 393 105 21 utskottet
348 393 122 26 föreslagna
485 393 90 26 ändring
591 392 22 21 af
626 393 12 26 $
654 393 12 20 6
682 393 68 21 skulle
765 393 57 27 utgå.

477 477 14 27 $
502 462 25 47 7.

159 533 31 22 På
211 533 154 27 framställning
390 533 24 22 af
436 533 81 22 Herrar
542 533 202 27 Bronikowskij
770 534 39 21 och
834 529 82 26 Öhrn-

90 562 69 25 berg,
182 564 54 19 samt
258 562 54 21 efter
331 562 23 21 af
373 562 57 21 Herr
452 562 163 21 Talmannen
636 562 119 21 framställd
776 563 139 26 proposition,

90 590 79 22 beslöts
184 592 38 23 att,
237 591 7 21 i
260 591 217 21 öfverensstämmelse
493 591 49 21 med
557 591 96 21 ständets
668 591 70 21 beslut
756 590 130 22 beträffande
901 591 12 27 $

90 620 19 24 5,
126 621 76 25 antaga
217 620 40 20 den
272 620 7 20 i
294 620 77 26 nådiga
386 620 159 26 propositionen
562 619 119 27 föreslagna
696 620 130 26 uteslutning
840 620 23 20 af
873 619 11 27 8
896 621 19 24 7;

89 648 8 20 i
112 647 51 27 följd
186 648 75 21 hvaraf
281 648 116 21 utskottets
419 648 204 27 redaktionsförslag
640 648 7 20 i
666 648 98 21 afseende
781 648 13 21 &
813 648 70 22 denna
902 648 12 27 $

90 676 84 22 komme
189 678 32 20 att
236 676 89 22 förfalla.

418 732 59 28 Kap.
493 733 29 21 25
538 733 15 27 $
568 735 19 19 1.

157 790 57 21 Herr
228 790 112 26 Ostring:
360 790 7 20 i
384 790 26 20 15
427 790 12 26 &
456 790 21 20 af
492 790 59 20 detta
566 789 81 27 kapitel
662 789 39 21 har
715 796 55 19 man,
786 790 69 20 såsom
871 790 43 26 mig

89 818 72 26 tyckes
176 818 28 27 pä
218 818 80 27 ganska
312 818 56 26 goda
382 818 54 26 skäl,
452 820 70 19 ansett
535 818 31 26 sig
577 818 51 21 böra
638 818 100 21 nedsätta
747 818 166 26 vadeskillingen

88 846 7 21 i
111 846 153 22 rädstufvurätt
286 847 46 21 från
355 847 41 21 fem
418 847 32 20 till
466 849 32 19 tre
514 846 65 22 daler.
609 846 50 21 Men
674 846 98 22 hvarföre
786 853 49 14 man
849 846 8 21 i
873 848 9 19 1
901 846 12 26 8

88 874 46 27 höjt
155 875 165 27 vadeskillingen
336 875 7 21 i
358 875 123 21 häradsrätt
503 875 48 21 frän
570 875 56 21 hvad
642 875 40 21 den
698 875 74 21 hittills
786 875 81 27 utgjort
881 874 33 21 till

88 904 139 20 nästnämnde
248 904 76 26 belopp
346 904 43 20 kan
408 904 38 26 jag
466 904 87 20 alldeles
568 904 47 20 icke
630 903 60 21 fatta.
720 903 46 21 Har
780 910 48 14 man
843 904 71 19 ansett

88 931 32 27 sig
135 931 52 22 böra
202 932 26 26 gä
238 932 56 21 ända
304 932 81 21 derhän
384 927 12 36 i
413 931 140 27 likställighet
563 933 32 20 att
605 931 166 27 vadeskillingen
781 931 32 21 för
826 931 87 20 härads-

88 960 39 21 och
149 960 154 21 rädstufvurätt
323 961 68 20 skulle
407 960 64 21 blifva
487 960 128 26 densamma,
631 966 61 21 synes
708 960 42 26 mig
765 960 58 21 detta
838 961 77 24 utgöra

88 990 31 19 ett
141 989 81 26 ganska
243 991 61 24 svagt
323 989 46 20 skäl
385 988 32 21 för
433 989 40 20 den
488 988 162 27 ifrägavarande
665 989 108 26 ätgärden.
802 988 41 26 Jag
857 988 57 21 inser

87 1017 120 26 verkeligen
228 1017 48 21 icke
297 1017 55 21 hvad
370 1017 111 26 meningen
497 1017 48 21 med
561 1017 62 21 dessa
637 1017 170 26 vadepenningar
822 1018 29 19 är.
882 1016 32 21 De

87 1047 37 19 äro
140 1045 32 21 för
187 1045 45 21 smä
248 1047 32 19 att
294 1045 133 22 förekomma
441 1046 198 26 processlystnaden
655 1045 39 21 och
710 1047 32 19 att
757 1045 26 21 de
793 1045 68 20 skulle
871 1044 42 21 till-

87 1073 50 22 falla
153 1074 117 21 domstolen
287 1080 61 15 anser
361 1074 36 27 jag
413 1074 117 27 olämpligt,
541 1074 56 21 helst
608 1073 118 22 domstolen
736 1073 46 21 icke
794 1075 24 19 är
830 1073 83 26 skyldig

87 1104 32 19 att
142 1102 99 21 återbära
262 1103 46 20 dem
330 1103 45 20 ifall
395 1103 64 20 vadet
481 1103 80 20 vinnes.
591 1102 79 21 Parten
693 1102 54 21 skall
772 1102 88 21 sålunda
880 1101 33 20 till

87 1130 118 21 domstolen
225 1131 85 26 erlägga
331 1133 33 19 tre
387 1131 60 20 daler
469 1131 33 20 för
525 1131 35 20 det
583 1131 69 21 denna
666 1130 60 27 gifvit
741 1137 25 14 en
783 1131 54 24 dom,
853 1129 60 21 hvari

86 1159 42 21 han
151 1159 79 26 nödgas
253 1159 52 21 söka
325 1159 91 26 ändring
436 1159 39 21 och
491 1159 122 26 derigenom
629 1159 105 20 föranledt
749 1165 26 14 en
789 1158 124 27 ytterligare

86 1187 90 21 kostnad
192 1187 33 21 för
240 1187 83 22 honom.
354 1188 43 21 För
416 1188 43 20 min
475 1188 34 20 del
525 1187 117 27 tillstyrker
654 1187 38 26 jag
707 1187 81 21 således
804 1188 31 19 att
850 1187 62 20 vade-

87 1216 111 26 skillingen
213 1216 35 21 vid
264 1216 122 22 häradsrätt
401 1217 67 20 måtte
483 1216 66 21 blifva
564 1217 122 20 densamma
701 1222 45 14 som
762 1215 61 21 förut.
855 1214 58 22 Skall

87 1244 40 21 den
149 1244 99 26 förhöjas,
272 1245 39 21 bör
331 1245 129 21 åtminstone
483 1245 36 21 det
539 1245 116 26 stadgande
670 1244 83 26 intagas
769 1246 37 23 att,
822 1245 68 19 såsom
906 1243 7 21 i

85 1272 87 25 hofrätt,
196 1273 117 21 domstolen
335 1274 53 20 skall
404 1280 52 14 vara
470 1273 89 26 skyldig,
575 1273 44 21 ifall
636 1274 47 20 dess
698 1273 70 26 utslag
782 1272 83 26 ändras,
881 1272 33 20 att

86 1301 99 21 återbära
200 1302 165 26 vadeskillingen
382 1302 52 21 eller
450 1302 45 24 ock,
506 1302 7 21 i
524 1301 100 22 händelse
635 1302 36 20 det
682 1301 88 27 ansåges
781 1300 130 27 lämpligare,

87 1330 129 21 öfverlemna
231 1330 122 21 densamma
367 1330 34 21 till
417 1330 26 21 de
458 1330 81 26 fattige.

155 1387 55 21 Herr
226 1386 139 27 Öhrnberg:
389 1387 41 21 den
446 1386 58 22 såväl
519 1386 7 21 i
541 1386 159 27 propositionen
715 1392 45 15 som
776 1386 7 20 i
796 1385 116 21 utskottets

86 1415 134 21 betänkande
235 1415 120 27 föreslagna
369 1415 148 27 förhöjningen
528 1415 23 21 af
560 1415 164 27 vadeskillingen
737 1415 35 20 vid
784 1414 127 24 häradsrätt,

85 1443 45 27 har,
146 1444 28 26 på
189 1445 43 19 sätt
247 1444 65 20 redan
327 1444 116 24 anmärkts,
460 1444 31 20 sin
508 1444 63 20 orsak
585 1444 8 20 i
608 1444 89 26 afsigten
714 1445 32 19 att
765 1442 147 22 åstadkomma

85 1472 68 21 likhet
175 1472 89 21 emellan
288 1472 25 21 de
328 1472 68 26 begge
418 1472 164 20 underrätterna
598 1472 7 20 i
621 1472 77 21 landet.
729 1471 71 27 Något
817 1470 47 22 skäl
880 1472 32 19 att

85 1500 90 21 emellan
191 1501 46 20 dem
253 1502 95 19 statuera
363 1507 26 14 en
405 1500 81 21 olikhet
501 1500 7 20 i
523 1500 92 21 nämnda
630 1500 126 25 hänseende,
772 1500 61 20 torde
848 1498 65 21 också

85 1529 106 26 svårligen
201 1529 72 21 kunna
283 1528 102 27 påfinnas.
408 1529 169 21 Vidkommande
587 1528 75 27 sjelfva
671 1527 240 28 förhöjningsåtgärden,
