1095 1825
216 141 42 21 970
414 146 184 22 Borgareståndet.
623 146 55 18 1867.
702 147 26 17 22
740 147 47 21 Maj.

188 238 35 16 om
246 231 42 22 han
311 231 40 21 har
373 232 50 26 Jaga
441 231 77 27 förfall,
534 232 86 21 hvartill
636 232 39 20 ock
690 231 68 22 måste
774 232 79 20 räknas
869 232 42 26 det,
927 233 32 20 att
974 232 42 20 han

188 261 46 21 icke
250 260 42 22 fått
307 260 157 21 underrättelse
481 266 34 15 om
530 260 194 26 inställelsedagen.

258 322 57 21 Herr
329 322 103 27 Bergh:
445 321 37 27 jag
497 321 124 22 instämmer
635 322 7 21 i
658 322 56 21 Herr
728 322 125 21 Lindbloms
868 323 98 26 yttrande
977 322 39 21 och

188 351 100 21 förordar
304 351 39 20 den
359 350 79 27 nådiga
454 350 159 27 propositionen
628 350 7 21 i
648 350 70 22 denna
729 351 40 21 del.
793 351 45 21 Den
850 351 63 26 långa
923 351 94 26 anslags-

188 379 59 21 tiden
262 379 40 20 har
317 379 56 20 varit
389 385 26 15 en
431 379 23 20 af
467 379 26 20 de
508 380 73 20 värsta
596 378 136 27 olägenheter
747 379 7 21 i
770 379 40 22 den
825 379 123 21 nuvarande
963 379 54 21 kon-

188 408 150 25 kursstadgan,
361 407 7 20 i
390 407 37 21 det
449 408 32 20 att
503 407 90 26 mången
612 407 102 26 gäldenär
730 408 67 21 under
811 407 123 22 konkursen
949 407 68 21 blifvit

187 436 79 21 försatt
288 436 6 20 i
317 441 26 16 en
358 437 94 24 tvungen
467 435 139 27 sysslolöshet
621 435 39 22 och
676 436 123 26 derigenom
815 436 46 26 gått
876 436 73 26 under,
964 437 53 20 utan

188 466 33 19 att
243 464 67 21 sedan
333 463 63 22 hafva
418 464 82 21 kunnat
522 470 52 20 repa
595 464 38 26 sig.
663 464 41 27 Jag
727 466 45 19 tror
790 464 41 21 ock
846 465 32 20 att
893 465 6 20 i
915 465 26 20 de
956 463 61 22 flesta

189 493 38 20 fall
252 493 12 20 2
290 491 103 22 månader
418 498 51 15 vore
494 492 119 27 tillräkligt,
636 492 28 21 då
687 493 26 20 de
735 493 100 21 utlänska
859 493 159 26 borgenärerna

188 521 99 26 vanligen
309 520 82 21 erhålla
415 521 96 26 kunskap
533 527 34 14 om
582 521 123 21 konkursen
720 521 46 21 icke
781 527 75 21 genom
872 523 76 24 rätten,
965 522 52 19 utan

188 555 77 21 genom
288 549 47 21 sina
357 550 89 25 agenter
468 549 56 21 inom
540 549 79 26 landet,
635 549 72 21 hvilka
722 549 65 22 oftast
801 551 75 24 genast
891 549 126 21 underrätta

190 578 54 26 dem,
260 577 137 28 hvarigenom
413 577 122 21 konkursen
550 577 97 27 vanligen
663 577 28 26 på
707 579 12 20 2
736 577 12 21 å
763 578 13 20 3
791 578 78 21 veckor
885 579 24 20 är
923 577 33 21 för
968 577 48 21 dem

188 606 65 21 känd.
284 605 67 22 Afven
375 612 34 15 om
434 606 25 20 de
481 607 37 20 äro
534 606 87 21 bosatta
635 606 7 20 i
658 605 107 27 Amerika,
781 606 24 22 så
820 606 72 22 kunna
907 606 26 21 de
949 605 27 27 på
991 612 26 15 en

188 634 79 21 månad
283 634 81 21 erhålla
379 634 98 26 kunskap
493 640 33 15 om
543 634 129 21 konkursen.
695 636 14 19 4
722 634 101 22 månader
839 636 23 20 är
878 634 82 22 således
976 634 40 21 den

188 663 84 26 längsta
296 663 37 24 tid,
352 669 45 15 som
413 662 34 21 för
462 663 121 21 ändamålet
598 662 108 26 behöfves,
723 663 39 21 och
776 663 36 27 jag
827 663 92 25 befarar,
935 664 32 20 att
982 669 34 15 om

188 692 118 20 utskottets
329 691 81 26 förslag
426 693 93 24 antages,
536 691 23 21 så
574 691 96 21 kommer
686 692 13 20 4
714 692 113 20 månaders
843 691 174 27 stemningstiden

190 721 33 19 att
238 721 78 25 utgöra
331 720 58 26 regel
405 720 7 20 i
428 719 71 21 stället
515 719 33 21 för
563 720 115 26 undantag.

258 782 57 21 Herr
338 778 153 30 Öhrnberg:
513 782 36 26 jag
564 782 39 20 har
618 782 6 21 i
640 782 141 26 lagutskottet
797 782 124 21 medverkat
936 782 32 21 till
983 784 34 20 ut-

189 810 92 21 skottets
304 810 135 21 betänkande
460 810 7 21 i
483 810 68 21 denna
567 810 33 21 del
617 810 38 22 och
672 817 62 15 anser
749 810 43 26 mig
807 810 131 22 fortfarande
954 810 64 22 hafva

189 838 115 27 anledning
319 840 32 20 att
366 838 96 21 vidhålla
477 838 117 22 utskottets
609 838 62 27 åsigt.
695 839 42 21 Det
753 839 38 21 har
806 839 109 21 anmärkts
931 839 39 21 och
981 839 36 21 det

189 867 48 21 med
253 868 57 20 rätta
325 868 58 20 emot
399 867 40 21 den
450 867 123 21 nuvarande
583 867 216 27 konkursprocessen,
810 869 33 19 att
853 868 41 20 den
905 869 24 19 är
940 868 78 26 menlig

188 901 77 20 genom
288 896 32 19 sin
343 895 63 26 långa
429 896 152 25 stemningstid.
612 896 76 21 Denna
703 896 140 26 anmärkning
859 896 97 26 gvarstär
970 896 47 21 icke

189 929 95 15 numera.
313 923 48 21 Den
383 923 49 24 kan,
455 929 61 21 synes
535 924 35 21 det
586 924 48 27 mig,
650 923 49 22 med
715 924 43 21 lika
774 923 51 22 liten
841 924 98 26 giltighet
953 923 64 22 fram-

190 952 72 21 ställas
285 953 45 20 mot
348 951 116 22 utskottets
479 952 86 26 förslag,
581 959 45 14 som
642 955 45 18 mot
703 953 41 20 den
759 952 77 27 nådiga
851 952 166 27 propositionen.

190 980 181 27 Stemningstiden
387 981 25 20 är
428 980 65 27 enligt
509 981 71 26 regeln
596 981 112 21 förkortad
723 980 47 21 från
786 981 40 20 och
841 981 48 20 med
905 981 12 20 2
933 981 32 20 till
978 981 39 21 och

189 1008 49 21 med
261 1009 13 20 4
297 1008 113 26 månader;
435 1009 39 20 och
492 1009 36 20 det
543 1011 24 18 är
583 1009 75 21 endast
673 1015 77 20 genom
766 1009 41 21 den
822 1009 88 26 tillagda
925 1009 93 21 bestäm-

189 1037 77 26 ningen
281 1037 23 20 af
318 1037 13 20 6
347 1037 108 26 månader,
471 1043 46 15 som
532 1037 107 22 utskottet
654 1039 71 20 ansett
740 1037 111 27 möjlighet
862 1037 53 21 böra
928 1037 90 22 beredas

190 1065 119 22 domstolen
330 1067 32 19 att
386 1065 5 21 i
411 1067 31 19 ett
458 1065 51 22 eller
525 1068 65 19 annat
605 1066 160 27 undantagsfall
779 1072 77 20 genom
872 1071 26 16 en
913 1066 105 26 stemning

189 1093 23 21 af
232 1094 12 20 6
268 1093 102 22 månader
393 1093 70 21 lemna
485 1094 98 26 samtlige
600 1094 130 27 borgenärer
745 1094 84 21 tillfälle
845 1094 18 27 ej
880 1093 55 22 blott
950 1096 32 19 att
997 1094 22 21 få

190 1122 157 21 underrättelse
371 1128 34 15 om
428 1122 76 21 målets
526 1123 91 26 tillvaro,
633 1124 53 19 utan
702 1123 38 20 ock
756 1124 33 19 att
803 1123 7 20 i
825 1122 90 26 behörig
930 1123 89 26 ordning

189 1152 53 25 göra
264 1151 46 20 sina
333 1150 93 27 anspråk
449 1151 105 26 gällande.
584 1151 41 21 Det
645 1153 25 18 är
685 1151 105 26 nemligen
805 1151 48 21 icke
868 1157 41 20 nog
925 1151 93 26 dermed,

190 1180 32 19 att
244 1179 26 20 de
292 1179 7 20 i
321 1179 32 20 tid
372 1178 21 21 få
409 1179 163 26 underrättelse,
588 1181 52 20 utan
655 1179 49 22 dem
720 1180 39 21 bör
775 1179 39 22 ock
829 1179 90 21 beredas
935 1179 83 21 tillfälle

189 1209 32 19 att
243 1209 53 24 göra
319 1207 46 21 sina
387 1207 94 27 anspråk
498 1207 104 27 gällande.
634 1207 44 22 Och
692 1208 37 26 jag
744 1210 46 19 tror
805 1207 43 27 mig
863 1207 72 22 kunna
950 1208 69 21 uttala

190 1236 40 20 den
252 1236 149 26 förhoppning,
425 1238 33 19 att
475 1236 83 21 landets
574 1236 117 22 domstolar
706 1237 61 21 skola
782 1237 48 20 med
846 1236 102 26 tillbörlig
964 1242 54 15 sam-

189 1264 138 26 vetsgranhet
343 1266 52 24 göra
411 1264 55 21 bruk
482 1264 22 21 af
519 1265 40 21 den
574 1265 161 27 pröfningsrätt,
752 1270 45 16 som
813 1265 48 21 dem
877 1264 39 21 här
931 1265 86 27 tillagts.

258 1326 61 22 Efter
342 1326 72 21 slutad
437 1326 118 22 diskussion
579 1327 133 21 framställde
732 1327 57 22 Herr
804 1327 160 21 Talmannen
979 1327 39 21 föl-

188 1354 64 27 jande
269 1355 145 26 proposition:

258 1417 95 26 Antager
373 1417 87 21 ståndet
483 1418 10 25 &
517 1418 26 20 19
559 1418 66 26 enligt
640 1418 153 26 lagutskottets
809 1418 135 21 betänkande
968 1418 51 21 eller

190 1445 66 26 enligt
272 1445 40 21 den
328 1445 77 27 nådiga
420 1446 175 26 propositionen?

258 1507 39 26 De,
321 1507 79 32 hvilka
418 1508 67 21 önska
501 1508 35 21 det
551 1508 66 26 förra,
632 1515 62 15 svara
708 1509 28 26 ja,
754 1508 39 22 och
809 1509 33 26 de,
858 1514 45 16 som
919 1508 49 27 vilja
983 1508 36 22 det

191 1541 81 19 senare,
289 1541 62 16 svara
365 1541 44 21 nej:
