1095 1825
216 131 41 21 972
415 136 182 21 Borgareståndet.
623 137 56 17 1867.
703 137 27 17 22
742 136 48 22 Maj.

186 222 43 21 kan
244 221 112 27 undvikas,
373 221 66 21 också
453 221 40 21 bör
508 221 110 25 undvikas,
634 221 28 27 på
677 222 36 21 det
724 222 21 20 vi
758 222 131 26 småningom
900 222 36 22 må
946 222 72 22 kunna

186 250 87 22 komma
295 250 55 21 ifrån
373 250 63 20 dessa
456 250 97 26 ständiga
568 250 115 26 edgångar.
714 250 39 21 Om
767 250 36 27 jag
819 250 38 21 har
873 257 26 15 en
915 251 47 21 klar
978 251 39 21 och

187 280 68 25 tydlig
278 278 122 21 skuldsedel
423 278 51 21 eller
489 284 26 15 en
531 279 66 23 vexel,
613 278 63 22 hvars
692 279 101 26 riktighet
807 279 46 21 icke
869 279 42 21 kan
928 281 67 19 sättas
1010 280 7 20 i

187 307 80 25 tvifvel,
283 307 55 20 skall
352 306 36 27 jag
404 306 28 21 då
447 306 46 21 icke
508 307 72 20 kunna
595 306 82 21 bevaka
693 313 25 14 en
734 307 12 21 å
762 307 74 27 dylika
847 307 127 27 handlingar
986 307 31 26 sig

186 335 126 27 grundande
326 335 94 23 fordran,
436 337 52 18 utan
503 337 33 18 att
550 335 69 21 måsta
634 335 90 26 beediga
739 335 54 22 den?
822 335 31 21 Ar
869 335 47 22 åter
932 342 25 15 en
973 335 42 22 for-

187 363 53 22 dran
256 363 79 26 tvistig,
352 363 23 21 så
391 363 45 20 står
452 363 37 21 det
501 363 24 26 ju
541 363 25 20 de
582 363 67 26 öfriga
666 363 157 26 borgenärerna
833 363 46 22 fritt
891 366 32 19 att
935 364 81 21 bevaka

187 393 33 20 sin
242 393 50 25 rätt,
315 392 122 26 derigenom
460 393 32 19 att
515 392 25 21 de
555 391 92 22 affordra
663 394 78 24 ägaren
756 392 32 21 till
805 398 26 15 en
846 392 66 21 sådan
928 393 88 20 fordran

187 420 89 27 edgång.
301 420 44 21 Och
357 420 27 20 då
393 419 37 27 jag
440 420 7 20 i
458 419 105 22 utskottet
573 420 127 21 understödt
711 421 41 20 den
763 421 76 26 nådiga
850 421 166 26 propositionen,

188 449 23 21 så
226 449 35 20 vill
274 448 37 27 jag
327 448 39 21 ock
381 448 40 21 här
436 450 52 24 göra
504 449 117 20 detsamma
632 451 55 18 samt
698 449 82 26 hoppas
792 451 33 19 att
835 449 181 26 Borgareståndet

190 477 55 21 skall
260 479 79 24 antaga
354 477 127 26 paragrafen
497 476 66 27 enligt
578 477 167 26 propositionen.

257 533 56 22 Herr
328 533 165 27 Lindeqvist:
507 533 37 27 jag
559 533 95 22 biträder
670 534 40 21 den
726 534 91 27 mening,
833 540 44 15 som
894 534 89 21 uttalats
995 535 24 20 af

188 563 82 20 Herrar
292 563 70 26 Bergh
385 562 39 21 och
447 562 110 21 Rosenius.
589 562 38 21 Om
650 562 110 27 någonsin,
783 563 24 20 så
829 563 66 20 borde
913 563 59 20 tiden
987 569 29 14 nu

188 597 52 15 vara
263 591 48 21 inne
335 592 32 20 att
389 590 90 22 afskaffa
501 597 24 15 en
549 591 34 21 hel
605 590 77 27 mängd
700 591 57 25 eder,
773 591 72 21 hvilka
859 591 66 21 redan
941 593 37 19 äro
994 591 24 21 af

189 619 194 21 tidsmedvetandet
398 619 109 21 utdömdåa.

258 676 55 20 Herr
333 671 151 31 Öhrnberg:
507 676 6 20 i
533 676 105 21 utskottet
654 676 60 21 sökte
728 676 36 26 jag
776 678 53 24 göra
844 676 39 21 den
900 676 55 26 åsigt
970 676 46 26 gäl-

189 704 69 26 lande,
282 706 32 19 att
336 704 55 20 hvad
415 704 121 21 nuvarande
559 704 35 26 lag
616 704 87 26 stadgar
726 711 33 14 om
775 704 151 26 borgenärsed,
942 705 73 21 eller
1003 700 15 34 i

188 732 118 22 allmänhet
328 732 49 21 hela
397 732 170 26 borgenärseden
583 733 65 20 borde
664 732 108 22 afskaftas.
802 733 41 26 Jag
858 733 95 21 biträder
968 733 48 27 följ-

188 761 95 27 aktligen
306 762 25 20 de
354 761 53 26 skäl,
431 767 44 15 som
499 760 26 21 de
547 761 127 27 föregående
698 762 95 20 talarene
809 761 77 21 anfört.
917 761 48 21 Men
978 761 38 27 jag

189 796 62 14 anser
274 790 26 20 de
323 789 79 26 skälen,
426 796 34 14 om
483 790 26 20 de
531 789 61 21 skola
611 792 77 24 utgöra
710 790 75 26 giltiga
807 790 113 26 premisser
942 790 33 20 för
990 796 26 15 en

188 818 60 26 giltig
270 818 94 25 slutsats,
379 818 47 20 icke
449 818 71 20 kunna
535 818 48 20 leda
599 818 31 20 till
646 820 71 23 annat,
734 820 26 19 än
776 820 32 18 att
823 818 58 21 såväl
897 818 117 21 utskottets

189 846 135 22 betänkande
347 852 46 15 som
416 846 40 20 den
479 846 76 26 nådiga
570 846 160 26 propositionen
745 846 154 25 underkännes,
917 847 52 20 eller
984 848 32 19 att

189 875 49 21 hela
253 874 171 26 borgenärseden
440 874 105 23 afskaffas,
563 874 68 22 såsom
647 875 46 21 icke
710 875 81 25 ägande
807 875 48 20 stöd
870 875 7 20 i
893 875 40 21 den
944 875 73 21 stånd-

190 903 74 26 punkt,
289 903 59 20 hvari
366 902 47 21 vårt
428 903 161 20 samhällsskick
606 903 94 21 befinner
715 904 37 25 sig,
769 903 38 20 och
824 903 69 20 såsom
910 903 46 20 icke
972 904 44 19 län-

191 931 68 21 dande
270 931 104 20 rättvisan
385 931 32 20 till
429 931 69 26 någon
509 931 89 26 garanti,
610 934 54 18 samt
675 931 69 21 såsom
756 931 83 21 således
849 931 87 21 alldeles
948 931 68 21 öfver-

189 959 72 26 flödig.
291 959 11 21 I
317 959 84 21 hvilken
417 959 54 21 form
487 959 168 26 borgenärseden
672 961 26 19 än
714 960 103 26 qvarstår,
833 960 74 20 länder
919 960 43 27 den
970 960 46 21 icke

190 988 33 20 till
246 987 66 27 något
333 989 72 24 annat,
428 989 27 19 än
478 990 32 19 att
526 988 79 21 bereda
620 988 113 26 olägenhet
749 988 39 21 och
804 988 113 26 svårighet.
948 988 68 21 Afven

191 1016 41 21 den
255 1015 76 27 nådiga
355 1016 159 26 propositionen
536 1019 118 18 motsvarar
675 1016 65 21 alltså
757 1017 6 20 i
779 1017 69 20 denna
863 1017 34 20 del
912 1016 46 21 icke
974 1017 42 20 min

191 1045 88 20 önskan.

195 1126 9 3 N
261 1101 54 20 Herr
337 1101 211 26 Bronikowskij:
572 1101 33 20 för
626 1101 43 21 min
686 1101 33 21 del
735 1101 68 26 hyllar
817 1101 36 27 jag
869 1101 39 21 den
924 1101 23 21 af
960 1102 57 20 Herr

192 1129 112 26 Öhrnberg
325 1129 97 21 uttalade
440 1129 87 26 äsigten.
557 1129 33 21 Då
605 1136 49 14 man
670 1129 67 22 måste
754 1131 50 25 utgå
819 1130 46 21 från
881 1130 40 20 den
936 1130 80 26 grund-

191 1161 79 22 satsen,
293 1159 32 20 att
347 1158 172 25 borgenärseden
541 1158 19 26 ej
579 1160 63 25 utgör
657 1158 66 27 nägot
738 1159 47 26 laga
801 1158 64 25 bevis,
883 1158 39 21 och
938 1158 26 21 dä
981 1159 35 20 det

191 1189 24 18 är
230 1187 63 25 sagdt
313 1188 38 24 att,
368 1193 33 14 om
418 1186 39 21 ock
473 1186 52 21 eden
541 1188 24 19 är
580 1187 76 26 aflagd,
672 1187 119 20 domstolen
807 1187 54 20 dock
877 1188 51 25 äger
943 1187 74 26 pröfva

190 1215 100 21 fordrans
312 1215 104 26 giltighet,
437 1214 23 22 sä
479 1214 66 22 finnes
561 1215 36 21 det
611 1215 47 21 icke
673 1215 65 26 nägot
754 1215 46 21 skäl
815 1217 33 19 att
863 1215 108 21 bibehälla
986 1217 32 19 ett

191 1244 77 21 sädant
283 1244 244 26 undantagsstadgande,
544 1244 88 20 emedan
648 1244 35 20 det
698 1244 89 20 sälunda
802 1243 46 21 icke
859 1244 83 20 medför
952 1244 65 26 nägot

190 1278 60 21 gagn.
283 1272 114 20 Dessutom
414 1274 29 23 är,
460 1272 69 20 säsom
547 1272 66 21 redan
628 1272 59 21 förut
702 1272 106 26 anfördes,
825 1278 26 14 en
867 1272 24 20 sä
907 1272 109 20 beskaffad

191 1301 26 21 ed
232 1302 32 19 ett
279 1300 129 26 fullkomligt
424 1300 108 26 undantag
547 1300 46 21 frän
609 1300 72 27 lagens
696 1301 117 26 stadgande
830 1306 33 15 om
879 1300 64 21 bevis.
975 1301 42 20 Det

190 1329 67 20 finnes
274 1328 81 22 säledes
371 1329 46 20 icke
433 1328 64 27 nägot
513 1329 46 20 skäl
574 1328 33 21 för
624 1329 181 26 borgenärsedens
821 1328 149 21 bibehällande
985 1329 32 21 uti

190 1358 26 20 de
239 1358 6 19 i
269 1358 158 25 propositionen
450 1357 128 21 omnämnda
601 1356 41 22 fall.
674 1358 40 26 Jag
730 1357 89 21 föreslår
835 1357 91 25 derföre,
942 1358 32 20 att
990 1357 26 27 $$

190 1386 34 24 25,
248 1386 34 25 26,
304 1387 26 19 27
354 1385 39 21 och
416 1386 28 20 28
466 1392 45 14 som
527 1386 105 20 innehälla
647 1386 132 20 föreskrifter
794 1392 34 14 om
845 1385 88 27 edgäng,
949 1386 68 20 skulle

190 1414 45 20 helt
257 1413 39 21 och
319 1414 66 20 hället
400 1413 58 27 utgä,
475 1416 54 18 samt
545 1414 26 20 de
587 1414 67 26 öfriga
669 1414 150 26 paragraferne
835 1416 67 18 rättas
919 1414 96 21 derefter.

260 1470 56 20 Herr
338 1470 92 29 Bergh:
451 1470 37 26 jag
511 1470 67 21 skulle
601 1470 45 21 icke
665 1470 63 21 hafva
743 1470 65 26 nägot
824 1472 57 19 emot
896 1472 32 18 att
943 1470 74 21 förena

191 1498 43 26 mig
256 1499 6 20 i
286 1498 73 20 herrar
381 1498 123 26 Öhrnbergs
527 1498 39 21 och
588 1498 166 27 Bronikowskijs
777 1499 61 26 äsigt,
862 1498 44 21 ifall
927 1498 19 20 vi
962 1498 55 21 hade

191 1526 73 27 längre
280 1526 30 21 tid
326 1526 27 26 pä
369 1533 34 14 oss
418 1527 35 20 vid
469 1527 69 20 denna
553 1527 109 26 landtdag.
686 1527 48 21 Men
750 1533 34 14 om
799 1533 48 14 man
863 1526 77 27 gillade
956 1527 62 21 dessa
