1095 1825
203 138 43 34 700
407 146 184 22 Borgareståndet.
616 147 56 17 1867.
696 146 13 18 3
720 146 50 22 Maj.

244 231 43 22 Till
307 232 73 21 vidare
403 231 76 27 åtgärd
501 231 110 27 föredrogs
633 233 154 20 sammansatta
811 231 121 23 ekonomie-
946 234 56 20 samt

174 262 64 20 stats-
254 260 40 22 och
309 259 244 27 bevillningsutskottets
563 259 142 27 betänkande,
716 260 110 26 angående
837 260 78 28 nådiga
924 267 78 21 propo-

175 289 98 25 sitionen,
296 288 7 21 i
327 288 115 26 anledning
464 288 22 21 af
507 288 40 21 den
569 288 34 21 för
625 288 264 27 bränvinstillverkningen
911 290 92 21 influtna

176 317 97 21 skattens
294 316 166 27 otillräcklighet
475 316 33 21 för
523 316 137 21 bestridande
676 317 23 20 af
712 317 27 20 de
754 317 81 26 anslag,
850 317 86 21 hvartill
952 317 50 22 den-

176 351 82 15 samma
272 344 123 27 påräknats.

244 401 13 28 8
272 401 27 22 58
313 400 125 27 godkändes
453 402 52 19 utan
521 401 127 21 diskussion,

553 485 16 26 $
583 486 36 19 59.

244 542 57 21 Herr
323 541 151 22 Cederman
497 541 72 21 anhöll
587 547 34 15 om
637 541 62 22 ordet
714 541 40 22 och
769 542 96 26 yttrade:
882 543 7 20 i
905 542 67 21 denna
986 543 14 27 &

176 570 50 26 står,
250 572 33 19 att
304 570 56 21 hvad
383 576 46 15 som
449 571 24 19 är
489 569 100 27 stadgadt
603 576 35 15 om
654 569 211 22 bränvinsinförande
882 571 32 20 till
929 570 70 28 Lapp-

176 599 94 26 marken,
294 598 53 22 skall
371 598 39 21 ock
433 598 106 26 tillämpas
561 597 28 27 på
611 598 69 21 andra
702 598 83 22 brända
807 598 40 22 och
868 599 131 21 distillerade

175 627 152 27 spritdrycker.
349 627 65 21 Emot
430 627 25 21 de
466 627 65 20 orden
543 626 94 26 ,,brända
648 626 39 22 och
699 626 130 22 distillerade
841 627 157 27 spritdrycker"

176 656 68 20 skulle
267 655 35 27 jag
321 655 109 26 anmärka,
447 656 31 20 att
493 661 48 15 man
556 655 8 20 i
578 655 117 21 allmänhet
710 656 47 20 icke
772 657 35 19 vet
822 655 73 21 hvilka
910 656 89 26 drycker

175 684 53 20 höra
251 683 33 21 till
306 683 40 21 den
368 683 132 26 kategorien.
531 683 42 21 För
596 683 64 26 öfrigt
683 683 43 21 kan
750 690 49 14 man
815 684 18 26 ej
848 684 67 20 heller
930 684 69 21 förstå

175 711 101 22 hvarföre
290 712 46 20 icke
352 712 67 20 andra
434 711 143 27 spritdrycker
593 711 60 21 skola
668 718 52 14 vara
735 712 114 26 förbjudna
863 712 34 20 till
912 712 87 21 införsel

175 740 7 21 i
204 740 156 26 Lappmarken.
391 740 61 20 Efter
474 740 47 20 mitt
543 740 93 26 begrepp
653 740 67 21 borde
736 740 32 20 till
783 740 134 21 undvikande
933 740 23 21 af
969 740 29 22 all

175 768 126 22 konfussion
317 769 65 20 orden
397 768 93 26 ,brända
505 768 39 21 och
559 768 143 21 distillerade*
718 768 58 26 utgå.

245 824 50 21 Som
317 824 70 27 någon
409 824 68 21 talare
497 824 47 21 icke
565 824 72 21 vidare
660 824 121 26 uppträdde
799 824 6 21 i
827 826 78 24 ämnet,
920 824 79 26 ansågs

176 853 147 21 diskussionen
343 859 52 14 vara
418 852 81 26 slutad;
521 852 65 21 hvarå
609 852 56 22 Herr
680 852 170 22 Talmannen
865 852 133 22 framställde

175 881 158 21 nedanstående
348 881 143 26 proposition:

244 937 95 26 Antager
361 936 86 21 ståndet
469 936 11 27 &
504 937 33 25 59,
561 935 129 22 oförändrad
714 937 52 21 eller
788 936 48 21 med
852 936 40 22 den
907 936 23 21 af
943 937 57 22 Herr

176 965 118 22 Cederman
309 965 121 26 föreslagna
445 965 118 21 rättelsen?

244 1021 33 21 De
299 1027 45 15 som
367 1021 50 26 vilja
437 1021 36 21 det
489 1021 64 26 förra,
569 1027 62 15 svara
645 1021 29 26 ja,
690 1021 40 21 och
746 1021 32 26 de,
794 1021 72 21 hvilka
881 1021 67 21 önska
963 1021 37 22 det

176 1050 96 26 sednare,
288 1055 63 16 svara
365 1049 42 26 nej.

244 1105 161 27 Propositionen
428 1105 126 22 besvarades
575 1107 76 19 nästan
667 1105 103 27 enhälligt
782 1105 102 28 jakande;
901 1105 98 22 hvarföre

176 1134 11 27 8
203 1135 27 20 59
245 1134 46 21 blef
304 1134 23 21 af
340 1133 86 22 ständet
441 1135 91 25 antagen
548 1134 135 21 oförändrad.

553 1218 16 27 $
584 1220 35 19 60.

245 1275 41 21 Vid
302 1275 156 26 behandlingen
474 1275 23 21 af
511 1275 68 21 denna
594 1275 11 27 $
621 1274 105 27 begärdes
736 1274 62 22 ordet
808 1274 23 22 af
839 1274 56 21 Herr
906 1274 95 22 Ceder-

174 1310 67 20 man,
263 1310 45 14 som
329 1303 101 21 anförde:
446 1303 61 21 äfven
523 1306 56 18 emot
594 1304 13 25 &
623 1304 27 20 60
666 1303 40 21 har
716 1303 36 27 jag
768 1309 26 15 en
809 1303 139 27 anmärkning
964 1305 33 19 att

174 1334 58 24 göra.
263 1332 44 20 Der
328 1332 56 20 stär:
407 1332 47 26 ,vill
475 1331 69 27 nägon
567 1332 73 20 utmed
662 1332 60 20 land-
742 1331 53 21 eller
815 1331 88 27 jernväg
918 1332 52 20 eller
984 1332 14 20 &

174 1360 61 26 insjö,
259 1360 31 22 elf
310 1360 51 21 eller
384 1361 65 19 annat
471 1360 127 26 vattendrag
620 1360 66 20 forsla
708 1359 52 21 eller
783 1359 89 21 afsända
887 1360 108 20 bränvin'.

174 1388 51 22 Men
240 1389 38 20 der
292 1388 67 21 finnes
373 1388 88 20 alldeles
476 1388 47 21 icke
538 1388 65 26 nägot
619 1388 62 24 sagdt
697 1394 33 15 om
746 1389 51 25 gata
812 1388 6 20 i
834 1388 54 25 stad,
900 1388 20 26 ej
930 1388 67 20 heller

174 1423 36 15 om
231 1417 54 25 skog
307 1416 39 21 och
368 1416 61 21 mark
451 1416 28 26 pä
500 1416 78 21 landet.
608 1416 50 21 Man
674 1416 70 21 kunde
762 1416 61 20 deraf
836 1418 33 18 tro
885 1416 111 26 meningen

174 1451 52 15 vara
248 1446 32 19 att
302 1450 49 15 man
373 1444 32 21 fär
428 1445 7 20 i
457 1444 48 21 stad
524 1444 46 21 fritt
585 1444 65 21 forsla
666 1444 89 21 bränvin
770 1446 51 24 gata
835 1450 44 20 upp
893 1444 40 21 och
947 1447 52 23 gata

174 1473 48 21 ned.
252 1472 46 22 Och
319 1472 56 21 hvad
398 1472 101 21 beträffar
521 1472 89 27 forsling
631 1473 24 20 af
677 1472 88 21 bränvin
787 1478 76 20 genom
886 1472 52 26 skog
958 1472 40 21 och

174 1501 67 25 mark,
257 1501 24 20 sä
296 1502 24 19 är
335 1501 36 20 det
386 1501 34 20 väl
439 1501 82 26 möjligt
536 1503 32 18 att
583 1501 77 20 sädant
674 1501 47 20 ieke
736 1500 97 21 inträffar
847 1501 7 20 i
869 1501 64 20 södra
948 1500 50 21 Fin-

174 1529 56 21 land.
261 1529 49 20 Men
325 1529 6 20 i
347 1535 64 15 norra
427 1528 61 21 delen
503 1529 24 21 af
539 1529 73 21 landet
627 1529 50 21 sker
692 1529 37 20 det
740 1529 83 26 ganska
833 1529 54 26 ofta;
899 1529 26 20 de
935 1528 63 22 flesta
