1095 1825
305 134 184 22 Borgareståndet.
515 135 55 17 1867.
595 136 26 16 22
632 135 48 21 Maj.
837 132 41 20 973

79 222 87 20 herrars
187 220 61 27 åsigt,
272 220 23 21 så
313 220 68 21 skulle
397 220 146 21 betänkandet
558 220 68 21 måsta
642 220 169 22 återremitteras
826 221 32 21 till
874 224 33 19 ut-

80 249 88 25 skottet,
184 249 34 21 för
234 250 32 20 att
281 248 143 26 omredigeras
439 248 7 20 i
462 248 75 27 antydt
553 248 58 27 syfte.
639 249 85 26 Antaga
739 249 20 20 vi
774 249 41 21 den
830 249 78 27 nådiga

80 277 166 27 propositionen,
270 277 23 21 så
316 276 102 22 behöfver
440 276 46 22 icke
509 276 121 22 återremiss
653 276 43 26 ske,
719 278 51 20 utan
793 278 20 20 vi
836 277 72 21 kunna

80 305 88 27 inbjuda
191 305 26 21 de
241 305 67 26 öfriga
330 305 89 21 stånden
439 306 32 19 att
486 305 74 20 förena
575 305 32 26 sig
622 311 34 14 om
672 305 169 26 propositionens
856 306 52 26 god-

80 334 120 21 kännande.

151 390 56 21 Herr
228 389 159 22 Granström:
409 389 37 26 jag
469 389 60 21 delar
550 390 75 21 herrar
644 389 81 26 Berghs
741 390 38 21 och
795 390 112 21 Rosenius”

83 418 56 27 åsigt
160 420 56 19 samt
239 417 98 22 förordar
357 417 138 27 paragrafens
517 418 125 26 antagande,
661 418 65 27 enligt
740 419 167 26 propositionen.

82 447 41 26 Jag
144 453 63 14 anser
228 447 35 20 det
285 447 7 20 i
315 447 54 20 vissa
392 446 37 21 fall
445 452 51 15 vara
510 447 75 26 nödigt
600 449 32 18 att
647 453 25 14 en
688 447 86 21 fordran
789 447 7 20 i
811 447 97 22 konkurs

83 475 111 27 bestyrkes
208 481 76 20 genom
300 475 87 26 edgång.

151 531 71 22 Sedan
245 531 146 21 diskussionen
417 531 99 26 upphört,
541 531 133 22 framställde
698 532 54 21 Herr
777 531 130 22 Talmannen

84 560 92 27 följande
192 560 71 27 fråga:

152 617 43 21 Vill
211 616 85 22 ståndet
311 616 32 22 till
358 616 210 27 kontraproposition
579 618 57 19 emot
646 616 116 22 utskottets
773 617 135 27 betänkande

83 647 79 25 antaga
184 646 40 20 den
245 645 78 26 nådiga
345 645 165 27 propositionen,
536 645 53 21 eller
611 645 39 21 den
673 645 23 21 af
716 645 56 21 Herr
795 645 113 27 Öhrnberg

84 674 96 21 uttalade
196 674 55 26 åsigt
266 680 34 14 om
316 674 181 26 borgenärsedens
513 673 131 21 afskaffande
660 673 44 21 helt
719 674 39 20 och
774 674 80 21 hållet?

153 730 39 26 De,
214 736 44 15 som
282 729 67 22 önska
368 730 36 21 det
419 729 63 27 förra,
499 736 62 15 svara
574 730 29 26 ja,
619 730 39 21 och
674 730 32 26 de,
721 730 72 21 hvilka
807 730 50 27 vilja
873 731 36 21 det

85 764 81 19 senare,
177 765 62 14 svara
250 758 40 27 nej.
315 758 83 27 Frågan
409 758 128 21 besvarades
548 759 48 21 med
607 758 153 26 öfvervägande
770 758 29 26 ja,
810 759 98 21 hvarföre

85 787 40 21 den
147 786 79 27 nådiga
248 787 158 26 propositionen
429 786 44 22 blef
495 787 22 21 af
531 787 85 21 ståndet
631 788 90 25 antagen
737 787 69 21 såsom
822 787 87 21 kontra-

85 816 132 26 proposition
233 818 57 18 emot
305 816 116 20 utskottets
437 815 142 21 betänkande.

153 872 62 20 Efter
236 872 155 21 antecknandet
416 872 63 21 häraf
501 872 133 20 framställde
659 872 56 21 Herr
739 872 170 22 Talmannen

85 900 157 21 nedanstående
257 900 141 26 proposition:

153 957 95 26 Antager
263 956 85 21 ståndet
363 957 12 26 $
391 957 27 20 25
434 956 65 27 enligt
510 957 116 20 utskottets
636 956 135 21 betänkande
781 956 52 21 eller
845 957 64 26 enligt

85 985 41 20 den
141 985 78 26 nådiga
234 985 173 26 propositionen?

153 1041 39 26 De,
215 1047 45 15 som
284 1041 66 21 önska
367 1041 36 21 det
418 1041 64 26 förra,
499 1047 62 15 svara
574 1041 29 26 ja,
619 1041 39 21 och
674 1041 32 24 de,
722 1041 71 20 hvilka
808 1041 50 26 vilja
874 1041 35 21 det

85 1075 80 20 senare,
182 1075 62 15 svara
258 1070 41 25 nej.

154 1126 74 21 Denna
243 1126 131 26 proposition
390 1126 128 21 besvarades
533 1125 55 22 både
603 1126 48 21 med
664 1126 24 26 ja
702 1125 39 22 och
756 1125 41 26 nej,
808 1125 100 22 hvarföre

84 1155 97 26 votering
197 1155 121 20 anställdes.
342 1154 44 21 Och
401 1154 104 21 befunnos
521 1154 36 21 vid
572 1154 109 21 sedlarnas
693 1154 110 26 öppnande
815 1156 13 19 4
839 1155 70 20 röster

84 1183 63 21 hafva
169 1183 79 20 uttalat
271 1183 31 26 sig
324 1182 34 21 för
378 1183 22 26 ja
422 1183 40 21 och
477 1183 26 20 22
520 1184 69 19 röster
605 1183 32 20 för
652 1183 40 26 nej,
709 1182 82 26 tillfölje
807 1182 76 21 hvaraf
897 1183 12 26 &

85 1213 26 20 25
127 1211 132 21 förklarades
274 1217 51 15 vara
340 1211 23 21 af
377 1211 85 21 ståndet
477 1213 92 24 antagen
585 1211 7 21 i
607 1211 93 26 enlighet
716 1211 48 21 med
779 1211 41 21 den
832 1211 78 26 nådiga

85 1240 165 26 propositionen.

154 1297 111 26 Emottogs
280 1303 26 15 en
321 1296 125 27 deputation
468 1296 47 21 från
539 1296 35 21 det
593 1296 130 21 hedervärda
743 1295 166 26 Bondeståndet,

85 1325 75 21 anförd
183 1325 23 21 af
225 1325 204 27 landtdagsmannen
453 1324 118 25 Punderus,
597 1324 85 21 hvilken
707 1323 145 26 tillkännagaf,
878 1325 32 19 att

85 1354 91 21 berörda
191 1354 62 20 ständ
268 1354 35 20 vid
318 1354 117 26 gärdagens
452 1353 86 26 plenum
553 1352 33 22 till
601 1353 75 26 ätgärd
690 1352 91 21 förehaft
797 1350 113 28 höglofliga

85 1382 159 26 ridderskapets
262 1382 39 21 och
317 1382 72 21 adelns
411 1382 125 26 inbjudning
559 1383 32 19 att
614 1381 84 26 deltaga
720 1381 7 20 i
750 1386 26 15 en
790 1380 120 26 föreslagen

85 1411 131 26 underdänig
238 1410 90 27 petition
349 1416 35 15 om
405 1410 100 21 tekniska
527 1409 131 21 realskolans
680 1409 7 21 i
704 1408 72 22 H:fors
791 1408 40 21 och
847 1408 62 22 forst-

85 1440 117 20 institutets
224 1438 6 22 å
245 1439 64 21 Evois
324 1438 182 22 sammansläende
521 1438 40 21 och
571 1438 99 20 bildande
680 1437 33 21 till
723 1439 31 19 ett
764 1436 146 27 teknologiskt

85 1468 84 20 institut
192 1474 27 14 m.
242 1474 34 19 m.,
300 1469 55 19 samt
376 1468 33 20 att
430 1466 157 22 bondeständet
606 1466 78 26 jemväl
702 1465 82 27 antagit
799 1465 66 26 sagda
879 1465 31 21 in-

86 1496 108 26 bjudning,
217 1496 47 20 med
288 1496 35 20 det
345 1495 74 26 tillägg
440 1496 31 20 att
486 1494 156 22 bondeståndet
658 1494 64 26 ansåg
737 1494 6 20 i
759 1493 152 26 sammanhang

85 1524 49 21 med
149 1524 92 21 nämnda
255 1523 90 27 petition
360 1529 26 16 en
401 1523 156 26 framställning
566 1522 53 21 böra
628 1524 62 25 göras
701 1528 34 15 om
745 1521 166 27 junkarskolans
