1095 1825
298 168 184 21 Borgareståndet.
507 168 56 17 1867.
588 168 12 17 2
612 168 48 20 Maj.
823 164 42 21 687

135 255 33 21 3:0
198 249 84 26 Önskar
292 254 87 21 ståndet
394 254 70 20 såsom
481 252 208 27 kontraproposition
706 254 58 20 emot
778 253 117 23 utskottets

65 283 135 21 betänkande
222 282 107 26 angående
352 281 140 21 förevarande
513 282 12 26 8
540 281 7 21 i
569 280 62 27 öfrigt
646 283 77 24 antaga
738 281 100 26 antingen
854 282 41 21 för-

65 311 68 27 slaget
156 313 32 19 att
210 310 159 27 bestämningen
391 315 34 15 om
449 311 32 19 ett
503 309 85 29 maximi
611 309 76 26 belopp
710 309 32 21 för
764 309 41 22 den
827 309 68 27 årliga

66 339 261 25 bränvinstillverkningen
351 337 67 22 skulle
438 337 117 22 uteslutas?
571 337 52 21 eller
639 337 39 21 ock
694 337 102 28 förslaget
811 340 32 19 att
859 338 35 22 det

66 367 22 22 af
101 367 105 22 utskottet
221 367 32 21 till
269 366 33 28 $:n
317 366 77 27 fogade
409 365 75 27 tillägg
499 367 67 20 måtte
582 365 112 22 bortfalla?

135 424 32 21 De
182 429 46 16 som
244 423 66 22 önska
325 423 36 21 det
376 422 64 27 förra,
456 428 62 15 svara
530 421 34 28 ja;
581 422 26 21 de
622 427 46 16 som
686 421 48 27 vilja
750 421 35 22 det
797 422 96 27 sednare,

67 458 62 16 svara
144 452 40 26 nej.

135 508 163 27 Propositionen
320 507 128 22 besvarades
471 507 49 21 med
543 506 153 26 öfvervägande
711 507 28 26 ja,
758 507 136 27 hvarigenom

67 537 101 26 förslaget
184 543 34 15 om
233 535 135 23 utlemnande
391 535 23 22 af
433 535 91 22 berörde
539 534 163 27 maximibelopp
716 541 37 15 var
764 535 32 21 till
807 535 86 22 kontra-

67 565 131 27 proposition
213 566 92 25 antaget.

137 622 34 21 4:0
187 622 68 21 Gillar
270 621 85 21 ståndet
371 621 118 21 utskottets
505 620 135 22 betänkande
656 620 91 21 rörande
762 621 12 27 $
789 621 20 25 2,
825 620 69 22 sävidt

73 650 117 22 detsamma
212 650 46 21 icke
282 650 64 21 redan
369 649 71 21 blifvit
462 649 123 27 godkändt?
608 649 40 21 den
664 649 36 21 det
714 651 45 24 gör,
776 655 73 15 svarar
862 649 31 27 ja;

69 679 53 21 eller
145 679 37 20 vill
204 678 86 21 ståndet
313 678 46 21 från
381 678 11 26 &
415 678 95 20 utesluta
535 677 128 27 stadgandet
688 684 33 14 om
746 677 147 27 ifrägakomne

69 707 179 26 maximibelopp?
263 707 41 20 den
319 706 36 21 det
370 706 43 26 vill,
429 712 75 15 svarar
520 706 41 26 nej.

137 764 131 21 Besvarades
284 763 55 21 efter
354 763 67 21 skedd
437 762 98 27 votering
551 762 48 22 med
617 763 24 19 17
655 762 23 26 ja
693 764 45 19 mot
753 763 12 20 6
780 763 41 26 nej.

138 820 11 21 I
164 820 52 26 följd
231 820 23 20 af
268 819 168 27 omröstningens
451 819 80 27 utgång
543 818 122 22 förklarade
674 819 55 21 Herr
740 819 153 21 Talmannen

71 849 11 26 $
100 849 12 20 2
128 854 51 15 vara
195 848 6 21 i
217 848 93 26 enlighet
324 848 47 21 med
387 848 117 20 utskottets
520 847 135 21 betänkande
668 847 23 21 af
700 847 84 21 ståndet
794 849 98 25 antagen.

455 905 14 25 $
485 906 20 18 3.

138 961 56 20 Herr
210 961 151 21 Cederman:
377 960 33 25 då,
427 961 66 26 enligt
509 961 55 20 hvad
578 960 36 27 jag
630 962 45 19 tror
690 960 43 27 mig
748 961 53 25 veta,
818 961 75 20 värdet

70 989 33 21 för
119 995 25 14 en
160 989 71 21 kanna
246 989 111 21 oskattadt
372 989 89 20 bränvin
477 991 64 24 utgör
557 989 87 26 ungefär
657 989 75 20 åttatio
744 989 69 26 penni,
824 989 69 20 skulle

70 1017 40 21 den
126 1017 39 21 här
180 1018 120 25 föreslagna
315 1017 58 21 skatt
388 1017 23 20 af
425 1017 67 21 sextio
508 1017 63 27 penni
587 1017 33 21 för
634 1017 74 26 hvarje
723 1017 77 26 kanna,
816 1017 77 26 belöpa

70 1046 31 26 sig
121 1046 32 20 till
174 1045 98 26 omkring
292 1047 31 19 tre
343 1045 127 27 fjerdedelar
485 1045 24 21 af
523 1046 48 20 dess
586 1046 72 20 värde.
689 1045 47 21 Men
752 1045 69 21 denna
836 1045 59 21 skatt

71 1075 23 20 är
109 1073 24 21 så
149 1074 141 21 öfverdrifven
307 1076 32 19 att
355 1075 35 20 det
405 1074 82 26 knappt
503 1073 67 22 finnes
585 1073 70 27 någon
671 1073 100 21 utländsk
786 1079 51 15 vara
848 1079 45 15 som

70 1104 23 19 är
109 1102 24 21 så
148 1102 51 27 högt
215 1102 120 21 beskattad.
365 1102 40 26 Jag
421 1108 63 15 anser
500 1102 84 21 derföre
600 1103 86 20 skatten
709 1102 52 21 böra
783 1102 110 21 nedsättas

70 1131 32 20 till
118 1130 128 21 åtminstone
262 1131 79 20 hälften
357 1131 22 20 af
393 1131 48 20 dess
457 1137 28 14 nu
501 1131 121 26 föreslagna
640 1131 83 26 belopp,
748 1130 88 21 emedan
859 1137 34 14 om

71 1159 58 20 detta
151 1158 117 22 fastställes
288 1159 37 26 jag
347 1159 60 21 deraf
427 1159 86 20 befarar
533 1165 81 15 samma
630 1159 104 26 olyckliga
749 1158 82 27 följder,
847 1165 47 14 som

71 1187 102 26 styrelsen
189 1194 29 14 nu
233 1187 39 21 har
288 1189 32 19 att
335 1187 112 26 bekämpa,
470 1187 106 27 nemligen
599 1187 47 27 krig
668 1187 47 21 med
738 1187 155 21 lönnbrännare

71 1215 39 22 och
123 1215 152 27 lurendrejare.

139 1272 31 20 På
188 1272 56 21 Herr
262 1272 170 21 Talmannens
450 1272 54 21 härä
522 1272 134 21 framställda
676 1272 130 26 proposition
822 1272 71 27 blef
878 1268 19 35 $

70 1300 13 21 3
99 1300 7 21 i
122 1300 116 22 utskottets
254 1300 135 22 betänkande
404 1301 24 21 af
441 1300 87 22 ståndet
543 1301 48 21 med
607 1300 155 27 öfvervägande
777 1300 118 27 röstplura-

71 1328 48 21 litet
134 1328 81 27 gilladt.

139 1385 30 27 $$
184 1386 57 20 4—6
256 1389 89 23 antogos
360 1387 51 19 utan
428 1386 127 20 diskussion.

456 1470 15 26 $
487 1471 20 19 7.

142 1525 56 21 Herr
221 1525 152 22 Cederman:
397 1526 6 20 i
427 1526 70 21 denna
515 1525 12 27 &
543 1526 89 21 föresläs
656 1528 31 19 ett
702 1525 157 27 minimibelopp
876 1525 23 21 af

71 1553 64 27 5,000
151 1554 83 21 kannor
250 1554 86 27 ärligen,
352 1554 121 21 hvarunder
489 1555 192 26 tillverkningsrätt
696 1555 46 20 icke
757 1554 54 27 finge
827 1554 70 25 nägon
