1095 1825
313 148 183 21 Borgareståndet.
520 148 55 16 1867.
601 148 22 16 13
635 147 48 21 Maj.
838 143 42 21 833

83 233 51 27 lågt,
158 234 32 20 att
213 233 121 20 densamma
349 232 18 26 ej
383 232 69 21 skulle
474 232 53 20 böra
550 232 99 20 hänföras
672 232 32 20 till
723 232 88 20 allmänt
826 234 83 26 nyttiga

83 261 343 25 kommunikationsinrättningar.
457 260 128 26 Derigenom
602 262 32 19 att
649 260 119 26 Uleåborgs
784 261 46 20 stad
847 263 63 25 utgör

85 290 137 25 ändpunkten
237 290 7 19 i
259 289 53 20 Uleå
327 288 39 21 elfs
382 290 152 25 vattensystem
551 290 24 19 är
590 288 68 21 denna
674 288 126 27 anläggning
815 289 7 20 i
835 289 73 26 sjelfva

84 318 74 21 verket
173 317 23 21 af
210 317 44 27 vigt
269 317 32 20 för
316 323 25 14 en
357 317 81 26 ganska
454 317 119 20 vidsträckt
587 317 103 20 landsort.
716 317 42 20 Det
768 317 60 21 torde
843 317 65 21 likväl

84 346 21 21 få
121 352 61 15 anses
198 346 62 25 högst
276 345 142 26 tvifvelaktigt
434 345 105 20 huruvida
554 345 130 20 statsverket
699 345 67 20 under
776 346 132 21 närvarande

84 375 148 20 förhållanden
248 374 41 20 kan
304 373 33 21 för
353 374 36 20 det
404 373 89 21 afsedda
505 373 122 21 ändamålet
638 373 114 26 disponera
763 374 38 20 den
815 374 94 26 begärda

85 409 95 14 summan
196 402 24 21 af
234 403 89 24 700,000
340 402 65 21 mark.
436 401 50 21 Man
505 402 40 21 bör
561 402 105 25 nemligen
682 401 93 24 besinna,
791 404 32 19 att
839 403 69 20 denna

84 437 82 15 summa
189 433 23 18 är
235 431 42 20 lika
296 433 44 18 stor
355 431 48 20 med
419 430 55 21 hvad
491 430 141 26 bevillningen
648 429 80 27 årligen
744 431 108 26 inbringar
869 431 38 21 och

85 461 68 20 större
175 461 27 19 än
224 459 119 21 inkomsten
366 458 22 21 af
409 459 186 20 bränvinsskatten
612 460 55 19 samt
683 458 81 21 således
778 459 7 20 i
800 459 51 21 våra
867 459 41 21 för-

85 488 113 21 hållanden
213 488 62 26 ingen
291 487 151 26 obetydlighet.
469 487 50 21 Med
534 487 100 21 afseende
645 487 12 20 å
668 487 40 20 den
720 487 110 26 praktiska
840 488 68 21 utför-

87 517 100 20 barheten
204 522 61 15 anser
278 516 36 26 jag
330 515 83 21 derföre
428 517 34 19 att
477 515 119 26 Uleåborgs
613 515 47 21 stad
673 521 49 15 vore
735 515 47 22 bäst
795 516 54 26 tjent
859 517 48 20 med

84 551 35 14 om
141 544 185 27 Borgareståndet,
347 544 71 21 såsom
440 543 55 22 Herr
518 544 104 21 Rosenius
641 543 115 27 föreslagit,
772 544 68 21 skulle
855 547 53 24 göra

84 573 156 26 framställning
254 573 46 20 icke
316 579 33 14 om
366 573 74 25 anslag
456 572 22 20 af
492 572 124 21 statsmedel
632 572 33 21 för
680 572 109 26 företaget,
806 574 50 19 utan
873 579 33 14 om

84 604 82 19 statens
188 601 82 27 garanti
285 601 33 21 för
333 603 31 19 ett
380 601 41 23 lån,
437 607 46 15 som
497 601 74 21 staden
588 601 67 21 skulle
672 600 32 21 för
720 600 119 22 ändamålet
855 607 52 21 upp-

84 632 55 25 taga.
170 630 65 21 Detta
258 636 61 20 synes
342 630 43 26 mig
407 629 62 21 äfven
485 629 7 21 i
507 630 117 20 allmänhet
646 636 51 14 vara
719 630 35 20 det
774 630 133 26 lämpligaste

85 661 65 19 sättet
165 661 32 19 att
209 658 100 21 befordra
321 658 80 20 sådana
414 658 89 26 företag.
534 658 41 20 Det
589 664 61 20 synes
661 658 121 26 visserligen
793 658 114 26 anspråks-

84 688 42 20 löst
149 693 46 20 nog,
218 689 32 19 att
272 687 55 20 blott
344 686 79 26 begära
439 688 32 19 ett
486 686 34 21 lån
537 686 33 21 för
586 686 127 25 ändamålet,
730 687 53 20 dock
798 686 109 22 räntefritt

85 716 39 20 och
140 715 27 27 på
183 722 25 14 en
224 716 30 20 tid
270 715 22 21 af
306 717 13 18 t.
337 721 32 14 ex.
385 715 27 20 30
428 714 32 24 år,
475 721 48 14 men
539 721 48 14 man
605 714 38 21 bör
659 715 72 20 härvid
748 716 68 19 erinra
833 716 31 25 sig
875 717 32 19 att

84 744 55 21 efter
160 750 29 14 nu
210 744 96 26 gällande
327 743 93 21 räntefot
443 745 63 24 utgör
529 744 75 19 räntan
625 742 27 27 på
668 744 89 20 nämnde
772 743 31 21 tid
819 743 88 27 ungefär

84 772 36 21 två
135 772 78 26 gånger
228 772 113 26 kapitalets
358 772 84 26 belopp.

153 857 55 20 Herr
231 856 137 21 Rosenius:
392 858 58 19 emot
473 856 40 20 den
530 856 23 20 af
567 856 80 20 Herrar
670 852 86 30 Östring
779 856 38 21 och
836 857 69 26 Bergh

83 885 85 26 yttrade
184 885 60 26 åsigt,
260 887 32 19 att
306 884 162 26 ifrågavarande
484 884 192 26 hamnanläggning
691 884 46 21 icke
753 884 66 21 skulle
835 885 72 21 kunna

84 919 61 15 anses
167 913 69 21 såsom
259 915 31 18 ett
309 913 82 26 företag
406 913 24 20 af
444 913 55 21 blott
515 913 68 20 lokalt
598 913 88 20 intresse
701 913 32 20 får
746 912 36 27 jag
797 914 108 26 anmärka,

84 944 32 18 att
138 941 71 26 hvarje
233 941 116 26 stapelstad
372 943 24 18 är
416 941 83 26 skyldig
515 944 32 18 att
563 941 113 26 uppehålla
692 941 31 20 sin
739 941 62 20 hamn
818 942 39 20 och
873 942 33 21 för

84 969 76 22 sådant
182 969 98 21 ändamål
296 969 32 22 får
343 969 97 27 uppbära
455 969 81 24 hamn-,
553 969 90 21 barlast-
659 969 38 21 och
713 969 192 28 grundpenningar.

84 998 72 21 Skulle
172 998 62 21 dessa
248 998 83 26 afgifter
346 998 45 21 icke
407 997 67 22 förslå
489 998 33 21 för
538 997 128 26 ändamålet,
682 997 23 22 så
721 997 33 21 må
770 998 73 20 staden
857 999 49 26 ingå

84 1027 32 20 till
139 1027 59 20 Hans
214 1027 117 26 Kejserliga
346 1026 101 26 Majestät
463 1027 46 20 med
527 1033 25 14 en
568 1026 117 26 ansökning
700 1032 34 15 om
749 1026 120 27 förhöjning
884 1027 23 21 af

84 1055 112 20 desamma.
228 1055 41 21 Det
292 1057 23 18 är
334 1055 88 20 alldeles
438 1055 6 20 i
460 1055 31 20 sin
501 1055 110 26 «ordning,
635 1061 46 14 men
701 1055 18 25 ej
735 1057 32 18 att
782 1054 33 21 för
831 1055 74 21 hamn-

83 1083 127 26 anläggning
232 1083 78 26 begära
331 1083 107 21 räntefritt
461 1083 40 20 lån.
533 1083 60 20 Hvad
617 1083 66 26 angår
708 1083 54 20 Herr
787 1083 118 22 Snellmans

83 1111 145 26 anmärkning,
252 1113 31 19 att
306 1111 118 26 Uleåborgs
447 1111 77 21 handel
548 1111 67 22 skulle
638 1111 104 27 betydligt
769 1111 136 22 förminskats

83 1146 74 19 genom
174 1139 152 27 anläggningen
342 1140 22 20 af
379 1140 72 21 Saima
467 1140 68 23 kanal,
552 1140 23 20 så
591 1139 79 21 förstår
683 1140 35 26 jag
734 1139 17 26 ej
768 1140 55 20 huru
832 1140 73 21 kanal-

83 1168 153 26 anläggningen
259 1169 67 20 skulle
349 1168 45 21 haft
418 1175 25 14 en
466 1169 67 20 sådan
549 1168 84 21 verkan.
665 1169 31 20 De
712 1168 131 26 vattendrag,
859 1175 45 14 som

84 1197 63 20 hafva
169 1197 37 20 sitt
221 1197 74 26 utlopp
311 1197 33 20 vid
361 1197 52 21 eller
428 1197 6 21 i
451 1197 102 20 närheten
569 1197 31 20 till
618 1196 106 26 Uleåborg
740 1197 165 26 sammanhänga

83 1226 103 25 nemligen
209 1226 87 20 alldeles
316 1226 45 20 icke
385 1226 47 20 med
457 1226 95 20 Saimeris
575 1227 150 25 vattensystem
748 1225 39 21 och
807 1225 97 25 kanalen,

83 1254 97 20 hvarföre
204 1254 24 20 de
252 1253 183 27 skogstillgångar,
459 1260 44 15 som
525 1260 75 20 genom
623 1254 101 21 kanalens
740 1254 121 21 inrättande
877 1260 28 15 nu

83 1282 157 26 tillgodogöras,
264 1282 60 21 äfven
345 1288 34 14 om
396 1282 124 21 densamma
535 1282 19 26 ej
570 1282 82 25 funnes,
668 1282 68 26 aldrig
752 1282 66 20 skulle
835 1283 70 21 kunna

83 1312 123 24 exporteras
228 1316 75 21 genom
322 1310 116 26 Uleåborg,
454 1313 52 18 utan
521 1317 50 14 vore
587 1311 6 20 i
609 1310 66 21 sådan
691 1310 100 21 händelse
807 1310 98 21 fullkom-

84 1339 38 26 ligt
145 1339 115 21 värdelösa.
290 1339 74 26 Någon
388 1345 70 14 annan
482 1339 117 21 nämnvärd
621 1339 119 26 minskning
761 1339 5 20 i
786 1338 119 27 Uleåborgs

84 1367 76 21 handel
182 1374 75 19 genom
277 1367 220 27 kanalanläggningen
514 1369 23 19 är
553 1368 83 20 derföre
651 1368 46 20 icke
712 1373 64 20 gerna
792 1367 72 27 möjlig
879 1370 26 18 än

83 1397 32 19 att
130 1396 106 20 måhända
257 1395 66 27 några
338 1398 62 18 tusen
416 1399 79 17 tunnor
510 1396 42 20 salt
567 1396 80 20 mindre
664 1398 26 18 än
706 1396 58 20 förut
779 1402 28 14 nu
822 1396 61 26 säljes
899 1396 7 20 i

83 1424 114 26 Uleåborg,
214 1425 88 20 emedan
318 1431 25 14 en
359 1424 34 21 del
409 1424 24 20 af
447 1425 40 20 den
503 1424 97 26 allmoge,
617 1430 45 15 som
675 1424 45 21 före
731 1424 100 21 kanalens
842 1425 64 20 inrät-

83 1452 65 21 tande
163 1453 107 26 uppköpte
292 1453 67 20 denna
375 1459 52 14 vara
442 1453 7 20 i
465 1452 108 27 Uleåborg
588 1459 88 14 numera
690 1452 68 21 förser
774 1453 31 26 sig
821 1452 86 22 dermed

83 1481 6 19 i
105 1481 83 26 Kuopio
204 1481 51 21 eller
270 1482 147 24 annorstädes,
434 1487 47 15 men
497 1482 70 20 denna
582 1481 119 26 minskning
716 1481 42 20 kan
773 1481 32 21 för
821 1487 25 15 en
863 1485 44 17 stor

83 1508 137 22 handelsstad
236 1516 44 14 som
298 1509 106 26 Uleåborg
420 1510 19 25 ej
455 1516 52 14 vara
523 1510 22 20 af
558 1509 70 26 någon
644 1510 106 25 synnerlig
765 1510 49 25 vigt.
