1095 1825
224 143 56 22 1108
420 147 183 22 Borgareståndet.
629 148 56 18 1867,
706 148 25 18 27
744 148 45 21 Maj.

192 234 81 24 fenhet,
296 235 32 20 att
349 234 73 20 derom
439 233 42 21 kan
497 233 22 21 af
532 233 124 27 regeringen
672 239 72 15 ensam
760 234 49 20 utan
826 232 126 22 ständernas
966 238 54 15 sam-

192 262 82 22 verkan
289 262 69 21 stiftas
373 262 42 26 lag,
428 261 123 21 hemställer
561 262 106 20 utskottet
678 261 107 21 vördsamt
797 263 31 19 att
841 260 180 28 Borgareståndet

193 290 70 22 skulle
278 290 39 21 hos
333 290 59 21 Hans
408 290 117 26 Kejserliga
540 290 100 26 Majestät
655 290 7 20 i
678 289 131 27 underdånig
825 289 88 26 petition
929 288 91 26 anhålla,

193 320 33 20 att
246 318 27 21 de
292 318 132 21 föreskrifter
442 318 109 26 angående
566 317 80 28 fartygs
662 317 129 22 certifikater
805 317 34 22 för
854 317 110 21 städernas
979 317 41 21 far-

193 349 43 25 tyg,
256 353 46 15 som
318 347 7 20 i
339 346 179 27 sjölagsförslaget
541 348 36 19 äro
599 346 137 26 framställde,
753 346 71 21 kunde
839 352 75 20 genom
930 345 89 22 särskild

193 375 125 26 författning
341 375 115 21 fastställas
479 375 31 20 till
533 374 132 25 efterlefnad,
689 375 120 20 oberoende
831 374 21 21 af
873 374 100 27 förslaget
989 373 31 22 till

193 410 28 21 ny
236 403 74 28 sjölag.
1021 407 3 2 ;

264 489 140 26 Helsingfors,
421 489 39 20 den
477 490 11 19 7
505 488 41 27 Maj
565 489 61 20 1867.

507 545 22 20 O.
545 547 27 18 A.
592 540 117 32 Öhrnderg.

264 596 71 22 Jakob
351 596 87 22 Krank.
704 596 62 21 Gust.
783 597 26 20 A.
825 595 123 21 Lindblom.

263 648 27 20 A.
306 648 22 20 J.
345 648 123 21 Mustonen.
805 637 29 31 P.
855 642 94 32 Östring.

724 727 75 21 Sixtus
816 727 133 21 Calamnius.

981 782 8 7 N

262 812 84 21 Jemväl
366 812 59 21 detta
444 812 133 22 betänkande
597 812 113 22 bordlades
728 812 34 21 till
777 812 95 22 ständets
889 814 59 19 nästa
964 818 54 16 sam-

194 840 117 22 manträde.

571 914 42 21 N:o
628 915 36 20 24.

468 971 190 26 Borgareständets
673 971 103 22 Enskilda
787 971 183 21 Besvärsutskotts
982 971 36 21 be-

400 999 107 22 tänkande
532 999 7 21 i
564 999 113 27 anledning
702 999 22 22 af
747 999 118 27 föreslagen
888 999 130 27 underdänig

399 1027 89 27 petition
511 1034 34 15 om
566 1027 92 27 lindring
672 1028 7 21 i
696 1028 39 21 den
752 1035 25 14 en
793 1028 34 21 del
843 1028 22 21 af
878 1027 83 22 landets
976 1030 42 19 stä-

401 1056 38 22 der
454 1056 114 27 tryckande
583 1056 243 27 ingvarteringstungan.

265 1140 73 27 Enligt
353 1140 72 21 derom
442 1140 21 22 af
477 1141 153 27 borgerskapet
642 1141 6 21 i
659 1141 165 22 Fredrikshamn
835 1141 121 21 meddeladt
966 1148 52 20 upp-

194 1169 52 26 drag
267 1168 40 21 har
325 1170 32 19 ett
371 1168 179 27 petitionsförslag
565 1169 7 21 i
588 1169 155 22 ofvannämnda
758 1169 55 28 syfte
828 1169 68 22 blifvit
911 1169 39 22 hos
964 1169 55 22 Bor-

194 1197 137 27 gareständet
346 1197 62 21 väckt
424 1197 38 22 och
478 1197 43 22 deri
537 1198 72 27 yrkats
624 1200 39 25 att,
680 1198 73 22 sävida
768 1198 98 22 städerne
881 1197 7 21 i
904 1199 57 20 östra
980 1198 39 22 och

194 1226 64 21 södra
280 1225 61 22 delen
364 1225 22 21 af
407 1226 72 21 landet
491 1226 21 21 få
527 1226 117 22 vidkännas
658 1227 81 26 ganska
754 1226 107 27 betydliga
876 1226 144 27 uppoffringar

194 1254 32 22 för
249 1254 182 27 ingvarteringens
453 1254 172 26 underhällande,
651 1262 48 14 men
722 1256 26 20 de
770 1255 62 21 flesta
854 1255 23 21 af
897 1255 98 21 städerne
1013 1255 6 21 i

194 1285 71 19 vestra
288 1283 38 21 och
341 1283 7 20 i
363 1282 49 22 hela
434 1289 64 15 norra
519 1283 61 21 delen
603 1283 21 21 af
641 1284 73 20 landet
736 1286 38 19 äro
796 1283 47 21 frän
861 1283 159 27 ifrägavarande

194 1313 66 25 tunga
275 1311 32 21 till
322 1312 36 20 det
373 1313 67 19 mesta
455 1311 100 26 befriade,
571 1318 26 15 en
611 1312 95 26 jemnare
721 1312 119 26 fördelning
858 1312 23 21 af
899 1312 121 21 densamma

195 1339 67 22 borde
282 1346 40 20 ega
340 1346 54 19 rum,
410 1340 71 21 derest
495 1340 46 21 icke
557 1340 69 22 denna
642 1340 154 27 angelägenhet
811 1340 71 22 kunde
897 1340 24 21 sä
936 1340 84 25 ordnas,

194 1370 32 18 att
242 1368 72 26 hvarje
329 1368 48 20 stad
391 1368 7 20 i
413 1369 32 20 sin
460 1370 35 19 tur
509 1368 56 27 finge
581 1368 51 22 bära
647 1368 64 26 sagde
727 1369 80 21 besvär.

264 1396 125 22 Sedermera
411 1396 39 21 har
471 1396 32 22 till
523 1397 115 21 ständerne
660 1397 149 21 öfverlemnats
829 1397 59 21 Hans
903 1396 117 28 Kejserliga

194 1424 112 26 Majestäts
320 1424 77 27 nädiga
412 1425 130 27 proposition
558 1426 110 26 angäende
682 1425 145 27 ingvartering
843 1425 39 21 och
902 1427 118 25 transport-

194 1452 284 28 skjutsningsskyldigheten,
493 1453 63 22 hvars
572 1454 54 26 syfte
641 1456 25 19 är
680 1454 66 21 bland
768 1456 66 19 annat
856 1454 165 26 ingvarterings-

194 1480 110 22 besvärets
324 1481 95 26 jemnare
441 1481 117 28 fördelning
581 1482 59 21 öfver
662 1482 48 21 hela
728 1482 73 22 landet
817 1482 39 21 och
872 1482 45 21 deri
933 1482 88 21 särkildt

194 1509 166 21 Fredrikshamn
382 1510 48 20 stad
451 1512 87 19 nämnes
561 1510 65 21 bland
649 1511 26 20 de
694 1512 66 24 orter,
776 1517 45 14 som
837 1510 122 27 isynnerhet
974 1510 47 21 lidit

194 1537 23 21 af
231 1537 162 27 ifrägavarande
409 1540 72 25 tunga.
511 1539 41 20 Vid
567 1538 77 22 sädant
659 1539 134 21 förhällande
809 1539 40 21 har
864 1539 105 21 utskottet
984 1545 38 15 an-
