1095 1825
309 165 181 21 Borgareständet.
515 166 55 17 1867.
594 166 13 16 4
620 166 48 21 Maj.
837 161 41 21 737

79 251 26 21 uf
126 251 116 21 utskottets
258 250 297 28 sammanjemkningsförslag
569 250 134 22 förklarades
718 257 52 15 vara
785 251 22 21 af
821 252 85 21 ständet

79 279 116 21 förkastad.

149 336 9 20 I
174 335 219 22 öfverensstämmelse
404 335 89 21 härmed
503 335 97 26 afböjdes
609 335 78 26 jemväl
700 335 116 21 utskottets
827 335 80 28 förslag

79 365 7 20 i
101 365 11 26 $
131 365 24 20 18
170 365 118 20 momentet
303 364 19 20 2.

149 421 9 20 I
180 421 114 26 anledning
316 421 23 20 af
360 420 117 21 utskottets
493 420 80 26 förslag
587 420 8 21 i
610 419 11 28 $
639 421 25 20 19
680 419 103 27 begärdes
800 421 61 20 ordet
875 421 30 21 af:

149 477 55 21 Herr
220 473 141 30 Öhrnberg,
379 483 46 15 som
440 477 95 26 yttrade:
552 476 61 21 äfven
629 477 6 20 i
647 477 69 21 denna
726 477 34 20 del
770 477 22 21 af
801 483 105 16 samman-

77 505 224 27 jemkningsförslaget
313 511 60 21 synes
390 505 42 26 mig
443 505 35 26 lag
488 505 51 21 -och
551 505 218 21 ekonomieutskottet
784 505 63 22 hafva
857 506 48 21 med

81 534 52 21 eller
155 536 53 19 utan
222 534 64 26 afsigt
301 533 104 22 åsidosatt
421 540 26 15 en
462 533 115 25 föreskrift,
593 539 46 15 som
655 533 126 22 åtminstone
797 535 34 20 vid
847 534 59 21 förra

81 562 128 27 landtdagen
232 562 78 27 ansågs
331 562 112 27 tillämplig
466 562 39 21 och
521 562 62 21 äfven
598 562 108 26 verkligen
722 562 133 27 tillämpades
871 563 34 20 vid

81 591 80 21 sådana
183 591 38 21 fall
244 597 44 15 som
305 591 65 21 detta,
399 591 11 21 I
429 591 54 21 1786
500 590 35 22 års
551 590 174 27 riksdagsbeslut,
741 591 67 21 ehuru
821 591 37 27 jag
873 591 33 21 för

81 619 94 21 tillfället
193 620 19 26 ej
228 620 81 20 minnes
323 620 8 20 i
346 619 85 21 hvilken
446 620 69 26 punkt
531 618 67 26 deraf,
614 619 134 24 bestämmes,
764 621 33 19 att
812 626 33 14 om
861 626 45 14 mo-

80 648 80 21 narken
184 648 119 26 förelägger
317 648 114 21 ständerne
447 648 80 26 förslag
542 648 32 20 till
590 654 27 20 ny
632 648 42 26 lag,
690 651 47 17 men
752 648 59 21 detta
826 648 80 26 förslag

81 676 23 21 af
121 676 35 22 två
179 676 62 21 stånd
263 676 47 21 icke
331 679 95 23 antages,
450 676 24 21 sä
493 676 75 21 förblir
583 676 40 21 den
639 677 71 25 gamla
725 676 158 27 lagstiftningen
899 677 6 20 i

80 707 72 19 ämnet
173 705 106 26 gällande.
310 704 38 22 Om
368 705 106 21 utskottet
491 704 134 27 respekterat
641 705 69 20 denna
725 704 22 21 af
760 704 66 28 begge
843 707 62 19 stats-

81 734 111 20 makterna
212 736 94 24 antagna
319 734 121 25 grundsats,
456 733 24 21 sä
496 733 55 20 hade
567 733 317 27 sammanjemkningsförslaget
898 734 7 20 i

81 762 69 20 denna
165 762 33 20 del
215 762 69 20 blifvit
299 762 82 24 sädant,
397 764 33 18 att
445 761 158 27 Ridderskapet
619 762 38 20 och
674 762 68 20 Adeln
755 764 56 18 samt
820 762 86 21 Preste-

80 790 86 21 ständet
188 790 102 26 inbjudits
310 792 33 19 att
357 790 75 26 frängä
448 790 46 21 sina
509 789 70 21 beslut
595 790 6 20 i
617 789 74 27 frägan
708 789 38 22 och
761 790 89 21 omfatta
865 791 40 20 den

80 818 23 21 af
122 818 104 26 Borgare-
242 818 38 22 och
296 818 163 21 Bondeständen
475 818 86 27 hyllade
576 818 61 26 äsigt.
668 818 41 26 Jag
723 818 39 21 har
778 820 70 19 ansett
863 819 42 26 mig

81 847 23 21 sä
119 848 84 25 mycket
218 853 58 15 mera
292 847 73 26 pligtig
380 848 33 20 att
428 846 115 22 framhälla
553 847 66 24 detta,
630 853 45 14 som
684 847 36 26 jag
732 847 28 26 pä
770 847 52 25 skäl,
834 847 71 21 hvilka

80 876 67 20 under
162 875 86 27 frägans
263 875 33 21 för
312 875 128 26 behandling
455 876 6 20 i
477 875 86 21 ständet
579 875 86 25 anförts,
680 881 61 15 anser
751 875 104 26 Borgare-
866 875 39 21 och

82 904 174 20 Bondeständens
272 904 70 20 beslut
357 904 44 21 deri
418 910 50 14 vara
484 903 49 20 fullt
549 904 230 20 öfverensstämmande
789 904 48 20 med
850 905 55 19 rätt-

83 932 70 21 visans
175 932 55 25 kraf,
252 932 81 21 hvilket
348 932 18 26 ej
383 932 41 21 kan
440 933 63 25 sägas
519 931 94 21 hvarken
629 938 33 14 om
679 932 158 26 propositionen
854 932 51 21 eller

83 960 39 21 den
145 960 124 26 förändring
290 960 50 27 deri,
363 967 45 14 som
431 960 158 26 Ridderskapet
611 961 39 20 och
666 961 68 20 Adeln
750 962 55 19 samt
820 960 85 21 Presta-

81 989 84 20 ständet
181 989 87 26 antagit.
296 989 75 20 Denna
385 989 124 25 förändring
525 995 62 20 synes
603 989 42 26 mig
660 989 104 26 nemligen
779 988 46 21 icke
837 989 67 26 egnad

80 1019 32 19 att
127 1016 113 27 förbättra,
255 1019 52 19 utan
322 1017 97 21 inveckla
435 1017 39 21 och
490 1017 130 20 bortblanda
635 1017 133 26 stadgandet.

148 1073 56 21 Herr
218 1073 169 21 Talmannen
403 1073 134 22 framställde
553 1073 53 21 härä
621 1074 159 26 propositionen
795 1079 34 15 om
845 1075 59 19 anta-

80 1102 68 27 gande
171 1102 23 21 af
215 1101 12 28 &
253 1103 25 20 19
301 1102 65 26 enligt
389 1102 116 21 utskottets
528 1101 87 28 förslag,
638 1102 84 21 hvilken
738 1102 131 26 proposition
884 1102 23 21 af

81 1130 85 21 ständet
188 1131 103 26 enhälligt
313 1131 127 20 besvarades
464 1131 48 20 med
528 1131 40 26 nej,
585 1131 6 20 i
607 1131 51 26 följd
674 1131 76 20 hvaraf
764 1130 83 21 ständet
862 1130 42 21 för-

80 1159 99 20 klarades
201 1158 64 21 hafva
284 1159 7 20 i
307 1159 69 20 denna
391 1159 34 20 del
441 1159 104 20 vidblifvit
561 1159 27 20 sit
600 1159 58 20 förut
673 1159 81 20 fattade
770 1158 79 25 beslut;
865 1159 39 20 och

80 1187 68 21 skulle
170 1187 156 21 underrättelse
349 1193 34 15 om
399 1187 96 21 ständets
511 1187 143 26 tillgöranden
669 1188 7 20 i
691 1187 138 21 förevarande
845 1187 60 26 fräga

79 1216 108 21 meddelas
212 1215 18 27 ej
256 1215 81 21 mindre
362 1215 139 22 medständen
527 1217 27 19 än
575 1215 238 27 expeditionsutskottet
828 1221 76 21 genom

79 1244 203 27 protokollsutdrag,
298 1244 23 21 sä
337 1244 100 26 lydande:

353 1329 83 27 Utdrag
464 1329 23 21 af
511 1329 193 27 Borgareständets
734 1328 107 28 protokoll
869 1328 35 22 vid

285 1358 129 26 landtdagen
428 1358 7 20 i
452 1357 133 27 Helsingfors
601 1358 40 20 den
658 1359 12 19 4
686 1357 43 27 Maj
747 1358 60 20 1867.

148 1414 128 27 Föredrogs:
292 1414 54 27 Lag-
362 1414 39 22 och
417 1414 237 22 Ekonomieutskottets
665 1414 78 26 förslag
755 1414 31 20 till
799 1420 105 15 samman-

77 1443 110 26 jemkning
214 1443 23 21 af
260 1442 105 22 Ständens
393 1443 123 26 skiljaktiga
539 1442 70 22 beslut
631 1443 7 21 i
660 1443 114 25 anledning
786 1442 22 21 af
822 1442 83 26 Nädiga

79 1472 158 25 propositionen
261 1477 34 15 om
318 1472 120 26 antagande
458 1472 23 20 af
499 1477 25 15 en
540 1471 126 27 författning
681 1470 109 27 angäende
803 1471 47 26 jagt
865 1470 40 21 och

79 1499 99 26 djurfäng
200 1500 7 19 i
225 1499 97 21 Finland.
353 1500 57 20 Derä
425 1500 181 26 Borgareständet
621 1502 65 23 antog
702 1500 40 20 den
758 1499 22 21 af
793 1499 112 20 Utskottet

79 1527 121 26 föreslagna
214 1527 249 27 redaktionsförändring
479 1527 23 21 af
515 1527 165 27 författningens
702 1528 7 26 &
720 1528 13 20 2
744 1529 115 19 momentet
870 1527 34 26 c.),

79 1562 48 15 men
150 1556 96 21 deremot
268 1556 50 21 fann
341 1556 32 26 sig
394 1556 46 21 icke
464 1558 40 25 äga
526 1556 46 21 skäl
595 1558 33 19 att
648 1555 74 27 frängä
738 1556 26 21 de
779 1555 23 21 af
816 1555 89 21 Ständet
