1095 1825
308 138 185 22 Borgareståndet.
517 139 55 17 1867.
596 139 27 17 28
636 138 47 22 Maj.
834 136 54 22 1127

93 225 82 22 mentet
190 230 34 15 om
240 223 176 27 skeppsmätning
429 223 25 22 af
468 223 41 22 den
527 224 21 21 11
568 223 58 22 Mars
643 224 63 24 1778;
722 225 32 20 att
765 224 65 27 högre
841 227 78 20 ersätt-

94 253 50 25 ning
164 252 33 21 för
220 252 118 26 sysslandet
360 252 28 26 på
408 251 67 23 sådan
490 251 71 27 grund
575 251 70 22 blifvit
660 258 75 20 genom
747 252 78 27 nådiga
835 252 83 24 förord-

93 280 77 25 ningen
193 280 23 22 af
236 280 40 22 den
297 280 26 21 25
338 279 44 23 Juli
400 280 54 22 1866
469 280 109 24 bestämd;
595 282 31 19 att
640 280 148 22 erfarenheten
803 282 62 25 visat,
879 282 40 22 det

93 307 55 23 efter
170 308 40 21 den
235 314 41 21 nya
298 307 164 28 författningens
485 307 112 22 införande
619 308 35 21 det
674 309 55 21 varit
751 308 59 22 svårt
831 311 34 22 att
883 309 35 23 till

92 336 162 27 skeppsmätare
276 336 81 23 erhålla
379 336 87 23 erfarna
489 336 40 22 och
551 336 48 21 fullt
622 336 102 27 skickliga
747 342 112 22 personer;
885 340 34 19 att

93 365 61 26 ringa
177 365 118 26 ersättning
317 364 86 23 utfaller
425 364 34 22 för
482 365 97 26 mätning
593 364 24 21 af
629 365 36 20 det
679 366 59 21 stora
752 365 81 22 antalet
847 366 72 27 fartyg

93 393 49 22 med
158 393 81 21 mindre
255 393 95 25 lästetal;
367 393 39 21 och
422 392 101 27 slutligen
539 394 32 19 att
594 393 130 26 ommätning
745 393 25 21 af
788 393 71 28 fartyg
880 394 38 22 be-

93 421 65 21 höfde
174 421 37 21 ske
226 421 75 22 endast
315 421 7 21 i
338 421 40 23 den
393 421 110 24 händelse,
520 423 33 19 att
568 421 93 26 fartyget
675 421 69 21 blifvit
755 421 101 27 tillbygdt
866 421 52 24 eller

95 455 34 16 om
149 451 79 24 ägaren
250 449 48 27 sjelf
319 449 36 22 det
377 449 87 22 önskar.
494 449 42 22 Det
558 455 41 21 nya
621 449 171 26 mätningssättet
814 451 25 21 är
859 457 59 16 mera

94 477 154 27 kompliseradt
270 479 26 19 än
319 477 36 23 det
371 477 66 27 förra,
453 479 53 20 utan
521 479 33 19 att
570 477 96 22 medföra
680 479 68 20 större
764 478 106 26 säkerhet,
887 479 31 26 ity

93 508 34 20 att
141 506 104 27 fartygets
260 505 146 27 nedsänkning
421 506 97 22 hvarken
533 512 29 15 nu
577 505 52 22 eller
644 505 57 22 förut
716 506 42 22 kan
772 506 53 22 eller
835 507 83 22 kunnat

95 534 135 25 bestämmas,
246 534 79 26 hvarpå
341 534 64 22 likväl
420 536 77 21 nästan
516 534 39 21 allt
578 534 69 21 beror.
677 534 41 22 Vid
740 534 77 23 sådant
838 535 80 22 förhål-

93 563 63 21 lande
172 563 40 20 och
228 563 26 20 då
270 562 61 22 böter
345 564 37 20 äro
398 562 113 22 bestämda
526 562 33 21 för
574 562 89 26 felaktig
682 563 101 26 mätning,
806 565 25 19 är
853 563 37 22 det
911 563 6 21 i

94 591 70 21 denna
179 591 148 21 bestämmelse
343 591 39 22 och
397 591 48 21 icke
460 591 7 21 i
483 591 110 21 bristande
609 590 86 27 tillgång
711 591 27 26 på
749 592 168 26 skeppsmätare,

93 625 47 15 som
155 620 40 20 den
211 619 104 27 föregifna
330 618 136 27 svårigheten
481 619 68 21 skulle
563 619 67 23 bestå,
641 619 45 21 ifall
697 619 39 22 den
747 620 39 22 alls
796 620 120 23 förefinnes.

93 647 40 22 Att
148 648 143 26 ersättningen
307 647 33 21 för
355 648 97 25 mätning
466 647 24 22 af
503 647 82 23 mindre
600 648 70 26 fartyg
682 647 92 26 utfaller,
785 648 48 22 med
843 648 74 23 anled-

94 676 51 26 ning
159 675 23 21 af
195 676 117 21 lästetalets
327 675 154 24 beskaffenhet,
497 676 33 20 till
545 675 82 22 mindre
643 676 83 26 belopp,
742 678 24 18 är
781 678 71 24 sannt;
868 682 49 17 men

94 704 39 21 der
155 705 23 19 är
200 704 63 26 ingen
286 704 46 21 fara
351 704 33 22 för
399 710 78 16 ansvar
493 704 126 21 förhanden.
649 703 44 22 Och
709 704 40 22 den
764 704 90 26 förmon,
869 710 48 18 som

94 732 67 27 ligger
184 732 51 24 deri,
257 734 32 19 att
310 732 71 26 fartyg
401 732 47 22 icke
471 732 62 22 hvart
558 732 26 21 10
607 732 24 21 år
651 732 99 22 behöfver
765 734 112 24 ommätas,
892 734 25 19 är

93 760 117 26 illusorisk,
226 760 27 21 då
269 762 77 24 ägaren
361 760 33 23 för
410 766 53 21 egen
479 760 69 21 fördel
563 760 46 22 icke
625 760 54 22 skall
694 760 112 23 underlåta
821 761 43 25 det,
883 760 34 22 för

93 790 42 24 att,
157 788 48 22 med
229 788 98 22 afseende
347 788 13 21 å
379 788 105 27 fartygets
500 790 69 19 större
585 788 71 28 tyngd,
672 788 27 21 då
714 789 36 21 det
766 788 69 24 blifvit
850 789 66 27 äldre,

94 816 23 22 få
139 816 93 27 fartyget
254 816 86 28 belagdt
359 817 49 22 med
424 817 58 26 lägre
498 816 87 22 lästetal
601 817 38 21 och
655 816 88 24 sålunda
759 817 62 22 vinna
836 818 81 22 minsk-

94 844 50 26 ning
166 846 6 20 i
194 844 95 28 afgiften,
313 846 37 20 der
370 845 26 22 de
417 845 55 21 efter
495 844 86 23 lästetal
603 844 57 27 utgå.
690 845 48 22 Men
757 845 106 23 utskottet
877 846 40 22 har

94 872 100 28 förglömt
216 875 33 19 att
271 875 49 25 taga
335 874 7 20 i
357 873 150 25 betraktande,
531 873 36 21 det
586 874 42 20 alla
643 873 113 23 utländska
770 874 71 26 fartyg
855 874 62 23 skola

94 901 66 26 enligt
183 902 55 20 1866
261 901 33 21 års
316 901 126 26 förordning
465 901 64 20 hafva
551 900 64 21 finskt
635 901 108 26 mätebref,
767 902 81 20 hvilket
869 902 47 21 icke

94 928 59 22 förut
174 929 124 21 erfordrats.
328 929 48 23 Med
400 929 41 22 den
464 935 29 14 nu
512 929 99 26 gällande
627 931 63 19 taxan
705 929 23 21 af
742 930 27 20 50
783 936 21 20 p.
819 929 35 22 för
868 930 47 26 läst,

94 957 71 22 kunde
181 957 200 27 skeppsmätningen
397 959 16 19 t.
429 963 32 16 ex.
478 958 5 20 i
501 957 80 26 Viborg
593 959 76 25 utgöra
686 957 75 26 10,000
783 957 62 22 mark
867 957 50 23 årli-

94 991 47 20 gen.
171 985 67 22 Deraf
253 985 92 27 framgär
361 985 101 27 tydligen,
479 988 32 18 att
527 988 64 18 taxan
607 987 24 19 är
646 985 135 22 öfverdrifvet
795 985 50 27 hög.
867 986 50 23 Man

93 1013 43 22 kan
156 1015 85 25 antaga,
262 1016 32 19 att
310 1014 144 26 ungefärligen
470 1014 42 21 200
527 1013 70 27 fartyg
612 1013 22 23 af
650 1014 40 21 100
705 1014 75 21 lästers
795 1014 122 27 drägtighet

94 1041 72 26 hvarje
181 1041 7 21 i
203 1041 87 27 Wiborg
306 1041 80 27 årligen
405 1043 75 20 mätas.
511 1042 10 21 I
537 1042 67 22 andra
619 1042 71 21 städer
706 1041 74 22 blifver
794 1042 123 27 mätningen

94 1069 35 21 väl
144 1069 82 22 mindre
241 1070 152 26 vinstgifvande
409 1070 7 21 i
431 1076 50 15 mon
497 1070 23 21 af
533 1069 113 27 sjöfartens
662 1070 80 23 mindre
762 1070 153 26 utsträckning,

94 1103 49 17 men
165 1098 41 21 den
228 1098 65 26 stiger
315 1099 54 20 dock
391 1098 34 23 till
444 1098 83 26 ganska
543 1098 109 27 betydligt.
683 1098 75 27 Någon
773 1097 47 23 fara
834 1097 35 22 för
884 1101 33 19 att

95 1125 159 27 skeppsmätare
280 1127 45 20 icke
347 1126 62 23 skola
429 1126 101 25 erhållas,
546 1128 24 19 är
585 1126 46 21 icke
647 1125 33 22 för
694 1126 89 26 handen,
799 1132 34 17 om
849 1128 68 21 mäte-

94 1154 119 21 kostnaden
236 1154 39 21 ock
297 1155 109 20 nedsättes
429 1154 33 23 till
485 1155 27 20 25
534 1160 20 21 p.
570 1154 33 21 för
619 1154 47 25 läst,
682 1154 27 21 då
724 1155 36 21 det
772 1153 61 24 alltid
848 1154 68 23 måste

94 1181 153 28 ihågkommas,
263 1184 32 19 att
313 1182 282 27 skeppsmätaresysslandet
617 1182 129 21 handhafves
765 1183 23 20 af
808 1189 108 20 personer,

94 1216 45 16 som
155 1210 58 21 hålla
228 1211 36 21 det
279 1210 69 22 såsom
364 1217 25 15 en
411 1210 122 27 biförtjenst
556 1211 39 21 och
619 1211 45 21 icke
686 1210 70 22 såsom
778 1217 26 15 en
827 1210 90 22 hufvud-

94 1238 80 27 näring.
205 1239 41 27 Jag
261 1239 96 21 anhåller
372 1239 93 25 derföre,
480 1241 33 19 att
528 1238 85 22 ståndet
628 1239 65 21 måtte
709 1241 78 25 antaga
798 1238 118 27 petitionen

93 1267 62 21 äfven
170 1267 7 21 i
192 1267 70 22 denna
280 1267 40 21 del.

162 1323 58 21 Herr
242 1323 141 21 Rosenius:
405 1323 27 21 de
454 1323 23 21 af
499 1323 106 23 utskottet
626 1322 122 28 förebragta
770 1322 47 23 skäl
837 1322 33 22 för
885 1322 32 22 af-

93 1351 117 27 styrkande
232 1352 21 20 af
274 1352 214 26 petitionsförslagets
511 1358 74 14 senare
609 1351 33 21 del
664 1352 52 22 eller
738 1351 136 26 nedsättning
895 1350 22 22 af

93 1380 89 20 arvodet
196 1380 33 20 för
244 1380 95 26 mätning
353 1380 24 21 af
389 1380 77 26 fartyg,
481 1380 43 21 kan
537 1380 38 26 jag
590 1380 46 20 icke
651 1380 119 26 godkänna.
795 1379 47 21 Den
845 1374 15 37 i
857 1378 59 22 för-

93 1407 118 27 fattningen
227 1408 120 22 fastställda
362 1408 89 26 afgiften
467 1408 23 21 af
503 1408 28 21 50
549 1414 20 20 p.
592 1408 33 21 för
648 1408 40 20 läst
709 1409 63 24 utgör
794 1408 66 20 redan
883 1406 34 22 för

93 1437 32 21 ett
147 1436 81 22 mindre
250 1436 70 26 fartyg
343 1442 26 15 en
391 1437 82 25 ganska
493 1436 40 26 hög
550 1436 98 22 kostnad.
677 1436 31 26 Ty
722 1436 28 20 då
764 1437 31 19 ett
810 1435 71 27 fartyg
895 1435 23 21 af

93 1464 28 20 70
143 1464 77 21 lästers
241 1464 122 27 drägtighet
384 1464 69 22 måste
477 1464 71 21 betala
571 1464 26 21 35
618 1470 34 20 m.,
675 1464 23 22 så
714 1464 42 21 kan
771 1464 68 22 denna
854 1463 62 26 afgift

92 1492 47 21 icke
155 1498 62 15 anses
232 1492 33 21 för
280 1494 65 19 annat
361 1494 26 21 än
403 1492 74 22 alltför
492 1492 53 27 dryg
560 1492 33 20 för
609 1492 36 21 det
660 1492 82 25 besvär,
763 1498 45 16 som
828 1490 87 24 dermed

92 1521 25 18 är
138 1519 142 28 förknippadt.
312 1520 39 21 Om
375 1520 43 25 det,
441 1520 70 21 såsom
527 1520 105 21 utskottet
646 1519 112 26 föreburit,
773 1518 69 23 skulle
857 1521 58 20 möta
