1095 1825
211 158 55 21 1124
407 162 184 20 Borgareståndet.
615 162 54 17 1867.
692 163 28 17 28
731 162 49 22 Maj.

180 247 90 27 förslag,
286 246 113 28 åsyftande
414 247 46 21 dels
475 246 120 22 inrättande
611 247 23 21 af
647 254 47 20 nya,
711 248 46 21 dels
773 248 124 26 utvidgning
912 248 22 21 af
950 247 58 22 förut

182 275 112 27 befintliga
310 276 99 21 läroverk
425 276 7 20 i
447 276 108 26 åtskilliga
569 276 24 21 af
606 276 84 21 landets
706 276 79 26 städer,
801 276 114 26 nemligen:

251 326 23 26 a)
283 326 142 21 Inrättandet
440 326 24 21 af
477 332 26 15 en
518 325 107 22 realskola
639 326 7 21 i
661 325 96 28 Kuopio;

252 376 21 25 b)
288 377 136 22 Inrättandet
439 377 23 21 af
476 383 25 15 en
516 377 207 21 fruntimmersskola
737 377 7 21 i
760 377 71 26 Borgå
845 377 60 25 stad;

254 428 20 27 c)
290 427 136 22 Inrättandet
441 429 7 20 i
464 427 32 22 S:t
511 428 88 21 Michels
613 428 49 21 stad
677 427 23 22 af
714 434 26 15 en
753 427 66 27 högre
831 428 176 21 elementarskola

184 456 50 21 med
248 456 202 27 gymnasialklasser
465 456 40 21 och
520 456 82 21 finskan
617 456 70 21 såsom
702 456 238 27 undervisningsspräk
930 452 12 36 ;

254 507 23 27 d)
292 507 136 22 Inrättandet
449 507 24 21 af
492 513 26 15 en
541 507 207 22 fruntimmersskola
770 507 8 21 i
799 507 132 27 Björneborg
952 509 55 18 samt

184 535 68 27 högre
281 535 204 22 elementarskolans
512 535 111 22 derstädes
650 535 130 26 utvidgande
806 535 49 21 med
880 535 126 27 gymnasial-

184 563 94 26 klasser;
294 564 39 21 och

254 615 20 27 e)
290 615 73 26 Högre
383 615 202 21 elementarskolans
601 614 7 22 i
623 614 86 27 Nyslott
730 614 131 27 ombildning
882 614 32 21 till
937 616 31 19 ett
982 614 24 20 så

185 642 121 22 beskaffadt
316 643 89 27 lyceum,
416 649 45 15 som
472 643 98 21 sednaste
579 643 127 21 skolkomité
716 643 34 21 för
760 643 64 26 sagde
835 643 48 21 stad
891 642 114 26 föreslagit.

254 699 103 27 Samtliga
380 700 62 20 dessa
463 700 89 20 ärender
573 700 39 20 har
631 700 106 21 utskottet
753 701 70 19 ansett
839 700 31 26 sig
885 699 58 26 böra,
959 700 47 20 med

183 727 102 21 afseende
308 728 12 20 å
343 728 61 20 deras
428 728 99 21 inbördes
547 728 122 26 frändskap,
685 728 6 21 i
706 728 155 26 sammanhang
883 728 47 21 med
945 728 61 21 hvar-

184 755 68 21 andra
267 756 126 26 handlägga.

254 784 29 20 Af
304 785 41 20 den
366 784 78 26 nådiga
461 784 131 27 proposition
607 790 34 15 om
657 784 138 21 anskaffande
810 784 23 21 af
847 784 77 27 nödiga
938 784 68 22 medel

184 812 34 21 till
240 812 149 21 förbättrande
412 812 24 21 af
456 812 353 26 elementarundervisningsverket
831 813 7 20 i
860 812 78 26 landet,
961 819 44 15 som

184 840 70 21 blifvit
270 841 69 21 denna
353 841 103 26 landtdag
470 840 102 27 förelagd,
588 841 108 21 äfvensom
711 840 24 21 af
750 841 35 21 det
801 841 47 21 utaf
861 847 26 15 en
905 840 101 22 särskildt

183 868 88 22 nedsatt
292 869 80 21 komité
395 869 78 26 afgifna
495 869 40 21 och
557 870 33 20 till
613 869 114 21 ständerne
751 869 98 21 utdelade
872 869 79 27 förslag
973 869 32 21 till

184 898 145 25 organisation
351 897 23 20 af
394 898 244 25 elementarläroverket,
661 898 39 20 har
720 898 105 20 utskottet
847 897 110 26 inhemtat,
973 900 32 18 att

184 925 158 27 ombildningen
365 925 24 21 af
407 925 291 27 undervisningsanstalterne
721 925 40 22 och
783 925 131 22 inrättandet
929 925 22 21 af
964 932 42 20 nya

184 953 82 21 sädana
280 954 7 20 i
302 953 51 22 flere
374 953 23 21 af
418 953 82 22 landets
522 954 73 21 städer
617 954 65 21 redan
702 955 24 19 är
741 953 88 22 föremäl
845 953 32 22 för
893 954 112 26 styrelsens

184 981 197 27 uppmärksamhet.
411 982 38 21 Att
471 982 33 21 vid
527 982 76 21 sädant
624 982 135 21 förhällande
779 981 34 22 för
828 988 26 15 en
870 982 51 21 eller
935 988 69 15 annan

183 1010 25 21 af
228 1010 55 25 dem,
299 1011 7 20 i
321 1011 113 26 anledning
455 1010 21 21 af
497 1011 71 20 derom
587 1011 76 26 gjorda
677 1010 122 27 petitioner,
815 1010 84 27 inlägga
914 1012 30 19 ett
960 1013 45 18 sär-

184 1037 66 22 skildt
272 1038 79 26 förord,
373 1045 63 14 anser
451 1039 104 21 utskottet
570 1038 33 22 för
618 1038 181 27 Borgareständet
815 1045 49 14 vara
879 1039 23 20 sä
921 1039 84 26 mycket

182 1067 83 21 mindre
280 1067 103 26 lämpligt,
399 1073 45 15 som
460 1067 179 26 Borgareständet
654 1067 46 21 icke
720 1067 43 20 kan
782 1073 50 14 vara
848 1067 6 20 i
870 1067 82 22 tillfälle
972 1069 32 20 att

182 1095 114 21 bedömma
318 1095 85 21 hvilken
426 1097 35 19 ort
483 1095 150 22 företrädesvis
653 1095 90 21 framför
756 1095 67 21 andra
839 1095 42 21 kan
896 1095 62 22 hafva
973 1098 31 19 ett

181 1125 70 20 större
275 1123 66 21 behof
355 1124 6 20 i
377 1123 92 22 nämnda
491 1123 126 27 hänseende,
633 1126 55 19 samt
704 1123 157 26 otvifvelaktigt
876 1125 24 20 är
914 1126 32 19 att
962 1127 42 24 sty-

182 1152 70 21 relsen
268 1152 75 21 härvid
359 1152 90 21 handlar
464 1152 54 21 efter
533 1158 25 15 en
574 1152 33 21 för
621 1152 49 21 hela
685 1152 74 21 landet
769 1152 104 27 uppgjord
883 1158 120 21 gemensam

181 1180 57 26 plan,
261 1180 92 25 hvilken,
376 1180 68 21 ehvad
467 1181 36 20 det
525 1181 23 20 af
567 1181 142 21 skolkomiten
732 1180 121 27 föreslagna
873 1181 52 20 eller
939 1181 65 26 något

181 1210 67 20 annat
270 1211 79 24 system
371 1209 75 21 blifver
468 1208 104 27 gällande,
591 1209 3 21 i
611 1209 73 27 hvarje
704 1209 103 21 händelse
831 1209 54 21 dock
909 1209 95 21 kommer

180 1239 40 24 att,
244 1236 71 22 sävidt
335 1237 83 26 möjligt
440 1239 29 23 är,
491 1237 52 21 söka
560 1237 156 21 tillfredsställa
730 1237 73 27 hvarje
819 1237 106 21 landsorts
940 1237 66 21 behof

180 1264 25 22 af
218 1265 216 27 bildningsanstalter.

250 1294 50 20 Alla
321 1294 26 21 de
370 1294 194 26 skolinrättningar,
588 1300 35 15 om
647 1294 73 21 hvilka
745 1294 6 21 i
776 1293 136 21 förestäende
936 1293 67 22 mätto

180 1322 156 26 petitionerats,
361 1324 36 19 äro
421 1322 120 26 föreslagna
559 1322 79 27 jemväl
653 1322 20 21 af
689 1322 157 21 ofvannämnda
862 1322 84 26 komit6,
963 1322 41 21 för-

181 1351 60 20 utom
264 1350 66 27 högre
353 1350 191 21 elementarskolan
559 1351 7 20 i
581 1350 33 22 S:t
636 1350 83 26 Michel,
736 1350 6 21 i
759 1350 63 21 hvars
843 1350 62 21 ställe
920 1356 25 15 en
960 1350 44 26 pri-

180 1378 110 21 märskola
305 1380 24 20 är
344 1379 23 20 af
380 1378 94 22 komiten
489 1378 108 24 förordad,
613 1381 55 19 samt
678 1378 221 22 fruntimmersskolan
910 1378 7 21 i
927 1378 75 26 Borgå.

180 1406 11 21 I
206 1406 100 22 afseende
321 1406 12 21 å
350 1406 69 22 denna
434 1407 132 21 sistnämnda
581 1407 40 21 har
636 1407 106 21 utskottet
760 1407 62 21 bordt
838 1408 118 25 omnämna,
972 1408 32 20 att

180 1440 26 15 en
229 1434 71 27 privat
322 1434 127 22 läroanstalt
470 1435 33 21 för
525 1435 139 23 fruntimmer,
683 1435 87 21 försedd
785 1435 48 21 med
849 1437 31 19 ett
895 1435 72 26 anslag
982 1434 23 22 af

179 1462 109 22 allmänna
308 1463 75 26 medel,
403 1463 67 21 finnes
485 1464 7 20 i
507 1463 71 27 Borgä
593 1464 48 20 stad
656 1464 103 26 inrättad,
776 1464 39 20 och
830 1463 28 21 dä
873 1463 91 21 derifrän
980 1464 24 20 är

180 1490 33 22 till
236 1491 133 27 Helsingfors
393 1492 98 26 omkring
513 1492 12 20 6
549 1492 40 20 och
611 1492 33 20 till
665 1492 167 21 Fredrikshamn
856 1493 25 19 11
897 1492 36 20 mil
948 1494 56 18 samt

179 1519 85 22 tillfälle
287 1519 30 21 till
341 1519 220 27 privatundervisning
583 1519 67 22 finnes
672 1519 123 27 derigenom
818 1521 33 20 att
873 1519 130 27 gymnasium

179 1547 41 20 och
243 1547 62 22 skola
327 1549 37 19 äro
380 1548 7 20 i
401 1547 71 27 Borgå
494 1548 102 27 förlagde,
619 1552 61 23 synes
703 1548 70 21 denna
792 1548 48 21 stad
855 1548 8 21 i
877 1547 98 22 afseende
991 1547 12 22 ä
