1095 1825
214 164 56 22 1120
416 170 181 22 Borgareståndet.
623 172 54 16 1867.
701 172 27 16 28
740 172 47 20 Maj.

183 255 95 25 utredas,
302 261 34 15 om
358 255 47 21 icke
427 255 109 27 Pielisjoki
551 254 38 22 elfs
605 256 144 26 upprensning
764 256 39 21 och
819 256 142 27 kanalisering
976 256 33 22 för

184 283 84 21 mindre
290 283 108 21 farkoster
413 283 71 21 kunde
499 284 44 21 låta
558 284 31 25 sig
605 286 51 23 göra
671 284 33 20 för
719 284 66 21 sådan
801 284 98 25 kostnad,
922 287 31 18 att
969 285 39 20 den

184 311 148 21 motsvarades
347 311 22 21 af
384 311 40 22 den
440 313 61 25 nytta
516 311 61 22 deraf
590 317 50 15 vore
655 313 32 19 att
702 312 105 24 förvänta,
830 315 55 18 samt
900 315 33 18 att
946 313 8 20 i
968 312 40 21 slik

183 339 103 21 händelse
310 339 85 22 arbetet
417 340 71 21 kunde
503 340 86 25 bringas
604 339 32 22 till
652 340 160 27 verkställighet
827 341 24 21 så
866 343 60 19 snart
945 343 64 19 stats-

184 367 86 22 verkets
286 367 115 28 tillgångar
416 368 36 21 det
467 368 117 27 medgåfve.

254 424 141 27 Helsingfors,
411 425 40 21 den
467 425 13 20 8
496 425 43 26 Maj
556 425 60 21 1867.

498 481 21 20 C.
536 481 26 21 4.
582 476 116 33 Öhrnberg.

253 525 72 22 Jakob
341 525 87 22 Krank.
694 526 62 22 Gust.
772 528 27 20 A.
815 527 123 21 Lindblom.

254 571 26 20 A.
297 571 22 20 J.
336 571 120 21 Mustonen.
692 572 28 21 P.
740 567 95 32 Östring.

713 629 75 21 Sixtus
805 628 133 22 Calamnius.

255 684 69 26 Sagde
339 684 135 22 betänkande
490 686 117 25 bordlades,
624 685 44 21 tills
684 686 79 20 vidare.

254 736 78 21 Vidare
354 736 112 26 föredrogs
486 736 248 26 expeditionsutskottets
750 736 109 21 skrifvelse
875 736 34 21 för
924 736 40 21 den
980 736 26 21 26

184 764 7 20 i
211 764 70 20 denna
304 764 83 24 mänad,
411 764 45 21 deri
478 765 111 24 utskottet,
610 764 66 26 jemte
699 764 203 27 tillkännagifvande
923 766 32 19 att
972 764 35 21 vid

184 791 158 27 behandlingen
357 792 24 21 af
394 792 77 27 nädiga
486 793 158 26 propositionen
661 798 34 15 om
710 794 120 25 antagande
846 793 23 21 af
882 799 25 15 en
923 792 84 22 författ-

184 820 56 26 ning,
265 820 109 27 angäende
391 821 48 26 jagt
454 821 39 21 och
509 820 98 28 djurfäng
621 821 7 20 i
644 820 96 26 Finland,
757 822 13 19 2
785 821 62 21 ständ
863 823 85 19 stannat
963 823 45 19 mot

184 848 26 21 de
226 849 13 20 2
256 848 68 27 öfriga
339 849 90 21 stånden
445 849 130 21 beträffande
591 850 40 20 den
647 849 6 21 i
669 848 13 28 8
705 849 5 20 8
727 855 62 15 mom.
798 844 15 36 3
832 850 22 20 af
863 849 143 26 författnings-

184 876 104 27 förslaget
303 877 173 21 förekommande
491 877 160 27 bestämningen
666 878 92 20 rörande
774 877 147 27 begagnandet
935 877 21 21 af
965 877 42 21 för-

183 904 79 27 giftadt
283 905 104 26 lockbete,
410 906 95 20 anmäler
527 908 32 19 att
573 906 106 20 utskottet
694 906 65 20 funne
774 906 69 20 denna
858 905 149 26 anständighet

183 933 47 20 icke
254 933 52 21 böra
328 933 112 22 föranleda
460 933 77 26 dertill,
560 936 32 19 att
611 934 102 25 förslaget
728 934 6 20 i
750 934 31 20 sin
797 934 72 21 helhet
885 934 65 21 borde
964 933 42 21 för-

183 961 59 25 falla,
266 963 51 19 utan
339 963 71 20 ansett
432 964 32 19 att
487 962 113 21 ständerna
615 963 7 20 i
637 962 62 21 deras
715 962 145 26 underdäniga
876 969 48 14 svar
938 961 13 22 å
966 962 40 21 den

184 989 78 26 nädiga
283 990 159 26 propositionen
462 990 75 24 skulle,
560 991 48 20 med
629 990 155 21 framhällande
803 991 23 20 af
839 991 26 20 de
881 990 56 21 olika
952 989 54 27 äsig-

183 1020 63 18 terna
261 1019 6 20 i
283 1018 68 21 denna
367 1018 40 24 del,
423 1019 90 25 anmäla,
529 1020 32 19 att
576 1018 11 27 $
611 1019 5 21 8
631 1025 63 14 mom.
712 1019 12 20 3
740 1018 108 21 äfvensom
860 1025 75 14 senare
946 1018 60 21 delen

183 1045 24 21 af
226 1046 12 26 $
262 1047 25 21 18
304 1052 61 15 mom.
383 1047 20 24 2,
426 1047 79 20 hvilket
520 1047 117 20 innehåller
652 1047 118 26 stadgande
786 1053 34 15 om
836 1053 76 15 ansvar
927 1046 33 21 för
975 1049 31 18 ut-

183 1074 100 21 sättande
306 1075 22 20 af
348 1074 112 27 förgiftadt
481 1075 104 25 lockbete,
608 1075 69 21 blifvit
697 1075 49 21 frän
766 1075 240 27 författningsförslaget

183 1103 116 25 uteslutna,
315 1103 111 21 hvaremot
441 1103 101 27 förslaget
557 1104 6 20 i
580 1103 63 26 öfrigt
661 1103 69 21 skulle
746 1104 32 20 till
793 1104 64 26 nädig
873 1103 133 22 stadfästelse

184 1130 152 27 öfverlemnas;
359 1131 40 22 och
420 1131 96 22 anhäller
537 1132 111 26 utskottet,
672 1134 32 18 att
720 1132 69 21 denna
805 1132 48 21 dess
869 1132 54 26 äsigt
939 1131 67 22 måtte

183 1159 23 21 af
219 1160 116 21 ständerna
349 1160 130 27 godkännas.

253 1215 45 22 Och
313 1215 44 23 blef
371 1216 250 27 expeditionsutskottets
637 1216 127 22 förberörda
779 1216 127 22 hemställan
917 1216 23 21 af
948 1215 58 22 stän-

183 1244 37 21 det
235 1244 103 27 enhälligt
353 1245 77 26 gillad;
446 1245 87 21 hvarom
549 1245 198 27 protokollsutdrag
763 1245 68 21 skulle
848 1246 32 20 till
900 1244 105 22 medstän-

183 1272 41 22 den
240 1272 40 22 och
294 1273 105 21 utskottet
415 1273 129 27 expedieras.

252 1329 119 27 Föredrogs
394 1329 249 27 expeditionsutskottets
666 1329 110 21 skrifvelse
799 1329 33 21 för
848 1329 41 21 den
904 1329 27 21 26
947 1329 59 31 inne-

182 1358 95 20 varande
299 1357 44 27 Maj
366 1358 48 20 med
434 1357 79 27 förslag
528 1358 32 20 till
575 1357 206 27 sammanjemkning
795 1358 24 20 af
831 1357 101 22 ständens
947 1356 59 27 skilj-

182 1384 74 28 aktiga
271 1386 110 26 meningar
395 1386 6 20 i
417 1385 74 27 frägan
507 1392 34 15 om
556 1386 124 26 kyrkotukt.

251 1442 11 20 I
284 1442 113 26 anledning
420 1442 62 21 häraf
500 1442 92 27 begärde
608 1442 56 21 Herr
680 1438 139 30 Öhrnberg
835 1442 62 21 ordet
913 1441 39 21 och
964 1443 42 25 ytt-

182 1470 61 21 rade:
258 1470 36 27 jag
310 1471 81 25 nödgas
406 1470 79 27 begära
500 1470 251 27 expeditionsutskottets
762 1470 110 21 skrifvelse
885 1469 28 27 pä
923 1470 84 26 bordet,

181 1498 28 26 pä
232 1499 36 20 det
288 1499 37 26 jag
339 1498 35 21 mä
389 1498 22 21 få
426 1498 82 21 tillfälle
523 1501 33 18 att
571 1500 99 19 närmare
685 1501 51 23 taga
750 1498 121 21 kännedom
887 1498 73 21 derom
975 1500 33 18 att

182 1527 76 26 stadga
273 1527 44 20 min
332 1526 55 27 äsigt
402 1527 7 20 i
420 1528 77 20 ämnet.
523 1527 84 26 Frägan
620 1527 39 20 har
669 1532 77 21 genom
757 1525 250 28 expeditionsutskottets

181 1554 127 27 tillgörande
328 1555 90 21 kommit
432 1555 8 21 i
455 1561 26 15 en
501 1561 27 21 ny
543 1555 101 27 ställning
660 1555 54 21 bäde
730 1555 7 20 i
752 1554 100 22 afseende
868 1554 13 21 &
897 1554 54 21 form
967 1554 40 21 och
