1095 1825
310 150 182 22 Borgareståndet.
517 151 53 18 1867.
594 152 22 16 13
628 152 48 21 Maj.
837 148 41 22 813

150 235 62 21 Hvad
238 235 96 22 deremot
355 234 103 22 beträffar
480 235 182 27 Constantinopel,
686 236 40 21 har
744 236 37 27 jag
802 238 43 26 mig
860 238 46 22 icke

81 263 86 26 bekant,
190 265 33 20 att
245 263 51 21 våra
318 264 238 26 skeppsfartsintressen
571 264 68 22 skulle
655 264 69 22 blifvit
738 264 23 22 af
775 265 132 22 dervarande

80 292 65 26 ryska
166 292 102 20 konsulat
282 292 124 24 åsidosatta,
423 292 99 21 hvarföre
533 292 36 26 jag
585 293 18 26 ej
620 298 62 15 anser
697 293 43 26 mig
755 293 52 22 böra
818 294 89 21 förorda

80 320 70 27 någon
165 319 67 22 sådan
248 319 76 27 åtgärd
339 320 6 21 i
361 319 100 22 afseende
477 320 12 21 &
505 320 65 27 sagde
585 322 41 21 ort.

150 376 56 21 Herr
221 375 180 22 Grundfeldt:
415 376 37 27 jag
467 382 51 15 vore
537 376 6 21 i
563 375 83 22 tillfälle
662 379 32 19 att
710 377 47 21 med
773 378 96 26 exempel
883 378 24 21 af

80 404 82 27 ganska
176 404 71 21 färskt
262 405 73 20 datum
347 405 110 20 illustrera
471 404 58 21 Herr
543 404 75 21 Wolffs
632 411 50 20 nyss
697 405 74 26 gjorda
789 405 116 22 framställ-

80 433 51 26 ning
146 439 33 14 om
195 432 117 27 tillgången
327 432 34 21 vid
376 432 66 27 ryska
456 433 124 21 konsulatet
595 433 7 20 i
612 433 135 21 Alexandria.
777 434 38 21 Att
835 434 70 21 finska

81 461 104 26 skeppare
212 461 38 21 der
272 461 81 26 ganska
375 461 45 21 ofta
443 461 69 21 blifvit
534 461 132 27 godtyckligt
681 461 131 22 behandlade
828 462 40 22 och
883 462 24 22 af

80 489 124 22 konsulatet
219 489 18 27 ej
253 489 42 22 fått
310 489 83 26 åtnjuta
407 489 37 21 det
459 489 75 27 skydd,
551 489 26 22 de
592 489 50 22 bort
656 489 72 22 kunna
743 490 28 27 på
791 490 68 22 räkna
881 493 24 19 är

80 517 85 26 säkert;
181 517 40 22 och
237 517 27 22 då
279 517 23 22 af
315 518 40 21 den
370 523 29 16 nu
414 517 169 27 ifrågavarande,
600 517 23 22 af
637 520 31 19 ett
683 520 69 20 större
767 519 58 21 antal
835 519 70 22 finska

80 545 104 28 skeppare
210 545 172 22 undertecknade
407 545 90 22 skriften
522 545 100 28 framgår,
638 548 32 19 att
685 546 141 22 tillsättandet
841 547 23 22 af
878 553 27 16 en

79 573 55 22 finsk
158 574 230 21 handelsombudsman
410 574 61 21 äfven
494 574 7 21 i
525 574 175 27 Constantinopel
718 577 25 19 är
757 574 108 27 behöfligt,
881 575 24 22 sä

79 609 63 21 synes
166 603 43 26 mig
232 603 39 21 allt
292 602 46 22 skäl
360 603 33 21 för
414 602 85 22 ständet
521 602 133 22 förekomma
678 605 33 19 att
725 603 128 27 petitionera
869 610 35 16 om

79 631 133 21 anställande
235 630 23 22 af
279 630 78 22 sädane
380 631 148 21 funktionärer
545 632 8 20 i
568 631 66 27 begge
650 632 62 20 dessa
727 632 78 21 städer.
835 632 68 22 Deras

78 659 93 27 aflöning
191 659 72 21 kunde
284 660 19 26 ej
325 659 65 21 blifva
405 659 25 21 sä
445 659 53 27 dryg
512 661 33 20 att
561 660 40 21 den
617 660 68 20 skulle
700 660 94 22 särdeles
809 660 95 28 betunga

78 688 134 22 statskassan
227 688 40 21 och
282 687 60 22 bifall
357 688 32 21 till
404 688 118 27 petitionen
537 690 47 19 tror
593 688 37 27 jag
639 688 62 21 äfven
711 688 18 27 ej
742 688 69 22 skulle
819 690 83 26 vägras.

145 744 57 21 Herr
224 743 97 22 Wolff:
344 744 33 21 till
399 744 49 21 mitt
471 744 59 21 förra
553 744 99 27 yttrande
667 744 38 22 ber
718 744 37 28 jag
770 744 21 22 fä
807 744 94 28 tillägga,

77 774 33 20 att
133 772 40 22 den
195 772 113 22 anmärkta
322 772 141 22 osäkerheten
479 772 7 21 i
501 772 100 22 afseende
616 772 13 22 å
643 772 153 22 framkomsten
811 773 23 21 af
847 773 54 26 bref,

78 807 45 15 som
149 800 55 22 varit
226 800 138 22 adresserade
380 800 33 22 till
427 801 64 27 ryska
506 800 123 22 konsulatet
644 802 7 20 i
666 801 135 26 Alexandria,
817 802 84 26 tvungit

76 829 160 21 vederbörande
252 829 153 27 skeppsredare
422 831 32 19 att
470 829 113 21 adressera
598 830 46 20 sina
658 829 49 21 bref
720 830 32 20 dit
762 830 32 20 till
811 830 92 20 svenska

76 857 123 22 konsulatet
220 856 12 22 å
251 858 89 26 platsen,
357 863 45 15 som
418 858 55 21 visat
488 858 32 26 sig
535 857 120 27 pälitligare
670 859 27 19 än
713 858 36 21 det
764 857 74 27 ryska;
861 858 41 21 och

75 891 46 16 som
146 886 36 21 det
203 885 7 21 i
231 886 43 21 alla
296 886 36 21 fall
355 885 69 22 mäste
447 891 63 16 anses
531 886 119 26 olämpligt,
666 887 33 20 att
713 885 67 22 anlita
795 892 26 15 en
837 885 65 22 frem-

76 913 77 22 mande
178 913 70 22 makts
273 913 106 27 konsuler,
399 913 27 22 dä
441 919 27 16 en
483 913 51 28 rysk
549 913 67 22 finnes
631 913 13 22 å
659 913 78 26 stället,
752 913 33 22 får
797 913 38 28 jag
849 919 53 22 upp-

77 948 53 21 repa
144 941 44 22 min
203 941 155 28 framställning
373 941 110 28 angående
499 948 26 15 en
540 942 90 26 petition
646 942 7 21 i
668 942 75 27 antydt
758 942 61 27 syfte.

147 998 57 21 Herr
226 998 157 27 Öhrnberg:
406 1000 52 19 utan
477 1000 32 19 att
524 997 49 28 ingå
588 999 6 20 i
610 998 70 27 någon
695 998 129 27 granskning
838 998 23 21 af
875 998 26 22 de

77 1026 46 21 skäl
139 1026 40 21 och
194 1027 188 26 omständigheter,
397 1033 46 15 som
458 1028 38 19 äro
513 1027 126 21 omnämnde
654 1027 7 20 i
676 1026 139 22 förevarande
830 1026 71 27 skrift,

74 1055 41 21 ber
135 1055 37 26 jag
187 1053 23 22 få
223 1054 57 22 fästa
295 1055 96 21 ståndets
406 1055 191 27 uppmärksamhet
612 1054 72 27 derpå,
699 1056 33 20 att
746 1055 67 26 enligt
827 1055 74 21 veder-

75 1085 63 24 tagen
160 1083 37 21 sed
213 1083 40 21 och
268 1083 42 26 god
324 1083 43 26 sed,
383 1083 81 27 förslag
478 1083 33 21 till
526 1083 121 27 petitioner,
662 1083 62 22 äfven
738 1089 34 15 om
788 1083 26 21 de
829 1083 72 26 utgått

73 1111 48 21 från
144 1117 26 16 en
192 1111 60 22 stads
271 1111 131 27 borgerskap
418 1111 7 21 i
440 1111 33 22 sin
488 1111 79 26 helhet,
583 1111 19 27 ej
618 1111 23 22 af
656 1111 84 22 ståndet
755 1111 76 22 hittills
846 1117 55 21 upp-

73 1140 64 26 tagits
152 1139 33 21 till
200 1138 100 29 pröfning
315 1140 39 21 och
369 1139 84 28 åtgärd,
464 1139 49 22 med
523 1139 83 22 mindre
619 1139 209 28 petitionsförslagen
836 1139 65 22 fram-

72 1167 54 22 förts
141 1167 23 22 af
178 1167 70 27 någon
264 1168 96 22 ståndets
375 1168 101 22 ledamot.
507 1168 39 21 Att
561 1168 26 21 de
603 1174 45 15 som
659 1167 69 22 aflåtit
736 1167 91 22 nämnde
835 1167 65 22 skrift

73 1196 32 22 till
118 1195 86 22 ståndet
218 1195 84 23 således
316 1196 87 22 säkrare
420 1196 68 22 skulle
504 1198 43 20 sett
561 1197 33 21 sin
611 1196 81 22 önskan
707 1196 33 21 till
755 1196 55 27 godo
826 1201 35 16 om
873 1196 26 22 de

72 1224 63 22 sändt
151 1224 125 22 densamma
291 1225 32 21 till
339 1225 70 27 någon
424 1225 24 21 af
462 1224 97 22 ståndets
575 1225 138 21 medlemmar
729 1230 61 22 synes
801 1224 42 27 mig
853 1224 47 22 der-

72 1252 46 22 före
140 1253 48 21 med
210 1252 48 22 skäl
278 1253 72 21 kunna
372 1253 85 27 påstås;
473 1253 40 21 och
529 1254 26 20 då
571 1254 63 20 deras
649 1252 127 27 tillgörande
791 1253 109 21 sannolikt

71 1281 46 21 haft
140 1281 32 21 sin
193 1281 70 27 grund
278 1282 7 20 i
300 1288 26 14 en
341 1282 95 26 förlåtlig
451 1281 132 27 okunnighet
598 1288 34 14 om
648 1282 36 20 det
698 1280 86 22 formelt
799 1280 79 28 riktiga
892 1281 7 21 i

71 1309 82 27 frågan,
176 1310 37 20 vill
234 1310 38 26 jag
294 1310 18 26 ej
328 1310 68 21 heller
411 1310 74 21 dervid
500 1310 57 21 fästa
571 1310 66 26 något
652 1309 105 26 afseende,
772 1315 49 15 men
836 1315 64 15 anser

71 1337 55 22 dock
151 1338 35 21 vid
204 1337 78 22 sådant
296 1338 135 22 förhållande
446 1338 90 21 skriften
552 1338 19 26 ej
587 1338 54 21 böra
655 1337 111 21 föranleda
780 1337 33 21 till
828 1337 71 27 någon

71 1366 77 27 åtgärd
163 1366 23 21 af
200 1366 93 22 ståndet.
322 1366 43 22 Det
380 1366 69 22 skulle
464 1366 124 27 visserligen
603 1366 81 21 återstå
699 1366 34 21 för
749 1366 40 21 den
805 1366 52 21 eller
873 1366 26 21 de

71 1394 23 22 af
109 1394 96 22 ståndets
219 1395 145 26 medlemmar,
381 1401 45 15 som
441 1400 52 16 anse
508 1396 33 20 att
556 1394 183 27 framställningen
755 1394 40 21 bör
809 1394 24 21 af
841 1394 57 21 stån-

71 1423 36 21 det
131 1422 115 27 behjertas,
269 1425 33 19 att
319 1423 7 21 i
342 1424 49 25 eget
405 1429 65 15 namn
485 1425 96 25 upptaga
595 1422 76 27 frågan
686 1422 40 22 och
742 1422 89 22 sålunda
846 1424 53 24 göra

71 1451 40 21 den
126 1451 33 21 till
174 1451 91 21 föremål
280 1451 33 21 för
329 1451 97 22 ståndets
440 1451 109 27 pröfning;
564 1457 49 15 men
629 1451 27 21 då
668 1457 27 15 en
706 1450 67 22 sådan
783 1450 116 21 framställ-

69 1480 50 25 ning
145 1480 7 20 i
175 1479 89 22 alldeles
287 1479 88 22 allmänt
399 1480 54 26 syfte
476 1480 66 21 redan
557 1480 71 21 blifvit
642 1479 23 21 af
678 1479 85 21 ståndet
779 1478 80 26 afböjd,
875 1478 24 22 så

69 1508 63 21 torde
147 1508 143 21 innevarande
305 1508 104 26 landtdag
423 1508 50 27 föga
487 1508 73 21 kunna
575 1514 63 15 anses
652 1507 88 27 lämplig
754 1507 33 21 för
798 1513 26 15 en
831 1508 67 25 ytter-

68 1535 67 26 ligare
150 1535 157 27 framställning
321 1536 8 21 i
343 1537 79 21 ämnet.
