1095 1825
310 158 181 22 Borgareständet.
516 159 55 17 1867.
596 159 23 16 18
631 159 48 21 Maj.
837 156 41 20 909

150 244 56 21 Herr
220 244 146 22 Rosenius:
380 244 38 26 jag
433 244 39 21 har
487 244 47 20 icke
550 244 55 20 varit
619 244 57 20 förut
692 244 6 20 i
710 244 84 21 tillfälle
806 247 32 18 att
849 247 58 24 yttra

82 273 42 26 mig
139 272 6 21 i
160 272 81 27 frågan.
272 272 49 22 Men
334 272 37 27 jag
381 272 69 22 skulle
462 272 39 22 ock
514 274 60 19 rösta
585 272 32 20 för
628 272 36 21 det
675 278 75 15 senare
764 273 141 24 alternativet,

82 301 88 22 emedan
184 301 36 26 jag
235 307 62 15 anser
312 303 32 18 att
359 302 67 25 priset
441 301 28 26 på
485 300 88 21 bränvin
591 300 63 21 borde
671 307 51 14 vara
737 301 24 20 så
777 301 68 27 billigt
861 307 45 15 som

81 329 89 27 möjligt,
186 329 34 21 för
235 331 31 19 att
282 329 156 26 lönnbränning
450 329 39 21 och
503 329 105 26 smugling
619 329 119 26 derigenom
750 330 155 21 motverkades.

81 358 34 21 Då
133 358 36 26 jag
188 357 64 22 likväl
273 357 87 25 känner,
385 358 35 21 det
442 357 171 22 Bondeståndets
635 357 90 21 motiver
748 357 33 21 för
798 358 49 21 dess
863 358 43 21 för-

81 386 104 21 kastande
208 387 22 20 af
251 386 58 21 såväl
331 387 36 20 det
389 386 59 21 förra
470 392 45 15 som
539 386 36 21 det
597 391 73 16 senare
693 386 136 21 alternativet
851 386 56 21 varit

81 415 88 21 fruktan
192 417 32 19 att
246 415 71 20 landet
338 415 69 20 skulle
430 414 166 22 öfversvämmas
611 414 22 21 af
647 414 95 26 bränvin,
766 415 39 20 och
827 414 27 21 då
869 415 36 20 det

83 443 107 22 dessutom
214 443 133 24 framhållits,
370 445 33 19 att
426 443 36 21 det
483 445 24 18 är
529 443 40 20 den
592 443 75 26 fattiga
683 443 148 26 befolkningen
847 444 6 20 i
869 443 38 20 all-

83 472 91 25 mänhet,
198 477 45 16 som
264 472 67 21 förtär
352 472 61 21 detta
433 471 96 25 bränvin,
553 471 23 21 så
599 471 39 21 och
654 471 68 21 ehuru
734 471 37 26 jag
786 472 46 21 icke
848 472 59 21 delar

83 500 62 21 dessa
166 499 85 27 åsigter,
274 500 67 21 måste
360 500 37 27 jag
418 500 107 27 medgifva
546 501 39 24 att,
606 499 46 21 från
668 499 171 22 Bondeståndets
854 506 52 20 upp-

83 529 92 26 fattning
197 529 130 23 betraktadt,
349 529 65 21 saken
437 529 43 20 kan
503 535 63 20 synas
587 527 64 22 hafva
674 528 64 26 något
760 528 44 21 skäl
821 528 34 21 för
870 529 37 25 sig.

83 557 45 22 Och
144 557 54 21 hade
220 557 109 21 skilnaden
345 557 90 21 emellan
452 557 66 26 begge
533 557 166 21 alternativerna
715 557 74 20 endast
805 556 82 21 bestått
901 557 8 20 i

83 586 73 26 sjelfva
176 587 66 20 sättet
265 587 32 19 att
311 586 98 26 uppbära
425 585 91 27 skatten,
533 585 24 21 så
572 585 68 21 finner
654 585 36 27 jag
706 585 52 24 icke,
775 585 98 21 hvarföre
889 585 18 26 ej

83 614 179 27 Borgareståndet
284 614 71 21 kunde
370 614 6 20 i
392 615 60 20 detta
473 614 37 21 fall
533 614 56 26 gifva
611 614 59 21 efter.
702 614 44 21 Och
762 614 97 21 förordar
873 614 36 26 jag

83 643 70 25 alltså,
175 643 36 21 det
232 642 76 22 sådant
330 642 66 22 borde
412 643 44 21 ske.
487 643 42 21 Det
545 642 66 22 finnes
627 642 104 26 betydligt
746 648 58 16 mera
820 642 89 22 chanser

83 673 33 19 att
131 672 59 20 förra
204 671 136 21 alternativet
355 671 39 21 hos
409 671 161 21 Bondeståndet
585 671 38 26 går
637 671 90 26 igenom,
744 671 26 21 då
787 671 121 26 derigenom

84 700 48 21 dess
155 700 87 20 fruktan
259 700 33 20 för
307 700 40 20 den
363 700 73 20 alltför
452 701 59 19 stora
526 699 116 27 tillgången
657 699 28 26 på
700 699 87 21 bränvin
804 699 105 27 betydligt

83 728 96 21 kommer
194 730 33 19 att
241 728 132 21 förminskas.
399 728 42 26 Jag
456 728 69 21 skulle
541 728 54 21 dock
611 728 49 26 vilja
675 727 94 27 tillägga,
781 729 32 19 att
824 728 85 20 skatten

83 756 69 22 blefve
168 762 25 16 en
209 756 61 22 mark
285 756 39 22 och
339 757 47 21 icke
403 756 68 22 sextio
487 756 70 27 penni.
588 756 61 21 Hvad
665 756 101 21 beträffar
777 756 55 21 Herr
841 756 68 21 Snell-

83 791 60 15 mans
166 784 81 27 förslag
262 786 32 20 att
308 787 78 25 antaga
402 786 36 20 det
454 785 69 21 första
538 785 136 21 alternativet
690 785 48 21 med
754 784 119 27 fördelning
888 784 23 21 af

83 814 92 25 skatten,
197 814 24 20 så
240 816 24 18 är
287 814 36 20 det
344 814 55 20 blott
423 820 25 14 en
469 814 90 25 chimär;
576 816 22 24 ty
614 813 111 21 skilnaden
741 813 90 21 emellan
847 813 62 21 dessa

84 842 126 21 alternativa
226 842 79 26 förslag
319 842 73 21 består
407 842 179 26 hufvudsakligen
597 842 6 20 i
615 848 25 15 en
655 842 119 25 fördelning
785 841 22 21 af
816 842 92 20 skatten.

83 870 90 21 Derföre
189 872 70 20 röstar
272 870 43 27 jag,
331 872 32 19 att
379 870 37 21 det
431 871 59 20 förra
505 870 137 22 alternativet
657 870 35 20 må
708 870 73 26 läggas
797 870 32 21 till
840 869 69 27 grund

84 898 32 21 för
131 899 236 26 sammanjemkningen,
389 899 48 20 med
454 900 40 20 den
510 900 111 20 bestämda
636 899 92 24 skatten,
745 904 45 15 som
806 898 7 20 i
829 904 82 15 samma

84 927 113 21 alternativ
212 929 24 19 är
250 927 126 26 föreslagen.

152 983 56 22 Herr
231 983 158 22 Granström:
413 983 69 22 ehuru
504 983 62 22 äfven
580 983 36 27 jag
630 984 7 20 i
653 983 105 22 utskottet
773 983 79 21 uttalat
867 982 44 27 mig

84 1012 34 20 för
133 1012 35 21 det
184 1018 74 15 senare
280 1012 142 24 alternativet,
442 1011 97 22 anhåller
552 1012 43 27 jag,
611 1012 65 21 sedan
692 1012 36 21 det
743 1012 54 21 visat
813 1011 31 26 sig
859 1017 52 15 vara

85 1040 101 27 omöjligt,
209 1043 33 18 att
263 1041 64 26 sagde
351 1041 115 20 alternativ
487 1041 39 26 går
541 1041 83 26 igenom
640 1041 39 20 hos
695 1039 166 26 Bondeståndet,
879 1041 32 19 att

83 1069 179 26 Borgareståndet
284 1069 34 20 må
340 1071 78 24 antaga
442 1069 36 21 det
497 1069 58 21 förra
577 1069 136 21 alternativet
728 1069 48 21 med
792 1068 52 21 eller
859 1070 52 19 utan

84 1097 120 26 ändringar,
222 1097 30 21 till
267 1097 68 27 grund
351 1097 33 21 för
399 1097 238 27 sammanjemkningen.
663 1097 61 21 Hvad
735 1097 56 20 Herr
803 1097 108 20 Snellman

84 1125 71 22 anfört
171 1132 34 15 om
221 1132 26 15 en
262 1125 125 27 inbjudning
403 1126 32 21 till
450 1126 147 25 medstånden,
609 1126 23 21 så
643 1126 39 21 har
693 1125 70 27 någon
774 1125 66 21 sådan
851 1124 60 26 fråga

83 1154 47 21 icke
153 1153 102 22 förevarit
269 1155 7 20 i
291 1154 116 26 utskottet;
431 1154 40 21 och
495 1155 36 20 det
554 1154 68 21 skulle
644 1155 47 20 icke
714 1153 67 22 heller
803 1153 58 26 tjena
879 1153 32 20 till

83 1182 71 27 något.
180 1183 42 26 Jag
232 1185 70 18 röstar
316 1182 64 21 alltså
395 1182 34 21 för
445 1183 37 20 det
497 1183 59 20 förra
571 1183 141 21 alternativet.
740 1182 47 21 Kan
798 1181 37 22 det
845 1181 66 22 sedan

83 1211 8 21 i
105 1211 106 21 utskottet
234 1211 37 21 ske
293 1211 69 27 någon
385 1211 131 27 förändring,
540 1211 23 21 så
585 1213 24 19 är
631 1212 36 20 det
691 1211 75 21 endast
788 1210 24 22 så
827 1210 85 27 mycket

84 1240 77 20 bättre.

128 1310 2 2 :
153 1296 57 21 Herr
230 1296 159 27 Lindegvist:
411 1296 154 26 inbjudningen
581 1296 68 21 skulle
665 1296 59 26 tjena
740 1296 76 20 endast
831 1296 33 20 till
879 1296 33 20 att

83 1324 99 27 förlänga
196 1324 65 26 tiden,
277 1327 51 19 utan
343 1326 33 19 att
391 1325 98 21 medföra
503 1325 66 27 nägot
585 1325 95 21 resultat.
710 1324 48 21 Men
774 1324 56 26 hvad
846 1322 67 27 angär

84 1352 96 22 ständets
197 1341 70 33 beslut
282 1354 6 20 i
304 1353 85 31 frägan,
401 1353 24 21 sä
440 1353 87 21 förenar
540 1353 38 27 jag
594 1354 41 24 mig
646 1354 6 20 i
664 1353 56 21 hvad
730 1353 56 21 Herr
799 1346 114 32 Öhrnberg

85 1382 71 20 derom
168 1382 117 26 föreslagit,
301 1382 67 21 ehuru
381 1381 37 27 jag
433 1382 54 20 visst
502 1383 25 19 är
542 1381 130 27 öfvertygad,
688 1383 33 19 att
736 1381 107 21 intetdera
854 1380 23 20 af
887 1380 26 20 de

84 1410 69 26 ständ,
177 1416 45 15 som
243 1410 55 21 varit
320 1412 57 19 emot
400 1411 36 20 det
459 1416 75 15 senare
557 1410 143 24 alternativet,
717 1409 93 21 hvarken
826 1409 87 21 Preste-

84 1438 52 21 eller
158 1438 166 27 Bondeständet,
347 1438 54 21 skall
424 1438 76 27 frängä
515 1439 37 20 sitt
567 1438 76 21 beslut.
674 1438 41 26 Jag
730 1438 36 20 vill
781 1437 74 21 förena
870 1437 43 25 mig

84 1466 80 26 derom,
180 1468 38 25 att,
234 1466 34 22 för
284 1467 35 21 det
334 1467 37 21 fall
387 1468 33 20 att
435 1467 84 21 Preste-
535 1467 52 21 eller
601 1466 161 22 Bondeständet
777 1466 86 26 frängär
875 1465 38 31 sitt

83 1494 72 22 beslut
169 1495 40 21 och
224 1497 88 24 antager
327 1496 36 20 det
379 1495 67 21 andra
462 1496 144 25 alternativet,
621 1494 183 33 Borgareständet
819 1494 76 21 endast
905 1492 8 21 i

84 1523 60 20 detta
166 1523 38 21 fall
221 1523 112 21 vidblifver
348 1523 37 21 sitt
400 1523 60 21 förra
475 1523 82 25 beslut;
573 1529 48 15 men
636 1523 7 20 i
658 1525 66 18 annat
740 1522 37 21 fall
793 1521 68 22 skulle
877 1521 37 21 det

83 1550 59 21 förra
158 1551 136 22 alternativet
310 1552 73 26 läggas
398 1552 34 20 till
446 1551 71 27 grund
532 1539 33 33 för
581 1551 85 26 frågans
682 1551 123 26 afgörande.
