1095 1825
213 142 46 35 906
420 152 182 22 Borgareståndet.
626 153 55 17 1867.
705 153 23 17 18
741 152 48 22 Maj.

188 236 66 22 blifva
270 236 88 22 föremål
370 237 33 21 för
414 237 98 27 yttrande
523 236 46 22 från
581 237 191 26 Borgareståndets
783 237 52 24 sida,
847 239 51 19 utan
911 238 105 25 Borgare-

188 266 98 21 ståndets
308 266 99 26 yttrande
430 265 115 21 inskränka
560 266 32 26 sig
607 266 78 24 dertill,
701 268 32 19 att
749 266 38 20 hos
802 265 107 21 utskottet
929 266 86 20 anhålla

188 294 59 26 eller,
264 300 34 14 om
313 300 49 15 man
379 294 24 21 så
418 294 36 21 vill
469 296 57 24 säga,
542 294 128 21 föreskrifva
685 294 106 21 utskottet
806 295 33 19 att
853 294 32 21 till
901 294 68 26 grund
982 294 33 21 för

188 322 47 21 sina
249 322 73 21 vidare
339 322 141 26 tillgöranden
495 322 62 26 lägga
572 322 37 21 det
623 321 58 22 förra
696 322 141 21 alternativet.
869 321 73 22 Skulle
955 322 60 21 verk-

189 351 56 26 ligen
262 351 26 20 de
303 350 35 21 två
353 351 93 20 nämnda
461 350 89 21 stånden
565 356 52 15 vara
632 350 24 21 så
671 351 152 26 otillgängliga,
839 352 32 19 att
886 352 31 20 ett
932 350 24 21 af
968 351 46 20 dem

188 378 87 22 fordrar
298 379 122 27 ovilkorligt
442 378 60 21 bifall
525 379 32 20 till
573 379 36 20 det
624 378 58 22 förra
698 379 143 26 alternativet,
857 379 24 20 sä
897 379 68 21 skulle
978 379 37 27 jag

190 407 84 22 ändock
289 407 7 21 i
311 407 52 22 sista
385 407 91 21 stunden
497 407 75 21 förena
594 407 42 26 mig
659 408 79 25 derom,
760 407 88 21 emedan
861 407 38 27 jag
914 409 52 25 tror,
983 409 32 20 att

189 436 77 21 endast
289 436 87 21 dermed
397 435 65 27 något
481 435 71 21 bättre
567 436 79 21 vinnes.
677 435 49 22 Men
741 435 69 22 håller
825 442 49 14 man
890 437 83 26 strängt
988 435 27 28 på

190 464 27 21 de
232 463 86 27 åsigter,
341 470 45 15 som
405 470 61 15 anses
482 470 51 14 vara
548 464 118 27 prinsipielt
681 464 84 26 riktiga,
781 463 24 22 så
820 464 81 21 händer
917 465 36 20 det
967 464 47 25 lätt,

189 494 33 19 att
245 498 48 15 man
315 492 92 21 förlorar
423 493 151 20 alltsammans.
605 493 42 20 Det
662 493 66 26 gäller
744 499 28 14 nu
787 494 32 19 att
834 498 75 21 genom
927 493 88 26 endrägt

190 521 124 26 paralysera
329 520 194 27 gensträfvigheten
539 521 38 20 hos
593 521 36 21 det
643 521 67 26 fjerde
726 520 91 22 ståndet.

261 577 56 21 Herr
339 577 158 26 Lindeqvist:
521 577 47 21 med
591 577 113 26 anledning
720 577 22 21 af
756 577 56 20 hvad
833 577 56 21 Herr
907 576 108 22 Snellman

190 608 74 19 senast
280 605 75 26 anfört,
372 606 52 21 eller
439 608 32 18 att
485 605 181 27 Borgareståndet
681 605 66 22 borde
763 605 84 21 besluta
863 605 31 27 sig
909 605 33 21 för
953 605 61 21 brän-

191 634 143 21 vinsskattens
347 634 120 26 fördelning
479 634 6 20 i
499 640 25 15 en
537 634 154 26 tillverknings-
703 634 39 21 och
751 640 25 14 en
785 634 229 26 utminuteringsskatt,

190 662 37 21 vill
241 663 37 26 jag
293 663 101 21 anmärka
409 664 34 20 att
457 663 36 21 det
508 665 23 19 är
545 663 43 26 just
605 663 40 21 den
661 663 96 26 punkten
772 663 7 20 i
795 662 36 21 det
847 663 66 21 andra
924 662 92 21 alterna-

190 691 60 26 tivet,
274 697 45 15 som
334 692 49 20 rönt
398 691 36 21 det
450 691 148 26 kompaktaste
614 691 115 25 motstånd,
745 691 46 21 icke
808 691 55 21 blott
878 691 39 21 hos
932 691 84 21 Bonde-

191 719 93 25 ståndet,
300 721 51 19 utan
367 720 40 20 ock
422 719 39 21 hos
471 720 166 20 Presteståndet.
664 720 46 20 Den
720 719 110 27 uppgiften
841 719 40 21 har
891 719 125 25 meddelats,

191 748 40 20 och
245 748 36 26 jag
297 748 38 20 har
350 748 46 21 icke
412 748 65 26 något
492 748 46 20 skäl
553 750 33 19 att
602 748 85 21 betvifla
702 748 129 26 densamma,
843 749 32 19 att
888 754 34 14 om
933 748 83 21 Bonde-

192 776 86 21 ståndet
299 776 54 21 hade
376 776 47 21 haft
445 776 69 26 någon
536 776 66 27 utsigt
624 778 32 19 att
676 776 68 21 första
760 776 136 21 alternativet
911 776 68 21 blefve
995 776 23 21 af

191 804 140 22 medstånden
347 806 94 25 antaget,
456 804 24 22 så
495 805 54 21 hade
565 804 159 22 Bondeståndet
740 804 61 22 äfven
816 804 83 21 förenat
914 805 32 26 sig
961 805 55 25 deri;

192 839 48 15 men
256 833 28 21 då
299 833 36 21 det
357 833 66 21 redan
445 839 36 15 var
503 833 66 21 kändt
591 835 33 19 att
646 833 159 27 Ridderskapet
823 832 39 22 och
878 832 68 21 Adeln
962 835 55 19 samt

191 861 181 26 Borgareståndet
394 863 44 19 satt
460 862 37 20 sitt
512 863 47 19 veto
576 861 95 21 deremot
686 868 76 20 genom
778 861 120 27 antagande
913 861 23 21 af
950 862 67 20 andra

192 890 142 25 alternativet,
351 890 23 20 så
389 889 67 27 ansåg
477 890 159 21 Bondeståndet
651 890 37 21 det
703 890 47 21 icke
765 896 51 14 vara
831 890 74 25 nödigt
921 891 31 19 att
968 890 49 25 ingå

192 917 6 21 i
214 917 99 27 pröfning
325 917 22 21 af
356 918 117 21 utskottets
485 918 139 25 betänkande,
636 920 52 19 utan
698 918 124 21 förkastade
835 918 36 21 det
883 917 45 21 helt
938 917 78 22 enkelt.

192 945 46 22 Och
253 946 28 21 då
296 947 71 20 vidare
390 946 124 27 regeringen
532 946 116 21 framställt
663 953 25 14 en
704 947 133 26 proposition
852 946 7 21 i
875 947 72 20 ämnet
962 948 55 19 samt

191 980 43 21 nog
254 975 58 20 klart
333 974 39 21 och
393 975 76 26 tydligt
491 975 56 20 visat
561 975 166 26 olämpligheten
744 975 23 20 af
781 975 40 20 den
837 975 122 20 nuvarande
975 974 42 21 för-

191 1002 127 27 fattningen,
340 1003 23 21 så
386 1005 35 19 vet
438 1003 37 26 jag
489 1003 46 21 icke
550 1003 66 26 något
631 1003 80 26 rimligt
726 1003 48 21 skäl
789 1003 32 21 för
837 1002 181 28 Borgareståndet

192 1033 33 18 att
248 1038 29 14 nu
299 1031 93 21 vidhålla
415 1031 37 21 sitt
473 1031 58 21 förra
553 1031 77 26 beslut,
652 1031 57 22 helst
727 1038 49 14 man
792 1033 42 22 vet,
850 1033 33 20 att
899 1031 35 21 det
949 1031 68 21 skulle

192 1059 49 21 leda
264 1059 87 26 derhän,
375 1061 32 20 att
430 1060 39 21 den
491 1060 71 26 gamla
584 1060 115 27 olämpliga
722 1060 40 21 och
785 1060 106 27 olyckliga
908 1059 110 22 bränvins-

192 1087 155 27 författningen
361 1088 132 21 fortfarande
508 1088 84 21 komme
607 1090 33 19 att
655 1089 93 26 qvarstå.

262 1145 56 21 Herr
333 1145 113 26 Östring:
463 1145 55 21 Herr
533 1145 108 21 Snellman
657 1145 40 21 har
708 1147 73 24 yttrat
788 1146 33 20 att
831 1145 6 20 i
849 1145 68 20 andra
927 1145 92 21 alterna-

192 1173 54 21 tivet
268 1173 47 22 icke
337 1173 67 26 några
420 1179 41 21 nya
475 1173 83 22 skatter
574 1175 36 20 äro
626 1173 128 27 föreslagna.
785 1173 49 21 Men
850 1173 40 21 den
907 1173 44 21 deri
967 1179 51 21 upp-

192 1203 66 25 tagna
274 1201 233 27 tillverkningsskatten
523 1203 24 20 är
562 1208 33 20 en,
611 1201 252 27 utminuteringsskatten
878 1203 24 19 är
913 1207 25 16 en
950 1208 69 15 annan

193 1230 40 21 och
249 1230 240 26 utskänkningsskatten
505 1232 24 19 är
545 1237 25 15 en
585 1230 69 28 tredje
670 1230 64 22 skatt.
766 1230 45 22 Och
826 1230 23 21 af
863 1230 62 21 dessa
940 1232 37 20 äro
994 1230 26 21 de

193 1258 37 21 två
252 1259 133 21 sistnämnda
405 1265 42 21 nya
468 1259 89 25 skatter,
579 1265 45 15 som
640 1259 23 21 af
677 1261 32 19 ett
732 1258 63 22 stånd
817 1258 72 22 kunna
904 1258 116 26 förkastas,

193 1286 122 22 oberoende
337 1287 23 21 af
381 1287 26 21 de
428 1288 67 20 andra
517 1287 96 22 stånden.
644 1287 242 27 Tillverkningsskatten
901 1288 24 19 är
940 1287 22 21 af
978 1288 42 20 alla

192 1315 48 27 fyra
262 1315 90 21 ständen
373 1316 34 20 till
427 1316 106 26 prinsipen
549 1316 105 26 godkänd,
671 1322 48 15 men
735 1316 27 20 de
777 1315 37 21 tvä
829 1316 66 20 andra
911 1315 110 21 skatterna

193 1345 37 19 äro
254 1344 97 21 deremot
366 1344 23 21 af
402 1344 37 21 tvä
460 1344 63 21 ständ
543 1344 124 22 förkastade
690 1344 40 21 och
751 1344 68 21 mäste
835 1343 82 21 säledes
933 1344 48 20 med
996 1343 24 21 sä

193 1372 85 26 mycket
293 1378 59 16 mera
367 1372 47 21 skäl
429 1372 91 21 förfalla.
550 1373 39 21 Att
604 1372 53 22 söka
672 1372 96 22 vidhälla
782 1372 120 21 införandet
914 1372 23 20 af
946 1372 25 20 de
985 1372 36 21 tvä

193 1406 42 20 nya
258 1400 109 22 skatterna
389 1400 70 27 tjenar
481 1401 63 21 alltså
561 1401 32 21 till
609 1401 60 21 intet.
699 1401 11 21 I
725 1400 68 22 likhet
808 1400 48 21 med
872 1400 57 22 Herr
943 1400 77 21 Linde-

194 1428 56 27 gvist
264 1428 83 22 känner
369 1429 40 21 ock
422 1429 37 27 jag
473 1429 66 27 något
554 1429 32 21 till
601 1429 109 27 äsigterna
724 1429 8 21 i
747 1428 162 22 Bondeständet
924 1428 39 21 och
980 1431 40 23 vet,

192 1458 34 19 att
245 1456 47 27 just
313 1457 27 21 de
362 1457 138 21 medlemmar
522 1458 7 20 i
554 1458 65 26 sagde
641 1458 69 26 ständ,
734 1463 46 15 som
803 1457 50 21 sökt
874 1456 148 27 genomdrifva

193 1485 131 26 antagandet
339 1485 23 21 af
375 1486 26 21 de
417 1485 156 27 förändringar,
589 1492 46 15 som
650 1486 40 21 här
705 1488 37 19 äro
754 1485 129 27 föreslagna,
897 1485 125 27 obetingadt

193 1513 59 26 hylla
274 1514 41 21 den
337 1513 62 27 äsigt,
421 1516 33 19 att
476 1514 37 21 det
534 1514 67 21 andra
624 1514 138 21 alternativet
786 1514 47 21 icke
858 1514 42 20 kan
925 1515 95 24 antagas.

193 1541 89 22 Säledes
304 1543 25 20 är
349 1542 36 21 det
400 1542 24 21 sä
440 1542 84 27 mycket
539 1542 82 22 mindre
636 1544 33 19 att
685 1544 64 19 vänta
765 1542 36 21 det
817 1542 32 26 de,
866 1541 72 22 hvilka
953 1543 69 20 röstat
