1095 1825
294 153 184 22 Borgareståndet.
501 154 59 18 1867.
583 146 28 34 24
625 146 46 34 Maj.
813 150 54 22 1033

137 238 57 22 Herr
215 234 122 30 Östring:
361 238 62 21 äfven
444 238 36 27 jag
501 238 50 26 säge
566 238 57 21 helst
638 239 34 21 att
687 238 69 21 denna
771 238 10 27 $
797 238 34 22 till
845 239 50 21 hela

71 267 48 21 dess
141 266 49 21 vidd
213 266 71 22 kunde
306 273 25 14 ur
345 266 154 27 författningen
515 266 58 27 utgä,
596 266 25 22 sä
635 266 85 27 mycket
734 272 58 16 mera
807 273 46 15 som
869 268 26 20 de

71 295 45 21 deri
131 294 173 21 förekommande
319 294 133 27 stadganden
468 295 19 26 ej
503 300 64 21 synas
582 294 64 21 hafva
660 295 32 20 sin
708 296 57 19 rätta
779 295 57 26 plats
850 296 8 20 i
869 302 26 14 en

70 322 126 27 författning
211 328 45 16 som
272 323 74 21 denna.
377 322 42 22 Det
437 322 130 22 tillkommer
583 323 104 26 nemligen
703 323 66 26 enligt
784 323 42 21 min
841 329 54 21 upp-

70 351 92 26 fattning
176 351 118 26 egentligen
309 351 160 21 vederbörande
485 351 108 26 chefskap,
616 351 150 26 prokuratorn,
783 351 112 21 tulldirek-

72 379 78 24 tionen,
164 381 132 25 guvernören
311 385 28 15 m.
354 379 21 21 fi.
391 381 40 24 att,
449 385 35 15 om
499 379 28 21 de
541 385 51 16 anse
607 379 77 21 sädant
700 379 115 26 olämpligt,
837 379 57 22 tillse

71 409 33 20 att
133 407 61 22 deras
221 408 160 26 underlydande
403 407 129 27 tjenstemän
555 407 19 27 ej
597 407 69 22 drifva
685 407 106 26 borgerlig
812 408 82 26 näring.

71 435 74 22 Skulle
159 436 180 27 Borgareständet
354 435 55 22 dock
424 436 18 26 ej
459 435 92 22 omfatta
566 436 70 21 denna
650 435 62 27 äsigt,
728 435 37 22 ber
778 435 36 28 jag
829 437 32 20 att
873 435 22 22 få

71 464 118 22 äterhemta
210 465 50 20 mitt
275 464 57 21 förut
346 464 135 21 framställda
495 464 81 26 förslag
590 465 33 20 att
638 463 128 22 åtminstone
781 470 26 15 en
823 464 35 21 del
873 464 24 21 af

71 492 26 21 de
112 492 8 21 i
135 493 124 26 paragraten
274 492 139 27 uppräknade
428 498 103 21 personer
546 492 67 22 mätte
628 492 118 21 bibehällas
756 492 35 21 vid
801 493 41 21 den
852 493 43 21 alla

72 520 68 22 finska
155 521 138 26 medborgare
309 521 66 26 enligt
390 521 13 26 &
421 521 9 20 1
447 521 162 21 tillkommande
624 520 110 27 rättighet.

139 577 62 22 Efter
223 577 70 21 slutad
315 577 121 21 diskussion
456 577 135 22 framställde
614 577 56 21 Herr
692 576 151 22 Talmannen
861 576 34 22 tili

72 605 84 23 ständet
170 605 93 28 följande
278 605 143 27 proposition:

141 662 43 27 1:0)
206 662 59 21 Skall
288 661 11 27 $
320 662 13 21 2
349 662 47 21 med
412 662 52 21 eller
479 663 53 20 utan
547 661 91 27 ändring
652 661 7 21 i
675 661 40 21 den
730 661 106 22 blifvande
850 662 44 21 för-

71 690 118 26 fattningen
205 690 100 27 gvarstä?
320 690 52 21 eller
387 696 63 15 anser
466 690 85 21 ständet
570 690 91 21 nämnde
676 690 12 26 $
703 690 53 20 böra
771 690 63 21 derur
849 690 45 21 helt

71 718 40 21 och
131 718 66 22 hället
218 718 119 22 uteslutas?
366 718 31 22 De
417 724 45 16 som
477 718 51 27 vilja
543 718 37 22 det
594 718 65 26 förra,
682 724 60 15 svara
756 718 28 27 ja,
807 718 26 22 de
848 724 45 16 som

71 748 60 20 rösta
144 747 34 21 för
192 747 37 21 det
244 753 79 20 senare,
340 746 41 27 nej.

139 803 162 27 Propositionen
316 803 128 21 besvarades
458 803 49 21 med
523 803 103 21 blandadt
636 803 23 27 ja
672 802 39 22 och
721 803 41 27 nej,
777 803 116 27 hvarjemte

71 831 103 27 begärdes
189 832 102 26 votering,
307 838 45 15 som
367 831 58 27 förty
439 831 118 22 anställdes
573 832 40 21 och
628 832 61 21 utföll
704 832 48 21 med
769 832 24 20 17
804 832 23 26 ja
837 832 57 21 emot

71 860 13 20 9
100 860 39 26 nej.

139 916 21 27 2)
184 916 43 21 Vill
250 916 85 21 ståndet
356 916 33 21 till
411 915 212 28 kontraproposition
646 917 58 20 emot
718 915 139 22 förevarande
873 915 19 27 $,

71 944 65 21 sädan
159 944 40 21 den
222 943 142 22 förekommer
386 944 7 21 i
414 944 114 27 kejserliga
550 944 159 27 propositionen
724 943 39 22 och
778 944 115 21 utskottets

70 972 142 25 betänkande,
228 974 78 25 antaga
321 979 80 15 samma
416 974 12 23 $
443 973 47 20 med
506 973 41 20 den
563 973 95 25 ändring,
675 974 32 19 att
718 971 107 28 uttrycket
834 971 60 27 ,,för-

69 1001 82 21 valtare
172 1000 24 21 af
216 1001 108 20 allmänna
346 1001 84 21 medel"
445 1000 88 27 utbytes
548 1002 58 20 emot
621 1016 5 9 ,
629 1000 120 25 förvaltare
764 999 23 22 af
800 1000 93 21 kronans

69 1029 98 22 medel"?
182 1029 52 21 eller
249 1029 53 22 skall
317 1029 127 26 paragrafen
457 1029 83 21 erhålla
551 1029 94 26 följande
655 1029 121 21 redaktion:
793 1027 100 28 ,tjenste-

69 1063 48 15 man
141 1057 52 22 eller
216 1057 80 26 betjent
317 1057 36 21 vid
375 1057 116 22 tullverket
513 1057 53 22 eller
591 1057 173 26 polisinrättning
785 1056 108 21 äfvensom

69 1085 62 22 fiskal
146 1085 40 22 och
201 1092 70 15 annan
286 1086 78 21 allmän
380 1085 101 27 åklagare
495 1085 36 22 mä
547 1085 19 27 ej
582 1085 68 22 drifva
665 1085 26 22 de
703 1085 7 21 i
720 1085 12 27 $
749 1086 5 20 1
766 1085 127 21 omnämnda

69 1113 73 27 yrken,
166 1114 19 27 ej
205 1113 67 22 heller
287 1114 159 27 uppbördsman
462 1113 52 22 eller
528 1114 116 21 förvaltare
659 1113 23 22 af
696 1113 107 22 allmänna
817 1113 76 24 medel,

69 1142 52 21 eller
143 1142 63 21 deras
227 1142 94 26 hustrur,
344 1144 51 19 utan
417 1142 72 21 dertill
511 1142 116 21 utverkadt
649 1142 101 21 särskildt
764 1140 128 23 tillstånd”?

69 1170 43 21 För
127 1170 36 21 det
178 1171 59 21 förra
251 1171 137 21 alternativet
403 1172 70 20 röstas
488 1171 49 21 med
549 1171 31 26 ja,
594 1170 35 21 för
644 1170 38 22 det
700 1175 73 16 senare
788 1169 48 22 med
851 1169 41 27 nej.

137 1227 95 21 Emedan
255 1228 160 26 propositionen
436 1227 130 22 besvarades
581 1227 48 21 med
644 1226 102 22 blandadt
760 1226 22 27 ja
797 1226 40 22 och
851 1226 41 26 nej,

69 1255 74 22 skreds
166 1255 32 21 till
220 1256 103 26 votering,
345 1256 89 21 hvarvid
456 1255 97 27 afgäfvos
577 1256 26 21 14
624 1257 70 20 röster
711 1255 49 21 med
774 1254 21 27 ja
809 1254 41 22 och
867 1254 25 22 12

68 1284 49 21 med
132 1284 40 26 nej.

138 1340 43 26 3:0)
204 1340 95 26 Antager
317 1339 86 22 ståndet
418 1340 70 21 denna
502 1340 12 26 8
529 1340 8 20 i
551 1339 95 27 enlighet
660 1338 49 22 med
725 1339 41 21 den
780 1337 113 27 kejserliga

67 1368 161 26 propositionen
251 1368 39 21 och
311 1368 119 21 utskottets
451 1368 142 26 betänkande,
619 1368 53 22 eller
694 1367 54 21 skall
771 1367 122 21 densamma

69 1396 89 21 sålunda
174 1397 84 23 ändras,
274 1398 32 19 att
321 1396 108 27 uttrycket
444 1396 123 26 ,,allmänna
581 1396 84 21 medel'
680 1395 94 27 förbytes
786 1395 33 21 till
829 1394 64 27 ,,kro-

68 1430 53 16 nans
136 1425 97 21 medel"?
262 1425 43 21 För
319 1425 160 26 propositionen
494 1426 71 20 röstas
581 1424 47 22 med
642 1424 29 27 ja,
689 1424 33 21 för
737 1424 155 25 kontrapropo-

68 1453 91 22 sitionen
174 1453 49 22 med
238 1453 40 26 nej.

136 1504 68 26 Äfven
228 1510 68 20 denna
318 1509 134 26 proposition
474 1508 130 22 besvarades
625 1508 49 22 med
694 1508 23 26 ja
738 1507 39 22 och
791 1507 33 26 nej
841 1508 51 20 utan

67 1536 83 27 afgjord
174 1537 104 26 öfvervigt
295 1537 33 21 för
343 1537 132 27 någondera;
498 1537 40 21 och
553 1536 95 27 företogs
663 1536 83 21 derföre
762 1535 131 26 omröstning
