1095 1825
317 177 187 22 Borgareståndet.
529 178 57 18 1867.
611 179 12 16 2
635 178 47 21 Maj.
837 174 42 21 693

83 262 69 22 blefve
168 262 105 26 vidtagne,
289 262 130 21 fortfarande
435 262 96 21 kommer
545 264 33 19 att
593 262 52 21 höra
660 262 31 21 till
707 262 203 27 förhoppningarnes

85 290 91 21 område.
207 290 41 27 Jag
270 296 61 15 anser
354 290 84 21 derföre
461 290 39 21 och
524 290 182 25 hufvudsakligast
724 290 49 21 med
788 290 122 23 afseende
894 286 19 35 &

85 319 35 21 det
141 318 79 25 arbete,
240 325 45 14 som
309 318 40 21 blir
371 318 99 21 förenadt
492 318 49 21 med
557 318 123 27 uppbörden
696 319 38 20 och
750 318 161 27 redovisningen

84 347 22 21 af
121 347 60 21 dessa
196 347 90 26 afgifter,
301 346 69 26 nägon
386 346 41 26 del,
443 348 15 19 t.
475 353 31 14 ex.
523 353 26 14 en
564 346 101 27 fjerdedel
681 346 22 21 af
717 347 26 20 de
758 347 7 20 i
780 346 72 27 hvarje
862 347 48 21 stad

83 375 113 27 inflytande
222 375 121 26 afgifternas
365 374 161 27 sammanlagda
547 374 84 27 belopp,
650 374 52 21 böra
724 375 85 21 tillfalla
828 376 81 25 staden,

85 406 51 18 utan
151 405 32 20 att
199 403 57 22 detta
271 403 55 26 finge
341 403 87 21 inverka
444 403 27 26 pä
487 403 48 21 dess
550 405 44 19 rätt
609 405 31 19 att
651 403 80 21 erhälla
740 403 31 21 sin
783 403 127 22 tillbörande

85 431 61 22 andel
168 432 7 21 i
196 432 56 21 hvad
267 438 45 15 som
328 431 65 26 enligt
409 432 11 25 8
443 431 6 21 3
465 431 42 21 kan
522 431 86 21 komma
623 433 32 19 att
670 432 23 20 ät
707 431 152 22 kommunerna
874 439 36 14 an-

84 460 60 26 visas,
168 460 5 21 i
193 459 100 22 händelse
309 466 25 15 en
349 460 66 21 sädan
431 459 112 27 utdelning
558 459 102 27 nägonsin
676 459 96 22 kommer
787 460 7 21 i
810 460 65 27 fräga.

155 523 56 21 Herr
226 521 164 22 Lindblom:
407 521 33 21 till
456 521 25 21 de
497 521 22 21 af
533 521 56 22 Herr
604 521 69 26 Bergh
684 522 86 21 sednast
780 522 131 22 framställda

83 551 47 22 skäl
150 551 38 21 ber
201 551 35 26 jag
252 552 32 19 att
298 550 20 21 fä
333 550 95 26 tillägga,
444 552 32 19 att
491 550 23 21 af
528 550 189 26 Borgareständets
732 550 132 21 ledamöter
854 546 10 35 i
877 553 33 19 ut-

83 580 81 21 skottet
187 579 58 26 fråga
267 578 60 21 äfven
351 578 110 21 derstädes
485 578 86 21 väcktes
591 585 33 14 om
644 580 32 19 att
691 579 163 26 utskänknings-
870 579 39 21 och

84 607 221 27 minuteringsskatten
327 607 66 21 borde
417 606 82 22 tillfalla
521 607 158 24 kommunerna,
700 614 47 14 men
762 609 32 19 att
809 606 101 28 förslaget

84 636 74 22 härom
181 638 61 19 rönte
265 638 31 18 ett
310 636 24 20 sä
349 635 93 27 afgjordt
457 636 108 20 motständ
580 635 22 21 af
617 636 25 20 de
658 635 65 27 öfriga
738 636 99 20 ständens
853 636 57 21 leda-

86 667 74 22 möter,
180 666 32 19 att
230 664 149 26 omöjligheten
395 663 23 21 af
431 664 48 20 dess
494 664 186 26 genomdrifvande
694 664 7 21 i
717 664 104 21 utskottet
835 666 75 24 genast

85 693 107 26 framgick,
208 692 96 22 hvarföre
321 692 63 21 också
399 692 145 21 ledamöterne
560 692 23 20 af
596 692 179 26 Borgareständet
789 693 78 25 ansägo
878 692 33 21 för

87 721 118 27 lämpligast
228 723 32 19 att
282 720 85 21 biträda
389 720 37 20 det
446 726 28 15 nu
496 720 118 26 framlagda
635 720 107 27 förslaget.
772 720 39 26 Jag
826 720 84 22 befarar

85 750 47 20 med
155 749 99 21 afseende
273 748 52 22 härä
349 750 31 20 att
403 748 49 21 hela
473 748 40 21 den
536 748 123 22 tillämnade
677 748 149 27 författningen
841 748 69 22 skulle

85 778 125 27 äfventyras,
227 784 33 14 om
277 778 35 20 det
327 776 69 22 blefve
411 776 96 22 ständets
523 776 70 22 beslut
608 779 32 19 att
655 778 69 25 nägon
740 777 33 21 del
787 776 23 22 af
823 776 86 27 afgiften

85 806 66 21 borde
166 806 82 21 tillfalla
264 806 104 20 städerne.

156 868 60 21 Efter
238 868 88 21 sälunda
351 867 70 22 slutad
438 867 118 21 diskussion
575 868 3 20 i
594 869 70 19 ämnet
680 867 92 22 förelade
787 867 56 21 Herr
857 867 54 22 Tal-

85 902 107 15 mannen
208 896 32 21 till
254 896 95 21 ständets
365 896 132 21 besvarande
512 896 92 26 följande
619 896 165 27 propositioner:

155 960 31 19 1:o
203 958 66 22 Gillar
284 958 85 21 ståndet
384 958 117 21 utskottets
517 957 141 26 betänkande,
674 958 69 21 sävidt
758 957 35 22 det
808 958 66 27 angår
884 958 26 21 de

85 986 32 21 för
142 987 125 26 minutering
278 987 37 20 och
331 986 144 27 utskänkning
491 986 119 27 föreslagna
626 986 122 26 afgitternas
764 985 91 28 belopp?
870 986 40 21 Be-

84 1015 98 21 svarades
212 1015 48 21 med
290 1015 155 26 öfvervägande
469 1015 33 26 ja;
525 1015 7 20 i
556 1014 51 27 följd
633 1014 75 22 hvaraf
732 1014 145 22 betänkandet
903 1014 7 21 i

85 1043 141 26 nyssnämnda
241 1043 33 21 del
290 1049 37 15 var
342 1043 23 20 af
379 1043 86 21 ståndet
479 1043 116 26 godkändt.

152 1099 34 21 2:0
209 1099 95 26 Antager
325 1099 86 21 ståndet
427 1099 116 21 utskottets
559 1099 134 21 betänkande
709 1099 108 26 angående
832 1098 77 27 ifråga-

85 1128 92 21 varande
192 1127 93 26 afgifters
300 1127 154 22 användande?

153 1183 51 22 eller
226 1183 78 22 önskar
325 1183 86 22 ståndet
434 1185 32 20 att
489 1190 25 15 en
537 1185 70 20 större
625 1183 53 22 eller
693 1183 81 21 mindre
790 1183 32 21 del
839 1183 21 21 af
875 1183 34 21 de-

84 1218 80 16 samma
185 1212 54 22 skall
254 1211 83 22 tillfalla
353 1212 168 21 kommunerna?
537 1212 25 21 de
578 1218 45 15 som
639 1212 66 21 önska
721 1212 35 21 det
771 1211 62 26 förra,
849 1217 61 15 svara

82 1241 33 26 ja;
131 1241 26 21 de
172 1247 45 15 som
233 1240 48 27 vilja
297 1241 35 21 det
348 1240 96 26 sednare,
461 1247 61 15 svara
538 1240 39 27 nej.

152 1302 164 28 Propositionen
339 1302 130 22 besvarades
484 1303 48 21 med
547 1302 106 22 blandade
666 1302 23 27 ja
702 1302 39 22 och
756 1302 41 26 nej,
812 1301 99 22 hvarföre

85 1330 95 28 votering
202 1331 116 21 anställdes
341 1331 39 21 och
403 1330 62 22 utföll
487 1331 48 21 med
561 1332 26 20 10
607 1332 23 26 ja
652 1333 45 19 mot
714 1331 25 21 13
755 1330 42 26 nej:
814 1330 38 21 och
869 1329 43 22 blef

85 1360 94 20 ståndets
203 1359 70 21 beslut
295 1359 82 21 således
399 1361 33 19 att
455 1360 68 26 någon
547 1359 33 21 del
603 1360 21 20 af
641 1359 89 21 berörde
746 1358 83 27 afgifter
843 1358 68 22 skulle

85 1388 96 27 tilläggas
196 1388 159 21 kommunerna.

153 1450 103 21 Häremot
271 1450 137 20 reserverade
424 1450 32 26 sig
471 1450 80 20 Herrar
566 1450 101 26 Bergh,
690 1448 149 25 Lindblom,
854 1449 57 21 Bro-

85 1478 152 26 nikowskij,
268 1477 146 25 Snellman,
446 1477 91 25 Wolff,
567 1478 169 25 Granström,
767 1477 76 21 Holm
872 1476 39 22 och

85 1506 167 21 Grundfeldt.
283 1506 41 21 Vid
342 1506 53 21 härå
410 1506 63 21 väckt
488 1506 59 26 fråga
563 1512 34 15 om
613 1506 159 21 bestämmande
787 1505 22 21 af
820 1506 40 20 den
876 1511 35 14 an-

86 1534 33 21 del
141 1534 6 21 i
170 1534 110 26 afgifterna
302 1534 154 21 kommunerna
479 1534 89 21 sålunda
590 1534 66 21 borde
678 1533 88 26 erhålla,
780 1533 91 26 föreslog
887 1533 25 20 hr

87 1562 85 27 Bergh
196 1564 32 19 att
250 1563 68 20 denna
335 1562 62 21 andel
428 1562 68 21 skulle
512 1563 50 26 utgå
577 1563 48 20 med
641 1569 25 14 en
682 1561 119 22 tiondedels
817 1564 94 24 procent.
