1095 1825
311 178 184 22 Borgareståndet.
519 178 55 17 1867.
598 179 27 17 28
638 179 47 21 Maj.
832 174 55 21 1137

88 270 51 16 vore
161 264 123 27 tillräckligt
300 266 33 19 att
347 264 64 21 hafva
426 270 26 15 en
467 270 121 21 gemensam
603 264 113 26 suppleant
731 264 33 21 för
779 264 58 21 såväl
849 264 67 26 juste-

88 293 67 26 rings-
170 299 44 14 som
226 292 244 27 expeditionsutskottet,
481 294 22 25 ty
515 292 36 21 det
561 294 24 19 är
595 294 32 19 att
638 292 103 25 förmoda,
752 294 32 19 att
799 292 116 21 utskottets

88 320 116 22 ledamöter
213 321 66 21 under
288 321 39 20 den
339 327 72 14 varma
424 320 94 21 årstiden
531 321 60 20 skola
601 320 57 21 hålla
670 320 32 27 sig
712 320 68 21 friska
789 320 39 21 och
840 320 75 21 sunda.

156 394 56 21 Herr
234 394 204 27 Bronikowskij:
459 394 37 27 jag
517 393 68 22 finner
607 394 36 21 det
665 393 52 22 visst
735 399 50 16 vara
800 393 115 27 besvärligt

86 423 35 20 för
136 423 46 26 den,
198 429 45 14 som
259 423 53 20 skall
328 424 130 25 qvarstanna
473 423 39 20 här
527 422 54 21 efter
595 422 140 27 landtdagens
752 421 49 26 slut,
816 427 49 16 men
878 421 37 27 jag

87 450 68 22 finner
166 451 35 21 det
212 451 39 21 ock
262 451 107 26 underligt
379 453 33 19 att
423 451 55 21 Herr
489 451 74 21 Krank
579 457 28 14 nu
622 451 7 20 i
644 451 52 20 sista
712 451 93 26 dagarna
819 449 96 22 kommer

86 479 55 21 fram
163 480 48 21 med
234 479 32 22 sin
287 479 104 21 anhållan.
422 479 87 21 Enhvar
531 479 24 21 af
569 479 25 21 de
610 479 68 27 öfriga
692 479 144 21 ledamöterna
851 478 64 21 hafva

87 507 75 22 beredt
172 508 32 27 sig
220 508 28 27 på
262 509 32 20 att
309 508 68 27 slippa
393 508 49 21 bort
456 508 48 21 från
519 507 128 27 landtdagen
663 507 39 22 och
718 507 58 21 ställt
791 507 46 21 sina
852 513 62 20 ange-

87 536 122 27 lägenheter
224 537 97 20 derefter.
352 536 49 21 Men
418 542 34 15 om
467 536 37 21 det
518 536 42 21 kan
575 536 74 21 ställas
664 535 30 25 så,
710 542 45 15 som
771 535 54 22 Herr
836 535 77 21 Linde-

85 565 57 26 qvist
164 565 114 26 föreslagit,
302 567 31 18 att
357 571 25 14 en
405 570 120 21 gemensam
546 564 112 27 suppleant
674 564 32 21 för
721 564 66 27 begge
802 563 111 22 utskotten

86 593 106 25 tillsättes,
208 593 23 22 så
246 593 38 21 har
297 593 37 27 jag
349 593 47 22 icke
411 593 66 27 något
491 595 58 19 emot
565 593 56 21 Herr
636 592 84 22 Kranks
736 592 105 22 anhållan.

156 662 56 21 Herr
227 661 98 27 Bergh:
347 661 37 27 jag
399 663 46 19 tror
460 661 59 25 visst,
535 663 32 19 att
582 667 50 15 man
646 661 71 21 kunde
732 660 70 28 hjelpa
817 660 32 28 sig
863 660 49 22 med

85 696 28 15 en
134 690 112 26 suppleant
266 690 33 21 för
321 690 67 26 begge
405 690 122 25 utskotten;
543 696 48 14 men
606 690 37 20 vill
658 690 54 20 dock
728 689 54 21 fästa
797 688 115 28 uppmärk-

85 718 109 22 samheten
218 718 72 27 derpå,
313 720 31 19 att
366 718 139 27 suppleanten
521 718 6 21 i
543 718 237 26 expeditionsutskottet
795 720 24 19 är
833 718 7 21 i
853 717 59 27 jemn

85 746 145 27 tjenstgöring,
246 746 87 22 emedan
349 746 56 22 Herr
420 746 70 26 Utter,
506 752 45 16 som
568 748 23 19 är
607 746 93 22 ledamot
714 746 7 21 i
732 746 79 22 samma
821 746 90 24 utskott,

84 776 26 20 är
120 775 89 21 hindrad
225 777 32 19 att
272 775 123 27 tjenstgöra.
418 775 33 21 En
469 781 69 15 annan
554 775 94 21 ledamot
663 775 65 21 borde
744 775 27 21 då
785 774 35 22 vid
835 774 77 22 sådant

84 803 132 22 förhållande
231 805 58 20 utses
303 804 7 20 i
325 803 73 21 stället
412 803 34 21 för
460 803 57 22 Herr
531 803 70 22 Utter.

153 877 56 22 Herr
224 877 99 21 Krank:
339 877 56 21 Herr
409 877 155 27 Bronikowskij
581 877 38 21 har
635 877 110 21 förundrat
760 877 32 27 sig
807 876 103 26 deröfver,

83 907 34 19 att
135 905 37 27 jag
193 905 47 22 icke
262 906 57 20 förut
333 905 34 21 till
387 906 86 21 ståndet
493 906 98 21 framfört
607 906 42 21 min
664 906 124 21 förberörda
803 905 106 21 anhållan.

85 933 49 22 Men
153 933 37 28 jag
212 933 32 22 får
266 933 95 27 upplysa,
379 934 35 21 det
427 933 42 28 jag,
486 934 66 21 redan
568 934 27 21 då
607 934 37 27 jag
659 934 73 27 utsågs
747 934 32 21 till
793 933 94 22 ledamot
902 933 8 21 i

80 961 230 28 justeringsutskottet,
324 962 93 26 begärde
429 964 33 19 att
479 962 94 21 derifrån
588 963 65 20 varda
669 962 87 26 befriad,
773 962 67 21 ehuru
851 961 59 22 stän-

84 990 36 21 det
136 990 26 21 då
177 991 47 20 icke
239 991 54 20 fäste
308 991 99 20 afseende
422 991 35 21 vid
473 991 43 20 min
531 991 100 26 begäran.
662 991 90 20 Härtills
767 991 38 20 har
817 990 38 27 jag
869 989 41 22 ock

82 1018 50 21 sökt
154 1020 32 20 att
200 1019 92 27 fullgöra
306 1019 128 27 uppdraget,
449 1025 49 15 men
513 1019 89 21 emedan
615 1019 37 27 jag
667 1019 45 21 helt
726 1019 83 26 nyligen
825 1018 84 22 erhållit

83 1047 155 22 underrättelse
250 1053 34 15 om
295 1047 35 22 det
341 1047 83 26 hinder,
442 1053 45 16 som
503 1049 38 25 gör
557 1048 36 21 det
608 1047 96 28 omöjligt
719 1047 33 21 för
766 1047 43 27 mig
823 1049 32 19 att
870 1047 40 21 här

83 1077 128 25 qvarstanna
234 1075 52 22 efter
308 1076 140 27 landtdagens
469 1076 49 26 slut,
541 1076 24 21 så
587 1076 39 21 har
643 1076 37 27 jag
695 1076 46 21 icke
756 1075 57 22 förut
828 1075 81 22 kunnat

81 1104 85 21 anmäla
181 1104 79 26 derom,
276 1105 51 20 utan
343 1104 68 21 måste
424 1104 37 27 jag
475 1110 30 15 nu
522 1111 95 20 upprepa
627 1105 43 21 min
682 1105 27 20 då
718 1105 75 26 gjorda
803 1104 104 21 anhållan.

150 1177 30 22 På
192 1177 79 27 derom,
284 1178 53 21 efter
348 1178 72 21 slutad
430 1178 127 26 diskussion,
568 1178 23 21 af
600 1179 55 20 Herr
670 1178 159 21 Talmannen
843 1178 66 21 fram-

80 1205 65 22 ställd
157 1206 131 27 proposition
299 1206 50 22 fann
360 1207 85 21 ståndet
456 1207 52 27 godt
519 1207 67 21 befria
597 1207 55 21 Herr
664 1207 74 21 Krank
748 1207 47 21 från
805 1207 103 21 ledamot-

80 1234 76 27 skapet
171 1235 7 20 i
190 1235 228 27 justeringsutskottet.

149 1302 55 21 Herr
227 1302 138 28 Öhrnberg
387 1304 93 26 begärde
502 1303 52 21 härå
569 1304 62 20 ordet
646 1304 39 21 och
699 1304 93 26 yttrade:
809 1303 27 21 då
851 1303 56 22 Herr

80 1330 74 21 Krank
164 1330 69 22 blifvit
245 1331 81 21 befriad
343 1332 47 21 från
401 1332 170 26 ledamotskapet
585 1332 8 21 i
605 1332 228 27 justeringsutskottet,
849 1331 58 21 hem-

79 1358 74 22 ställer
161 1359 37 27 jag
213 1360 32 20 till
261 1360 90 26 ståndet,
367 1366 34 16 om
418 1360 47 22 icke
479 1360 91 26 ståndet,
586 1363 52 18 utan
654 1360 34 22 val
703 1366 75 21 genom
793 1360 112 26 elektorer,

80 1387 49 21 ville
143 1387 107 27 förordna,
267 1390 31 19 att
314 1389 41 21 den
369 1389 8 21 i
392 1389 66 27 sagde
473 1389 83 21 utskott
571 1389 66 21 redan
654 1389 91 21 utsedda
759 1388 146 27 suppleanten,

79 1416 105 26 nemligen
199 1416 56 22 Herr
270 1416 87 27 Ottelin,
373 1417 69 22 skulle
457 1418 62 21 träda
533 1417 8 21 i
556 1417 57 22 Herr
627 1418 85 21 Kranks
727 1417 68 23 ställe.

147 1483 56 21 Herr
237 1484 156 22 Talmannen:
409 1485 90 22 emedan
510 1492 26 15 en
547 1485 93 22 ledamot
650 1487 8 19 i
669 1485 238 27 expeditionsutskottet

79 1511 64 21 likväl
165 1512 67 21 måste
253 1514 57 19 utses
333 1513 7 20 i
363 1513 72 22 stället
456 1513 34 22 för
512 1514 56 21 Herr
592 1514 68 25 Utter,
676 1514 24 21 så
714 1514 89 21 föreslår
815 1514 43 26 jag,
874 1515 33 20 att

78 1539 57 22 valet
156 1540 59 21 såväl
236 1540 24 22 af
280 1541 68 21 denna
371 1541 95 22 ledamot
486 1548 45 15 som
553 1542 23 21 af
590 1543 47 25 den,
653 1542 86 22 hvilken
754 1541 54 23 skall
823 1541 84 22 träda
895 1535 15 38 i

78 1567 56 22 Herr
149 1568 84 22 Kranks
248 1569 68 27 ställe,
332 1569 35 22 må
381 1570 39 21 ske
434 1576 77 21 genom
527 1571 81 21 Herrar
623 1571 113 21 elektorer.
