1095 1825
220 168 41 21 656
417 173 185 21 Borgareståndet.
628 174 56 17 1867.
709 175 9 15 1
730 174 50 21 Maj.

758 224 8 9 .

192 258 66 22 också
273 258 13 21 å
301 258 43 21 min
367 258 47 21 sida
437 258 75 21 endast
527 258 106 27 begagnat
648 258 43 27 mig
706 258 23 22 af
742 265 81 15 samma
839 259 125 27 betogenhet
980 259 40 21 och

192 289 46 19 tror
253 287 44 26 mig
311 286 64 21 hafva
390 287 57 26 gjort
462 287 56 20 hvad
533 287 42 20 min
592 287 52 26 pligt
660 288 69 20 såsom
748 288 163 25 landtdagsman
930 288 89 25 fordrar,

193 315 28 21 då
240 315 37 27 jag
299 315 66 21 fästat
387 315 216 26 uppmärksamheten
626 315 71 27 derpå,
714 317 34 19 att
763 321 26 15 en
804 316 129 26 granskning
948 315 22 22 af
984 316 41 21 det.

193 343 91 27 omfång,
308 349 44 15 som
375 343 113 26 förordats,
512 343 94 21 hvarken
622 345 24 19 är
661 343 23 22 af
697 344 210 26 omständigheterna
921 344 99 27 påkallad

194 372 52 21 eller
268 372 43 21 kan
333 372 49 21 leda
403 372 33 21 till
456 372 65 27 något
536 372 51 27 godt
603 372 96 21 resultat.
730 372 41 27 Jag
786 372 39 21 har
840 373 49 20 sökt
903 373 55 26 gifva
973 373 47 20 skäl

193 401 33 20 för
242 401 70 20 denna
326 400 61 27 åsigt.

262 457 57 21 Herr
338 457 99 26 Bergh:
458 457 37 26 jag
510 457 37 20 ber
563 459 33 18 att
611 457 21 20 få
647 457 139 26 understödja
801 457 149 21 betänkandet.
980 457 41 27 Jag

194 491 63 15 anser
279 485 106 26 nemligen
408 485 22 21 af
451 486 44 25 vigt
516 487 31 19 att
570 485 176 26 stemningstiden
770 487 17 23 ej
806 485 127 22 bestämmes
948 485 72 21 alltför

194 514 56 23 kort,
273 514 88 21 emedan
384 514 119 21 svaranden
527 514 39 20 ock
589 514 39 20 bör
648 513 84 27 åtnjuta
747 514 86 21 rådrum
849 516 32 19 att
896 514 77 21 bereda
988 514 32 26 sig

194 545 57 18 samt
273 542 47 21 vårt
341 542 123 21 sträfvande
486 542 176 26 hufvudsakligen
685 542 68 21 måste
768 549 51 14 vara
834 545 32 18 att
881 544 51 25 göra
947 542 73 26 sjelfva

194 577 113 20 processen
329 571 50 20 kort
402 571 39 20 och
464 571 160 26 lagskipningen
647 570 74 21 snabb.
753 571 179 26 Stemningstiden
950 571 6 20 i
972 571 48 20 stad

195 599 43 21 kan
259 605 66 21 gerna
347 599 120 21 utsträckas
489 599 72 27 något,
577 601 22 25 ty
614 599 36 21 två
665 599 52 21 eller
732 601 33 19 tre
781 599 65 28 dagar
861 601 24 19 är
900 599 119 26 verkeligen

195 628 33 21 för
251 628 54 20 litet.
335 628 50 21 Med
407 628 49 23 mål,
479 634 45 14 som
546 628 18 26 ej
583 628 45 20 tåla
643 628 98 26 uppskof,
758 628 62 24 afses,
837 630 58 19 utom
911 628 109 23 vexelmål,

195 657 88 20 hvarom
305 656 67 21 finnes
395 656 100 21 särskildt
517 656 106 26 stadgadt,
644 656 131 26 sjörättsmål
791 657 47 20 med
853 656 28 26 fi.,
897 656 70 21 hvilka
983 658 36 19 äro

196 685 23 21 af
240 691 26 15 en
287 691 59 15 mera
361 684 134 21 brådskande
510 684 152 22 beskaffenhet.
693 684 29 22 Sä
736 685 87 26 stadgas
838 687 15 19 t.
870 691 30 14 ex.
916 685 7 20 i
944 686 6 19 5
966 685 11 25 8
994 685 26 20 10

196 714 49 26 kap.
265 713 24 21 R.
305 714 24 20 B.
346 713 109 25 ,kommer
470 713 51 21 tvist
536 714 7 20 i
558 713 77 21 handel
651 713 77 21 mellan
744 713 95 26 köparen
854 713 39 21 och
908 713 90 26 säljaren
1014 713 6 20 i

196 742 76 20 staden
295 742 27 20 då
344 742 104 20 marknad
466 744 23 18 är
504 742 51 20 eller
571 741 60 27 eljest
647 741 39 21 och
702 742 74 25 klagas
792 742 35 20 det
842 744 80 24 genast,
938 742 82 20 dömme

196 770 38 21 det
248 771 71 20 rätten
335 770 37 21 der
388 770 90 21 handeln
494 770 73 20 skett”.
595 786 9 8 ,
608 770 65 20 Detta
686 772 24 18 är
726 772 32 19 ett
773 770 48 26 mål,
837 776 45 14 som
900 770 17 26 ej
930 770 28 20 tål
969 776 51 20 upp-

196 798 54 27 skof,
272 798 40 21 och
334 798 55 21 skall
411 798 129 26 handläggas
561 800 75 24 genast
656 798 65 21 innan
743 798 67 27 begge
831 800 100 25 parterne
946 798 75 20 hunnit

196 827 47 21 från
259 827 75 21 staden
349 826 69 22 afresa
434 827 39 21 och
489 827 37 21 der
541 827 42 21 kan
598 828 70 20 rätten
684 827 76 26 ålägga
776 827 117 21 svaranden
908 828 32 20 att
959 826 62 21 träda

196 856 8 20 i
227 856 105 20 svaromål
355 855 62 21 äfven
440 862 33 14 om
496 855 175 27 stemningstiden
688 856 56 20 varit
759 855 86 21 kortare
861 857 26 19 än
903 856 5 20 i
925 856 67 20 denna
1008 855 12 26 $

197 884 134 21 bestämmes.
363 884 45 20 Den
427 884 42 20 kan
489 884 81 21 således
585 884 8 20 i
608 884 56 20 vissa
684 884 37 20 fall
737 884 124 26 understiga
876 887 15 17 t.
907 890 18 14 o.
941 890 27 14 m.
985 883 36 21 två

198 913 71 26 dagar.
301 912 61 21 Hvad
385 912 45 21 åter
453 912 131 21 vidkommer
607 912 74 21 orden:
701 912 62 23 ,derå
778 912 44 20 förr
837 918 72 15 svaras
923 911 59 26 kan",
998 911 23 21 så

198 943 24 18 är
238 941 36 20 det
289 941 124 24 svaranden,
430 947 44 14 som
491 941 38 20 har
544 942 32 19 att
593 940 89 21 bedöma
698 947 35 14 om
749 940 42 21 han
806 940 41 21 kan
865 940 49 26 ingå
928 940 7 20 i
950 946 70 14 svaro-

197 969 43 21 mål
263 969 40 21 och
326 969 26 20 de
375 969 46 20 skäl
442 969 40 20 han
498 969 6 20 i
520 969 76 20 sådant
611 969 99 20 afseende
726 969 86 26 företer,
828 969 84 26 pröfvas
927 968 22 21 af
963 968 58 21 dom-

198 998 76 23 stolen,
290 1003 45 15 som
351 997 7 20 i
373 997 100 21 händelse
489 997 40 21 den
545 997 68 21 finner
628 999 32 19 att
675 997 42 20 han
733 997 19 26 ej
773 997 42 21 kan
835 1003 66 20 svara,
923 997 99 26 antingen

198 1025 119 27 förelägger
341 1032 27 20 ny
393 1026 104 26 stemning
522 1026 51 21 eller
601 1025 127 27 uppskjuter
757 1025 72 24 målet,
859 1025 38 21 allt
923 1025 98 21 eftersom

197 1055 75 26 nödigt
287 1055 72 20 finnes.

267 1111 56 21 Herr
338 1111 135 21 Snellman
488 1111 105 20 instämde
608 1111 7 20 i
631 1111 56 20 Herr
703 1111 81 26 Berghs
799 1110 106 27 yttrande.

268 1168 55 21 Herr
339 1167 151 22 Cederman:
505 1167 36 26 jag
557 1167 42 21 kan
615 1167 18 26 ej
649 1167 67 21 förstå
734 1167 98 21 hvarföre
854 1173 48 14 man
925 1166 34 21 vid
981 1165 41 22 för-

200 1198 72 19 svaret
294 1196 23 21 af
335 1196 116 21 utskottets
474 1195 134 22 betänkande
628 1197 6 19 i
655 1196 69 21 denna
740 1197 11 25 &
768 1195 104 27 åberopar
893 1195 68 20 vexel-
984 1195 39 20 och

200 1225 130 26 sjörättsmål
346 1227 55 19 samt
416 1225 101 21 brottmål
531 1231 26 14 m.
574 1231 27 14 m.
633 1224 39 22 Om
689 1225 62 20 dessa
766 1226 37 19 äro
818 1224 105 21 särskilda
943 1223 79 21 undan-

199 1254 181 26 tagsstadganden
395 1253 104 27 gällande.
529 1253 42 21 Det
587 1255 24 19 är
626 1253 70 26 något,
713 1259 46 15 som
775 1252 86 21 alldeles
876 1252 47 20 icke
937 1252 39 20 hör
992 1251 32 21 till

200 1282 70 21 denna
285 1283 18 25 &,
319 1282 84 20 hvilken
418 1282 116 20 innefattar
549 1282 36 20 det
601 1281 106 27 generella
725 1281 128 27 stadgandet
868 1281 7 20 i
890 1282 76 19 ämnet.

268 1338 61 21 Efter
351 1338 89 20 sålunda
461 1338 69 21 slutad
554 1338 119 20 diskussion
697 1338 108 26 angående
827 1336 161 27 ifrågavarande
1012 1336 12 26 $

200 1366 45 21 blef
266 1367 121 20 densamma
409 1367 28 25 på
459 1366 56 21 Herr
535 1366 174 21 Talmannens
732 1366 133 26 proposition
888 1365 47 21 med
957 1364 66 21 öfver-

199 1396 97 25 vägande
310 1395 156 26 röstpluralitet
481 1395 22 21 af
517 1395 84 21 ståndet
617 1394 105 27 godkänd.

527 1479 60 27 Kap.
603 1481 28 19 12
645 1480 15 26 $
675 1481 21 19 2.

268 1536 56 21 Herr
347 1536 152 21 Cederman:
523 1535 56 21 hvad
594 1536 7 20 i
618 1536 68 21 denna
702 1537 10 24 $
729 1535 67 21 finnes
817 1535 100 26 stadgadt
938 1540 34 15 om
994 1536 32 19 att

200 1564 110 21 käranden
333 1565 53 20 skall
407 1565 68 26 plikta
496 1564 33 21 för
544 1566 95 23 utevaro,
656 1570 62 15 anser
730 1564 38 26 jag
783 1563 72 21 kunna
870 1563 57 26 utgå,
943 1565 55 18 samt
1014 1563 10 27 $
