1095 1825
313 148 184 22 Borgareståndet.
522 150 56 17 1867.
603 150 23 16 14
637 150 48 21 Maj.
844 146 42 22 845

87 234 117 27 lagförslag
226 234 31 21 uti
272 234 148 26 ifrågakomna
434 234 54 27 syfte
504 234 35 21 må
554 234 35 22 vid
604 236 62 20 nästa
681 235 102 26 ländtdag
798 236 117 22 ständerna

86 263 128 26 föreläggas,
230 262 24 22 så
268 264 25 19 är
308 262 66 22 redan
389 262 61 22 detta
464 268 26 16 en
507 262 82 27 åtgärd,
605 269 45 15 som
666 263 48 21 icke
729 264 90 21 allenast
830 264 47 22 icke
890 266 25 20 är

87 292 24 21 af
131 291 100 21 behofvet
253 290 106 27 påkallad,
382 292 52 19 utan
457 291 85 21 komme
564 292 39 24 att,
624 291 66 27 enligt
705 292 49 21 mitt
768 292 146 27 förmenande,

87 319 115 22 framkalla
215 319 7 21 i
237 319 246 21 kreditförhållanderna
498 325 26 15 en
539 319 112 27 rubbning,
667 319 85 22 hvilken
764 321 72 26 tyvärr
847 321 67 21 redan

87 349 25 20 är
126 353 42 21 nog
183 349 51 20 stor.
265 347 43 21 Det
322 347 102 22 behöfves
439 347 7 21 i
460 348 136 21 närvarande
611 348 31 21 tid
653 347 47 22 icke
712 348 83 27 mycket
805 350 33 20 att
848 349 66 22 fram-

87 376 59 21 kalla
160 381 38 16 oro
214 375 40 22 och
269 375 123 27 bekymmer
407 375 39 22 hos
461 375 60 22 såväl
535 375 119 27 långifvare
668 382 46 15 som
729 377 117 26 låntagare.
867 378 46 21 Den

87 405 79 21 minsta
186 404 101 21 befarade
309 403 123 28 förändring
447 404 6 21 i
468 404 117 21 bestående
600 404 148 22 förhållanden
763 405 68 22 skulle
847 407 66 20 redan

88 433 149 21 åstadkomma
258 433 65 26 något
345 432 83 22 sådant.
458 432 40 22 Om
521 433 116 21 ständerna
659 433 39 21 hos
721 433 58 22 Hans
794 433 119 28 Kejserliga

87 461 103 26 Majestät
212 461 92 25 anhölle,
327 462 32 20 att
382 463 32 19 ett
436 461 123 27 lagförslag,
574 467 45 15 som
635 461 97 27 åsyftade
747 468 26 15 en
788 462 24 21 så
826 469 87 20 genom-

87 489 103 28 gripande
205 489 129 27 förändring,
349 489 35 22 vid
399 491 63 20 nästa
478 489 103 27 landtdag
595 489 69 22 blefve
675 490 115 21 ständerna
799 491 113 27 förelagdt,

88 518 23 22 så
126 519 62 20 lände
206 518 36 21 det
256 518 46 21 icke
317 517 33 22 till
365 518 71 27 någon
451 517 87 26 båtnad,
557 520 53 19 utan
625 518 69 21 skulle
710 519 36 21 det
761 519 49 21 leda
825 519 87 25 derhän,

87 548 34 20 att
133 546 24 27 ju
172 548 98 20 närmare
285 546 59 21 tiden
359 547 32 20 till
407 548 62 19 nästa
484 546 105 27 landtdag
603 547 101 21 närmade
720 547 37 26 sig,
773 547 60 22 desto
845 549 68 20 större

87 575 70 21 blefve
179 575 160 26 rubbningarna
357 575 7 21 i
385 575 180 21 kreditväsendet.
595 575 41 26 Jag
651 575 105 21 vidhåller
772 575 83 22 derföre
870 576 42 21 min

88 603 61 28 åsigt,
166 605 32 20 att
213 603 85 22 ståndet
312 605 52 20 utan
379 603 67 27 något
460 603 73 22 vidare
549 603 68 22 skulle
632 603 74 27 afböja
720 604 167 27 propositionen.

156 665 56 22 Herr
235 665 89 21 Wolff:
347 665 77 21 herrar
446 665 119 27 Öhrnberg,
580 666 112 21 Lindblom
710 666 38 21 och
763 666 72 26 Bergh
850 666 63 22 hafva

87 694 66 21 redan
176 694 80 21 uttalat
278 694 40 21 den
341 694 62 26 åsigt,
425 694 61 21 hvari
498 694 38 27 jag
551 694 66 26 enligt
631 694 43 22 min
691 694 141 27 öfvertygelse
847 701 66 21 gerna

87 722 36 21 vill
145 722 75 22 förena
242 722 49 27 mig.
320 722 41 27 Jag
379 722 40 21 har
434 722 77 22 endast
526 722 76 27 begärt
617 722 61 22 ordet
693 722 33 22 för
742 724 33 20 att
789 723 56 21 fästa
860 730 53 20 upp-

86 750 174 22 märksamheten
282 750 80 26 dervid,
383 752 33 20 att
431 750 118 22 utskottets
564 751 135 21 betänkande
715 751 47 21 icke
777 751 67 21 borde
860 758 52 20 upp-

87 782 62 24 tagas
163 779 33 21 till
211 778 70 28 någon
296 779 105 27 pröfning.
424 779 33 21 Då
472 781 79 19 tvänne
567 779 61 21 stånd
640 780 66 20 redan
716 779 107 21 förkastat
835 786 77 20 propo-

87 808 98 26 sitionen,
204 808 64 21 lände
283 808 36 20 det
334 807 133 27 följaktligen
481 808 48 21 icke
539 808 32 20 till
583 807 65 27 något
658 808 96 27 resultat,
766 814 34 15 om
810 808 103 26 Borgare-

87 836 86 22 ståndet
188 836 38 21 ock
242 835 102 22 förenade
359 836 32 26 sig
405 836 49 21 med
470 836 37 21 det
522 836 68 27 tredje
602 836 91 26 ståndet,
708 836 105 27 nemligen
829 836 84 22 Preste-

87 864 93 26 ståndet,
201 870 46 16 som
274 864 82 27 antagit
379 865 167 27 propositionen.
581 864 46 22 Den
654 865 63 21 korta
744 864 30 22 tid
798 864 23 21 af
844 865 69 21 landt-

87 893 75 26 dagen,
185 899 45 15 som
254 894 56 19 ännu
330 892 99 26 återstår,
444 899 52 14 vore
511 893 50 21 vida
575 892 126 27 lämpligare
716 893 89 24 använd,
821 899 34 14 om
872 893 40 20 den

87 921 134 26 begagnades
236 921 33 21 för
284 921 155 27 behandlingen
454 921 23 21 af
491 921 26 21 de
532 921 77 26 många
624 921 79 27 vigtiga
717 921 72 26 frågor
799 927 45 15 som
856 923 57 19 ännu

87 949 68 22 finnas
170 955 58 21 qvar.

156 1011 56 22 Herr
227 1010 148 23 Cederman:
389 1011 37 27 jag
441 1011 86 22 förenar
542 1011 43 27 mig
600 1011 48 22 med
663 1011 82 22 Herrar
757 1011 155 26 Bronikowskij

87 1039 40 22 och
143 1039 107 22 Snellman
266 1039 79 27 derom,
361 1041 32 20 att
409 1040 118 21 utskottets
542 1040 134 21 betänkande
692 1039 67 22 borde
775 1042 61 24 tagas
845 1039 68 22 under

87 1068 105 26 pröfning.

156 1129 50 22 Som
228 1130 70 27 någon
321 1131 68 20 talare
411 1130 47 21 icke
479 1131 73 20 vidare
575 1130 127 27 uppträdde,
718 1130 122 21 förklarade
855 1129 58 22 Herr

87 1159 172 21 Talmannen
282 1159 148 21 diskussionen
445 1165 52 15 vara
511 1159 72 21 slutad
598 1161 56 19 samt
668 1158 134 21 framställde
817 1158 95 27 följande

87 1187 163 27 propositioner.

157 1250 39 20 1:0.
226 1249 43 21 Vill
293 1249 85 22 ståndet
400 1250 33 20 till
456 1251 98 19 närmare
576 1250 99 26 pröfning
698 1251 96 25 upptaga
809 1248 104 28 ifrägava-

87 1278 66 22 rande
176 1278 85 26 ärende,
281 1278 90 21 sålunda
386 1280 32 19 att
433 1278 104 26 förslaget
552 1278 33 21 till
601 1278 124 26 förordning
741 1277 108 27 angående
865 1279 47 19 när-

87 1312 58 16 mare
161 1306 142 27 begränsning
317 1306 23 21 af
354 1306 59 21 tiden
428 1306 34 22 för
477 1306 124 22 löftesmans
617 1306 209 27 ansvarsskyldighet
841 1312 27 15 m.
884 1312 27 14 m.

87 1334 69 22 blefve
172 1335 11 27 8
199 1334 34 22 för
248 1334 11 28 $
274 1335 161 27 genomgången
450 1334 40 22 och
506 1334 138 22 diskuterad?

155 1397 75 21 Denna
252 1397 133 27 proposition
407 1397 129 21 besvarades
558 1398 48 20 med
629 1397 155 27 öfvervägande
802 1397 111 27 pluralitet

87 1426 101 21 nekande.

156 1483 41 20 2:0.
227 1482 69 22 Anser
319 1482 85 22 ståndet
426 1482 140 21 utfärdandet
586 1482 23 20 af
630 1488 26 15 en
672 1482 34 26 lag
722 1482 6 20 i
744 1482 36 20 det
795 1482 61 26 syfte,
872 1482 41 20 den

86 1510 78 27 nädiga
186 1511 161 26 propositionen
369 1510 40 21 och
432 1510 118 21 utskottets
573 1510 135 21 betänkande
731 1510 108 21 innehälla
861 1515 52 15 vara

85 1539 69 21 under
169 1539 27 21 de
210 1539 8 20 i
233 1539 73 21 landet
321 1538 95 22 rädande
431 1539 149 21 förhällanden
595 1538 113 27 lämpligt?
