1095 1825
226 150 42 20 916
425 156 182 21 Borgareståndet.
632 158 54 17 1867.
711 158 24 17 18
748 158 46 21 Maj.

196 240 93 26 biträde,
306 240 39 22 har
360 241 106 27 allmogen
482 242 103 27 enhälligt
599 242 79 22 uttalat
694 243 40 21 den
750 242 60 28 åsigt,
822 245 33 19 att
865 243 41 21 den
917 243 49 27 sjelf
975 243 49 21 ville

197 269 123 27 ombesörja
343 270 147 26 skjutsningen
512 270 39 22 och
574 270 47 22 icke
643 271 27 27 gå
692 272 21 20 in
734 271 28 27 på
778 272 170 31 entreprenader.
979 272 45 20 När

197 304 51 15 man
262 298 89 26 frågade
367 298 53 21 efter
436 299 72 20 skälen
523 298 93 27 härföre,
632 299 24 21 så
671 300 59 20 hette
746 300 35 21 det
796 300 70 21 alltid:
879 315 11 9 ,,
893 300 20 21 vi
924 300 49 26 vilja
984 300 40 21 och

196 326 71 21 måste
291 326 88 27 skjutsa,
403 326 33 21 för
458 329 33 19 att
505 327 102 22 förskaffa
623 333 34 16 oss
673 328 69 21 medel
757 328 32 21 till
804 328 219 32 kronoutskyldernas

198 355 149 26 erläggande."
379 354 45 22 Och
446 357 39 19 när
507 357 30 19 ett
559 355 77 22 sådant
656 356 90 21 intresse
766 358 38 25 gör
827 356 32 27 sig
875 357 88 20 allmänt
978 356 44 27 gäl-

198 383 70 26 lande,
285 383 99 22 hvarföre
400 383 54 21 skall
469 390 49 15 man
533 384 28 21 då
574 384 78 27 betaga
667 385 105 26 allmogen
788 385 129 26 rättigheten
930 387 33 19 att
976 372 49 39 sjelf

197 411 87 27 besörja
299 411 161 27 skjutsningen?

269 467 70 22 Sedan
355 468 148 22 diskussionen
518 469 100 26 upphört,
630 469 134 22 framställde
781 470 54 21 Herr
873 470 150 21 Talmannen

198 496 95 27 följande
308 497 142 26 proposition:

270 553 95 26 Antager
388 553 85 22 ståndet
497 555 8 19 1
523 560 62 15 mom.
601 555 7 20 i
624 554 11 27 $
651 555 13 20 4
680 555 65 26 enligt
761 555 36 20 det
811 554 61 21 förra
887 555 137 21 alternativet

198 581 54 22 eller
275 581 66 26 enligt
364 582 35 21 det
418 588 73 15 senare
504 583 135 21 alternativet
654 583 7 20 i
676 585 153 19 sammansatta
845 583 107 21 ekonomi-
968 586 56 18 samt

199 612 65 21 stats-
280 611 39 21 och
334 610 242 28 bevillningsutskottets
592 611 148 22 betänkande?

270 668 32 21 De
322 674 45 15 som
390 668 50 27 vilja
463 668 35 21 det
513 668 64 25 förra,
593 675 62 15 svara
667 668 30 28 ja,
714 668 38 22 och
769 668 32 27 de,
817 668 72 22 hvilka
905 668 67 22 önska
988 668 36 21 det

199 703 83 17 senare,
298 703 63 15 svara
377 696 39 27 nej.

270 753 41 21 Vid
333 754 93 20 anställd
448 754 95 26 votering
562 754 104 21 befunnos
681 754 41 21 fem
738 755 68 19 röster
821 753 64 21 hafva
900 754 78 20 uttalat
993 753 31 27 sig

199 782 35 20 för
254 782 23 26 ja
299 782 39 20 och
359 782 80 26 sjutton
458 784 68 19 röster
529 770 44 33 ”för
589 782 44 26 nej;
650 782 32 21 till
697 782 50 26 följe
764 782 75 21 hvaraf
853 788 61 15 mom.
934 783 9 19 1
957 782 9 22 i
982 782 14 26 8
1011 782 14 20 4

199 810 134 22 förklarades
359 816 50 15 vara
434 810 22 21 af
477 810 84 22 ståndet
577 813 87 24 antaget
680 811 64 27 enligt
760 811 35 21 det
811 816 74 16 senare
901 810 123 21 alternativ-

200 838 110 27 förslaget.

271 896 65 20 Mom.
351 898 16 18 2
381 896 8 19 i
404 896 15 27 $
434 897 13 19 4
462 896 121 26 godkändes
599 898 51 19 utan
668 896 125 21 diskussion.

529 981 16 26 $
560 981 13 20 5
591 981 63 21 Mom.
672 982 19 19 1.

270 1037 40 21 Vid
326 1037 154 26 behandlingen
495 1037 22 21 af
532 1038 59 21 detta
607 1044 63 15 mom.
685 1037 98 22 anmälde
799 1037 31 26 sig
841 1037 94 26 följande
945 1037 79 21 talare:

271 1094 55 21 Herr
351 1094 102 21 Krank:
479 1094 26 21 då
529 1095 58 20 inom
613 1097 31 18 ett
668 1094 68 21 härad
759 1094 90 21 socknar
865 1094 71 21 kunna
951 1093 74 26 finnas,

200 1122 74 21 hvilka
296 1124 37 19 äro
357 1122 152 26 mångdubbelt
532 1129 58 14 mera
611 1123 115 21 besvärade
742 1129 76 20 genom
834 1121 192 28 skjutshållningen

200 1153 28 18 än
244 1151 68 20 andra
327 1151 91 21 socknar
432 1151 6 20 i
454 1157 80 15 samma
549 1151 75 25 härad,
640 1151 24 21 så
679 1153 25 19 är
720 1151 36 21 det
771 1151 110 26 naturligt,
893 1152 32 19 att
936 1151 26 20 de
973 1151 53 20 min-

200 1179 39 22 dre
255 1179 117 21 besvärade
388 1179 117 22 socknarna
521 1180 52 21 eller
588 1180 160 25 kommunerna,
765 1185 33 15 om
814 1179 76 20 sådant
907 1179 55 20 blott
978 1179 48 20 blif-

200 1214 38 15 ver
262 1208 47 21 dem
331 1207 86 25 tillåtet,
436 1214 99 20 separera
550 1209 32 26 sig
597 1208 47 21 från
660 1208 26 22 de
702 1208 75 26 öfriga,
793 1207 137 27 hvarigenom
946 1209 80 25 tungan

200 1236 84 22 således
300 1236 75 21 blifver
391 1236 84 27 mycket
490 1237 79 26 ojemnt
585 1237 103 21 fördelad.
718 1236 50 21 Men
779 1236 31 21 till
821 1236 135 21 undvikande
966 1236 62 21 häraf

200 1271 64 15 anser
284 1264 37 27 jag
343 1265 12 21 5
375 1266 18 25 &,
409 1265 65 21 sådan
491 1266 40 20 den
546 1265 60 27 lyder
621 1265 6 21 i
644 1266 40 20 den
700 1265 78 26 nådiga
792 1265 167 26 propositionen,
976 1270 51 15 vara

200 1294 34 20 att
260 1293 123 27 föredragas
409 1293 88 21 framför
521 1294 119 21 utskottets
662 1294 90 26 förslag;
776 1293 37 27 jag
839 1299 63 15 anser
921 1293 105 26 nemligen

201 1321 128 22 åtminstone
345 1322 48 20 hela
408 1322 91 21 häradet
514 1322 51 21 böra
581 1324 77 25 utgöra
674 1324 31 20 ett
720 1322 111 26 skjutslag.

270 1378 56 22 Herr
341 1378 220 27 Bronikowskij:
577 1379 35 21 för
627 1379 43 21 min
682 1379 32 21 del
726 1381 46 19 tror
781 1378 36 27 jag
827 1378 53 26 icke,
891 1380 33 19 att
935 1378 92 21 bestäm-

201 1406 77 27 ningen
293 1408 7 20 i
315 1408 41 20 den
372 1407 77 27 nådiga
464 1408 159 26 propositionen
643 1408 42 20 kan
700 1407 125 26 föredragas
841 1406 88 22 framför
944 1406 83 21 utskot-

201 1436 42 20 tets
267 1434 86 28 förslag.
384 1435 42 21 Det
448 1438 24 18 är
493 1436 104 26 nemligen
620 1436 61 21 fallet
696 1436 33 20 för
745 1435 140 26 närvarande,
902 1437 32 19 att
949 1434 78 27 skjuts-

200 1463 211 27 ningsskyldigheten
436 1464 7 20 i
470 1464 39 21 den
534 1466 80 20 största
639 1464 61 21 delen
725 1464 23 21 af
772 1464 73 21 landet
869 1452 87 38 utgöres
982 1463 46 21 icke

201 1492 111 21 häradsvis
327 1495 52 18 utan
395 1492 140 27 tingslagsvis.
566 1493 127 26 Isynnerhet
707 1493 7 21 i
730 1489 139 25 Österbotten
878 1493 76 25 utgöra
962 1492 66 26 tings-

201 1520 63 26 lagen
289 1520 66 21 redan
371 1520 24 21 så
409 1521 132 21 vidsträckta
557 1521 107 25 områden,
680 1523 33 18 att
729 1521 49 20 hela
792 1520 91 21 häradet
899 1520 38 21 der
952 1519 76 21 blifver

200 1550 32 19 ett
255 1549 72 21 alltför
341 1551 56 19 stort
412 1549 109 27 skjutslag.
553 1549 42 22 Det
611 1551 23 19 är
650 1549 84 22 således
750 1549 85 26 skäligt,
851 1550 33 20 att
900 1550 31 19 ett
946 1548 82 21 mindre
