1095 1825
208 148 41 22 922
407 154 183 21 Borgareståndet.
615 154 53 17 1867.
692 155 28 17 20
733 155 47 21 Maj.

250 239 56 21 Herr
329 235 150 31 Öhrnberg:
502 240 122 26 upprepade
647 240 37 21 sitt
706 240 81 27 förslag
809 246 35 16 om
867 246 26 16 en
916 240 91 22 särskild

180 268 160 26 öfverläggning
354 268 58 22 inom
428 268 85 22 ståndet
527 268 7 21 i
549 268 59 21 förut
623 268 109 27 uppgifvet
748 269 105 21 afseende.

250 318 56 22 Herr
321 319 99 27 Bergh
442 319 143 21 understödde
601 319 59 22 detta
675 319 86 28 förslag.

250 369 56 22 Herr
326 370 169 27 Lindeqvist:
518 370 99 27 förmälte
638 371 32 25 sig
692 371 34 21 väl
750 377 50 16 anse
816 378 26 15 en
858 371 24 22 så
897 372 110 21 beskaffad

181 398 166 27 öfverläggning,
373 404 46 15 som
444 398 56 21 Herr
525 399 111 26 Ohrnberg
661 399 117 28 föreslagit,
805 401 18 26 ej
840 406 52 15 vara
908 400 98 27 behöflig,

181 427 91 21 emedan
294 433 26 14 en
338 427 53 20 hvar
407 427 23 20 af
443 426 94 22 ståndets
553 427 119 22 ledamöter
687 429 122 26 antagligen
825 429 66 21 redan
907 429 100 26 stadgadt

181 456 31 20 sin
235 455 140 26 öfvertygelse
391 461 34 15 om
441 455 26 21 de
482 455 119 27 föreslagne
617 462 139 20 personernes
772 459 69 20 större
857 457 53 22 eller
925 458 81 21 mindre

181 483 126 26 lämplighet
332 483 31 21 till
389 483 162 27 ifrågavarande
577 483 126 28 befattning,
722 491 47 15 men
785 486 50 21 ville
851 486 55 21 dock
921 486 34 21 för
976 486 30 21 sin

181 512 35 21 del
231 511 19 27 ej
267 513 102 20 motsätta
384 513 32 25 sig
432 513 127 20 densamma.

251 563 55 20 Herr
321 563 164 21 Talmannen
500 563 132 22 framställde
648 564 53 21 härå
716 565 33 21 till
765 565 86 22 ståndet
867 565 92 28 följande

250 620 143 26 Proposition:
410 620 46 27 Vill
468 620 84 21 ståndet
568 618 72 23 skrida
655 617 32 33 till
703 624 25 14 en
745 617 90 21 särskild
848 617 158 27 öfverläggning

181 649 7 20 i
204 648 36 21 det
257 648 98 22 afseende
371 649 56 20 Herr
443 648 110 26 Öhrnberg
569 646 122 27 föreslagit?

251 699 162 27 Propositionen
429 700 126 21 besvarades
570 700 48 20 med
633 698 105 21 blandadt
752 698 23 26 ja
788 697 40 21 och
838 697 41 27 nej,
890 697 116 26 hvarjemte

182 728 23 20 af
228 728 57 21 Herr
310 728 97 26 Bergh
430 728 103 26 begärdes
558 728 103 26 votering,
684 733 46 15 som
754 726 55 26 förty
836 725 116 21 anställdes
968 725 39 21 och

182 756 63 21 utföll
261 757 47 21 med
324 758 12 19 6
349 756 24 27 ja
388 758 45 20 mot
450 757 25 20 18
490 756 43 27 nej;
549 757 6 21 i
570 756 53 27 följd
638 755 76 21 hvaraf
723 754 138 22 förenämnde
873 754 79 26 förslag
965 753 42 21 för-

182 784 101 22 klarades
298 791 51 15 vara
365 784 22 22 af
401 784 86 28 ståndet
501 785 127 21 förkastadt.

252 836 100 20 Härefter
375 836 74 26 skreds
474 836 32 21 till
528 836 34 20 val
577 836 23 21 af
613 835 97 21 ståndets
725 834 186 26 bankfullmäktig,
927 833 80 21 hvilket

182 864 40 26 val,
247 864 45 21 deri
314 864 55 21 Herr
388 864 112 26 Öhrnberg
515 864 18 26 ej
550 864 78 26 deltog,
645 863 115 29 anställdes
776 863 47 21 med
840 863 72 21 slutna
927 862 79 32 sedlar;

183 892 39 21 och
243 892 84 21 tillföllo
344 892 75 21 härvid
437 894 24 19 17
477 895 68 18 röster
560 893 55 20 Herr
631 892 113 26 Öhrnberg
759 892 39 20 och
815 892 12 20 7
843 892 56 20 Herr
912 890 95 21 Kiseleff.

187 967 9 3 N
251 943 10 21 I
287 943 218 21 öfverensstämmelse
528 943 48 21 med
603 943 67 21 valets
694 943 81 26 utgång
798 942 133 21 förklarades
952 942 55 21 Herr

183 971 112 26 Öhrnberg
310 978 51 15 vara
376 972 33 21 till
424 971 95 22 ståndets
535 971 179 27 bankfullmäktig
728 971 84 22 utsedd.

252 1029 55 20 Herr
330 1024 137 31 Öhrnberg
489 1028 67 21 erhöll
579 1028 53 21 härå
648 1028 62 21 ordet
725 1028 39 21 och
779 1027 96 28 yttrade:
891 1029 33 19 att
938 1027 69 21 uttala

182 1057 71 26 någon
279 1057 72 21 vidare
367 1057 132 26 tacksägelse
515 1057 32 20 för
563 1057 37 21 det
615 1056 122 21 förtroende
754 1056 87 21 ståndet
855 1062 77 21 genom
948 1056 60 21 detta

182 1085 34 21 val
231 1085 55 21 visat
302 1086 42 25 mig
359 1087 24 19 är
399 1085 142 27 öfverflödigt;
558 1091 47 15 men
621 1085 56 21 hvad
690 1085 38 26 jag
743 1085 80 21 tillåter
839 1085 44 26 mig
898 1084 74 25 uttala,
984 1086 24 19 är

182 1115 33 20 att
237 1114 49 20 mitt
308 1113 110 27 allvarliga
438 1113 77 27 uppsåt
537 1116 24 19 är
581 1113 40 22 och
643 1113 53 21 skall
721 1113 66 21 blifva
802 1115 33 19 att
850 1113 52 21 söka
918 1113 90 22 såvidt
997 1109 14 36 i

182 1142 43 21 min
250 1141 97 27 förmåga
368 1142 46 21 står
436 1143 88 20 rättvisa
546 1143 60 20 detta
621 1142 129 21 förtroende.
782 1142 50 21 Med
847 1141 60 22 Guds
923 1141 85 22 bistånd

182 1170 41 21 och
248 1171 48 20 med
311 1171 41 20 den
368 1171 86 26 välvilja
469 1171 38 21 och
523 1171 36 20 det
574 1170 123 21 förtroende
713 1171 32 20 till
761 1171 42 20 min
819 1171 56 26 goda
890 1170 56 27 vilja,
962 1177 46 15 som

181 1199 44 27 mig
248 1199 23 21 af
284 1199 85 21 ståndet
384 1199 72 26 visats,
472 1200 6 20 i
493 1200 73 26 troget
581 1199 71 21 minne
668 1199 112 26 bevarade,
795 1199 67 27 vågar
874 1199 38 27 jag
927 1199 81 27 hoppas

182 1228 32 20 att
231 1228 36 20 det
282 1228 80 25 arbete,
379 1234 45 15 som
440 1228 105 21 erfordras
561 1228 33 21 för
609 1230 33 19 att
654 1228 38 26 jag
708 1228 54 20 skall
778 1228 79 21 bereda
873 1228 43 26 mig
931 1228 77 26 nödiga

181 1256 89 26 insigter
292 1256 6 21 i
321 1257 37 20 det
380 1256 54 26 värf,
458 1262 43 15 som
517 1256 92 22 förestår
624 1256 50 27 mig,
690 1256 19 27 ej
725 1256 54 21 skall
795 1256 67 21 blifva
877 1256 43 26 mig
936 1257 72 21 alltför

181 1284 64 21 svårt.
277 1284 103 27 Slutligen
403 1284 38 22 ber
459 1284 36 27 jag
518 1285 81 21 Herrar
622 1285 139 21 medlemmar
777 1285 22 21 af
813 1284 86 22 ståndet
915 1291 25 15 en
956 1285 52 21 hvar

181 1318 35 15 om
231 1312 93 27 välvillig
340 1313 73 26 tillgift
428 1312 34 22 för
477 1314 40 20 den
533 1314 131 26 tidsutdrägt
679 1313 39 21 och
734 1314 36 20 det
786 1313 90 27 obehag,
893 1319 44 15 som
949 1314 59 20 detta

181 1341 79 21 ärende
286 1341 98 26 medfört,
400 1341 33 21 till
449 1342 40 20 den
505 1342 34 20 del
555 1342 90 21 orsaken
661 1342 72 20 dertill
750 1342 67 26 ligger
832 1342 39 21 hos
887 1342 49 26 mig.
968 1342 40 22 Till

181 1368 71 27 någon
269 1370 40 26 del,
325 1369 81 22 kanske
423 1370 32 21 till
471 1372 68 19 större
555 1370 62 21 delen
632 1372 24 19 är
668 1370 38 26 jag
721 1376 26 14 en
763 1370 64 21 orsak
843 1370 78 26 dertill,
938 1376 48 15 men
1001 1370 7 22 i

181 1397 36 21 det
240 1397 109 22 afseendet
371 1404 38 20 ger
432 1398 42 26 mig
489 1399 48 21 mitt
552 1400 93 20 samvete
661 1399 41 20 den
717 1398 106 27 lugnande
839 1398 119 26 försäkran,
975 1400 33 20 att

181 1426 37 20 det
232 1426 19 26 ej
268 1426 58 21 skett
341 1427 48 21 med
405 1426 84 27 uppsåt.

251 1482 56 22 Herr
329 1482 82 27 Bergh
434 1483 93 21 anmälte
549 1483 32 27 sig
604 1489 52 15 vara
678 1483 23 21 af
715 1483 98 22 enskilda
827 1484 180 26 angelägenheter

180 1510 91 21 hindrad
296 1512 33 20 att
355 1511 111 22 öfvervara
490 1512 163 26 fortsättningen
678 1511 24 21 af
725 1512 108 21 sessionen
857 1514 56 19 samt
933 1512 75 28 aflägs-

180 1539 54 20 nade
251 1539 38 26 sig.
