<?xml version="1.0" encoding="UTF-8"?>
<alto xmlns="http://www.loc.gov/standards/alto/ns-v3#" xmlns:xlink="http://www.w3.org/1999/xlink" xmlns:xsi="http://www.w3.org/2001/XMLSchema-instance" xsi:schemaLocation="http://www.loc.gov/standards/alto/ns-v3# http://www.loc.gov/alto/v3/alto-3-0.xsd">
	<Description>
		<MeasurementUnit>pixel</MeasurementUnit>
		<sourceImageInformation>
			<fileName>/tmp/tess_k8zx1rva_input.PNG</fileName>
		</sourceImageInformation>
		<OCRProcessing ID="OCR_0">
			<ocrProcessingStep>
				<processingSoftware>
					<softwareName>tesseract 5.3.4</softwareName>
				</processingSoftware>
			</ocrProcessingStep>
		</OCRProcessing>
	</Description>
	<Layout>
		<Page WIDTH="1095" HEIGHT="1825" PHYSICAL_IMG_NR="0" ID="page_0">
			<PrintSpace HPOS="0" VPOS="0" WIDTH="1095" HEIGHT="1825">
				<ComposedBlock ID="cblock_0" HPOS="214" VPOS="154" WIDTH="562" HEIGHT="28">
					<TextBlock ID="block_0" HPOS="214" VPOS="154" WIDTH="562" HEIGHT="28">
						<TextLine ID="line_0" HPOS="214" VPOS="154" WIDTH="562" HEIGHT="28">
							<String ID="string_0" HPOS="214" VPOS="154" WIDTH="41" HEIGHT="21" WC="0.96" CONTENT="806"/><SP WIDTH="150" VPOS="154" HPOS="255"/>
							<String ID="string_1" HPOS="405" VPOS="160" WIDTH="184" HEIGHT="21" WC="0.91" CONTENT="Borgareståndet."/><SP WIDTH="24" VPOS="160" HPOS="589"/>
							<String ID="string_2" HPOS="613" VPOS="161" WIDTH="55" HEIGHT="17" WC="0.96" CONTENT="1867."/><SP WIDTH="25" VPOS="161" HPOS="668"/>
							<String ID="string_3" HPOS="693" VPOS="162" WIDTH="22" HEIGHT="16" WC="0.95" CONTENT="13"/><SP WIDTH="12" VPOS="162" HPOS="715"/>
							<String ID="string_4" HPOS="727" VPOS="161" WIDTH="49" HEIGHT="21" WC="0.96" CONTENT="Maj."/>
						</TextLine>
					</TextBlock>
				</ComposedBlock>
				<GraphicalElement ID="cblock_1" HPOS="185" VPOS="194" WIDTH="828" HEIGHT="14"></GraphicalElement >
				<ComposedBlock ID="cblock_2" HPOS="185" VPOS="245" WIDTH="831" HEIGHT="84">
					<TextBlock ID="block_1" HPOS="185" VPOS="245" WIDTH="831" HEIGHT="84">
						<TextLine ID="line_1" HPOS="255" VPOS="245" WIDTH="761" HEIGHT="28">
							<String ID="string_5" HPOS="255" VPOS="245" WIDTH="57" HEIGHT="22" WC="0.93" CONTENT="Herr"/><SP WIDTH="15" VPOS="245" HPOS="312"/>
							<String ID="string_6" HPOS="327" VPOS="246" WIDTH="218" HEIGHT="27" WC="0.91" CONTENT="Bronikowskij:"/><SP WIDTH="14" VPOS="246" HPOS="545"/>
							<String ID="string_7" HPOS="559" VPOS="246" WIDTH="37" HEIGHT="26" WC="0.96" CONTENT="jag"/><SP WIDTH="15" VPOS="246" HPOS="596"/>
							<String ID="string_8" HPOS="611" VPOS="246" WIDTH="97" HEIGHT="21" WC="0.95" CONTENT="anhåller"/><SP WIDTH="16" VPOS="246" HPOS="708"/>
							<String ID="string_9" HPOS="724" VPOS="246" WIDTH="22" HEIGHT="21" WC="0.96" CONTENT="få"/><SP WIDTH="14" VPOS="246" HPOS="746"/>
							<String ID="string_10" HPOS="760" VPOS="245" WIDTH="75" HEIGHT="22" WC="0.96" CONTENT="förena"/><SP WIDTH="15" VPOS="245" HPOS="835"/>
							<String ID="string_11" HPOS="850" VPOS="246" WIDTH="43" HEIGHT="26" WC="0.96" CONTENT="mig"/><SP WIDTH="9" VPOS="246" HPOS="893"/>
							<String ID="string_12" HPOS="902" VPOS="246" WIDTH="47" HEIGHT="21" WC="0.96" CONTENT="med"/><SP WIDTH="9" VPOS="246" HPOS="949"/>
							<String ID="string_13" HPOS="958" VPOS="246" WIDTH="58" HEIGHT="21" WC="0.95" CONTENT="Herr"/>
						</TextLine>
						<TextLine ID="line_2" HPOS="185" VPOS="274" WIDTH="828" HEIGHT="27">
							<String ID="string_14" HPOS="185" VPOS="274" WIDTH="79" HEIGHT="27" WC="0.94" CONTENT="Bergh."/><SP WIDTH="32" VPOS="274" HPOS="264"/>
							<String ID="string_15" HPOS="296" VPOS="274" WIDTH="69" HEIGHT="22" WC="0.92" CONTENT="Saken"/><SP WIDTH="16" VPOS="274" HPOS="365"/>
							<String ID="string_16" HPOS="381" VPOS="276" WIDTH="24" HEIGHT="20" WC="0.96" CONTENT="är"/><SP WIDTH="17" VPOS="276" HPOS="405"/>
							<String ID="string_17" HPOS="422" VPOS="274" WIDTH="22" HEIGHT="22" WC="0.96" CONTENT="af"/><SP WIDTH="15" VPOS="274" HPOS="444"/>
							<String ID="string_18" HPOS="459" VPOS="277" WIDTH="45" HEIGHT="19" WC="0.96" CONTENT="stor"/><SP WIDTH="15" VPOS="277" HPOS="504"/>
							<String ID="string_19" HPOS="519" VPOS="276" WIDTH="44" HEIGHT="25" WC="0.96" CONTENT="vigt"/><SP WIDTH="16" VPOS="276" HPOS="563"/>
							<String ID="string_20" HPOS="579" VPOS="275" WIDTH="39" HEIGHT="21" WC="0.96" CONTENT="och"/><SP WIDTH="16" VPOS="275" HPOS="618"/>
							<String ID="string_21" HPOS="634" VPOS="275" WIDTH="40" HEIGHT="21" WC="0.96" CONTENT="den"/><SP WIDTH="16" VPOS="275" HPOS="674"/>
							<String ID="string_22" HPOS="690" VPOS="275" WIDTH="78" HEIGHT="26" WC="0.95" CONTENT="kunde,"/><SP WIDTH="17" VPOS="275" HPOS="768"/>
							<String ID="string_23" HPOS="785" VPOS="280" WIDTH="33" HEIGHT="16" WC="0.93" CONTENT="om"/><SP WIDTH="13" VPOS="280" HPOS="818"/>
							<String ID="string_24" HPOS="831" VPOS="274" WIDTH="151" HEIGHT="27" WC="0.91" CONTENT="inbjudningen"/><SP WIDTH="12" VPOS="274" HPOS="982"/>
							<String ID="string_25" HPOS="994" VPOS="274" WIDTH="19" HEIGHT="27" WC="0.96" CONTENT="ej"/>
						</TextLine>
						<TextLine ID="line_3" HPOS="186" VPOS="302" WIDTH="490" HEIGHT="27">
							<String ID="string_26" HPOS="186" VPOS="305" WIDTH="90" HEIGHT="24" WC="0.96" CONTENT="antages"/><SP WIDTH="16" VPOS="305" HPOS="276"/>
							<String ID="string_27" HPOS="292" VPOS="303" WIDTH="21" HEIGHT="20" WC="0.96" CONTENT="af"/><SP WIDTH="14" VPOS="303" HPOS="313"/>
							<String ID="string_28" HPOS="327" VPOS="302" WIDTH="93" HEIGHT="27" WC="0.96" CONTENT="ståndet,"/><SP WIDTH="16" VPOS="302" HPOS="420"/>
							<String ID="string_29" HPOS="436" VPOS="303" WIDTH="85" HEIGHT="21" WC="0.96" CONTENT="komma"/><SP WIDTH="16" VPOS="303" HPOS="521"/>
							<String ID="string_30" HPOS="537" VPOS="304" WIDTH="32" HEIGHT="20" WC="0.95" CONTENT="att"/><SP WIDTH="15" VPOS="304" HPOS="569"/>
							<String ID="string_31" HPOS="584" VPOS="303" WIDTH="92" HEIGHT="21" WC="0.95" CONTENT="förfalla."/>
						</TextLine>
					</TextBlock>
				</ComposedBlock>
				<ComposedBlock ID="cblock_3" HPOS="186" VPOS="359" WIDTH="830" HEIGHT="84">
					<TextBlock ID="block_2" HPOS="186" VPOS="359" WIDTH="830" HEIGHT="84">
						<TextLine ID="line_4" HPOS="256" VPOS="359" WIDTH="760" HEIGHT="30">
							<String ID="string_32" HPOS="256" VPOS="359" WIDTH="31" HEIGHT="21" WC="0.96" CONTENT="På"/><SP WIDTH="16" VPOS="359" HPOS="287"/>
							<String ID="string_33" HPOS="303" VPOS="359" WIDTH="74" HEIGHT="22" WC="0.96" CONTENT="derom"/><SP WIDTH="17" VPOS="359" HPOS="377"/>
							<String ID="string_34" HPOS="394" VPOS="359" WIDTH="23" HEIGHT="21" WC="0.96" CONTENT="af"/><SP WIDTH="9" VPOS="359" HPOS="417"/>
							<String ID="string_35" HPOS="426" VPOS="359" WIDTH="56" HEIGHT="22" WC="0.95" CONTENT="Herr"/><SP WIDTH="31" VPOS="359" HPOS="482"/>
							<String ID="string_36" HPOS="513" VPOS="360" WIDTH="126" HEIGHT="29" WC="0.95" CONTENT="Talmannen"/><SP WIDTH="33" VPOS="360" HPOS="639"/>
							<String ID="string_37" HPOS="672" VPOS="359" WIDTH="121" HEIGHT="22" WC="0.96" CONTENT="framställd"/><SP WIDTH="8" VPOS="359" HPOS="793"/>
							<String ID="string_38" HPOS="801" VPOS="359" WIDTH="138" HEIGHT="26" WC="0.96" CONTENT="proposition,"/><SP WIDTH="10" VPOS="359" HPOS="939"/>
							<String ID="string_39" HPOS="949" VPOS="361" WIDTH="67" HEIGHT="25" WC="0.96" CONTENT="antog"/>
						</TextLine>
						<TextLine ID="line_5" HPOS="186" VPOS="387" WIDTH="828" HEIGHT="28">
							<String ID="string_40" HPOS="186" VPOS="387" WIDTH="88" HEIGHT="22" WC="0.96" CONTENT="ståndet"/><SP WIDTH="8" VPOS="387" HPOS="274"/>
							<String ID="string_41" HPOS="282" VPOS="388" WIDTH="41" HEIGHT="21" WC="0.96" CONTENT="den"/><SP WIDTH="12" VPOS="388" HPOS="323"/>
							<String ID="string_42" HPOS="335" VPOS="388" WIDTH="75" HEIGHT="27" WC="0.93" CONTENT="gjorda"/><SP WIDTH="10" VPOS="388" HPOS="410"/>
							<String ID="string_43" HPOS="420" VPOS="388" WIDTH="159" HEIGHT="27" WC="0.91" CONTENT="inbjudningen,"/><SP WIDTH="12" VPOS="388" HPOS="579"/>
							<String ID="string_44" HPOS="591" VPOS="388" WIDTH="88" HEIGHT="21" WC="0.91" CONTENT="hvarom"/><SP WIDTH="12" VPOS="388" HPOS="679"/>
							<String ID="string_45" HPOS="691" VPOS="387" WIDTH="162" HEIGHT="22" WC="0.92" CONTENT="Bondeståndet"/><SP WIDTH="10" VPOS="387" HPOS="853"/>
							<String ID="string_46" HPOS="863" VPOS="390" WIDTH="56" HEIGHT="19" WC="0.93" CONTENT="samt"/><SP WIDTH="11" VPOS="390" HPOS="919"/>
							<String ID="string_47" HPOS="930" VPOS="388" WIDTH="84" HEIGHT="27" WC="0.92" CONTENT="expedi-"/>
						</TextLine>
						<TextLine ID="line_6" HPOS="186" VPOS="416" WIDTH="827" HEIGHT="27">
							<String ID="string_48" HPOS="186" VPOS="417" WIDTH="165" HEIGHT="21" WC="0.92" CONTENT="tionsutskottet"/><SP WIDTH="6" VPOS="417" HPOS="351"/>
							<String ID="string_49" HPOS="357" VPOS="417" WIDTH="69" HEIGHT="21" WC="0.95" CONTENT="skulle"/><SP WIDTH="8" VPOS="417" HPOS="426"/>
							<String ID="string_50" HPOS="434" VPOS="417" WIDTH="136" HEIGHT="21" WC="0.96" CONTENT="underrättas"/><SP WIDTH="7" VPOS="417" HPOS="570"/>
							<String ID="string_51" HPOS="577" VPOS="423" WIDTH="76" HEIGHT="20" WC="0.96" CONTENT="genom"/><SP WIDTH="10" VPOS="423" HPOS="653"/>
							<String ID="string_52" HPOS="663" VPOS="416" WIDTH="23" HEIGHT="21" WC="0.96" CONTENT="så"/><SP WIDTH="11" VPOS="416" HPOS="686"/>
							<String ID="string_53" HPOS="697" VPOS="417" WIDTH="91" HEIGHT="26" WC="0.93" CONTENT="lydande"/><SP WIDTH="12" VPOS="417" HPOS="788"/>
							<String ID="string_54" HPOS="800" VPOS="416" WIDTH="119" HEIGHT="27" WC="0.90" CONTENT="protokolls"/><SP WIDTH="8" VPOS="416" HPOS="919"/>
							<String ID="string_55" HPOS="927" VPOS="417" WIDTH="86" HEIGHT="26" WC="0.95" CONTENT="utdrag:"/>
						</TextLine>
					</TextBlock>
				</ComposedBlock>
				<ComposedBlock ID="cblock_4" HPOS="394" VPOS="490" WIDTH="620" HEIGHT="56">
					<TextBlock ID="block_3" HPOS="394" VPOS="490" WIDTH="620" HEIGHT="56">
						<TextLine ID="line_7" HPOS="463" VPOS="490" WIDTH="551" HEIGHT="27">
							<String ID="string_56" HPOS="463" VPOS="491" WIDTH="83" HEIGHT="26" WC="0.96" CONTENT="Utdrag"/><SP WIDTH="29" VPOS="491" HPOS="546"/>
							<String ID="string_57" HPOS="575" VPOS="490" WIDTH="24" HEIGHT="21" WC="0.92" CONTENT="af"/><SP WIDTH="28" VPOS="490" HPOS="599"/>
							<String ID="string_58" HPOS="627" VPOS="490" WIDTH="192" HEIGHT="27" WC="0.90" CONTENT="Borgareståndets"/><SP WIDTH="30" VPOS="490" HPOS="819"/>
							<String ID="string_59" HPOS="849" VPOS="490" WIDTH="107" HEIGHT="27" WC="0.96" CONTENT="protokoll"/><SP WIDTH="23" VPOS="490" HPOS="956"/>
							<String ID="string_60" HPOS="979" VPOS="490" WIDTH="35" HEIGHT="21" WC="0.96" CONTENT="vid"/>
						</TextLine>
						<TextLine ID="line_8" HPOS="394" VPOS="519" WIDTH="541" HEIGHT="27">
							<String ID="string_61" HPOS="394" VPOS="519" WIDTH="129" HEIGHT="27" WC="0.91" CONTENT="landtdagen"/><SP WIDTH="23" VPOS="519" HPOS="523"/>
							<String ID="string_62" HPOS="546" VPOS="519" WIDTH="6" HEIGHT="21" WC="0.96" CONTENT="i"/><SP WIDTH="17" VPOS="519" HPOS="552"/>
							<String ID="string_63" HPOS="569" VPOS="519" WIDTH="131" HEIGHT="27" WC="0.96" CONTENT="Helsingfors"/><SP WIDTH="17" VPOS="519" HPOS="700"/>
							<String ID="string_64" HPOS="717" VPOS="519" WIDTH="40" HEIGHT="22" WC="0.96" CONTENT="den"/><SP WIDTH="17" VPOS="519" HPOS="757"/>
							<String ID="string_65" HPOS="774" VPOS="519" WIDTH="26" HEIGHT="21" WC="0.96" CONTENT="13"/><SP WIDTH="16" VPOS="519" HPOS="800"/>
							<String ID="string_66" HPOS="816" VPOS="519" WIDTH="41" HEIGHT="26" WC="0.96" CONTENT="Maj"/><SP WIDTH="19" VPOS="519" HPOS="857"/>
							<String ID="string_67" HPOS="876" VPOS="520" WIDTH="59" HEIGHT="20" WC="0.96" CONTENT="1867."/>
						</TextLine>
					</TextBlock>
				</ComposedBlock>
				<ComposedBlock ID="cblock_5" HPOS="188" VPOS="575" WIDTH="828" HEIGHT="364">
					<TextBlock ID="block_4" HPOS="188" VPOS="575" WIDTH="828" HEIGHT="364">
						<TextLine ID="line_9" HPOS="259" VPOS="575" WIDTH="756" HEIGHT="28">
							<String ID="string_68" HPOS="259" VPOS="576" WIDTH="128" HEIGHT="27" WC="0.96" CONTENT="Föredrogs:"/><SP WIDTH="24" VPOS="576" HPOS="387"/>
							<String ID="string_69" HPOS="411" VPOS="576" WIDTH="84" HEIGHT="26" WC="0.96" CONTENT="Utdrag"/><SP WIDTH="22" VPOS="576" HPOS="495"/>
							<String ID="string_70" HPOS="517" VPOS="575" WIDTH="23" HEIGHT="22" WC="0.93" CONTENT="af"/><SP WIDTH="21" VPOS="575" HPOS="540"/>
							<String ID="string_71" HPOS="561" VPOS="576" WIDTH="139" HEIGHT="21" WC="0.92" CONTENT="Hedervärda"/><SP WIDTH="22" VPOS="576" HPOS="700"/>
							<String ID="string_72" HPOS="722" VPOS="575" WIDTH="171" HEIGHT="22" WC="0.92" CONTENT="Bondeståndets"/><SP WIDTH="15" VPOS="575" HPOS="893"/>
							<String ID="string_73" HPOS="908" VPOS="575" WIDTH="107" HEIGHT="27" WC="0.96" CONTENT="protokoll"/>
						</TextLine>
						<TextLine ID="line_10" HPOS="188" VPOS="604" WIDTH="828" HEIGHT="27">
							<String ID="string_74" HPOS="188" VPOS="604" WIDTH="35" HEIGHT="22" WC="0.96" CONTENT="för"/><SP WIDTH="16" VPOS="604" HPOS="223"/>
							<String ID="string_75" HPOS="239" VPOS="605" WIDTH="40" HEIGHT="21" WC="0.96" CONTENT="den"/><SP WIDTH="17" VPOS="605" HPOS="279"/>
							<String ID="string_76" HPOS="296" VPOS="605" WIDTH="12" HEIGHT="21" WC="0.97" CONTENT="4"/><SP WIDTH="16" VPOS="605" HPOS="308"/>
							<String ID="string_77" HPOS="324" VPOS="605" WIDTH="143" HEIGHT="21" WC="0.96" CONTENT="innevarande"/><SP WIDTH="16" VPOS="605" HPOS="467"/>
							<String ID="string_78" HPOS="483" VPOS="605" WIDTH="49" HEIGHT="26" WC="0.93" CONTENT="Maj,"/><SP WIDTH="17" VPOS="605" HPOS="532"/>
							<String ID="string_79" HPOS="549" VPOS="604" WIDTH="45" HEIGHT="22" WC="0.91" CONTENT="deri"/><SP WIDTH="17" VPOS="604" HPOS="594"/>
							<String ID="string_80" HPOS="611" VPOS="605" WIDTH="139" HEIGHT="21" WC="0.93" CONTENT="medstånden"/><SP WIDTH="16" VPOS="605" HPOS="750"/>
							<String ID="string_81" HPOS="766" VPOS="604" WIDTH="98" HEIGHT="27" WC="0.92" CONTENT="inbjudas"/><SP WIDTH="19" VPOS="604" HPOS="864"/>
							<String ID="string_82" HPOS="883" VPOS="606" WIDTH="33" HEIGHT="20" WC="0.96" CONTENT="att"/><SP WIDTH="15" VPOS="606" HPOS="916"/>
							<String ID="string_83" HPOS="931" VPOS="604" WIDTH="85" HEIGHT="21" WC="0.96" CONTENT="biträda"/>
						</TextLine>
						<TextLine ID="line_11" HPOS="188" VPOS="632" WIDTH="827" HEIGHT="28">
							<String ID="string_84" HPOS="188" VPOS="634" WIDTH="27" HEIGHT="20" WC="0.95" CONTENT="de"/><SP WIDTH="26" VPOS="634" HPOS="215"/>
							<String ID="string_85" HPOS="241" VPOS="634" WIDTH="77" HEIGHT="25" WC="0.93" CONTENT="beslut,"/><SP WIDTH="27" VPOS="634" HPOS="318"/>
							<String ID="string_86" HPOS="345" VPOS="634" WIDTH="60" HEIGHT="20" WC="0.92" CONTENT="hvari"/><SP WIDTH="23" VPOS="634" HPOS="405"/>
							<String ID="string_87" HPOS="428" VPOS="633" WIDTH="159" HEIGHT="21" WC="0.92" CONTENT="Bondeståndet"/><SP WIDTH="23" VPOS="633" HPOS="587"/>
							<String ID="string_88" HPOS="610" VPOS="635" WIDTH="87" HEIGHT="19" WC="0.96" CONTENT="stannat"/><SP WIDTH="21" VPOS="635" HPOS="697"/>
							<String ID="string_89" HPOS="718" VPOS="633" WIDTH="131" HEIGHT="21" WC="0.93" CONTENT="beträffande"/><SP WIDTH="19" VPOS="633" HPOS="849"/>
							<String ID="string_90" HPOS="868" VPOS="633" WIDTH="11" HEIGHT="27" WC="0.90" CONTENT="$"/><SP WIDTH="16" VPOS="633" HPOS="879"/>
							<String ID="string_91" HPOS="895" VPOS="634" WIDTH="12" HEIGHT="20" WC="0.96" CONTENT="8"/><SP WIDTH="16" VPOS="634" HPOS="907"/>
							<String ID="string_92" HPOS="923" VPOS="639" WIDTH="62" HEIGHT="15" WC="0.96" CONTENT="mom."/><SP WIDTH="17" VPOS="639" HPOS="985"/>
							<String ID="string_93" HPOS="1002" VPOS="632" WIDTH="13" HEIGHT="21" WC="0.90" CONTENT="3"/>
						</TextLine>
						<TextLine ID="line_12" HPOS="189" VPOS="661" WIDTH="826" HEIGHT="27">
							<String ID="string_94" HPOS="189" VPOS="662" WIDTH="39" HEIGHT="21" WC="0.93" CONTENT="och"/><SP WIDTH="18" VPOS="662" HPOS="228"/>
							<String ID="string_95" HPOS="246" VPOS="662" WIDTH="10" HEIGHT="26" WC="0.76" CONTENT="&amp;"/><SP WIDTH="19" VPOS="662" HPOS="256"/>
							<String ID="string_96" HPOS="275" VPOS="663" WIDTH="25" HEIGHT="20" WC="0.96" CONTENT="18"/><SP WIDTH="17" VPOS="663" HPOS="300"/>
							<String ID="string_97" HPOS="317" VPOS="668" WIDTH="62" HEIGHT="15" WC="0.96" CONTENT="mom."/><SP WIDTH="18" VPOS="668" HPOS="379"/>
							<String ID="string_98" HPOS="397" VPOS="663" WIDTH="11" HEIGHT="19" WC="0.96" CONTENT="2"/><SP WIDTH="17" VPOS="663" HPOS="408"/>
							<String ID="string_99" HPOS="425" VPOS="662" WIDTH="6" HEIGHT="20" WC="0.93" CONTENT="i"/><SP WIDTH="16" VPOS="662" HPOS="431"/>
							<String ID="string_100" HPOS="447" VPOS="661" WIDTH="82" HEIGHT="27" WC="0.92" CONTENT="Nädiga"/><SP WIDTH="16" VPOS="661" HPOS="529"/>
							<String ID="string_101" HPOS="545" VPOS="662" WIDTH="159" HEIGHT="26" WC="0.96" CONTENT="propositionen"/><SP WIDTH="17" VPOS="662" HPOS="704"/>
							<String ID="string_102" HPOS="721" VPOS="668" WIDTH="34" HEIGHT="15" WC="0.96" CONTENT="om"/><SP WIDTH="17" VPOS="668" HPOS="755"/>
							<String ID="string_103" HPOS="772" VPOS="662" WIDTH="119" HEIGHT="26" WC="0.96" CONTENT="antagande"/><SP WIDTH="16" VPOS="662" HPOS="891"/>
							<String ID="string_104" HPOS="907" VPOS="662" WIDTH="23" HEIGHT="20" WC="0.96" CONTENT="af"/><SP WIDTH="8" VPOS="662" HPOS="930"/>
							<String ID="string_105" HPOS="938" VPOS="668" WIDTH="26" HEIGHT="14" WC="0.93" CONTENT="en"/><SP WIDTH="9" VPOS="668" HPOS="964"/>
							<String ID="string_106" HPOS="973" VPOS="662" WIDTH="42" HEIGHT="20" WC="0.92" CONTENT="för-"/>
						</TextLine>
						<TextLine ID="line_13" HPOS="189" VPOS="690" WIDTH="826" HEIGHT="27">
							<String ID="string_107" HPOS="189" VPOS="690" WIDTH="93" HEIGHT="26" WC="0.91" CONTENT="fattning"/><SP WIDTH="25" VPOS="690" HPOS="282"/>
							<String ID="string_108" HPOS="307" VPOS="690" WIDTH="109" HEIGHT="26" WC="0.89" CONTENT="argäende"/><SP WIDTH="26" VPOS="690" HPOS="416"/>
							<String ID="string_109" HPOS="442" VPOS="690" WIDTH="45" HEIGHT="26" WC="0.92" CONTENT="jagt"/><SP WIDTH="23" VPOS="690" HPOS="487"/>
							<String ID="string_110" HPOS="510" VPOS="690" WIDTH="39" HEIGHT="22" WC="0.93" CONTENT="och"/><SP WIDTH="24" VPOS="690" HPOS="549"/>
							<String ID="string_111" HPOS="573" VPOS="690" WIDTH="99" HEIGHT="27" WC="0.91" CONTENT="djurfäng"/><SP WIDTH="23" VPOS="690" HPOS="672"/>
							<String ID="string_112" HPOS="695" VPOS="691" WIDTH="6" HEIGHT="20" WC="0.96" CONTENT="i"/><SP WIDTH="16" VPOS="691" HPOS="701"/>
							<String ID="string_113" HPOS="717" VPOS="690" WIDTH="90" HEIGHT="21" WC="0.96" CONTENT="Finland"/><SP WIDTH="16" VPOS="690" HPOS="807"/>
							<String ID="string_114" HPOS="823" VPOS="690" WIDTH="40" HEIGHT="21" WC="0.93" CONTENT="och"/><SP WIDTH="16" VPOS="690" HPOS="863"/>
							<String ID="string_115" HPOS="879" VPOS="690" WIDTH="136" HEIGHT="26" WC="0.92" CONTENT="hvarigenom"/>
						</TextLine>
						<TextLine ID="line_14" HPOS="189" VPOS="718" WIDTH="826" HEIGHT="27">
							<String ID="string_116" HPOS="189" VPOS="719" WIDTH="92" HEIGHT="21" WC="0.96" CONTENT="nämnde"/><SP WIDTH="23" VPOS="719" HPOS="281"/>
							<String ID="string_117" HPOS="304" VPOS="725" WIDTH="62" HEIGHT="15" WC="0.93" CONTENT="mom."/><SP WIDTH="24" VPOS="725" HPOS="366"/>
							<String ID="string_118" HPOS="390" VPOS="719" WIDTH="83" HEIGHT="21" WC="0.96" CONTENT="komme"/><SP WIDTH="16" VPOS="719" HPOS="473"/>
							<String ID="string_119" HPOS="489" VPOS="721" WIDTH="32" HEIGHT="19" WC="0.86" CONTENT="att"/><SP WIDTH="16" VPOS="721" HPOS="521"/>
							<String ID="string_120" HPOS="537" VPOS="718" WIDTH="81" HEIGHT="22" WC="0.96" CONTENT="erhålla"/><SP WIDTH="15" VPOS="718" HPOS="618"/>
							<String ID="string_121" HPOS="633" VPOS="719" WIDTH="93" HEIGHT="26" WC="0.93" CONTENT="följande"/><SP WIDTH="16" VPOS="719" HPOS="726"/>
							<String ID="string_122" HPOS="742" VPOS="719" WIDTH="86" HEIGHT="26" WC="0.93" CONTENT="lydelse,"/><SP WIDTH="16" VPOS="719" HPOS="828"/>
							<String ID="string_123" HPOS="844" VPOS="719" WIDTH="112" HEIGHT="26" WC="0.91" CONTENT="nemligen:"/><SP WIDTH="18" VPOS="719" HPOS="956"/>
							<String ID="string_124" HPOS="974" VPOS="718" WIDTH="12" HEIGHT="27" WC="0.83" CONTENT="&amp;"/><SP WIDTH="16" VPOS="718" HPOS="986"/>
							<String ID="string_125" HPOS="1002" VPOS="718" WIDTH="13" HEIGHT="21" WC="0.96" CONTENT="8"/>
						</TextLine>
						<TextLine ID="line_15" HPOS="189" VPOS="747" WIDTH="826" HEIGHT="27">
							<String ID="string_126" HPOS="189" VPOS="754" WIDTH="63" HEIGHT="14" WC="0.94" CONTENT="mom."/><SP WIDTH="25" VPOS="754" HPOS="252"/>
							<String ID="string_127" HPOS="277" VPOS="748" WIDTH="19" HEIGHT="20" WC="0.91" CONTENT="3."/><SP WIDTH="30" VPOS="748" HPOS="296"/>
							<String ID="string_128" HPOS="326" VPOS="747" WIDTH="136" HEIGHT="27" WC="0.85" CONTENT=",Förgiftadt"/><SP WIDTH="21" VPOS="747" HPOS="462"/>
							<String ID="string_129" HPOS="483" VPOS="748" WIDTH="98" HEIGHT="20" WC="0.91" CONTENT="lockbete"/><SP WIDTH="19" VPOS="748" HPOS="581"/>
							<String ID="string_130" HPOS="600" VPOS="747" WIDTH="32" HEIGHT="21" WC="0.95" CONTENT="får"/><SP WIDTH="16" VPOS="747" HPOS="632"/>
							<String ID="string_131" HPOS="648" VPOS="748" WIDTH="76" HEIGHT="20" WC="0.93" CONTENT="endast"/><SP WIDTH="16" VPOS="748" HPOS="724"/>
							<String ID="string_132" HPOS="740" VPOS="747" WIDTH="12" HEIGHT="21" WC="0.92" CONTENT="å"/><SP WIDTH="16" VPOS="747" HPOS="752"/>
							<String ID="string_133" HPOS="768" VPOS="753" WIDTH="52" HEIGHT="20" WC="0.96" CONTENT="egen"/><SP WIDTH="16" VPOS="753" HPOS="820"/>
							<String ID="string_134" HPOS="836" VPOS="747" WIDTH="60" HEIGHT="21" WC="0.93" CONTENT="mark"/><SP WIDTH="15" VPOS="747" HPOS="896"/>
							<String ID="string_135" HPOS="911" VPOS="748" WIDTH="104" HEIGHT="25" WC="0.92" CONTENT="utläggas,"/>
						</TextLine>
						<TextLine ID="line_16" HPOS="190" VPOS="776" WIDTH="824" HEIGHT="21">
							<String ID="string_136" HPOS="190" VPOS="776" WIDTH="54" HEIGHT="21" WC="0.92" CONTENT="dock"/><SP WIDTH="26" VPOS="776" HPOS="244"/>
							<String ID="string_137" HPOS="270" VPOS="776" WIDTH="46" HEIGHT="20" WC="0.89" CONTENT="icke"/><SP WIDTH="27" VPOS="776" HPOS="316"/>
							<String ID="string_138" HPOS="343" VPOS="776" WIDTH="67" HEIGHT="20" WC="0.92" CONTENT="heller"/><SP WIDTH="22" VPOS="776" HPOS="410"/>
							<String ID="string_139" HPOS="432" VPOS="776" WIDTH="109" HEIGHT="21" WC="0.92" CONTENT="derstädes"/><SP WIDTH="24" VPOS="776" HPOS="541"/>
							<String ID="string_140" HPOS="565" VPOS="776" WIDTH="67" HEIGHT="21" WC="0.95" CONTENT="under"/><SP WIDTH="23" VPOS="776" HPOS="632"/>
							<String ID="string_141" HPOS="655" VPOS="782" WIDTH="70" HEIGHT="15" WC="0.96" CONTENT="annan"/><SP WIDTH="23" VPOS="782" HPOS="725"/>
							<String ID="string_142" HPOS="748" VPOS="776" WIDTH="30" HEIGHT="20" WC="0.96" CONTENT="tid"/><SP WIDTH="20" VPOS="776" HPOS="778"/>
							<String ID="string_143" HPOS="798" VPOS="778" WIDTH="26" HEIGHT="18" WC="0.93" CONTENT="än"/><SP WIDTH="17" VPOS="778" HPOS="824"/>
							<String ID="string_144" HPOS="841" VPOS="776" WIDTH="89" HEIGHT="20" WC="0.92" CONTENT="emellan"/><SP WIDTH="16" VPOS="776" HPOS="930"/>
							<String ID="string_145" HPOS="946" VPOS="776" WIDTH="40" HEIGHT="20" WC="0.96" CONTENT="den"/><SP WIDTH="18" VPOS="776" HPOS="986"/>
							<String ID="string_146" HPOS="1004" VPOS="776" WIDTH="10" HEIGHT="19" WC="0.96" CONTENT="1"/>
						</TextLine>
						<TextLine ID="line_17" HPOS="189" VPOS="803" WIDTH="827" HEIGHT="28">
							<String ID="string_147" HPOS="189" VPOS="804" WIDTH="119" HEIGHT="22" WC="0.96" CONTENT="December"/><SP WIDTH="15" VPOS="804" HPOS="308"/>
							<String ID="string_148" HPOS="323" VPOS="804" WIDTH="39" HEIGHT="21" WC="0.96" CONTENT="och"/><SP WIDTH="20" VPOS="804" HPOS="362"/>
							<String ID="string_149" HPOS="382" VPOS="806" WIDTH="5" HEIGHT="18" WC="0.96" CONTENT="1"/><SP WIDTH="20" VPOS="806" HPOS="387"/>
							<String ID="string_150" HPOS="407" VPOS="804" WIDTH="67" HEIGHT="27" WC="0.20" CONTENT="Maj;"/><SP WIDTH="16" VPOS="804" HPOS="474"/>
							<String ID="string_151" HPOS="490" VPOS="806" WIDTH="55" HEIGHT="19" WC="0.93" CONTENT="samt"/><SP WIDTH="16" VPOS="806" HPOS="545"/>
							<String ID="string_152" HPOS="561" VPOS="805" WIDTH="10" HEIGHT="25" WC="0.92" CONTENT="$"/><SP WIDTH="18" VPOS="805" HPOS="571"/>
							<String ID="string_153" HPOS="589" VPOS="805" WIDTH="26" HEIGHT="21" WC="0.95" CONTENT="18"/><SP WIDTH="16" VPOS="805" HPOS="615"/>
							<String ID="string_154" HPOS="631" VPOS="810" WIDTH="63" HEIGHT="15" WC="0.95" CONTENT="mom."/><SP WIDTH="17" VPOS="810" HPOS="694"/>
							<String ID="string_155" HPOS="711" VPOS="805" WIDTH="18" HEIGHT="20" WC="0.92" CONTENT="2."/><SP WIDTH="33" VPOS="805" HPOS="729"/>
							<String ID="string_156" HPOS="762" VPOS="820" WIDTH="4" HEIGHT="10" WC="0.65" CONTENT=","/><SP WIDTH="3" VPOS="820" HPOS="766"/>
							<String ID="string_157" HPOS="769" VPOS="804" WIDTH="45" HEIGHT="26" WC="0.65" CONTENT="Till"/><SP WIDTH="17" VPOS="804" HPOS="814"/>
							<String ID="string_158" HPOS="831" VPOS="804" WIDTH="111" HEIGHT="20" WC="0.96" CONTENT="enahanda"/><SP WIDTH="11" VPOS="804" HPOS="942"/>
							<String ID="string_159" HPOS="953" VPOS="803" WIDTH="63" HEIGHT="21" WC="0.96" CONTENT="böter"/>
						</TextLine>
						<TextLine ID="line_18" HPOS="190" VPOS="832" WIDTH="826" HEIGHT="28">
							<String ID="string_160" HPOS="190" VPOS="833" WIDTH="40" HEIGHT="21" WC="0.96" CONTENT="och"/><SP WIDTH="16" VPOS="833" HPOS="230"/>
							<String ID="string_161" HPOS="246" VPOS="833" WIDTH="119" HEIGHT="26" WC="0.96" CONTENT="ersättning"/><SP WIDTH="20" VPOS="833" HPOS="365"/>
							<String ID="string_162" HPOS="385" VPOS="832" WIDTH="34" HEIGHT="22" WC="0.93" CONTENT="för"/><SP WIDTH="16" VPOS="832" HPOS="419"/>
							<String ID="string_163" HPOS="435" VPOS="833" WIDTH="99" HEIGHT="26" WC="0.93" CONTENT="möjligen"/><SP WIDTH="16" VPOS="833" HPOS="534"/>
							<String ID="string_164" HPOS="550" VPOS="833" WIDTH="130" HEIGHT="27" WC="0.85" CONTENT="tillskyndad"/><SP WIDTH="15" VPOS="833" HPOS="680"/>
							<String ID="string_165" HPOS="695" VPOS="833" WIDTH="67" HEIGHT="21" WC="0.93" CONTENT="skada"/><SP WIDTH="11" VPOS="833" HPOS="762"/>
							<String ID="string_166" HPOS="773" VPOS="838" WIDTH="50" HEIGHT="15" WC="0.93" CONTENT="vare"/><SP WIDTH="9" VPOS="838" HPOS="823"/>
							<String ID="string_167" HPOS="832" VPOS="832" WIDTH="77" HEIGHT="27" WC="0.88" CONTENT="jemväl"/><SP WIDTH="11" VPOS="832" HPOS="909"/>
							<String ID="string_168" HPOS="920" VPOS="832" WIDTH="40" HEIGHT="21" WC="0.93" CONTENT="den"/><SP WIDTH="11" VPOS="832" HPOS="960"/>
							<String ID="string_169" HPOS="971" VPOS="832" WIDTH="45" HEIGHT="20" WC="0.89" CONTENT="för-"/>
						</TextLine>
						<TextLine ID="line_19" HPOS="189" VPOS="860" WIDTH="827" HEIGHT="28">
							<String ID="string_170" HPOS="189" VPOS="862" WIDTH="71" HEIGHT="24" WC="0.92" CONTENT="fallen,"/><SP WIDTH="28" VPOS="862" HPOS="260"/>
							<String ID="string_171" HPOS="288" VPOS="868" WIDTH="44" HEIGHT="14" WC="0.90" CONTENT="som"/><SP WIDTH="26" VPOS="868" HPOS="332"/>
							<String ID="string_172" HPOS="358" VPOS="862" WIDTH="70" HEIGHT="26" WC="0.90" CONTENT="utlagt"/><SP WIDTH="24" VPOS="862" HPOS="428"/>
							<String ID="string_173" HPOS="452" VPOS="861" WIDTH="111" HEIGHT="27" WC="0.92" CONTENT="förgiftadt"/><SP WIDTH="23" VPOS="861" HPOS="563"/>
							<String ID="string_174" HPOS="586" VPOS="861" WIDTH="98" HEIGHT="21" WC="0.92" CONTENT="lockbete"/><SP WIDTH="24" VPOS="861" HPOS="684"/>
							<String ID="string_175" HPOS="708" VPOS="861" WIDTH="68" HEIGHT="21" WC="0.93" CONTENT="under"/><SP WIDTH="21" VPOS="861" HPOS="776"/>
							<String ID="string_176" HPOS="797" VPOS="861" WIDTH="71" HEIGHT="26" WC="0.92" CONTENT="oloflig"/><SP WIDTH="22" VPOS="861" HPOS="868"/>
							<String ID="string_177" HPOS="890" VPOS="861" WIDTH="30" HEIGHT="20" WC="0.97" CONTENT="tid"/><SP WIDTH="16" VPOS="861" HPOS="920"/>
							<String ID="string_178" HPOS="936" VPOS="860" WIDTH="51" HEIGHT="22" WC="0.92" CONTENT="eller"/><SP WIDTH="16" VPOS="860" HPOS="987"/>
							<String ID="string_179" HPOS="1003" VPOS="860" WIDTH="13" HEIGHT="21" WC="0.92" CONTENT="&amp;"/>
						</TextLine>
						<TextLine ID="line_20" HPOS="190" VPOS="889" WIDTH="826" HEIGHT="27">
							<String ID="string_180" HPOS="190" VPOS="896" WIDTH="82" HEIGHT="14" WC="0.91" CONTENT="annans"/><SP WIDTH="22" VPOS="896" HPOS="272"/>
							<String ID="string_181" HPOS="294" VPOS="896" WIDTH="57" HEIGHT="19" WC="0.93" CONTENT="egor,"/><SP WIDTH="23" VPOS="896" HPOS="351"/>
							<String ID="string_182" HPOS="374" VPOS="890" WIDTH="52" HEIGHT="21" WC="0.92" CONTENT="eller"/><SP WIDTH="22" VPOS="890" HPOS="426"/>
							<String ID="string_183" HPOS="448" VPOS="890" WIDTH="75" HEIGHT="21" WC="0.92" CONTENT="sädant"/><SP WIDTH="23" VPOS="890" HPOS="523"/>
							<String ID="string_184" HPOS="546" VPOS="890" WIDTH="47" HEIGHT="21" WC="0.90" CONTENT="icke"/><SP WIDTH="22" VPOS="890" HPOS="593"/>
							<String ID="string_185" HPOS="615" VPOS="890" WIDTH="56" HEIGHT="21" WC="0.95" CONTENT="inom"/><SP WIDTH="21" VPOS="890" HPOS="671"/>
							<String ID="string_186" HPOS="692" VPOS="890" WIDTH="41" HEIGHT="20" WC="0.93" CONTENT="den"/><SP WIDTH="16" VPOS="890" HPOS="733"/>
							<String ID="string_187" HPOS="749" VPOS="889" WIDTH="88" HEIGHT="27" WC="0.92" CONTENT="lofgifna"/><SP WIDTH="15" VPOS="889" HPOS="837"/>
							<String ID="string_188" HPOS="852" VPOS="889" WIDTH="69" HEIGHT="21" WC="0.93" CONTENT="tidens"/><SP WIDTH="15" VPOS="889" HPOS="921"/>
							<String ID="string_189" HPOS="936" VPOS="889" WIDTH="80" HEIGHT="26" WC="0.91" CONTENT="utgäng"/>
						</TextLine>
						<TextLine ID="line_21" HPOS="189" VPOS="917" WIDTH="172" HEIGHT="22">
							<String ID="string_190" HPOS="189" VPOS="917" WIDTH="172" HEIGHT="22" WC="0.24" CONTENT="undanskaffat*."/>
						</TextLine>
					</TextBlock>
				</ComposedBlock>
				<ComposedBlock ID="cblock_6" HPOS="190" VPOS="974" WIDTH="827" HEIGHT="221">
					<TextBlock ID="block_5" HPOS="190" VPOS="974" WIDTH="827" HEIGHT="221">
						<TextLine ID="line_22" HPOS="260" VPOS="974" WIDTH="756" HEIGHT="27">
							<String ID="string_191" HPOS="260" VPOS="974" WIDTH="61" HEIGHT="22" WC="0.96" CONTENT="Efter"/><SP WIDTH="16" VPOS="974" HPOS="321"/>
							<String ID="string_192" HPOS="337" VPOS="975" WIDTH="36" HEIGHT="20" WC="0.93" CONTENT="det"/><SP WIDTH="22" VPOS="975" HPOS="373"/>
							<String ID="string_193" HPOS="395" VPOS="975" WIDTH="146" HEIGHT="21" WC="0.92" CONTENT="diskussionen"/><SP WIDTH="16" VPOS="975" HPOS="541"/>
							<String ID="string_194" HPOS="557" VPOS="975" WIDTH="6" HEIGHT="20" WC="0.93" CONTENT="i"/><SP WIDTH="16" VPOS="975" HPOS="563"/>
							<String ID="string_195" HPOS="579" VPOS="976" WIDTH="71" HEIGHT="19" WC="0.92" CONTENT="ämnet"/><SP WIDTH="16" VPOS="976" HPOS="650"/>
							<String ID="string_196" HPOS="666" VPOS="974" WIDTH="100" HEIGHT="22" WC="0.92" CONTENT="afslutats"/><SP WIDTH="12" VPOS="974" HPOS="766"/>
							<String ID="string_197" HPOS="778" VPOS="974" WIDTH="70" HEIGHT="21" WC="0.93" CONTENT="beslöt"/><SP WIDTH="16" VPOS="974" HPOS="848"/>
							<String ID="string_198" HPOS="864" VPOS="974" WIDTH="152" HEIGHT="27" WC="0.92" CONTENT="Borgarestän-"/>
						</TextLine>
						<TextLine ID="line_23" HPOS="190" VPOS="1003" WIDTH="824" HEIGHT="27">
							<String ID="string_199" HPOS="190" VPOS="1003" WIDTH="42" HEIGHT="26" WC="0.96" CONTENT="det,"/><SP WIDTH="22" VPOS="1003" HPOS="232"/>
							<String ID="string_200" HPOS="254" VPOS="1009" WIDTH="45" HEIGHT="15" WC="0.92" CONTENT="som"/><SP WIDTH="20" VPOS="1009" HPOS="299"/>
							<String ID="string_201" HPOS="319" VPOS="1003" WIDTH="45" HEIGHT="22" WC="0.92" CONTENT="icke"/><SP WIDTH="15" VPOS="1003" HPOS="364"/>
							<String ID="string_202" HPOS="379" VPOS="1003" WIDTH="83" HEIGHT="27" WC="0.92" CONTENT="antagit"/><SP WIDTH="15" VPOS="1003" HPOS="462"/>
							<String ID="string_203" HPOS="477" VPOS="1004" WIDTH="54" HEIGHT="25" WC="0.92" CONTENT="Lag-"/><SP WIDTH="16" VPOS="1004" HPOS="531"/>
							<String ID="string_204" HPOS="547" VPOS="1003" WIDTH="39" HEIGHT="21" WC="0.93" CONTENT="och"/><SP WIDTH="16" VPOS="1003" HPOS="586"/>
							<String ID="string_205" HPOS="602" VPOS="1003" WIDTH="236" HEIGHT="22" WC="0.92" CONTENT="Ekonomieutskottets"/><SP WIDTH="16" VPOS="1003" HPOS="838"/>
							<String ID="string_206" HPOS="854" VPOS="1003" WIDTH="160" HEIGHT="26" WC="0.92" CONTENT="sammanjemk-"/>
						</TextLine>
						<TextLine ID="line_24" HPOS="190" VPOS="1031" WIDTH="826" HEIGHT="27">
							<String ID="string_207" HPOS="190" VPOS="1032" WIDTH="144" HEIGHT="26" WC="0.92" CONTENT="ningsförslag"/><SP WIDTH="22" VPOS="1032" HPOS="334"/>
							<String ID="string_208" HPOS="356" VPOS="1032" WIDTH="6" HEIGHT="21" WC="0.93" CONTENT="i"/><SP WIDTH="24" VPOS="1032" HPOS="362"/>
							<String ID="string_209" HPOS="386" VPOS="1031" WIDTH="154" HEIGHT="22" WC="0.91" CONTENT="ofvanberörde"/><SP WIDTH="17" VPOS="1031" HPOS="540"/>
							<String ID="string_210" HPOS="557" VPOS="1032" WIDTH="59" HEIGHT="21" WC="0.96" CONTENT="delar"/><SP WIDTH="16" VPOS="1032" HPOS="616"/>
							<String ID="string_211" HPOS="632" VPOS="1032" WIDTH="40" HEIGHT="21" WC="0.96" CONTENT="och"/><SP WIDTH="16" VPOS="1032" HPOS="672"/>
							<String ID="string_212" HPOS="688" VPOS="1032" WIDTH="28" HEIGHT="21" WC="0.93" CONTENT="dä"/><SP WIDTH="16" VPOS="1032" HPOS="716"/>
							<String ID="string_213" HPOS="732" VPOS="1031" WIDTH="101" HEIGHT="22" WC="0.92" CONTENT="Ständets"/><SP WIDTH="16" VPOS="1031" HPOS="833"/>
							<String ID="string_214" HPOS="849" VPOS="1031" WIDTH="59" HEIGHT="21" WC="0.92" CONTENT="förra"/><SP WIDTH="17" VPOS="1031" HPOS="908"/>
							<String ID="string_215" HPOS="925" VPOS="1031" WIDTH="69" HEIGHT="21" WC="0.96" CONTENT="beslut"/><SP WIDTH="15" VPOS="1031" HPOS="994"/>
							<String ID="string_216" HPOS="1009" VPOS="1032" WIDTH="7" HEIGHT="20" WC="0.96" CONTENT="i"/>
						</TextLine>
						<TextLine ID="line_25" HPOS="190" VPOS="1059" WIDTH="826" HEIGHT="27">
							<String ID="string_217" HPOS="190" VPOS="1062" WIDTH="73" HEIGHT="19" WC="0.90" CONTENT="ämnet"/><SP WIDTH="24" VPOS="1062" HPOS="263"/>
							<String ID="string_218" HPOS="287" VPOS="1062" WIDTH="51" HEIGHT="19" WC="0.93" CONTENT="nära"/><SP WIDTH="23" VPOS="1062" HPOS="338"/>
							<String ID="string_219" HPOS="361" VPOS="1060" WIDTH="147" HEIGHT="21" WC="0.92" CONTENT="sammanfölle"/><SP WIDTH="23" VPOS="1060" HPOS="508"/>
							<String ID="string_220" HPOS="531" VPOS="1061" WIDTH="48" HEIGHT="20" WC="0.90" CONTENT="med"/><SP WIDTH="23" VPOS="1061" HPOS="579"/>
							<String ID="string_221" HPOS="602" VPOS="1060" WIDTH="172" HEIGHT="21" WC="0.90" CONTENT="Bondeständets"/><SP WIDTH="21" VPOS="1060" HPOS="774"/>
							<String ID="string_222" HPOS="795" VPOS="1062" WIDTH="38" HEIGHT="21" WC="0.96" CONTENT="att,"/><SP WIDTH="16" VPOS="1062" HPOS="833"/>
							<String ID="string_223" HPOS="849" VPOS="1059" WIDTH="28" HEIGHT="27" WC="0.96" CONTENT="pä"/><SP WIDTH="16" VPOS="1059" HPOS="877"/>
							<String ID="string_224" HPOS="893" VPOS="1060" WIDTH="25" HEIGHT="21" WC="0.96" CONTENT="de"/><SP WIDTH="15" VPOS="1060" HPOS="918"/>
							<String ID="string_225" HPOS="933" VPOS="1059" WIDTH="23" HEIGHT="21" WC="0.93" CONTENT="af"/><SP WIDTH="14" VPOS="1059" HPOS="956"/>
							<String ID="string_226" HPOS="970" VPOS="1060" WIDTH="46" HEIGHT="21" WC="0.92" CONTENT="det-"/>
						</TextLine>
						<TextLine ID="line_26" HPOS="191" VPOS="1088" WIDTH="825" HEIGHT="27">
							<String ID="string_227" HPOS="191" VPOS="1095" WIDTH="82" HEIGHT="14" WC="0.88" CONTENT="samma"/><SP WIDTH="22" VPOS="1095" HPOS="273"/>
							<String ID="string_228" HPOS="295" VPOS="1089" WIDTH="133" HEIGHT="21" WC="0.88" CONTENT="framställda"/><SP WIDTH="21" VPOS="1089" HPOS="428"/>
							<String ID="string_229" HPOS="449" VPOS="1089" WIDTH="52" HEIGHT="25" WC="0.96" CONTENT="skäl,"/><SP WIDTH="24" VPOS="1089" HPOS="501"/>
							<String ID="string_230" HPOS="525" VPOS="1089" WIDTH="47" HEIGHT="21" WC="0.96" CONTENT="med"/><SP WIDTH="19" VPOS="1089" HPOS="572"/>
							<String ID="string_231" HPOS="591" VPOS="1089" WIDTH="121" HEIGHT="26" WC="0.96" CONTENT="antagande"/><SP WIDTH="16" VPOS="1089" HPOS="712"/>
							<String ID="string_232" HPOS="728" VPOS="1089" WIDTH="23" HEIGHT="21" WC="0.93" CONTENT="af"/><SP WIDTH="13" VPOS="1089" HPOS="751"/>
							<String ID="string_233" HPOS="764" VPOS="1089" WIDTH="151" HEIGHT="26" WC="0.91" CONTENT="inbjudningen"/><SP WIDTH="17" VPOS="1089" HPOS="915"/>
							<String ID="string_234" HPOS="932" VPOS="1088" WIDTH="84" HEIGHT="21" WC="0.93" CONTENT="biträda"/>
						</TextLine>
						<TextLine ID="line_27" HPOS="190" VPOS="1117" WIDTH="826" HEIGHT="27">
							<String ID="string_235" HPOS="190" VPOS="1117" WIDTH="173" HEIGHT="21" WC="0.83" CONTENT="Bondeständets"/><SP WIDTH="15" VPOS="1117" HPOS="363"/>
							<String ID="string_236" HPOS="378" VPOS="1118" WIDTH="93" HEIGHT="26" WC="0.93" CONTENT="mening;"/><SP WIDTH="17" VPOS="1118" HPOS="471"/>
							<String ID="string_237" HPOS="488" VPOS="1118" WIDTH="102" HEIGHT="21" WC="0.92" CONTENT="skolande"/><SP WIDTH="16" VPOS="1118" HPOS="590"/>
							<String ID="string_238" HPOS="606" VPOS="1117" WIDTH="98" HEIGHT="22" WC="0.92" CONTENT="bemälde"/><SP WIDTH="17" VPOS="1117" HPOS="704"/>
							<String ID="string_239" HPOS="721" VPOS="1117" WIDTH="40" HEIGHT="22" WC="0.93" CONTENT="och"/><SP WIDTH="18" VPOS="1117" HPOS="761"/>
							<String ID="string_240" HPOS="779" VPOS="1117" WIDTH="68" HEIGHT="27" WC="0.90" CONTENT="öfrige"/><SP WIDTH="16" VPOS="1117" HPOS="847"/>
							<String ID="string_241" HPOS="863" VPOS="1117" WIDTH="65" HEIGHT="21" WC="0.93" CONTENT="Stånd"/><SP WIDTH="17" VPOS="1117" HPOS="928"/>
							<String ID="string_242" HPOS="945" VPOS="1117" WIDTH="71" HEIGHT="20" WC="0.91" CONTENT="äfven-"/>
						</TextLine>
						<TextLine ID="line_28" HPOS="191" VPOS="1145" WIDTH="826" HEIGHT="28">
							<String ID="string_243" HPOS="191" VPOS="1151" WIDTH="46" HEIGHT="15" WC="0.92" CONTENT="som"/><SP WIDTH="26" VPOS="1151" HPOS="237"/>
							<String ID="string_244" HPOS="263" VPOS="1146" WIDTH="53" HEIGHT="25" WC="0.91" CONTENT="Lag-"/><SP WIDTH="17" VPOS="1146" HPOS="316"/>
							<String ID="string_245" HPOS="333" VPOS="1146" WIDTH="38" HEIGHT="21" WC="0.93" CONTENT="och"/><SP WIDTH="16" VPOS="1146" HPOS="371"/>
							<String ID="string_246" HPOS="387" VPOS="1146" WIDTH="235" HEIGHT="21" WC="0.92" CONTENT="Ekonomie-utskottet"/><SP WIDTH="15" VPOS="1146" HPOS="622"/>
							<String ID="string_247" HPOS="637" VPOS="1146" WIDTH="75" HEIGHT="21" WC="0.93" CONTENT="härom"/><SP WIDTH="16" VPOS="1146" HPOS="712"/>
							<String ID="string_248" HPOS="728" VPOS="1152" WIDTH="77" HEIGHT="21" WC="0.93" CONTENT="genom"/><SP WIDTH="16" VPOS="1152" HPOS="805"/>
							<String ID="string_249" HPOS="821" VPOS="1145" WIDTH="196" HEIGHT="27" WC="0.92" CONTENT="protokollsutdrag"/>
						</TextLine>
						<TextLine ID="line_29" HPOS="191" VPOS="1174" WIDTH="143" HEIGHT="21">
							<String ID="string_250" HPOS="191" VPOS="1174" WIDTH="143" HEIGHT="21" WC="0.92" CONTENT="underrättas."/>
						</TextLine>
					</TextBlock>
				</ComposedBlock>
				<ComposedBlock ID="cblock_7" HPOS="722" VPOS="1213" WIDTH="226" HEIGHT="56">
					<TextBlock ID="block_6" HPOS="722" VPOS="1213" WIDTH="226" HEIGHT="56">
						<TextLine ID="line_30" HPOS="786" VPOS="1213" WIDTH="94" HEIGHT="18">
							<String ID="string_251" HPOS="786" VPOS="1214" WIDTH="21" HEIGHT="17" WC="0.92" CONTENT="In"/><SP WIDTH="12" VPOS="1214" HPOS="807"/>
							<String ID="string_252" HPOS="819" VPOS="1213" WIDTH="61" HEIGHT="18" WC="0.92" CONTENT="fidem:"/>
						</TextLine>
						<TextLine ID="line_31" HPOS="722" VPOS="1248" WIDTH="226" HEIGHT="21">
							<String ID="string_253" HPOS="722" VPOS="1248" WIDTH="75" HEIGHT="21" WC="0.80" CONTENT="Sixtus"/><SP WIDTH="18" VPOS="1248" HPOS="797"/>
							<String ID="string_254" HPOS="815" VPOS="1248" WIDTH="133" HEIGHT="21" WC="0.96" CONTENT="Calamnius."/>
						</TextLine>
					</TextBlock>
				</ComposedBlock>
				<ComposedBlock ID="cblock_8" HPOS="192" VPOS="1322" WIDTH="826" HEIGHT="112">
					<TextBlock ID="block_7" HPOS="192" VPOS="1322" WIDTH="826" HEIGHT="112">
						<TextLine ID="line_32" HPOS="261" VPOS="1322" WIDTH="757" HEIGHT="28">
							<String ID="string_255" HPOS="261" VPOS="1322" WIDTH="56" HEIGHT="21" WC="0.91" CONTENT="Herr"/><SP WIDTH="22" VPOS="1322" HPOS="317"/>
							<String ID="string_256" HPOS="339" VPOS="1322" WIDTH="155" HEIGHT="21" WC="0.91" CONTENT="Talmannen"/><SP WIDTH="24" VPOS="1322" HPOS="494"/>
							<String ID="string_257" HPOS="518" VPOS="1322" WIDTH="146" HEIGHT="28" WC="0.91" CONTENT="tillkännagaf,"/><SP WIDTH="24" VPOS="1322" HPOS="664"/>
							<String ID="string_258" HPOS="688" VPOS="1325" WIDTH="32" HEIGHT="19" WC="0.93" CONTENT="att"/><SP WIDTH="24" VPOS="1325" HPOS="720"/>
							<String ID="string_259" HPOS="744" VPOS="1322" WIDTH="96" HEIGHT="22" WC="0.92" CONTENT="ständets"/><SP WIDTH="23" VPOS="1322" HPOS="840"/>
							<String ID="string_260" HPOS="863" VPOS="1322" WIDTH="106" HEIGHT="27" WC="0.92" CONTENT="protokoll"/><SP WIDTH="16" VPOS="1322" HPOS="969"/>
							<String ID="string_261" HPOS="985" VPOS="1322" WIDTH="33" HEIGHT="21" WC="0.96" CONTENT="för"/>
						</TextLine>
						<TextLine ID="line_33" HPOS="192" VPOS="1350" WIDTH="826" HEIGHT="28">
							<String ID="string_262" HPOS="192" VPOS="1351" WIDTH="41" HEIGHT="20" WC="0.95" CONTENT="den"/><SP WIDTH="25" VPOS="1351" HPOS="233"/>
							<String ID="string_263" HPOS="258" VPOS="1351" WIDTH="25" HEIGHT="21" WC="0.96" CONTENT="19"/><SP WIDTH="24" VPOS="1351" HPOS="283"/>
							<String ID="string_264" HPOS="307" VPOS="1350" WIDTH="38" HEIGHT="22" WC="0.96" CONTENT="och"/><SP WIDTH="24" VPOS="1350" HPOS="345"/>
							<String ID="string_265" HPOS="369" VPOS="1352" WIDTH="26" HEIGHT="20" WC="0.93" CONTENT="22"/><SP WIDTH="24" VPOS="1352" HPOS="395"/>
							<String ID="string_266" HPOS="419" VPOS="1350" WIDTH="94" HEIGHT="22" WC="0.69" CONTENT="sistlidne"/><SP WIDTH="23" VPOS="1350" HPOS="513"/>
							<String ID="string_267" HPOS="536" VPOS="1352" WIDTH="61" HEIGHT="26" WC="0.93" CONTENT="April"/><SP WIDTH="15" VPOS="1352" HPOS="597"/>
							<String ID="string_268" HPOS="612" VPOS="1357" WIDTH="88" HEIGHT="15" WC="0.97" CONTENT="numera"/><SP WIDTH="16" VPOS="1357" HPOS="700"/>
							<String ID="string_269" HPOS="716" VPOS="1352" WIDTH="57" HEIGHT="26" WC="0.96" CONTENT="legat"/><SP WIDTH="15" VPOS="1352" HPOS="773"/>
							<String ID="string_270" HPOS="788" VPOS="1351" WIDTH="27" HEIGHT="27" WC="0.93" CONTENT="pä"/><SP WIDTH="17" VPOS="1351" HPOS="815"/>
							<String ID="string_271" HPOS="832" VPOS="1351" WIDTH="95" HEIGHT="21" WC="0.92" CONTENT="ständets"/><SP WIDTH="15" VPOS="1351" HPOS="927"/>
							<String ID="string_272" HPOS="942" VPOS="1350" WIDTH="54" HEIGHT="22" WC="0.96" CONTENT="bord"/><SP WIDTH="15" VPOS="1350" HPOS="996"/>
							<String ID="string_273" HPOS="1011" VPOS="1351" WIDTH="7" HEIGHT="20" WC="0.96" CONTENT="i"/>
						</TextLine>
						<TextLine ID="line_34" HPOS="192" VPOS="1379" WIDTH="826" HEIGHT="27">
							<String ID="string_274" HPOS="192" VPOS="1379" WIDTH="41" HEIGHT="21" WC="0.91" CONTENT="den"/><SP WIDTH="23" VPOS="1379" HPOS="233"/>
							<String ID="string_275" HPOS="256" VPOS="1379" WIDTH="81" HEIGHT="21" WC="0.89" CONTENT="derföre"/><SP WIDTH="23" VPOS="1379" HPOS="337"/>
							<String ID="string_276" HPOS="360" VPOS="1379" WIDTH="113" HEIGHT="21" WC="0.91" CONTENT="bestämda"/><SP WIDTH="22" VPOS="1379" HPOS="473"/>
							<String ID="string_277" HPOS="495" VPOS="1380" WIDTH="64" HEIGHT="26" WC="0.92" CONTENT="tiden,"/><SP WIDTH="24" VPOS="1380" HPOS="559"/>
							<String ID="string_278" HPOS="583" VPOS="1380" WIDTH="100" HEIGHT="21" WC="0.92" CONTENT="hvarföre"/><SP WIDTH="19" VPOS="1380" HPOS="683"/>
							<String ID="string_279" HPOS="702" VPOS="1380" WIDTH="39" HEIGHT="21" WC="0.96" CONTENT="och"/><SP WIDTH="17" VPOS="1380" HPOS="741"/>
							<String ID="string_280" HPOS="758" VPOS="1379" WIDTH="26" HEIGHT="21" WC="0.96" CONTENT="dä"/><SP WIDTH="17" VPOS="1379" HPOS="784"/>
							<String ID="string_281" HPOS="801" VPOS="1380" WIDTH="62" HEIGHT="26" WC="0.93" CONTENT="ingen"/><SP WIDTH="16" VPOS="1380" HPOS="863"/>
							<String ID="string_282" HPOS="879" VPOS="1379" WIDTH="139" HEIGHT="27" WC="0.91" CONTENT="anmärkning"/>
						</TextLine>
						<TextLine ID="line_35" HPOS="192" VPOS="1408" WIDTH="764" HEIGHT="26">
							<String ID="string_283" HPOS="192" VPOS="1409" WIDTH="58" HEIGHT="19" WC="0.93" CONTENT="emot"/><SP WIDTH="16" VPOS="1409" HPOS="250"/>
							<String ID="string_284" HPOS="266" VPOS="1408" WIDTH="118" HEIGHT="21" WC="0.94" CONTENT="detsamma"/><SP WIDTH="15" VPOS="1408" HPOS="384"/>
							<String ID="string_285" HPOS="399" VPOS="1408" WIDTH="75" HEIGHT="26" WC="0.93" CONTENT="gjorts,"/><SP WIDTH="16" VPOS="1408" HPOS="474"/>
							<String ID="string_286" HPOS="490" VPOS="1408" WIDTH="64" HEIGHT="26" WC="0.86" CONTENT="sagde"/><SP WIDTH="15" VPOS="1408" HPOS="554"/>
							<String ID="string_287" HPOS="569" VPOS="1408" WIDTH="109" HEIGHT="26" WC="0.96" CONTENT="protokoll"/><SP WIDTH="15" VPOS="1408" HPOS="678"/>
							<String ID="string_288" HPOS="693" VPOS="1408" WIDTH="135" HEIGHT="22" WC="0.96" CONTENT="förklarades"/><SP WIDTH="13" VPOS="1408" HPOS="828"/>
							<String ID="string_289" HPOS="841" VPOS="1408" WIDTH="115" HEIGHT="26" WC="0.96" CONTENT="justerade."/>
						</TextLine>
					</TextBlock>
				</ComposedBlock>
				<ComposedBlock ID="cblock_9" HPOS="192" VPOS="1470" WIDTH="827" HEIGHT="107">
					<TextBlock ID="block_8" HPOS="192" VPOS="1470" WIDTH="827" HEIGHT="107">
						<TextLine ID="line_36" HPOS="261" VPOS="1470" WIDTH="757" HEIGHT="28">
							<String ID="string_290" HPOS="261" VPOS="1471" WIDTH="110" HEIGHT="20" WC="0.92" CONTENT="Anmältes"/><SP WIDTH="16" VPOS="1471" HPOS="371"/>
							<String ID="string_291" HPOS="387" VPOS="1470" WIDTH="40" HEIGHT="22" WC="0.92" CONTENT="och"/><SP WIDTH="15" VPOS="1470" HPOS="427"/>
							<String ID="string_292" HPOS="442" VPOS="1472" WIDTH="106" HEIGHT="24" WC="0.92" CONTENT="emottogs"/><SP WIDTH="16" VPOS="1472" HPOS="548"/>
							<String ID="string_293" HPOS="564" VPOS="1477" WIDTH="25" HEIGHT="15" WC="0.93" CONTENT="en"/><SP WIDTH="16" VPOS="1477" HPOS="589"/>
							<String ID="string_294" HPOS="605" VPOS="1471" WIDTH="125" HEIGHT="27" WC="0.92" CONTENT="deputation"/><SP WIDTH="16" VPOS="1471" HPOS="730"/>
							<String ID="string_295" HPOS="746" VPOS="1470" WIDTH="49" HEIGHT="22" WC="0.92" CONTENT="från"/><SP WIDTH="16" VPOS="1470" HPOS="795"/>
							<String ID="string_296" HPOS="811" VPOS="1471" WIDTH="156" HEIGHT="25" WC="0.91" CONTENT="Ridderskapet"/><SP WIDTH="11" VPOS="1471" HPOS="967"/>
							<String ID="string_297" HPOS="978" VPOS="1470" WIDTH="40" HEIGHT="21" WC="0.96" CONTENT="och"/>
						</TextLine>
						<TextLine ID="line_37" HPOS="194" VPOS="1499" WIDTH="824" HEIGHT="26">
							<String ID="string_298" HPOS="194" VPOS="1499" WIDTH="75" HEIGHT="24" WC="0.92" CONTENT="Adeln,"/><SP WIDTH="17" VPOS="1499" HPOS="269"/>
							<String ID="string_299" HPOS="286" VPOS="1499" WIDTH="74" HEIGHT="20" WC="0.91" CONTENT="anförd"/><SP WIDTH="15" VPOS="1499" HPOS="360"/>
							<String ID="string_300" HPOS="375" VPOS="1499" WIDTH="24" HEIGHT="20" WC="0.95" CONTENT="af"/><SP WIDTH="14" VPOS="1499" HPOS="399"/>
							<String ID="string_301" HPOS="413" VPOS="1499" WIDTH="98" HEIGHT="21" WC="0.95" CONTENT="Friherre"/><SP WIDTH="16" VPOS="1499" HPOS="511"/>
							<String ID="string_302" HPOS="527" VPOS="1499" WIDTH="66" HEIGHT="26" WC="0.95" CONTENT="Boije,"/><SP WIDTH="17" VPOS="1499" HPOS="593"/>
							<String ID="string_303" HPOS="610" VPOS="1506" WIDTH="45" HEIGHT="14" WC="0.96" CONTENT="som"/><SP WIDTH="16" VPOS="1506" HPOS="655"/>
							<String ID="string_304" HPOS="671" VPOS="1500" WIDTH="132" HEIGHT="25" WC="0.96" CONTENT="meddelade,"/><SP WIDTH="16" VPOS="1500" HPOS="803"/>
							<String ID="string_305" HPOS="819" VPOS="1501" WIDTH="33" HEIGHT="19" WC="0.93" CONTENT="att"/><SP WIDTH="10" VPOS="1501" HPOS="852"/>
							<String ID="string_306" HPOS="862" VPOS="1499" WIDTH="156" HEIGHT="26" WC="0.90" CONTENT="Ridderskapet"/>
						</TextLine>
						<TextLine ID="line_38" HPOS="192" VPOS="1527" WIDTH="827" HEIGHT="27">
							<String ID="string_307" HPOS="192" VPOS="1527" WIDTH="40" HEIGHT="21" WC="0.93" CONTENT="och"/><SP WIDTH="16" VPOS="1527" HPOS="232"/>
							<String ID="string_308" HPOS="248" VPOS="1527" WIDTH="68" HEIGHT="21" WC="0.91" CONTENT="Adeln"/><SP WIDTH="17" VPOS="1527" HPOS="316"/>
							<String ID="string_309" HPOS="333" VPOS="1527" WIDTH="87" HEIGHT="21" WC="0.90" CONTENT="beslutit"/><SP WIDTH="16" VPOS="1527" HPOS="420"/>
							<String ID="string_310" HPOS="436" VPOS="1527" WIDTH="18" HEIGHT="27" WC="0.96" CONTENT="ej"/><SP WIDTH="16" VPOS="1527" HPOS="454"/>
							<String ID="string_311" HPOS="470" VPOS="1527" WIDTH="81" HEIGHT="21" WC="0.96" CONTENT="mindre"/><SP WIDTH="17" VPOS="1527" HPOS="551"/>
							<String ID="string_312" HPOS="568" VPOS="1528" WIDTH="32" HEIGHT="20" WC="0.95" CONTENT="till"/><SP WIDTH="16" VPOS="1528" HPOS="600"/>
							<String ID="string_313" HPOS="616" VPOS="1534" WIDTH="25" HEIGHT="14" WC="0.93" CONTENT="en"/><SP WIDTH="16" VPOS="1534" HPOS="641"/>
							<String ID="string_314" HPOS="657" VPOS="1527" WIDTH="133" HEIGHT="27" WC="0.92" CONTENT="underdånig"/><SP WIDTH="15" VPOS="1527" HPOS="790"/>
							<String ID="string_315" HPOS="805" VPOS="1527" WIDTH="90" HEIGHT="26" WC="0.96" CONTENT="petition"/><SP WIDTH="16" VPOS="1527" HPOS="895"/>
							<String ID="string_316" HPOS="911" VPOS="1533" WIDTH="33" HEIGHT="15" WC="0.89" CONTENT="om"/><SP WIDTH="17" VPOS="1533" HPOS="944"/>
							<String ID="string_317" HPOS="961" VPOS="1527" WIDTH="58" HEIGHT="21" WC="0.89" CONTENT="teck-"/>
						</TextLine>
						<TextLine ID="line_39" HPOS="192" VPOS="1555" WIDTH="827" HEIGHT="22">
							<String ID="string_318" HPOS="192" VPOS="1555" WIDTH="62" HEIGHT="22" WC="0.93" CONTENT="niska"/><SP WIDTH="23" VPOS="1555" HPOS="254"/>
							<String ID="string_319" HPOS="277" VPOS="1555" WIDTH="132" HEIGHT="22" WC="0.88" CONTENT="realskolans"/><SP WIDTH="23" VPOS="1555" HPOS="409"/>
							<String ID="string_320" HPOS="432" VPOS="1556" WIDTH="6" HEIGHT="20" WC="0.96" CONTENT="i"/><SP WIDTH="26" VPOS="1556" HPOS="438"/>
							<String ID="string_321" HPOS="464" VPOS="1556" WIDTH="68" HEIGHT="21" WC="0.96" CONTENT="denne"/><SP WIDTH="25" VPOS="1556" HPOS="532"/>
							<String ID="string_322" HPOS="557" VPOS="1556" WIDTH="48" HEIGHT="21" WC="0.95" CONTENT="stad"/><SP WIDTH="19" VPOS="1556" HPOS="605"/>
							<String ID="string_323" HPOS="624" VPOS="1556" WIDTH="39" HEIGHT="21" WC="0.92" CONTENT="och"/><SP WIDTH="16" VPOS="1556" HPOS="663"/>
							<String ID="string_324" HPOS="679" VPOS="1556" WIDTH="174" HEIGHT="21" WC="0.91" CONTENT="forstinstitutets"/><SP WIDTH="16" VPOS="1556" HPOS="853"/>
							<String ID="string_325" HPOS="869" VPOS="1555" WIDTH="12" HEIGHT="21" WC="0.90" CONTENT="å"/><SP WIDTH="15" VPOS="1555" HPOS="881"/>
							<String ID="string_326" HPOS="896" VPOS="1556" WIDTH="64" HEIGHT="20" WC="0.92" CONTENT="Evois"/><SP WIDTH="16" VPOS="1556" HPOS="960"/>
							<String ID="string_327" HPOS="976" VPOS="1562" WIDTH="43" HEIGHT="15" WC="0.92" CONTENT="om-"/>
						</TextLine>
					</TextBlock>
				</ComposedBlock>
			</PrintSpace>
		</Page>
	</Layout>
</alto>
