1095 1825
300 154 182 22 Borgareståndet.
509 156 55 17 1867.
589 156 21 17 17
622 156 47 21 Maj.
825 152 40 21 887

73 240 132 26 delaktighet
220 240 7 21 i
243 240 211 27 skjutsningstungan
469 240 19 26 ej
504 240 67 21 skulle
587 242 93 20 uträttas
696 242 64 19 annat
776 242 26 19 än
817 243 32 18 att
865 243 32 19 ett

73 268 24 22 sä
112 269 84 27 mycket
218 270 68 20 större
301 268 58 21 antal
374 274 102 21 personer
491 268 84 22 komine
591 271 32 19 att
638 275 52 20 ropa
705 275 25 15 ve
745 269 96 21 deröfver
857 270 40 20 och

73 300 33 18 att
121 298 37 20 det
172 297 7 20 i
194 296 53 27 följd
262 297 63 20 häraf
333 296 69 21 blefve
416 298 56 19 ännu
483 297 85 21 svårare
579 299 32 19 att
621 297 21 21 få
653 298 69 20 denna
734 298 65 25 tunga
809 297 88 26 aflyftad

73 325 48 22 från
141 325 83 27 jorden.
254 325 43 21 För
317 325 44 20 min
383 325 35 21 del
442 328 45 18 tror
507 325 37 27 jag
563 327 32 19 att
611 325 36 22 det
662 325 55 21 enda
732 325 78 22 medlet
825 325 72 22 dertill

71 354 45 27 just
131 356 30 24 är,
177 355 33 20 att
226 353 26 22 de
267 353 156 28 priviligierade
439 353 61 22 äfven
515 353 22 22 få
552 354 45 21 lära
612 355 32 26 sig
656 354 71 21 känna
736 353 161 27 ifrågavarande

74 389 59 14 onus.
166 382 50 21 Man
239 382 39 21 har
292 382 99 26 slutligen
407 384 54 25 sagt,
477 384 32 19 att
524 389 34 14 om
573 383 131 26 skjutslegan
720 382 67 21 skulle
803 382 94 27 förhöjas

73 411 41 21 och
137 417 80 15 samma
239 411 49 26 lega
310 410 104 27 påbjudas
437 411 60 21 äfven
520 411 35 21 vid
569 411 153 26 gästgifverier,
739 411 38 21 der
791 411 106 26 allmogen

73 439 49 26 sjelf
136 439 40 21 och
191 439 47 21 icke
253 441 163 25 entreprenörer
431 439 124 21 underhölle
567 439 103 26 skjutsen,
680 445 49 15 man
740 440 6 21 i
757 439 140 27 hållskjutsen

74 469 59 20 snart
148 467 68 21 skulle
232 467 22 21 få
264 474 26 14 en
301 473 70 15 annan
382 467 227 27 husbehofsbränning,
621 474 45 15 som
677 468 105 27 allmogen
793 468 102 26 svårligen

74 496 70 21 kunde
166 495 80 22 förmås
268 498 32 19 att
321 495 62 22 afstä.
414 496 66 21 Detta
503 496 116 27 påstående
641 496 42 21 kan
704 497 36 26 jag
762 497 18 26 ej
799 497 98 20 betrakta

73 524 134 21 annorlunda
230 526 27 19 än
278 524 70 21 såsom
369 526 32 20 ett
423 524 48 21 hån.
502 525 41 21 Det
559 527 24 19 är
598 527 62 19 sannt
675 527 33 19 att
723 525 49 21 flere
788 531 108 20 represen-

73 555 72 19 tanter
160 553 22 21 af
195 553 160 21 Bondeståndet
370 559 29 15 nu
414 553 48 21 föra
477 553 40 21 den
533 553 58 21 talan
607 555 32 20 att
651 553 105 27 allmogen
767 553 68 21 skulle
846 559 50 15 anse

73 581 141 27 hållskjutsen
230 581 32 21 för
278 582 31 26 sig
320 581 136 26 fördelaktig.

142 610 49 22 Men
204 610 59 21 detta
278 612 24 19 är
317 610 56 21 blott
388 612 32 19 ett
435 612 42 19 sätt
493 612 33 19 att
541 610 50 26 tala,
607 617 45 15 som
668 610 19 27 ej
702 610 33 22 får
750 610 78 22 förstås
844 610 53 21 efter

74 639 72 21 orden.
175 638 31 27 Ty
222 638 36 22 det
273 640 23 19 är
312 639 25 21 de
353 639 53 26 dyra
421 640 194 25 entreprenaderna
630 639 26 21 de
672 638 78 22 frukta.
778 639 30 21 De
820 641 33 19 tro
865 640 32 20 att

73 667 7 21 i
102 667 102 21 händelse
228 667 167 26 entreprenader
420 667 68 21 blefve
513 667 90 26 tillåtna,
626 668 26 20 de
672 667 225 27 skjutsningsskyldige

74 696 132 26 småningom
229 696 69 21 skulle
319 696 82 26 tvingas
420 697 32 20 att
466 696 69 21 införa
550 696 80 21 sådana
646 696 39 21 och
701 696 62 21 dessa
776 696 119 26 derigenom

73 726 64 24 göras
159 724 153 21 kostsammare
334 726 27 18 än
382 724 40 21 den
446 725 133 21 närvarande
601 727 86 24 tungan.
718 725 42 21 Det
774 726 24 19 är
813 724 84 21 derföre

73 752 98 22 bemälde
194 754 172 25 representanter
388 752 19 27 ej
430 752 57 22 velat
509 753 110 27 samtycka
641 753 32 21 till
696 760 26 14 en
746 752 81 27 åtgärd,
851 758 46 15 som

73 781 71 21 kunde
166 780 64 22 hafva
251 781 167 27 entreprenader
440 781 32 21 till
488 781 59 27 följd.
577 782 34 21 Då
630 781 82 21 således
728 781 38 21 allt
781 781 55 21 hvad
851 787 45 15 som

73 809 83 21 anförts
178 812 58 18 emot
254 810 234 26 grundlagsutskottets
511 810 141 25 betänkande,
673 810 56 21 huru
743 810 111 26 meningen
870 811 27 19 än

74 838 35 20 må
123 838 63 21 hafva
201 838 61 25 varit,
278 844 61 20 synes
354 838 43 26 mig
413 838 23 21 af
448 838 62 26 ingen
526 839 49 26 vigt,
592 841 60 24 tager
666 838 36 27 jag
712 839 42 26 mig
764 838 90 21 friheten
865 840 32 18 att

71 866 85 26 jemlikt
178 866 65 26 sagde
266 866 135 22 betänkande
422 867 108 26 tillstyrka
552 867 155 26 godkännande
722 866 22 22 af
759 867 38 21 den
821 866 76 26 nådiga

73 895 159 26 propositionen
247 896 90 19 rörande
353 896 24 25 $$
395 896 9 19 1
422 895 40 21 och
477 896 20 20 2.

142 950 56 22 Herr
213 951 159 26 Lindeqvist:
389 951 34 22 då
432 951 39 21 här
486 951 110 22 allaredan
611 951 24 22 så
650 951 106 27 vidlyftigt
771 951 72 21 ordats
855 951 7 21 i
873 957 25 15 en

73 979 45 25 sak,
134 979 93 26 hvilken,
242 979 66 22 sedan
323 979 36 22 två
374 980 63 21 stånd
452 981 43 20 satt
507 981 38 20 sitt
554 983 48 18 veto
614 981 102 25 deremot,
727 986 86 15 numera
825 981 74 25 tyvärr

73 1007 20 28 ej
108 1008 42 21 kan
172 1008 89 27 hjelpas,
285 1008 35 21 vill
339 1008 37 30 jag
391 1009 76 20 endast
482 1009 7 20 i
505 1009 86 20 korthet
606 1009 69 20 uttala
691 1009 41 20 min
748 1008 60 27 äsigt,
824 1014 53 18 som,
892 1008 7 21 i

73 1036 68 21 likhet
157 1036 47 21 med
221 1037 55 20 hvad
292 1037 55 21 Herr
362 1037 88 26 Östring
464 1037 117 26 föreslagit,
597 1039 24 19 är
631 1039 33 19 att
676 1037 12 27 $
701 1039 9 19 1
723 1037 6 21 i
739 1037 159 26 propositionen

73 1065 40 21 bör
129 1066 95 25 antagas.
254 1065 11 21 I
281 1065 114 27 anledning
411 1065 23 21 af
447 1065 57 22 Herr
519 1065 76 22 Holms
614 1066 100 26 yttrande
729 1068 32 19 att
776 1065 123 26 grundiags-

73 1093 118 22 utskottets
214 1093 135 22 betänkande
373 1100 49 15 vore
445 1094 142 26 grundfalskt,
610 1094 38 21 ber
660 1094 38 27 jag
713 1094 21 21 få
749 1094 103 21 anmärka
867 1095 32 19 att

72 1122 39 21 det
125 1121 129 22 åtminstone
276 1122 33 21 för
331 1123 43 26 'mig
396 1123 47 21 icke
465 1124 25 19 är
512 1122 59 21 klart
592 1123 56 20 hvad
662 1123 57 21 Herr
734 1122 62 21 Holm
813 1122 86 21 dermed

73 1152 78 19 menat.
174 1150 229 27 Grundlagsutskottet
414 1151 99 21 förordar
523 1153 33 19 att
565 1151 160 26 propositionen
735 1150 66 22 måtte
809 1152 90 25 antagas

74 1178 40 21 och
136 1179 118 26 tillstyrker
274 1179 91 22 sålunda
387 1186 26 15 en
435 1179 91 27 ändring
546 1180 6 20 i
569 1180 164 27 grundlagarna.
765 1178 39 22 Om
827 1179 72 26 hvarje

71 1207 68 21 sådan
155 1207 83 27 åtgärd,
254 1207 67 22 ehuru
336 1208 121 27 föreslagen
473 1207 22 22 af
509 1209 125 26 regeringen
650 1208 39 22 och
705 1209 35 21 det
757 1207 82 22 utskott
853 1213 46 15 som

73 1236 103 26 handlagt
191 1236 82 26 frågan,
284 1236 55 27 finge
350 1243 62 15 anses
424 1236 131 27 grundfalsk,
569 1237 68 21 skulle
650 1237 68 27 aldrig
730 1236 68 27 någon
811 1236 88 26 ändring

73 1264 24 21 af
110 1264 156 27 grundlagarne
281 1265 72 21 kunna
368 1265 86 21 komma
469 1265 75 27 ifråga.

142 1321 58 21 Enär
220 1320 51 22 flere
292 1322 68 20 talare
381 1322 47 21 icke
450 1322 95 21 anmälte
567 1322 38 26 sig,
628 1322 132 21 framställde
776 1322 55 20 Herr
846 1320 53 21 Tal-

73 1355 106 15 mannen
195 1350 33 20 till
243 1350 96 21 ståndets
355 1350 132 22 besvarande
502 1351 168 26 propositionen:

142 1405 130 22 Godkänner
294 1406 86 22 ståndet
399 1407 235 27 grundlagsutskottets
649 1406 161 27 ifrågavarande
825 1405 74 21 betän-

73 1433 83 22 kande?

141 1491 132 21 Besvarades
298 1492 48 20 med
371 1491 156 27 öfvervägande
552 1492 43 26 nej;
626 1492 52 21 derå
701 1491 57 22 Herr
787 1486 113 30 Östring

74 1519 132 26 hemställde,
230 1519 104 21 huruvida
355 1519 98 22 ståndets
475 1520 90 21 sålunda
586 1520 101 27 vidtagna
710 1519 70 22 beslut
799 1519 8 20 i
828 1521 73 18 ämnet

71 1547 80 26 jemväl
165 1547 71 22 kunde
251 1553 62 16 anses
328 1547 106 22 innefatta
449 1548 139 21 förkastande
603 1549 23 20 af
640 1548 184 26 bestämningarne
840 1547 6 21 i
859 1547 42 21 den
