1095 1825
220 156 42 22 780
427 160 182 22 Borgareståndet.
634 161 55 17 1867.
714 162 23 16 10
749 161 48 20 Maj.

260 247 164 27 Propositionen
441 246 148 22 remitterades
603 246 32 21 till
651 246 116 24 beredning
782 245 21 22 af
817 247 138 20 sammansatt
970 245 43 27 lag-

191 276 40 22 och
247 276 108 22 ekonomi-
370 277 57 19 samt
441 276 63 20 stats-
519 275 40 21 och
574 274 215 27 bevillningsutskott.

260 331 79 21 Vidare
361 331 110 26 föredrogs
493 331 95 21 ståndets
611 331 96 21 enskilda
729 330 180 22 besvärsutskotts
932 330 39 21 den
987 330 29 21 26

190 360 113 21 nästvikne
319 359 59 27 April
393 360 122 26 ytterligare
530 359 117 26 bordlagda
662 359 133 21 betänkande
815 358 40 22 N:o
873 359 32 25 13,
920 359 7 20 i
942 359 72 21 anled-

191 389 51 26 ning
265 388 23 21 af
303 388 63 21 väckt
380 387 181 28 petitionsförslag
577 394 34 15 om
626 389 44 20 rätt
684 387 33 21 för
732 387 115 22 ständerna
861 389 33 19 att
909 387 83 27 deltaga
1007 387 7 20 i

190 417 199 27 tullagstiftningen.

261 473 32 21 På
308 473 71 21 derom
395 473 23 21 af
432 473 55 20 Herr
499 473 165 20 Talmannen
681 472 118 21 framställd
810 471 59 27 fråga
879 471 45 21 blef
932 471 82 22 utskot-

191 503 43 20 tets
256 501 135 22 betänkande
413 503 75 19 nästan
509 501 102 26 enhälligt
626 503 95 24 antaget;
737 500 83 26 tillfölje
835 499 75 22 hvaraf
925 500 89 21 berörda

192 529 180 28 petitionsförslag
387 529 23 22 af
423 529 84 22 ståndet
522 529 139 21 förkastades.

262 644 172 21 Sammanträdet
448 644 109 26 upphörde
573 643 27 21 kl.
618 643 28 27 3/,
662 644 12 20 2
690 649 18 15 e.
724 649 26 15 m.

784 693 20 17 In
817 693 60 17 fidem:

720 728 74 20 Sixtus
811 728 134 20 Calamnius.

424 892 151 33 Fredagen
593 892 57 27 den
669 892 35 27 10
721 891 59 34 Maj

192 955 28 20 kl.
238 955 23 20 11
279 954 13 21 f.
308 961 27 14 m.
351 955 171 21 sammanträdde
537 955 33 20 till
580 955 84 26 plenum
676 955 191 26 Borgareständets
879 955 65 26 öfrige
955 955 57 21 med-

191 983 94 26 lemmar,
311 985 57 18 utom
384 983 74 20 herrar
473 983 102 21 Rosenius
591 983 39 21 och
645 983 70 26 Utter,
730 983 72 21 hvilka
817 983 22 21 af
852 983 96 26 sjukdom
964 983 47 20 hin-

192 1011 76 21 drades
284 1013 31 19 att
329 1011 32 26 sig
376 1011 84 21 infinna.

260 1067 40 21 Till
313 1067 105 27 justering
433 1068 108 26 upplästes
557 1068 78 26 utdrag
650 1074 25 15 ur
690 1068 97 21 ständets
803 1067 106 27 protokoll
923 1067 33 21 för
971 1068 41 21 den

191 1096 13 21 8
227 1096 6 20 i
256 1096 67 21 denne
343 1096 77 21 mänad
435 1096 107 27 angäende
557 1096 96 21 ständets
668 1096 70 21 beslut
753 1097 7 20 i
777 1096 160 21 nedannämnda
952 1098 60 19 ären-

192 1124 46 24 den,
266 1124 113 27 nemligen:
406 1125 32 20 1:0
461 1125 90 20 rörande
573 1125 75 21 remiss
672 1124 32 21 till
721 1125 158 21 vederbörande
894 1124 82 21 utskott
992 1124 23 21 af

191 1152 77 27 nädiga
290 1152 159 27 propositionen
471 1153 108 26 angäende
602 1153 144 26 ingvartering
770 1153 39 21 och
826 1153 186 26 transportskjuts-

191 1181 216 26 ningsskyldigheten;
433 1181 41 26 2:0)
499 1181 7 20 i
533 1181 113 27 anledning
668 1181 23 21 af
711 1181 78 27 nädiga
803 1181 159 27 propositionen
978 1187 34 14 om

192 1209 119 26 antagande
326 1209 23 21 af
362 1215 26 15 en
403 1209 123 27 förordning
541 1210 109 26 angäende
664 1209 112 27 bevisning
790 1216 76 21 genom
881 1209 131 21 handelsbok

191 1237 39 21 och
252 1238 90 26 räkning
364 1238 59 20 öfver
444 1238 118 26 utborgade
584 1244 72 20 varor;
672 1240 56 19 samt
744 1239 41 25 3:0)
801 1238 132 21 beträffande
948 1239 64 19 stats-

190 1266 40 20 och
253 1266 240 26 bevillningsutskottets
518 1266 134 22 betänkande
668 1267 6 20 i
690 1267 115 26 anledning
820 1267 23 21 af
856 1266 120 21 återremiss
992 1266 23 21 af

189 1294 78 26 nädiga
287 1294 159 26 propositionen
468 1295 108 26 angäende
591 1302 28 20 ny
634 1295 124 27 förordning
773 1301 34 15 om
823 1294 189 27 stämpelpappers-

191 1322 87 26 afgiften
303 1322 6 21 i
324 1322 92 22 Finland
430 1325 54 19 samt
499 1323 116 21 utskottets
631 1323 79 27 förslag
725 1324 32 20 till
774 1323 202 27 sammanjemkning
991 1322 23 22 af

190 1350 100 22 ständens
305 1350 123 28 skiljaktiga
442 1351 69 21 beslut
526 1352 7 20 i
548 1352 105 21 särskilda
667 1352 93 26 punkter
776 1351 23 21 af
811 1358 81 14 samma
907 1351 64 27 fräga.

259 1407 56 21 Herr
329 1407 166 21 Talmannen
517 1408 100 26 föredrog
638 1408 93 26 följande
754 1408 45 20 frän
827 1408 137 21 medständen
980 1407 32 21 hit

190 1435 106 21 ankomna
317 1436 202 26 protokollsutdrag,
541 1436 147 21 innefattande
710 1436 155 21 underrättelse
889 1442 33 14 om
938 1436 72 20 veder-

190 1464 93 21 börande
298 1464 74 20 ständs
387 1464 69 21 beslut
471 1464 7 21 i
493 1464 208 27 nedanuppräknade
717 1464 99 24 ärenden,
832 1464 114 26 nemligen:

258 1520 46 21 från
318 1520 155 27 Ridderskapet
489 1520 38 21 och
543 1520 68 21 Adeln
626 1520 33 21 för
674 1521 41 20 den
732 1521 27 20 30
774 1520 61 27 April
850 1521 55 20 samt
921 1520 18 25 1,
957 1520 8 20 2
974 1519 39 22 och

190 1548 12 21 3
218 1548 42 27 Maj
277 1548 108 27 angäende
401 1549 76 26 nädiga
491 1549 160 26 propositionen
666 1549 7 20 i
689 1549 114 26 anledning
818 1549 23 21 af
855 1549 40 21 den
905 1548 33 21 för
950 1547 62 22 brän-
