1095 1825
299 132 184 22 Borgareståndet.
509 134 55 16 1867.
588 134 26 16 22
626 133 48 21 Maj.
820 128 41 21 965

134 218 94 26 Antager
249 217 85 22 ståndet
355 218 37 20 det
415 218 59 20 förra
496 218 52 21 eller
571 218 36 20 det
629 224 75 15 senare
719 217 23 21 af
756 218 25 20 de
797 218 48 21 utaf
858 220 33 20 ut-

63 246 84 21 skottet
162 246 7 20 i
186 246 47 21 dess
248 246 135 21 betänkande
399 246 120 27 uppgjorda
534 246 106 26 förslagen
655 246 7 21 i
678 246 84 21 ämnet?

135 302 38 27 De,
194 308 45 15 som
262 303 50 26 vilja
334 302 37 21 det
386 302 64 27 förra,
475 309 61 14 svara
549 302 29 27 ja,
602 302 39 22 och
656 303 34 26 de,
712 309 45 14 som
773 303 66 21 önska
855 303 36 21 det

65 331 99 26 sednare,
181 337 61 15 svara
256 331 41 26 nej.

136 387 160 27 Propositionen
312 387 129 22 besvarades
456 388 49 21 med
520 388 104 21 blandadt
636 387 23 27 ja
674 387 39 22 och
728 387 41 27 nej,
791 387 100 22 hvarföre

66 415 98 27 votering
187 416 85 27 skedde,
296 416 27 21 då
346 416 25 21 13
393 418 71 19 röster
483 416 104 21 befunnos
602 416 64 21 hafva
681 417 79 20 uttalat
776 416 31 27 sig
822 416 33 21 för
868 416 23 27 ja

67 444 39 21 och
130 445 13 20 6
164 444 32 21 för
218 445 45 26 nej;
286 444 85 27 tillfölje
390 445 78 21 hvaraf
481 445 36 21 det
533 445 59 21 förra
607 445 136 21 alternativet
757 444 134 23 förklarades

67 479 51 14 vara
134 472 22 21 af
170 473 86 22 ståndet
270 475 94 25 antaget.

137 529 44 22 Och
204 529 68 22 skulle
295 529 58 22 såväl
376 529 140 22 medständen
538 536 45 15 som
607 531 63 20 stats-
694 529 39 22 och
756 529 135 27 bevillnings-

67 557 106 22 utskottet
188 564 76 21 genom
280 559 77 26 utdrag
372 565 26 14 ur
414 559 131 26 protokollet
563 559 108 20 meddelas
687 559 154 21 underrättelse
857 564 34 15 om

66 585 98 23 ständets
179 587 7 20 i
202 587 87 21 ärendet
304 586 83 22 fattade
403 587 76 21 beslut.

138 644 119 26 Föredrogs
279 644 153 26 lagutskottets
454 644 136 21 betänkande
612 644 7 20 i
640 644 112 26 anledning
774 644 23 20 af
815 644 77 26 nädiga

69 672 165 26 propositionen,
257 672 108 27 angäende
389 672 114 27 ändringar
524 673 7 20 i
553 672 157 27 lagstiftningen
733 679 34 15 om
782 672 109 25 afträdes-,

70 700 134 21 boskilnads-
219 700 39 22 och
273 700 137 26 urarfvamäl,
427 707 33 15 om
477 702 143 26 preskription
636 700 33 22 för
684 701 113 26 utsökning
813 700 23 22 af
849 700 43 22 for-

68 728 94 27 dringar,
185 735 33 15 om
241 729 141 27 ärsstemning
405 729 13 21 å
434 730 130 26 borgenärer
580 730 39 21 och
634 736 34 14 om
684 729 207 27 äktenskapsförord.

70 756 45 22 Och
140 757 92 27 företogs
257 758 73 21 härvid
357 758 54 21 först
436 757 103 28 förslaget
563 758 33 21 till
625 758 169 26 konkursstadga
825 758 67 20 under

70 785 104 27 pröfning.

139 842 23 27 $$
179 843 54 20 1—5
248 842 7 21 i
271 842 92 22 berörda
375 843 76 26 stadga
466 843 124 27 godkändes
606 845 51 19 utan
673 843 125 21 diskussion.

139 894 64 25 Öfver
218 900 11 24 &
246 900 12 19 6
273 899 85 26 yttrade
373 899 32 26 sig
421 899 164 21 nedannämnda
600 900 74 21 talare.

139 955 56 20 Herr
218 955 159 22 Cederman:
402 956 26 21 de
451 957 7 20 i
481 957 70 21 denna
573 956 11 27 8
600 957 68 20 under
682 962 62 15 mom.
761 962 19 19 a,
796 955 13 22 b
826 955 39 22 och
881 956 13 20 d

70 983 174 22 förekommande
267 985 182 26 omständigheter
471 985 70 21 skulle
561 985 36 27 jag
619 985 34 21 för
675 985 43 21 min
733 985 35 20 del
782 990 51 15 anse
848 984 46 21 icke

71 1013 77 25 utgöra
170 1012 46 21 skäl
237 1013 33 20 för
291 1013 107 26 borgenär
420 1015 32 20 att
467 1015 74 26 tvinga
555 1014 103 27 gäldenär
673 1014 7 21 i
695 1012 199 23 konkurstillständ.

71 1039 134 22 Beträffande
228 1043 115 20 momentet
367 1048 19 18 a,
409 1041 110 22 förefaller
541 1043 36 21 det
595 1043 42 26 mig
652 1049 45 15 som
713 1043 35 20 det
764 1041 65 22 borde
844 1047 51 14 vara

70 1069 82 26 ganska
173 1069 63 26 klart,
258 1072 33 19 att
313 1071 76 21 endast
412 1077 26 14 en
459 1071 96 27 farhäga,
577 1072 36 21 det
628 1071 88 27 tillgång
731 1070 33 21 till
779 1070 116 26 borgenärs

72 1096 124 27 förnöjande
212 1098 83 25 saknas,
311 1099 46 21 icke
373 1099 66 22 borde
452 1106 52 15 vara
514 1100 33 21 för
558 1100 121 21 ändamälet
690 1098 204 28 tillfyllestgörande.

71 1124 86 22 Samma
172 1127 24 20 är
211 1126 144 23 förhällandet
370 1128 7 20 i
393 1135 63 15 mom.
473 1129 13 20 b
503 1129 38 20 och
557 1129 19 20 d.
600 1129 41 26 Jag
656 1128 88 21 föreslär
758 1127 89 25 derföre,
863 1128 32 19 att

71 1153 62 22 dessa
149 1155 11 19 3
176 1161 63 15 mom.
256 1155 67 22 skulle
339 1162 25 15 ur
380 1157 129 26 paragrafen
525 1157 111 21 uteslutas.

140 1216 56 22 Herr
217 1210 153 31 Öhrnberg:
394 1215 7 20 i
424 1215 101 21 afseende
547 1213 13 22 &
586 1214 60 22 detta
674 1213 221 27 författningsförslag,

71 1246 90 21 likasom
175 1245 6 21 i
197 1244 99 22 afseende
312 1244 12 21 &
339 1243 78 27 mänga
432 1244 69 20 andra
515 1243 79 26 frägor,
610 1249 45 15 som
668 1243 67 21 under
746 1243 68 21 denna
825 1242 71 22 landt-

71 1274 42 27 dag
128 1273 122 26 föreslagits
270 1272 122 26 ständerna,
416 1272 40 20 har
471 1272 54 21 först
541 1272 37 21 det
593 1272 91 26 utskott,
707 1277 45 15 som
767 1272 36 25 ägt
818 1271 79 21 bereda

71 1302 83 27 frägan,
177 1302 39 20 och
238 1302 65 20 sedan
325 1301 117 21 ständerna
464 1300 77 27 sjelfva
556 1300 97 21 befunnit
669 1300 31 26 sig
714 1300 7 20 i
738 1306 26 14 en
779 1299 54 21 efter
849 1299 48 21 mitt

71 1330 137 22 förmenande
230 1330 48 21 svär
302 1330 107 25 ställning,
432 1330 5 20 i
454 1330 37 20 det
505 1328 144 28 lagförslagen
665 1328 18 27 ej
699 1328 81 27 ätföljts
795 1327 22 21 af
830 1327 67 27 nägra

71 1360 96 25 motiver,
182 1359 131 26 upplysande
330 1364 34 15 om
381 1358 91 20 orsaken
488 1358 33 20 till
532 1357 74 27 sjelfva
617 1358 25 20 de
652 1357 122 25 föreslagna
783 1356 114 27 lagbuden,

71 1394 36 15 om
129 1388 26 21 de
176 1387 69 27 syften
267 1387 39 21 och
329 1386 189 26 omständigheter,
542 1392 45 15 som
609 1388 77 24 utgöra
703 1386 95 26 grunden
813 1385 33 21 till
861 1385 37 21 det

71 1416 100 26 innehäll,
192 1416 107 26 lagbuden
321 1415 47 21 fätt.
400 1414 76 22 Denna
499 1414 54 22 brist
575 1415 56 21 visar
653 1415 31 26 sig
707 1414 23 21 sä
746 1414 84 26 mycket
845 1413 52 21 kän-

72 1445 83 26 barare,
178 1446 38 19 när
237 1444 36 22 det
288 1446 24 18 är
326 1443 62 27 fräga
403 1449 35 15 om
454 1445 34 19 att
503 1444 86 26 vidtaga
603 1442 180 28 genomgripande
799 1442 39 21 och
854 1448 44 14 om-

71 1473 97 21 fattande
183 1473 148 25 förändringar
346 1472 7 21 i
369 1472 40 21 den
421 1472 118 21 bestäende
551 1472 67 26 lagen.
642 1471 45 21 Och
698 1471 89 27 mängen
797 1470 101 21 anmärk-

71 1502 50 26 ning
137 1502 53 20 hade
206 1502 107 21 sannolikt
329 1501 70 21 blifvit
414 1500 80 27 afböjd,
510 1500 45 21 ifall
570 1500 158 27 propositionen
744 1499 62 21 äfven
821 1499 5 20 i
839 1499 60 20 detta

71 1531 62 20 ämne
155 1532 37 25 ägt
214 1530 82 26 önsklig
318 1529 171 27 fullständighet.
520 1529 61 20 Hvad
604 1528 101 22 särskildt
724 1527 133 22 vidkommer
872 1527 27 20 de
