1095 1825
208 183 42 20 694
398 187 184 21 Borgareständet.
607 187 55 17 1867.
686 187 12 16 2
711 187 48 20 Maj.

249 272 81 21 Herrar
352 272 151 24 Lindblom,
526 271 88 27 Wolff,
630 271 140 22 Snellman
786 271 39 21 och
842 272 166 21 Grundfeldt

180 300 105 22 instämde
300 300 7 21 i
324 300 55 21 Herr
394 300 81 26 Berghs
491 300 84 26 förslag.

249 357 57 21 Herr
328 352 140 31 Öhrnberg
490 357 65 26 ansäg
580 356 41 21 den
643 362 49 21 nyss
710 356 81 21 skedda
806 356 123 27 voteringen
945 356 61 21 hafva

181 385 78 22 utvisat
282 387 31 19 att
338 385 52 21 hans
412 384 153 27 framställning
588 391 35 14 om
640 386 32 19 att
688 390 26 15 en
730 383 103 27 fjerdedel
849 384 22 21 af
885 384 121 27 afgifternas

181 414 77 27 belopp
285 413 68 21 skulle
378 413 30 21 uti
430 413 145 26 ifrägakomne
601 412 97 22 afseende
722 413 113 25 användas,
852 413 47 21 icke
914 413 92 21 saknade

181 442 122 26 understöd,
319 441 97 22 hvarföre
431 441 82 21 talaren
528 441 146 21 äterhemtade
689 441 184 26 framställningen
889 441 80 22 härom.

186 521 10 4 W
250 498 81 21 Herrar
353 497 134 26 Hamberg
510 497 39 21 och
569 497 117 26 Ahlberg
706 497 101 22 förenade
830 497 32 26 sig
885 497 47 21 med
951 497 56 22 Herr

182 526 116 26 Ohrnberg.

252 583 55 21 Herr
321 582 73 21 Blom
411 581 96 22 biträdde
523 582 56 21 Herr
595 582 90 21 Ottelins
700 581 56 28 äsigt
772 584 31 19 att
819 581 110 27 afgifterne
940 582 67 21 skulle

183 611 122 22 oafkortadt
320 610 83 22 tillfalla
418 611 158 21 kommunerna.

252 668 50 21 Med
324 667 85 27 ledning
429 667 62 21 häraf
507 667 130 21 framställde
653 667 55 21 Herr
724 667 165 21 Talmannen
905 667 31 21 till
952 668 57 21 stän-

184 697 46 21 dets
245 696 131 22 besvarande
391 696 170 26 propositionen:

252 752 69 21 Anser
335 752 85 21 ständet
436 751 109 27 afgifterna
560 752 33 20 för
608 752 126 26 minutering
750 752 40 21 och
805 752 141 26 utskänkning
957 752 51 21 böra

184 782 6 20 i
210 781 32 21 sin
263 780 70 22 helhet
349 780 136 21 tillerkännas
501 780 168 21 kommunerna?
685 780 86 21 hvilken
787 780 132 26 proposition
934 780 74 22 besva-

184 810 61 20 rades
266 809 47 21 med
337 808 152 26 öfvervägande
510 808 42 26 nej;
569 808 39 21 och
624 815 44 15 som
684 808 101 27 förslaget
801 808 74 21 härom
891 809 81 21 säledes
988 808 22 22 af

184 838 85 20 ständet
292 837 121 26 förkastats,
432 836 92 22 förelade
540 837 55 21 Herr
611 836 157 22 Talmannen
783 837 72 21 vidare
871 837 85 21 ständet
970 837 39 21 föl-

182 866 64 26 jande
261 865 139 27 proposition:

254 917 83 26 Önskar
359 921 85 22 ständet
464 922 116 21 bestämma
595 921 40 22 den
651 921 61 22 andel
728 921 7 20 i
750 921 153 26 frägavarande
919 921 89 27 afgifter,

185 957 44 15 som
253 950 64 26 enligt
339 950 96 21 ständets
458 950 65 21 redan
546 949 80 22 fattade
649 949 69 22 beslut
734 949 66 22 borde
817 949 82 22 tillfalla
914 950 94 21 kommu-

184 985 72 19 nerna,
280 979 98 26 antingen
400 978 32 21 till
455 985 25 14 en
503 978 112 27 fjerdedels
636 978 52 21 eller
710 984 26 15 en
752 977 119 22 tiondedels
887 981 87 24 procent
989 978 23 21 af

185 1007 122 27 afgifternas
323 1007 158 26 sammanlagda
496 1006 91 27 belopp?

253 1063 33 21 De
308 1069 45 15 som
376 1065 58 18 rösta
456 1062 33 22 för
511 1069 25 15 en
557 1062 107 27 fjerdedel,
681 1069 61 15 svara
755 1063 32 26 ja;
803 1063 26 20 de
845 1068 45 15 som
906 1064 58 20 rösta
978 1063 32 21 för

186 1097 25 15 en
227 1091 117 21 tiondedels
359 1094 93 23 procent,
468 1097 61 16 svara
544 1091 40 26 nej.

254 1148 131 21 Besvarades
401 1147 53 21 efter
469 1149 131 25 omröstning
615 1148 48 21 med
680 1148 26 20 13
719 1148 23 26 ja
755 1149 44 19 mot
809 1148 12 20 9
834 1147 43 26 nej;
892 1147 39 21 och
943 1147 67 22 skulle

186 1176 64 21 alltså
272 1176 65 21 första
359 1178 114 19 momentet
496 1176 21 21 af
532 1177 11 26 $
560 1177 25 20 52
602 1177 94 25 undergå
712 1176 65 21 sådan
793 1175 97 26 ändring,
906 1178 31 18 att
952 1175 58 26 afoif-

186 1207 59 19 terne
261 1204 32 21 för
308 1204 125 26 minutering
444 1204 39 21 och
496 1205 142 26 utskänkning
648 1205 22 21 af
680 1204 87 22 bränvin
778 1204 67 21 borde
856 1204 31 21 till
899 1210 25 15 en
935 1203 77 28 fjerde-

186 1233 33 21 del
236 1233 81 21 tillfalla
333 1233 157 21 kommunerne.

255 1289 71 21 Andra
349 1290 115 20 momentet
487 1289 22 21 af
531 1289 141 27 nyssnämnde
692 1289 11 27 $
726 1289 123 26 godkändes
871 1288 54 22 efter
940 1289 72 21 derom

186 1317 118 21 framställd
319 1317 131 27 proposition
467 1319 50 19 utan
533 1318 95 26 ändring.

254 1373 24 27 $$
298 1374 83 21 53—56
397 1375 88 24 antogos
502 1376 50 18 utan
569 1374 117 20 diskussion
702 1373 6 21 i
724 1373 94 27 enlighet
833 1373 48 21 med
897 1373 114 21 utskottets

185 1402 140 21 betänkande.

569 1487 14 27 8
599 1487 33 21 57.

256 1542 56 21 Herr
327 1538 115 31 Östring:
459 1542 104 21 utskottet
578 1543 72 26 tyckes
666 1542 106 27 verkligen
788 1542 62 21 hafva
865 1541 100 22 förutsatt
980 1544 32 19 att

187 1571 39 20 den
243 1577 29 14 nu
295 1571 98 26 gällande
418 1571 160 26 bestämningen
601 1573 32 19 att
648 1571 80 21 femton
743 1571 82 20 kannor
841 1570 52 21 eller
909 1570 105 21 derunder
