1095 1825
307 168 183 22 Börgareståndet.
515 170 56 17 1867.
596 170 22 17 21
635 170 48 21 Maj.
833 167 42 21 939

147 254 55 21 Herr
224 254 137 21 Rosenius:
385 254 71 21 Sedan
478 260 29 15 nu
521 254 52 22 flere
589 255 67 21 talare
672 255 102 26 uppträdt
790 257 57 19 emot
863 256 41 21 den

77 283 24 21 af
114 282 42 26 mig
171 282 85 27 yttrade
272 282 61 27 åsigt,
349 288 62 15 anser
424 282 38 27 jag
477 283 43 26 mig
535 282 54 21 böra
603 284 58 25 yttra
676 283 66 26 några
758 284 38 20 ord
812 284 33 20 till
859 284 45 21 för-

77 317 50 15 svar
148 311 34 20 för
197 311 129 20 densamma.
356 311 41 25 Jag
412 311 40 20 ber
467 313 33 19 att
515 311 7 20 i
537 310 78 22 sådant
630 311 98 21 afseende
743 311 22 21 få
779 311 57 22 fästa
851 319 52 20 upp-

77 339 173 21 märksamheten
274 339 71 26 derpå,
368 340 32 20 att
422 339 175 21 underlättandet
619 339 24 21 af
663 341 31 22 ett
709 339 61 22 lands
785 340 119 22 kommuni-

77 367 99 21 kationer
198 369 24 20 är
245 367 23 21 af
288 367 76 27 högsta
383 368 51 26 vigt.
465 367 66 22 Detta
546 369 25 19 är
586 374 26 14 en
627 367 23 21 så
666 368 88 21 allmänt
769 369 81 21 erkänd
865 369 38 21 sak

79 397 32 20 att
135 402 49 15 man
211 395 62 22 söker
295 401 76 21 genom
394 395 307 27 ångbåtskommunikationer,
726 396 112 27 jernvägar
863 397 40 22 och

79 424 68 21 andra
162 423 203 28 befordringsmedel
381 424 75 27 bringa
471 425 71 20 skilda
557 426 59 19 orter
626 426 97 20 närmare
734 425 32 21 till
776 425 127 22 hvarandra.

79 453 32 20 En
127 452 121 27 förhöjning
263 453 23 20 af
299 452 131 27 skjutslegan
447 459 50 14 vore
512 453 98 21 deremot
624 455 32 18 ett
671 453 68 21 medel
750 455 33 20 att
792 455 111 20 motverka

79 481 209 21 kommunikationen
304 483 85 19 orterne
405 481 97 26 emellan,
518 483 23 25 ty
557 481 89 27 mången
662 481 23 21 af
698 481 54 26 dem,
768 489 45 14 som
827 483 76 21 hittills

78 511 43 19 sett
143 510 32 26 sig
196 510 8 21 i
225 509 62 22 stånd
303 511 32 19 att
350 509 91 21 bekosta
457 515 26 15 en
499 516 54 18 resa,
569 509 55 27 finge
638 509 114 22 framdeles
768 510 89 21 besinna
871 511 32 26 sig

79 543 34 16 om
129 538 39 21 och
184 538 54 21 huru
254 538 40 21 den
310 537 54 22 skall
379 537 114 28 företagas.
515 538 125 21 Detsamma
652 540 24 19 är
687 538 64 21 också
760 538 144 23 förhållandet

78 566 49 21 med
149 568 128 25 postportot.
308 565 30 22 Så
360 566 84 27 önsklig
467 572 25 15 en
515 567 136 26 nedsättning
672 566 61 21 deraf
746 568 27 19 än
788 573 57 20 vore,
861 568 42 21 kan

78 601 26 15 en
120 595 73 27 sådan,
209 595 71 21 derest
296 595 132 26 skjutslegan
443 594 100 28 förhöjes,
559 595 47 21 icke
622 595 26 26 på
661 595 61 27 länge
733 595 85 22 komma
828 595 75 28 ifråga.

78 623 100 22 Tvertom
199 624 42 20 kan
257 630 49 14 man
321 623 72 21 befara
409 625 33 19 att
457 624 125 26 postverket
597 624 122 26 derigenom
734 624 68 21 skulle
818 624 85 28 bringas

78 652 29 26 på
122 652 80 21 sådana
217 651 106 27 förluster,
339 653 32 19 att
387 654 71 19 staten
473 652 69 21 måste
557 652 100 26 antingen
673 652 79 26 begära
767 654 31 20 ett
810 653 94 22 tillskott

79 680 33 21 för
133 680 124 27 postverket
279 680 23 21 af
322 681 115 20 ständerna
460 680 52 22 eller
535 680 65 22 också
623 680 49 26 höja
690 680 125 27 brefportot,
838 682 66 26 något

79 714 46 16 som
140 709 115 26 ingalunda
269 714 66 21 gerna
349 708 69 22 skulle
433 715 40 15 ses.
503 709 42 26 Jag
560 709 68 21 skulle
643 709 83 21 likvisst
741 711 58 19 rösta
815 709 33 21 för
860 710 43 21 för-

79 737 87 27 höjning
188 737 24 21 af
232 737 136 27 skjutslegan,
392 743 34 15 om
445 737 37 27 jag
497 738 122 26 derigenom
634 738 71 20 kunde
720 738 88 25 bidraga
822 738 33 21 till
871 740 33 20 att

79 765 86 21 hämma
188 766 36 20 det
242 768 60 24 onda,
319 772 45 15 som
380 766 67 26 enligt
462 765 56 21 hvad
531 766 38 26 jag
584 766 66 21 under
666 766 26 20 de
707 766 60 27 tjugu
783 766 23 21 år
819 766 37 27 jag
871 767 32 21 till

79 796 46 18 stor
147 794 33 21 del
203 794 96 26 tillbragt
321 794 27 26 på
369 800 59 15 resor
444 794 47 21 haft
505 794 85 21 tillfälle
606 794 76 26 erfara,
698 794 101 27 härflyter
814 795 23 21 af
851 794 52 22 håll-

79 822 153 27 skjutsningen,
248 822 36 22 det
300 824 23 19 är
339 822 117 26 allmogens
471 823 175 21 demoralisation
661 823 7 21 i
684 822 152 27 hållstugorna.
860 824 44 21 Der

79 851 33 21 lär
127 851 31 27 sig
173 851 119 26 ungdomen
308 851 39 21 allt
361 851 83 27 möjligt
460 851 92 27 okynne;
569 852 48 20 dess
632 851 30 21 tid
678 857 50 15 vore
738 851 84 27 mycket
833 852 71 21 bättre

79 880 84 20 använd
178 880 7 20 i
200 879 151 21 folkskolorna.
375 880 69 20 Dessa
458 880 62 20 skola
535 880 60 25 dock,
605 880 37 26 jag
652 881 24 19 är
687 880 123 26 öfvertygad
823 880 81 25 derom,

79 908 99 21 förblifva
199 908 81 26 ganska
300 910 59 19 toma
373 908 24 20 sä
412 907 63 27 länge
490 908 107 26 allmogen
611 908 68 21 fioner
694 908 31 21 sin
740 908 114 27 uträkning
869 909 35 20 vid

79 937 33 20 att
126 935 49 27 sjelf
189 936 146 26 upprätthälla
354 936 154 26 skjutsningen,
524 936 82 21 hvilket
621 936 6 20 i
643 938 56 19 ännu
715 936 65 26 högre
795 936 52 26 grad
863 936 41 21 blir

79 964 61 21 fallet
155 970 34 15 om
204 964 130 27 skjutslegan
350 963 100 28 förhöjes.
473 964 42 27 Jag
530 964 55 21 hade
601 964 85 21 derföre
697 964 76 21 önskat
784 966 32 19 att
827 971 76 20 genom

79 993 131 26 antagandet
225 993 23 20 af
261 993 36 20 det
312 993 58 20 förra
385 993 138 20 alternativet
538 993 7 20 i
561 993 11 26 8
588 994 14 19 4
617 993 101 20 befordra
728 993 176 26 entreprenaders

79 1021 111 21 införande
206 1021 39 21 och
260 1021 69 21 skulle
343 1021 7 20 i
366 1021 67 20 sädan
449 1021 101 21 händelse
566 1021 47 21 icke
628 1021 62 21 hafva
705 1023 88 19 motsatt
808 1021 43 27 mig
863 1021 42 21 den

79 1049 40 21 här
133 1049 121 26 föreslagna
268 1049 154 26 förhöjningen.
454 1049 49 21 Men
519 1049 28 21 dä
561 1049 93 21 nämnda
670 1049 111 22 alternativ
796 1049 47 21 icke
853 1056 52 15 vun-

79 1077 32 22 nit
133 1077 95 22 ständets
250 1078 154 27 godkännande
428 1077 39 21 och
488 1078 37 26 jag
547 1078 94 21 förutser
663 1079 32 20 att
716 1078 48 21 med
779 1083 26 15 en
821 1078 47 26 lega
883 1078 23 21 af

79 1106 79 21 femton
181 1106 62 27 penni
266 1106 33 21 för
321 1108 58 19 verst
394 1106 63 26 ingen
473 1107 56 20 enda
545 1106 141 26 entreprenad
702 1106 54 21 skail
771 1106 85 21 komma
872 1107 32 20 till

79 1133 69 28 ständ,
164 1135 68 21 ehuru
244 1135 38 26 jag
296 1136 24 19 är
336 1135 124 26 öfvertygad
475 1136 34 19 att
524 1135 35 20 vid
575 1136 89 19 motsatt
678 1134 133 21 förhällande
824 1134 80 22 sädane

79 1163 81 21 kunnat
175 1165 52 19 utan
242 1163 72 21 vidare
329 1163 93 21 tillskott
438 1163 100 26 erhällas,
555 1163 129 21 ätminstone
694 1163 7 21 i
712 1163 25 20 de
749 1164 58 19 östra
818 1163 86 21 delarne

79 1191 23 21 af
115 1191 79 26 landet,
206 1191 37 21 der
254 1191 96 26 trafiken,
362 1191 95 21 särdeles
468 1191 13 21 &
492 1191 150 27 strandvägen,
655 1193 24 19 är
689 1193 45 19 stor
744 1193 54 19 samt
809 1191 96 27 höpriset

79 1220 7 21 i
108 1220 100 21 medeltal
231 1222 63 24 utgör
316 1220 55 21 blott
393 1220 78 26 fyratio
495 1220 64 26 penni
581 1220 33 20 för
629 1220 108 26 lispundet
752 1220 40 21 och
808 1220 97 21 hafran
891 1216 19 35 i

78 1248 57 27 goda
157 1248 24 21 är
202 1248 47 22 icke
271 1248 72 22 kostar
366 1248 60 21 öfver
448 1248 33 26 sju
504 1248 13 21 ä
539 1248 47 21 ätta
608 1248 60 21 mark
691 1250 86 24 tunnan,
793 1254 62 15 anser
868 1248 37 27 jag

79 1283 88 15 numera
188 1277 54 21 intet
265 1277 46 21 skäl
332 1276 115 22 förefinnas
462 1276 34 21 för
511 1276 74 27 legans
600 1276 120 27 förhöjning
735 1276 83 21 utöfver
834 1276 35 21 det
884 1276 23 21 af

79 1305 43 27 mig
143 1306 114 21 förordade
280 1305 83 27 belopp.
394 1305 43 21 Det
459 1311 52 15 vore
535 1305 76 21 endast
625 1307 33 19 att
673 1307 59 19 störa
747 1304 90 22 trafiken
852 1306 53 20 utan

79 1335 32 19 att
126 1334 64 21 vinna
204 1334 66 26 nägot
285 1333 149 22 motsvarande
449 1334 60 25 godt.

147 1390 57 22 Herr
226 1386 119 30 Östring:
367 1390 37 26 jag
427 1390 68 21 mäste
519 1389 68 21 tillstä
606 1391 32 19 att
652 1390 36 26 jag
704 1389 18 26 ej
738 1389 43 21 kan
795 1388 111 27 gendrifva

80 1419 27 21 de
129 1419 45 21 skäl
196 1418 34 21 för
252 1424 26 16 en
293 1419 58 26 lägre
367 1418 126 26 skjutslega,
509 1424 45 15 som
570 1418 56 20 Herr
641 1417 129 21 Grundfeldt
785 1417 40 21 och
840 1417 65 27 nägre

80 1447 65 21 andre
160 1448 68 20 talare
243 1446 40 21 här
298 1446 123 22 framhällit.
444 1446 68 21 Desse
524 1446 81 21 Herrar
616 1446 70 25 hafva,
697 1446 71 21 säsom
779 1445 36 21 det
825 1446 80 26 tyckes,

79 1475 46 21 haft
140 1481 26 16 en
181 1475 106 27 synnerlig
303 1477 34 19 tur
353 1475 27 21 dä
396 1475 26 21 de
438 1474 19 27 ej
473 1474 57 22 blott
545 1474 57 27 gjort
617 1480 59 15 resor
691 1474 33 21 för
740 1480 25 15 en
782 1474 58 26 billig
851 1474 54 26 lega,

78 1505 52 19 utan
151 1504 40 21 ock
206 1505 76 20 nästan
298 1503 69 21 blifvit
382 1503 120 21 betackade
517 1503 33 20 för
566 1503 36 20 det
617 1503 25 20 de
658 1502 107 27 begagnat
779 1502 126 25 skjutshäst.

78 1531 57 21 Herr
156 1532 103 21 Rosenius
282 1531 38 21 har
335 1531 119 21 framhållit
477 1531 68 20 andra
567 1530 54 25 skäl,
641 1531 70 21 såsom
726 1530 180 21 kommunikatio-

77 1565 78 15 nernes
177 1560 39 21 och
239 1560 133 26 brefpostens
396 1559 144 21 befordrande
563 1561 56 19 samt
640 1561 34 19 att
690 1560 76 22 staten,
781 1558 7 20 i
803 1558 102 21 händelse

816 1597 23 17 60
