1095 1825
311 156 183 21 Borgareståndet.
519 157 56 17 1867.
600 157 23 17 14
634 157 47 21 Maj.
837 153 40 21 835

82 242 100 20 ståndens
198 242 121 26 skiljaktiga
334 242 70 21 beslut
420 242 5 20 i
442 241 114 26 anledning
571 241 23 21 af
607 241 77 27 nådiga
700 242 159 26 propositionen
872 249 34 15 om

82 270 88 26 behörig
195 270 91 21 domstol
311 270 33 21 för
369 270 136 26 upptagande
531 270 23 20 af
577 270 144 26 hvarjehanda
746 270 42 21 mål
815 271 91 21 rörande

81 299 123 25 frälsemän;

151 366 43 27 2:0)
209 365 46 22 från
270 366 157 26 Ridderskapet
442 366 40 21 och
497 365 69 22 Adeln
577 366 33 21 för
621 372 80 15 samma
712 366 47 27 dag,
770 367 48 20 med
829 367 76 21 under-

83 395 86 20 rättelse
185 401 34 14 om
234 395 95 20 ståndets
344 394 71 21 beslut
431 394 90 21 rörande
533 394 121 21 återremiss
664 395 32 20 till
707 397 62 18 stats-
780 395 39 21 och
833 395 73 21 bevill-

83 423 167 26 ningsutskottet
264 423 24 21 af
301 423 77 26 nådiga
393 423 161 26 propositionen
567 428 34 15 om
614 429 27 20 ny
653 422 129 28 förordning,
796 424 109 27 angående

83 451 270 27 stämpelpappersafgiften
368 451 7 20 i
390 451 100 26 Finland;

151 519 43 26 3:0)
218 519 47 20 från
287 519 156 26 Ridderskapet
459 519 39 21 och
514 519 69 21 Adeln
599 519 32 20 för
647 519 90 20 berörde
752 519 47 26 dag,
815 520 91 21 innefat-

83 547 64 21 tande
170 547 95 22 ständets
288 547 69 21 beslut
372 547 7 20 i
394 547 115 26 anledning
531 547 23 21 af
574 547 169 22 Bondeständets
761 548 146 27 inbjudning
895 543 15 36 i

83 575 74 27 frägan
174 582 34 15 om
223 576 118 26 antagande
357 575 22 21 af
393 575 220 22 häradsnämndemän
629 576 39 21 och
679 576 61 21 deras
751 577 62 20 andel
824 577 6 20 i
841 577 66 26 tings-

83 604 135 27 gästningen
208 600 12 36 ;

151 668 44 25 4:0)
217 667 47 21 frän
286 667 156 26 Ridderskapet
465 667 39 21 och
527 667 68 21 Adeln
618 667 33 21 för
673 667 64 26 sagde
760 668 47 26 dag,
830 667 77 21 hvaraf

83 696 139 25 inhemtades,
241 698 33 18 att
288 695 85 21 ständet
389 696 32 20 till
437 698 140 18 sammansatt
593 695 106 21 ekonomi-
716 698 55 19 samt
785 698 64 19 stats-
865 696 40 21 och

84 724 208 26 bevillningsutskott
315 724 118 20 remitterat
456 724 77 26 nädiga
550 724 166 26 propositionen,
732 724 109 26 angäende
856 724 50 26 byg-

83 752 68 26 gande
168 752 22 21 af
202 752 88 26 jernväg
304 752 47 20 från
367 752 115 21 Riihimäki
498 753 79 20 station
589 752 12 21 ä
615 748 138 35 Helsingfors
761 752 144 22 —Tavastehus

84 780 70 22 banan
170 780 59 22 öfver
244 780 74 22 Lahtis
333 780 39 21 och
387 780 82 27 Viborg
485 781 32 21 till
533 780 32 22 S:t
580 780 138 27 Petersburg;

153 844 42 26 5:0)
218 842 46 22 frän
286 842 161 22 Presteständet
469 842 33 22 för
527 843 41 21 den
595 844 25 20 10
646 843 84 26 dennes,
758 843 147 21 innehällande

85 871 95 21 ständets
202 871 70 21 beslut
287 872 6 20 i
309 871 74 26 frägan
399 877 34 15 om
450 871 203 27 sammanjemkning
668 872 23 20 af
704 872 100 20 ständens
819 872 86 26 skiljak-

84 900 44 26 tiga
150 900 71 20 beslut
235 900 7 20 i
258 900 112 26 anledning
391 899 23 21 af
435 900 78 25 nädiga
532 900 164 25 propositionen,
714 900 108 26 angäende
838 900 69 21 landt-

85 928 151 26 dagsordning;

154 991 41 25 6:0)
210 989 46 22 frän
278 989 161 22 Presteständet
461 989 33 22 för
515 996 82 15 samma
617 991 46 26 dag,
679 990 108 27 angäende
803 996 104 15 samman-

82 1018 110 27 jemkning
215 1019 22 20 af
259 1018 100 21 ständens
381 1018 124 27 skiljaktiga
527 1019 71 21 beslut
620 1019 6 20 i
649 1019 113 26 anledning
784 1019 23 20 af
830 1018 77 27 nädiga

84 1047 160 26 propositionen
267 1053 34 14 om
324 1047 24 20 de
365 1047 127 26 rättigheter
507 1047 40 21 och
563 1047 150 26 skyldigheter,
729 1053 44 15 som
789 1047 118 21 tillkomma

85 1075 90 21 embets-
191 1075 39 21 och
246 1075 132 27 tjenstemän,
394 1075 83 21 hvilkas
493 1075 144 26 befattningar
652 1076 108 25 indragas;

153 1137 43 27 7:0)
220 1137 47 22 från
290 1137 160 22 Presteständet
472 1137 34 22 för
529 1138 90 21 berörde
634 1139 47 26 dag,
698 1138 89 21 rörande
803 1144 104 15 samman-

82 1166 108 27 jemkning
206 1166 22 21 af
242 1166 99 21 ständens
357 1166 123 27 skiljaktiga
495 1166 70 21 beslut
580 1167 7 20 i
603 1167 113 26 anledning
731 1166 22 21 af
767 1166 76 26 nädiga
859 1172 48 20 pro-

84 1195 126 26 positionen,
233 1195 108 27 angäende
364 1195 89 26 behörig
475 1195 93 21 domstol
589 1195 34 21 för
638 1195 135 27 upptagande
788 1194 23 21 af
824 1194 83 27 hvarje-

84 1223 70 21 handa
170 1223 49 26 mål,
235 1224 90 20 rörande
341 1223 124 26 frälsemän
454 1219 15 34 ;

153 1286 43 26 8:0)
212 1285 47 21 från
280 1286 160 21 Presteståndet
456 1285 33 21 för
505 1286 64 27 sagde
585 1286 47 26 dag,
648 1286 148 21 innehållande
811 1285 96 22 ståndets

83 1313 71 21 beslut
168 1314 7 20 i
190 1314 113 26 anledning
325 1314 22 21 af
367 1314 172 21 Bondeståndets
561 1314 124 27 inbjudning
708 1316 32 19 att
760 1314 84 21 biträda
859 1314 48 21 sist-

83 1342 91 21 nämnda
196 1342 74 21 stånds
285 1342 75 27 åtgärd
376 1343 6 20 i
398 1342 82 27 frågan,
495 1343 111 27 angående
621 1343 123 21 utsättande
760 1343 22 21 af
795 1342 112 27 förgiftadt

83 1370 97 22 lockbete
196 1370 13 22 å
224 1377 53 20 egna
292 1373 61 24 ägor;

153 1433 40 25 9:0)
208 1433 47 21 från
276 1433 161 21 Presteståndet
460 1433 33 21 för
515 1440 82 14 samma
617 1434 47 26 dag,
680 1434 75 20 hvaraf
768 1433 138 25 inhemtades,

83 1463 32 19 att
130 1462 86 20 ståndet
238 1462 32 20 till
286 1463 140 19 sammansatt
441 1462 110 20 ekonomi-
567 1465 54 18 samt
636 1464 62 19 stats-
716 1462 38 21 och
771 1462 136 26 bevillnings-

83 1490 83 21 utskott
188 1490 119 21 remitterat
329 1490 78 26 nådiga
429 1490 168 26 propositionen,
620 1490 108 27 angående
753 1490 110 26 byggande
886 1489 23 21 af

81 1518 88 26 jernväg
191 1518 47 21 från
260 1518 113 21 Riihimäki
395 1519 81 20 station
492 1518 13 21 å
520 1518 295 27 Helsingfors—Tavastehus
837 1518 70 21 banan

83 1546 58 21 öfver
156 1546 75 21 Lahtis
246 1547 40 20 och
301 1547 80 26 Viborg
397 1547 33 20 till
446 1546 32 21 S:t
494 1547 137 26 Petersburg;
