1095 1825
303 152 184 22 Borgareståndet.
512 152 56 18 1867.
593 153 9 16 1
614 152 48 22 Maj.
829 148 40 20 659

73 239 28 27 på
117 239 55 24 eder,
188 238 80 21 hvilket
283 238 73 21 tillhör
371 238 47 21 vårt
433 238 123 20 nuvarande
572 237 161 21 samhällsskick
748 237 39 21 och
798 238 100 21 särskildt

73 268 48 20 vårt
143 266 221 27 rättegångsväsende,
387 266 124 21 hemställer
531 266 38 26 jag
588 266 60 25 dock,
665 266 48 21 med
728 266 134 26 åberopande
877 266 23 20 af

75 296 26 20 de
116 296 46 20 skäl
174 295 37 26 jag
226 295 70 20 anfört
312 295 27 20 då
353 294 61 27 fråga
429 301 38 14 var
481 301 34 14 om
531 296 12 19 5
561 295 18 26 $,
595 296 32 19 att
638 294 36 21 det
684 294 23 21 af
716 294 55 21 Herr
781 294 117 21 Cederman

75 323 132 22 framställda
221 323 103 26 yrkandet
340 323 18 26 ej
374 323 67 20 mätte
458 323 21 20 af
493 323 86 20 ständet
599 322 90 21 bifallas.
720 322 89 21 Ständet
827 322 70 21 kunde

75 352 104 27 nemligen
201 351 65 21 blifva
288 353 81 20 ensamt
393 357 34 15 om
451 351 40 21 den
513 351 121 26 föreslagna
652 351 108 26 ätgärden,
776 351 7 20 i
798 351 100 21 händelse

76 381 25 20 de
117 380 67 27 öfriga
200 381 88 20 stånden
303 380 68 21 skulle
386 380 93 21 vidhålla
491 380 40 20 den
544 379 107 27 synpunkt
661 380 8 20 i
680 379 98 21 afseende
788 379 13 21 ä
811 379 87 26 gransk-

75 409 77 26 ningen
167 409 23 20 af
202 409 138 20 förevarande
355 408 121 27 lagförslag,
493 408 36 26 jag
552 408 55 26 tagit
627 408 43 26 mig
692 407 91 22 friheten
805 407 92 22 förorda.

76 437 49 21 Men
146 443 34 15 om
201 437 63 21 också
288 439 31 19 ett
333 437 126 20 ständernas
475 436 69 21 beslut
560 436 109 27 angående
686 436 68 21 denna
770 436 36 21 eds
821 436 77 21 afskaf-

75 466 64 21 fande
154 468 56 19 emot
225 465 109 21 förmodan
350 465 71 21 kunde
436 465 181 26 tillvägabringas,
631 465 68 20 skulle
710 471 26 14 en
746 464 65 21 sädan
823 465 75 26 ätgärd

76 494 99 27 möjligen
190 494 48 21 leda
254 494 79 21 derhän
348 496 39 23 att,
403 493 47 21 ifall
462 494 59 20 Hans
533 493 119 26 Kejserliga
662 493 101 26 Majestät
773 493 22 21 af
804 493 93 22 orsaker,

77 523 46 20 dem
144 523 20 20 vi
187 522 18 27 ej
226 522 76 25 känna,
326 522 77 27 ansäge
418 522 59 21 tiden
492 522 47 21 icke
555 528 51 15 vara
621 522 49 20 inne
685 521 33 21 för
734 522 68 20 denna
817 522 36 21 eds
869 521 29 21 af-

76 551 114 25 skaffande,
206 557 47 14 man
269 557 75 20 genom
359 553 32 18 att
406 552 102 25 uppsätta
524 551 59 20 detta
599 550 70 21 säsom
681 550 68 21 vilkor
759 549 32 22 för
801 550 98 26 proposi-

76 581 82 20 tionens
181 579 118 27 antagande
320 579 71 21 kunde
414 579 109 26 äfventyra
539 579 48 20 hela
603 579 40 20 den
659 578 141 27 lagstiftnings
815 578 82 27 ätgärd,

77 608 87 21 hvarom
188 608 38 21 här
247 608 118 26 egentligen
381 610 24 18 är
420 607 64 24 fräga.
515 607 104 21 Deremot
633 607 49 21 ville
695 607 37 27 jag
746 613 65 21 gerna
825 607 74 21 förena

76 637 43 26 mig
134 643 34 14 om
184 638 31 19 att
230 637 124 21 ständernas
370 642 49 15 svar
434 636 28 26 pä
475 636 162 26 propositionen
652 636 68 20 skulle
736 635 83 27 ätföljas
829 635 23 21 af
863 636 36 20 det

77 665 163 27 önskningsmäl,
258 666 32 20 att
305 665 39 21 den
360 671 28 14 nu
404 665 98 26 gällande
518 664 241 26 rättegängsordningen
774 664 6 20 i
795 664 42 20 alla
850 664 47 20 dess

76 694 104 21 särskilda
201 694 58 20 delar
281 694 23 20 sä
326 695 59 19 snart
405 699 46 15 som
472 693 83 27 möjligt
577 693 71 21 kunde
670 692 139 21 underkastas
834 692 64 26 nödig

77 722 92 22 revision
184 722 39 21 och
239 724 31 19 att
285 722 59 21 Hans
360 722 118 26 Kejserliga
494 722 101 26 Majestät
610 721 35 21 vid
656 728 25 14 en
692 721 125 21 kommande
828 721 70 20 landt-

77 751 40 26 dag
140 751 48 20 ville
210 750 107 27 förelägga
338 750 115 21 ständerna
475 750 80 26 förslag
573 750 33 20 till
628 756 25 14 en
677 756 27 20 ny
719 749 179 27 rättegängsbalk,

77 779 114 21 utarbetad
207 779 64 21 bland
286 780 65 20 annat
365 778 7 21 i
388 778 36 22 det
441 778 54 27 syfte
511 780 32 20 att
559 778 131 26 vrängseden
706 778 68 20 blefve
789 777 109 21 afskaffad.

146 835 30 21 På
195 835 56 21 Herr
274 835 172 21 Talmannens
468 835 157 27 framställning
646 834 64 22 vardt
732 834 39 21 den
786 834 113 26 iproposi-

77 864 74 21 tionen
172 864 119 26 föreslagna
313 864 90 26 ändring
426 864 22 20 af
468 863 162 27 ifrägavarande
646 864 12 25 $
677 863 48 21 med
748 862 152 27 öfvervägande

77 892 154 26 röstpluralitet
246 892 22 21 af
281 892 84 21 ständet
380 892 106 26 godkänd.

300 979 27 19 16
343 977 50 27 kap.
409 977 72 20 andra
494 976 99 27 punkten
608 977 9 19 i
631 977 15 26 $
661 977 19 20 1.

146 1033 55 22 Herr
217 1033 134 22 Snellman
367 1034 98 26 föreslog,
481 1035 33 19 att
530 1033 35 21 det
581 1033 39 21 här
635 1033 171 21 förekommande
821 1034 78 25 uttryc-

77 1062 36 21 ket
126 1062 69 25 ,,hvad
211 1063 41 26 dag
266 1062 45 21 före
326 1063 28 20 kl.
372 1063 25 20 12
414 1063 36 20 det
465 1062 38 21 ske
518 1062 53 21 bör'*
587 1062 67 21 skulle
670 1062 76 20 ändras
757 1061 29 24 sä,
797 1063 32 18 att
840 1061 60 21 deraf

77 1091 116 26 framginge
212 1091 36 20 det
266 1091 102 21 besvären
386 1091 55 26 finge
459 1091 103 20 inlemnas
578 1090 85 21 hvilken
679 1090 31 21 tid
725 1096 45 15 som
785 1089 54 21 helst
854 1089 45 21 före

79 1119 35 21 det
129 1121 81 19 utsatta
224 1119 137 26 klockslaget.

146 1175 55 22 Herr
220 1176 84 27 Bergh
323 1176 117 25 anmärkte,
457 1177 32 20 att
504 1175 162 27 ifrågavarande
682 1175 90 26 uttryck,
789 1181 44 14 som
849 1175 7 20 i
871 1181 28 14 nu

77 1204 97 27 gällande
196 1204 35 27 lag
253 1205 39 21 har
312 1205 111 21 enahanda
438 1204 86 26 lydelse,
541 1204 68 26 aldrig
624 1203 105 22 tillförene
744 1203 155 24 missförstätts,

78 1233 98 21 hvarföre
190 1233 82 21 talaren
288 1234 64 26 ansäg
367 1233 56 21 Herr
439 1233 119 21 Snellmans
574 1233 78 26 förslag
667 1232 71 21 kunna
753 1232 80 21 lemnas
847 1234 52 18 utan

78 1261 104 21 afseende.

146 1318 54 20 Herr
221 1318 135 21 Snellman
375 1318 112 21 erindrade
502 1318 7 21 i
525 1318 113 26 anledning
657 1317 66 25 häraf,
743 1319 31 19 att
789 1317 89 26 ändring
892 1317 7 20 i

78 1346 35 21 det
129 1346 22 21 af
164 1346 77 21 honom
258 1346 111 21 förordade
385 1346 54 26 syfte
455 1346 62 21 äfven
532 1346 101 26 vidtagits
649 1346 12 20 &
677 1346 67 26 öfriga
762 1345 81 25 ställen,
863 1346 37 20 der

77 1374 74 27 lagens
173 1375 117 26 stadgande
311 1375 72 20 kunde
405 1375 62 26 tydas
490 1374 87 26 derhän,
602 1376 32 19 att
656 1374 244 26 ändringsansökningen

77 1403 66 21 borde
158 1404 12 20 &
186 1404 41 20 viss
244 1404 40 26 dag
298 1403 109 26 fullföljas.

145 1460 55 20 Herr
222 1459 151 27 Ohrnberg:
394 1460 62 20 äfven
476 1460 37 26 jag
535 1460 36 20 vill
594 1460 99 26 påminna
716 1459 43 27 mig
778 1461 31 19 att
825 1459 38 21 den
879 1459 23 20 af

77 1488 55 20 Herr
148 1488 106 21 Snellman
270 1488 119 26 äberopade
405 1488 91 26 ändring
511 1488 57 21 skett
583 1488 7 20 i
606 1488 25 21 de
647 1488 136 26 stadganden,
798 1493 45 15 som
859 1487 41 21 till-

77 1516 52 20 höra
145 1517 25 20 25
187 1516 39 21 och
242 1517 26 20 26
284 1517 48 25 kap.
349 1516 24 21 R.
389 1516 24 21 B.
440 1516 96 21 Orsaken
553 1516 69 21 dertill
638 1518 24 19 är
678 1517 40 20 den
733 1516 76 26 nädiga
825 1521 75 20 propo-

77 1544 62 21 sition
155 1545 113 20 ständerne
283 1545 35 20 vid
334 1545 69 20 denna
422 1545 102 26 landtdag
547 1544 40 21 fätt
608 1546 113 25 emottaga,
745 1544 90 21 rörande
857 1543 44 22 för-
