1095 1825
306 134 185 22 Borgareståndet.
515 134 54 18 1867.
591 126 30 34 28
633 126 47 34 Maj.
821 130 57 26 1131

149 220 41 27 1:0)
214 219 67 22 Gillar
295 219 90 22 ståndet
399 218 119 24 utskettete
533 218 135 24 betänkande
680 218 36 26 till
731 219 41 21 den
787 219 42 27 del,
845 219 64 25 hvar-

77 249 91 27 igenom,
184 248 7 21 i
206 248 68 21 likhet
284 248 48 21 med
343 248 56 20 hvad
410 247 144 27 petitiomären
561 246 99 28 anhållit,
670 246 94 26 föreslås,
776 247 36 22 det
821 248 88 23 ståndet

71 277 77 22 -skulle
163 276 90 22 utverka
268 276 65 21 sådan
349 275 148 23 modifikation
512 276 8 20 i
533 275 80 27 nådiga
628 275 151 27 förordningen
794 275 24 24 af
825 276 42 26 den
878 277 29 26 25

77 305 46 22 Juli
146 305 62 25 1866,
230 306 33 19 att
284 305 35 20 vid
337 303 82 28 fartygs
432 304 99 26 mätning
542 303 80 22 endast
636 304 154 25 undermäster,
805 305 103 27 bogspröt

78 333 41 22 och
141 333 63 22 roder
224 333 66 26 jemte
312 333 145 21 undervanter
479 332 42 21 och
543 332 116 26 understag
676 332 52 21 eller
743 332 84 27 riggens
842 333 66 22 nedre

78 361 42 22 och
142 363 86 26 tyngsta
250 361 60 21 delar
331 360 92 23 behöfde
441 366 52 16 vara
509 360 13 21 &
536 360 92 27 fartyget
643 360 111 27 anbragta,
770 367 48 16 men
833 363 34 20 att
881 362 27 22 de

78 390 136 22 äterstäende
229 390 77 21 lättare
322 389 96 26 delarna,
434 389 52 22 eller
501 390 87 25 stänger
604 388 39 22 och
659 389 48 21 räer
719 389 66 26 jemte
797 389 111 27 tägverket

78 418 35 22 till
127 419 41 21 den
184 418 46 21 öfra
245 418 74 27 riggen
333 417 63 27 finge,
411 417 7 22 i
434 417 69 22 likhet
517 417 49 24 med
580 417 69 24 andra
664 417 6 21 i
681 417 91 22 berörda
783 417 125 28 förordning

78 447 140 26 uppräknade
233 446 106 26 tillbehör,
356 446 55 21 efter
425 445 155 28 upprättandet
596 445 24 22 af
633 445 71 23 dertill
717 446 66 26 nödig
798 446 59 22 tariff
871 446 36 22 be-

79 475 78 22 räknas
179 475 33 22 till
233 475 119 26 procenttal
375 474 24 21 af
420 474 105 27 fartygets
547 473 49 22 hela
614 474 85 21 lästetal
715 474 39 21 och
770 474 90 22 sälunda
874 475 31 21 af-

77 503 95 28 dragas?

148 560 163 27 Propositionen
325 559 129 22 besvarades
469 559 104 26 enhälligt
584 559 100 26 jakande.

149 618 42 26 2:0)
213 618 95 24 Antager
327 616 87 22 ständet
435 616 118 22 utskottets
575 616 134 21 betänkande
730 616 7 21 i
758 616 67 28 öfriga
840 617 66 27 delar,

79 646 137 26 hvarigenom
231 646 152 26 petitionärens
397 644 96 28 yrkande
507 644 30 26 pä
552 644 136 27 nedsättning
702 644 24 22 af
734 644 173 28 skeppsmätare-

78 675 90 21 arvodet
190 674 33 21 till
245 674 27 21 25
290 674 63 26 penni
368 673 34 21 för
417 673 43 21 läst
475 672 113 28 afstyrkes,
605 672 51 22 eller
671 672 36 22 vill
722 673 84 22 ständet
821 674 62 22 äfven
899 674 7 21 i

79 702 70 22 denna
164 702 34 22 del
213 702 113 26 godkänna
341 700 219 29 petitionsförslaget?

146 759 40 25 De,
209 765 45 15 som
278 759 66 21 önska
363 759 35 21 det
414 758 63 26 förra,
494 764 63 15 svara
569 758 30 27 ja,
615 758 39 21 och
670 758 32 26 de,
719 758 70 22 hvilka
805 759 49 27 vilja
869 759 38 21 det

79 793 83 21 senare,
178 793 62 15 svara
255 787 39 27 nej.
682 792 2 2 N

147 844 76 23 Denna
238 844 132 26 proposition
386 843 129 21 besvarades
531 842 54 22 bäde
601 843 49 21 med
664 843 23 27 ja
701 844 39 21 och
753 844 40 26 nej,
805 844 100 22 hvarföre

78 872 97 27 votering
198 872 85 26 skedde,
307 872 73 21 dervid
404 872 27 20 10
448 874 71 19 röster
534 871 105 22 befunnos
655 872 62 21 hafva
732 872 79 22 uttaiat
825 873 32 26 sig
870 872 36 22 för

76 900 25 27 ja
116 901 40 21 och
172 901 26 21 13
214 900 33 21 för
262 900 44 27 nej;
321 900 84 27 tillfölje
421 900 79 21 hvaraf
513 900 40 21 och
569 900 27 21 dä
611 900 206 27 petitionsförslaget
826 900 80 27 jemväl

79 929 7 20 i
101 929 69 21 denna
185 935 75 15 senare
276 929 33 20 del
324 931 82 24 antogs,
421 928 69 21 skulle
506 928 132 27 underdänig
654 928 125 22 hemställan
795 929 6 21 i
812 929 94 27 enlighet

78 957 50 22 med
143 957 64 27 sagde
222 957 80 26 förslag
317 957 38 21 hos
371 957 61 21 Hans
446 957 121 26 Kejserliga
581 956 101 27 Majestät
696 959 70 24 göras.

140 1013 128 27 Föredrogs
284 1013 32 22 till
331 1013 72 22 vidare
420 1013 75 26 åtgärd
509 1013 96 21 ständets
618 1013 95 21 enskilda
724 1013 182 22 besvärsutskotts

78 1043 42 21 den
135 1043 27 20 27
178 1042 141 21 innevarande
335 1041 43 27 Maj
395 1041 119 27 bordlagda
529 1041 135 22 betänkande
678 1042 40 21 N:o
730 1042 34 26 23,
775 1043 6 20 i
791 1042 115 27 anledning

77 1070 26 22 af
115 1070 119 26 föreslagen
249 1070 132 27 underdänig
395 1070 91 27 petition
502 1076 35 15 om
552 1069 150 28 upphäfvande
724 1070 52 21 eller
793 1070 112 21 inskränk-

79 1099 50 26 ning
151 1098 23 21 af
195 1099 146 26 skyldigheten
364 1101 33 18 att
418 1100 75 25 uttaga
515 1098 106 21 certifikat
642 1099 33 20 för
690 1099 215 27 stadsmannafartyg;

79 1127 91 22 medelst
184 1127 81 21 hvilket
280 1127 136 21 betänkande
431 1127 106 21 utskottet
552 1127 130 26 hemställer,
695 1127 35 21 det
741 1127 86 22 ständet
837 1127 68 22 skulle

79 1155 39 22 hos
134 1156 58 21 Hans
207 1155 120 27 Kejserliga
341 1155 102 27 Majestät
458 1155 7 21 i
479 1155 171 26 underdänighet
665 1155 93 25 anhälla,
770 1158 33 19 att
813 1156 26 21 de
850 1155 56 22 före-

79 1184 87 21 skrifter
188 1183 109 26 angående
319 1183 82 28 fartygs
424 1183 130 22 certifikater
573 1184 34 21 för
621 1184 111 21 städernas
746 1183 77 28 fartyg,
838 1189 46 16 som
900 1185 6 20 i

78 1212 104 28 förslaget
197 1212 32 21 till
244 1218 27 22 ny
286 1212 67 27 sjölag
369 1214 37 20 äro
422 1212 141 26 framställda,
579 1212 69 22 kunde
664 1219 75 20 genom
755 1212 92 22 särskild
861 1212 45 22 för-

77 1241 93 27 fattning
186 1240 117 22 fastställas
318 1241 33 21 till
367 1240 133 27 efterlefnad,
517 1241 119 21 oberoende
651 1241 23 21 af
688 1241 64 27 sagde
767 1241 86 26 förslag.

147 1297 46 21 Och
208 1303 45 15 som
270 1297 84 21 ståndet
369 1296 51 22 fann
435 1297 52 27 godt
502 1297 117 22 utskottets
635 1297 135 21 betänkande
784 1296 120 28 godkänna,

78 1326 69 21 skulle
170 1326 82 21 således
273 1325 134 27 underdånig
429 1326 92 26 petition
543 1326 6 20 i
567 1326 139 21 omförmälda
722 1325 53 28 syfte
791 1326 38 21 hos
846 1326 59 21 Hans

79 1354 119 28 Kejserliga
214 1354 99 27 Majestät
327 1356 72 25 göras.

148 1410 40 22 Till
211 1411 122 26 ytterligare
348 1410 158 28 handläggning
521 1410 111 28 föredrogs
647 1411 95 21 ståndets
758 1410 96 22 enskilda
869 1410 36 22 be-

78 1440 155 20 svärsutskotts
256 1439 40 21 den
319 1440 26 20 27
368 1440 7 20 i
397 1439 71 21 denna
485 1439 82 21 -månad
579 1439 120 26 bordlagda
714 1439 135 21 betänkande
863 1439 41 21 N:o

79 1468 34 25 24,
136 1468 7 21 i
164 1468 113 26 anledning
298 1467 22 21 af
341 1467 119 27 föreslagen
481 1467 132 27 underdänig
636 1468 89 26 petition
740 1473 35 15 om
790 1466 115 27 lindring
892 1462 16 37 i

77 1496 42 21 den
142 1502 26 15 en
190 1496 35 21 del
241 1496 23 21 af
277 1496 82 21 landets
374 1496 73 21 städer
462 1496 117 26 tryckande
594 1496 243 26 ingvarteringstungan.
867 1494 38 22 Uti

77 1523 66 27 sagde
165 1524 135 21 betänkande
322 1523 39 22 har
379 1524 106 21 utskottet
500 1525 75 26 yttrat,
590 1525 33 20 att
638 1524 88 23 emedan
741 1523 33 25 till
789 1522 118 23 ständerna

813 1561 22 18 72
