1095 1825
218 117 42 21 820
422 123 184 21 Borgareståndet.
632 124 54 17 1867.
710 125 23 16 13
745 124 47 20 Maj.

259 208 122 26 Föredrogs
403 210 32 19 ett
457 208 231 26 grundlagsutskottets
710 208 86 22 ståndet
818 208 101 22 tillsända
941 208 73 22 betän-

189 236 78 26 kande,
282 236 150 22 innehällande
447 236 78 26 förslag
541 236 32 21 till
588 237 203 26 sammanjemkning
806 236 21 22 af
841 237 101 21 ständens
958 236 56 27 skilj-

190 264 73 26 aktiga
278 264 71 21 beslut
364 265 6 20 i
386 264 113 27 anledning
515 264 21 22 af
550 265 117 26 Kejserliga
683 265 165 27 propositionen,
864 266 109 25 angäende
989 265 25 21 de

190 292 128 27 rättigheter
340 292 40 21 och
402 292 149 27 skyldigheter,
571 300 45 14 som
632 293 118 21 tillkomma
766 293 91 21 embets-
873 293 38 21 och
928 294 87 25 tjenste-

190 322 56 23 män,
270 319 82 23 hvilkas
375 321 141 26 befattningar
538 321 104 26 indragas.
673 321 33 21 Dä
722 321 63 21 likväl
801 321 58 21 detta
875 321 79 27 förslag
968 321 46 22 icke

190 347 56 22 afser
271 349 70 26 någon
363 349 90 26 ändring
475 349 22 21 af
518 349 191 26 Borgareständets
731 349 56 21 förut
807 349 7 20 i
837 349 75 26 frågan
935 349 79 22 fattade

191 376 76 27 beslut,
290 378 75 25 ansägs
381 377 117 21 detsamma
513 377 17 26 ej
547 377 109 22 föranleda
672 377 31 21 till
720 377 68 27 nägon
804 377 76 27 ätgärd
895 377 47 21 frän
957 378 57 21 stän-

191 405 47 21 dets
253 405 53 24 sida,
323 405 86 21 hvarom
426 405 217 26 grundlagsutskottet
660 405 67 22 skulle
743 406 134 21 underrättas
892 412 75 20 genom
984 408 31 19 ett

190 433 24 21 sä
230 433 91 27 lydande
337 433 204 27 protokollsutdrag:

468 517 81 27 Utdrag
577 517 22 21 af
626 517 191 26 Borgareständets
845 517 107 27 protokoll
979 517 35 22 vid

398 545 127 27 landtdagen
542 546 5 20 i
563 545 131 27 Helsingfors
711 546 39 21 den
768 546 25 21 13
809 545 42 28 Maj
869 547 61 20 1867.

261 601 128 27 Föredrogs:
414 601 232 27 Grundlagsutskottets
668 602 78 26 förslag
765 602 31 21 till
811 602 203 27 sammanjemkning

192 630 22 21 af
230 630 105 22 Ständens
351 630 121 27 skiljaktiga
487 630 69 22 beslut
571 630 6 21 i
595 630 113 26 anledning
723 630 21 22 af
758 630 82 26 Nädiga
855 630 159 28 propositionen

192 658 110 27 angående
325 658 26 21 de
369 658 126 26 rättigheter
510 659 38 21 och
564 658 149 27 skyldigheter,
729 665 45 15 som
789 659 119 21 tillkomma
923 659 91 21 embets-

192 688 40 20 och
256 686 133 26 tjenstemän,
411 686 81 22 hvilkas
514 686 142 27 befattningar
671 687 109 26 indragas:
797 687 38 21 och
851 694 46 14 som
913 687 101 27 förslaget

192 716 46 20 icke
261 715 90 21 berörde
367 715 26 21 de
409 714 21 22 af
444 715 179 26 Borgareständet
637 716 6 18 i
659 716 88 20 ärendet
762 715 79 21 fattade
857 715 76 25 beslut,
949 716 65 26 ansäg

192 743 92 21 Ständet
306 744 68 25 nägon
397 743 72 21 vidare
491 744 74 25 ätgärd
584 744 6 20 i
607 743 112 26 anledning
735 743 60 21 deraf
807 744 46 20 icke
869 743 101 27 päkallas,
986 746 27 18 än

193 774 31 18 att
244 771 139 21 Medständen
399 772 39 20 och
454 771 128 21 förbemälda
597 771 88 21 Utskott
700 772 68 20 skulle
784 778 33 14 om
833 771 111 27 förslagets
959 771 55 22 före-

194 799 102 27 dragning
312 800 6 20 i
333 800 179 26 Borgareständet
527 806 75 20 genom
619 800 194 26 protokollsutdrag
829 800 139 21 underrättas.

784 855 21 17 In
817 855 60 18 fidem:

720 889 74 21 Sixtus
811 889 133 21 Calamnius.

262 973 55 21 Herr
333 973 157 21 Talmannen
505 973 98 26 föredrog
618 979 28 15 nu
661 973 150 27 lagutskottets
826 973 56 22 förut
897 973 117 27 bordlagda

194 1001 133 22 betänkande
343 1001 6 21 i
365 1001 112 27 anledning
489 1001 22 21 af
520 1001 116 27 Kejserliga
646 1002 163 26 propositionen,
821 1003 107 25 angäende
939 1008 75 15 ansvar

192 1030 34 21 för
249 1030 129 26 antändning
400 1029 23 22 af
443 1030 101 26 egendom
562 1030 6 21 i
584 1029 62 27 afsigt
661 1032 32 19 att
708 1030 108 21 ätkomma
831 1031 122 26 ersättning,
970 1036 44 15 som

192 1057 34 22 för
241 1057 136 22 brandskada
393 1057 64 22 utfäst
473 1060 28 19 är.

262 1114 70 21 Sedan
355 1114 108 26 ingressen
486 1114 30 21 till
540 1114 150 27 författningen
712 1115 6 20 i
742 1117 71 18 ämnet
835 1114 92 27 antagits
950 1114 65 27 enligt

193 1143 117 20 utskottets
333 1142 83 27 förslag,
440 1143 108 26 föredrogs
571 1144 11 25 S
608 1144 8 19 1
640 1143 7 20 i
670 1143 151 26 betänkandet,
844 1143 87 21 hvarvid
954 1143 61 21 ordet

193 1171 103 26 begärdes
311 1171 22 21 af

263 1228 56 20 Herr
341 1227 150 26 Cederman,
513 1234 44 14 som
573 1228 95 26 yttrade:
684 1228 67 21 första
767 1230 116 19 momentet
897 1228 7 20 i
920 1228 69 20 denna
1004 1228 12 26 $

194 1257 106 25 upptager
322 1256 34 20 vid
379 1256 170 21 bestämmandet
571 1256 23 20 af
611 1258 99 19 ansvaret
725 1256 36 21 två
776 1256 126 26 kategorier,
920 1256 39 20 den
976 1262 40 15 ena

194 1284 106 26 nämligen
322 1286 39 18 när
383 1284 171 27 andtändningen
570 1285 67 21 sker
626 1280 12 36 i
656 1284 63 26 afsigt
734 1287 32 18 att
780 1284 109 22 ätkomma
904 1284 111 21 brandför-

194 1312 193 26 säkringssumman
404 1313 39 20 och
460 1313 38 21 den
515 1313 66 20 andra
596 1315 39 19 när
651 1313 39 21 den
702 1313 48 21 sker
765 1312 6 21 i
784 1315 65 18 annat
859 1313 85 25 svikligt
955 1312 60 26 syfte.

195 1340 75 21 Denna
292 1340 134 27 bestämning
448 1340 133 26 förutsätter,
603 1344 33 18 att
659 1341 89 27 afsigten
772 1341 39 21 och
827 1341 120 26 syftemälet
962 1340 55 22 skall

195 1368 67 21 blifva
283 1368 91 27 lagligen
396 1369 75 21 bevist.
501 1369 125 21 Emellertid
648 1369 42 21 kan
714 1370 35 20 det
764 1368 85 22 inträffa
865 1369 39 21 och
919 1368 97 22 inträffar

194 1397 135 21 tvifvelsutan
353 1398 7 20 i
384 1398 25 20 de
432 1398 53 20 allra
507 1397 60 21 flesta
585 1397 37 21 fall
638 1400 32 18 att
686 1404 26 14 en
727 1398 66 20 sädan
809 1397 69 26 afsigt,
895 1399 30 19 ett
940 1397 77 21 sädant

194 1424 54 27 syfte
272 1425 18 26 ej
313 1426 41 20 kan
378 1426 89 21 bevisas.
497 1426 40 26 Jag
558 1432 63 15 anser
636 1425 83 21 derföre
735 1428 32 18 att
781 1426 140 20 förevarande
938 1426 10 25 $
964 1425 53 21 lider

193 1453 23 20 af
230 1459 26 15 en
274 1454 57 25 brist,
348 1460 45 14 som
410 1454 65 21 borde
491 1454 109 27 afhjelpas,
615 1455 6 20 i
638 1454 36 21 det
689 1456 32 19 att
736 1454 6 21 i
758 1454 123 21 densamma
897 1454 77 20 saknas
988 1454 30 20 all

193 1481 142 27 bestämning,
358 1482 54 21 huru
436 1482 39 21 den
498 1482 53 22 skall
572 1482 91 25 straffas,
684 1488 44 15 som
744 1482 8 21 i
766 1482 117 21 allmänhet
899 1482 51 21 eller
965 1484 52 18 utan

192 1512 34 18 att
248 1510 59 21 bevis
330 1516 34 15 om
383 1510 90 27 afsigten
488 1510 41 21 kan
545 1511 182 26 tillvägabringas,
743 1510 134 27 uppsåtligen
892 1510 76 21 tänder
984 1510 33 21 eld
