1095 1825
220 143 43 21 764
431 146 185 22 Borgareständet.
640 148 54 16 1867.
719 148 13 16 8
744 147 48 21 Maj.

261 233 56 21 Herr
340 233 121 21 Ottelin:
482 233 37 26 jag
542 233 68 21 mäste
632 232 73 22 förena
720 233 43 26 mig
778 232 48 21 med
841 232 49 22 herr
905 232 65 22 Malm
986 239 34 15 om

192 262 121 26 antagande
336 261 23 21 af
380 262 12 26 $
415 262 13 20 2
451 261 7 21 i
481 261 92 27 enlighet
597 262 47 20 med
668 262 40 20 den
724 261 77 27 nädiga
816 261 166 27 propositionen,
998 261 24 21 sä

191 290 86 27 mycket
299 290 66 21 hellre
388 296 45 14 som
458 290 35 20 det
514 290 47 20 icke
584 290 56 20 blott
655 292 23 18 är
694 290 63 26 svårt,
774 291 51 19 utan
841 290 71 20 rentaf
925 290 96 26 omöjligt

191 319 34 20 för
248 325 26 14 en
297 318 121 21 handlande
441 319 32 20 att
494 318 23 21 sä
539 318 61 26 begå,
624 324 44 15 som
684 318 117 21 utskottets
816 318 134 21 betänkande
966 317 53 22 före-

191 347 98 21 skrifver.
319 347 42 20 Det
383 347 61 20 heter
462 347 43 25 der,
522 348 32 19 att
569 353 49 14 man
634 346 100 27 antingen
750 346 54 21 skall
820 346 113 21 instämma
948 346 71 26 gälde-

191 377 67 19 nären
281 375 32 21 för
336 376 57 20 rätta
408 375 51 21 eller
474 375 39 20 ock
529 377 57 18 emot
602 375 77 20 honom
695 377 51 24 göra
761 375 115 26 utsökning
891 375 38 20 hos
944 381 76 20 guver-

191 405 67 20 nören
282 403 39 21 och
343 403 97 22 tillställa
462 403 77 21 honom
563 403 154 26 handlingarna
740 403 57 21 inom
820 403 139 21 föreskrifven
982 403 37 21 tid.

192 432 49 22 Men
266 432 36 21 det
325 431 42 22 kan
390 432 77 23 hända,
483 433 32 20 att
531 431 128 27 gäldenären
675 432 7 20 i
698 431 255 27 tjensteangelägenheter
969 431 52 21 eller

192 461 23 20 af
236 467 70 14 annan
332 460 64 21 orsak
418 460 95 21 kommer
536 461 32 20 att
590 466 48 15 resa
660 460 49 21 bort
732 460 47 21 frän
801 461 60 20 orten
877 460 40 21 och
932 466 48 14 man
996 461 25 19 är

192 489 84 21 således
298 489 47 21 icke
367 489 7 20 i
397 488 84 21 tillfälle
497 490 32 19 att
544 490 90 19 stämma
650 488 76 21 honom
743 489 33 20 för
792 490 56 19 rätta
863 488 51 21 eller
930 488 90 27 delgifva

192 517 80 22 honom
294 517 161 26 handlingarna,
477 523 44 15 som
545 517 38 21 hos
607 519 132 24 guvernören
754 517 129 21 tillkommit.
913 517 31 20 Pä
959 517 62 21 dessa

192 546 94 27 grunder
302 545 96 22 förordar
411 545 37 27 jag
463 546 130 26 antagandet
609 545 21 22 af
645 546 40 21 den
701 545 78 27 nädiga
793 545 165 27 propositionen.

262 602 56 22 Herr
341 601 154 28 Öhrnberg:
519 602 89 21 likasom
628 602 37 27 jag
681 602 7 21 i
703 602 104 21 utskottet
827 602 93 26 bidragit
935 602 32 21 till
983 602 35 21 det

193 632 59 20 förra
267 631 142 26 alternativet,
426 631 23 21 sä
463 631 98 21 förordar
573 631 38 26 jag
626 631 129 21 detsammas
771 631 119 26 antagande
905 630 44 21 här.
972 630 47 21 Den

193 660 22 21 af
237 660 26 20 de
284 659 127 27 föregäende
426 659 95 21 talarene
535 659 81 27 yrkade
631 659 158 27 uteslutningen
805 659 21 21 af
841 659 65 21 orden
922 661 74 24 ,samt,
1012 659 7 20 i

192 688 133 21 sistnämnda
339 688 43 25 fall,
398 688 78 20 honom
489 688 279 26 utsökningshandlingarne
779 687 107 27 delgifvit*
899 687 41 21 kan
951 687 68 21 likaså

192 717 48 20 litet
263 716 54 21 efter
339 716 42 20 min
405 722 45 15 som
471 716 54 21 efter
539 716 152 26 lagutskottets
706 716 137 27 uppfattning
857 716 23 21 af
893 716 126 26 stadgandet

193 744 96 22 medföra
304 745 40 20 den
359 744 86 27 päföljd,
462 751 44 15 som
522 745 48 21 med
586 745 145 21 uteslutandet
746 745 39 20 här
800 744 85 27 äsyftas,
901 746 22 24 ty
938 744 28 26 pä
976 746 43 19 sätt

192 773 118 21 utskottets
330 773 90 21 motiver
443 773 56 27 gifva
513 773 36 21 vid
564 773 83 21 handen
663 779 61 21 synes
740 773 108 27 uttrycket
865 772 61 25 ,eller
941 773 77 21 honom

194 802 71 20 derför
287 801 38 21 hos
347 803 71 19 rätten
442 802 51 20 eller
515 802 113 26 Kejsarens
651 802 232 26 befallningshafvande
898 801 57 21 sökt"
972 801 47 21 icke

192 830 73 20 kunna
280 830 77 20 förstås
373 830 138 24 annorlunda,
527 832 26 19 än
565 832 32 19 att
607 830 144 26 ansökningen
764 830 39 20 hos
813 831 131 25 guvernören
957 829 61 21 äfven

193 858 55 22 skall
270 858 64 21 hafva
356 858 69 21 blifvit
440 859 128 25 gäldenären
584 858 57 21 inom
657 859 41 20 den
714 858 101 27 stadgade
831 858 57 21 tiden
904 858 114 26 behörigen

194 886 110 27 delgifven.
327 886 54 22 Lika
396 887 48 21 litet
458 893 45 15 som
519 893 26 15 en
560 887 106 26 stämning
681 887 33 21 till
730 887 117 21 domstolen
858 886 81 21 medför
949 886 69 26 någon

192 915 87 26 verkan,
296 921 33 15 om
345 915 46 21 icke
407 915 132 26 stämningen
554 915 57 21 inom
626 915 91 26 stadgad
728 915 32 21 tid
770 914 117 21 meddelats
899 915 50 20 eller
960 914 58 27 ågått

193 943 125 26 svaranden,
341 943 68 21 likaså
424 944 47 21 litet
485 944 42 20 kan
543 950 25 15 en
584 943 115 27 utsökning
714 944 38 21 hos
768 945 131 25 guvernören
915 943 103 20 likställas

193 972 48 21 med
257 972 105 25 stämning
377 972 33 21 till
426 972 124 25 domstolen,
567 978 33 15 om
617 972 18 27 ej
652 972 282 26 ansökningshandlingarna
949 971 69 21 blifvit

193 1001 128 26 gäldenären
345 1000 97 27 delgifna.
473 1001 46 20 Den
541 1001 78 26 nådiga
642 1001 160 26 propositionen
825 1000 108 26 angående
948 999 70 21 förän-

194 1029 61 26 dring
276 1029 8 20 i
306 1028 158 27 lagstiftningen
485 1035 33 15 om
533 1029 144 26 preskription
692 1029 7 20 i
715 1029 149 26 fordringsmål
880 1035 27 14 m.
924 1035 33 17 m.,
972 1034 45 15 som

192 1057 141 27 lagutskottet
354 1057 92 21 förehaft
468 1057 32 21 till
522 1057 134 27 behandling,
680 1057 39 21 och
735 1057 60 21 hvari
812 1057 132 21 betänkande
960 1059 59 18 snart

193 1085 54 22 skall
270 1085 118 27 föreläggas
411 1086 120 25 ständerna,
555 1086 68 21 hvilar
646 1086 64 21 också
724 1086 28 26 på
768 1086 40 21 den
824 1085 146 27 grundsatsen,
986 1087 33 19 att

192 1114 171 27 preskriptionen
385 1115 47 20 icke
451 1115 41 20 kan
508 1115 101 26 afbrytas,
625 1115 48 20 med
689 1115 83 20 mindre
787 1116 27 19 än
830 1116 32 19 att
877 1113 141 26 fordringsan-

192 1142 94 27 språket,
311 1142 103 27 nemligen
436 1143 7 20 i
466 1143 58 21 detta
539 1143 127 26 hänseende,
683 1143 69 21 blifvit
768 1143 127 26 gäldenären
913 1141 104 27 delgifvet.

193 1171 45 21 Och
262 1171 26 20 då
310 1171 133 26 köpmannen
466 1172 65 26 enligt
547 1172 36 21 det
598 1171 58 21 förra
671 1171 136 21 alternativet
822 1171 39 20 har
875 1171 47 20 icke
936 1171 82 20 mindre

192 1201 27 19 än
242 1201 31 19 ett
294 1199 23 21 år
339 1200 28 26 på
389 1200 37 26 sig,
450 1200 53 21 efter
526 1200 35 21 det
584 1200 184 27 utkrediteringen
791 1200 64 24 skett,
878 1199 39 21 och
940 1199 48 25 han,
1011 1199 7 21 i

192 1228 102 21 händelse
315 1228 128 26 gäldenären
465 1229 47 21 med
528 1229 51 21 eller
594 1231 51 19 utan
661 1228 63 27 afsigt
740 1228 67 21 håller
823 1228 32 26 sig
870 1228 77 24 undan,
963 1230 56 18 samt

193 1257 35 20 det
244 1256 89 21 sålunda
348 1256 41 21 kan
405 1257 65 21 blifva
485 1257 96 27 omöjligt
597 1257 31 21 för
644 1257 135 27 köpmannen
795 1258 32 20 att
838 1256 91 26 delgifva
942 1256 76 20 honom

192 1284 159 27 handlingarna,
375 1292 34 14 om
432 1286 41 20 han
496 1286 123 26 föredrager
641 1287 32 19 att
695 1286 70 20 vända
785 1286 31 26 sig
833 1285 32 21 till
880 1286 138 25 guvernören,

192 1313 41 21 kan
250 1314 96 20 använda
361 1314 36 20 det
412 1315 49 24 sätt,
477 1320 45 15 som
539 1316 23 19 är
578 1314 114 26 medgifvet
702 1320 76 20 genom
789 1314 164 26 handlingarnes
966 1312 52 21 infö-

192 1342 65 20 rande
280 1342 7 20 i
308 1342 106 21 allmänna
436 1342 140 27 tidningarna,
600 1343 32 20 till
655 1343 81 21 hvilket
760 1342 38 21 allt
818 1342 42 20 han
875 1342 67 20 måste
958 1347 61 15 anses

192 1370 63 21 hafva
278 1370 113 27 tillräcklig
414 1371 30 21 tid
460 1372 27 25 på
502 1371 38 27 sig,
557 1372 27 20 då
599 1371 42 21 han
657 1371 38 21 har
711 1373 31 19 ett
757 1370 45 21 helt
818 1370 29 26 år,
864 1371 23 19 så
903 1370 66 20 håller
982 1370 37 26 jag

191 1398 33 21 för
246 1399 44 20 min
313 1399 33 21 del
369 1399 52 27 före,
444 1402 33 18 att
497 1400 42 21 alla
554 1400 170 26 betänkligheter
741 1401 44 19 mot
801 1399 57 21 förra
873 1398 146 22 alternativets

192 1428 120 25 antagande
334 1427 65 21 borde
420 1428 88 21 förfalla.
539 1428 41 27 Jag
595 1434 113 20 upprepar,
725 1428 33 20 till
775 1427 133 21 undvikande
924 1426 22 22 af
959 1426 60 21 miss-

191 1455 102 24 förstånd,
316 1457 31 19 att
371 1456 25 21 de
418 1457 72 25 orden,
514 1463 45 14 som
583 1457 106 21 utskottet
711 1456 73 25 insatt,
808 1456 69 26 åsyfta
897 1456 75 20 endast
987 1456 33 20 att

190 1484 115 26 förtydliga
320 1484 127 27 stadgandet
462 1485 39 21 och
516 1485 47 21 icke
579 1487 32 19 att
626 1485 69 21 införa
709 1485 71 26 någon
791 1484 90 26 ändring
893 1484 50 20 deri.
965 1484 53 25 Den,

191 1518 45 15 som
260 1518 67 21 anser,
348 1514 33 19 att
395 1514 93 20 nämnda
503 1514 39 20 ord
557 1514 67 21 borde
639 1514 111 24 uteslutas,
767 1513 27 26 på
810 1513 35 20 det
861 1514 32 19 att
909 1518 25 15 en
950 1518 69 15 annan
