1095 1825
316 156 185 20 Borgareetåndet.
526 156 55 17 1867.
606 156 26 17 23
644 156 48 21 Maj.
829 152 52 20 1001

87 242 40 21 och
143 241 22 21 af
178 241 153 21 förstbemälda
346 241 85 21 utskott
446 242 117 26 granskadt
577 241 80 27 förslag
669 241 32 21 till
712 242 141 26 underdånigt
863 248 50 16 svar

88 270 12 20 å
123 270 59 20 Hans
204 270 118 26 Kejserliga
345 270 111 26 Majestäts
471 269 78 27 nådiga
563 269 138 27 proposition,
718 269 108 27 angående
842 271 70 26 tryck-

87 298 66 21 frihet
168 298 6 21 i
193 298 90 21 Finland
299 298 39 21 och
355 304 33 15 om
404 298 96 21 vilkoren
515 298 34 21 för
564 298 48 21 dess
627 298 143 26 begagnande,
786 298 69 21 denna
871 299 42 26 dag

87 326 70 21 blifvit
180 325 12 22 å
215 326 58 21 förut
293 326 108 21 bestämdt
417 326 62 21 ställe
494 326 121 27 bordlagdt,
631 329 55 18 samt
702 326 95 21 ståndets
813 327 100 21 medlem-

87 361 46 14 mar
149 354 23 21 af
186 354 91 21 berörda
292 354 79 27 förslag
386 355 54 26 tagit
456 355 127 26 kännedom,
594 355 85 20 väcktes
690 355 55 20 inom
756 354 84 21 ståndet
851 355 62 26 fråga

88 389 34 15 om
145 383 153 26 godkännande
317 382 24 21 af
355 383 36 20 det
406 383 48 20 utaf
466 383 221 26 justeringsutskottet
702 383 119 26 granskade
836 383 77 22 försla-

87 413 42 24 get.
160 411 44 21 Och
218 411 66 26 jemte
299 411 35 21 det
349 411 180 32 Borgareståndet
545 411 34 21 för
591 411 63 26 öfrigt
664 413 64 24 antog
741 411 116 22 utskottets
868 411 43 22 för-

87 439 53 26 slag,
162 439 66 27 ansåg
247 439 84 21 ståndet
346 441 32 20 att
393 440 7 20 i
416 439 40 21 den
471 440 147 26 underdåniga
632 439 125 22 skrifvelsen
772 440 66 21 borde
854 439 57 22 oför-

88 468 81 21 ändrad
184 468 49 27 ingå
248 468 93 27 följande
355 468 7 21 i
379 467 249 27 expeditionsutskottets
641 468 79 27 förslag
730 468 87 27 intagna
827 469 84 26 period:

89 508 24 3 —
129 508 29 3 —
174 508 27 3 —
206 484 78 33 ehuru
300 497 67 20 denna
382 496 205 27 lagstiftningsfråga
602 508 27 3 —
644 508 28 4 —
689 509 24 2 —
728 497 47 20 icke
790 497 55 20 varit
856 497 55 21 före-

88 524 42 21 mål
154 524 33 21 för
210 525 41 20 den
274 525 154 20 förberedande
452 525 157 26 handläggning
624 525 23 21 af
660 527 87 19 senaten
762 525 7 20 i
784 525 99 21 afseende
899 525 13 21 å

87 553 99 26 yttrande
202 553 22 21 af
238 553 48 21 dess
302 553 75 21 tankar
393 553 33 20 till
441 553 137 26 protokollet,
595 559 44 15 som
654 553 9 20 i
678 554 29 20 42
721 553 15 26 $
751 553 30 26 af
789 553 122 27 regerings-

85 581 88 28 formen
197 581 41 21 den
259 583 28 20 21
310 582 94 27 Augusti
424 583 59 19 1772
498 581 117 28 påbjudes,
631 581 63 21 hafva
708 581 115 21 ständerna
839 582 72 25 likväl,

88 610 47 21 med
157 610 103 28 afseende
281 611 13 19 å
310 610 99 20 ärendets
424 610 113 21 särskilda
552 610 39 21 och
607 610 136 20 brådskande
759 609 152 28 beskaffenhet,

87 639 47 21 icke
149 639 57 21 velat
222 638 136 26 undandraga
373 639 31 26 sig
416 638 40 21 den
467 638 28 26 på
505 639 48 21 dem
564 639 154 21 ankommande
728 638 146 26 medverkan",
882 650 29 4 —

88 667 56 21 helst
163 673 75 20 genom
254 667 158 21 utelemnandet
427 666 23 21 af
464 667 26 21 de
505 667 48 21 utaf
565 667 222 27 justeringsutskottet
802 668 109 20 uteslutna

88 695 39 21 och
149 695 39 21 här
204 696 155 20 understrukna
375 695 65 21 orden
456 696 112 26 meningen
584 695 92 21 förlorar
691 695 47 21 hela
754 696 31 20 sin
800 696 111 26 betydelse

88 724 39 20 och
149 724 97 26 orsaken,
271 724 98 20 hvarföre
391 724 116 21 ständerna
530 724 32 21 till
578 724 128 26 behandling
720 724 97 26 upptagit
832 724 77 26 ifråga-

89 752 93 21 varande
198 752 86 25 ärende,
299 752 46 21 icke
360 752 84 21 komme
460 754 33 19 att
511 752 103 26 angifvas;
631 752 106 21 äfvensom
753 752 91 26 ståndet,
860 752 50 21 fann

88 783 32 18 att
135 780 7 21 i
158 780 39 21 den
213 780 143 26 underdåniga
371 780 125 21 skrifvelsen
510 780 78 27 jemväl
604 781 65 21 borde
684 780 117 21 bibehållas
817 780 92 26 följande

87 809 8 21 i
117 809 248 26 expeditionsutskuttets
388 808 78 27 förslag
485 809 182 25 förekommande,
686 815 47 15 men
749 808 23 21 af
783 808 127 27 justerings-

88 837 105 21 utskottet
215 837 101 21 likaledes
339 837 101 26 utslutna,
456 837 25 21 så
496 838 91 26 lydande
603 838 49 20 ord:
676 838 44 26 ,En
736 836 66 22 sådan
818 837 93 27 uppfatt-

88 866 55 26 ning,
168 865 23 21 af
212 866 125 21 ständernas
359 866 101 26 ställning
483 866 39 20 och
544 866 127 26 befogenhet
686 866 6 20 i
708 865 64 21 saken
787 865 42 21 kan
845 865 66 27 enligt

88 894 62 20 deras
173 893 139 27 öfvertygelse
333 894 18 25 ej
368 894 33 20 stä
416 894 141 21 tillsammans
573 894 48 21 med
636 894 28 21 40
680 894 12 26 $
708 894 6 20 i
731 894 54 20 1772
801 893 34 21 års
851 900 59 19 rege-

88 921 130 27 ringsform*,
242 922 87 21 emedan
352 922 40 20 den
415 922 23 21 af
452 922 114 21 ständerne
582 922 98 26 vidtagne
695 922 88 25 ändring
798 921 23 21 af
834 921 11 28 $
862 922 26 20 70
904 922 6 20 i

89 950 35 21 det
140 950 46 21 dem
202 950 110 26 förelagda
327 950 137 26 lagförslaget
481 951 120 26 derigenom
618 951 75 26 tydligt
709 950 39 21 och
764 949 72 27 riktigt
849 950 61 21 moti-

88 984 67 15 veras.
186 978 106 21 Skolande
315 979 39 20 den
377 979 146 26 underdäniga
545 978 123 21 skrifvelsen
688 979 6 20 i
715 978 92 26 enlighet
822 978 89 21 härmed

88 1006 161 21 omformuleras
272 1009 53 18 samt
349 1007 25 20 de
397 1007 122 26 respektive
541 1007 138 21 medständen
694 1013 75 20 genom
785 1006 126 26 deputation

88 1035 136 20 underrättas
240 1041 32 14 om
288 1035 134 21 förestäende
439 1035 78 26 beslut,
532 1035 81 21 hvilket
624 1035 106 21 dessutom
742 1035 67 20 skulle
820 1035 91 20 medelst

87 1063 196 26 protokollsutdrag
306 1063 57 21 såväl
386 1063 54 26 dem,
465 1069 45 16 som
533 1064 141 26 expeditions-
698 1063 39 21 och
760 1063 149 26 justeringsut-

87 1091 85 21 skotten
187 1091 109 26 delgifvas.

679 1147 20 18 In
711 1147 61 17 fidem:

616 1176 74 21 Sixtus
708 1175 133 21 Calamnius.

156 1260 70 22 Sedan
241 1262 84 20 ständet
341 1261 94 21 härefter
451 1261 77 21 bifallit
544 1262 56 21 Herr
616 1261 152 25 Ohrnbergs
783 1260 128 21 hemställan

87 1291 32 19 att
134 1289 6 21 i
156 1289 136 21 förenäinnde
314 1290 124 25 deputation
456 1290 18 26 ej
491 1290 68 21 skulle
575 1290 89 21 insättas
680 1289 117 21 ledamöter
812 1288 23 21 af
849 1294 62 20 expe-

87 1318 85 20 ditions-
196 1318 53 20 eller
269 1318 236 26 justeringsutskotten,
531 1318 87 26 utsägos
643 1318 81 20 Herrar
748 1316 161 26 Bronikowskij,

86 1346 104 21 Rosenius
206 1346 39 21 och
261 1346 122 26 Lindegvist
399 1346 32 21 till
448 1347 138 21 medlemmar
601 1346 8 20 i
624 1346 157 26 deputationen,
796 1350 46 16 som
858 1344 53 27 egde

86 1376 33 19 att
133 1374 7 20 i
156 1380 88 21 morgon
260 1374 13 21 f.
290 1381 26 14 m.
332 1375 5 20 i
354 1374 155 22 ofvanberördt
524 1374 99 22 afseende
638 1374 33 21 till
686 1373 139 22 medständen
841 1373 54 27 afgä.

155 1430 55 21 Herr
232 1430 161 21 Talmannen
408 1430 101 28 föredrog
525 1437 25 15 en
566 1430 47 22 frän
628 1430 53 22 hans
696 1430 104 21 excellens
815 1429 96 27 general-

85 1460 132 24 guvernören
234 1458 58 21 öfver
307 1458 90 21 Finland
412 1459 34 21 till
461 1460 57 20 Herr
533 1459 157 21 Talmannen
706 1458 127 21 ankommen
848 1457 63 21 skrif-

85 1486 57 21 velse
162 1486 23 21 af
206 1487 40 21 den
268 1487 37 27 %/,o
327 1487 103 21 sistvikne
454 1488 67 26 April,
544 1487 149 21 innehållande
716 1488 32 19 att
764 1486 72 21 såvida
851 1486 60 20 Hans

85 1514 121 26 Kejserliga
229 1515 99 26 Majestät
347 1515 6 20 i
369 1515 67 21 näder
452 1516 69 20 funnit
536 1516 102 25 förslaget
653 1515 32 20 till
700 1514 65 26 nädig
779 1514 132 27 proposition

84 1541 110 27 angäende
217 1543 282 26 kommunalförvaltningen
521 1544 8 20 i
551 1544 83 21 landets
654 1543 73 21 städer
742 1542 46 21 icke
803 1544 109 19 motsvara
