1095 1825
210 135 56 22 1010
409 140 182 22 Borgareståndet.
616 142 54 17 1867.
694 134 27 33 24
735 134 46 33 Maj.

180 226 114 27 gäldenärs
316 226 74 21 arbete
412 226 33 21 till
467 226 120 25 aftjenande
609 226 23 22 af
646 226 68 26 skuld,
730 227 83 21 anmäle
836 227 37 22 det
888 227 119 27 skriftligen

180 254 40 22 hos
236 254 116 27 Kejsarens
366 254 249 27 Befallningshafvande*
630 261 19 15 o.
664 261 18 15 s.
698 261 19 15 v.

250 311 30 26 $$
294 311 14 20 4
325 310 38 21 och
378 311 14 20 5
407 311 123 21 föranledde
546 311 19 26 ej
581 310 31 22 till
632 311 119 22 diskussion
767 311 39 22 och
822 311 71 22 blefvo
909 312 27 27 pä
951 312 57 21 Herr

182 339 175 22 Talmannens
371 339 132 27 proposition
518 339 23 21 af
553 339 85 22 ständet
652 339 85 28 gillade.

568 424 12 27 $
596 408 23 48 6.

252 480 57 22 Herr
327 479 150 22 Cederman
506 480 117 26 anmärkte,
640 482 33 19 att
692 481 7 20 i
714 481 139 21 förevarande
871 483 11 24 $
900 481 108 27 uttrycket

184 508 129 27 Kejsarens
331 508 250 27 Befallningshafvande'*
604 509 131 22 förekomme
756 509 27 27 pä
803 509 107 22 särskilda
933 509 75 22 ställen

184 539 56 20 samt
255 537 133 26 hemställde,
405 543 33 15 om
454 537 45 22 icke
515 537 32 22 till
562 537 135 22 undvikande
712 537 23 22 af
744 539 31 20 ett
785 537 76 22 sädant
871 538 138 27 upprepande

184 566 62 21 ordet
263 565 139 26 ,,Kejsarens*
417 565 70 22 kunde
501 566 106 21 utlemnas
617 565 28 28 pä
655 566 68 27 öfrige
735 566 77 21 ställen
823 568 59 19 utom
893 567 36 20 det
940 565 70 22 första

184 594 40 22 och
240 593 75 23 endast
330 593 255 28 ,Befallningshafvande*
601 594 113 28 begagnas.

252 650 57 22 Herr
324 650 73 22 Holm
413 651 96 21 erinrade
524 651 7 21 i
545 651 115 27 anledning
674 650 69 27 häraf,
753 650 102 22 hurusom
865 650 98 28 gällande
973 651 36 27 lag

184 678 74 28 gjorde
274 685 26 15 en
315 678 94 28 betydlig
424 679 81 21 skilnad
525 680 90 20 emellan
633 680 125 26 konungens
777 679 233 27 befallningshafvande

184 707 40 21 och
239 713 72 15 annan
325 707 236 27 befallningshafvande,
577 708 30 26 ity
623 710 32 19 att
670 708 48 21 med
734 708 37 21 det
780 708 59 20 förra
849 708 107 26 uttrycket
966 708 43 20 för-

184 735 45 22 stås
244 735 150 27 landshöfding
409 736 40 21 och
463 736 48 21 med
526 736 36 21 det
577 736 89 22 sednare
684 736 76 21 endast
775 735 157 27 kronobetjent,
947 736 63 21 hvar-

184 764 46 21 före
245 764 84 21 talaren
343 764 33 21 till
391 764 133 22 undvikande
540 764 23 21 af
571 764 117 26 förvexling
700 764 116 27 tillstyrkte
826 764 150 21 bibehållande
988 764 24 21 af

184 792 37 22 det
243 792 48 21 utaf
311 792 51 22 herr
384 792 118 22 Cederman
524 793 112 21 anmärkta
658 793 110 27 uttrycket
787 809 10 10 ,
801 792 116 27 Kejsarens
931 792 79 22 Befall-

183 820 188 27 ningshafvande".

253 878 62 21 Flere
338 878 69 21 talare
427 877 92 22 anmälte
541 878 32 26 sig
593 878 53 24 icke,
662 878 52 21 derå
736 877 87 22 ståndet
837 877 28 27 på
879 877 57 21 Herr
950 877 60 21 Tal-

184 912 124 15 mannens
322 906 133 26 proposition
473 906 48 21 med
541 906 153 27 öfvervägande
714 906 156 27 röstpluralitet
890 908 64 24 antog
969 906 12 27 $
996 906 14 20 6

184 934 67 22 sådan
266 935 42 21 den
321 934 61 27 lyder
396 934 7 21 i
418 934 150 22 betänkandet.

254 991 16 26 $
284 991 14 20 7
313 990 88 27 gillades
416 992 52 20 utan
484 991 126 22 diskussion.

572 1075 15 28 $
601 1076 22 21 8.

254 1131 57 22 Herr
333 1127 145 32 Öhrnberg:
501 1132 33 21 för
554 1132 43 21 min
619 1131 34 22 del
675 1131 124 28 föredrager
815 1131 39 28 jag
873 1131 42 21 den
935 1131 77 27 nådiga

185 1161 160 26 propositionen
369 1160 133 22 beträffande
528 1160 58 22 såväl
608 1160 118 22 innehållet
750 1166 46 16 som
819 1159 148 28 ordalydelsen
988 1159 26 22 af

186 1189 70 22 denna
278 1189 19 26 8.
326 1188 113 22 Utskottet
460 1188 123 23 framhåller
601 1189 146 26 visserligen
740 1183 12 38 i
767 1188 135 27 inledningen
922 1188 33 21 till
974 1187 38 22 sitt

185 1217 136 23 betänkande
337 1219 32 19 att
384 1216 122 28 bysättning
520 1217 46 22 icke
581 1217 43 22 kan
636 1217 52 22 eller
698 1217 40 22 bör
747 1217 65 22 hafva
821 1217 68 21 annat
898 1215 114 29 förnuftigt

186 1245 100 23 ändamål
301 1247 27 20 än
343 1247 32 20 att
389 1246 73 26 tvinga
477 1252 26 15 en
519 1246 129 22 tredskande
666 1246 104 26 gäldenär
784 1247 33 20 att
832 1245 102 27 antingen
948 1245 64 21 fram-

185 1275 72 21 lemna
278 1274 138 22 undandolda
436 1274 113 27 tillgångar
569 1274 51 22 eller
642 1274 40 22 ock
704 1273 89 28 upplåta
812 1274 33 21 sin
861 1274 102 26 egendom
979 1273 33 21 till

186 1303 96 22 konkurs
297 1304 56 20 samt
367 1304 33 20 att
414 1302 8 22 i
436 1302 52 27 följd
507 1302 62 22 deraf
587 1303 73 27 hvarje
678 1302 101 22 ändamål
793 1304 34 20 att
843 1302 78 21 bereda
935 1302 77 26 borge-

186 1334 67 19 nären
268 1330 83 23 tillfälle
366 1332 34 20 att
414 1330 24 22 af
450 1330 73 28 möjlig
538 1331 64 27 ovilja
621 1331 52 22 eller
692 1330 81 22 hämnd
787 1330 34 22 för
837 1330 37 21 det
889 1330 123 22 förtroende

186 1360 133 27 borgenären
333 1360 44 21 satt
391 1360 34 21 till
439 1359 78 22 honom
532 1360 98 26 bibringa
646 1359 132 27 gäldenären
793 1360 32 20 ett
840 1358 93 27 lidande,
948 1358 64 22 bero-

186 1388 54 22 ende
262 1388 24 22 af
306 1388 144 27 borgenärens
471 1388 157 27 godtfinnande,
647 1388 69 21 skulle
738 1386 92 23 förfalla.
861 1386 50 22 Men
926 1386 87 28 sålänge

186 1417 124 27 bysättning
329 1416 47 22 icke
397 1416 57 22 blott
472 1417 8 21 i
501 1416 116 22 allmänhet
637 1416 111 28 uppfattas
768 1416 71 21 såsom
854 1415 82 27 ägande
950 1414 62 22 äfven

187 1446 41 21 den
243 1445 87 22 sednast
344 1445 94 21 nämnda
452 1444 163 23 bestämmelsen
630 1445 40 21 och
685 1445 70 21 denna
770 1444 55 27 åsigt
838 1443 80 28 jemväl
933 1445 38 25 gör
981 1443 33 27 sig

185 1473 99 27 gällande
300 1474 7 21 i
321 1474 78 26 praxis,
415 1473 86 27 sålänge
517 1474 36 21 det
567 1473 105 27 svårligen
687 1473 43 21 kan
744 1473 109 21 beräknas
867 1474 34 20 att
916 1472 41 21 den
972 1478 42 20 nya

185 1502 152 26 förordningen
351 1502 7 21 i
374 1503 72 20 ämnet
459 1502 65 27 jemte
539 1502 186 26 konkursstadgan
740 1501 63 22 skola
817 1501 90 26 bidraga
914 1496 40 39 till
973 1506 40 25 om-

185 1529 150 28 intetgörande
350 1529 23 22 af
387 1530 70 21 denna
471 1529 142 28 uppfattning,
628 1529 90 22 föreslår
730 1529 44 28 jag,
785 1529 28 27 på
824 1529 37 22 det
870 1529 144 27 bysättnings-
