1095 1825
288 145 183 22 Borgareståndet.
495 146 56 17 1867.
575 147 26 16 22
613 146 48 21 Maj.
814 142 41 22 967

128 231 55 21 Herr
205 231 142 21 Lindblom:
366 231 37 27 jag
419 230 65 22 beder
499 232 33 20 att
547 230 22 22 få
584 231 130 21 understöda
729 230 58 22 Herr
803 231 82 27 Berghs

59 260 81 26 förslag
161 266 33 14 om
211 261 31 19 ett
257 260 74 26 tillägg
346 259 7 21 i
369 259 132 27 paragrafen.
533 259 43 21 För
592 260 63 26 öfrigt
670 259 98 21 förordar
781 259 38 27 jag
834 260 51 20 den-

57 294 95 15 sammas
167 288 127 26 antagande.

129 344 55 21 Herr
206 343 139 22 Snellman:
369 345 58 20 emot
449 343 55 21 hvad
527 343 57 22 Herr
605 343 71 27 Bergh
690 345 69 25 yttrat
774 343 40 22 och
829 344 56 21 Herr

60 372 113 21 Lindholm
195 372 132 26 understödt,
351 378 63 20 synes
436 372 37 21 det
493 372 49 27 mig,
565 373 33 20 att
621 377 75 21 genom
712 372 36 21 det
763 371 122 28 föreslagna

60 401 96 26 tillägget
172 407 25 14 en
212 401 103 20 orättvisa
331 400 80 21 skedde
427 400 26 21 de
467 401 68 20 andra
550 400 172 26 bolagsmännen,
734 407 34 14 om
779 402 32 19 ett
821 400 64 27 bolag

60 429 73 21 ställes
149 429 67 21 under
230 429 102 26 konkurs,
347 429 34 21 för
397 429 37 21 det
450 435 25 14 en
490 429 23 21 af
526 429 166 26 bolagsmännen
708 428 75 21 sådant
799 429 84 21 önskar.

61 457 42 22 Det
124 457 88 22 hindrar
231 457 47 22 icke
301 457 69 26 någon
393 457 125 26 bolagsman
535 459 33 19 att
583 457 63 21 ställa
662 457 31 26 sig
707 457 67 21 under
789 457 95 22 konkurs

61 486 39 21 och
116 486 128 21 öfverlemna
260 486 32 21 sin
306 486 64 21 andel
385 485 6 21 i
407 485 87 27 bolaget
504 485 32 22 till
547 485 191 22 konkursmassans
751 486 133 26 disposition.

60 515 41 26 Jag
117 516 45 19 tror
177 516 33 19 att
224 514 78 27 många
317 514 156 26 förvecklingar
488 514 69 21 skulle
572 514 84 27 uppstå,
673 520 34 15 om
723 520 25 15 en
759 514 126 26 bolagsman

61 543 70 20 kunde
153 543 72 26 tvinga
247 543 26 21 de
292 543 67 20 andra
375 543 32 20 till
423 543 100 21 konkurs.
554 543 41 26 Jag
611 542 67 21 skulle
694 542 84 21 derföre
792 543 35 20 för
842 543 43 20 min

60 571 35 21 del
110 571 96 27 afstyrka
221 571 131 26 antagandet
367 571 22 21 af
404 572 32 20 ett
451 571 77 21 sådant
543 571 81 26 tillägg.

129 622 56 22 Herr
205 622 97 27 Bergh:
324 622 36 26 jag
375 622 83 26 hoppas
473 623 32 21 att
521 628 49 15 man
585 622 127 22 åtminstone
728 622 105 21 erkänner
848 622 37 21 be-

60 650 73 22 hofvet
154 651 22 21 af
195 651 76 21 sådant
286 650 81 27 tillägg,
383 651 89 21 emedan
487 651 7 21 i
509 650 49 22 hela
573 651 186 26 konkursstadgan
775 651 35 21 det
825 650 60 22 fallet

60 678 46 22 icke
128 678 66 22 finnes
217 679 130 21 omnämndt.
378 678 45 22 Och
446 680 35 20 vill
502 679 37 27 jag
559 685 73 20 gerna,
647 679 45 21 ifall
707 685 48 15 man
770 685 63 15 anser
849 680 36 20 det

60 713 51 15 vara
126 707 78 26 bättre,
219 708 112 26 medgifva,
347 709 32 19 att
395 708 37 20 det
448 708 141 20 öfverlemnas
599 708 32 20 till
642 709 80 19 rättens
733 707 151 27 bepröfvande,

60 736 105 20 huruvida
180 736 118 26 ansökning
314 742 34 15 om
363 736 96 21 konkurs
474 736 7 20 i
497 736 76 21 sådant
589 736 37 21 fall
641 736 39 21 bör
695 736 110 26 upplagas.
835 736 50 20 Men

60 764 89 21 alldeles
170 764 58 22 klart
250 770 62 21 synes
334 764 37 22 det
393 770 59 20 vara,
474 766 33 20 att
522 764 65 26 något
603 765 39 20 bör
657 764 67 22 finnas
739 764 7 21 i
762 765 40 20 den
817 766 68 24 vägen

59 792 107 26 stadgadt.

129 844 56 20 Herr
200 844 151 26 Öhrnberg:
368 844 43 26 mig
423 844 144 22 förekommer
577 845 36 21 det
623 844 148 27 tvifvelaktigt,
781 844 106 21 huruvida

60 872 36 21 det
118 872 97 26 tillägget
230 872 108 26 verkligen
353 874 24 19 är
392 872 24 21 af
429 872 100 22 behofvet
544 873 117 27 påkalladt,
676 873 52 21 eller
743 872 68 22 skulle
826 872 59 22 med-

59 900 48 21 föra
129 900 65 27 något
216 906 60 20 gagn.
308 900 73 21 Skulle
403 901 35 20 väl
458 901 27 21 då
500 902 36 20 vid
552 901 160 26 tillämpningen
726 901 24 21 af
763 903 31 18 ett
809 901 76 20 sådant

59 928 74 27 tillägg
155 935 26 14 en
201 928 121 27 aktieägare
337 929 7 20 i
360 930 32 20 ett
407 929 122 27 aktiebolag
544 936 53 14 vara
612 929 120 27 berättigad
747 931 33 19 att
795 929 91 21 försätta

60 957 49 20 hela
124 957 145 26 aktiebolaget
284 957 6 21 i
306 957 100 26 konkurs,
423 957 69 22 skulle
508 964 25 15 en
546 958 157 21 kommanditär
714 958 7 21 i
734 959 31 20 ett
775 957 111 21 komman-

59 985 96 26 ditbolag
170 991 51 15 vara
236 985 120 28 berättigad
371 987 34 20 att
417 985 76 28 bringa
503 986 219 27 kommanditbolaget
732 986 34 21 till
778 985 107 22 konkurs?

59 1013 41 26 Jag
115 1015 46 19 tror
176 1013 90 28 derföre,
282 1015 33 20 att
330 1014 36 21 det
382 1014 128 27 stadgandet
526 1015 68 21 skulle
610 1015 63 21 hafva
688 1015 32 20 sin
735 1015 57 20 rätta
807 1014 56 26 plats
879 1013 7 21 i

59 1042 42 20 den
124 1042 61 21 delen
201 1042 22 21 af
236 1041 165 28 lagstiftningen,
418 1049 46 15 som
479 1043 68 26 angår
562 1043 63 26 bolag
640 1043 6 21 i
662 1043 116 21 allmänhet
793 1043 51 20 eller
860 1042 26 21 de

59 1069 105 22 särskilda
178 1071 74 26 slagen
267 1071 23 20 af
303 1071 70 26 bolag,
389 1071 73 21 hvilka
476 1071 62 26 lagen
553 1071 82 22 känner
650 1071 39 22 och
704 1071 111 26 erkänner,
832 1071 54 20 lika-

59 1104 46 15 som
129 1099 37 20 der
188 1099 62 21 äfven
272 1099 60 26 ingår
355 1099 37 21 det
414 1100 124 26 stadgande,
560 1100 56 21 huru
631 1100 63 26 bolag
709 1099 54 21 skall
778 1099 107 26 upplösas.

60 1126 45 21 Och
110 1122 13 38 i
142 1127 74 26 sjelfva
230 1127 76 21 verket
320 1129 25 19 är
357 1127 24 27 ju
397 1129 32 20 ett
444 1128 75 27 bolags
534 1128 132 21 försättande
676 1129 7 20 i
694 1127 192 22 konkurstillstånd

58 1155 47 21 icke
128 1155 64 27 något
214 1157 72 25 annat,
310 1157 26 20 än
359 1158 32 19 att
415 1156 36 21 det
472 1157 106 26 upplöses.
609 1156 78 22 Likaså
709 1162 62 21 synes
793 1156 42 26 mig
851 1155 36 22 det

59 1183 124 27 stadgande,
202 1186 32 19 att
249 1186 32 19 ett
296 1184 63 27 bolag
375 1184 101 21 försättes
491 1185 8 21 i
513 1184 199 25 konkurstillstånd,
728 1186 38 19 när
782 1185 35 20 det
833 1184 54 21 skall

59 1212 38 21 ske
118 1213 38 21 och
180 1219 34 15 om
236 1212 36 21 det
287 1213 42 21 kan
345 1213 37 21 ske
398 1213 28 27 på
442 1213 94 27 begäran
552 1213 23 21 af
589 1220 26 15 en
630 1214 51 21 eller
696 1213 52 21 flera
762 1213 125 27 bolagsmän

58 1242 59 20 emot
139 1241 96 27 bolagets
259 1242 88 25 önskan,
365 1242 122 26 lempligast
503 1242 63 21 hafva
581 1242 33 21 sin
629 1242 57 26 plats
702 1242 43 20 der.
776 1241 59 21 Skall
851 1241 36 21 det

55 1269 50 21 åter
120 1270 37 21 ske
172 1269 28 27 på
215 1270 94 26 begäran
323 1270 24 21 af
360 1276 102 21 personer
478 1272 60 20 utom
551 1270 91 27 bolaget,
654 1270 24 22 så
688 1272 24 20 är
724 1270 36 21 det
773 1269 112 27 sjelffallet,

58 1299 33 19 att
106 1298 36 21 det
157 1298 111 21 hemfaller
283 1298 68 21 under
366 1299 195 27 konkursstadgan.

127 1348 70 22 Sedan
220 1349 147 21 diskussionen
386 1350 99 26 upphört,
502 1350 133 21 framställde
650 1350 56 21 Herr
722 1349 165 21 Talmannen

58 1376 95 27 följande
167 1378 144 26 proposition:

125 1428 95 27 Antager
235 1428 85 22 ståndet
335 1429 13 26 &
364 1429 13 20 6
393 1428 67 28 enligt
475 1429 118 21 utskottets
603 1429 134 21 betänkande
749 1427 138 23 oförändrat?

125 1478 163 28 Propositionen
300 1480 129 21 besvarades
438 1480 49 21 med
498 1480 156 27 öfvervägande
665 1480 111 26 pluralitet
783 1479 103 27 jakande;

57 1506 99 21 hvarföre
178 1508 12 27 $
214 1509 11 19 6
241 1514 38 15 var
294 1508 23 20 af
331 1508 87 21 ståndet
432 1510 94 25 antagen
541 1510 52 19 utan
609 1508 114 27 ändringar
738 1508 51 21 eller
805 1507 80 26 tillägg.

55 1534 26 27 $$
98 1535 55 20 7—9
168 1535 124 26 godkändes
307 1537 52 20 utan
375 1536 128 21 diskussion.
