1095 1825
313 139 186 22 Borgareståndet.
523 140 54 17 1867.
601 140 26 16 22
639 140 46 21 Maj.
840 136 42 21 963

83 225 80 27 förslag
185 226 56 20 samt
263 225 104 21 huruvida
389 225 27 21 de
436 225 73 21 kunna
527 225 7 21 i
549 225 39 21 sitt
602 225 122 21 nuvarande
740 224 59 22 skick
814 227 96 25 antagas,

84 254 51 21 eller
150 254 6 20 i
173 256 65 18 annat
252 254 37 21 fall
305 255 47 25 nytt
367 253 135 27 fullständigt
517 253 80 27 förslag
612 253 7 21 i
634 255 72 19 ämnet
722 253 79 21 affatta.

153 310 56 21 Herr
229 309 197 27 Bronikowskij:
450 311 33 19 att
497 309 26 21 de
539 309 138 21 medlemmar
692 309 24 21 af
729 309 111 26 utskottet,
864 316 45 15 som

84 337 100 22 omfattat
200 338 36 21 det
250 337 59 28 förra
323 337 139 22 alternativet
478 338 5 20 i
499 337 152 25 betänkandet,
668 337 48 27 hyst
726 343 31 21 en
772 344 69 15 annan
855 338 54 27 åsigt

84 368 27 19 än
127 366 40 21 den
183 366 57 21 Herr
255 366 86 26 Östring
355 366 87 26 uttalat,
458 366 82 27 hoppas
553 366 43 27 jag,
613 368 32 19 att
655 365 56 22 Herr
722 365 86 28 Östring
818 367 92 26 benäget

83 395 107 24 ursäktar,
214 396 50 19 utan
280 396 32 19 att
327 395 85 20 derföre
429 394 96 27 påbörda
541 395 54 26 dem,
614 395 36 20 det
664 395 26 20 de
706 394 79 22 lemnat
800 395 25 21 de
841 395 69 21 andra

83 423 89 22 stånden
195 423 7 21 i
225 423 82 21 sticket.
337 423 39 21 Att
398 423 37 21 det
458 425 23 18 är
504 429 26 15 en
552 423 47 21 klar
619 423 44 26 sak,
686 424 32 20 att
730 423 136 26 jordskatten
881 423 28 28 på

84 457 74 16 senare
180 451 59 22 tiden
260 451 65 27 stigit,
348 451 39 21 och
411 452 33 20 att
466 451 25 21 de
512 451 108 22 verkande
641 451 117 22 orsakerna
776 452 71 21 dertill
862 452 47 21 icke

83 480 69 21 skulle
174 486 52 15 vara
248 481 32 20 att
300 480 64 21 sökas
379 480 67 21 bland
461 482 66 19 annat
542 480 61 21 äfven
618 480 7 21 i
641 480 25 21 de
682 480 32 21 uti
731 482 32 19 1:a
778 481 94 26 punkten
888 481 23 21 af

84 508 160 22 kamrerarenes
264 508 166 27 anmärkningar
452 508 90 21 anförda
557 508 188 27 omständigheter,
768 509 42 20 kan
823 509 38 26 jag
875 509 34 21 för

83 537 44 21 min
143 537 34 21 del
193 537 18 26 ej
226 537 52 21 inse.
308 537 41 26 Jag
363 543 63 15 anser
442 538 32 20 att
489 537 155 26 grundskatten
660 537 59 26 stigit
731 537 45 26 just
791 543 76 20 genom
883 537 26 21 de

84 566 98 26 stegrade
197 565 149 27 varupriserna
361 565 40 21 och
417 567 91 25 myntets
525 565 133 26 försämring.
681 565 96 26 Afsigten
791 567 32 19 att
833 565 77 27 bringa

83 594 156 27 grundskatten
254 593 32 21 till
302 594 36 20 det
354 593 85 27 belopp,
455 594 40 21 den
510 594 59 21 förut
583 593 111 27 innehade,
710 593 38 21 har
763 594 81 26 utgjort
854 593 55 23 före-

83 622 43 22 mål
148 623 34 21 för
197 622 42 21 alla
259 622 136 21 sträfvanden
411 623 6 20 i
434 622 69 21 denna
517 622 67 27 fråga.
615 622 42 21 För
673 624 33 19 att
720 622 85 21 komma
821 623 87 25 derhän,

84 651 39 21 har
146 651 36 21 det
205 650 55 21 varit
279 650 74 27 nödigt
368 652 33 20 att
416 651 129 25 undersöka,
568 651 98 21 hurudan
681 650 154 27 grundskatten
851 651 58 21 förut

83 685 39 15 var
144 680 65 26 enligt
232 679 25 21 de
275 679 71 26 gamla
361 679 204 27 undervisningarna
581 679 39 21 och
636 679 98 21 hurudan
750 679 38 21 den
804 681 24 19 är
844 680 65 26 enligt

84 708 40 21 den
140 708 122 20 nuvarande
277 708 184 26 undervisningen.
484 708 42 20 Det
542 714 37 14 var
595 708 81 20 således
692 707 129 27 nödvändigt
837 710 32 19 att
881 708 28 26 på

83 736 70 26 grund
176 736 22 21 af
218 742 95 20 noggran
335 736 115 26 uträkning
472 736 28 26 på
516 736 71 21 siffran
605 736 127 24 undersöka,
755 736 55 21 huru
825 736 84 27 mycket

83 764 156 27 grundskatten
260 764 65 27 stigit,
348 765 33 20 för
403 766 33 20 att
456 764 91 22 sålunda
561 765 86 21 komma
662 764 32 21 till
710 766 31 19 ett
756 766 104 25 noggrant
875 770 33 15 re-

84 793 72 21 sultat.
187 793 79 21 Dervid
289 799 37 14 var
341 793 36 21 det
392 793 64 23 klart,
471 795 34 19 att
520 793 26 21 de
562 793 115 26 persedlar,
700 798 45 16 som
760 793 84 26 ingingo
860 793 7 21 i
883 793 25 21 de

85 821 71 27 gamla
170 821 209 27 undervisningarna,
401 821 81 21 åsattes
497 821 131 27 fullkomligt
643 827 123 21 noggranna
781 822 78 20 värden
875 821 34 21 för

84 850 41 21 den
147 849 32 21 tid
200 850 143 26 beräkningen
366 850 125 26 omfattade,
514 849 108 22 äfvensom
645 852 33 18 att
699 850 63 20 värde
785 850 28 26 på
827 856 82 15 samma

84 878 109 26 persedlar
215 878 121 21 bestämdes
358 878 53 22 efter
434 878 41 21 den
495 884 43 21 nya
557 878 184 26 undervisningen.
772 878 137 26 Väsentligen

83 906 131 21 inverkande
228 906 97 21 faktorer
339 907 8 20 i
362 907 26 20 de
403 907 71 26 gamla
492 906 204 27 undervisningarna
711 906 98 27 utgjorde
824 906 28 21 hö
868 906 40 21 och

85 934 137 27 dagsverken.
252 934 40 21 Om
314 941 28 14 nu
365 935 63 21 dessa
450 935 110 26 persedlar
575 934 81 21 åsättas
672 935 72 20 alltför
759 934 48 27 låga
822 935 85 26 värden,

84 963 24 21 så
130 963 88 26 uppstår
236 964 31 19 ett
282 963 89 26 oriktigt
386 963 97 21 resultat.
514 963 41 22 Vid
570 963 156 26 granskningen
741 963 23 20 af
778 963 25 20 de
818 963 90 21 komite-

84 991 63 21 rades
162 991 114 26 uträkning
291 991 40 21 har
346 992 41 21 den
403 992 62 21 delen
478 991 22 21 af
510 992 112 25 utskottet,
638 997 46 15 som
694 991 99 21 omfattat
804 991 36 21 det
850 991 59 21 förra

84 1020 142 25 alternativet,
248 1020 89 21 kommit
359 1020 33 21 till
416 1020 40 21 den
479 1019 145 28 öfvertygelse,
656 1021 32 20 att
710 1020 61 21 äfven
793 1019 24 21 så
843 1020 64 21 skett.

83 1047 79 22 Likaså
177 1054 62 21 synes
254 1049 37 20 det
306 1055 51 14 vara
372 1048 58 21 klart
446 1050 38 25 att,
509 1048 26 21 då
551 1055 49 14 man
616 1049 103 26 uppställt
734 1055 26 14 en
776 1047 66 22 sådan
856 1048 51 26 jem-

83 1076 84 27 förelse,
184 1083 49 14 man
249 1077 64 20 också
329 1076 33 21 för
377 1077 148 21 beräknandet
545 1077 24 20 af
582 1077 148 26 persedlarnas
746 1076 78 21 värden
840 1077 68 20 måste

83 1106 79 25 antaga
184 1111 81 15 samma
286 1105 93 26 tidrymd
401 1105 34 21 för
458 1105 105 22 hvardera
577 1105 149 27 uträkningen,
748 1105 81 21 hvilket
844 1105 65 20 likväl

83 1133 46 21 icke
145 1133 62 22 skett.
238 1134 99 21 Komitén
353 1133 45 26 har,
416 1133 70 22 såsom
502 1134 33 21 5:e
550 1134 95 26 punkten
660 1133 123 26 innehåller,
803 1133 105 22 beräknat

83 1162 75 21 värdet
180 1162 13 20 å
214 1162 137 26 persedlarna
369 1162 54 21 efter
438 1163 31 20 ett
485 1162 92 21 medium
593 1163 23 20 af
630 1163 26 21 10
672 1162 35 21 års
722 1161 135 27 markegång,
881 1161 27 21 då

84 1190 95 21 deremot
194 1190 34 21 vid
246 1191 54 20 1840
315 1190 35 21 års
365 1191 291 27 räntepersedleomsättning
672 1191 143 25 beräkningen
828 1190 79 21 skedde

84 1218 53 22 efter
153 1220 31 20 ett
199 1219 91 21 medium
306 1219 22 21 af
343 1220 26 20 15
385 1219 35 21 års
436 1219 137 27 markegång.
596 1220 68 20 Dessa
679 1221 37 19 äro
732 1219 38 21 allt
780 1219 128 25 omständig-

83 1247 67 26 heter,
166 1247 72 21 hvilka
253 1247 63 21 hafva
331 1247 33 21 till
378 1247 60 27 följd,
454 1250 33 18 att
503 1250 31 19 ett
549 1248 48 21 litet
611 1248 29 21 fel
655 1248 28 26 på
698 1248 72 20 siffran
785 1248 42 20 kan
843 1247 65 21 verka

83 1276 108 26 betydliga
214 1282 101 19 summor;
339 1276 40 21 och
398 1276 38 26 jag
458 1276 67 21 finner
545 1276 65 27 sagde
626 1276 181 26 omständigheter
821 1282 52 14 vara
887 1275 23 21 af

83 1304 67 21 sådan
165 1304 50 26 vigt,
231 1306 32 19 att
276 1304 37 27 jag
327 1304 48 21 icke
389 1304 43 21 kan
448 1305 126 26 obetingadt
589 1305 49 26 ingå
653 1311 37 15 ens
705 1305 27 25 på
748 1304 35 21 det
797 1304 24 20 af
831 1304 77 20 komit-

83 1332 75 22 terade
174 1332 119 27 uppgjorda
308 1333 79 26 förslag
403 1333 40 21 och
459 1334 57 20 ännu
531 1333 82 21 mindre
624 1335 77 25 antaga
712 1333 25 21 de
748 1332 99 27 grunder,
863 1338 45 15 som

83 1361 26 21 de
125 1361 239 25 utskottsmedlemmar,
380 1361 74 21 hvilka
469 1362 104 26 uppställt
584 1362 36 20 det
630 1368 74 15 senare
715 1360 142 26 alternativet,
873 1360 34 27 på,

83 1389 70 21 såsom
168 1390 42 25 mig
225 1396 69 20 synes,
316 1390 82 26 ganska
413 1390 47 21 lösa
475 1390 47 21 skäl
537 1390 121 21 framställt.
689 1390 41 26 Jag
746 1389 64 21 beder
825 1388 83 22 således

83 1419 32 19 att
131 1417 22 21 få
166 1418 87 21 förorda
268 1418 121 26 antagande
404 1418 23 21 af
441 1418 36 21 det
492 1418 59 21 förra
566 1418 142 22 alternativet.

152 1474 55 21 Herr
230 1470 145 31 Öhrnberg:
396 1474 37 28 jag
449 1475 66 21 beder
531 1477 38 24 att,
589 1475 33 21 till
637 1475 135 21 undvikande
787 1474 67 25 deraf,
877 1476 32 19 att

80 1502 37 26 jag
139 1502 68 21 skulle
231 1509 61 14 anses
313 1502 64 22 hafva
391 1504 81 20 uttalat
487 1510 26 14 en
529 1503 61 27 åsigt,
613 1510 45 15 som
671 1504 37 25 jag
723 1504 6 19 i
745 1502 73 27 sjelfva
833 1502 76 22 verket

82 1530 47 21 icke
144 1530 68 27 hyser,
232 1530 21 21 få
268 1531 87 26 tillägga
371 1531 35 21 det
419 1531 39 27 jag
472 1531 47 22 icke
534 1532 37 20 vill
586 1531 126 28 ifrågasätta
728 1531 126 22 ständernas
869 1530 40 22 och
