1103 1811
193 135 42 21 312
451 143 116 18 Städernas
580 145 200 22 auktionsmonopol.
940 149 13 17 2
965 152 62 14 mars.

261 209 32 21 Pä
308 210 93 28 begäran
417 212 105 21 anstäldes
537 212 62 22 äfven
615 220 31 14 nu
661 214 108 28 votering;
786 215 38 21 och
844 221 45 15 som
906 216 73 21 därvid
994 216 32 21 af-

193 238 75 28 gäfvos
292 239 27 20 32
340 240 21 26 ja
383 240 39 20 och
444 241 26 20 28
486 241 41 27 nej,
546 242 54 21 hade
616 242 174 28 borgareständet
804 244 94 27 godkänt
913 245 112 21 utskottets

193 267 142 21 omförmälda
351 268 117 22 uttalande.

261 323 11 21 I
287 324 117 27 anledning
416 325 21 21 af
450 326 26 21 hr
490 325 106 23 Killinens
612 328 142 27 anmärkning
768 330 45 19 mot
829 329 26 20 12
861 319 11 41 $
891 329 66 22 beslöt
967 330 57 21 stän-

193 351 36 22 det
250 352 55 22 fästa
325 354 112 21 utskottets
458 355 186 28 uppmärksamhet
666 357 34 20 vid
719 359 31 19 att
764 357 7 20 i
787 357 41 21 den
844 357 68 22 finska
927 360 74 20 texten
1016 359 7 20 i

193 381 82 25 nämda,
293 383 98 26 paragraf
412 383 64 21 orden
498 384 149 27 »pidättäköön
667 385 55 21 hän»
746 385 12 21 &
773 386 13 20 4
802 387 39 20 och
858 387 12 20 5
885 387 110 21 raderna
982 377 14 40 i
1010 388 13 20 2

193 415 64 15 mom.
278 410 47 21 icke
346 412 132 21 motsvarade
498 413 36 20 det
549 413 31 20 uti
596 413 40 21 den
652 414 92 21 svenska
758 416 74 19 texten
848 415 21 20 af
883 421 81 15 samma
979 416 45 27 lag-

192 444 49 14 rum
257 439 98 21 använda
369 440 90 28 uttryck,
475 443 50 19 utan
542 441 65 22 borde
623 442 84 27 utbytas
723 445 44 19 mot
777 443 60 21 ordet
849 444 174 27 »huutokaupan-

193 466 132 29 toimittaja».

259 524 50 21 Med
331 525 151 22 föranledande
500 527 21 20 af
536 527 25 20 hr
577 526 109 23 Stenroths
702 528 143 28 anmärkning
860 531 45 20 mot
921 530 25 21 16
963 530 12 27 &
990 531 31 20 öf-

193 552 138 22 verlämnade
346 553 25 21 hr
386 554 121 22 talmannen
518 555 32 21 till
560 555 94 22 ständets
667 557 131 21 besvarande
809 564 27 15 en
848 558 115 27 sälydande
977 565 46 15 om-

193 581 238 28 röstningsproposition
437 590 3 13 :

262 639 39 27 De,
317 640 76 22 hvilka
405 641 116 27 godkänna
536 642 113 21 utskottets
663 642 84 28 förslag
763 643 36 21 till
812 644 115 20 uttalande
943 644 80 28 beträf-

193 668 69 27 fande
285 670 28 19 16
334 670 14 26 $
369 669 148 28 oförändradt,
539 672 60 19 rösta
608 671 40 27 ja;
664 671 31 27 de,
712 672 35 20 det
761 671 46 21 icke
820 674 61 25 yöra,
897 674 60 19 rösta
971 673 50 27 nej;

262 697 81 21 vinner
364 698 42 27 nej,
421 698 41 21 har
478 698 175 28 borgareständet
675 700 89 21 beslutit
786 702 33 19 att
841 700 42 21 den
897 701 35 21 del
946 701 29 27 af
987 703 34 19 ut-

194 724 105 29 talandet,
315 725 113 23 hvaremot
446 727 28 21 hr
493 726 104 22 Stenroth
620 728 116 27 framstält
750 729 157 27 anmärkning,
923 730 56 21 skall
993 736 29 14 ur

195 753 146 23 betänkandet
355 755 58 27 utgå.

264 811 161 28 Propositionen
441 812 126 21 besvarades
577 813 50 20 med
638 813 156 28 öfvervägande
804 814 26 27 ja,
842 814 31 21 till
885 814 52 27 följd
948 814 74 21 hvaraf

194 839 85 21 ståndet
295 840 82 21 således
393 841 134 21 oförändradt
549 841 109 28 godkändt
679 842 113 21 utskottets
808 843 109 21 uttalande
932 843 7 20 i
962 843 58 27 fråga

195 874 34 14 om
245 868 90 21 berörda
350 870 101 26 paragraf.

263 919 100 27 Rörande
377 926 111 21 utskottets
504 927 109 21 uttalande
629 934 33 14 om
675 928 25 20 17
711 928 19 26 8,
741 929 44 19 mot
795 928 81 20 hvilket
885 928 26 20 hr
921 928 101 27 Kyander

194 954 56 26 gjort
269 954 145 28 anmärkning,
436 955 122 21 framstälde
578 956 26 20 hr
624 956 124 21 talmannen
763 956 93 27 följande
872 956 150 28 omröstnings-

194 983 131 27 proposition
332 990 4 14 :

262 1034 40 26 De,
317 1034 75 22 hvilka
405 1036 117 27 godkänna
536 1036 114 21 utskottets
663 1036 85 28 förslag
764 1036 36 21 till
815 1036 114 21 uttalande
943 1036 79 28 beträf-

194 1062 69 27 fande
285 1064 28 20 17
335 1064 16 26 $
372 1064 148 27 oförändradt,
542 1066 60 19 rösta
614 1065 34 27 ja;
664 1065 31 26 de,
713 1065 36 21 det
762 1064 45 22 icke
820 1067 61 25 göra,
896 1066 59 20 rösta
970 1065 50 27 nej;

264 1091 81 21 vinner
365 1092 42 28 nej,
427 1093 42 21 har
489 1093 175 27 borgareståndet
685 1093 89 21 beslutit
788 1095 33 19 att
835 1094 58 20 detta
908 1094 114 20 uttalande

194 1119 58 21 skall
266 1127 29 14 ur
311 1120 142 22 betänkandet
467 1122 59 27 utgå.

263 1172 162 27 Propositionen
440 1173 126 21 besvarades
581 1174 49 20 med
646 1174 156 27 öfvervägande
812 1174 27 27 ja,
850 1174 39 20 och
901 1174 54 20 hade
966 1173 56 21 stån-

195 1199 36 21 det
246 1200 83 21 således
344 1201 78 26 jämväl
436 1202 108 27 godkändt
558 1202 113 21 utskottets
687 1202 109 21 uttalande
812 1202 88 21 rörande
916 1204 12 25 $
945 1203 32 19 17.

262 1252 119 22 Utskottets
396 1253 56 21 kläm
467 1253 27 28 pä
508 1253 46 21 sida
570 1254 27 20 24
607 1254 7 20 i
625 1254 143 21 betänkandet
778 1253 123 28 godkändes
911 1253 50 21 härä
972 1255 51 20 utan

195 1281 147 27 anmärkning.

265 1332 135 22 Beträffande
425 1333 105 22 klämmen
557 1333 27 28 på
606 1334 46 21 sida
675 1335 27 20 25
724 1334 7 21 i
752 1334 143 21 betänkandet
920 1334 101 27 begärdes

195 1361 61 21 ordet
277 1361 21 21 af

264 1413 26 20 hr
314 1413 146 28 Nybergh,
485 1414 123 27 August,
634 1421 45 14 som
704 1414 92 27 yttrade:
833 1413 48 22 Den
903 1414 120 27 föreslagna

194 1441 109 22 klämmen
325 1441 161 22 tillfredsställer
505 1443 45 26 mig
564 1443 47 20 icke
626 1443 49 20 fullt
689 1443 8 20 i
713 1443 85 21 formelt
812 1443 106 20 afseende.
948 1442 74 21 Såsom

194 1468 81 23 bekant
284 1470 119 21 innehåller
412 1470 159 28 näringslagens
583 1471 27 20 14
622 1471 13 27 $
646 1477 27 15 en
685 1471 254 27 undantagsbestämning
949 1470 73 22 därom

194 1499 30 19 att
247 1498 150 27 näringslagen
418 1499 46 20 icke
478 1499 72 27 gäller,
566 1499 64 20 bland
646 1501 70 26 annat,
731 1500 162 26 mäklareyrket.
922 1500 41 26 Jag
979 1501 44 18 tror

195 1527 30 20 att
249 1527 36 20 det
306 1527 43 20 kan
372 1527 98 27 uppvisas
491 1529 31 19 att
542 1527 157 28 bestämningar
720 1534 35 15 om
770 1527 157 28 mäklareyrket
941 1528 8 20 i
964 1527 57 22 äldre
