1103 1811
203 156 44 20 428
371 161 121 18 Samhällen
503 162 46 17 med
562 163 170 21 sammanträngd
744 162 129 22 befolkning.
933 163 28 17 '16
973 165 62 15 mars.

204 229 53 21 eller
281 229 54 21 efter
353 230 105 27 pröfning,
472 230 82 22 hvilket
568 231 7 21 i
590 231 79 28 mänga
683 231 38 21 fall
736 231 43 21 kan
794 238 50 14 vara
860 231 122 28 detsamma,
997 233 38 19 än-

204 258 39 21 dra
257 258 118 21 innehället
394 258 21 21 af
432 258 143 22 kommunens
590 259 75 22 beslut.
695 259 43 21 Det
752 266 66 21 synes
833 260 45 27 mig
892 266 45 15 som
953 267 34 14 om
1003 260 32 20 in-

204 286 89 27 genting
308 286 69 22 skulle
392 287 75 21 hindra
482 290 30 19 att
526 288 8 20 i
550 288 57 21 detta
622 288 100 21 afseende
738 288 67 21 ändra
820 288 152 28 författningen
988 288 47 21 där-

204 315 42 20 hän
269 316 30 19 att
322 315 286 28 kommunalförordningens
631 317 125 20 nuvarande
778 317 82 27 princip
879 317 69 21 skulle
970 317 65 21 blifva

203 343 127 27 genomförd
353 344 40 21 och
415 344 89 21 sälunda
526 347 30 19 ett
577 345 86 28 förslag,
685 351 46 15 som
747 345 21 21 af
784 345 103 21 kommun
902 345 97 28 antagits,
1013 345 23 21 af

205 371 155 22 administrativ
381 373 125 27 myndighet
521 373 38 22 bör
573 373 7 21 i
596 373 49 22 dess
659 373 73 22 helhet
746 373 103 28 antingen
864 374 104 21 förkastas
983 374 53 21 eller

205 399 32 22 till
258 400 139 22 efterrättelse
417 401 119 22 fastställas.
566 401 64 22 Detta
644 402 73 21 kunde
732 402 126 27 visserligen
874 403 63 20 hafva
953 403 31 20 till
998 403 37 27 pä-

205 428 53 27 följd
278 430 31 20 att
329 429 76 22 sädant
419 430 78 27 förslag
512 430 69 21 skulle
596 431 32 21 till
643 431 65 27 ingen
724 431 73 27 ätgärd
813 431 115 27 föranleda,
943 437 49 15 men
1008 431 27 20 dä

206 463 50 15 vore
278 457 37 21 det
334 458 47 21 icke
403 460 60 20 värre
478 461 27 18 än
521 459 61 21 förut.
613 459 42 22 Det
671 459 85 27 vanliga
770 461 24 19 är
809 459 55 22 dock
880 462 35 23 att,
930 459 27 21 dä
971 459 62 21 kom-

205 485 75 22 muna]
302 487 125 27 myndighet
442 487 105 21 inlämnar
562 489 30 20 ett
606 488 85 27 förslag,
706 488 82 21 hvilket
802 488 47 21 icke
865 488 22 21 af
901 489 134 26 guvernören

204 521 64 14 anses
291 515 103 28 antagligt
415 516 39 21 och
477 523 45 14 som
540 518 135 25 guvernören
699 517 71 20 därför
784 516 28 28 pä
827 517 102 27 uppgifna
944 516 45 21 skäl
1005 516 30 21 af-

206 543 65 27 böjer,
294 543 41 21 den
351 543 137 22 kommunala
503 545 152 26 myndigheten
670 547 66 19 rättar
750 545 34 27 sig
799 545 97 26 därefter,
911 552 34 14 om
961 545 75 21 nämli-

205 577 42 21 gen
269 574 145 25 guvernörens
429 573 135 28 uppfattning
578 573 39 21 har
631 573 55 28 goda
701 573 46 22 skäl
762 574 34 21 för
811 574 38 27 sig,
864 574 40 21 och
919 574 8 21 i
942 574 94 27 enlighet

206 599 87 22 därmed
309 603 82 25 uppgör
406 603 47 25 nytt
467 602 83 27 förslag.
580 601 43 28 Jag
638 602 69 21 skulle
723 602 72 21 därför
809 604 32 19 tro
858 604 30 19 att
903 608 27 16 en
945 603 92 27 ändring

205 628 8 20 i
236 628 57 22 detta
316 629 99 21 afseende
437 630 21 21 af
480 630 35 21 det
536 630 147 28 föreliggande
704 630 138 29 lagförslaget
856 631 69 21 skulle
940 630 49 22 leda
1003 631 33 21 till

206 656 51 28 godt
272 658 93 20 resultat.

277 714 70 22 Sedan
369 715 148 22 diskussionen
535 716 51 20 härä
602 716 112 22 förklarats
729 716 99 28 afslutad,
843 716 44 22 blef
902 716 41 22 den
959 716 77 27 nädiga

206 743 159 27 propositionen
380 744 121 22 remitterad
516 744 32 21 till
563 744 235 27 kommunalutskottet,
813 751 45 15 som
874 752 77 20 genom
966 747 71 25 proto-

207 771 133 28 kollsutdrag
355 772 69 21 skulle
439 773 79 21 erhälla
533 773 35 21 del
582 774 22 19 af
619 773 41 21 den
675 773 152 28 försiggängna
842 774 155 20 diskussionen.

277 914 119 28 Föredrogs
417 914 27 21 H.
462 914 26 22 K.
510 914 41 22 M:s
574 916 35 20 vid
625 918 84 19 senaste
724 916 89 27 plenum
829 915 115 27 bordlagda
959 915 78 28 nädiga

208 942 130 28 proposition
361 949 35 15 n:o
415 944 27 20 25
458 943 108 28 angäende
582 944 116 21 anvisande
714 944 22 21 af
750 944 82 22 medel
847 944 42 22 till
904 944 132 22 folkskole-

208 970 129 23 väsendets
349 971 10 22 i
374 971 86 23 landet
475 972 133 22 underhåll
622 973 69 21 under
707 973 51 21 åren
776 973 141 21 1898—1900.

278 999 60 22 Efter
360 1000 36 21 det
417 1000 25 21 hr
464 1000 123 22 talmannen
602 1001 74 21 härvid
691 1002 81 20 anmält
788 1003 30 19 att
833 1001 204 21 talmanskonferen-

209 1034 38 15 sen
269 1028 93 27 föreslog
380 1029 74 21 remiss
470 1030 21 20 af
506 1030 41 20 den
562 1030 78 27 nädiga
655 1030 160 28 propositionen
830 1030 31 21 till
878 1030 159 27 statsutskottet,

206 1056 104 28 begärdes
325 1057 60 21 ordet
399 1058 22 20 af

276 1114 25 20 hr
316 1113 147 28 Sundvall,
478 1121 46 14 som
538 1115 96 26 yttrade:
650 1114 48 22 Den
714 1115 148 27 föreliggande
877 1115 157 27 propositionen

207 1143 23 19 är
252 1142 68 27 egnad
344 1144 30 20 att
395 1143 67 21 väcka
479 1143 85 21 känslor
579 1144 22 20 af
616 1144 184 21 tillfredsställelse
815 1144 39 21 hos
870 1144 71 27 hvarje
957 1145 41 19 vän
1013 1144 24 20 af

207 1170 46 21 värt
275 1171 231 27 folkbildningsarbete.
536 1172 29 20 Af
587 1172 157 28 propositionen
768 1172 94 28 framgär
882 1172 108 28 nämligen
1005 1174 32 19 att

207 1199 46 20 värt
276 1200 198 21 folkskoleväsende
496 1200 68 21 under
587 1201 26 20 de
636 1203 84 18 senaste
742 1201 52 21 ären
811 1201 118 21 utvecklats
943 1201 49 21 med
1008 1207 27 15 en

207 1228 204 27 anmärkningsvärd
433 1229 105 26 hastighet
558 1229 40 20 och
621 1229 70 21 denna
714 1229 125 28 utveckling
860 1229 39 21 har
921 1229 53 21 varit
988 1229 47 21 icke

207 1255 54 22 blott
276 1256 126 21 kvantitativ
418 1259 51 19 utan
484 1257 64 21 äfven
562 1257 115 22 kvalitativ.
709 1257 42 22 Vid
768 1258 55 21 1891
840 1257 34 22 års
889 1257 100 28 landtdag
999 1258 37 21 be-

207 1284 90 27 viljades
320 1285 33 20 för
375 1285 42 21 den
439 1285 93 27 följande
554 1285 172 28 finansperioden
748 1286 33 21 till
797 1286 239 21 folkskoleväsendets
1023 1280 16 37 i

207 1312 74 22 landet
303 1313 112 21 underhäll
431 1314 109 27 3,600,000
556 1315 66 20 mark.
652 1314 48 21 Den
716 1315 147 27 föreliggande
878 1315 157 27 propositionen

207 1341 106 21 beräknar
327 1342 115 26 utgifterna
458 1343 32 20 för
505 1343 46 21 värt
566 1343 199 22 folkskoleväsende
776 1344 34 20 för
820 1343 128 21 kommande
958 1343 78 21 finans-

207 1370 73 27 period
296 1370 32 21 till
343 1370 111 27 6,544,000
469 1371 65 21 mark.
564 1371 43 22 Det
621 1373 23 19 är
659 1371 83 22 säledes
758 1373 12 20 3
786 1372 100 27 miljoner
900 1378 63 15 mera.
990 1371 46 22 Un-

207 1398 38 21 der
261 1398 62 21 dessa
337 1405 39 14 sex
392 1399 23 20 år
430 1399 62 21 hafva
508 1399 52 22 altså
575 1400 117 27 utgifterna
707 1402 91 25 stegrats
808 1399 50 22 med
871 1407 26 15 en
908 1400 45 21 half
963 1400 72 27 miljon

207 1433 38 20 per
267 1427 29 20 är.
325 1427 77 21 Denna
425 1428 93 27 stegring
540 1430 29 25 är,
585 1435 35 14 om
635 1435 49 14 man
699 1429 78 27 jämför
792 1429 42 21 den
850 1429 49 21 med
915 1429 121 27 stegringen

207 1455 71 21 under
293 1455 26 21 de
335 1456 127 27 föregäende
478 1457 26 20 25
516 1457 56 26 ären,
582 1457 24 20 sä
616 1459 48 21 stor,
675 1459 30 19 att
715 1464 50 14 man
776 1457 70 21 finner
857 1459 30 19 att
896 1457 69 21 under
975 1457 62 21 dessa

207 1489 76 15 senare
304 1490 39 15 sex
367 1484 23 20 är
412 1484 207 22 folkskoleväsendet
634 1486 119 20 utvecklats
768 1486 51 20 med
835 1492 27 14 en
878 1486 65 20 sädan
958 1485 78 27 hastig-

207 1511 42 27 het,
272 1513 30 20 att
322 1519 50 14 man
395 1513 38 20 har
455 1513 29 21 alt
507 1513 45 20 skäl
570 1515 31 19 att
616 1515 63 19 vänta
693 1514 52 26 godt
760 1514 34 21 för
808 1514 120 21 framtiden.
957 1513 42 21 Det
1013 1516 25 19 är

207 1539 53 22 visst
283 1542 46 19 sant
349 1543 30 18 att
401 1541 61 22 dessa
485 1541 86 28 utgifter
593 1542 149 21 företrädesvis
765 1542 98 28 betingas
887 1543 21 20 af
923 1542 42 21 den
980 1544 57 19 stora
