1103 1811
206 140 41 21 668
518 138 205 34 Skatteförmedling.
937 147 24 16 21
974 146 58 21 april.

276 214 117 28 Föredrogs
409 214 164 22 statsutskottets
589 214 34 20 vid
640 216 84 19 senaste
737 214 87 27 plenum
836 214 114 28 bordlagda
963 215 72 21 betän-

206 244 70 20 kande
299 250 33 14 n:o
357 244 12 20 3
392 244 7 20 i
422 243 114 26 anledning
560 243 20 20 af
599 243 102 21 särskilda
717 243 59 21 inom
791 243 154 21 bondeståndet
961 244 74 20 väckta

205 272 180 27 petitionsförslag
408 278 34 14 om
466 270 234 28 skatteförmedling
715 272 69 22 inom
800 271 74 28 Nagu,
889 271 83 23 Korpo
988 272 47 22 och

206 300 137 22 Houtskärs
360 300 105 22 socknar
478 300 62 21 samt
555 299 77 22 Kustö
648 300 83 27 kapell
746 300 28 21 af
782 300 129 27 Egentliga
958 300 76 22 Finland

206 328 127 23 äfvensom
348 328 188 23 Muonionniska
551 327 91 23 socken
658 328 27 22 af
697 328 183 28 Lappmarkens
895 328 87 23 härad.

275 385 34 21 Hr
329 385 144 27 Hallberg
489 385 71 21 anhöll
576 392 34 14 om
626 385 60 21 ordet
702 386 40 20 och
757 386 95 26 yttrade:
883 385 41 28 Jag
939 385 95 21 anhåller

207 416 29 19 att
254 414 119 21 rättelsevis
395 414 20 21 få
430 414 81 27 påpeka
526 413 66 28 några
608 414 95 27 tryckfel.
735 414 30 21 På
780 415 46 20 sida
842 415 12 20 9
870 415 6 20 i
893 414 141 21 betänkandet

206 443 7 20 i
236 443 37 20 det
295 443 79 26 stycke,
397 449 45 14 som
462 443 69 26 börjar
546 443 48 20 med
611 443 64 20 orden
694 443 82 20 »under
792 443 60 20 dessa
867 443 167 26 förhållanden»,

207 471 42 21 står
272 471 27 28 på
322 471 25 21 17
371 471 65 21 raden
459 471 98 27 uppifrån
576 471 45 21 Fm.
638 471 83 26 612:23,
737 471 81 21 hvilket
833 471 38 21 bör
886 478 49 14 vara
951 471 82 25 602:43,

207 500 40 20 och
263 500 27 27 på
305 500 26 20 22
348 500 64 20 raden
429 500 52 20 står:
499 500 81 27 774:76,
598 500 36 21 bör
650 507 49 14 vara
716 500 83 27 764:96,
815 500 39 21 och
870 500 68 27 95:48,
954 500 79 21 hvilket

207 528 38 21 bör
261 535 50 14 vara
327 529 68 20 94:27.

277 585 67 27 Ingen
370 592 70 14 annan
456 585 21 21 af
492 585 94 21 ståndets
601 585 140 21 medlemmar
756 585 71 21 anhöll
844 593 34 13 om
893 586 65 26 ordet,
973 585 61 21 hvar-

206 614 33 20 för
262 613 149 21 diskussionen
433 613 129 21 förklarades
586 613 97 24 afslutad,
702 613 50 21 därå
775 614 164 21 statsutskottets
962 614 71 20 betän-

207 642 70 21 kande
294 642 135 21 oförändradt
445 642 127 28 godkändes.

277 785 117 26 Föredrogs
417 785 105 20 allmänna
545 785 213 27 petitionsutskottets
782 786 32 19 vid
840 787 82 18 senaste
946 785 86 26 plenum

208 813 117 27 bordlagda
340 813 132 21 betänkande
488 820 34 14 n:o
539 814 25 19 16
581 813 48 21 med
646 813 115 28 anledning
778 814 20 20 af
814 815 29 19 ett
861 814 3 20 i
881 813 152 21 bondeståndet

208 842 63 20 väckt
286 842 178 27 petitionsförslag
480 849 33 14 om
530 842 119 27 beviljande
665 842 21 20 af
702 841 271 29 författarepensioner.

279 899 64 20 Ordet
365 898 102 27 begärdes
490 899 20 20 af
532 899 25 20 hr
579 899 160 23 Frenckell,
755 906 47 14 som
817 899 92 27 yttrade:
939 898 42 21 Det
997 899 37 19 har

207 928 58 25 sagts
288 927 39 21 och
350 927 40 20 kan
414 927 62 21 äfven
500 928 47 20 med
571 928 46 20 stöd
634 928 20 20 af
670 928 266 26 landtdagshandlingarna
952 927 81 27 pävisas

207 958 29 18 att
252 956 27 20 de
294 956 112 20 inhemska
420 956 146 21 skönlitterära
581 956 137 20 författarena
732 956 7 20 i
755 956 59 27 fräga
830 963 33 13 om
880 956 113 20 understöd
1010 962 24 14 ur

208 984 107 20 allmänna
340 984 68 21 medel
431 984 6 20 i
460 984 154 21 bondeständet
630 985 61 20 hafva
708 985 46 20 sina
770 987 54 19 mest
840 984 93 28 pälitliga
948 986 85 18 vänner.

207 1012 42 21 Det
264 1014 23 19 är
302 1013 7 20 i
324 1012 75 28 själfva
415 1013 72 21 värket
496 1020 77 20 genom
586 1014 111 26 petitioner
709 1014 7 20 i
727 1013 67 27 fjärde
807 1013 88 27 ständet,
905 1019 46 15 som
961 1012 72 28 frägan

207 1048 34 13 om
265 1041 136 27 diktaregage
431 1042 51 20 eller
504 1042 115 20 understöd
642 1042 7 20 i
672 1042 70 27 nägon
765 1048 69 14 annan
854 1042 53 20 form
924 1041 53 21 bäde
999 1042 34 20 vid

208 1070 55 20 1888
286 1070 38 21 och
349 1070 53 20 1891
426 1070 33 20 års
481 1070 38 21 och
542 1077 29 13 nu
595 1070 33 20 vid
652 1070 70 21 denna
745 1071 101 27 landtdag
864 1070 88 21 kommit
967 1070 67 20 under

209 1098 125 21 ständernas
357 1098 78 25 debatt,
459 1112 26 2 —
505 1106 26 14 en
547 1099 161 27 omständighet,
724 1106 45 14 som
786 1101 23 19 är
824 1099 117 27 glädjande,
957 1105 34 14 om
1007 1100 26 18 än

207 1127 83 20 formen
309 1127 32 20 för
356 1128 139 26 petitionerna
511 1128 53 20 varit
578 1128 72 25 sädan,
665 1130 30 18 att
711 1128 26 21 de
752 1128 47 20 icke
815 1128 53 20 varit
883 1128 6 20 i
905 1127 40 21 allo
961 1133 73 21 accep-

206 1155 57 21 tabla
287 1156 38 20 och
348 1156 202 26 petitionsutskottet
573 1156 104 21 härintills
700 1156 94 21 förhällit
812 1157 32 26 sig
866 1156 108 20 afvisande
989 1158 44 18 mot

207 1184 65 26 syftet
288 1184 47 21 med
352 1184 61 21 dessa
428 1185 116 26 petitioner.
570 1185 115 21 Utskottets
702 1185 134 21 betänkande
852 1191 36 20 ger
903 1191 25 14 en
941 1184 92 27 historik,

207 1219 46 14 som
269 1212 41 21 kan
326 1219 50 14 vara
392 1213 131 26 upplysande
538 1213 32 20 för
586 1213 142 21 bedömandet
743 1213 21 21 af
780 1213 84 27 frägans
880 1213 87 26 tidigare
979 1213 54 21 öden

207 1241 39 20 och
271 1241 128 26 behandling
419 1241 34 20 vid
474 1241 126 28 föregäende
616 1242 130 27 landtdagar.
778 1242 88 21 Utöfver
881 1241 55 21 hvad
951 1247 45 14 som
1012 1242 22 20 af

206 1269 144 21 betänkandet
371 1269 99 28 framgår,
492 1270 100 27 förtjänar
615 1271 121 20 framhållas
758 1272 30 19 att
804 1270 171 27 borgarestäindet
998 1271 34 20 vid

207 1298 54 19 1891
279 1298 34 20 års
328 1298 101 27 landtdag
443 1299 47 20 icke
506 1299 114 20 omfattade
632 1299 111 21 utskottets
755 1299 110 20 afvisande
876 1299 83 26 förslag,
968 1311 27 2 —
1004 1301 29 18 ett

206 1326 241 27 petitionsbetänkande,
463 1327 79 20 hvilket
558 1327 74 21 väckte
648 1327 85 27 mycket
749 1327 121 28 uppseende
880 1327 27 27 på
917 1327 31 20 sin
961 1327 35 26 tid,
1006 1339 27 3 —

207 1357 50 18 utan
283 1355 113 21 omfattade
421 1361 25 15 cn
467 1356 135 26 reservation,
617 1356 62 20 hvars
694 1356 57 21 kläm
767 1363 37 14 var
820 1356 88 27 ungefär
923 1355 110 22 enahanda

208 1383 47 20 med
280 1383 47 26 den,
349 1383 88 21 hvarom
460 1384 112 21 utskottets
595 1385 105 26 majoritet
723 1391 29 14 nu
772 1385 82 20 förenat
870 1385 31 26 sig
916 1385 39 20 och
970 1385 63 20 hvars

206 1412 129 26 motivering
356 1412 48 27 gick
427 1414 23 19 ut
468 1413 26 26 på
509 1415 29 18 att
554 1413 125 26 polemisera
695 1415 43 19 mot
754 1413 112 21 utskottets
881 1413 130 27 ståndpunkt
1026 1413 6 20 i

206 1439 81 28 frågan.
313 1440 107 21 Utskottet
435 1441 43 20 höll
493 1447 45 14 mer
554 1441 51 21 eller
620 1441 82 21 mindre
716 1441 25 27 på
752 1441 41 22 den
805 1443 70 19 satsen
886 1443 29 19 att
926 1448 26 14 en
963 1441 70 21 skrift-

206 1468 86 21 ställare
309 1468 44 21 »för
368 1471 50 25 att»,
433 1482 27 2 —
476 1469 68 21 såsom
560 1472 136 18 reservanten
712 1470 50 20 sade
774 1482 27 3 —
814 1470 39 20 »nä
868 1470 77 26 höjden
961 1470 22 20 af
997 1470 36 20 sitt

206 1496 162 27 författareskap
391 1504 46 14 mer
458 1498 52 20 eller
530 1498 82 20 mindre
629 1498 37 20 bör
681 1498 62 21 hafva
759 1500 65 25 typen
840 1498 21 21 af
876 1505 26 14 en
917 1498 115 27 svältande,

206 1525 94 20 maläten
321 1529 54 23 poet,
398 1526 62 21 hvars
483 1526 85 27 vingars
583 1526 54 27 flykt
653 1526 69 21 blefve
738 1527 73 25 stäckt,
827 1533 34 14 om
877 1527 40 20 han
935 1526 97 27 dagligen
