1103 1811
192 141 40 21 326
419 148 72 17 Skada
502 148 34 18 till
548 148 52 22 följd
614 149 24 17 af
646 148 160 22 järnvägsärift.
937 150 12 16 5
961 153 63 13 mars.

192 216 119 27 järnvägar,
330 222 46 15 som
396 216 70 22 finnas
480 217 8 20 i
502 219 30 19 ett
546 217 58 23 land,
619 218 39 20 och
673 216 84 22 således
772 217 56 21 huru
843 218 52 20 nära
909 217 114 21 orsakerna

193 244 32 22 till
241 244 112 27 olycksfall
369 245 73 21 kunna
456 245 62 28 ligga.
548 246 170 21 Förhållandena
734 261 65 5 ....

263 301 46 20 Här
328 302 80 21 afbröts
428 303 25 20 hr
472 302 103 27 Hallberg
596 303 21 20 af
637 303 26 20 hr
677 302 123 21 talmannen
816 302 49 21 med
880 302 143 27 tillkännagif-

193 329 70 21 vande
278 331 31 19 att
324 330 172 27 borgareståndet
514 331 54 21 hade
584 333 30 19 att
629 333 80 19 emotse
725 337 25 15 en
767 330 94 22 ledamot
876 331 21 20 af
912 330 111 28 kejserliga

193 359 100 25 senaten;
315 359 65 20 hvarå
401 361 103 25 senatorn,
525 359 89 22 friherre
635 359 107 21 Gustaf
756 359 214 27 Langenskiöld
991 359 32 20 in-

193 387 80 26 trädde,
289 387 74 27 åtföljd
379 387 22 21 af
417 388 287 21 referendariesekreteraren
724 388 78 21 Eliel
817 388 151 26 Johnsson,
984 388 39 21 och

193 415 160 22 öfverlämnade
372 416 21 21 åt
412 416 25 21 hr
455 416 122 21 talmannen
598 417 95 26 följande
713 416 27 21 H.
757 416 25 21 K.
798 416 40 21 M:s
857 416 76 27 nådiga
948 423 75 20 propo-

194 443 93 28 sitioner,
303 444 118 28 nämligen:

264 507 35 14 n:o
321 501 26 20 23
369 501 109 28 angående
494 501 189 28 expropriation
699 501 28 22 af
739 501 49 22 fast
804 501 119 28 egendom
937 501 34 20 för
985 501 38 20 all-

193 531 60 19 mänt
268 529 73 26 behof;

264 564 35 14 n:o
316 558 26 20 26
359 558 108 27 angående
482 558 85 22 vidare
579 558 262 29 järnvägsbyggnader
856 558 7 21 i
874 558 81 26 landet;
969 560 54 19 samt

264 592 35 14 n:o
316 587 26 19 27
359 587 109 27 angående
483 587 330 22 kommunikationsfonden.

263 642 34 21 Hr
319 643 122 21 talmannen
465 644 87 20 tackade
576 644 32 20 för
624 644 25 20 de
665 650 30 14 nu
711 643 159 21 öfverlämnade
885 643 76 27 nådiga
977 650 46 20 pro-

193 671 150 27 positionerna,
358 672 72 20 hvilka
445 672 172 27 borgareståndet
632 672 68 20 skulle
714 672 98 27 vinlägga
828 672 32 27 sig
875 678 34 14 om
924 674 30 18 att
969 678 54 21 egna

195 700 175 28 grundlagsenlig
385 700 137 28 behandling;
539 700 65 21 hvarå
619 703 99 18 senatorn
734 700 101 21 afträdde.

264 756 33 21 Hr
311 756 149 28 Hallberg,
476 764 44 14 som
536 757 52 21 härå
603 757 44 21 åter
662 757 67 21 erhöll
745 757 65 27 ordet,
826 757 95 21 fortsatte
936 756 36 21 sitt
987 763 36 14 an-

195 785 109 26 dragande
319 785 101 20 sålunda:
450 786 169 20 Förhållandena
634 787 36 19 äro
687 786 54 20 dock
757 786 7 19 i
780 786 56 20 detta
853 785 119 20 hänseende
988 785 35 20 be-

195 813 78 27 tydligt
288 813 55 21 olika
359 813 78 21 mellan
453 814 45 20 vårt
513 814 49 21 land
578 814 39 21 och
634 814 102 23 utlandet,
752 813 70 21 såsom
838 813 79 22 enhvar
928 815 96 25 nogsamt

196 841 87 22 känner.
313 842 12 20 1
346 842 46 21 vårt
412 842 50 21 land
484 842 61 21 hafva
564 843 21 20 vi
600 843 47 20 icke
663 842 49 21 fullt
728 843 62 26 3,000
806 842 111 21 kilometer
930 842 93 27 järnväg,

195 870 27 21 då
244 870 109 21 desamma
375 871 129 27 exempelvis
524 871 7 20 i
546 871 98 27 England
661 871 71 27 uppgå
747 871 32 20 till
795 871 75 27 33,000
885 870 116 27 kilometer,
1017 871 7 19 i

195 898 117 28 Frankrike
328 899 31 20 till
375 899 75 26 39,000
469 899 116 27 kilometer,
600 900 6 19 i
622 899 107 27 Tyskland
745 899 32 21 till
792 899 78 26 46,000
885 899 116 26 kilometer,
1017 899 6 19 i

196 923 108 25 Österrike
327 927 32 21 till
381 928 75 26 30,000
480 928 110 20 kilometer
605 934 18 14 o.
639 934 15 14 s.
670 934 19 14 v.
719 928 11 20 I
745 927 132 21 förhållande
893 926 30 22 till
939 926 83 22 arealen

196 955 73 21 ställer
289 956 36 20 det
345 956 33 27 sig
399 956 28 27 sä,
442 958 30 19 att
495 956 20 20 vi
531 956 61 21 hafva
608 957 33 26 0,8
657 956 112 21 kilometer
784 956 26 27 pä
826 956 40 20 100
883 955 140 21 kvadratkilo-

196 986 68 19 meter
291 984 92 27 område,
410 984 47 22 hela
478 984 89 21 Finland
589 984 26 21 dä
636 984 125 28 inbegripet,
782 984 65 28 något
864 990 45 15 mer
924 990 35 14 om
973 990 50 14 man

195 1019 50 14 man
261 1012 125 22 borträknar
400 1013 71 21 halfva
486 1013 118 27 Uleäborgs
619 1013 35 21 län
669 1014 49 20 med
734 1013 90 27 ungefär
838 1013 75 27 80,000
926 1012 98 21 kvadrat-

196 1041 117 21 kilometer.
343 1041 149 22 Motsvarande
507 1042 69 20 siffror
590 1042 33 21 för
638 1042 96 21 utlandet
750 1044 42 24 äro,
807 1041 131 27 exempelvis
953 1041 7 20 i
975 1040 49 21 Bel-

196 1069 49 27 gien
268 1070 27 20 18
315 1070 111 21 kilometer
448 1076 37 22 per
508 1071 39 21 100
563 1070 207 26 kvadratkilometer,
786 1070 5 20 i
808 1069 167 22 Storbritannien
991 1070 33 24 10,

194 1098 8 20 i
217 1098 108 27 Tyskland
347 1098 40 22 och
408 1098 92 22 Schweiz
521 1100 19 26 8,
556 1099 6 20 i
577 1098 116 22 Frankrike
710 1100 11 20 7
739 1098 111 22 kilometer
865 1104 38 22 per
918 1098 40 20 100
974 1098 50 20 kva-

196 1126 160 22 dratkilometer
376 1134 18 14 o.
411 1134 14 14 s.
442 1134 17 14 v.
489 1127 63 21 Detta
567 1128 114 27 lagförslag
696 1128 38 20 har
748 1127 48 21 icke
811 1133 38 15 ens
864 1127 62 26 bygts
941 1126 26 28 pä
983 1126 41 21 den

196 1156 92 20 svenska
310 1156 69 27 lagen,
401 1156 92 26 hvilken,
515 1156 67 27 enligt
600 1156 113 21 utskottets
728 1162 54 21 egen
799 1156 88 27 uppgift,
902 1157 23 19 är
940 1155 85 27 mycket

195 1184 122 27 lindrigare,
339 1184 68 21 ehuru
428 1184 159 21 förhällandena
605 1184 38 21 där
658 1184 54 22 hade
728 1184 48 21 bort
791 1191 55 20 vara,
862 1184 55 20 hvad
932 1184 37 20 sed
985 1184 40 20 och

198 1212 137 28 uppfattning
356 1213 138 26 vidkommer,
515 1213 104 27 betydligt
640 1219 45 14 mer
705 1213 103 20 liknande
826 1212 51 21 vära
899 1213 26 19 än
941 1212 6 20 i
963 1211 26 21 de
1005 1211 21 21 af

196 1241 103 21 utskottet
324 1241 89 20 anförda
436 1241 107 21 länderna.
576 1241 64 21 Hvad
664 1241 173 27 järnbanenätets
858 1240 167 27 utsträckning
1012 1236 16 37 i

196 1269 80 27 Sverge
298 1269 138 28 vidkommer,
454 1269 70 22 finnas
545 1270 37 20 där
604 1270 75 27 10,000
695 1270 112 21 kilometer
822 1269 71 25 banor,
909 1271 61 18 stats-
985 1269 39 20 och

195 1297 138 28 privatbanor
347 1298 8 20 i
370 1299 30 20 ett
415 1298 83 27 brokigt
512 1299 106 26 virr-varr,
634 1298 52 21 eller
701 1299 27 20 13
744 1298 112 21 kilometer
870 1303 38 22 per
924 1297 39 20 100
975 1297 50 20 kva-

196 1325 165 22 dratkilometer.

267 1355 73 20 Skulle
363 1355 70 20 denna
454 1355 34 27 lag
509 1355 85 21 komma
615 1355 32 21 till
667 1355 68 26 stånd,
750 1357 24 18 är
788 1355 36 20 det
839 1354 66 27 gifvet
920 1355 30 19 att
965 1355 60 19 stats-

195 1383 142 28 järnvägarna
352 1383 85 22 komme
452 1386 30 19 att
496 1383 21 21 få
532 1383 32 21 sin
581 1383 80 27 budget
675 1383 97 21 belastad
786 1383 49 21 med
846 1383 47 20 icke
904 1381 121 28 obetydliga

197 1412 74 27 anslag
286 1413 33 20 för
334 1412 116 27 ersättning
465 1412 21 21 af
501 1412 27 21 all
544 1412 41 21 den
601 1412 71 27 skada,
688 1418 46 15 som
750 1411 108 22 drabbade
873 1417 101 21 personer
986 1411 39 20 och

197 1441 110 26 egendom.
338 1440 50 21 Men
410 1447 33 14 om
460 1441 37 20 ock
513 1441 192 26 statsjärnvägarna
721 1440 49 21 med
786 1447 27 14 en
828 1440 54 27 årlig
896 1439 94 21 inkomst
1005 1439 21 20 af

197 1469 25 20 17
245 1469 100 27 miljoner
366 1468 59 21 mark
443 1469 72 21 kunde
530 1469 71 20 mäkta
616 1469 50 20 med
682 1468 70 22 denna
768 1469 117 25 ersättning
900 1469 52 19 utan
967 1468 58 20 näm-

195 1497 67 21 värda
283 1497 183 28 ansträngningar,
482 1497 69 21 blefve
567 1497 141 20 förhållandet
723 1497 65 27 något
803 1497 44 20 helt
862 1498 65 19 annat
941 1495 49 21 med
999 1496 26 20 de

197 1525 97 22 enskilda
310 1526 99 21 banorna.
439 1525 67 22 Dessa
521 1525 85 21 komma
621 1525 51 20 väli
683 1525 46 21 vårt
739 1525 57 27 land,
807 1532 35 13 om
853 1525 26 21 de
895 1523 31 22 als
938 1524 7 20 i
955 1523 71 28 någon
