1103 1811
196 151 42 21 684
496 149 226 33 Boskapstuberkuios.
929 156 26 17 23
967 155 58 22 april.

195 225 32 21 till
247 224 138 28 regeringens
401 224 122 28 disposition
538 225 34 21 för
587 225 57 21 detta
659 224 98 21 ändamäl
773 224 39 21 och
828 224 57 22 detta
900 225 73 27 anslag
989 225 37 20 har

195 254 8 20 i
225 253 24 21 är
272 253 69 21 blifvit
363 253 140 21 fördubbladt.
533 253 41 21 För
590 253 131 21 närvarande
737 255 23 19 är
774 253 6 20 i
797 259 80 15 samma
892 253 49 21 land
958 253 68 21 under

196 282 101 27 pröfning
320 283 29 19 ett
371 281 113 28 layförslag
506 289 34 14 om
563 282 169 26 tuberkelinprof
754 281 12 21 &
784 282 141 26 importerade
940 282 86 20 kreatur

196 311 40 20 och
257 317 34 14 om
307 309 76 21 förbud
399 310 32 21 för
446 310 138 21 utlämnande
600 311 21 20 af
636 310 65 27 mjölk
717 309 46 21 frän
780 309 172 28 andelsmäjerier
975 310 51 21 eller

196 339 89 20 införsel
307 339 21 20 af
351 339 70 26 mjölk,
437 339 71 20 såvida
528 339 41 20 den
585 339 47 20 icke
649 339 68 20 blifvit
732 339 117 26 uppvärmd
866 339 31 20 till
911 339 26 20 87
946 339 27 27 1/,
988 338 37 21 oC.

195 367 12 21 I
221 367 73 26 Norge
309 367 38 20 har
362 367 112 27 stortinget
488 367 24 21 år
527 368 55 20 1895
598 367 91 27 anslagit
705 367 75 26 10,000
799 367 78 21 kronor
887 367 39 21 och
937 367 23 21 år
971 367 54 21 1896

197 396 76 27 15,000
297 395 78 21 kronor
397 395 31 21 till
451 396 135 21 bestridande
609 396 21 20 af
648 395 115 28 utgifterna
778 396 33 20 för
826 396 159 27 undersökning
1000 395 26 27 på

196 424 126 21 tuberkulos
345 424 62 21 bland
431 425 93 26 husdjur.
554 425 11 20 I
588 425 70 26 Norge
683 424 69 21 blefvo
775 425 54 20 1895
851 425 74 26 12,500
941 424 85 21 kreatur

197 453 102 27 pröfvade
323 453 47 20 med
394 453 126 20 tuberkulin.
551 453 73 26 Enligt
647 455 29 18 ett
698 453 92 20 cirkulär
808 453 48 20 från
870 454 45 19 inre
931 453 94 27 departe-

196 483 83 19 mentet
302 481 84 26 stadgas
409 488 33 14 om
466 481 60 21 dessa
542 481 184 27 undersökningar
741 483 30 18 att
786 481 166 21 veterinärernas
970 487 55 15 rese-

197 510 116 21 kostnader
335 510 38 20 och
397 510 139 27 ersättningar
560 510 103 21 bestridas
686 517 26 13 ur
734 509 108 21 allmänna
857 510 67 21 medel
941 510 39 20 och
996 511 30 18 att

197 538 146 21 tuberkulinet
355 538 169 21 tillhandahålles
536 539 151 20 kostnadsfritt.
718 538 10 21 I
744 538 86 27 Sverige
846 539 38 20 har
899 538 63 21 också
977 538 48 20 vida

197 567 114 26 kraftigare
327 567 97 26 åtgärder
440 567 68 21 blifvit
523 567 101 27 vidtagna
639 569 27 18 än
682 567 54 20 hvad
748 567 38 20 här
796 569 23 18 är
829 567 113 27 ifrågasatt.
969 566 56 21 Från

198 597 11 19 1
226 595 54 27 april
297 595 54 20 1895
368 595 31 20 till
416 596 10 20 1
443 596 52 26 april
512 596 54 20 1896
582 596 63 20 hafva
661 595 76 27 14,426
753 595 49 27 djur
812 595 69 21 blifvit
891 595 134 25 undersökta,

197 624 22 20 af
241 624 72 20 hvilka
335 624 61 26 6,609
419 624 113 27 reagerade
553 624 70 20 såsom
646 624 67 26 sjuka,
732 624 39 20 och
786 624 69 20 under
870 624 118 20 återstoden
1005 624 21 20 af

197 652 45 21 året
259 652 54 21 1896
330 652 69 20 blefvo
415 652 121 27 ytterligare
550 653 74 24 11,562
637 652 48 27 djur
696 652 135 27 undersökta,
847 652 21 21 af
881 652 70 20 hvilka
963 652 62 26 4,588

198 688 50 14 voro
272 680 67 27 sjuka.
369 680 10 21 I
402 681 86 27 Sverige
510 682 38 20 har
570 681 109 21 dessutom
701 680 47 21 från
771 682 80 20 statens
873 681 45 20 sida
933 680 93 21 anvisats

198 710 62 26 3,200
285 710 77 20 kronor
384 709 32 21 till
432 710 210 20 veterinärinstitutet
657 710 33 20 för
705 709 117 27 beredning
837 710 39 20 och
891 710 44 20 fritt
950 709 76 21 utläm-

198 738 71 20 nande
292 738 21 20 af
335 738 120 20 tuberkulin
478 738 32 21 till
525 738 56 20 vissa
604 738 133 21 veterinärer.
768 738 66 20 Dessa
855 738 68 20 siffror
938 738 44 20 visa
997 739 30 19 att

197 773 50 14 man
264 772 63 15 anser
338 766 73 27 frågan
424 774 49 13 vara
484 767 21 20 af
515 769 43 19 stor
569 766 219 22 nationalekonomisk
799 766 114 27 betydelse.
942 766 84 21 Utskot-

198 797 41 18 tets
261 795 134 20 betänkande
419 795 39 20 och
481 795 62 20 äfven
566 795 116 27 petitionen
705 797 36 18 äro
758 795 86 26 mycket
864 795 162 27 knapphändiga

198 823 45 20 däri
268 825 30 18 att
320 823 6 20 i
350 823 49 20 dem
421 823 108 21 meddelas
552 826 52 18 stort
626 824 48 26 inga
698 823 69 20 siffror
788 823 52 21 eller
860 823 63 27 fakta,
939 829 48 15 men
1003 823 23 20 så

198 851 89 27 mycket
301 851 93 26 framgår
409 852 6 20 i
431 852 41 20 alla
488 852 36 21 fall
540 852 21 21 af
577 852 54 27 dem,
644 854 29 19 att
684 852 57 21 detta
752 852 78 21 ärende
841 852 44 21 haft
896 858 26 14 en
933 851 94 27 ovanligt

198 880 97 27 långsam
311 880 60 27 gång.
397 880 41 21 Det
453 882 23 19 är
491 887 29 14 nu
535 887 39 14 sex
590 881 23 20 år
628 881 64 20 sedan
708 880 73 27 frågan
798 881 85 20 väcktes
898 881 57 20 inom
971 882 56 19 stän-

199 908 72 21 derna.
307 908 68 21 Sedan
397 909 48 20 dess
470 909 38 20 har
530 909 41 20 den
595 909 53 21 varit
668 909 68 20 under
757 908 208 27 komitébehandling
988 908 39 20 och

199 937 115 21 cirkulerat
336 937 33 20 för
391 937 120 21 erhållande
533 938 21 20 af
570 938 107 20 utlåtande
693 938 47 20 från
756 937 103 21 särskilda
874 937 152 26 myndigheter.

200 965 39 21 Om
263 972 29 14 nu
312 966 113 20 ständerna
440 972 76 20 genom
532 972 26 14 en
574 966 87 27 petition
678 966 64 26 något
757 966 61 20 raska
835 966 25 26 på
876 966 84 26 frågans
976 965 51 21 slut-

200 994 42 27 liga
266 994 121 27 afgörande,
409 994 23 21 så
454 996 24 18 är
499 994 57 21 detta
572 994 26 28 på
613 995 32 20 sin
661 995 54 27 plats
731 995 5 19 i
753 994 138 21 betraktande
907 994 21 20 af
943 994 84 27 frågans

200 1026 57 17 stora
273 1023 108 26 betydelse
397 1023 61 21 äfven
475 1023 7 20 i
498 1023 121 27 hygieniskt
634 1023 106 21 afseende.

270 1080 33 20 Hr
318 1080 210 27 Schybergson:
560 1080 41 28 Jag
623 1082 23 19 är
667 1080 7 20 i
697 1080 29 21 alt
744 1080 113 27 väsentligt
872 1086 50 14 ense
939 1080 47 20 med
1002 1080 26 20 de

201 1108 35 21 två
251 1112 84 17 senaste
351 1108 94 21 talarena
460 1109 58 20 såväl
534 1109 129 21 beträffande
680 1109 71 21 vikten
768 1109 60 20 däraf
837 1110 30 19 att
878 1108 150 21 tuberkulosen

201 1138 116 26 bekämpas
340 1137 47 21 med
409 1137 40 21 alla
471 1138 85 26 möjliga
577 1138 69 20 medel
669 1144 47 14 som
737 1138 47 20 med
808 1137 99 21 afseende
930 1137 12 20 å
957 1137 70 20 vikten

201 1166 60 20 däraf
284 1168 30 18 att
335 1166 80 26 frågan,
437 1166 25 20 då
484 1166 41 20 den
547 1173 25 14 en
596 1166 56 28 gång
674 1166 58 20 inom
754 1166 114 21 ständerna
889 1166 78 26 väckts,
982 1165 47 21 icke

201 1194 54 21 skall
277 1194 80 27 afböjas
373 1194 53 20 blott
440 1194 27 27 på
482 1195 66 26 grund
566 1195 59 20 däraf
640 1197 30 18 att
685 1194 143 21 betänkandet
844 1194 38 21 och
898 1194 131 20 klämmarna

201 1223 44 21 lida
261 1223 22 21 af
299 1223 80 25 brister,
396 1222 71 21 hvilka
482 1223 40 20 den
539 1223 65 21 första
620 1223 78 21 talaren
715 1223 68 20 under
798 1223 98 20 debatten
913 1222 48 21 med
976 1224 54 19 rätta

202 1252 38 20 har
263 1252 110 20 kritiserat.
403 1251 41 27 Jag
463 1253 23 18 är
508 1251 64 21 också
594 1258 50 14 ense
667 1251 73 21 därom
759 1253 30 19 att
804 1251 73 27 frågan
893 1251 136 26 synbarligen

202 1280 46 21 icke
271 1281 38 19 har
327 1279 110 21 bedrifvits
452 1280 57 20 inom
522 1280 103 27 styrelsen
642 1280 49 21 med
707 1280 41 21 den
765 1280 55 21 kraft
835 1280 39 20 och
889 1280 78 26 energi,
984 1286 45 14 som

203 1309 48 20 dess
267 1308 174 27 utomordentligt
456 1308 44 21 vidt
515 1309 82 26 gående
613 1309 109 26 betydelse
739 1309 68 20 skulle
823 1308 78 21 kräfva.
931 1308 50 21 Men
995 1307 36 21 det

202 1339 24 18 är
240 1337 24 27 ju
280 1337 23 20 så
318 1339 30 18 att
363 1336 35 21 det
413 1337 46 20 icke
477 1337 50 21 blott
542 1339 24 18 är
581 1344 42 20 nog
638 1337 48 21 med
703 1338 59 26 lagar
775 1338 7 20 i
798 1337 79 20 sådana
891 1336 76 27 frågor,
983 1336 47 21 icke

203 1366 68 20 häller
286 1372 42 20 nog
340 1365 48 20 med
399 1367 30 18 att
439 1371 48 14 man
499 1366 132 21 konstaterar
641 1366 35 21 det
687 1365 129 22 nedslående
826 1365 83 21 faktum
919 1367 30 19 att
959 1365 72 21 tuber-

203 1394 91 21 kulosen
317 1394 57 20 inom
399 1393 36 20 vår
457 1393 144 28 boskapsstam
618 1395 142 20 förekommer
774 1395 39 20 och
828 1394 47 21 icke
890 1400 39 14 ens
944 1395 23 20 är
982 1393 48 21 säll-

203 1425 56 24 synt,
283 1425 50 18 utan
356 1422 62 21 äfven
441 1423 65 20 andra
527 1423 97 26 åtgärder
647 1423 66 21 måste
736 1423 95 27 vidtagas
848 1423 33 20 för
901 1424 30 19 att
947 1423 84 20 hämma

203 1451 72 21 denna
297 1451 104 26 sjukdom.
431 1450 41 27 Jag
494 1451 36 20 vill
554 1451 75 21 endast
646 1453 78 19 nämna
740 1453 30 19 ett
784 1451 43 26 fall,
843 1457 45 14 som
903 1451 35 27 jag
953 1457 77 21 genom

203 1486 26 14 en
253 1479 129 27 tillfällighet
404 1478 38 21 har
463 1480 39 20 fått
523 1480 44 26 mig
591 1480 82 26 bekant,
697 1480 105 26 nämligen
820 1481 30 19 att
865 1486 26 14 en
907 1478 124 22 tuberkulös

203 1508 104 26 ladugård
332 1508 31 20 till
386 1507 51 26 följd
460 1508 21 20 af
503 1508 86 27 ombyte
609 1508 21 20 af
653 1514 62 21 egare
737 1508 95 20 kommer
850 1509 30 19 att
894 1508 96 26 försäljas
1005 1506 27 27 på

203 1535 97 28 offentlig
315 1535 93 22 auktion.
441 1536 40 21 Om
496 1536 56 21 detta
568 1536 49 21 sker
632 1537 39 20 och
686 1536 90 21 sålunda
792 1536 25 21 de
833 1536 136 21 tuberkulösa
985 1535 46 26 dju-
