1103 1811
191 138 40 20 180
409 143 181 21 Undervisningen
602 144 8 16 i
622 144 182 21 naturkunnighet.
935 144 23 17 12
970 144 51 17 febr.

191 212 126 28 oppiaineen
333 212 146 22 muuttamista
494 212 58 21 niille
568 212 93 27 luokille,
677 212 67 21 mitkä
758 213 38 20 hra
810 212 103 28 Kyander
929 220 27 14 on
972 213 49 21 esit-

191 242 67 26 tänyt,
280 248 28 14 on
329 241 104 27 kysymys
448 242 92 20 otettava
555 241 191 21 keskusteltavaksi
760 242 22 26 ja
797 242 43 20 asia
856 242 39 20 sitä
911 242 50 20 tietä
976 248 46 14 saa-

190 271 81 19 tettava
291 270 130 21 hallituksen
440 270 120 20 huomioon.
592 269 107 27 Säädyillä
714 270 20 20 ei
749 276 38 15 sen
803 270 76 20 kanssa
894 270 33 21 ole
942 270 80 21 mitään

191 298 119 20 tekemistä.
347 298 99 21 Ehdotan
468 298 49 21 ettei
538 298 157 27 anomusesitys
718 305 56 14 anna
798 298 78 21 aihetta
897 299 124 20 mihinkään

191 326 180 27 toimenpiteisiin.

263 382 157 23 Diskussionen
442 383 130 22 förklarades
592 384 87 21 härmed
701 383 97 27 afslutad,
814 383 66 21 hvarä
894 384 25 20 hr
934 383 89 21 talman-

191 418 51 20 nen,
264 411 8 21 i
293 412 116 27 anledning
427 412 21 21 af
462 412 26 21 de
503 412 70 21 under
587 412 124 21 densamma
727 412 73 27 gjorda
815 412 129 27 yrkandena,
959 412 64 20 fram-

191 440 71 21 stälde
278 441 93 26 följande
387 441 280 27 omröstningsproposition:

260 497 39 26 De,
316 498 75 21 hvilka
406 498 54 27 vilja
478 497 113 22 remittera
606 498 28 21 hr
648 498 117 27 Kyanders
777 498 192 28 petitionsförslag
985 498 35 21 till

193 526 120 21 allmänna
322 527 214 27 petitionsutskottet,
552 528 60 19 rösta
621 527 42 26 ja;
680 527 32 26 de,
728 527 35 20 det
777 527 45 20 icke
832 527 61 27 vilja,
901 529 61 19 rösta
969 527 37 27 nej
1010 535 8 18 ;

261 555 81 21 vinner
356 555 43 28 nej,
415 555 41 21 har
471 555 175 27 borgareständet
661 555 88 21 beslutit
765 557 33 19 att
808 555 213 28 petitionsförslaget

191 584 58 21 skall
265 584 75 26 läggas
356 584 35 20 till
406 583 172 27 handlingarna.

262 640 162 27 Propositionen
446 640 126 21 besvarades
595 641 48 20 med
667 640 157 27 öfvervägande
846 641 41 26 nej,
912 640 39 21 och
966 640 54 21 hade

193 669 86 21 ständet
300 669 81 21 säledes
400 669 85 20 beslutit
506 670 30 19 att
550 668 202 28 petitionsförslaget
766 669 47 21 icke
828 669 69 21 skulle
911 669 110 21 föranleda

192 698 33 20 till
241 698 71 27 nägon
328 697 79 27 ätgärd.

263 838 118 28 Föredrogs
402 839 35 21 vid
457 841 83 19 senaste
555 839 88 28 plenum
660 840 116 27 bordlagda
791 840 231 27 petitionsmemorialet

193 873 34 14 n:o
251 867 33 26 36,
305 867 169 22 undertecknadt
494 869 21 20 af
530 869 25 20 hr
569 868 164 28 Holmberg,
749 868 79 27 Emil,
844 875 35 14 om
893 869 128 20 tillsättande

194 895 21 21 af
232 901 28 15 en
275 895 80 21 komitö
369 896 33 20 för
417 897 135 26 uppgörande
568 897 21 20 af
604 897 110 21 statistik
724 897 130 27 angående
870 897 72 27 vissa,
955 897 67 21 arbe-

193 924 54 21 tare
263 924 106 22 rörande
384 924 180 22 förhällanden.

262 980 33 21 Hr
309 981 82 27 Hjelt
405 982 71 20 anhöll
491 988 35 14 om
541 982 60 21 ordet
616 982 40 20 och
671 982 93 26 yttrade:
795 981 33 21 Dä
842 982 36 27 jag
893 982 34 20 vid
939 983 84 20 senaste

193 1009 84 21 session
292 1010 72 20 anhöll
380 1016 34 14 om
429 1012 29 19 att
476 1010 56 21 detta
547 1010 211 28 petitionsmemorial
774 1010 68 21 skulle
856 1010 74 27 läggas
940 1010 26 28 pä
977 1010 47 21 bor-

194 1038 40 27 det,
251 1045 39 13 var
305 1038 35 21 det
355 1038 33 20 för
403 1040 29 19 att
446 1038 21 21 fä
482 1039 82 21 tillfälle
580 1041 30 19 att
624 1041 49 25 taga
687 1041 98 19 närmare
801 1039 120 21 kännedom
934 1046 35 14 om
979 1039 44 21 det-

193 1073 89 14 samma.
313 1066 42 27 Jag
369 1066 69 22 finner
452 1069 30 19 att
496 1068 232 26 petitionsmemorialet
744 1068 62 20 berör
818 1069 29 19 ett
858 1067 165 27 önskningsmäl,

193 1102 46 14 som
261 1095 66 21 redan
348 1095 62 27 länge
426 1096 48 20 stått
489 1096 27 27 pä
531 1096 50 20 våra
596 1096 230 27 arbetareföreningars
840 1102 104 21 program.
974 1096 49 20 Frä-

195 1130 40 21 gan
253 1130 35 14 om
304 1124 196 21 ästadkommandet
515 1124 21 21 af
551 1131 27 14 en
594 1125 73 27 duglig
682 1125 108 27 möjligast
804 1124 125 28 fullständig
944 1125 79 21 arbets-

194 1152 91 21 statistik
301 1152 143 21 behandlades
459 1153 99 21 särskildt
572 1153 27 27 pä
610 1153 257 27 arbetareföreningarnas
878 1155 145 25 representan-

194 1183 42 19 ters
253 1182 72 20 möten
341 1181 51 21 ären
409 1182 53 20 1893
478 1182 39 20 och
534 1182 60 26 1896,
610 1182 32 20 för
656 1182 73 21 hvilka
744 1182 36 26 jag
794 1182 54 20 hade
864 1183 51 19 äran
931 1184 29 19 att
969 1182 54 21 refe-

193 1215 48 15 rera
264 1209 129 21 densamma.
423 1209 68 21 Ocksä
512 1216 38 14 var
571 1210 35 21 det
621 1210 45 20 min
681 1210 64 21 afsikt
761 1211 29 20 att
806 1210 35 20 vid
857 1210 56 21 detta
929 1210 94 21 ständer-

193 1239 58 19 möte
275 1239 92 26 upptaga
391 1244 80 15 samma
492 1238 64 27 fräga,
579 1245 49 14 men
652 1238 27 21 dä
693 1239 36 27 jag
744 1238 66 21 hörde
826 1240 30 19 att
871 1245 26 14 en
913 1239 88 26 petition
1016 1239 7 20 i

194 1265 126 22 densamma
343 1273 38 14 var
403 1268 29 19 att
452 1267 97 20 förvänta
572 1267 21 20 af
611 1267 25 20 hr
650 1267 125 27 Holmberg,
790 1267 69 20 afstod
874 1267 35 26 jag
925 1267 98 27 därifrän,

195 1295 39 20 och
257 1295 58 20 detta
336 1294 23 21 sä
379 1295 85 26 mycket
479 1295 66 21 hällre
560 1301 47 15 som
621 1296 24 26 ju
660 1295 27 21 de
703 1296 58 20 bästa
776 1295 107 28 garantier
897 1295 79 21 funnos
991 1295 33 21 för

195 1324 30 19 att
241 1323 71 20 denna
327 1323 65 27 fräga,
407 1323 101 21 framförd
523 1323 21 21 af
560 1324 40 21 den
616 1324 63 21 ärade
695 1324 147 27 petitionären,
857 1323 69 22 skulle
939 1324 85 21 komma

194 1351 32 21 till
248 1351 143 28 vederbörligt
409 1352 89 21 utskotts
514 1352 135 27 behandling.
679 1353 42 26 Jag
736 1352 96 21 anhäller
846 1352 83 21 säledes
944 1359 35 14 om
994 1354 30 19 att

194 1379 22 21 få
239 1380 75 21 förena
337 1380 43 27 mig
403 1387 34 14 om
460 1381 70 20 denna
550 1381 89 27 petition
660 1381 7 20 i
682 1381 122 21 hufvudsak
820 1381 40 20 och
875 1381 98 20 särskildt
989 1387 34 14 om

195 1408 48 21 dess
264 1408 106 21 slutkläm.
400 1408 100 22 Däremot
520 1409 67 21 mäste
608 1410 36 27 jag
665 1409 90 28 beklaga
777 1411 30 19 att
821 1409 155 27 motiveringen
992 1411 32 19 ter

195 1437 33 27 sig
249 1437 24 20 sä
294 1437 119 27 päfallande
434 1444 56 21 svag.
519 1437 47 22 Den
584 1439 24 19 är
622 1438 43 21 lika
679 1438 47 21 litet
741 1438 153 27 öfvertygande
910 1444 45 15 som
971 1444 53 21 upp-

193 1465 92 26 lysande
307 1466 33 20 för
362 1466 47 26 den,
432 1472 45 14 som
498 1466 47 21 icke
565 1466 57 21 förut
643 1468 40 19 satt
699 1467 32 27 sig
746 1467 23 19 in
784 1467 8 19 i
806 1467 74 26 frägan
895 1467 40 20 och
951 1466 72 20 därom

195 1493 68 21 bildat
284 1494 32 27 sig
337 1500 26 14 en
379 1494 145 27 öfvertygelse.
555 1494 143 21 Petitionären
713 1496 39 19 har
767 1496 64 25 ognat
846 1501 27 14 en
887 1494 87 27 rundlig
989 1494 34 21 del

195 1521 22 21 af
239 1522 156 27 motiveringen
418 1523 21 20 ät
460 1529 26 14 en
507 1523 135 27 redogörelse
661 1523 33 20 för
710 1523 46 21 värt
770 1523 62 21 lands
848 1523 175 21 arbetarerörelse
