1103 1811
193 128 43 20 226
446 134 140 22 Förmyndare
598 135 33 17 för
642 135 64 17 oäkta
718 136 58 16 barn.
938 135 23 17 15
973 134 52 18 febr.

192 210 47 14 som
254 202 51 28 lång
320 202 31 22 tid
367 203 54 21 varit
435 203 132 21 försvunnen
582 205 52 19 utan
649 206 30 18 att
694 203 43 21 låta
752 204 50 20 höra
817 202 21 22 af
853 203 38 27 sig,
906 203 35 21 må
951 203 73 21 kunna

192 232 22 20 af
229 232 92 20 domstol
336 232 34 20 för
385 231 48 23 död
445 231 129 23 förklaras.

268 288 71 21 Sedan
366 289 25 20 hr
415 289 135 27 Nybergh
579 289 84 27 uppläst
684 288 244 29 petitionsmemorialets
958 289 65 26 kläm,

195 317 44 21 blef
252 317 94 28 ärendet,
358 317 29 28 på
395 317 92 28 begäran
503 318 21 20 af
538 317 147 28 petitionären,
695 317 131 22 remitteradt
836 317 32 21 till
878 317 145 28 lagutskottet.

264 460 119 27 Föredrogs
405 460 231 27 petitionsmemorialet
658 467 35 14 n:o
718 461 32 26 73,
773 460 167 21 undertecknadt
963 459 21 21 af
998 459 26 21 hr

195 489 144 26 Boisman,
354 489 49 20 med
425 489 99 21 anhållan
539 495 35 14 om
589 489 133 28 stadganden
738 489 110 27 angående
863 487 161 29 förmyndare

191 517 42 22 för
248 517 74 22 oäkta
336 517 71 22 barn.

263 574 33 21 Hr
315 574 136 21 Boisman
466 575 94 26 yttrade:
590 574 120 22 Petitionen
726 575 38 27 går
777 576 24 19 ut
815 574 27 28 på
858 576 29 19 att
902 574 74 21 moder
991 575 32 20 till

193 603 63 21 oäkta
272 603 53 21 barn
339 603 48 21 icke
402 603 65 21 borde
482 610 50 14 vara
547 603 85 21 barnets
648 603 106 27 naturliga
768 603 142 27 förmyndare,
925 604 52 20 utan
992 605 30 19 att

193 631 92 22 domstol
307 632 7 20 i
336 631 74 27 hvarje
432 632 37 20 fall
491 631 68 21 skulle
582 632 133 21 tillförordna
733 632 89 20 särskild
838 631 136 27 förmyndare
989 632 33 20 för

193 660 63 21 oäkta
271 660 53 21 barn
340 660 40 20 och
394 660 74 21 moder
483 660 72 21 kunna
570 662 58 19 utses
644 660 21 21 af
680 660 92 21 domstol
787 660 32 21 till
837 660 136 26 förmyndare
984 666 38 15 en-

193 688 48 21 dast
263 695 35 14 om
320 689 43 20 hon
385 688 69 22 finnes
474 688 70 22 därtill
559 689 99 21 särskildt
672 689 71 21 fallen.
773 688 60 22 Efter
848 690 30 20 att
892 688 63 21 hafva
970 689 52 20 hän-

193 717 55 21 visat
263 717 32 21 till
309 717 132 27 stadganden
457 724 34 14 om
506 718 149 20 motsvarande
671 718 145 26 anordningar
829 717 8 21 i
852 717 97 27 gällande
960 717 62 26 tyska

193 746 92 27 civillag,
301 746 67 20 slutar
381 746 36 27 jag
432 746 115 27 petitionen
562 746 50 21 med
627 746 138 21 klämmarna.

263 802 69 21 Sedan
347 802 26 21 hr
386 802 133 21 Boisman
529 802 65 28 härpå
606 803 83 27 uppläst
700 801 243 29 petitionsmemorialets
953 802 68 21 kläm-

192 837 53 21 mar,
268 831 145 21 remitterades
436 831 137 28 memorialet,
596 831 7 21 i
618 831 94 28 enlighet
727 831 49 22 med
791 831 152 27 petitionärens
958 831 64 27 begä-

191 866 45 19 ran,
251 859 33 21 till
299 859 142 28 lagutskottet.

261 1002 118 27 Föredrogs
401 1002 231 27 petitionsmemorialet
654 1009 35 15 n:o
714 1004 32 25 74,
766 1003 169 21 undertecknadt
949 1003 22 21 af
985 1003 38 21 hrr

192 1030 147 28 Serenius,
361 1030 111 28 Genetz,
492 1031 71 27 Atle,
584 1031 97 21 Idman
703 1032 40 20 och
764 1032 205 27 Wiljakainen,
985 1038 36 14 om

191 1059 94 21 revision
301 1059 20 21 af
336 1059 144 27 stadgandena
496 1060 109 28 angående
620 1059 194 29 tolagsafgiften.

260 1116 34 21 Hr
309 1116 138 22 Serenius
462 1117 95 27 uppläste
572 1117 244 27 petitionsmemorialets
831 1117 57 21 kläm
899 1117 39 21 och
948 1117 73 21 anhöll

191 1147 30 19 att
236 1145 88 21 ärendet
338 1144 65 22 måtte
419 1146 117 20 remitteras
551 1146 32 20 till
598 1146 44 27 lag-
658 1146 38 21 och
712 1146 208 21 ekonomiutskottet.

260 1202 33 21 Hr
313 1202 164 21 Söderlund
492 1202 92 28 begärde
599 1203 60 21 ordet
674 1204 40 20 och
728 1203 96 27 yttrade:
856 1203 41 20 Vid
913 1204 30 19 ett
957 1202 63 27 ytligt

190 1230 141 21 betraktande
353 1231 21 20 af
395 1231 139 21 förevarande
556 1231 127 28 tolagsfråga
706 1238 35 14 om
764 1233 30 19 att
816 1231 203 28 upplandsstäderna

191 1259 60 21 skola
274 1265 77 22 genom
373 1259 47 21 sina
441 1259 125 22 tullkamrar
586 1260 94 27 uppbära
695 1260 42 21 den
753 1259 135 28 tolagsafgift,
903 1266 46 14 som
965 1259 12 21 å
992 1259 29 22 de

191 1287 56 21 olika
263 1294 89 14 varorna
367 1288 82 27 uppstå,
464 1289 40 20 och
518 1288 65 21 sedan
598 1289 107 20 remittera
721 1289 105 27 beloppen
842 1288 129 27 månatligen
986 1288 33 21 till

190 1316 155 27 kuststäderna,
363 1322 65 21 synes
443 1317 108 27 värkligen
566 1323 47 15 som
628 1323 35 15 om
678 1317 36 21 det
729 1323 51 15 vore
795 1317 46 21 skäl
856 1317 33 20 för
904 1316 117 28 upplands-

191 1345 99 20 städerna
305 1346 30 19 att
349 1351 78 21 genom
443 1351 26 15 en
484 1345 86 28 petition
586 1345 52 21 söka
652 1345 22 21 få
689 1346 58 21 detta
758 1345 121 22 förfarande
889 1345 129 21 förändradt.

189 1373 52 22 Men
263 1380 36 14 om
320 1379 50 15 man
385 1375 97 20 närmare
497 1374 101 27 granskar
613 1374 80 27 frågan,
709 1375 23 20 så
747 1374 69 21 finner
830 1381 50 14 man
896 1376 30 19 att
941 1373 26 21 de
983 1380 36 14 va-

189 1409 40 20 ror,
256 1409 46 14 som
325 1402 58 21 öfver
405 1402 148 21 kuststäderna
575 1403 83 21 skickas
681 1403 32 20 till
736 1402 210 28 upplandsstäderna,
970 1402 48 21 icke

189 1430 75 21 kunna
286 1430 83 21 skickas
393 1431 49 20 med
464 1431 83 21 mindre
569 1433 27 19 än
619 1433 30 20 att
666 1431 150 21 kuststäderna
831 1431 125 21 underhålla
971 1431 47 20 sina

189 1459 96 27 hamnar,
307 1459 46 20 sina
375 1459 94 27 bryggor
490 1460 40 20 och
547 1460 66 20 andra
634 1459 177 28 transportmedel
827 1460 32 20 för
874 1461 29 19 att
919 1459 100 21 bekvämt

190 1488 39 20 och
245 1488 39 21 lätt
298 1487 40 21 och
353 1486 22 22 så
391 1487 69 28 billigt
475 1494 45 15 som
535 1488 82 27 möjligt
629 1488 73 21 kunna
712 1488 100 21 befordra
822 1494 90 15 varorna
922 1488 32 20 till
965 1494 53 20 upp-

189 1515 105 22 städerna.
323 1515 33 21 Då
377 1517 23 19 är
415 1515 36 22 det
465 1517 23 26 ju
502 1516 55 21 klart
572 1518 30 19 att
617 1523 54 21 egna
685 1516 99 21 stadsbor
798 1516 47 21 icke
861 1517 82 20 ensamt
957 1515 65 22 skola
