1103 1811
193 133 41 21 164
551 140 23 16 12
586 139 10 21 $
608 140 22 16 L.
644 138 22 18 O.
934 139 23 17 12
969 138 52 18 febr.

192 206 161 28 arbetsdugliga
374 207 38 21 och
434 207 108 27 skickliga,
564 209 30 19 att
609 207 26 21 de
650 207 47 21 icke
713 207 82 21 kunnat
810 207 85 21 komma
910 207 32 21 till
957 208 65 26 högre

192 236 95 20 inkomst
307 238 27 18 än
356 236 41 20 400
418 236 66 26 mark,
502 236 60 20 skola
577 242 63 14 anses
655 242 50 15 vara
721 236 135 26 kompetente
872 238 30 19 att
917 236 84 26 deltaga
1015 236 8 20 i

192 264 101 27 politiska
306 264 41 26 val,
362 264 67 21 mäste
443 264 36 27 jag
493 264 26 28 pä
534 264 36 21 det
585 264 75 28 högsta
675 264 92 22 betvifla.
789 264 50 21 Med
850 264 42 21 den
903 264 120 22 kännedom

191 293 37 26 jag
243 292 39 21 har
297 292 21 21 af
333 292 159 21 förhällandena
507 292 27 27 pä
549 292 57 21 olika
621 295 56 18 orter
692 293 7 20 i
715 292 73 21 landet
802 294 44 19 tror
860 294 35 25 jag
912 294 35 25 att,
960 293 63 20 äfven

192 321 8 20 i
221 320 27 21 de
269 321 84 20 mindre
369 321 103 26 städerna,
488 321 72 27 hvarje
576 321 106 28 ordentlig
697 321 146 27 yrkeskunnig
858 321 96 21 arbetare
969 321 53 21 skall

193 349 67 21 blifva
281 349 153 28 valberättigad
453 349 62 21 äfven
536 350 49 21 med
604 350 41 21 600
661 349 72 22 marks
748 355 81 15 census.
859 349 64 22 Detta
937 351 24 19 är
975 349 47 22 icke

192 378 58 27 högt,
273 379 52 20 utan
348 377 49 28 lägt.
427 377 39 22 Om
488 378 63 21 ocksä
571 378 123 27 därigenom
716 378 65 27 nägra
801 378 22 21 fä
840 378 69 21 skulle
925 378 97 21 beröfvas

193 406 42 21 den
257 408 86 19 rösträtt
365 407 26 20 de
414 413 28 14 nu
464 407 69 27 hafva,
553 407 23 20 sä
594 407 39 20 bör
648 407 12 20 å
675 407 66 20 andra
756 406 60 21 sidan
832 407 145 27 ihägkommas
993 408 30 19 att

193 441 78 20 genom
287 435 42 20 alla
345 435 61 21 dessa
421 435 119 27 undantags
556 435 131 21 afskaffande
708 435 60 27 längt
782 435 52 21 flere
850 435 68 21 skulle
934 435 21 20 fä
970 436 52 19 röst-

193 465 47 25 rätt,
261 463 73 21 hvilka
355 470 30 14 nu
406 465 35 19 äro
462 464 7 20 i
489 464 101 21 afsaknad
610 464 22 21 af
654 464 128 21 densamma.
812 463 42 22 För
868 464 44 20 min
928 463 34 21 del
978 463 45 20 vid-

193 492 68 21 häller
276 493 36 26 jag
327 492 71 21 därför
413 492 46 21 mitt
473 492 84 28 förslag.

263 549 34 21 Dä
319 549 65 27 ingen
407 549 21 21 af
450 549 93 21 ständets
565 549 140 22 medlemmar
727 549 72 21 vidare
819 549 71 21 anhöll
905 556 36 14 om
956 549 66 26 ordet,

192 577 134 22 förklarades
346 578 147 21 diskussionen
514 578 87 21 härmed
623 578 97 27 afslutad,
742 578 65 21 hvarä
822 578 201 27 petitionsförslaget

192 606 149 21 remitterades
357 606 31 20 till
403 606 145 27 lagutskottet;
565 606 40 21 och
620 606 69 22 skulle
705 606 103 21 remissen
824 606 83 27 ätföljas
921 606 22 21 af
953 608 69 26 proto-

192 634 139 28 kollsutdrag,
346 634 149 22 innehällande
511 635 41 21 den
568 635 151 27 försiggängna
734 634 155 22 diskussionen.

262 806 119 27 Föredrogs
405 806 33 21 vid
460 806 88 27 plenum
570 807 41 20 den
635 807 12 20 8
672 807 81 20 dennes
775 806 117 27 bordlagda
911 805 110 28 petitions-

192 835 135 20 memorialet
351 841 35 14 n:o
411 835 33 27 21,
466 835 170 21 undertecknadt
657 835 21 21 af
700 836 26 20 br
747 835 152 26 Relander,
924 841 34 14 om
977 834 45 21 vid-

193 863 92 27 tagande
309 863 22 21 af
355 863 96 27 ätgärder
476 863 46 21 frän
547 864 136 21 statsvärkets
709 864 46 21 sida
777 863 33 21 för
833 863 145 28 bekämpande
1001 863 22 20 af

192 891 188 23 tuberkulosen.

263 948 31 21 Pä
318 948 92 27 begäran
438 949 45 27 gafs
507 949 60 21 ordet
589 949 21 21 ät
632 950 25 20 hr
678 948 167 28 Holmberg,
867 948 85 28 Axel,
977 955 46 14 som

193 976 95 26 yttrade:
319 976 73 27 Enligt
413 977 236 27 dödlighetsstatistiken
666 978 47 20 frän
729 978 41 20 alla
785 977 75 21 länder
875 977 8 20 i
899 977 86 27 Europa
1000 979 23 19 är

193 1005 154 21 tuberkulosen
369 1006 37 20 vär
427 1006 41 20 tids
486 1008 54 19 mest
555 1006 98 21 dödande
672 1006 151 27 folksjukdom.
854 1006 69 20 Sedan
939 1006 26 20 de
981 1006 42 20 för-

192 1033 135 28 hoppningar
349 1040 50 14 man
419 1034 6 20 i
447 1034 72 27 början
541 1035 21 20 af
582 1035 88 21 90-talet
689 1035 62 27 hyste
771 1041 34 14 om
822 1036 30 19 ett
867 1034 86 27 kraftigt
970 1036 53 19 mot-

192 1062 40 27 gift
247 1062 54 21 eller
315 1062 118 22 läkemedel
448 1065 44 19 mot
506 1064 133 26 sjukdomen,
655 1064 71 20 säsom
741 1063 83 26 bekant,
840 1063 69 20 blifvit
923 1063 100 27 gäckade,

193 1091 39 20 har
254 1098 50 14 man
327 1091 90 21 öfveralt
438 1092 47 20 med
508 1095 43 18 stor
572 1092 54 21 ifver
646 1092 97 21 omfattat
761 1092 33 20 för
808 1091 164 21 tuberkulosens
987 1091 36 21 be-

193 1119 120 27 kämpande
328 1120 8 20 i
351 1120 121 21 hufvudsak
486 1126 81 15 samma
582 1120 98 28 ätgärder
694 1127 45 14 som
750 1120 33 21 för
793 1120 66 21 andra
870 1120 153 20 smittosamma

194 1148 131 27 sjukdomar,
341 1148 18 20 d.
376 1155 18 13 v.
410 1155 15 14 s.
441 1149 40 21 den
497 1149 127 27 hygieniska
638 1149 105 21 metoden.
769 1148 48 22 Den
832 1155 30 14 nu
878 1148 144 28 föreliggande

193 1176 118 27 petitionen
332 1178 23 19 är
374 1177 82 21 således
475 1178 34 20 väl
524 1178 7 20 i
546 1178 221 21 öfverensstämmelse
788 1177 50 21 med
853 1177 100 21 nutidens
969 1177 54 21 åsikt

193 1211 35 14 om
249 1205 165 21 tuberkulosens
433 1206 151 27 bekämpande,
606 1213 50 14 men
676 1207 36 26 jag
731 1206 70 21 skulle
820 1206 48 20 icke
883 1206 73 20 kunna
971 1211 52 15 anse

193 1234 30 19 ett
239 1233 109 21 uttalande
363 1234 47 20 frän
426 1234 123 21 ständernas
564 1235 52 26 sida,
632 1235 75 20 sädant
722 1241 46 14 som
779 1234 36 21 det
826 1233 67 22 andra
906 1234 40 20 och
955 1233 68 28 tredje

193 1263 118 20 momentet
326 1262 7 20 i
348 1263 126 26 petitionens
489 1263 57 21 kläm
560 1263 114 27 innehålla,
691 1270 51 14 vara
757 1262 101 28 lämpligt.
879 1262 42 21 Det
937 1264 24 19 är
976 1262 47 21 icke

193 1289 63 28 länge
275 1291 66 20 sedan
359 1291 104 26 styrelsen
480 1291 96 22 nedsatte
595 1298 26 15 en
640 1292 79 21 komitö
734 1291 33 21 för
782 1293 30 19 att
827 1293 95 25 uppgöra
937 1292 30 19 ett
981 1291 42 20 för-

193 1318 47 27 slag
263 1319 32 20 till
317 1319 145 28 bekämpande
485 1320 21 21 af
529 1320 154 21 smittosamma
703 1320 227 27 husdjurssjukdomar
954 1319 40 21 och
1016 1319 7 20 i

193 1347 106 21 komitens
320 1347 79 28 förslag
421 1348 59 27 ingår
502 1349 130 20 beträffande
655 1348 203 28 djurtuberkulosen
881 1349 86 26 stränga
987 1347 36 22 be-

193 1376 138 27 stämningar.
360 1376 75 22 Under
454 1379 84 19 senaste
557 1377 48 21 höst
625 1377 39 21 har
683 1377 252 27 hälsovärdsföreningen
954 1377 7 20 i
977 1376 47 21 värt

193 1403 57 28 land,
272 1405 27 26 pä
316 1405 90 21 initiativ
426 1405 20 21 af
460 1405 78 22 Finska
554 1406 193 27 läkaresällskapet,
762 1405 81 21 affattat
858 1405 39 21 och
912 1405 47 20 lätit
974 1405 7 20 i
996 1411 27 14 en

193 1433 93 28 upplaga
301 1433 22 21 af
337 1434 76 26 20,000
429 1435 109 26 exemplar
552 1435 74 26 trycka
641 1434 37 21 räd
694 1435 39 20 och
750 1434 137 27 anvisningar
902 1435 45 19 mot
961 1433 62 27 lung-

193 1464 67 18 soten.
291 1461 142 28 Spridningen
454 1463 21 20 af
496 1463 61 20 dessa
576 1463 66 27 pågår
661 1463 66 21 sedan
750 1462 70 28 någon
836 1462 78 20 månad
929 1461 94 21 tillbaka.

192 1488 65 22 Detta
273 1490 56 21 visar
344 1490 82 21 således
441 1492 30 19 att
485 1491 98 27 åtgärder
597 1492 7 19 i
620 1491 42 21 den
677 1491 101 27 riktning,
794 1497 46 14 som
857 1497 63 14 mom.
933 1490 13 20 2
959 1490 40 21 och
1011 1490 12 20 3

193 1517 22 20 af
229 1518 128 27 petitionens
373 1519 56 20 kläm
444 1519 113 27 innehälla,
573 1519 33 21 för
623 1519 134 22 närvarande
775 1521 37 19 äro
832 1519 101 27 vidtagna
953 1518 7 21 i
978 1518 46 21 lan-
