1103 1811
200 140 41 20 612
367 145 95 17 Svenska
474 146 39 16 och
525 146 69 16 finska
607 145 104 22 språkens
724 146 148 21 likställighet.
947 148 13 16 8
973 147 59 21 april.

199 220 51 15 men
269 220 27 15 en
313 214 125 27 ständerlag,
454 220 44 15 som
515 214 54 21 fotas
584 214 26 27 på
626 216 45 19 rätt.
701 214 34 21 En
752 215 126 27 ständerlag,
893 216 96 26 grundad
1005 215 27 28 på

200 243 314 27 kommunalspråksprincipen,
530 245 23 18 är
565 243 47 21 icke
623 243 35 27 lag
668 243 40 21 och
718 245 46 19 rätt.
787 243 28 21 Vi
826 244 66 20 önska
902 250 26 14 en
937 244 95 21 ständer-

200 271 35 27 lag
251 272 26 26 på
292 272 175 27 likställighetens
483 272 43 26 bas,
541 272 47 20 icke
604 278 32 22 en,
652 278 46 14 som
715 272 85 20 baseras
812 272 26 26 på
851 272 35 21 det
895 272 68 21 finska
975 272 56 28 språ-

200 300 47 20 kets
263 300 121 20 öfvervälde
400 300 37 21 och
454 306 44 14 som
515 300 56 21 afser
585 298 95 29 förtryck
695 300 21 20 af
732 300 37 21 det
784 300 90 21 svenska
887 302 94 25 språkets
991 303 40 18 rätt

199 329 7 19 i
223 329 45 20 vårt
283 328 57 21 land.

269 356 28 21 Vi
321 357 50 26 vilja
394 357 79 26 ärligen
490 357 46 20 fred
551 357 7 20 i
573 357 77 20 landet.
681 356 55 21 Fred
751 357 27 27 på
794 357 72 26 vilkor,
882 363 45 15 som
943 358 87 21 tendera

199 385 32 21 till
252 385 99 28 grafvens
367 385 46 21 fred
429 385 31 21 för
476 385 35 21 det
526 386 90 20 svenska
632 385 96 27 språkets
743 385 128 28 rättigheter,
887 386 41 21 den
944 387 49 26 vilja
1009 387 21 19 vi

199 415 48 20 icke
263 413 34 21 nå.
320 413 45 22 Och
380 414 7 20 i
402 414 62 27 ingen
482 414 100 21 händelse
599 413 49 28 vilja
664 414 20 20 vi
700 414 149 21 underskrifva
862 415 35 20 det
907 415 122 26 dokument,

200 449 45 14 som
262 442 63 27 säljer
340 444 68 19 rätten
424 443 31 20 för
470 443 26 20 de
512 442 98 21 framtida
626 443 153 26 generationer,
794 443 71 20 hvilka
882 445 55 19 växa
949 450 42 21 upp
1004 450 26 14 ur

200 471 92 21 svenska
315 472 54 25 hem,
393 473 29 19 att
444 471 71 20 arbeta
538 471 33 21 för
594 471 35 20 sitt
647 471 50 20 land
714 471 69 20 under
798 471 42 21 lika
856 471 68 21 vilkor
939 472 48 21 med
1003 472 26 21 de

199 500 70 21 finska
284 500 110 20 hemmens
409 500 57 20 barn.

269 528 42 21 Det
326 530 23 19 är
364 529 43 26 mig
422 535 44 14 mer
482 530 26 18 än
523 527 55 21 klart
593 529 30 20 att
638 528 113 21 utskottets
767 528 133 21 betänkande
915 529 53 20 skall
979 529 50 20 falla

201 557 6 20 i
223 557 84 20 ståndet
327 557 70 20 denna
413 557 61 26 kväll,
490 558 29 19 att
534 557 86 20 därmed
636 556 258 28 likställighetsprincipen
910 557 54 21 skall
979 564 50 14 vara

201 585 74 21 kastad
296 585 111 21 öfverbord
427 585 37 21 och
480 585 189 27 flertalsprincipen
685 585 33 20 för
732 585 66 20 första
812 585 83 27 gången
911 586 21 20 af
947 586 82 20 ständs-

201 614 196 26 representationen
413 614 119 26 giltiggjord
548 614 70 20 säsom
633 613 202 27 lagstiftningsregel
850 614 7 20 i
873 614 76 20 landet.
972 614 57 25 Men,

201 642 58 20 mina
282 642 77 26 herrar,
383 642 20 20 vi
425 642 62 21 hafva
504 642 8 20 i
528 642 76 26 många
620 642 38 20 och
674 642 81 26 viktiga
771 642 70 26 frågor
856 644 30 19 att
900 642 65 21 skaffa
981 643 49 20 med

201 677 27 14 en
247 671 64 25 krets,
330 670 86 21 hvilken
435 670 47 21 icke
497 670 26 27 pä
538 670 48 21 dess
603 670 186 27 kommunalspräk
806 670 40 21 blir
861 671 70 20 kallad
949 671 80 27 »piiri».

201 699 169 21 Flertalsrättens
386 699 134 21 etablerande
536 698 72 21 kunde
624 705 27 14 en
666 699 56 27 gäng
736 699 27 27 pä
779 699 56 21 detta
851 699 85 21 omräde
951 700 32 20 för
995 706 34 14 oss

201 728 66 20 blifva
282 730 29 18 ett
326 728 113 26 tveäggadt
454 728 66 20 svärd.
543 727 63 21 Detta
618 727 65 21 borde
692 728 20 20 vi
722 727 94 21 besinna.
839 727 33 21 En
883 730 94 19 rättssats
988 728 42 20 kan

201 756 59 26 falla;
278 756 41 20 den
335 756 61 21 faller
410 756 7 20 i
432 756 72 27 hvarje
519 756 101 20 händelse
635 756 83 21 framåt.
741 756 41 20 För
792 756 42 20 den
846 756 88 21 behöfva
950 757 20 19 vi
983 757 46 21 icke

201 791 50 14 oroa
274 791 40 14 oss.
344 784 11 21 I
377 785 67 20 sinom
468 784 28 21 tid
520 791 56 14 reses
599 784 40 20 den
661 784 44 21 äter
725 791 49 20 upp.
803 784 50 21 Men
869 785 61 20 faller
945 785 39 20 ock
1000 791 30 14 nu

200 813 110 26 principen
329 819 34 14 om
379 813 43 20 lika
437 815 40 18 rätt
491 813 32 20 för
539 812 53 21 bäda
608 813 111 20 inhemska
734 813 90 26 spräken
841 813 39 20 och
895 813 32 20 fär
941 813 88 21 flertals-

201 841 109 27 principen
326 841 97 26 giltighet
437 841 5 20 i
460 841 36 20 vär
512 841 137 27 lagstiftning,
665 841 22 20 sä
703 843 23 18 är
742 841 35 21 det
792 841 83 21 likvisst
884 842 45 20 skäl
940 843 30 20 att
981 842 47 20 med

201 870 35 21 det
251 870 66 20 första
331 872 49 25 taga
395 871 121 20 rättssatsen
532 877 42 20 upp
589 870 55 26 igen.
667 870 31 27 Ty
714 876 46 14 mer
775 872 26 18 än
813 870 101 27 olyckligt
926 877 49 14 vore
988 871 41 25 det,

201 905 33 13 om
251 905 50 13 man
314 905 26 13 en
356 898 56 27 gäng
427 899 7 19 i
449 899 153 25 sammanhang
618 898 47 20 med
682 900 30 19 ett
728 899 46 19 »för
789 901 59 17 sent»
866 899 67 20 skulle
947 899 82 27 tvingas

200 927 46 20 inse
262 928 31 19 att
308 926 35 21 det
359 927 53 20 dock
428 934 37 13 var
481 926 244 21 utskottsbetänkandets
740 927 163 27 rättsprinciper,
919 934 45 14 som
975 927 54 21 hade

201 955 47 21 bort
263 955 122 27 giltiggöras
401 955 35 21 vid
452 955 90 21 beslutet
554 955 64 21 också
633 956 7 19 i
656 956 70 20 denna
742 955 80 27 dagens
838 956 111 26 viktigaste
964 956 64 27 fråga.

198 983 59 27 (Bra,
273 984 54 24 bra!)

271 1040 70 21 Sedan
360 1040 25 21 hr
401 1040 121 21 talmannen
538 1041 7 20 i
560 1040 116 28 anledning
691 1041 22 20 af
728 1040 26 21 de
770 1040 197 28 handklappningar
982 1041 46 20 frän

201 1069 203 27 ähörareläktarena,
427 1076 44 14 som
492 1069 46 27 följt
558 1069 54 21 efter
631 1070 25 19 hr
670 1069 104 21 Janssons
791 1069 141 27 andragande,
947 1069 82 21 medels

200 1098 114 26 klubbslag
329 1098 69 27 bjudit
413 1098 90 27 tystnad,
519 1098 101 27 begärdes
636 1098 60 20 ordet
712 1098 21 20 af

269 1155 25 19 hr
309 1154 143 26 Stenroth,
467 1161 45 14 som
528 1154 91 27 yttrade:
643 1154 113 21 Edellinen
772 1155 80 27 puhuja
868 1155 55 20 alkoi
937 1155 92 27 »hyvä»-

200 1183 111 21 huudoilla
325 1183 22 26 ja
362 1183 209 26 kättentaputuksilla
582 1185 162 19 vastaanotetun
755 1184 109 26 puheensa
875 1184 46 20 sillä
934 1185 41 19 että
987 1184 41 20 hän

200 1211 98 21 vakuutti
319 1212 49 20 ettei
389 1211 83 21 hänellä
486 1211 53 21 ollut
553 1211 78 21 mitään
648 1214 60 18 uutta
724 1212 78 20 asiassa
818 1211 141 21 esiteltävänä.
989 1212 40 20 Mi-

200 1242 48 18 tään
264 1241 61 19 uutta
340 1240 84 21 hänellä
438 1240 78 21 todella
531 1240 19 21 ei
566 1240 33 20 ole
615 1240 108 21 ollutkaan
740 1240 53 20 esiin
810 1242 113 19 tuotavana
938 1241 19 20 ei
970 1241 58 20 sisäl-

199 1268 76 26 lyksen
299 1268 48 21 eikä
370 1268 114 27 myöskään
507 1269 93 20 muodon
624 1269 102 26 puolesta.
757 1268 26 21 Se
806 1269 27 20 oli
849 1269 55 27 puhe
920 1269 108 26 sellainen,

199 1297 66 26 jonka
284 1297 38 20 hra
341 1297 92 20 Jansson
455 1297 66 27 pitäisi
542 1297 105 20 oikeuden
664 1297 79 27 edessä,
760 1297 43 20 kun
819 1297 83 21 hänellä
918 1297 46 21 olisi
980 1298 48 20 erit-

200 1325 43 21 täin
261 1325 71 20 huono
349 1325 43 20 asia
407 1325 217 27 puolustettavanaan.
655 1325 58 21 Minä
734 1325 112 21 luulenkin
869 1327 42 19 että
926 1326 49 21 voin
990 1332 37 14 sen

201 1353 56 21 takia
280 1354 65 26 jättää
367 1353 55 21 koko
445 1356 70 19 tämän
535 1354 83 27 puheen
635 1361 76 14 omaan
727 1361 109 14 arvoonsa.
866 1354 27 21 Se
909 1354 27 21 oli
951 1354 77 21 kaunis

200 1383 56 26 puhe
279 1382 116 21 lehtereille
411 1383 20 26 ja
446 1383 58 20 minä
519 1383 80 20 käsitän
616 1383 69 20 vallan
701 1383 67 26 hyvin
784 1389 26 14 ne
826 1383 201 27 kättentaputukset,

199 1411 58 26 jotka
278 1411 69 20 hänen
363 1411 109 26 puheensa
486 1411 60 20 siellä
561 1411 97 27 saavutti,
673 1413 67 18 mutta
756 1417 27 15 ne
799 1411 56 21 eivät
870 1411 43 21 tule
928 1417 100 16 saamaan

200 1439 73 20 minua
288 1439 120 27 jatkamaan
424 1439 37 21 hra
476 1439 114 21 Janssonin
602 1441 81 26 tapaan,
695 1442 82 25 tapaan,
788 1440 50 26 joka
848 1441 116 26 paremmin
976 1440 51 20 kuin

199 1467 85 20 mikään
300 1474 52 13 muu
368 1469 80 19 osottaa
464 1470 41 18 että
520 1468 19 20 ei
554 1468 104 20 ainakaan
673 1468 38 20 hra
721 1468 92 20 Jansson
824 1468 134 27 puolestansa
971 1468 56 20 toivo

199 1495 116 26 säätylakia
331 1496 47 19 eikä
393 1496 63 20 tahdo
473 1496 40 20 olla
529 1496 239 26 myötävaikuttamassa
782 1496 95 21 tällaisen
894 1497 42 20 lain
952 1496 75 21 saami-

199 1529 56 15 seen.
287 1523 84 22 Vaikka
393 1524 36 21 siis
451 1531 27 14 en
500 1525 63 20 tahdo
586 1525 116 20 ensinkään
726 1526 56 19 ottaa
805 1525 140 21 vastatakseni
964 1525 63 20 tähän
