1103 1811
199 134 27 20 14
518 138 139 18 Talmannens
669 138 36 18 tal.
947 138 26 16 23
983 137 43 21 jan.

198 207 71 27 adeln,
291 207 38 21 ber
351 207 35 27 jag
408 209 30 19 att
462 207 22 21 fä
499 207 66 21 uttala
578 207 185 27 borgareständets
778 206 98 28 hjärtliga
891 205 135 27 tacksägelse.

198 235 49 21 Den
269 236 181 26 samstämmighet
471 236 6 20 i
494 236 78 20 äsikter
586 236 40 20 och
642 236 76 25 beslut,
733 242 44 14 som
794 234 23 22 sä
832 235 43 21 ofta
891 234 67 21 under
973 234 54 20 före-

198 264 84 26 gående
305 264 126 27 landtdagar
452 264 39 21 har
513 266 35 25 egt
569 271 47 13 rum
633 264 79 21 mellan
728 264 36 20 det
775 264 65 20 första
856 264 39 20 och
910 263 35 21 det
960 263 66 27 tredje

198 292 91 27 ständet,
312 293 39 20 har
373 293 21 20 af
415 292 173 27 borgareständet
610 292 62 27 lifligt
693 294 110 19 senterats.
832 291 43 21 Det
892 291 53 21 skall
964 290 63 22 ocksä

199 321 71 26 glädja
293 321 179 27 borgareständet,
496 327 34 15 om
546 321 7 20 i
576 321 36 20 det
634 327 159 21 gemensamma
812 320 80 21 arbetet
907 320 32 20 för
953 319 74 22 foster-

199 349 84 21 landets
306 349 34 21 väl
363 349 111 21 enahanda
497 350 182 26 samstämmighet
699 349 43 21 kan
764 349 107 26 fortbestä,
887 349 39 20 och
942 347 36 22 ber
992 349 35 26 jag

199 380 31 19 att
253 378 21 21 fä
295 378 95 21 försäkra
405 378 36 21 det
455 378 114 27 höglofliga
584 378 146 27 ridderskapet
746 377 40 21 och
801 377 63 21 adeln
880 383 33 15 om
929 377 98 27 borgare-

199 407 96 21 ständets
311 407 136 27 högaktning,
462 407 122 20 förtroende
600 407 39 20 och
655 406 100 27 vänskap.

270 578 70 21 Sedan
360 578 108 21 läktarena
484 578 69 21 blifvit
568 578 99 26 utrymda
683 578 40 21 och
734 577 102 27 'samtliga
852 577 85 20 ähörare
953 576 73 27 aflägs-

200 608 53 23 nats,
271 607 97 27 uppläste
388 607 25 20 hr
428 606 120 21 talmannen
566 606 32 20 för
613 606 84 21 ståndet
713 606 35 21 det
763 606 36 22 tal
815 606 25 20 hr
854 605 122 21 talmannen
992 605 34 20 vid

199 635 142 27 landtdagens
361 635 115 27 högtidliga
498 635 111 27 öppnande
625 634 12 21 ä
652 635 107 21 tronsalen
780 634 85 21 komme
883 635 30 19 att
928 633 61 27 hälla,
1004 633 23 21 sä

200 663 107 27 lydande
295 659 15 35 :

510 748 67 21 Eders
592 748 121 21 excellens!

270 805 33 21 Då
324 805 102 21 Finlands
449 805 85 21 ständer
556 811 29 14 nu
607 805 27 27 pä
648 805 61 20 Hans
724 804 110 27 Majestäts
849 803 76 28 nådiga
941 803 86 21 kallelse

200 834 188 21 sammankommit
403 834 31 20 till
449 833 102 28 landtdag
566 833 32 21 för
613 834 65 20 första
693 833 84 27 gången
793 833 54 20 efter
860 832 61 21 Hans
931 832 97 27 Majestät

200 862 78 27 Kejsar
292 862 85 21 Nikolai
392 862 39 21 II:s
446 862 140 27 uppstigande
602 862 26 27 på
643 862 46 21 sina
705 861 83 21 ärorika
803 861 70 21 fäders
887 863 54 24 tron,
956 860 72 21 anhål-

201 891 31 20 ler
254 891 102 20 Finlands
378 891 156 26 borgarestånd,
550 891 69 20 därtill
635 890 87 20 manadt
737 890 58 20 såväl
810 889 22 21 af
847 890 46 20 sina
909 889 118 27 uppriktiga

201 919 146 27 undersåtliga
367 919 86 21 känslor
473 926 45 14 som
541 919 21 20 af
585 919 144 27 grundlagens
750 918 50 26 bud,
823 920 31 18 att
874 918 20 20 få
915 918 32 20 till
968 917 59 21 Hans

200 947 105 27 Majestät,
322 947 37 21 vår
373 948 85 20 älskade
474 947 120 27 Storfurste,
610 947 124 21 framburna
747 946 113 28 uttrycken
873 946 20 21 af
905 946 33 20 sin
951 946 76 20 under-

200 976 77 27 såtliga
293 976 101 26 vördnad,
409 976 69 21 trohet
492 976 39 20 och
547 976 147 27 tillgifvenhet.

271 1004 61 21 Hans
353 1004 108 28 Majestäts
482 1004 48 21 med
552 1004 115 27 anledning
687 1004 22 21 af
731 1004 196 26 tronbestigningen
949 1002 79 28 afgifna

201 1032 79 28 nådiga
298 1033 109 21 försäkran
423 1033 32 21 till
470 1032 101 22 Finlands
586 1033 44 21 folk
646 1033 38 20 har
699 1034 71 26 trängt
785 1032 61 27 djupt
860 1032 7 20 i
881 1032 77 20 folkets
973 1032 55 26 hjär-

201 1064 36 19 tan
263 1062 41 20 och
328 1062 38 20 där
386 1062 68 20 befäst
475 1062 25 20 de
522 1062 86 20 känslor
628 1062 21 20 af
670 1061 72 21 kärlek
765 1061 39 21 och
826 1060 150 28 hängifvenhet
996 1060 33 20 för

201 1090 125 27 Monarken,
342 1096 46 15 som
403 1090 22 20 af
440 1090 58 21 ålder
512 1090 63 27 slagit
590 1092 32 19 rot
637 1090 38 20 hos
691 1090 57 20 detta
763 1089 50 21 folk.
834 1088 42 22 Det
886 1088 67 21 finska
963 1088 66 21 folket

201 1121 24 18 är
247 1119 108 27 nämligen
377 1118 61 28 lifligt
460 1118 132 28 öfvertygadt
613 1125 35 14 om
676 1121 30 18 att
722 1118 26 20 de
763 1118 102 26 framsteg
880 1118 6 20 i
902 1117 72 21 kultur
989 1117 38 21 och

202 1147 104 27 välstånd,
321 1154 46 14 som
383 1147 71 21 landet
469 1147 68 21 under
552 1147 57 21 detta
625 1147 58 21 sekel
698 1146 96 28 uppnått,
807 1148 35 19 äro
854 1146 104 26 naturliga
970 1145 59 21 fruk-

201 1178 33 18 ter
249 1176 60 20 däraf
324 1178 30 18 att
369 1176 121 26 detsamma,
506 1176 69 20 under
590 1176 55 27 hägn
661 1176 21 20 af
696 1182 27 14 en
741 1175 120 27 oupplöslig
871 1175 97 26 förening
980 1174 48 21 med

202 1204 36 21 det
259 1204 94 27 mäktiga
374 1204 159 27 kejsaredömet,
554 1204 111 21 förunnats
687 1204 106 21 bibehålla
816 1204 39 19 och
877 1203 97 20 utveckla
995 1203 34 20 sin

202 1233 62 20 ärfda
279 1232 229 27 samhällsförfattning,
525 1233 65 20 sådan
608 1232 40 21 den
664 1232 70 21 finnes
749 1232 123 21 beskrifven
886 1231 7 20 i
909 1231 26 21 de
950 1231 79 27 grund-

202 1261 61 26 lagar
278 1262 40 20 och
333 1261 125 27 privilegier,
474 1267 46 14 som
535 1267 77 21 genom
627 1261 61 20 Hans
703 1260 110 28 Majestäts
828 1260 77 27 nådiga
920 1259 109 21 försäkran

202 1291 117 25 yttermera
333 1289 119 21 bekräftats.

273 1317 32 22 Då
326 1318 60 21 Hans
404 1318 97 27 Majestät
516 1325 30 14 nu
561 1324 77 21 genom
654 1317 74 27 nådigt
743 1317 71 27 påbud
830 1316 109 28 uppkallat
953 1316 76 21 folkets

202 1347 173 20 förtroendemän
396 1347 30 20 till
448 1347 117 20 samarbete
586 1347 49 20 med
655 1346 32 27 sig
707 1347 34 20 för
760 1346 84 21 landets
864 1345 85 26 välfärd,
970 1345 59 20 skola

203 1375 62 20 desse
288 1375 33 20 för
335 1375 56 20 visso
406 1375 110 27 uppbjuda
530 1375 42 20 alla
586 1375 80 20 krafter
681 1375 33 20 för
729 1376 30 19 att
774 1374 58 21 finna
843 1374 26 21 de
881 1373 76 27 medel,
969 1373 61 21 hvar-

202 1403 87 27 igenom
310 1403 70 21 denna
395 1404 80 20 välfärd
496 1403 47 21 bäst
564 1403 40 21 kan
626 1403 108 21 befordras
756 1403 39 20 och
817 1403 91 20 därefter
923 1402 32 21 till
969 1402 60 21 Hans

202 1431 110 28 Majestäts
333 1432 98 27 upplysta
452 1432 98 28 pröfning
572 1433 38 20 och
632 1432 115 27 afgörande
769 1431 130 21 öfverlämna
914 1430 115 21 resultaten

202 1460 22 20 af
239 1461 37 20 sitt
291 1460 77 21 arbete.

273 1488 49 22 Med
349 1489 25 21 de
399 1488 151 28 uppriktigaste
571 1489 39 20 och
632 1490 105 19 varmaste
760 1488 131 27 önskningar
910 1487 33 21 för
962 1486 67 22 Deras

202 1516 135 27 Majestäters
359 1517 39 21 och
417 1517 35 21 det
471 1517 118 27 Kejserliga
608 1517 73 20 husets
697 1517 64 26 iycka
777 1517 39 20 och
832 1516 75 21 sällhet
922 1515 61 21 utber
998 1515 32 27 sig
