<?xml version="1.0" encoding="UTF-8"?>
<alto xmlns="http://www.loc.gov/standards/alto/ns-v3#" xmlns:xlink="http://www.w3.org/1999/xlink" xmlns:xsi="http://www.w3.org/2001/XMLSchema-instance" xsi:schemaLocation="http://www.loc.gov/standards/alto/ns-v3# http://www.loc.gov/alto/v3/alto-3-0.xsd">
	<Description>
		<MeasurementUnit>pixel</MeasurementUnit>
		<sourceImageInformation>
			<fileName>/tmp/tess_w7uqldrb_input.PNG</fileName>
		</sourceImageInformation>
		<OCRProcessing ID="OCR_0">
			<ocrProcessingStep>
				<processingSoftware>
					<softwareName>tesseract 5.3.4</softwareName>
				</processingSoftware>
			</ocrProcessingStep>
		</OCRProcessing>
	</Description>
	<Layout>
		<Page WIDTH="1103" HEIGHT="1811" PHYSICAL_IMG_NR="0" ID="page_0">
			<PrintSpace HPOS="0" VPOS="0" WIDTH="1103" HEIGHT="1811">
				<GraphicalElement ID="cblock_0" HPOS="0" VPOS="667" WIDTH="7" HEIGHT="1006"></GraphicalElement >
				<ComposedBlock ID="cblock_1" HPOS="191" VPOS="143" WIDTH="833" HEIGHT="27">
					<TextBlock ID="block_0" HPOS="191" VPOS="143" WIDTH="833" HEIGHT="27">
						<TextLine ID="line_0" HPOS="191" VPOS="143" WIDTH="833" HEIGHT="27">
							<String ID="string_0" HPOS="191" VPOS="143" WIDTH="44" HEIGHT="21" WC="0.95" CONTENT="234"/><SP WIDTH="205" VPOS="143" HPOS="235"/>
							<String ID="string_1" HPOS="440" VPOS="148" WIDTH="96" HEIGHT="18" WC="0.96" CONTENT="Svenska"/><SP WIDTH="13" VPOS="148" HPOS="536"/>
							<String ID="string_2" HPOS="549" VPOS="148" WIDTH="39" HEIGHT="18" WC="0.96" CONTENT="och"/><SP WIDTH="12" VPOS="148" HPOS="588"/>
							<String ID="string_3" HPOS="600" VPOS="148" WIDTH="69" HEIGHT="18" WC="0.96" CONTENT="finska"/><SP WIDTH="13" VPOS="148" HPOS="669"/>
							<String ID="string_4" HPOS="682" VPOS="148" WIDTH="97" HEIGHT="22" WC="0.96" CONTENT="språken."/><SP WIDTH="159" VPOS="148" HPOS="779"/>
							<String ID="string_5" HPOS="938" VPOS="148" WIDTH="23" HEIGHT="16" WC="0.95" CONTENT="18"/><SP WIDTH="12" VPOS="148" HPOS="961"/>
							<String ID="string_6" HPOS="973" VPOS="147" WIDTH="51" HEIGHT="17" WC="0.95" CONTENT="febr."/>
						</TextLine>
					</TextBlock>
				</ComposedBlock>
				<GraphicalElement ID="cblock_2" HPOS="193" VPOS="173" WIDTH="815" HEIGHT="11"></GraphicalElement >
				<ComposedBlock ID="cblock_3" HPOS="191" VPOS="216" WIDTH="833" HEIGHT="86">
					<TextBlock ID="block_1" HPOS="191" VPOS="216" WIDTH="833" HEIGHT="86">
						<TextLine ID="line_1" HPOS="263" VPOS="216" WIDTH="761" HEIGHT="23">
							<String ID="string_7" HPOS="263" VPOS="218" WIDTH="31" HEIGHT="20" WC="0.93" CONTENT="att"/><SP WIDTH="21" VPOS="218" HPOS="294"/>
							<String ID="string_8" HPOS="315" VPOS="216" WIDTH="165" HEIGHT="22" WC="0.92" CONTENT="bondeståndets"/><SP WIDTH="21" VPOS="216" HPOS="480"/>
							<String ID="string_9" HPOS="501" VPOS="217" WIDTH="105" HEIGHT="21" WC="0.95" CONTENT="elektorer"/><SP WIDTH="22" VPOS="217" HPOS="606"/>
							<String ID="string_10" HPOS="628" VPOS="217" WIDTH="33" HEIGHT="22" WC="0.96" CONTENT="till"/><SP WIDTH="21" VPOS="217" HPOS="661"/>
							<String ID="string_11" HPOS="682" VPOS="217" WIDTH="118" HEIGHT="21" WC="0.96" CONTENT="ledamöter"/><SP WIDTH="18" VPOS="217" HPOS="800"/>
							<String ID="string_12" HPOS="818" VPOS="217" WIDTH="7" HEIGHT="21" WC="0.96" CONTENT="i"/><SP WIDTH="23" VPOS="217" HPOS="825"/>
							<String ID="string_13" HPOS="848" VPOS="223" WIDTH="81" HEIGHT="15" WC="0.96" CONTENT="samma"/><SP WIDTH="15" VPOS="223" HPOS="929"/>
							<String ID="string_14" HPOS="944" VPOS="216" WIDTH="80" HEIGHT="22" WC="0.96" CONTENT="utskott"/>
						</TextLine>
						<TextLine ID="line_2" HPOS="192" VPOS="244" WIDTH="831" HEIGHT="29">
							<String ID="string_15" HPOS="192" VPOS="247" WIDTH="67" HEIGHT="19" WC="0.93" CONTENT="utsett"/><SP WIDTH="19" VPOS="247" HPOS="259"/>
							<String ID="string_16" HPOS="278" VPOS="245" WIDTH="207" HEIGHT="28" WC="0.91" CONTENT="landtdagsmännen"/><SP WIDTH="22" VPOS="245" HPOS="485"/>
							<String ID="string_17" HPOS="507" VPOS="245" WIDTH="119" HEIGHT="27" WC="0.90" CONTENT="Meurman,"/><SP WIDTH="23" VPOS="245" HPOS="626"/>
							<String ID="string_18" HPOS="649" VPOS="246" WIDTH="92" HEIGHT="21" WC="0.96" CONTENT="Avellan"/><SP WIDTH="23" VPOS="246" HPOS="741"/>
							<String ID="string_19" HPOS="764" VPOS="246" WIDTH="39" HEIGHT="20" WC="0.93" CONTENT="och"/><SP WIDTH="16" VPOS="246" HPOS="803"/>
							<String ID="string_20" HPOS="819" VPOS="245" WIDTH="83" HEIGHT="27" WC="0.91" CONTENT="Ojanen"/><SP WIDTH="15" VPOS="245" HPOS="902"/>
							<String ID="string_21" HPOS="917" VPOS="247" WIDTH="55" HEIGHT="19" WC="0.96" CONTENT="samt"/><SP WIDTH="19" VPOS="247" HPOS="972"/>
							<String ID="string_22" HPOS="991" VPOS="244" WIDTH="32" HEIGHT="22" WC="0.96" CONTENT="till"/>
						</TextLine>
						<TextLine ID="line_3" HPOS="191" VPOS="273" WIDTH="651" HEIGHT="29">
							<String ID="string_23" HPOS="191" VPOS="273" WIDTH="138" HEIGHT="28" WC="0.93" CONTENT="suppleanter"/><SP WIDTH="15" VPOS="273" HPOS="329"/>
							<String ID="string_24" HPOS="344" VPOS="274" WIDTH="206" HEIGHT="28" WC="0.91" CONTENT="landtdagsmännen"/><SP WIDTH="15" VPOS="274" HPOS="550"/>
							<String ID="string_25" HPOS="565" VPOS="274" WIDTH="105" HEIGHT="22" WC="0.91" CONTENT="Teittinen"/><SP WIDTH="16" VPOS="274" HPOS="670"/>
							<String ID="string_26" HPOS="686" VPOS="274" WIDTH="40" HEIGHT="22" WC="0.93" CONTENT="och"/><SP WIDTH="15" VPOS="274" HPOS="726"/>
							<String ID="string_27" HPOS="741" VPOS="274" WIDTH="101" HEIGHT="22" WC="0.90" CONTENT="Oittinen."/>
						</TextLine>
					</TextBlock>
				</ComposedBlock>
				<ComposedBlock ID="cblock_4" HPOS="185" VPOS="318" WIDTH="839" HEIGHT="173">
					<TextBlock ID="block_2" HPOS="185" VPOS="318" WIDTH="839" HEIGHT="173">
						<TextLine ID="line_4" HPOS="261" VPOS="318" WIDTH="763" HEIGHT="23">
							<String ID="string_28" HPOS="261" VPOS="318" WIDTH="99" HEIGHT="22" WC="0.92" CONTENT="Emedan"/><SP WIDTH="15" VPOS="318" HPOS="360"/>
							<String ID="string_29" HPOS="375" VPOS="319" WIDTH="156" HEIGHT="22" WC="0.91" CONTENT="ständerbeslut"/><SP WIDTH="15" VPOS="319" HPOS="531"/>
							<String ID="string_30" HPOS="546" VPOS="319" WIDTH="90" HEIGHT="22" WC="0.93" CONTENT="sålunda"/><SP WIDTH="14" VPOS="319" HPOS="636"/>
							<String ID="string_31" HPOS="650" VPOS="320" WIDTH="108" HEIGHT="21" WC="0.91" CONTENT="förefanns"/><SP WIDTH="15" VPOS="320" HPOS="758"/>
							<String ID="string_32" HPOS="773" VPOS="320" WIDTH="33" HEIGHT="20" WC="0.96" CONTENT="för"/><SP WIDTH="15" VPOS="320" HPOS="806"/>
							<String ID="string_33" HPOS="821" VPOS="319" WIDTH="128" HEIGHT="21" WC="0.96" CONTENT="tillsättande"/><SP WIDTH="14" VPOS="319" HPOS="949"/>
							<String ID="string_34" HPOS="963" VPOS="319" WIDTH="22" HEIGHT="21" WC="0.96" CONTENT="af"/><SP WIDTH="9" VPOS="319" HPOS="985"/>
							<String ID="string_35" HPOS="994" VPOS="320" WIDTH="30" HEIGHT="20" WC="0.96" CONTENT="ett"/>
						</TextLine>
						<TextLine ID="line_5" HPOS="192" VPOS="347" WIDTH="832" HEIGHT="28">
							<String ID="string_36" HPOS="192" VPOS="347" WIDTH="101" HEIGHT="22" WC="0.96" CONTENT="särskildt"/><SP WIDTH="16" VPOS="347" HPOS="293"/>
							<String ID="string_37" HPOS="309" VPOS="348" WIDTH="81" HEIGHT="21" WC="0.96" CONTENT="utskott"/><SP WIDTH="15" VPOS="348" HPOS="390"/>
							<String ID="string_38" HPOS="405" VPOS="348" WIDTH="33" HEIGHT="21" WC="0.96" CONTENT="för"/><SP WIDTH="14" VPOS="348" HPOS="438"/>
							<String ID="string_39" HPOS="452" VPOS="348" WIDTH="157" HEIGHT="27" WC="0.96" CONTENT="behandlingen"/><SP WIDTH="15" VPOS="348" HPOS="609"/>
							<String ID="string_40" HPOS="624" VPOS="348" WIDTH="22" HEIGHT="21" WC="0.93" CONTENT="af"/><SP WIDTH="14" VPOS="348" HPOS="646"/>
							<String ID="string_41" HPOS="660" VPOS="349" WIDTH="36" HEIGHT="20" WC="0.91" CONTENT="hrr"/><SP WIDTH="13" VPOS="349" HPOS="696"/>
							<String ID="string_42" HPOS="709" VPOS="348" WIDTH="90" HEIGHT="21" WC="0.91" CONTENT="Heikels"/><SP WIDTH="15" VPOS="348" HPOS="799"/>
							<String ID="string_43" HPOS="814" VPOS="348" WIDTH="50" HEIGHT="21" WC="0.93" CONTENT="med"/><SP WIDTH="14" VPOS="348" HPOS="864"/>
							<String ID="string_44" HPOS="878" VPOS="347" WIDTH="62" HEIGHT="22" WC="0.91" CONTENT="fleres"/><SP WIDTH="15" VPOS="347" HPOS="940"/>
							<String ID="string_45" HPOS="955" VPOS="347" WIDTH="69" HEIGHT="28" WC="0.91" CONTENT="petiti-"/>
						</TextLine>
						<TextLine ID="line_6" HPOS="185" VPOS="376" WIDTH="838" HEIGHT="29">
							<String ID="string_46" HPOS="185" VPOS="376" WIDTH="128" HEIGHT="27" WC="0.75" CONTENT="-onsförslag"/><SP WIDTH="22" VPOS="376" HPOS="313"/>
							<String ID="string_47" HPOS="335" VPOS="383" WIDTH="35" HEIGHT="14" WC="0.96" CONTENT="om"/><SP WIDTH="23" VPOS="383" HPOS="370"/>
							<String ID="string_48" HPOS="393" VPOS="377" WIDTH="90" HEIGHT="21" WC="0.96" CONTENT="svenska"/><SP WIDTH="22" VPOS="377" HPOS="483"/>
							<String ID="string_49" HPOS="505" VPOS="377" WIDTH="40" HEIGHT="21" WC="0.97" CONTENT="och"/><SP WIDTH="14" VPOS="377" HPOS="545"/>
							<String ID="string_50" HPOS="559" VPOS="377" WIDTH="70" HEIGHT="21" WC="0.96" CONTENT="finska"/><SP WIDTH="15" VPOS="377" HPOS="629"/>
							<String ID="string_51" HPOS="644" VPOS="377" WIDTH="102" HEIGHT="28" WC="0.92" CONTENT="språkens"/><SP WIDTH="15" VPOS="377" HPOS="746"/>
							<String ID="string_52" HPOS="761" VPOS="377" WIDTH="138" HEIGHT="27" WC="0.92" CONTENT="likställighet"/><SP WIDTH="15" VPOS="377" HPOS="899"/>
							<String ID="string_53" HPOS="914" VPOS="376" WIDTH="34" HEIGHT="21" WC="0.93" CONTENT="vid"/><SP WIDTH="17" VPOS="376" HPOS="948"/>
							<String ID="string_54" HPOS="965" VPOS="376" WIDTH="58" HEIGHT="21" WC="0.92" CONTENT="dom-"/>
						</TextLine>
						<TextLine ID="line_7" HPOS="191" VPOS="405" WIDTH="832" HEIGHT="28">
							<String ID="string_55" HPOS="191" VPOS="405" WIDTH="68" HEIGHT="20" WC="0.96" CONTENT="stolar"/><SP WIDTH="14" VPOS="405" HPOS="259"/>
							<String ID="string_56" HPOS="273" VPOS="405" WIDTH="40" HEIGHT="21" WC="0.93" CONTENT="och"/><SP WIDTH="16" VPOS="405" HPOS="313"/>
							<String ID="string_57" HPOS="329" VPOS="405" WIDTH="139" HEIGHT="28" WC="0.91" CONTENT="ämbetsvärk,"/><SP WIDTH="14" VPOS="405" HPOS="468"/>
							<String ID="string_58" HPOS="482" VPOS="405" WIDTH="134" HEIGHT="28" WC="0.96" CONTENT="uppmanade"/><SP WIDTH="15" VPOS="405" HPOS="616"/>
							<String ID="string_59" HPOS="631" VPOS="406" WIDTH="25" HEIGHT="20" WC="0.96" CONTENT="hr"/><SP WIDTH="15" VPOS="406" HPOS="656"/>
							<String ID="string_60" HPOS="671" VPOS="406" WIDTH="123" HEIGHT="21" WC="0.93" CONTENT="talmannen"/><SP WIDTH="16" VPOS="406" HPOS="794"/>
							<String ID="string_61" HPOS="810" VPOS="405" WIDTH="93" HEIGHT="21" WC="0.92" CONTENT="ståndets"/><SP WIDTH="16" VPOS="405" HPOS="903"/>
							<String ID="string_62" HPOS="919" VPOS="405" WIDTH="104" HEIGHT="21" WC="0.95" CONTENT="elektorer"/>
						</TextLine>
						<TextLine ID="line_8" HPOS="190" VPOS="433" WIDTH="833" HEIGHT="28">
							<String ID="string_63" HPOS="190" VPOS="435" WIDTH="32" HEIGHT="19" WC="0.96" CONTENT="att"/><SP WIDTH="14" VPOS="435" HPOS="222"/>
							<String ID="string_64" HPOS="236" VPOS="436" WIDTH="84" HEIGHT="19" WC="0.96" CONTENT="snarast"/><SP WIDTH="22" VPOS="436" HPOS="320"/>
							<String ID="string_65" HPOS="342" VPOS="434" WIDTH="83" HEIGHT="27" WC="0.93" CONTENT="möjligt"/><SP WIDTH="14" VPOS="434" HPOS="425"/>
							<String ID="string_66" HPOS="439" VPOS="434" WIDTH="71" HEIGHT="21" WC="0.91" CONTENT="skrida"/><SP WIDTH="14" VPOS="434" HPOS="510"/>
							<String ID="string_67" HPOS="524" VPOS="434" WIDTH="32" HEIGHT="22" WC="0.96" CONTENT="till"/><SP WIDTH="16" VPOS="434" HPOS="556"/>
							<String ID="string_68" HPOS="572" VPOS="434" WIDTH="34" HEIGHT="21" WC="0.96" CONTENT="val"/><SP WIDTH="15" VPOS="434" HPOS="606"/>
							<String ID="string_69" HPOS="621" VPOS="435" WIDTH="21" HEIGHT="20" WC="0.95" CONTENT="af"/><SP WIDTH="15" VPOS="435" HPOS="642"/>
							<String ID="string_70" HPOS="657" VPOS="436" WIDTH="30" HEIGHT="19" WC="0.96" CONTENT="tre"/><SP WIDTH="15" VPOS="436" HPOS="687"/>
							<String ID="string_71" HPOS="702" VPOS="434" WIDTH="118" HEIGHT="21" WC="0.96" CONTENT="ledamöter"/><SP WIDTH="15" VPOS="434" HPOS="820"/>
							<String ID="string_72" HPOS="835" VPOS="434" WIDTH="39" HEIGHT="21" WC="0.96" CONTENT="och"/><SP WIDTH="15" VPOS="434" HPOS="874"/>
							<String ID="string_73" HPOS="889" VPOS="433" WIDTH="36" HEIGHT="21" WC="0.93" CONTENT="två"/><SP WIDTH="14" VPOS="433" HPOS="925"/>
							<String ID="string_74" HPOS="939" VPOS="433" WIDTH="84" HEIGHT="27" WC="0.92" CONTENT="supple-"/>
						</TextLine>
						<TextLine ID="line_9" HPOS="191" VPOS="463" WIDTH="385" HEIGHT="28">
							<String ID="string_75" HPOS="191" VPOS="463" WIDTH="62" HEIGHT="20" WC="0.92" CONTENT="anter"/><SP WIDTH="14" VPOS="463" HPOS="253"/>
							<String ID="string_76" HPOS="267" VPOS="463" WIDTH="32" HEIGHT="20" WC="0.96" CONTENT="uti"/><SP WIDTH="15" VPOS="463" HPOS="299"/>
							<String ID="string_77" HPOS="314" VPOS="463" WIDTH="160" HEIGHT="28" WC="0.96" CONTENT="ifrågavarande"/><SP WIDTH="16" VPOS="463" HPOS="474"/>
							<String ID="string_78" HPOS="490" VPOS="463" WIDTH="86" HEIGHT="21" WC="0.96" CONTENT="utskott."/>
						</TextLine>
					</TextBlock>
				</ComposedBlock>
				<ComposedBlock ID="cblock_5" HPOS="261" VPOS="571" WIDTH="411" HEIGHT="28">
					<TextBlock ID="block_3" HPOS="261" VPOS="571" WIDTH="411" HEIGHT="28">
						<TextLine ID="line_10" HPOS="261" VPOS="571" WIDTH="411" HEIGHT="28">
							<String ID="string_79" HPOS="261" VPOS="571" WIDTH="93" HEIGHT="22" WC="0.96" CONTENT="Plenum"/><SP WIDTH="15" VPOS="571" HPOS="354"/>
							<String ID="string_80" HPOS="369" VPOS="571" WIDTH="107" HEIGHT="28" WC="0.96" CONTENT="upplöstes"/><SP WIDTH="15" VPOS="571" HPOS="476"/>
							<String ID="string_81" HPOS="491" VPOS="571" WIDTH="27" HEIGHT="22" WC="0.96" CONTENT="kl."/><SP WIDTH="17" VPOS="571" HPOS="518"/>
							<String ID="string_82" HPOS="535" VPOS="572" WIDTH="33" HEIGHT="21" WC="0.96" CONTENT="12:"/><SP WIDTH="16" VPOS="572" HPOS="568"/>
							<String ID="string_83" HPOS="584" VPOS="577" WIDTH="20" HEIGHT="15" WC="0.93" CONTENT="20"/><SP WIDTH="15" VPOS="577" HPOS="604"/>
							<String ID="string_84" HPOS="619" VPOS="578" WIDTH="19" HEIGHT="21" WC="0.89" CONTENT="p."/><SP WIDTH="16" VPOS="578" HPOS="638"/>
							<String ID="string_85" HPOS="654" VPOS="579" WIDTH="18" HEIGHT="14" WC="0.89" CONTENT="n."/>
						</TextLine>
					</TextBlock>
				</ComposedBlock>
				<ComposedBlock ID="cblock_6" HPOS="742" VPOS="628" WIDTH="208" HEIGHT="56">
					<TextBlock ID="block_4" HPOS="742" VPOS="628" WIDTH="208" HEIGHT="56">
						<TextLine ID="line_11" HPOS="814" VPOS="628" WIDTH="93" HEIGHT="18">
							<String ID="string_86" HPOS="814" VPOS="628" WIDTH="20" HEIGHT="17" WC="0.95" CONTENT="In"/><SP WIDTH="13" VPOS="628" HPOS="834"/>
							<String ID="string_87" HPOS="847" VPOS="628" WIDTH="60" HEIGHT="18" WC="0.96" CONTENT="fidem:"/>
						</TextLine>
						<TextLine ID="line_12" HPOS="742" VPOS="656" WIDTH="208" HEIGHT="28">
							<String ID="string_88" HPOS="742" VPOS="657" WIDTH="27" HEIGHT="21" WC="0.81" CONTENT="A."/><SP WIDTH="23" VPOS="657" HPOS="769"/>
							<String ID="string_89" HPOS="792" VPOS="656" WIDTH="24" HEIGHT="22" WC="0.91" CONTENT="V."/><SP WIDTH="17" VPOS="656" HPOS="816"/>
							<String ID="string_90" HPOS="833" VPOS="656" WIDTH="117" HEIGHT="28" WC="0.96" CONTENT="Lindberg."/>
						</TextLine>
					</TextBlock>
				</ComposedBlock>
				<ComposedBlock ID="cblock_7" HPOS="295" VPOS="822" WIDTH="622" HEIGHT="35">
					<TextBlock ID="block_5" HPOS="295" VPOS="822" WIDTH="622" HEIGHT="35">
						<TextLine ID="line_13" HPOS="295" VPOS="822" WIDTH="622" HEIGHT="35">
							<String ID="string_91" HPOS="295" VPOS="823" WIDTH="163" HEIGHT="34" WC="0.5" CONTENT="Torsdagen"/><SP WIDTH="18" VPOS="823" HPOS="458"/>
							<String ID="string_92" HPOS="476" VPOS="823" WIDTH="56" HEIGHT="27" WC="0.96" CONTENT="den"/><SP WIDTH="18" VPOS="823" HPOS="532"/>
							<String ID="string_93" HPOS="550" VPOS="823" WIDTH="33" HEIGHT="27" WC="0.96" CONTENT="18"/><SP WIDTH="18" VPOS="823" HPOS="583"/>
							<String ID="string_94" HPOS="601" VPOS="823" WIDTH="128" HEIGHT="27" WC="0.96" CONTENT="februari"/><SP WIDTH="18" VPOS="823" HPOS="729"/>
							<String ID="string_95" HPOS="747" VPOS="822" WIDTH="39" HEIGHT="27" WC="0.96" CONTENT="kl."/><SP WIDTH="20" VPOS="822" HPOS="786"/>
							<String ID="string_96" HPOS="806" VPOS="822" WIDTH="17" HEIGHT="27" WC="0.96" CONTENT="6"/><SP WIDTH="18" VPOS="822" HPOS="823"/>
							<String ID="string_97" HPOS="841" VPOS="829" WIDTH="23" HEIGHT="20" WC="0.96" CONTENT="e."/><SP WIDTH="17" VPOS="829" HPOS="864"/>
							<String ID="string_98" HPOS="881" VPOS="830" WIDTH="36" HEIGHT="19" WC="0.96" CONTENT="m."/>
						</TextLine>
					</TextBlock>
				</ComposedBlock>
				<ComposedBlock ID="cblock_8" HPOS="189" VPOS="881" WIDTH="832" HEIGHT="85">
					<TextBlock ID="block_6" HPOS="189" VPOS="881" WIDTH="832" HEIGHT="85">
						<TextLine ID="line_14" HPOS="259" VPOS="881" WIDTH="762" HEIGHT="28">
							<String ID="string_99" HPOS="259" VPOS="881" WIDTH="44" HEIGHT="21" WC="0.93" CONTENT="Vid"/><SP WIDTH="15" VPOS="881" HPOS="303"/>
							<String ID="string_100" HPOS="318" VPOS="881" WIDTH="116" HEIGHT="21" WC="0.93" CONTENT="värkstäldt"/><SP WIDTH="13" VPOS="881" HPOS="434"/>
							<String ID="string_101" HPOS="447" VPOS="887" WIDTH="82" HEIGHT="22" WC="0.92" CONTENT="upprop"/><SP WIDTH="16" VPOS="887" HPOS="529"/>
							<String ID="string_102" HPOS="545" VPOS="882" WIDTH="105" HEIGHT="21" WC="0.92" CONTENT="befunnos"/><SP WIDTH="15" VPOS="882" HPOS="650"/>
							<String ID="string_103" HPOS="665" VPOS="882" WIDTH="96" HEIGHT="21" WC="0.92" CONTENT="ständets"/><SP WIDTH="13" VPOS="882" HPOS="761"/>
							<String ID="string_104" HPOS="774" VPOS="882" WIDTH="98" HEIGHT="27" WC="0.96" CONTENT="samtliga"/><SP WIDTH="10" VPOS="882" HPOS="872"/>
							<String ID="string_105" HPOS="882" VPOS="881" WIDTH="139" HEIGHT="22" WC="0.96" CONTENT="medlemmar"/>
						</TextLine>
						<TextLine ID="line_15" HPOS="190" VPOS="909" WIDTH="830" HEIGHT="29">
							<String ID="string_106" HPOS="190" VPOS="910" WIDTH="133" HEIGHT="20" WC="0.96" CONTENT="närvarande"/><SP WIDTH="22" VPOS="910" HPOS="323"/>
							<String ID="string_107" HPOS="345" VPOS="909" WIDTH="92" HEIGHT="21" WC="0.96" CONTENT="förutom"/><SP WIDTH="23" VPOS="909" HPOS="437"/>
							<String ID="string_108" HPOS="460" VPOS="910" WIDTH="24" HEIGHT="21" WC="0.93" CONTENT="hr"/><SP WIDTH="20" VPOS="910" HPOS="484"/>
							<String ID="string_109" HPOS="504" VPOS="910" WIDTH="148" HEIGHT="28" WC="0.80" CONTENT="Jusölius,"/><SP WIDTH="22" VPOS="910" HPOS="652"/>
							<String ID="string_110" HPOS="674" VPOS="910" WIDTH="180" HEIGHT="27" WC="0.96" CONTENT="Ferdinand,"/><SP WIDTH="23" VPOS="910" HPOS="854"/>
							<String ID="string_111" HPOS="877" VPOS="916" WIDTH="45" HEIGHT="15" WC="0.93" CONTENT="som"/><SP WIDTH="19" VPOS="916" HPOS="922"/>
							<String ID="string_112" HPOS="941" VPOS="910" WIDTH="79" HEIGHT="20" WC="0.96" CONTENT="anmält"/>
						</TextLine>
						<TextLine ID="line_16" HPOS="189" VPOS="938" WIDTH="156" HEIGHT="28">
							<String ID="string_113" HPOS="189" VPOS="938" WIDTH="156" HEIGHT="28" WC="0.95" CONTENT="sjukdomsfall."/>
						</TextLine>
					</TextBlock>
				</ComposedBlock>
				<ComposedBlock ID="cblock_9" HPOS="189" VPOS="1035" WIDTH="830" HEIGHT="59">
					<TextBlock ID="block_7" HPOS="189" VPOS="1035" WIDTH="830" HEIGHT="59">
						<TextLine ID="line_17" HPOS="259" VPOS="1035" WIDTH="760" HEIGHT="29">
							<String ID="string_114" HPOS="259" VPOS="1036" WIDTH="114" HEIGHT="28" WC="0.91" CONTENT="Upplästes"/><SP WIDTH="22" VPOS="1036" HPOS="373"/>
							<String ID="string_115" HPOS="395" VPOS="1036" WIDTH="32" HEIGHT="20" WC="0.96" CONTENT="till"/><SP WIDTH="21" VPOS="1036" HPOS="427"/>
							<String ID="string_116" HPOS="448" VPOS="1036" WIDTH="104" HEIGHT="28" WC="0.96" CONTENT="justering"/><SP WIDTH="22" VPOS="1036" HPOS="552"/>
							<String ID="string_117" HPOS="574" VPOS="1037" WIDTH="40" HEIGHT="21" WC="0.96" CONTENT="och"/><SP WIDTH="22" VPOS="1037" HPOS="614"/>
							<String ID="string_118" HPOS="636" VPOS="1037" WIDTH="124" HEIGHT="27" WC="0.96" CONTENT="godkändes"/><SP WIDTH="21" VPOS="1037" HPOS="760"/>
							<String ID="string_119" HPOS="781" VPOS="1036" WIDTH="103" HEIGHT="22" WC="0.96" CONTENT="särskilda"/><SP WIDTH="18" VPOS="1036" HPOS="884"/>
							<String ID="string_120" HPOS="902" VPOS="1035" WIDTH="77" HEIGHT="28" WC="0.95" CONTENT="utdrag"/><SP WIDTH="14" VPOS="1035" HPOS="979"/>
							<String ID="string_121" HPOS="993" VPOS="1042" WIDTH="26" HEIGHT="14" WC="0.95" CONTENT="ur"/>
						</TextLine>
						<TextLine ID="line_18" HPOS="189" VPOS="1064" WIDTH="638" HEIGHT="30">
							<String ID="string_122" HPOS="189" VPOS="1064" WIDTH="186" HEIGHT="28" WC="0.92" CONTENT="borgareståndets"/><SP WIDTH="16" VPOS="1064" HPOS="375"/>
							<String ID="string_123" HPOS="391" VPOS="1064" WIDTH="34" HEIGHT="21" WC="0.96" CONTENT="vid"/><SP WIDTH="15" VPOS="1064" HPOS="425"/>
							<String ID="string_124" HPOS="440" VPOS="1067" WIDTH="83" HEIGHT="19" WC="0.96" CONTENT="senaste"/><SP WIDTH="15" VPOS="1067" HPOS="523"/>
							<String ID="string_125" HPOS="538" VPOS="1066" WIDTH="87" HEIGHT="28" WC="0.96" CONTENT="plenum"/><SP WIDTH="16" VPOS="1066" HPOS="625"/>
							<String ID="string_126" HPOS="641" VPOS="1066" WIDTH="60" HEIGHT="20" WC="0.96" CONTENT="förda"/><SP WIDTH="15" VPOS="1066" HPOS="701"/>
							<String ID="string_127" HPOS="716" VPOS="1065" WIDTH="111" HEIGHT="28" WC="0.94" CONTENT="protokoll."/>
						</TextLine>
					</TextBlock>
				</ComposedBlock>
				<ComposedBlock ID="cblock_10" HPOS="185" VPOS="1191" WIDTH="833" HEIGHT="142">
					<TextBlock ID="block_8" HPOS="185" VPOS="1191" WIDTH="833" HEIGHT="142">
						<TextLine ID="line_19" HPOS="259" VPOS="1191" WIDTH="759" HEIGHT="22">
							<String ID="string_128" HPOS="259" VPOS="1191" WIDTH="69" HEIGHT="20" WC="0.69" CONTENT="Bland"/><SP WIDTH="23" VPOS="1191" HPOS="328"/>
							<String ID="string_129" HPOS="351" VPOS="1191" WIDTH="93" HEIGHT="21" WC="0.92" CONTENT="ständets"/><SP WIDTH="22" VPOS="1191" HPOS="444"/>
							<String ID="string_130" HPOS="466" VPOS="1192" WIDTH="139" HEIGHT="21" WC="0.96" CONTENT="medlemmar"/><SP WIDTH="22" VPOS="1192" HPOS="605"/>
							<String ID="string_131" HPOS="627" VPOS="1192" WIDTH="53" HEIGHT="20" WC="0.96" CONTENT="hade"/><SP WIDTH="16" VPOS="1192" HPOS="680"/>
							<String ID="string_132" HPOS="696" VPOS="1191" WIDTH="93" HEIGHT="22" WC="0.96" CONTENT="utdelats"/><SP WIDTH="15" VPOS="1191" HPOS="789"/>
							<String ID="string_133" HPOS="804" VPOS="1191" WIDTH="40" HEIGHT="21" WC="0.93" CONTENT="och"/><SP WIDTH="16" VPOS="1191" HPOS="844"/>
							<String ID="string_134" HPOS="860" VPOS="1191" WIDTH="111" HEIGHT="21" WC="0.91" CONTENT="bordlades"/><SP WIDTH="15" VPOS="1191" HPOS="971"/>
							<String ID="string_135" HPOS="986" VPOS="1191" WIDTH="32" HEIGHT="20" WC="0.96" CONTENT="till"/>
						</TextLine>
						<TextLine ID="line_20" HPOS="189" VPOS="1219" WIDTH="829" HEIGHT="28">
							<String ID="string_136" HPOS="189" VPOS="1221" WIDTH="61" HEIGHT="19" WC="0.96" CONTENT="nästa"/><SP WIDTH="18" VPOS="1221" HPOS="250"/>
							<String ID="string_137" HPOS="268" VPOS="1219" WIDTH="97" HEIGHT="28" WC="0.96" CONTENT="plenum:"/><SP WIDTH="16" VPOS="1219" HPOS="365"/>
							<String ID="string_138" HPOS="381" VPOS="1219" WIDTH="111" HEIGHT="22" WC="0.93" CONTENT="berättelse"/><SP WIDTH="16" VPOS="1219" HPOS="492"/>
							<String ID="string_139" HPOS="508" VPOS="1220" WIDTH="93" HEIGHT="27" WC="0.91" CONTENT="afgifven"/><SP WIDTH="16" VPOS="1220" HPOS="601"/>
							<String ID="string_140" HPOS="617" VPOS="1220" WIDTH="21" HEIGHT="21" WC="0.96" CONTENT="af"/><SP WIDTH="14" VPOS="1220" HPOS="638"/>
							<String ID="string_141" HPOS="652" VPOS="1220" WIDTH="42" HEIGHT="21" WC="0.96" CONTENT="den"/><SP WIDTH="16" VPOS="1220" HPOS="694"/>
							<String ID="string_142" HPOS="710" VPOS="1220" WIDTH="36" HEIGHT="21" WC="0.96" CONTENT="vid"/><SP WIDTH="15" VPOS="1220" HPOS="746"/>
							<String ID="string_143" HPOS="761" VPOS="1221" WIDTH="84" HEIGHT="20" WC="0.93" CONTENT="senaste"/><SP WIDTH="15" VPOS="1221" HPOS="845"/>
							<String ID="string_144" HPOS="860" VPOS="1219" WIDTH="102" HEIGHT="27" WC="0.92" CONTENT="landtdag"/><SP WIDTH="15" VPOS="1219" HPOS="962"/>
							<String ID="string_145" HPOS="977" VPOS="1219" WIDTH="41" HEIGHT="21" WC="0.92" CONTENT="till-"/>
						</TextLine>
						<TextLine ID="line_21" HPOS="185" VPOS="1247" WIDTH="833" HEIGHT="28">
							<String ID="string_146" HPOS="185" VPOS="1249" WIDTH="59" HEIGHT="20" WC="0.91" CONTENT="&#39;satta"/><SP WIDTH="15" VPOS="1249" HPOS="244"/>
							<String ID="string_147" HPOS="259" VPOS="1247" WIDTH="148" HEIGHT="28" WC="0.96" CONTENT="delegationen"/><SP WIDTH="15" VPOS="1247" HPOS="407"/>
							<String ID="string_148" HPOS="422" VPOS="1248" WIDTH="32" HEIGHT="21" WC="0.96" CONTENT="för"/><SP WIDTH="16" VPOS="1248" HPOS="454"/>
							<String ID="string_149" HPOS="470" VPOS="1248" WIDTH="78" HEIGHT="21" WC="0.96" CONTENT="vården"/><SP WIDTH="16" VPOS="1248" HPOS="548"/>
							<String ID="string_150" HPOS="564" VPOS="1249" WIDTH="22" HEIGHT="20" WC="0.96" CONTENT="af"/><SP WIDTH="14" VPOS="1249" HPOS="586"/>
							<String ID="string_151" HPOS="600" VPOS="1249" WIDTH="32" HEIGHT="26" WC="0.96" CONTENT="de,"/><SP WIDTH="16" VPOS="1249" HPOS="632"/>
							<String ID="string_152" HPOS="648" VPOS="1255" WIDTH="77" HEIGHT="20" WC="0.96" CONTENT="genom"/><SP WIDTH="13" VPOS="1255" HPOS="725"/>
							<String ID="string_153" HPOS="738" VPOS="1250" WIDTH="126" HEIGHT="19" WC="0.96" CONTENT="testamente"/><SP WIDTH="10" VPOS="1250" HPOS="864"/>
							<String ID="string_154" HPOS="874" VPOS="1248" WIDTH="22" HEIGHT="21" WC="0.96" CONTENT="af"/><SP WIDTH="9" VPOS="1248" HPOS="896"/>
							<String ID="string_155" HPOS="905" VPOS="1247" WIDTH="113" HEIGHT="22" WC="0.96" CONTENT="framlidne"/>
						</TextLine>
						<TextLine ID="line_22" HPOS="188" VPOS="1276" WIDTH="830" HEIGHT="29">
							<String ID="string_156" HPOS="188" VPOS="1276" WIDTH="230" HEIGHT="21" WC="0.89" CONTENT="medicinelicentiaten"/><SP WIDTH="15" VPOS="1276" HPOS="418"/>
							<String ID="string_157" HPOS="433" VPOS="1277" WIDTH="95" HEIGHT="21" WC="0.96" CONTENT="Herman"/><SP WIDTH="15" VPOS="1277" HPOS="528"/>
							<String ID="string_158" HPOS="543" VPOS="1277" WIDTH="89" HEIGHT="21" WC="0.96" CONTENT="Frithiof"/><SP WIDTH="14" VPOS="1277" HPOS="632"/>
							<String ID="string_159" HPOS="646" VPOS="1277" WIDTH="92" HEIGHT="28" WC="0.95" CONTENT="Antell,"/><SP WIDTH="10" VPOS="1277" HPOS="738"/>
							<String ID="string_160" HPOS="748" VPOS="1277" WIDTH="104" HEIGHT="21" WC="0.96" CONTENT="Finlands"/><SP WIDTH="12" VPOS="1277" HPOS="852"/>
							<String ID="string_161" HPOS="864" VPOS="1277" WIDTH="45" HEIGHT="20" WC="0.93" CONTENT="folk"/><SP WIDTH="10" VPOS="1277" HPOS="909"/>
							<String ID="string_162" HPOS="919" VPOS="1276" WIDTH="99" HEIGHT="21" WC="0.91" CONTENT="tillfallna"/>
						</TextLine>
						<TextLine ID="line_23" HPOS="188" VPOS="1305" WIDTH="552" HEIGHT="28">
							<String ID="string_163" HPOS="188" VPOS="1305" WIDTH="90" HEIGHT="28" WC="0.90" CONTENT="mynt-,"/><SP WIDTH="15" VPOS="1305" HPOS="278"/>
							<String ID="string_164" HPOS="293" VPOS="1305" WIDTH="153" HEIGHT="22" WC="0.91" CONTENT="antikvitets-"/><SP WIDTH="16" VPOS="1305" HPOS="446"/>
							<String ID="string_165" HPOS="462" VPOS="1305" WIDTH="46" HEIGHT="23" WC="0.93" CONTENT="och"/><SP WIDTH="15" VPOS="1305" HPOS="508"/>
							<String ID="string_166" HPOS="523" VPOS="1305" WIDTH="217" HEIGHT="28" WC="0.91" CONTENT="konstsamlingar."/>
						</TextLine>
					</TextBlock>
				</ComposedBlock>
				<ComposedBlock ID="cblock_11" HPOS="187" VPOS="1436" WIDTH="832" HEIGHT="119">
					<TextBlock ID="block_9" HPOS="187" VPOS="1436" WIDTH="831" HEIGHT="63">
						<TextLine ID="line_24" HPOS="258" VPOS="1436" WIDTH="760" HEIGHT="29">
							<String ID="string_167" HPOS="258" VPOS="1436" WIDTH="118" HEIGHT="28" WC="0.96" CONTENT="Föredrogs"/><SP WIDTH="21" VPOS="1436" HPOS="376"/>
							<String ID="string_168" HPOS="397" VPOS="1439" WIDTH="30" HEIGHT="19" WC="0.96" CONTENT="att"/><SP WIDTH="19" VPOS="1439" HPOS="427"/>
							<String ID="string_169" HPOS="446" VPOS="1437" WIDTH="48" HEIGHT="21" WC="0.93" CONTENT="från"/><SP WIDTH="22" VPOS="1437" HPOS="494"/>
							<String ID="string_170" HPOS="516" VPOS="1437" WIDTH="94" HEIGHT="22" WC="0.91" CONTENT="ståndets"/><SP WIDTH="22" VPOS="1437" HPOS="610"/>
							<String ID="string_171" HPOS="632" VPOS="1437" WIDTH="126" HEIGHT="23" WC="0.96" CONTENT="elektorer"/><SP WIDTH="20" VPOS="1437" HPOS="758"/>
							<String ID="string_172" HPOS="778" VPOS="1437" WIDTH="113" HEIGHT="22" WC="0.95" CONTENT="inkommit"/><SP WIDTH="15" VPOS="1437" HPOS="891"/>
							<String ID="string_173" HPOS="906" VPOS="1437" WIDTH="112" HEIGHT="28" WC="0.96" CONTENT="protokoll,"/>
						</TextLine>
						<TextLine ID="line_25" HPOS="187" VPOS="1460" WIDTH="291" HEIGHT="39">
							<String ID="string_174" HPOS="187" VPOS="1460" WIDTH="128" HEIGHT="37" WC="0.91" CONTENT="sålydande:"/><SP WIDTH="157" VPOS="1460" HPOS="315"/>
							<String ID="string_175" HPOS="472" VPOS="1492" WIDTH="6" HEIGHT="7" WC="0.93" CONTENT="N"/>
						</TextLine>
					</TextBlock>
					<TextBlock ID="block_10" HPOS="465" VPOS="1499" WIDTH="553" HEIGHT="27">
						<TextLine ID="line_26" HPOS="465" VPOS="1499" WIDTH="553" HEIGHT="27">
							<String ID="string_176" HPOS="465" VPOS="1499" WIDTH="31" HEIGHT="21" WC="0.93" CONTENT="År"/><SP WIDTH="23" VPOS="1499" HPOS="496"/>
							<String ID="string_177" HPOS="519" VPOS="1500" WIDTH="53" HEIGHT="20" WC="0.96" CONTENT="1897"/><SP WIDTH="24" VPOS="1500" HPOS="572"/>
							<String ID="string_178" HPOS="596" VPOS="1499" WIDTH="42" HEIGHT="21" WC="0.96" CONTENT="den"/><SP WIDTH="23" VPOS="1499" HPOS="638"/>
							<String ID="string_179" HPOS="661" VPOS="1500" WIDTH="26" HEIGHT="20" WC="0.96" CONTENT="16"/><SP WIDTH="21" VPOS="1500" HPOS="687"/>
							<String ID="string_180" HPOS="708" VPOS="1499" WIDTH="95" HEIGHT="21" WC="0.96" CONTENT="februari"/><SP WIDTH="22" VPOS="1499" HPOS="803"/>
							<String ID="string_181" HPOS="825" VPOS="1499" WIDTH="28" HEIGHT="21" WC="0.92" CONTENT="kl"/><SP WIDTH="23" VPOS="1499" HPOS="853"/>
							<String ID="string_182" HPOS="876" VPOS="1500" WIDTH="26" HEIGHT="26" WC="0.82" CONTENT="&#39;/,"/><SP WIDTH="22" VPOS="1500" HPOS="902"/>
							<String ID="string_183" HPOS="924" VPOS="1500" WIDTH="13" HEIGHT="20" WC="0.96" CONTENT="3"/><SP WIDTH="20" VPOS="1500" HPOS="937"/>
							<String ID="string_184" HPOS="957" VPOS="1505" WIDTH="18" HEIGHT="15" WC="0.87" CONTENT="e."/><SP WIDTH="15" VPOS="1505" HPOS="975"/>
							<String ID="string_185" HPOS="990" VPOS="1505" WIDTH="28" HEIGHT="14" WC="0.93" CONTENT="m."/>
						</TextLine>
					</TextBlock>
					<TextBlock ID="block_11" HPOS="396" VPOS="1527" WIDTH="623" HEIGHT="28">
						<TextLine ID="line_27" HPOS="396" VPOS="1527" WIDTH="623" HEIGHT="28">
							<String ID="string_186" HPOS="396" VPOS="1527" WIDTH="169" HEIGHT="23" WC="0.93" CONTENT="sammanträdde"/><SP WIDTH="27" VPOS="1527" HPOS="565"/>
							<String ID="string_187" HPOS="592" VPOS="1527" WIDTH="185" HEIGHT="28" WC="0.85" CONTENT="borgareständets"/><SP WIDTH="25" VPOS="1527" HPOS="777"/>
							<String ID="string_188" HPOS="802" VPOS="1527" WIDTH="105" HEIGHT="22" WC="0.95" CONTENT="elektorer"/><SP WIDTH="27" VPOS="1527" HPOS="907"/>
							<String ID="string_189" HPOS="934" VPOS="1527" WIDTH="33" HEIGHT="22" WC="0.96" CONTENT="för"/><SP WIDTH="22" VPOS="1527" HPOS="967"/>
							<String ID="string_190" HPOS="989" VPOS="1529" WIDTH="30" HEIGHT="20" WC="0.96" CONTENT="att"/>
						</TextLine>
					</TextBlock>
				</ComposedBlock>
			</PrintSpace>
		</Page>
	</Layout>
</alto>
