1103 1811
83 159 23 16 12
119 158 50 16 febr.
433 158 22 16 12
468 158 10 21 $
490 158 21 17 L.
526 158 22 16 O.
867 152 40 20 155

83 226 44 21 Sitä
143 226 81 20 vastoin
241 226 27 20 oli
283 226 26 20 V.
324 226 36 20 J:n
377 226 165 26 kysymyksessä
558 226 75 21 olevan
651 226 25 20 12
693 226 35 26 $:n
738 226 78 26 nojalla
826 225 83 21 valtiol-

83 255 72 20 lisesta
170 254 171 21 äänioikeudesta
357 254 162 27 poissuljettuna
534 255 42 20 885
592 254 122 28 kaupungin
732 254 177 21 veroamaksavaa

83 284 80 25 miestä,
179 283 20 26 ja
214 283 79 20 näitten
309 283 100 26 joukossa
425 283 28 20 oli
475 289 27 20 m.
515 290 23 14 m.
554 284 26 19 11
597 283 175 26 talonomistajaa,
788 284 27 19 14
831 285 78 19 verrat-

82 311 44 21 tain
150 311 69 26 hyvää
240 311 89 27 palkkaa
356 311 108 21 nauttivaa
484 311 21 27 ja
528 311 90 27 hyvässä
639 311 173 20 toimeentulossa
835 311 74 21 olevaa

83 340 159 21 vahtimestarin
261 339 120 26 nimellistä,
396 339 180 27 puhumattakaan
592 342 97 19 suuresta
703 339 99 27 joukosta
817 340 92 26 käsityö-

83 368 65 24 läisiä,
170 368 145 27 konttoristejä
334 369 21 26 ja
377 368 121 27 työmiehiä,
513 369 62 26 joista
591 368 108 21 monetkin
715 368 118 21 maksoivat
848 369 61 26 kym-

82 397 115 21 menenkin
220 397 59 27 äyrin
302 396 130 21 kunnalliset
454 399 65 21 verot,
541 399 67 18 mutta
631 397 58 26 jotka
712 397 109 20 kuitenkin
838 399 70 18 tämän

82 426 92 27 pykälän
198 426 115 26 selityksen
332 425 92 20 mukaan
445 425 102 27 suljettiin
566 426 46 27 pois
628 425 144 21 valtiollisesta
787 425 121 21 äänioikeu-

85 455 64 20 desta.
184 455 115 20 Tämänkin
322 454 21 27 jo
366 460 68 14 muun
455 460 85 15 muassa
562 455 69 26 pitäisi
654 456 117 18 osottaman
793 456 42 18 että
853 455 55 19 tämä

82 483 64 21 kohta
167 483 90 21 kaikista
272 483 163 20 vastustuksista
450 483 20 26 ja
486 483 169 20 kiertelemisistä
670 482 124 21 huolimatta
810 482 98 21 tarvitsee

83 511 157 21 välttämätöntä
255 512 20 26 ja
291 511 43 20 niin
351 511 90 27 pikaista
456 511 108 28 korjausta
579 511 51 20 kuin
647 511 138 20 mahdollista.

150 568 33 21 Hr
203 568 91 27 Hjelt:
324 567 42 22 Det
387 575 38 13 var
445 568 47 21 icke
513 569 101 20 oväntadt
628 570 30 19 att
673 568 36 21 det
725 567 182 28 petitionsförslag,

82 603 44 13 som
143 603 29 13 nu
188 597 37 20 har
241 596 130 23 behandlats,
382 596 68 21 skulle
461 597 46 20 frän
521 599 84 18 motsatt
616 597 43 20 häll
670 599 67 18 mötas
749 596 47 20 med
808 603 26 13 en
846 596 61 26 skarp

81 625 69 20 kritik.
181 624 48 22 Men
253 625 100 20 oväntadt
376 632 37 13 var
435 625 35 21 det
490 626 133 26 sannerligen
646 627 29 19 att
695 625 26 21 de
736 625 110 26 garantier,
862 630 45 14 som

81 654 131 26 motpartiets
235 655 49 19 män
307 653 95 21 erfordra
424 654 32 20 för
479 656 29 18 att
531 654 26 20 de
579 654 59 20 skola
656 654 27 26 gä
697 653 211 27 petitionsförslagets

81 682 99 26 syftemäl
202 682 31 21 till
256 684 72 20 mötes,
351 682 109 26 värkligen
481 682 69 21 skulle
571 689 61 14 anses
648 682 67 21 mästa
731 688 49 14 vara
795 682 23 20 sä
833 681 75 21 talrika

81 711 39 20 och
142 710 22 21 sä
186 711 75 26 starka,
283 717 44 14 som
349 710 38 21 här
408 711 37 20 har
466 711 105 27 päyrkats.
602 710 63 22 Detta
683 717 64 20 synes
762 710 101 21 innebära
879 712 29 18 ett

81 739 69 21 direkt
163 739 135 21 erkännande
311 739 21 21 af
343 741 30 19 att
384 739 41 21 den
440 746 16 14 s.
473 740 19 20 k.
509 740 164 26 maktställning,
685 740 86 20 hvarom
783 739 54 20 här
826 735 12 36 i
849 739 57 20 afton

80 770 63 25 öppet
159 768 67 26 talats,
242 768 69 26 börjar
325 768 97 20 förefalla
437 768 47 20 sina
498 768 137 21 innehafvare
652 768 103 26 betydligt
770 774 56 20 svag.
851 767 56 21 Peti-

81 797 118 20 tionärerne
223 796 73 21 trodde
319 797 32 26 sig
373 796 71 20 kunna
465 797 65 20 räkna
546 797 26 26 pä
588 799 30 18 att
632 797 8 20 i
656 797 69 20 denna
741 796 57 27 fräga
814 802 32 14 om
865 795 42 20 val-

82 827 78 18 rättens
183 825 155 26 förtydligande
353 825 47 20 icke
416 825 69 20 skulle
500 825 112 21 inblandas
628 831 26 14 en
671 825 118 20 diskussion
806 831 34 14 om
857 826 51 18 röst-

80 853 74 20 skalan
179 853 38 20 och
241 853 102 20 särskilda
365 853 66 20 andra
453 853 163 28 bestämningar,
637 860 44 14 som
703 853 88 20 invärka
809 853 26 26 pä
856 854 52 19 röst-

81 881 103 27 beloppet.
214 881 49 21 Man
284 882 38 20 har
343 881 26 27 pä
389 881 36 21 det
445 882 49 26 häll,
514 882 93 21 därifrän
628 881 199 27 petitionsförslaget
845 881 63 20 fram-

81 910 60 27 lagts,
158 910 55 20 velat
230 910 103 20 bestämdt
349 910 96 27 särskilja
461 910 62 21 dessa
536 912 78 19 tvänne
624 910 76 27 frägor.
724 910 49 20 Man
784 910 54 20 hari
852 910 56 20 detta

80 938 101 21 afseende
202 938 145 27 tillmötesgätt
367 939 26 20 de
415 939 131 27 önskningar
561 939 45 23 och,
622 939 34 20 mä
672 939 20 20 vi
707 940 55 25 säga,
780 938 127 26 berättigade

81 967 135 27 önskningar,
231 974 45 14 som
293 967 34 20 vid
343 967 129 27 föregående
487 968 102 27 landtdag
604 968 46 20 från
666 968 126 26 petitionens
808 966 100 21 motstän-

81 996 61 20 dares
163 996 45 20 sida
224 996 108 20 uttalades.
363 996 32 20 Hr
410 996 78 20 Heikel
504 996 38 20 har
556 998 65 25 yttrat
636 998 35 24 att,
687 1002 34 14 om
736 996 7 20 i
759 996 70 20 denna
842 994 67 28 punkt

81 1024 164 26 medgifvanden
269 1024 68 21 skulle
359 1026 67 25 göras,
448 1024 120 27 säkerligen
584 1027 97 24 portarna
697 1024 107 27 öppnades
820 1024 31 20 för
867 1023 41 21 ele-

81 1055 64 24 ment,
161 1059 46 14 som
223 1053 38 20 här
275 1052 68 22 skulle
359 1053 69 20 införa
444 1060 26 14 en
487 1053 127 27 hänsynslös
629 1053 149 26 maktlystnad.
808 1052 32 20 Hr
855 1051 53 21 Lille

81 1082 38 20 har
141 1083 62 25 öppet
226 1083 46 25 sagt
288 1083 29 19 att
333 1082 35 20 det
383 1081 67 27 gäller
465 1084 31 18 ett
511 1082 143 27 köpslagande
669 1081 78 21 mellan
762 1080 92 22 fördelar
869 1080 39 20 och

81 1110 177 20 kontra-fördelar
279 1110 39 20 och
334 1112 29 18 att
381 1110 116 27 petitionen
520 1110 69 20 skulle
604 1110 102 21 innebära
721 1112 29 18 ett
766 1108 142 28 uppgifvande

81 1139 22 20 af
125 1138 41 20 den
187 1138 123 21 nuvarande
332 1138 146 27 pluralitetens
500 1139 163 26 maktställning.
693 1138 42 26 Jag
750 1140 23 18 är
785 1137 123 27 öfvertygad

81 1173 34 14 om
135 1168 30 19 att
180 1166 7 20 i
203 1167 57 21 detta
275 1167 100 21 afseende
390 1167 128 27 farhägorna
534 1170 34 18 äro
586 1167 103 27 betydligt
704 1166 133 21 öfverdrifna.
867 1165 42 21 Det

81 1197 24 18 är
125 1197 30 18 att
177 1196 72 19 märka
271 1198 30 18 att
323 1196 64 19 bland
411 1196 26 20 de
458 1202 106 21 personer,
586 1202 45 14 som
652 1196 33 19 vid
701 1196 26 19 de
743 1197 70 18 senast
828 1194 81 21 skedda

81 1223 254 26 landtdagsmannavalen
356 1230 50 14 voro
422 1224 114 24 uteslutna,
552 1224 60 27 ingär
627 1226 30 19 ett
672 1223 104 27 betydligt
790 1223 57 20 antal
863 1229 45 20 per-

81 1258 63 15 soner
159 1252 48 21 med
223 1259 26 14 en
265 1253 93 20 inkomst
373 1253 49 20 vida
438 1253 156 26 öfverstigande
610 1253 36 20 det
656 1252 68 27 lägsta
734 1251 174 27 inkomstbelopp,

81 1287 45 14 som
150 1281 81 20 fordras
253 1281 32 20 för
306 1281 81 22 valrätt,
409 1281 23 20 sä
453 1283 13 18 t.
484 1287 32 14 ex.
536 1282 3 19 i
555 1281 132 27 Björneborg
705 1283 29 18 ett
754 1280 65 21 70-tal
837 1279 72 28 gärds-

82 1315 68 21 egare,
173 1309 70 21 hvilka
266 1309 41 21 alla
330 1309 70 21 blefve
421 1309 103 22 oberörda
546 1310 20 20 af
582 1309 155 27 censusfrägan.
768 1309 36 20 Uti
820 1315 26 14 en
862 1308 47 20 frän

81 1337 150 22 finsktsinnadt
253 1338 43 20 häll
318 1338 94 27 ingifven
437 1339 95 26 petition,
555 1345 45 14 som
626 1340 57 19 ännu
710 1338 46 21 icke
780 1337 129 26 behandiats,

81 1367 77 20 uttalas
181 1368 63 25 öppet
270 1367 39 20 och
332 1367 173 21 oförbehällsamt
529 1369 29 18 att
581 1367 73 27 frägan
676 1373 34 14 om
729 1372 75 15 census
825 1365 85 20 kräfver

81 1395 106 26 reglering
207 1395 39 21 och
269 1397 30 19 att
319 1395 36 21 det
377 1401 50 15 vore
450 1395 94 27 önskligt
562 1398 30 18 att
608 1395 48 21 »det
676 1395 97 27 politiska
794 1394 113 21 skattöret»

81 1423 68 21 skulle
171 1423 106 27 särskiljas
299 1424 46 20 frän
361 1423 36 21 det
412 1424 144 26 kommunala,
577 1426 23 25 ty
619 1424 60 20 dessa
694 1426 23 18 tu
734 1423 50 20 höra
799 1422 109 27 rätteligen

81 1452 46 20 icke
150 1452 55 26 ihop.
234 1452 50 20 Men
307 1452 100 26 frågorna
427 1453 75 19 härom
524 1453 50 20 böra
593 1452 115 21 behandlas
730 1452 6 20 i
756 1451 153 26 sammanhang

81 1480 49 20 med
146 1480 35 21 det
196 1480 183 27 petitionsförslag,
396 1480 84 21 hvartill
498 1481 25 21 de
539 1481 88 20 hänföra
642 1481 38 25 sig.

149 1508 33 21 Hr
196 1508 54 26 Lille
265 1509 77 20 nämde
358 1511 30 18 att
403 1509 42 20 han
462 1509 70 20 blifvit
548 1509 79 20 bemött
645 1509 21 20 af
684 1509 25 20 hr
724 1508 98 21 Stenroth
835 1507 74 21 endast

81 1537 48 20 med
153 1537 66 21 fraser
234 1537 39 20 och
289 1537 93 21 önskade
398 1537 20 20 fä
435 1544 26 14 en
478 1537 68 28 saklig
561 1537 63 21 kritik
640 1537 21 21 af
675 1537 36 20 sitt
726 1536 113 21 uttalande.
869 1535 41 28 Jag
