1103 1811
195 124 27 21 60
552 118 114 37 Maltskatt.
940 128 27 17 30
978 127 43 21 jan.

196 200 66 20 större
278 198 85 21 komma
379 198 6 20 i
401 198 125 27 åtnjutande
542 198 25 20 af.
598 198 32 20 De
646 198 90 21 behöfva
752 198 98 28 vanligen
867 200 82 20 mindre
965 198 57 22 såväl

196 227 149 27 anläggnings-
356 234 45 14 som
412 226 164 28 rörelsekapital,
587 227 89 21 emedan
684 226 26 28 på
721 227 73 21 landet
804 227 130 29 byggnader,
947 229 76 20 tomter

197 256 38 20 och
257 255 126 21 arbetskraft
398 257 35 19 äro
450 255 48 21 vida
514 255 101 27 billigare,
631 256 117 26 hvarjämte
763 256 131 21 konkurrens
910 258 75 20 nästan
1000 257 23 20 är

197 284 113 21 utesluten.

266 312 42 21 Vid
331 312 143 21 beräknandet
495 312 21 21 af
535 312 123 21 medeltalet
678 313 33 20 för
732 313 82 20 skatten
833 319 64 21 synes
912 320 49 14 man
977 313 46 21 icke

197 341 63 20 hafva
276 341 41 21 fäst
331 341 111 27 tillräcklig
457 341 82 26 hänsyn
556 341 34 21 vid
607 341 35 21 det
657 341 104 28 betydligt
776 341 128 22 förbättrade
915 342 110 21 resultatet

197 370 23 21 år
242 370 55 21 1895
319 370 39 21 och
379 371 29 20 att
430 369 25 22 de
477 369 5 21 i
505 369 133 22 ekonomiskt
660 370 100 21 afseende
781 369 23 22 så
819 377 139 20 ogynsamma
973 371 50 20 åren

199 399 113 20 1893—94
333 398 104 27 betydligt
458 398 112 27 neddragit
584 398 127 21 medeltalet.
742 399 72 27 Enligt
830 399 54 21 hvad
901 399 64 21 redan
982 399 42 20 siff-

198 433 63 15 rorna
282 427 33 21 för
335 427 24 21 år
379 427 55 20 1895
456 427 78 27 antyda
554 427 39 20 och
608 427 66 27 enligt
689 427 55 21 hvad
761 427 116 28 veterligen
893 428 61 21 äfven
972 428 53 20 visat

197 456 32 27 sig
252 456 33 21 för
306 455 23 22 år
348 456 60 27 1896,
424 455 59 22 torde
499 455 118 22 emellertid
632 456 137 21 maltskatten
784 456 74 21 kunna
873 456 104 21 beräknas
993 456 31 21 till

199 485 35 21 det
249 484 88 21 afsedda
353 484 103 28 beloppet,
472 485 89 26 650,000
577 484 67 27 mark,
660 485 61 21 äfven
738 486 50 19 utan
804 485 70 27 någon
890 485 132 28 progression

197 513 7 20 i
220 513 168 28 beskattningen.

268 541 104 28 Slutligen
387 541 38 22 ber
439 542 34 27 jag
489 543 36 24 att,
541 542 6 20 i
564 541 65 22 likhet
644 542 47 21 med
709 542 25 21 hr
748 541 117 28 Frenckell,
881 542 20 21 få
913 541 111 22 framhålla

198 572 30 19 att
249 570 36 21 det
301 570 105 21 förefaller
423 571 43 26 mig
479 569 100 28 tämligen
595 571 68 20 odiöst
679 572 29 19 att
723 571 69 20 införa
808 570 70 22 denna
892 571 133 27 progressiva

199 599 56 21 skatt
276 599 21 20 af
317 599 92 27 följande
431 599 50 20 skäl.
512 599 73 20 Såsom
607 599 21 20 af
650 599 167 27 propositionens
838 599 69 21 siffror
927 599 97 27 framgår,

199 627 70 21 skulle
284 627 7 21 i
307 627 70 21 denna
397 627 95 27 kategori
506 627 70 21 finnas
591 627 75 21 inalles
682 628 53 20 blott
749 628 35 20 nio
801 627 80 28 affärer,
897 627 71 21 hvilka
983 627 42 21 till-

199 657 154 26 sammantaget
374 656 100 20 förbruka
496 656 97 27 omkring
614 657 13 19 3
649 656 98 27 miljoner
769 656 109 28 kilogram.
913 656 29 21 Af
964 656 61 21 dessa

199 684 60 21 torde
275 686 30 20 ett
319 684 54 21 enda
389 684 98 28 bryggeri
502 684 101 21 förbruka
618 685 98 27 omkring
730 684 82 22 hälften
827 685 39 21 och
882 686 29 20 ett
926 684 52 22 eller
990 684 35 21 två

199 713 122 27 ytterligare
337 713 120 27 betydande
472 713 84 27 partier,
572 713 25 21 de
614 713 66 27 öfriga
695 720 39 14 sex
750 713 59 21 torde
825 713 103 28 knappast
940 713 85 21 beröras

199 742 22 20 af
236 742 89 20 skatten.
355 741 41 21 Det
411 742 69 20 skulle
495 742 89 20 sålunda
600 742 65 20 blifva
679 742 186 27 hufvudsakligast
880 744 29 19 ett
923 742 52 20 eller
989 742 34 20 in-

200 770 52 21 alles
274 777 37 20 par
327 770 121 27 bryggerier
464 770 41 20 kan
520 777 49 14 man
586 772 56 25 säga,
657 777 45 14 som
718 770 69 21 skulle
804 770 69 21 betala
888 770 35 21 det
939 770 86 21 afsedda

200 799 132 27 progressiva
348 799 114 26 tillskottet,
479 799 38 20 och
534 799 56 20 detta
606 805 63 20 synes
684 799 44 27 mig
742 799 107 27 värkligen
863 799 72 20 odiöst.
952 798 73 21 Såsom

200 827 131 21 slutresultat
349 827 22 21 af
386 827 36 21 det
437 827 87 21 anförda
540 833 64 21 synes
619 827 44 28 mig
678 827 71 21 därför
763 827 83 28 framgå
861 829 30 19 att
906 827 120 20 införandet

201 856 20 21 af
243 862 26 15 en
291 855 65 21 sådan
371 856 119 27 progressiv
505 856 55 21 skatt
575 856 47 21 icke
637 857 38 20 hos
691 863 34 14 oss
741 858 23 19 är
779 856 21 21 af
815 855 160 22 förhållandena
990 855 35 28 på-

201 884 80 21 kalladt
301 884 116 21 allraminst
438 885 20 20 af
480 884 35 21 det
535 885 119 20 finansiella
674 885 62 27 läget,
752 886 30 19 att
798 884 39 21 den
853 885 47 20 icke
915 886 24 19 är
953 884 73 21 rättvis

201 912 39 21 och
256 914 30 20 att
301 913 35 20 det
351 913 70 21 därför
436 912 46 22 icke
498 912 69 22 finnes
583 913 63 27 något
661 913 45 21 skäl
722 913 33 21 för
770 913 48 21 dess
834 913 115 21 införande.

270 969 33 21 Hr
324 970 156 21 Relander:
518 970 70 20 Täällä
610 976 27 14 on
660 970 44 27 pari
728 970 94 27 puhujaa
844 970 98 20 tahtonut
964 969 63 21 tehdä

202 998 143 22 uskottavaksi
361 1000 42 20 että
418 1000 56 19 tämä
489 998 109 22 ehdotettu
614 998 177 28 progressiivinen
806 1000 85 19 verotus
905 998 121 27 mallasjuo-

201 1027 62 22 mista
285 1027 46 21 olisi
352 1027 194 21 raittiusmieliseltä
567 1027 156 21 näkökannalta
746 1027 192 27 puolustettavissa.
968 1026 58 21 Minä

201 1056 119 27 puolestani
335 1056 56 27 juuri
407 1056 196 21 raittiusmieliseltä
618 1056 158 21 näkökannalta
791 1055 74 27 yhdyn
881 1055 73 27 niihin,
968 1055 59 27 jotka

201 1087 129 19 vastustavat
351 1086 42 19 tätä
414 1084 122 21 ehdotettua
557 1086 122 25 määräystä.
710 1084 52 21 Sillä
782 1084 32 27 jos
829 1084 143 21 luonnollisen
988 1083 38 21 kil-

200 1113 73 27 pailun
295 1113 72 21 kautta
389 1113 105 21 saataisiin
517 1115 62 19 nämä
600 1113 206 21 maalaisvitsaukset
826 1113 134 27 loppumaan,
981 1112 45 20 niin

201 1142 47 20 sillä
264 1141 46 21 olisi
326 1142 83 20 erittäin
426 1142 55 26 hyvä
497 1142 95 27 palvelus
608 1142 57 26 tehty
682 1142 84 20 meidän
778 1141 248 21 maalaiskunnillemme.

201 1170 103 21 Niinkuin
323 1170 99 27 jokainen
444 1170 69 28 tietää,
536 1171 42 20 niin
601 1170 92 21 melkein
714 1170 102 28 jokainen
836 1170 155 21 maalaiskunta
1005 1170 21 26 jo

200 1199 71 27 pyrkii
286 1200 125 26 pääsemään
427 1199 196 26 olutmyymälöistä
637 1200 21 25 ja
673 1200 114 19 useimmat
802 1198 81 21 kunnat
896 1200 48 19 ovat
954 1198 73 21 kieltä-

200 1229 50 19 neet
273 1227 174 27 oluenmyynnin,
470 1228 64 20 missä
557 1230 48 18 ovat
630 1228 84 21 voineet
738 1233 37 15 sen
799 1227 69 21 tehdä.
898 1227 129 20 Ainoastaan

201 1256 140 27 olutpanimot
365 1259 50 18 ovat
435 1256 119 21 oikeutetut
576 1256 81 21 vastoin
679 1256 89 21 kuntien
790 1255 101 28 lupaakin
913 1256 114 26 myymään

201 1285 73 20 olutta.
305 1285 107 20 Tahtoisin
433 1285 117 27 puolestani
573 1285 56 27 juuri
652 1285 80 21 ulottaa
753 1286 70 19 tämän
846 1283 182 22 kielto-oikeuden

201 1315 62 25 myös
279 1313 180 27 olutpanimoihin.

271 1370 153 21 Diskussionen
445 1370 130 21 förklarades
597 1371 84 20 härmed
698 1370 99 27 afslutad,
813 1370 107 21 hvarefter
935 1369 41 22 den
992 1369 37 21 nä-

202 1399 49 27 diga
263 1399 162 27 propositionen,
435 1399 6 20 i
452 1399 94 27 enlighet
556 1399 48 20 med
618 1399 245 21 talmanskonferensens
878 1397 153 22 ofvananförda

203 1427 83 28 förslag,
303 1427 145 21 remitterades
469 1427 31 21 till
522 1427 137 28 bevillnings-
675 1428 39 20 och
730 1427 167 27 statsutskotten,
913 1427 117 26 hvarjämte

202 1456 198 27 protokollsutdrag,
412 1456 146 20 innefattande
574 1456 40 20 den
631 1456 149 27 försiggängna
796 1456 156 26 diskussionen,
962 1455 69 20 skulle

203 1484 231 27 bevillningsutskottet
449 1484 175 21 tillhandahällas.
