1103 1811
76 143 13 17 &
103 142 51 18 febr.
326 143 97 17 Svenska
435 144 39 16 och
486 143 70 18 finska
567 144 97 20 språken.
881 138 28 21 79

145 211 118 27 Föredrogs
283 212 36 20 vid
338 214 83 19 senaste
439 212 88 28 plenum
543 212 116 27 bordlagda
673 212 236 28 petitionsmemorialet

77 246 34 14 n:o
128 240 19 27 2,
162 240 169 22 undertecknadt
343 240 22 21 af
376 240 35 21 hrr
422 241 103 21 Heikel
537 247 28 14 m.
577 240 28 27 fl.,
615 247 35 14 om
663 240 103 23 svenska
778 242 40 20 och
828 241 80 23 finska

75 268 118 28 spräkens
209 268 158 22 likställande
382 269 36 21 vid
433 269 117 22 domstolar
564 269 40 21 och
619 269 139 21 ämbetsvärk.

148 297 30 20 Pä
190 297 129 20 anhällan
297 293 27 36 af
330 298 37 19 hrr
380 297 203 27 Wiljakainen
599 298 40 20 och
654 297 98 22 Idman
765 298 43 21 blef
818 298 90 21 ärendet

76 325 118 22 emellertid
205 325 121 28 ytterligare
342 325 112 28 bordlagdt
468 326 32 21 till
516 327 60 20 nästa
592 326 93 27 plenum.

143 496 117 27 Föredrogs
283 497 231 27 petitionsmemorialet
536 504 35 14 n:o
595 498 19 27 3,
637 497 169 22 undertecknadt
828 498 21 21 af
868 499 38 20 hrr

74 524 167 28 Herckman,
262 525 136 21 Killinen
419 526 39 20 och
479 525 143 28 Kyander,
642 526 146 21 innefattande
804 527 99 21 anhällan

75 560 33 14 om
131 553 64 28 nådig
216 554 129 27 proposition
367 554 109 27 angående
492 555 92 27 ändring
598 555 22 20 af
635 555 103 20 särskilda
754 555 27 27 8$
796 555 7 21 i
818 555 22 22 L.
857 555 23 22 O.
896 557 6 20 i

74 582 56 26 syfte
145 584 30 19 att
189 582 22 21 ät
225 582 92 22 kvinna.
331 583 123 27 medgäfves
469 589 81 16 samma
566 583 99 27 valrätt,
681 589 46 15 som
742 584 67 26 enligt
823 585 82 27 grund-

74 610 35 28 lag
124 610 129 22 tillkommer
268 617 55 15 man.

141 668 34 20 Hr
196 668 168 27 Herckman,
379 674 46 15 som
435 668 96 28 uppläste
542 669 238 27 petitionsmemorialet,
791 670 71 21 anhöll
872 672 33 19 att

74 696 117 22 detsamma
205 696 66 22 mätte
285 697 118 21 remitteras
419 697 31 21 till
464 697 145 27 lagutskottet.

141 754 34 20 Hr
195 754 206 27 Schybergson
423 754 71 21 anhöll
516 761 34 15 om
566 754 61 22 ordet
642 755 39 21 och
696 755 95 27 yttrade:
820 755 43 22 Det
878 758 23 19 är

73 789 25 14 en
115 782 80 27 ganska
211 782 134 28 egendomlig
360 782 128 28 tillfällighet
503 785 30 18 att
548 783 71 21 denna
633 784 89 27 petition
734 784 46 20 från
792 790 110 21 represen-

72 813 97 19 tanterna
189 811 27 27 pä
237 811 180 27 Kuopio-bänken
437 811 114 28 föreligger
566 811 32 22 till
613 812 158 27 handläggning
786 813 57 20 inom
860 813 41 21 den

71 839 70 21 finska
161 840 193 27 representationen
377 846 80 15 samma
479 840 41 27 dag
541 847 46 14 som
602 840 136 28 tidningarna
752 841 99 21 meddela
866 848 36 14 oss

73 868 168 21 underrättelsen
257 875 34 14 om
307 870 30 19 att
351 868 36 21 det
402 869 101 27 engelska
518 869 132 21 underhuset
664 869 39 21 har
718 869 107 22 tillerkänt
839 869 62 22 kvin-

73 903 41 14 nan
131 898 124 25 rösträtt,
238 893 12 35 —
263 897 46 20 icke
317 897 110 21 valbarhet
434 909 28 3 —
470 897 34 21 vid
513 897 99 27 politiska
620 898 40 20 val.
675 897 42 21 Det
724 900 23 18 är
754 899 24 19 sä
784 898 48 21 med
843 901 57 19 stora

72 925 59 21 idéer
151 927 30 19 att
202 925 26 21 de
249 925 86 21 komma
355 932 43 20 upp
419 926 109 27 samtidigt
548 926 27 28 pä
596 926 56 21 olika
670 926 49 27 håll,
734 933 49 14 men
799 933 34 14 om
848 933 51 15 man

72 954 70 20 denna
157 953 57 27 gäng
228 954 38 26 gär
281 954 32 20 till
328 960 26 14 en
370 954 160 28 undersökning
546 955 21 20 af
582 954 72 27 saken,
669 954 23 21 sä
707 955 53 21 skall
775 962 49 14 man
840 955 60 21 finna

72 984 30 19 att
123 982 78 21 tanken
222 982 27 28 pä
265 982 56 21 detta
337 984 46 26 steg
397 983 7 20 i
419 983 76 27 själfva
511 983 73 21 värket
598 984 39 20 har
652 983 85 21 uttalats
752 984 38 20 här
804 984 7 20 i
826 984 74 21 landet

71 1011 90 27 tidigare
182 1012 26 20 än
231 1017 30 14 nu
282 1011 7 20 i
310 1010 103 28 England.
442 1011 69 21 Fallet
526 1018 38 14 var
579 1014 30 18 att
624 1012 65 21 redan
705 1012 55 21 1890
775 1012 27 28 pä
817 1012 82 28 hösten,

71 1039 26 27 pä
113 1040 29 20 tal
157 1046 35 14 om
208 1039 99 21 eventuel
322 1040 123 27 förändring
460 1040 22 21 af
496 1042 113 19 rösträtten
620 1040 7 21 i
638 1040 179 28 borgareständet,
828 1041 72 21 denna

71 1068 64 21 tanke
149 1068 43 22 fick
207 1068 86 26 uttryck
307 1068 8 20 i
331 1074 26 15 en
373 1068 74 21 artikel
462 1068 7 21 i
485 1068 49 28 Nya
548 1069 97 27 Pressen,
660 1069 86 21 hvilken
759 1070 65 20 sedan
835 1070 64 20 ocksä

70 1096 129 22 relaterades
219 1097 7 20 i
248 1096 27 22 en
296 1097 87 27 engelsk
404 1097 98 27 tidskrift,
520 1098 107 26 nämligen
643 1098 148 27 Forthnightly
805 1098 92 21 Review.

70 1124 33 22 De
125 1125 63 21 ärade
211 1125 163 27 petitionärerna
396 1126 62 20 hafva
481 1128 70 19 ansett
573 1126 92 27 behöflig
687 1132 26 15 en
736 1126 86 27 mycket
842 1126 57 28 läng,

70 1154 86 26 mycket
171 1154 99 21 historisk
285 1154 40 21 och
339 1154 86 27 mycket
438 1155 137 27 psykologisk
586 1155 126 27 utläggning
728 1155 32 21 för
770 1157 30 19 att
812 1155 85 21 komma

70 1182 32 21 till
123 1183 36 20 det
180 1182 94 27 resultat,
295 1183 60 20 hvari
377 1183 60 21 deras
458 1184 89 26 petition
562 1183 72 21 slutar.
663 1183 42 21 För
720 1184 44 27 mig
779 1184 72 20 ställer
865 1184 34 27 sig

70 1211 66 20 saken
157 1211 96 27 oändligt
273 1211 68 21 enkel.
371 1211 42 21 Det
433 1211 69 21 finnes
518 1211 130 28 fullkomligt
663 1218 81 15 samma
758 1211 140 28 synpunkter,

70 1246 45 14 som
131 1239 42 21 tala
188 1239 33 21 för
236 1239 105 21 kvinnans
355 1241 42 20 rätt
411 1242 30 19 att
456 1240 85 27 deltaga
556 1241 6 20 i
578 1240 98 27 politiska
692 1240 33 21 val
741 1247 44 14 som
801 1241 33 20 för
845 1240 52 21 hen-

70 1274 37 15 nes
129 1270 40 19 rätt
190 1270 30 19 att
241 1268 83 27 deltaga
345 1268 7 21 i
367 1268 26 21 de
413 1269 139 20 kommunala
567 1269 68 27 valen,
650 1275 49 15 men
716 1269 99 28 åtgärden
831 1269 66 20 borde

70 1297 54 21 dock
139 1297 126 20 inskränkas
280 1297 31 20 till
327 1297 85 27 kvinna,
427 1304 45 14 som
487 1297 84 28 intager
586 1297 40 21 den
643 1297 101 28 ställning
758 1298 7 20 i
780 1297 117 27 samhället,

69 1327 30 19 att
119 1325 43 21 hon
184 1325 66 28 enligt
271 1325 278 28 kommunalförfattningen
563 1326 39 21 har
616 1328 42 19 rätt
672 1328 30 19 att
718 1326 82 27 deltaga
815 1326 7 21 i
837 1326 60 21 kom-

69 1354 87 21 munala
172 1354 40 27 val,
226 1354 43 21 och.
281 1354 70 21 denna
366 1354 156 28 inskränkning
536 1361 64 20 synes
615 1355 45 26 mig
674 1355 163 27 petitionärerna
849 1355 48 20 icke

68 1383 64 20 hafva
146 1382 103 27 iakttagit.
265 1382 55 21 Från
335 1383 44 21 min
395 1383 111 27 synpunkt
520 1383 53 27 sedt,
589 1383 67 21 ehuru
673 1383 103 21 måhända
792 1383 46 21 icke
848 1383 48 20 från

69 1411 26 21 de
111 1411 62 20 ärade
189 1411 181 28 petitionärernas,
385 1411 69 21 finnes
469 1411 65 22 också
549 1418 27 15 en
592 1418 70 15 annan
679 1412 160 27 omständighet,
850 1418 46 14 som

68 1440 54 21 talar
137 1439 32 21 för
183 1440 123 27 petitionen.
335 1440 42 27 Jag
391 1440 54 21 tillät
459 1441 45 27 mig
520 1440 35 21 vid
570 1442 84 19 senaste
669 1439 106 29 landtdag,
791 1441 27 20 dä
833 1447 26 14 en
875 1440 23 20 af

69 1468 60 21 dessa
151 1468 194 27 kvinnopetitioner
364 1468 136 28 framträdde,
521 1471 31 19 att
572 1472 44 18 mot
631 1469 139 27 petitionären
786 1468 110 21 framhälla

67 1497 104 20 hurusom
187 1496 36 21 det
237 1496 47 21 icke
300 1504 37 13 var
352 1496 69 27 nägon
438 1497 144 21 demokratisk
598 1497 43 27 sak,
654 1497 32 20 för
695 1497 85 21 hvilken
791 1498 41 19 han
844 1503 53 20 upp-

67 1525 80 27 trädde,
163 1525 90 21 emedan
269 1525 47 21 hela
332 1525 69 21 denna
417 1525 59 28 fräga
492 1527 23 19 är
530 1532 27 14 en
568 1525 59 28 fräga
638 1525 74 22 endast
726 1532 34 15 om
770 1525 94 21 kvinnan
875 1525 22 20 af
