1103 1811
202 134 43 21 404
430 139 72 17 Skada
513 139 33 17 till
558 138 52 22 följd
622 138 24 18 af
654 138 160 22 järnvägsdrift.
949 139 13 17 9
974 142 62 14 mars.

197 208 45 21 -där
264 208 36 20 det
321 214 60 15 reser
402 207 118 28 högtstälda
544 214 107 20 personer,
674 207 84 21 hvilkas
780 206 99 28 familjer,
900 207 45 21 ifall
959 208 76 20 fadern

202 236 53 22 fölle
278 236 79 28 undan,
380 236 68 21 skulle
473 236 116 21 framställa
615 236 87 26 mycket
729 236 55 27 höga
810 235 225 28 ersättningsanspräk.

202 264 83 22 Sådant
306 264 39 21 bör
366 265 47 21 icke
436 264 66 28 enligt
524 265 44 20 min
590 265 88 27 mening
694 264 82 21 drabba
790 264 132 28 järnvägen.
941 265 42 27 Jag
998 264 37 21 vill

203 294 78 25 därför,
296 293 45 20 ifall
356 293 47 21 icke
419 300 26 14 en
460 293 148 27 omarbetning
619 293 21 20 af
650 292 138 28 lagförslaget
798 293 67 27 enligt
875 293 36 20 det
920 293 114 28 lindrigare

205 323 102 26 systemet
323 327 50 22 eger
387 328 54 21 rum,
456 321 92 22 förkasta
564 321 123 22 detsamma.

273 377 34 22 Hr
321 378 139 21 Jansson:
483 378 41 27 Jag
540 378 34 21 vill
591 378 7 21 i
614 378 117 27 anledning
746 378 22 21 af
783 378 25 21 hr
823 378 114 27 Federleys
952 380 83 19 senaste

205 407 99 27 yttrande
325 407 74 21 endast
416 407 112 21 framhålla
548 409 30 18 att
598 407 48 20 mitt
666 407 100 21 omdöme
782 413 35 14 om
833 407 202 27 statsjärnvägarnas

206 434 108 23 bristande
333 435 113 22 liberalitet
460 436 8 20 i
482 435 59 28 fråga
562 442 35 14 om
619 435 210 28 skadeersättningar
851 435 47 21 icke
913 436 75 20 hänför
1003 435 32 28 sig

205 464 76 21 endast
295 464 33 21 till
343 464 26 21 de
385 464 43 27 fall,
443 464 27 21 dä
484 464 116 27 järnvägen
615 464 27 27 pä
658 464 107 27 möjligast
780 463 76 28 tränga
871 465 40 20 sätt
923 463 66 22 tolkat
1000 464 35 21 sitt

205 493 136 27 reglemente.
364 493 57 20 Ifrän
437 493 153 21 domstolarnas
606 493 86 20 omräde
708 493 38 20 har
760 493 37 26 jag
812 493 44 27 mig
871 492 78 21 bekant
964 499 26 14 en
1000 492 35 21 hel

205 521 79 28 mängd
305 521 44 27 fall,
371 521 26 21 dä
417 521 8 21 i
445 521 59 27 fräga
524 527 36 15 om
581 521 82 27 skador,
685 527 47 15 som
749 521 117 27 järnvägen
888 521 64 21 vällat
967 523 68 19 utom-

206 550 88 21 stäende
309 556 56 21 man,
381 550 48 21 med
445 550 85 21 hvilken
547 549 40 22 den
603 549 47 21 icke
665 550 57 27 gjort
734 550 165 27 transportaftal,
910 556 26 15 en
947 556 88 21 synner-

205 579 58 27 ligen
284 578 91 21 illiberal
395 579 136 27 uppfattning
546 585 34 14 om
596 578 106 27 plikterna
718 581 45 18 mot
776 578 143 21 allmänheten
934 579 55 27 gjort
1003 579 33 27 sig

206 606 108 28 gällande;
333 607 40 21 och
387 607 67 21 mäste
469 607 35 27 jag
520 606 70 21 därför
612 613 93 21 upprepa
722 608 30 19 att
766 607 117 27 järnvägen
899 606 77 28 kryper
990 607 46 21 dels

207 635 77 21 bakom
299 635 140 27 reglementet
453 636 39 20 och
508 635 45 21 dels
568 635 78 21 bakom
661 635 201 27 ofullständigheter
876 636 7 20 i
899 635 37 21 vär
950 642 30 14 nu
992 635 43 27 gäl-

206 664 64 21 lande
286 664 40 27 lag.
356 664 33 21 Hr
403 664 102 27 Nybergh
519 664 54 20 hade
589 664 106 27 uppfattat
709 664 45 27 mig
769 666 47 18 rätt.

274 721 33 21 Hr
329 720 88 22 Lille:
450 720 33 22 Hr
504 720 113 28 Nyberghs
640 722 84 20 senaste
748 721 137 27 andragande
907 728 63 20 synes
993 721 44 27 mig

207 749 68 21 bättre
297 752 27 18 än
346 749 116 27 nägonting
483 751 65 19 annat
569 750 45 20 visa
635 751 30 19 att
680 749 43 21 den
738 749 36 27 lag
789 750 37 20 här
842 751 23 19 är
879 750 119 27 föreslagen
1014 752 23 18 är

207 778 33 20 för
262 778 62 27 tidigt
347 778 67 21 väckt.
443 778 50 20 Han
513 778 119 26 medgifver
654 780 30 18 att
705 778 22 20 vi
742 778 48 21 icke
806 778 90 21 behöfva
911 778 70 21 denna
995 778 41 27 lag,

208 813 35 14 om
265 807 21 20 vi
308 813 22 14 se
348 806 27 27 pä
390 806 80 21 antalet
485 806 117 27 olycksfall,
618 812 45 15 som
679 806 37 21 ske
733 806 27 27 pä
775 807 196 27 statsjärnvägarna,
987 813 49 14 men

208 841 63 14 anser
286 837 31 19 att
331 835 21 20 vi
367 835 49 21 med
432 835 35 21 det
482 836 56 19 stora
552 835 58 20 antal
626 835 142 26 privatbanor,
779 841 46 14 som
835 835 129 28 planläggas,
974 835 63 21 hafva

207 865 31 19 att
253 863 71 21 frukta
339 863 117 28 olycksfall,
472 863 26 21 de
513 863 37 21 där
565 863 74 21 kunna
656 865 60 25 växa,
732 864 40 20 och
788 865 30 19 att
830 864 22 20 vi
864 863 70 22 därför
947 864 90 21 behöfva

208 898 27 14 en
256 892 41 27 lag,
319 899 46 13 som
386 892 65 20 redan
474 891 26 27 pä
520 892 90 20 förhand
626 892 135 20 säkerställer
776 898 34 14 oss
824 894 46 19 mot
884 899 26 13 en
925 893 50 26 fara,
991 898 46 15 som

208 920 246 28 privatjärnvägsdriften
471 920 40 21 kan
527 920 86 21 komma
628 922 30 19 att
673 920 102 21 medföra.
798 920 27 20 Vi
835 920 68 22 skulle
914 921 53 21 altsä
976 920 61 22 ställa

209 955 34 14 oss
259 949 72 27 afvogt
345 950 56 20 emot
417 948 61 22 dessa
492 948 141 28 privatbanor,
648 949 72 21 hvilka
736 949 20 20 vi
773 948 42 22 alla
830 949 66 21 önska
906 949 39 21 och
955 949 82 21 hvilkas

209 977 110 27 betydelse
341 978 34 20 för
397 977 57 21 detta
474 977 60 21 lands
555 977 139 21 ekonomiska
712 977 126 28 utveckling
853 978 64 27 ingen
932 978 104 21 förnekar.

209 1006 28 20 Vi
257 1006 68 21 skulle
344 1006 89 20 sälunda
448 1008 50 25 säga
512 1006 22 20 ät
548 1006 26 20 de
590 1008 56 25 män,
661 1012 45 15 som
724 1006 64 21 hafva
803 1006 33 21 för
850 1006 63 21 afsikt
928 1008 30 19 att
972 1006 65 21 inläta

209 1034 32 28 sig
256 1034 27 28 pä
298 1034 61 22 dessa
375 1034 109 28 vanskliga
499 1034 91 28 företag:
614 1034 74 21 härfä
703 1035 23 20 ni
741 1041 81 21 pengar
833 1034 69 22 säsom
920 1035 115 21 understöd

209 1063 33 21 för
265 1063 56 21 detta
344 1063 83 27 nyttiga
448 1063 86 27 företag,
556 1070 50 14 men
629 1070 45 14 som
697 1063 22 21 vi
744 1063 72 21 frukta
834 1065 30 19 att
886 1064 22 20 ni
930 1065 35 19 äro
981 1065 56 19 stora

209 1092 90 20 slarfvar
316 1092 7 20 i
339 1092 58 26 fräga
419 1098 34 14 om
468 1092 93 20 skötseln
584 1092 22 20 af
628 1098 35 14 era
679 1092 72 27 banor,
767 1092 24 20 sä
806 1092 60 20 skola
880 1092 21 20 vi
916 1092 7 20 i
939 1092 40 21 alla
994 1092 43 27 fall,

209 1120 8 20 i
236 1120 103 21 händelse
361 1120 112 27 olycksfall
494 1122 52 19 utan
568 1122 33 19 ert
623 1120 132 22 förhällande
778 1120 90 27 inträffa,
883 1120 56 22 stifta
955 1127 26 15 en
996 1120 41 28 lag,

209 1156 46 14 som
277 1149 90 21 innebär
387 1149 136 27 möjligheten
544 1151 30 19 att
590 1149 36 21 det
640 1148 63 28 bolag
719 1149 23 21 ni
757 1149 68 21 bildat
840 1149 66 21 måste
922 1149 26 27 gå
963 1149 74 21 under.

209 1177 42 22 Det
273 1180 24 18 är
319 1178 52 20 visst
392 1179 47 19 sant
460 1179 30 19 att
510 1178 126 26 statistiken,
654 1178 70 20 såsom
740 1178 26 20 hr
780 1178 61 27 Hjelt
856 1179 65 26 säger,
937 1178 56 21 visar
1008 1180 30 19 att

209 1206 228 27 järnvägsolyckornas
459 1206 57 20 antal
536 1206 54 21 varit
612 1206 24 20 sä
658 1206 51 27 litet,
733 1208 31 19 att
782 1206 21 21 vi
818 1206 47 21 icke
882 1206 88 21 behöfva
985 1207 53 26 hysa

209 1235 87 20 fruktan
312 1241 25 14 ur
352 1234 124 21 ekonomisk
491 1234 109 27 synpunkt
615 1236 31 19 att
660 1234 99 21 ähvälfva
775 1234 27 21 de
815 1235 81 26 privata
907 1235 94 21 banorna
1011 1241 27 15 en

210 1265 67 19 större
293 1263 134 27 ansvarighet
450 1264 26 19 än
499 1263 98 26 gällande
619 1263 35 27 lag
671 1263 34 21 för
719 1263 135 21 närvarande
870 1263 89 27 stadgar.
987 1263 51 21 Men

211 1297 35 15 om
267 1291 40 22 ock
325 1291 57 21 detta
404 1291 54 21 varit
478 1291 64 28 fallet,
563 1291 23 21 sä
607 1291 102 21 behöfves
728 1291 36 22 det
779 1291 13 21 ä
806 1291 67 22 andra
887 1291 61 22 sidan
963 1292 76 21 endast

211 1321 30 20 ett
261 1322 66 19 större
349 1319 111 27 olycksfall
481 1320 32 21 för
533 1321 30 20 att
580 1320 8 20 i
606 1320 135 21 ekonomiskt
756 1320 102 21 afseende
872 1320 86 21 ruinera
973 1322 29 19 ett
1017 1320 22 21 af

211 1349 61 20 dessa
288 1348 45 21 smä
348 1348 81 27 privata
443 1349 187 26 järnvägsföretag,
646 1349 77 27 hvilka,
739 1349 21 20 vi
771 1349 61 20 skola
842 1348 79 28 hoppas
932 1349 41 27 det,
983 1349 55 21 dock

211 1377 60 21 skola
285 1377 86 21 komma
385 1377 32 20 till
432 1377 66 21 ständ.
520 1377 28 20 Vi
562 1377 92 21 behöiva
669 1377 75 21 endast
759 1377 65 21 tänka
839 1383 35 15 oss
883 1379 30 20 att
923 1384 27 15 en
961 1383 78 27 person

211 1405 32 21 till
265 1405 52 28 följd
339 1405 21 21 af
382 1407 29 20 ett
427 1405 111 27 olycksfall
553 1405 12 21 å
579 1406 89 27 järnväg
683 1406 71 21 träffas
770 1406 22 21 af
807 1406 76 27 döden,
898 1412 26 15 en
939 1412 78 21 person
1031 1406 8 21 i

211 1434 42 21 den
276 1434 200 27 samhällsställning
498 1436 30 19 att
549 1434 54 21 hans
625 1434 117 21 inkomster
765 1435 55 27 stiga
842 1423 41 32 till
891 1437 30 19 ett
936 1435 51 21 eller
1002 1441 37 20 par

211 1463 123 21 tiotusental
356 1463 65 20 mark.
451 1463 121 27 Järnvägen
595 1465 23 18 är
641 1463 26 20 dä
689 1463 87 27 skyldig
794 1465 30 19 att
839 1463 56 21 hälla
910 1463 52 21 hans
977 1463 62 21 efter-

210 1490 100 21 Jefvande
327 1490 111 21 skadelösa
452 1491 27 27 pä
494 1493 29 18 ett
538 1490 75 21 sädant
628 1492 46 26 sätt,
689 1494 31 18 att
735 1491 42 21 den
795 1492 138 20 ekonomiska
948 1491 91 21 effekten

211 1519 21 20 af
247 1519 54 21 hans
316 1519 125 21 arbetskraft
456 1520 7 20 i
479 1519 35 21 det
529 1519 117 28 väsentliga
662 1519 40 21 blir
717 1521 71 20 ersatt.
811 1519 64 22 Detta
890 1520 48 21 sker
948 1519 34 21 väl
992 1520 47 21 icke
