1103 1811
77 148 22 16 13
112 147 59 21 april.
316 147 130 16 Ständernas
459 147 202 21 auktionsmonopol.
862 142 41 20 665

144 215 11 21 I
170 217 77 19 tvänne
269 215 31 21 till
320 215 84 21 ståndet
419 215 92 21 anlända
526 216 123 20 skrifvelser
663 216 126 21 meddelade
805 216 43 28 lag-
864 217 39 20 och

77 244 209 22 ekonomiutskottet:

145 280 30 19 att
195 278 112 21 utskottets
328 278 78 27 förslag
430 278 30 20 till
477 278 208 27 sammanjämkning
700 278 22 21 af
736 278 101 22 ståndens
852 279 51 21 skil-

76 307 79 27 jaktiga
178 306 69 21 beslut
267 307 34 20 vid
325 306 157 27 behandlingen
502 307 21 20 af
539 307 113 20 utskottets
668 307 134 21 betänkande
818 314 34 14 n:o
869 308 11 19 1
896 307 7 20 i

77 335 115 27 anledning
211 335 21 20 af
252 335 77 27 nådiga
349 335 158 27 propositionen
526 342 34 13 n:o
577 336 11 19 5
605 335 109 27 angående
730 335 173 28 upphäfvande

77 363 28 22 af
124 363 125 22 städernas
272 363 233 28 auktionsmonopol
528 363 70 22 blifvit
620 364 21 20 af
663 364 97 27 samtliga
776 364 60 21 stånd
852 364 51 28 god-

77 393 74 26 kändt;
167 394 55 19 samt

146 429 30 18 att
199 426 111 21 utskottets
331 426 78 27 förslag
432 427 31 20 till
479 427 207 27 sammanjämkning
701 427 22 20 af
738 427 101 21 ståndens
854 427 50 21 skil-

77 455 78 27 jaktiga
178 455 69 20 beslut
270 455 35 20 vid
328 455 156 27 behandlingen
500 455 21 21 af
542 455 112 22 utskottets
669 455 133 22 betänkande
819 462 33 15 n:o
869 457 12 19 2
897 455 6 20 i

78 484 115 27 anledning
210 484 21 20 af
246 483 77 28 nådiga
339 484 157 27 propositionen
512 491 34 14 n:o
563 485 26 20 13
606 484 109 27 angående
731 486 40 19 rätt
786 487 30 18 att
832 484 72 21 utöfva

78 512 209 28 pantlånerörelse
303 512 69 21 såsom
389 513 52 26 yrke
457 513 69 20 blifvit
542 513 21 20 af
578 515 30 18 tre
625 513 60 20 stånd
702 513 135 21 oförändradt
853 513 51 27 god-

78 541 74 22 kändt;
168 541 85 21 hvarför
268 541 38 21 och
323 541 26 20 då
361 541 156 21 ständerbeslut
530 541 6 20 i
549 541 61 21 dessa
621 541 93 21 ärenden
725 541 82 22 således
818 541 87 27 förelåg,

78 570 154 27 handlingarna
247 570 150 21 öfverlämnats
412 569 31 21 till
459 570 243 27 expeditionsutskottet.

147 752 54 22 Från
225 753 44 27 lag-
291 753 39 21 och
353 753 211 21 ekonomiutskottets
588 754 66 20 andra
675 754 109 26 afdelning
799 754 53 20 hade
868 760 36 14 an-

79 782 89 20 kommit
190 788 27 14 en
239 782 117 25 skrifvelse,
378 782 59 20 hvari
459 782 137 21 meddelades
619 784 30 19 att
670 782 135 27 afdelningen
824 782 32 21 till
872 782 32 21 sin

80 810 125 21 ordförande
221 812 64 19 utsett
300 810 177 21 bankdirektören
494 810 81 21 Leon.
592 817 46 14 von
656 811 102 20 Pfaler.

147 999 68 20 Bland
236 999 93 21 ståndets
351 999 138 21 medlemmar
510 1000 54 20 hade
581 1000 91 20 utdelats
688 1000 39 20 och
743 1000 111 21 bordlades
870 1000 31 20 till

80 1027 64 21 första
159 1028 86 27 plenum
261 1028 53 20 efter
327 1028 59 26 påsk:

149 1090 163 21 statsutskottets
328 1090 132 22 betänkande
476 1098 34 14 n:o
528 1092 12 20 3
556 1091 6 20 i
576 1092 115 26 anledning
701 1092 22 20 af
733 1092 102 21 särskilda
846 1092 57 21 inom

80 1119 154 21 bondeståndet
256 1119 74 21 väckta
346 1120 178 27 petitionsförslag
540 1126 33 14 om
590 1120 230 28 skatteförmedling
836 1121 68 21 inom

80 1147 76 27 Nagu,
178 1147 81 28 Korpo
276 1147 46 22 och
337 1147 137 23 Houtskärs
490 1148 105 22 socknar
610 1149 63 21 samt
688 1148 76 23 Kustö
781 1149 83 28 kapell
880 1149 27 22 af

79 1176 129 27 Egentliga
223 1176 106 22 Finland
345 1176 126 22 äfvensom
484 1176 189 23 Muonionniska
690 1178 90 22 socken
792 1178 27 22 af
827 1178 76 28 Lapp-

79 1204 114 22 markens
209 1204 89 27 härad;

148 1267 43 27 lag-
211 1268 39 20 och
271 1267 212 22 ekonomiutskottets
502 1269 79 27 förslag
603 1268 30 21 till
658 1269 207 27 sammanjämkning
884 1269 21 20 af

80 1295 99 22 ståndens
201 1296 119 27 skiljaktiga
344 1297 69 21 beslut
436 1297 35 20 vid
495 1297 157 27 behandlingen
669 1297 20 21 af
704 1298 112 21 utskottets
833 1297 72 21 betän-

80 1324 69 21 kande
172 1331 33 14 n:o
222 1325 12 20 3
249 1325 7 20 i
272 1325 115 27 anledning
402 1325 21 21 af
438 1325 77 28 nådiga
531 1327 160 26 propositionen
707 1333 33 14 n:o
757 1327 27 20 18
799 1326 49 21 med
864 1327 41 20 för-

79 1353 46 26 slag
139 1353 32 20 till
186 1353 124 27 förordning
325 1354 110 27 angående
450 1354 84 27 intrång
550 1355 6 20 i
572 1355 138 27 patenträtt
726 1358 54 18 samt
796 1362 34 13 om
842 1357 63 19 rätte-

79 1381 56 27 gång
149 1382 7 19 i
171 1381 43 21 mål
229 1382 89 21 rörande
337 1384 84 25 patent;

149 1439 168 21 bankutskottets
340 1440 78 27 förslag
440 1440 7 20 i
470 1440 116 27 anledning
602 1441 21 20 af
638 1441 123 20 ständernas
785 1440 120 27 skiljaktiga

81 1467 68 21 beslut
164 1467 36 20 vid
215 1467 158 27 behandlingen
388 1468 21 20 af
425 1468 112 21 utskottets
553 1468 134 21 betänkande
702 1476 34 13 n:o
749 1469 29 20 1i
789 1468 116 26 anledning

80 1496 21 20 af
122 1496 77 25 nådiga
214 1496 157 27 propositionen
386 1503 35 14 n:o
438 1497 25 20 10
480 1504 34 13 om
530 1497 80 20 ändrad
627 1497 80 26 lydelse
724 1498 20 19 af
759 1497 103 21 särskilda
879 1497 26 26 $$
