1103 1811
190 146 41 20 540
541 144 129 33 Banklagen.
919 152 27 16 30
958 156 61 12 mars.

189 219 50 21 fullt
254 220 39 20 och
309 220 77 27 tydligt
401 220 50 27 klar,
466 222 31 19 att
512 226 49 14 man
574 220 47 21 icke
633 222 66 25 gärna
712 220 42 20 kan
767 220 77 26 begära
855 220 72 21 bättre.
951 220 68 21 Slutet

190 248 21 20 af
233 248 72 21 denna
327 249 128 20 reservation
479 255 34 14 n:o
534 249 12 20 2
564 248 120 22 innehäller
699 250 31 19 att
745 250 99 20 senatens
859 248 159 28 ifrägavarande

191 276 72 27 ätgärd
280 283 37 14 var
332 277 121 21 välbetänkt
468 279 54 19 samt
536 277 55 21 hade
606 278 47 20 stöd
668 278 8 20 i
692 277 132 27 banklagens
839 277 55 21 anda
909 278 39 20 och
958 277 61 27 syfte,

190 311 49 14 men
262 305 38 20 där
320 305 69 21 finnes
409 305 111 28 ingenting
541 305 62 27 sagdt
622 307 30 20 att
667 305 42 21 den
725 305 69 21 skulle
810 305 45 21 haft
869 305 47 21 stöd
931 306 7 20 i
954 305 65 21 bank-

189 333 74 27 lagens
286 333 139 28 ordalydelse,
448 334 39 21 och
506 335 38 19 när
560 341 49 14 man
624 334 7 21 i
648 341 26 14 en
690 334 137 27 reservation,
842 334 62 21 hvars
919 334 55 27 syfte
989 335 30 19 att

190 361 122 27 öfverskyla
333 362 100 27 åtgärden
454 364 24 19 är
499 362 55 21 klart
575 363 39 20 och
635 363 83 27 tydligt,
734 363 47 20 icke
796 362 42 21 kan
854 364 49 26 säga
918 364 24 19 ut
957 363 61 26 detta,

190 390 24 21 sä
230 391 39 20 har
288 397 50 14 man
343 386 13 37 i
375 391 75 27 själfva
466 391 72 21 värket
554 393 46 25 sagt
614 393 116 19 motsatsen
747 393 45 19 mot
806 391 56 21 hvad
877 398 48 14 man
942 393 75 19 menat.

190 418 41 21 För
249 419 64 27 öfrigt
333 421 23 19 är
371 419 70 21 denna
456 420 161 27 omständighet,
632 422 31 19 att
677 427 50 14 man
744 420 46 20 frän
806 420 144 27 majoritetens
964 420 7 20 i
986 422 33 18 ut-

191 447 88 21 skottets
295 447 46 21 sida
356 448 46 21 icke
417 448 45 21 lätit
478 451 29 18 ett
521 449 110 20 uttalande
646 449 7 20 i
670 448 73 27 frägan
758 448 76 27 inflyta
848 449 8 20 i
871 448 147 26 betänkandet,

191 475 63 22 äfven
270 476 41 21 den
327 477 157 20 karaktäristisk
500 483 46 21 nog.
576 477 51 20 Man
640 477 39 20 har
693 477 96 27 tydligen
806 479 69 18 ansett
889 477 64 20 saken
969 483 50 14 vara

191 505 48 26 sjuk
261 505 40 20 och
322 505 70 21 därför
416 505 56 21 velat
492 506 43 27 tiga
550 505 51 28 ihjäl
617 505 47 27 den,
681 512 49 14 men
746 512 50 14 man
811 506 39 21 har
864 505 86 22 därmed
966 505 53 21 blott

191 533 55 27 gjort
261 533 42 21 den
319 535 57 19 ännu
392 534 83 27 sjukare
490 536 26 19 än
533 534 41 21 den
590 534 7 20 i
612 534 74 27 själfva
703 534 74 21 värket
792 536 28 19 är.

260 561 42 26 Jag
324 563 38 20 har
383 564 71 25 tyvärr
476 563 46 20 icke
544 563 45 20 helt
610 563 39 20 och
672 563 66 20 hället
760 563 82 20 kunnat
860 563 51 26 följa
931 562 48 21 med
994 563 25 20 hr

191 589 111 21 Stenroths
322 591 134 27 andragande
476 591 7 20 i
499 591 64 21 afton.
592 591 41 27 Jag
649 593 44 19 tror
708 591 44 27 mig
768 591 69 21 känna
852 591 68 21 finska
935 591 84 27 spräket

191 618 65 27 nägot
274 618 24 21 sä
313 621 43 24 när,
372 619 126 21 ätminstone
513 620 69 20 sävidt
597 620 35 20 det
647 620 67 26 gäller
729 621 30 19 att
774 620 66 20 förstä
855 619 122 21 uttalanden
992 620 27 26 pä

191 646 58 22 detta
264 647 68 28 spräk,
348 654 48 14 men
413 648 64 21 sedan
494 648 40 21 den
550 648 65 27 tiden,
630 648 27 20 dä
671 648 36 27 jag
722 648 65 27 nägot
802 655 58 14 mera
873 648 53 21 hade
937 648 81 20 tillfälle

191 677 30 19 att
236 678 48 24 taga
300 676 120 21 kännedom
435 683 35 14 om
484 677 133 21 litteraturen
632 676 28 28 pä
675 677 57 21 detta
748 676 68 28 spräk,
832 677 38 20 har
885 676 34 21 det
930 676 88 21 kommit

191 704 24 20 sä
236 704 78 27 mänga
338 705 110 27 underliga
470 706 37 20 ord
526 705 32 21 till
578 706 7 19 i
601 705 123 21 detsamma.
754 705 42 27 Jag
811 706 41 20 kan
868 705 89 21 sälunda
971 705 46 21 icke

191 732 101 27 påminna
312 733 43 27 mig
373 736 30 18 att
417 734 35 27 jag
467 740 36 15 ens
519 734 6 20 i
541 734 227 27 tidningslitteraturen
785 736 41 19 sett
840 734 83 26 uttryck
940 734 78 20 sådana

191 767 45 15 som
255 761 199 22 »hullunkurinens.
485 762 41 21 Det
540 762 54 21 låter
608 763 7 19 i
630 762 58 21 mina
704 764 52 19 öron
772 762 32 21 för
820 762 60 27 galet.
910 762 33 21 Hr
957 762 60 21 Sten-

190 789 47 20 roth
261 789 66 21 måste
350 790 70 21 därför
441 791 85 20 ursäkta
549 791 43 26 mig
614 797 34 14 om
663 791 36 26 jag
714 791 47 20 icke
777 791 40 20 blir
832 791 7 20 i
854 791 82 20 tillfälle
951 792 30 19 att
995 791 23 20 sä

190 817 134 28 fullständigt
340 818 83 21 bemöta
438 819 83 26 honom,
535 826 45 14 som
596 819 53 20 hans
665 819 149 27 andragandes
829 819 80 27 sakliga
924 819 93 20 innehåll

191 846 105 21 mähända
311 847 106 27 förtjänar.
448 847 48 21 Men
512 849 30 19 att
558 848 62 20 döma
636 848 21 20 af
672 848 26 20 de
714 848 51 21 citat
780 848 41 21 han
837 847 87 21 anförde
939 847 27 28 pä
980 854 37 14 ren

191 875 97 26 svenska,
304 875 23 21 sä
342 876 106 21 förefaller
463 877 35 20 det
512 877 44 26 mig
572 883 45 14 som
634 883 33 14 om
684 877 41 20 han
741 877 69 20 skulle
821 876 85 27 inslagit
916 876 41 21 den
968 882 50 15 van-

190 903 42 27 liga
255 904 101 26 taktiken,
376 910 45 14 som
437 905 23 20 sä
474 905 86 26 mycket
574 905 38 20 har
628 905 89 20 kommit
732 905 26 27 pä
774 905 76 26 modet,
866 905 27 20 dä
907 911 50 14 man
972 905 45 20 icke

190 932 38 20 bar
250 934 31 18 att
303 932 72 21 anföra
398 933 80 27 sakliga
500 933 51 27 skäl,
574 933 107 27 nämligen
700 935 31 19 att
746 934 65 26 draga
826 933 54 21 fram
895 933 122 20 uttalanden

190 960 46 20 från
258 960 128 27 föregående
409 961 146 21 betänkanden
579 962 39 20 och
640 962 128 26 föregående
784 961 180 27 tidningsartiklar
979 962 39 20 och

190 988 55 21 hvad
269 989 36 21 det
325 989 30 21 alt
370 990 41 20 kan
427 997 54 13 vara.
511 990 41 27 Jag
567 992 23 19 är
605 990 47 21 icke
667 990 71 21 denna
754 990 56 28 gång
825 997 42 20 nog
882 990 92 27 olycklig
989 992 29 19 att

191 1017 70 21 träffas
277 1018 21 20 af
313 1018 62 20 dessa
385 1018 146 27 påminnelser,
542 1019 69 21 såsom
621 1020 36 26 jag
670 1019 53 21 varit
734 1019 36 21 det
780 1019 68 27 någon
860 1019 55 27 gång
925 1019 56 20 förut
991 1031 27 3 —

190 1045 69 21 skulle
283 1046 79 21 kanske
386 1047 68 26 äfven,
475 1054 34 14 om
524 1048 36 26 jag
576 1054 49 14 vore
641 1048 41 26 det,
697 1048 86 20 försöka
798 1048 50 20 bära
864 1047 89 27 olyckan
969 1047 48 21 med

189 1074 110 26 jämnmod
316 1087 26 3 —
358 1082 49 14 men
421 1076 35 27 jag
472 1076 35 20 vill
523 1078 51 25 säga
589 1076 25 20 hr
629 1076 99 21 Stenroth
744 1076 40 21 och
799 1076 41 20 alla
853 1076 26 21 de
889 1075 72 27 öfriga,
972 1082 45 14 som

189 1102 47 22 icke
260 1103 73 21 kunna
356 1104 84 20 komma
467 1104 53 21 fram
543 1105 47 20 med
614 1111 55 21 egna
687 1105 84 25 åsikter,
787 1107 51 18 utan
854 1104 65 21 måste
935 1104 82 21 försöka

189 1131 71 27 hjälpa
284 1132 32 27 sig
338 1132 53 21 fram
417 1133 47 21 med
488 1133 69 27 gamla
580 1133 127 21 förbrukade
732 1140 74 20 vapen,
828 1140 46 14 som
890 1133 60 21 deras
965 1135 54 19 mot-

189 1160 100 21 ståndare
313 1160 70 28 någon
408 1161 55 27 gång
487 1162 7 20 i
517 1162 86 20 världen
628 1162 79 20 lämnat
729 1162 56 20 ifrån
807 1162 37 27 sig,
866 1162 35 27 jag
917 1161 36 21 vill
969 1163 48 25 säga

190 1188 49 21 dem
265 1191 30 18 att
321 1195 26 14 en
370 1190 65 20 sådan
458 1190 168 27 argumentation
650 1192 23 19 är
695 1191 22 20 af
740 1190 69 27 någon
832 1190 56 27 slags
909 1190 108 26 betydelse

189 1217 76 20 endast
295 1217 32 21 för
357 1218 25 20 de
412 1224 104 21 personer,
540 1219 83 20 hvilkas
649 1219 89 26 tidigare
764 1219 113 26 yttranden
902 1218 115 28 åberopats,

189 1251 48 15 men
260 1246 33 20 för
314 1246 84 21 ståndet
419 1247 7 20 i
448 1247 48 20 dess
519 1247 76 26 helhet,
618 1247 40 21 och
679 1247 35 21 det
737 1249 23 19 är
782 1247 23 27 ju
824 1247 33 20 för
879 1247 88 27 ståndet,
984 1247 33 20 för

189 1275 31 19 att
243 1274 90 21 invärka
357 1275 26 27 på
408 1275 47 21 dess
480 1275 75 25 beslut,
575 1282 45 14 som
642 1283 50 13 man
713 1276 7 20 i
742 1276 195 27 representationen
952 1277 66 24 yttrar

189 1302 37 27 sig,
253 1303 41 20 kan
317 1303 57 21 detta
396 1305 40 19 sätt
457 1306 30 19 att
508 1307 149 24 argumentera
679 1305 47 20 icke
749 1305 62 20 hafva
826 1304 63 27 något
904 1311 45 13 som
965 1304 53 20 hälst

190 1331 70 20 värde.
290 1331 41 27 Jag
353 1332 50 21 sade
425 1335 29 18 att
475 1333 35 27 jag
532 1333 46 20 icke
602 1333 70 21 denna
693 1333 57 27 gång
772 1340 38 13 var
824 1333 93 26 olycklig
931 1339 43 20 nog
988 1334 31 19 att

189 1359 71 21 träffas
281 1361 21 20 af
324 1361 104 26 metoden,
451 1367 48 15 men
522 1361 36 20 vill
582 1361 53 21 dock
659 1362 95 20 erkänna
775 1362 44 26 mig
840 1361 111 28 solidarisk
969 1361 48 20 med

189 1387 108 22 åsikterna
318 1389 7 20 i
348 1389 26 20 de
398 1389 128 26 uttalanden,
548 1397 45 14 som
616 1390 25 21 hr
656 1389 100 22 Stenroth
771 1390 97 21 citerade.
898 1390 70 21 Äfven
983 1389 36 27 jag

189 1416 37 21 har
249 1417 48 21 hört
319 1417 39 21 och
377 1418 38 20 hör
429 1420 57 19 ännu
501 1418 32 21 till
549 1419 54 27 dem,
619 1425 45 14 som
680 1425 51 15 anse
747 1421 30 18 att
792 1419 36 20 det
843 1419 122 20 nuvarande
980 1424 38 21 pu-

189 1444 58 21 blika
272 1446 197 28 ombudssystemet,
491 1447 81 21 hvilket
589 1447 7 20 i
612 1447 75 27 själfva
702 1447 75 21 värket
791 1447 111 27 ingenting
917 1449 64 19 annat
995 1448 23 18 är

189 1474 26 20 än
231 1475 31 19 ett
277 1474 173 27 sinekursystem,
466 1475 78 27 egnadt
559 1477 30 19 att
604 1476 32 20 för
652 1482 26 14 en
695 1476 33 20 del
746 1476 198 26 senatstjänstemän
960 1474 57 21 med-

188 1502 46 20 föra
257 1502 68 21 ökade
346 1503 121 27 inkomster,
488 1506 23 18 är
532 1506 30 18 ett
576 1504 130 27 fullkomligt
722 1504 119 27 förkastligt
856 1506 85 25 system.
970 1502 47 21 Den

189 1529 63 28 bank,
274 1531 62 20 hvars
357 1531 88 28 ledning
463 1534 23 19 är
500 1532 43 27 mig
559 1532 129 27 anförtrodd,
704 1533 42 20 kan
762 1533 7 20 i
785 1533 57 20 detta
857 1532 99 21 afseende
971 1531 46 20 frän
