<?xml version="1.0" encoding="UTF-8"?>
<alto xmlns="http://www.loc.gov/standards/alto/ns-v3#" xmlns:xlink="http://www.w3.org/1999/xlink" xmlns:xsi="http://www.w3.org/2001/XMLSchema-instance" xsi:schemaLocation="http://www.loc.gov/standards/alto/ns-v3# http://www.loc.gov/alto/v3/alto-3-0.xsd">
	<Description>
		<MeasurementUnit>pixel</MeasurementUnit>
		<sourceImageInformation>
			<fileName>/tmp/tess_c5z5ms_l_input.PNG</fileName>
		</sourceImageInformation>
		<OCRProcessing ID="OCR_0">
			<ocrProcessingStep>
				<processingSoftware>
					<softwareName>tesseract 5.3.4</softwareName>
				</processingSoftware>
			</ocrProcessingStep>
		</OCRProcessing>
	</Description>
	<Layout>
		<Page WIDTH="1103" HEIGHT="1811" PHYSICAL_IMG_NR="0" ID="page_0">
			<PrintSpace HPOS="0" VPOS="0" WIDTH="1103" HEIGHT="1811">
				<ComposedBlock ID="cblock_0" HPOS="84" VPOS="141" WIDTH="825" HEIGHT="33">
					<TextBlock ID="block_0" HPOS="84" VPOS="141" WIDTH="825" HEIGHT="33">
						<TextLine ID="line_0" HPOS="84" VPOS="141" WIDTH="825" HEIGHT="33">
							<String ID="string_0" HPOS="84" VPOS="149" WIDTH="24" HEIGHT="16" WC="0.94" CONTENT="15"/><SP WIDTH="13" VPOS="149" HPOS="108"/>
							<String ID="string_1" HPOS="121" VPOS="148" WIDTH="51" HEIGHT="17" WC="0.95" CONTENT="febr."/><SP WIDTH="249" VPOS="148" HPOS="172"/>
							<String ID="string_2" HPOS="421" VPOS="141" WIDTH="146" HEIGHT="33" WC="0.59" CONTENT="Maltdrycker."/><SP WIDTH="301" VPOS="141" HPOS="567"/>
							<String ID="string_3" HPOS="868" VPOS="143" WIDTH="41" HEIGHT="20" WC="0.96" CONTENT="203"/>
						</TextLine>
					</TextBlock>
				</ComposedBlock>
				<GraphicalElement ID="cblock_1" HPOS="83" VPOS="177" WIDTH="822" HEIGHT="4"></GraphicalElement >
				<ComposedBlock ID="cblock_2" HPOS="81" VPOS="216" WIDTH="830" HEIGHT="1339">
					<TextBlock ID="block_1" HPOS="81" VPOS="216" WIDTH="830" HEIGHT="1226">
						<TextLine ID="line_1" HPOS="83" VPOS="216" WIDTH="827" HEIGHT="28">
							<String ID="string_4" HPOS="83" VPOS="216" WIDTH="96" HEIGHT="21" WC="0.91" CONTENT="stiftaren"/><SP WIDTH="21" VPOS="216" HPOS="179"/>
							<String ID="string_5" HPOS="200" VPOS="216" WIDTH="7" HEIGHT="20" WC="0.96" CONTENT="i"/><SP WIDTH="20" VPOS="216" HPOS="207"/>
							<String ID="string_6" HPOS="227" VPOS="218" WIDTH="30" HEIGHT="19" WC="0.96" CONTENT="ett"/><SP WIDTH="20" VPOS="218" HPOS="257"/>
							<String ID="string_7" HPOS="277" VPOS="216" WIDTH="38" HEIGHT="21" WC="0.96" CONTENT="och"/><SP WIDTH="22" VPOS="216" HPOS="315"/>
							<String ID="string_8" HPOS="337" VPOS="218" WIDTH="65" HEIGHT="18" WC="0.96" CONTENT="annat"/><SP WIDTH="15" VPOS="218" HPOS="402"/>
							<String ID="string_9" HPOS="417" VPOS="216" WIDTH="37" HEIGHT="20" WC="0.96" CONTENT="fall"/><SP WIDTH="15" VPOS="216" HPOS="454"/>
							<String ID="string_10" HPOS="469" VPOS="223" WIDTH="58" HEIGHT="14" WC="0.96" CONTENT="mera"/><SP WIDTH="15" VPOS="223" HPOS="527"/>
							<String ID="string_11" HPOS="542" VPOS="218" WIDTH="41" HEIGHT="20" WC="0.96" CONTENT="sett"/><SP WIDTH="15" VPOS="218" HPOS="583"/>
							<String ID="string_12" HPOS="598" VPOS="216" WIDTH="26" HEIGHT="28" WC="0.93" CONTENT="pä"/><SP WIDTH="16" VPOS="216" HPOS="624"/>
							<String ID="string_13" HPOS="640" VPOS="216" WIDTH="141" HEIGHT="21" WC="0.92" CONTENT="sträfvandets"/><SP WIDTH="15" VPOS="216" HPOS="781"/>
							<String ID="string_14" HPOS="796" VPOS="219" WIDTH="57" HEIGHT="18" WC="0.93" CONTENT="stora"/><SP WIDTH="15" VPOS="219" HPOS="853"/>
							<String ID="string_15" HPOS="868" VPOS="216" WIDTH="42" HEIGHT="21" WC="0.93" CONTENT="mäl"/>
						</TextLine>
						<TextLine ID="line_2" HPOS="83" VPOS="245" WIDTH="827" HEIGHT="27">
							<String ID="string_16" HPOS="83" VPOS="248" WIDTH="28" HEIGHT="18" WC="0.96" CONTENT="än"/><SP WIDTH="22" VPOS="248" HPOS="111"/>
							<String ID="string_17" HPOS="133" VPOS="245" WIDTH="26" HEIGHT="27" WC="0.92" CONTENT="pä"/><SP WIDTH="16" VPOS="245" HPOS="159"/>
							<String ID="string_18" HPOS="175" VPOS="245" WIDTH="162" HEIGHT="27" WC="0.92" CONTENT="olämpligheten"/><SP WIDTH="17" VPOS="245" HPOS="337"/>
							<String ID="string_19" HPOS="354" VPOS="245" WIDTH="21" HEIGHT="20" WC="0.96" CONTENT="af"/><SP WIDTH="15" VPOS="245" HPOS="375"/>
							<String ID="string_20" HPOS="390" VPOS="251" WIDTH="26" HEIGHT="14" WC="0.96" CONTENT="en"/><SP WIDTH="17" VPOS="251" HPOS="416"/>
							<String ID="string_21" HPOS="433" VPOS="245" WIDTH="33" HEIGHT="20" WC="0.96" CONTENT="del"/><SP WIDTH="16" VPOS="245" HPOS="466"/>
							<String ID="string_22" HPOS="482" VPOS="245" WIDTH="71" HEIGHT="20" WC="0.96" CONTENT="därför"/><SP WIDTH="15" VPOS="245" HPOS="553"/>
							<String ID="string_23" HPOS="568" VPOS="245" WIDTH="120" HEIGHT="27" WC="0.96" CONTENT="föreslagna"/><SP WIDTH="15" VPOS="245" HPOS="688"/>
							<String ID="string_24" HPOS="703" VPOS="245" WIDTH="76" HEIGHT="21" WC="0.96" CONTENT="medel."/><SP WIDTH="30" VPOS="245" HPOS="779"/>
							<String ID="string_25" HPOS="809" VPOS="245" WIDTH="49" HEIGHT="21" WC="0.96" CONTENT="Men"/><SP WIDTH="18" VPOS="245" HPOS="858"/>
							<String ID="string_26" HPOS="876" VPOS="252" WIDTH="34" HEIGHT="14" WC="0.96" CONTENT="om"/>
						</TextLine>
						<TextLine ID="line_3" HPOS="83" VPOS="273" WIDTH="827" HEIGHT="27">
							<String ID="string_27" HPOS="83" VPOS="280" WIDTH="50" HEIGHT="15" WC="0.91" CONTENT="man"/><SP WIDTH="22" VPOS="280" HPOS="133"/>
							<String ID="string_28" HPOS="155" VPOS="273" WIDTH="104" HEIGHT="21" WC="0.62" CONTENT="härintills"/><SP WIDTH="16" VPOS="273" HPOS="259"/>
							<String ID="string_29" HPOS="275" VPOS="274" WIDTH="96" HEIGHT="20" WC="0.92" CONTENT="förbisett"/><SP WIDTH="14" VPOS="274" HPOS="371"/>
							<String ID="string_30" HPOS="385" VPOS="275" WIDTH="30" HEIGHT="19" WC="0.93" CONTENT="att"/><SP WIDTH="16" VPOS="275" HPOS="415"/>
							<String ID="string_31" HPOS="431" VPOS="273" WIDTH="63" HEIGHT="21" WC="0.96" CONTENT="också"/><SP WIDTH="15" VPOS="273" HPOS="494"/>
							<String ID="string_32" HPOS="509" VPOS="274" WIDTH="84" HEIGHT="20" WC="0.96" CONTENT="medlen"/><SP WIDTH="17" VPOS="274" HPOS="593"/>
							<String ID="string_33" HPOS="610" VPOS="273" WIDTH="50" HEIGHT="21" WC="0.93" CONTENT="böra"/><SP WIDTH="15" VPOS="273" HPOS="660"/>
							<String ID="string_34" HPOS="675" VPOS="273" WIDTH="126" HEIGHT="27" WC="0.88" CONTENT="underligga"/><SP WIDTH="15" VPOS="273" HPOS="801"/>
							<String ID="string_35" HPOS="816" VPOS="280" WIDTH="27" HEIGHT="14" WC="0.93" CONTENT="en"/><SP WIDTH="16" VPOS="280" HPOS="843"/>
							<String ID="string_36" HPOS="859" VPOS="280" WIDTH="51" HEIGHT="20" WC="0.91" CONTENT="nog-"/>
						</TextLine>
						<TextLine ID="line_4" HPOS="83" VPOS="302" WIDTH="826" HEIGHT="27">
							<String ID="string_37" HPOS="83" VPOS="308" WIDTH="52" HEIGHT="20" WC="0.93" CONTENT="gran"/><SP WIDTH="16" VPOS="308" HPOS="135"/>
							<String ID="string_38" HPOS="151" VPOS="302" WIDTH="105" HEIGHT="27" WC="0.92" CONTENT="pröfning,"/><SP WIDTH="16" VPOS="302" HPOS="256"/>
							<String ID="string_39" HPOS="272" VPOS="302" WIDTH="23" HEIGHT="20" WC="0.96" CONTENT="sä"/><SP WIDTH="15" VPOS="302" HPOS="295"/>
							<String ID="string_40" HPOS="310" VPOS="303" WIDTH="23" HEIGHT="19" WC="0.96" CONTENT="är"/><SP WIDTH="16" VPOS="303" HPOS="333"/>
							<String ID="string_41" HPOS="349" VPOS="302" WIDTH="35" HEIGHT="20" WC="0.96" CONTENT="det"/><SP WIDTH="15" VPOS="302" HPOS="384"/>
							<String ID="string_42" HPOS="399" VPOS="302" WIDTH="70" HEIGHT="20" WC="0.93" CONTENT="därför"/><SP WIDTH="15" VPOS="302" HPOS="469"/>
							<String ID="string_43" HPOS="484" VPOS="302" WIDTH="46" HEIGHT="20" WC="0.92" CONTENT="icke"/><SP WIDTH="16" VPOS="302" HPOS="530"/>
							<String ID="string_44" HPOS="546" VPOS="302" WIDTH="45" HEIGHT="20" WC="0.96" CONTENT="skäl"/><SP WIDTH="11" VPOS="302" HPOS="591"/>
							<String ID="string_45" HPOS="602" VPOS="303" WIDTH="30" HEIGHT="19" WC="0.96" CONTENT="att"/><SP WIDTH="10" VPOS="303" HPOS="632"/>
							<String ID="string_46" HPOS="642" VPOS="302" WIDTH="23" HEIGHT="20" WC="0.93" CONTENT="sä"/><SP WIDTH="12" VPOS="302" HPOS="665"/>
							<String ID="string_47" HPOS="677" VPOS="302" WIDTH="64" HEIGHT="20" WC="0.92" CONTENT="ocksä"/><SP WIDTH="12" VPOS="302" HPOS="741"/>
							<String ID="string_48" HPOS="753" VPOS="302" WIDTH="32" HEIGHT="20" WC="0.96" CONTENT="för"/><SP WIDTH="11" VPOS="302" HPOS="785"/>
							<String ID="string_49" HPOS="796" VPOS="302" WIDTH="113" HEIGHT="21" WC="0.96" CONTENT="framtiden"/>
						</TextLine>
						<TextLine ID="line_5" HPOS="83" VPOS="330" WIDTH="826" HEIGHT="27">
							<String ID="string_50" HPOS="83" VPOS="330" WIDTH="33" HEIGHT="21" WC="0.90" CONTENT="fär"/><SP WIDTH="24" VPOS="330" HPOS="116"/>
							<String ID="string_51" HPOS="140" VPOS="331" WIDTH="63" HEIGHT="20" WC="0.90" CONTENT="blifva"/><SP WIDTH="22" VPOS="331" HPOS="203"/>
							<String ID="string_52" HPOS="225" VPOS="330" WIDTH="64" HEIGHT="21" WC="0.90" CONTENT="fallet."/><SP WIDTH="30" VPOS="330" HPOS="289"/>
							<String ID="string_53" HPOS="319" VPOS="330" WIDTH="70" HEIGHT="21" WC="0.96" CONTENT="Bland"/><SP WIDTH="22" VPOS="330" HPOS="389"/>
							<String ID="string_54" HPOS="411" VPOS="330" WIDTH="26" HEIGHT="21" WC="0.90" CONTENT="de"/><SP WIDTH="23" VPOS="330" HPOS="437"/>
							<String ID="string_55" HPOS="460" VPOS="330" WIDTH="215" HEIGHT="27" WC="0.90" CONTENT="principvidrigheter,"/><SP WIDTH="19" VPOS="330" HPOS="675"/>
							<String ID="string_56" HPOS="694" VPOS="330" WIDTH="72" HEIGHT="21" WC="0.91" CONTENT="hvilka"/><SP WIDTH="14" VPOS="330" HPOS="766"/>
							<String ID="string_57" HPOS="780" VPOS="331" WIDTH="35" HEIGHT="26" WC="0.93" CONTENT="jag"/><SP WIDTH="10" VPOS="331" HPOS="815"/>
							<String ID="string_58" HPOS="825" VPOS="330" WIDTH="84" HEIGHT="27" WC="0.88" CONTENT="äsyftar,"/>
						</TextLine>
						<TextLine ID="line_6" HPOS="84" VPOS="359" WIDTH="827" HEIGHT="21">
							<String ID="string_59" HPOS="84" VPOS="361" WIDTH="24" HEIGHT="18" WC="0.95" CONTENT="är"/><SP WIDTH="21" VPOS="361" HPOS="108"/>
							<String ID="string_60" HPOS="129" VPOS="359" WIDTH="44" HEIGHT="20" WC="0.92" CONTENT="helt"/><SP WIDTH="22" VPOS="359" HPOS="173"/>
							<String ID="string_61" HPOS="195" VPOS="359" WIDTH="70" HEIGHT="20" WC="0.91" CONTENT="säkert"/><SP WIDTH="20" VPOS="359" HPOS="265"/>
							<String ID="string_62" HPOS="285" VPOS="359" WIDTH="42" HEIGHT="20" WC="0.96" CONTENT="den"/><SP WIDTH="18" VPOS="359" HPOS="327"/>
							<String ID="string_63" HPOS="345" VPOS="360" WIDTH="54" HEIGHT="19" WC="0.93" CONTENT="mest"/><SP WIDTH="15" VPOS="360" HPOS="399"/>
							<String ID="string_64" HPOS="414" VPOS="359" WIDTH="45" HEIGHT="20" WC="0.91" CONTENT="vidt"/><SP WIDTH="16" VPOS="359" HPOS="459"/>
							<String ID="string_65" HPOS="475" VPOS="359" WIDTH="91" HEIGHT="20" WC="0.92" CONTENT="bärande"/><SP WIDTH="16" VPOS="359" HPOS="566"/>
							<String ID="string_66" HPOS="582" VPOS="359" WIDTH="40" HEIGHT="20" WC="0.95" CONTENT="och"/><SP WIDTH="15" VPOS="359" HPOS="622"/>
							<String ID="string_67" HPOS="637" VPOS="359" WIDTH="70" HEIGHT="20" WC="0.93" CONTENT="därför"/><SP WIDTH="15" VPOS="359" HPOS="707"/>
							<String ID="string_68" HPOS="722" VPOS="359" WIDTH="64" HEIGHT="20" WC="0.92" CONTENT="ocksä"/><SP WIDTH="14" VPOS="359" HPOS="786"/>
							<String ID="string_69" HPOS="800" VPOS="359" WIDTH="41" HEIGHT="20" WC="0.96" CONTENT="den"/><SP WIDTH="15" VPOS="359" HPOS="841"/>
							<String ID="string_70" HPOS="856" VPOS="362" WIDTH="55" HEIGHT="18" WC="0.96" CONTENT="mest"/>
						</TextLine>
						<TextLine ID="line_7" HPOS="83" VPOS="387" WIDTH="827" HEIGHT="27">
							<String ID="string_71" HPOS="83" VPOS="388" WIDTH="73" HEIGHT="20" WC="0.92" CONTENT="odiösa"/><SP WIDTH="21" VPOS="388" HPOS="156"/>
							<String ID="string_72" HPOS="177" VPOS="387" WIDTH="42" HEIGHT="21" WC="0.96" CONTENT="den"/><SP WIDTH="21" VPOS="387" HPOS="219"/>
							<String ID="string_73" HPOS="240" VPOS="389" WIDTH="45" HEIGHT="25" WC="0.96" CONTENT="rätt,"/><SP WIDTH="21" VPOS="389" HPOS="285"/>
							<String ID="string_74" HPOS="306" VPOS="394" WIDTH="45" HEIGHT="14" WC="0.93" CONTENT="som"/><SP WIDTH="24" VPOS="394" HPOS="351"/>
							<String ID="string_75" HPOS="375" VPOS="387" WIDTH="117" HEIGHT="27" WC="0.92" CONTENT="inrymmes"/><SP WIDTH="19" VPOS="387" HPOS="492"/>
							<String ID="string_76" HPOS="511" VPOS="387" WIDTH="26" HEIGHT="21" WC="0.96" CONTENT="de"/><SP WIDTH="22" VPOS="387" HPOS="537"/>
							<String ID="string_77" HPOS="559" VPOS="387" WIDTH="97" HEIGHT="21" WC="0.87" CONTENT="enskilda"/><SP WIDTH="15" VPOS="387" HPOS="656"/>
							<String ID="string_78" HPOS="671" VPOS="387" WIDTH="155" HEIGHT="21" WC="0.96" CONTENT="kommunerna"/><SP WIDTH="14" VPOS="387" HPOS="826"/>
							<String ID="string_79" HPOS="840" VPOS="387" WIDTH="7" HEIGHT="20" WC="0.93" CONTENT="i"/><SP WIDTH="16" VPOS="387" HPOS="847"/>
							<String ID="string_80" HPOS="863" VPOS="388" WIDTH="47" HEIGHT="20" WC="0.91" CONTENT="värt"/>
						</TextLine>
						<TextLine ID="line_8" HPOS="83" VPOS="415" WIDTH="826" HEIGHT="28">
							<String ID="string_81" HPOS="83" VPOS="416" WIDTH="57" HEIGHT="27" WC="0.95" CONTENT="land,"/><SP WIDTH="16" VPOS="416" HPOS="140"/>
							<String ID="string_82" HPOS="156" VPOS="418" WIDTH="30" HEIGHT="19" WC="0.95" CONTENT="att"/><SP WIDTH="20" VPOS="418" HPOS="186"/>
							<String ID="string_83" HPOS="206" VPOS="415" WIDTH="27" HEIGHT="28" WC="0.93" CONTENT="pä"/><SP WIDTH="21" VPOS="415" HPOS="233"/>
							<String ID="string_84" HPOS="254" VPOS="415" WIDTH="271" HEIGHT="28" WC="0.92" CONTENT="bränvinslagstiftningens"/><SP WIDTH="21" VPOS="415" HPOS="525"/>
							<String ID="string_85" HPOS="546" VPOS="416" WIDTH="86" HEIGHT="21" WC="0.93" CONTENT="område"/><SP WIDTH="16" VPOS="416" HPOS="632"/>
							<String ID="string_86" HPOS="648" VPOS="417" WIDTH="80" HEIGHT="19" WC="0.63" CONTENT="enhvar"/><SP WIDTH="14" VPOS="417" HPOS="728"/>
							<String ID="string_87" HPOS="742" VPOS="418" WIDTH="51" HEIGHT="25" WC="0.96" CONTENT="göra"/><SP WIDTH="15" VPOS="418" HPOS="793"/>
							<String ID="string_88" HPOS="808" VPOS="416" WIDTH="32" HEIGHT="20" WC="0.97" CONTENT="sin"/><SP WIDTH="16" VPOS="416" HPOS="840"/>
							<String ID="string_89" HPOS="856" VPOS="422" WIDTH="53" HEIGHT="21" WC="0.96" CONTENT="egen"/>
						</TextLine>
						<TextLine ID="line_9" HPOS="84" VPOS="444" WIDTH="825" HEIGHT="29">
							<String ID="string_90" HPOS="84" VPOS="445" WIDTH="39" HEIGHT="28" WC="0.94" CONTENT="lag."/><SP WIDTH="30" VPOS="445" HPOS="123"/>
							<String ID="string_91" HPOS="153" VPOS="445" WIDTH="42" HEIGHT="26" WC="0.96" CONTENT="Jag"/><SP WIDTH="16" VPOS="445" HPOS="195"/>
							<String ID="string_92" HPOS="211" VPOS="445" WIDTH="36" HEIGHT="20" WC="0.93" CONTENT="vill"/><SP WIDTH="15" VPOS="445" HPOS="247"/>
							<String ID="string_93" HPOS="262" VPOS="444" WIDTH="39" HEIGHT="21" WC="0.92" CONTENT="alls"/><SP WIDTH="16" VPOS="444" HPOS="301"/>
							<String ID="string_94" HPOS="317" VPOS="445" WIDTH="44" HEIGHT="20" WC="0.91" CONTENT="icke"/><SP WIDTH="16" VPOS="445" HPOS="361"/>
							<String ID="string_95" HPOS="377" VPOS="445" WIDTH="87" HEIGHT="20" WC="0.90" CONTENT="förneka"/><SP WIDTH="16" VPOS="445" HPOS="464"/>
							<String ID="string_96" HPOS="480" VPOS="445" WIDTH="155" HEIGHT="20" WC="0.96" CONTENT="kommunerna"/><SP WIDTH="15" VPOS="445" HPOS="635"/>
							<String ID="string_97" HPOS="650" VPOS="446" WIDTH="41" HEIGHT="19" WC="0.96" CONTENT="rätt"/><SP WIDTH="15" VPOS="446" HPOS="691"/>
							<String ID="string_98" HPOS="706" VPOS="446" WIDTH="30" HEIGHT="19" WC="0.95" CONTENT="att"/><SP WIDTH="15" VPOS="446" HPOS="736"/>
							<String ID="string_99" HPOS="751" VPOS="445" WIDTH="7" HEIGHT="20" WC="0.93" CONTENT="i"/><SP WIDTH="16" VPOS="445" HPOS="758"/>
							<String ID="string_100" HPOS="774" VPOS="444" WIDTH="68" HEIGHT="27" WC="0.92" CONTENT="nägon"/><SP WIDTH="18" VPOS="444" HPOS="842"/>
							<String ID="string_101" HPOS="860" VPOS="445" WIDTH="49" HEIGHT="20" WC="0.96" CONTENT="män"/>
						</TextLine>
						<TextLine ID="line_10" HPOS="84" VPOS="473" WIDTH="825" HEIGHT="27">
							<String ID="string_102" HPOS="84" VPOS="474" WIDTH="117" HEIGHT="21" WC="0.95" CONTENT="bestämma"/><SP WIDTH="19" VPOS="474" HPOS="201"/>
							<String ID="string_103" HPOS="220" VPOS="473" WIDTH="34" HEIGHT="20" WC="0.96" CONTENT="vid"/><SP WIDTH="20" VPOS="473" HPOS="254"/>
							<String ID="string_104" HPOS="274" VPOS="473" WIDTH="35" HEIGHT="20" WC="0.93" CONTENT="det"/><SP WIDTH="18" VPOS="473" HPOS="309"/>
							<String ID="string_105" HPOS="327" VPOS="473" WIDTH="128" HEIGHT="27" WC="0.96" CONTENT="detaljerade"/><SP WIDTH="16" VPOS="473" HPOS="455"/>
							<String ID="string_106" HPOS="471" VPOS="473" WIDTH="119" HEIGHT="21" WC="0.96" CONTENT="ordnandet"/><SP WIDTH="14" VPOS="473" HPOS="590"/>
							<String ID="string_107" HPOS="604" VPOS="473" WIDTH="22" HEIGHT="20" WC="0.93" CONTENT="af"/><SP WIDTH="14" VPOS="473" HPOS="626"/>
							<String ID="string_108" HPOS="640" VPOS="473" WIDTH="269" HEIGHT="27" WC="0.92" CONTENT="rusdryckshandteringen"/>
						</TextLine>
						<TextLine ID="line_11" HPOS="85" VPOS="501" WIDTH="824" HEIGHT="22">
							<String ID="string_109" HPOS="85" VPOS="503" WIDTH="38" HEIGHT="20" WC="0.96" CONTENT="och"/><SP WIDTH="22" VPOS="503" HPOS="123"/>
							<String ID="string_110" HPOS="145" VPOS="504" WIDTH="30" HEIGHT="19" WC="0.93" CONTENT="att"/><SP WIDTH="20" VPOS="504" HPOS="175"/>
							<String ID="string_111" HPOS="195" VPOS="501" WIDTH="73" HEIGHT="21" WC="0.92" CONTENT="härvid"/><SP WIDTH="19" VPOS="501" HPOS="268"/>
							<String ID="string_112" HPOS="287" VPOS="501" WIDTH="21" HEIGHT="21" WC="0.93" CONTENT="fä"/><SP WIDTH="15" VPOS="501" HPOS="308"/>
							<String ID="string_113" HPOS="323" VPOS="502" WIDTH="46" HEIGHT="20" WC="0.93" CONTENT="sina"/><SP WIDTH="16" VPOS="502" HPOS="369"/>
							<String ID="string_114" HPOS="385" VPOS="501" WIDTH="77" HEIGHT="21" WC="0.92" CONTENT="äsikter"/><SP WIDTH="15" VPOS="501" HPOS="462"/>
							<String ID="string_115" HPOS="477" VPOS="502" WIDTH="59" HEIGHT="21" WC="0.94" CONTENT="fram."/><SP WIDTH="30" VPOS="502" HPOS="536"/>
							<String ID="string_116" HPOS="566" VPOS="502" WIDTH="33" HEIGHT="21" WC="0.96" CONTENT="En"/><SP WIDTH="17" VPOS="502" HPOS="599"/>
							<String ID="string_117" HPOS="616" VPOS="502" WIDTH="42" HEIGHT="20" WC="0.93" CONTENT="viss"/><SP WIDTH="16" VPOS="502" HPOS="658"/>
							<String ID="string_118" HPOS="674" VPOS="501" WIDTH="79" HEIGHT="21" WC="0.93" CONTENT="olikhet"/><SP WIDTH="15" VPOS="501" HPOS="753"/>
							<String ID="string_119" HPOS="768" VPOS="502" WIDTH="7" HEIGHT="20" WC="0.93" CONTENT="i"/><SP WIDTH="15" VPOS="502" HPOS="775"/>
							<String ID="string_120" HPOS="790" VPOS="502" WIDTH="119" HEIGHT="20" WC="0.92" CONTENT="ortsförhäl-"/>
						</TextLine>
						<TextLine ID="line_12" HPOS="83" VPOS="530" WIDTH="826" HEIGHT="27">
							<String ID="string_121" HPOS="83" VPOS="531" WIDTH="92" HEIGHT="20" WC="0.92" CONTENT="landena"/><SP WIDTH="21" VPOS="531" HPOS="175"/>
							<String ID="string_122" HPOS="196" VPOS="530" WIDTH="96" HEIGHT="26" WC="0.92" CONTENT="betingar"/><SP WIDTH="21" VPOS="530" HPOS="292"/>
							<String ID="string_123" HPOS="313" VPOS="532" WIDTH="89" HEIGHT="19" WC="0.92" CONTENT="tvärtom"/><SP WIDTH="19" VPOS="532" HPOS="402"/>
							<String ID="string_124" HPOS="421" VPOS="532" WIDTH="30" HEIGHT="19" WC="0.96" CONTENT="att"/><SP WIDTH="22" VPOS="532" HPOS="451"/>
							<String ID="string_125" HPOS="473" VPOS="531" WIDTH="40" HEIGHT="20" WC="0.95" CONTENT="den"/><SP WIDTH="25" VPOS="531" HPOS="513"/>
							<String ID="string_126" HPOS="538" VPOS="530" WIDTH="137" HEIGHT="21" WC="0.93" CONTENT="kommunala"/><SP WIDTH="22" VPOS="530" HPOS="675"/>
							<String ID="string_127" HPOS="697" VPOS="530" WIDTH="156" HEIGHT="27" WC="0.92" CONTENT="sjäfstyrelsens"/><SP WIDTH="25" VPOS="530" HPOS="853"/>
							<String ID="string_128" HPOS="878" VPOS="537" WIDTH="31" HEIGHT="14" WC="0.92" CONTENT="or-"/>
						</TextLine>
						<TextLine ID="line_13" HPOS="84" VPOS="559" WIDTH="825" HEIGHT="27">
							<String ID="string_129" HPOS="84" VPOS="565" WIDTH="66" HEIGHT="21" WC="0.92" CONTENT="ganer"/><SP WIDTH="15" VPOS="565" HPOS="150"/>
							<String ID="string_130" HPOS="165" VPOS="559" WIDTH="50" HEIGHT="20" WC="0.93" CONTENT="böra"/><SP WIDTH="16" VPOS="559" HPOS="215"/>
							<String ID="string_131" HPOS="231" VPOS="559" WIDTH="62" HEIGHT="20" WC="0.92" CONTENT="hafva"/><SP WIDTH="16" VPOS="559" HPOS="293"/>
							<String ID="string_132" HPOS="309" VPOS="559" WIDTH="64" HEIGHT="26" WC="0.90" CONTENT="nägot"/><SP WIDTH="15" VPOS="559" HPOS="373"/>
							<String ID="string_133" HPOS="388" VPOS="560" WIDTH="29" HEIGHT="19" WC="0.93" CONTENT="att"/><SP WIDTH="13" VPOS="560" HPOS="417"/>
							<String ID="string_134" HPOS="430" VPOS="561" WIDTH="50" HEIGHT="25" WC="0.93" CONTENT="säga"/><SP WIDTH="11" VPOS="561" HPOS="480"/>
							<String ID="string_135" HPOS="491" VPOS="559" WIDTH="26" HEIGHT="27" WC="0.97" CONTENT="pä"/><SP WIDTH="11" VPOS="559" HPOS="517"/>
							<String ID="string_136" HPOS="528" VPOS="559" WIDTH="26" HEIGHT="21" WC="0.93" CONTENT="de"/><SP WIDTH="11" VPOS="559" HPOS="554"/>
							<String ID="string_137" HPOS="565" VPOS="559" WIDTH="124" HEIGHT="20" WC="0.92" CONTENT="hithörande"/><SP WIDTH="12" VPOS="559" HPOS="689"/>
							<String ID="string_138" HPOS="701" VPOS="559" WIDTH="208" HEIGHT="26" WC="0.92" CONTENT="ordningsreglernas"/>
						</TextLine>
						<TextLine ID="line_14" HPOS="84" VPOS="587" WIDTH="826" HEIGHT="27">
							<String ID="string_139" HPOS="84" VPOS="587" WIDTH="63" HEIGHT="27" WC="0.91" CONTENT="gebit."/><SP WIDTH="30" VPOS="587" HPOS="147"/>
							<String ID="string_140" HPOS="177" VPOS="587" WIDTH="42" HEIGHT="27" WC="0.93" CONTENT="Jag"/><SP WIDTH="20" VPOS="587" HPOS="219"/>
							<String ID="string_141" HPOS="239" VPOS="587" WIDTH="68" HEIGHT="21" WC="0.92" CONTENT="finner"/><SP WIDTH="21" VPOS="587" HPOS="307"/>
							<String ID="string_142" HPOS="328" VPOS="587" WIDTH="35" HEIGHT="21" WC="0.93" CONTENT="det"/><SP WIDTH="22" VPOS="587" HPOS="363"/>
							<String ID="string_143" HPOS="385" VPOS="587" WIDTH="63" HEIGHT="21" WC="0.92" CONTENT="ocksä"/><SP WIDTH="14" VPOS="587" HPOS="448"/>
							<String ID="string_144" HPOS="462" VPOS="588" WIDTH="47" HEIGHT="20" WC="0.91" CONTENT="icke"/><SP WIDTH="17" VPOS="588" HPOS="509"/>
							<String ID="string_145" HPOS="526" VPOS="590" WIDTH="64" HEIGHT="18" WC="0.96" CONTENT="annat"/><SP WIDTH="16" VPOS="590" HPOS="590"/>
							<String ID="string_146" HPOS="606" VPOS="589" WIDTH="26" HEIGHT="19" WC="0.96" CONTENT="än"/><SP WIDTH="16" VPOS="589" HPOS="632"/>
							<String ID="string_147" HPOS="648" VPOS="589" WIDTH="40" HEIGHT="19" WC="0.96" CONTENT="rätt"/><SP WIDTH="14" VPOS="589" HPOS="688"/>
							<String ID="string_148" HPOS="702" VPOS="588" WIDTH="40" HEIGHT="20" WC="0.93" CONTENT="och"/><SP WIDTH="15" VPOS="588" HPOS="742"/>
							<String ID="string_149" HPOS="757" VPOS="587" WIDTH="109" HEIGHT="27" WC="0.91" CONTENT="tillbörligt"/><SP WIDTH="15" VPOS="587" HPOS="866"/>
							<String ID="string_150" HPOS="881" VPOS="589" WIDTH="29" HEIGHT="19" WC="0.96" CONTENT="att"/>
						</TextLine>
						<TextLine ID="line_15" HPOS="85" VPOS="616" WIDTH="823" HEIGHT="27">
							<String ID="string_151" HPOS="85" VPOS="622" WIDTH="26" HEIGHT="14" WC="0.96" CONTENT="en"/><SP WIDTH="24" VPOS="622" HPOS="111"/>
							<String ID="string_152" HPOS="135" VPOS="616" WIDTH="34" HEIGHT="20" WC="0.93" CONTENT="del"/><SP WIDTH="23" VPOS="616" HPOS="169"/>
							<String ID="string_153" HPOS="192" VPOS="616" WIDTH="151" HEIGHT="26" WC="0.92" CONTENT="befogenheter"/><SP WIDTH="21" VPOS="616" HPOS="343"/>
							<String ID="string_154" HPOS="364" VPOS="616" WIDTH="27" HEIGHT="27" WC="0.96" CONTENT="pä"/><SP WIDTH="22" VPOS="616" HPOS="391"/>
							<String ID="string_155" HPOS="413" VPOS="616" WIDTH="56" HEIGHT="20" WC="0.93" CONTENT="detta"/><SP WIDTH="23" VPOS="616" HPOS="469"/>
							<String ID="string_156" HPOS="492" VPOS="616" WIDTH="92" HEIGHT="26" WC="0.92" CONTENT="omräde,"/><SP WIDTH="22" VPOS="616" HPOS="584"/>
							<String ID="string_157" HPOS="606" VPOS="622" WIDTH="44" HEIGHT="14" WC="0.96" CONTENT="som"/><SP WIDTH="16" VPOS="622" HPOS="650"/>
							<String ID="string_158" HPOS="666" VPOS="616" WIDTH="89" HEIGHT="26" WC="0.93" CONTENT="tidigare"/><SP WIDTH="15" VPOS="616" HPOS="755"/>
							<String ID="string_159" HPOS="770" VPOS="616" WIDTH="97" HEIGHT="20" WC="0.90" CONTENT="tillhörde"/><SP WIDTH="16" VPOS="616" HPOS="867"/>
							<String ID="string_160" HPOS="883" VPOS="616" WIDTH="25" HEIGHT="20" WC="0.96" CONTENT="de"/>
						</TextLine>
						<TextLine ID="line_16" HPOS="83" VPOS="644" WIDTH="825" HEIGHT="27">
							<String ID="string_161" HPOS="83" VPOS="644" WIDTH="168" HEIGHT="21" WC="0.92" CONTENT="administrativa"/><SP WIDTH="13" VPOS="644" HPOS="251"/>
							<String ID="string_162" HPOS="264" VPOS="644" WIDTH="182" HEIGHT="27" WC="0.93" CONTENT="myndigheterna,"/><SP WIDTH="13" VPOS="644" HPOS="446"/>
							<String ID="string_163" HPOS="459" VPOS="644" WIDTH="63" HEIGHT="21" WC="0.92" CONTENT="hafva"/><SP WIDTH="14" VPOS="644" HPOS="522"/>
							<String ID="string_164" HPOS="536" VPOS="644" WIDTH="69" HEIGHT="21" WC="0.92" CONTENT="blifvit"/><SP WIDTH="16" VPOS="644" HPOS="605"/>
							<String ID="string_165" HPOS="621" VPOS="644" WIDTH="119" HEIGHT="21" WC="0.92" CONTENT="öfverförda"/><SP WIDTH="14" VPOS="644" HPOS="740"/>
							<String ID="string_166" HPOS="754" VPOS="644" WIDTH="31" HEIGHT="20" WC="0.96" CONTENT="till"/><SP WIDTH="13" VPOS="644" HPOS="785"/>
							<String ID="string_167" HPOS="798" VPOS="644" WIDTH="40" HEIGHT="21" WC="0.93" CONTENT="den"/><SP WIDTH="12" VPOS="644" HPOS="838"/>
							<String ID="string_168" HPOS="850" VPOS="644" WIDTH="58" HEIGHT="21" WC="0.93" CONTENT="kom-"/>
						</TextLine>
						<TextLine ID="line_17" HPOS="84" VPOS="673" WIDTH="825" HEIGHT="27">
							<String ID="string_169" HPOS="84" VPOS="673" WIDTH="86" HEIGHT="21" WC="0.91" CONTENT="munala"/><SP WIDTH="11" VPOS="673" HPOS="170"/>
							<String ID="string_170" HPOS="181" VPOS="673" WIDTH="163" HEIGHT="27" WC="0.92" CONTENT="själfstyrelsens"/><SP WIDTH="11" VPOS="673" HPOS="344"/>
							<String ID="string_171" HPOS="355" VPOS="673" WIDTH="62" HEIGHT="27" WC="0.93" CONTENT="gebit."/><SP WIDTH="16" VPOS="673" HPOS="417"/>
							<String ID="string_172" HPOS="433" VPOS="673" WIDTH="37" HEIGHT="21" WC="0.93" CONTENT="Alt"/><SP WIDTH="15" VPOS="673" HPOS="470"/>
							<String ID="string_173" HPOS="485" VPOS="673" WIDTH="75" HEIGHT="21" WC="0.93" CONTENT="sädant"/><SP WIDTH="16" VPOS="673" HPOS="560"/>
							<String ID="string_174" HPOS="576" VPOS="674" WIDTH="37" HEIGHT="20" WC="0.94" CONTENT="har"/><SP WIDTH="15" VPOS="674" HPOS="613"/>
							<String ID="string_175" HPOS="628" VPOS="673" WIDTH="45" HEIGHT="21" WC="0.96" CONTENT="skäl"/><SP WIDTH="15" VPOS="673" HPOS="673"/>
							<String ID="string_176" HPOS="688" VPOS="673" WIDTH="33" HEIGHT="20" WC="0.96" CONTENT="för"/><SP WIDTH="15" VPOS="673" HPOS="721"/>
							<String ID="string_177" HPOS="736" VPOS="673" WIDTH="37" HEIGHT="27" WC="0.96" CONTENT="sig,"/><SP WIDTH="15" VPOS="673" HPOS="773"/>
							<String ID="string_178" HPOS="788" VPOS="674" WIDTH="39" HEIGHT="20" WC="0.93" CONTENT="och"/><SP WIDTH="15" VPOS="674" HPOS="827"/>
							<String ID="string_179" HPOS="842" VPOS="673" WIDTH="67" HEIGHT="27" WC="0.90" CONTENT="syftar"/>
						</TextLine>
						<TextLine ID="line_18" HPOS="83" VPOS="701" WIDTH="825" HEIGHT="28">
							<String ID="string_180" HPOS="83" VPOS="702" WIDTH="35" HEIGHT="26" WC="0.93" CONTENT="jag"/><SP WIDTH="13" VPOS="702" HPOS="118"/>
							<String ID="string_181" HPOS="131" VPOS="702" WIDTH="47" HEIGHT="20" WC="0.96" CONTENT="icke"/><SP WIDTH="16" VPOS="702" HPOS="178"/>
							<String ID="string_182" HPOS="194" VPOS="702" WIDTH="69" HEIGHT="27" WC="0.95" CONTENT="härpå."/><SP WIDTH="27" VPOS="702" HPOS="263"/>
							<String ID="string_183" HPOS="290" VPOS="701" WIDTH="46" HEIGHT="21" WC="0.93" CONTENT="Den"/><SP WIDTH="22" VPOS="701" HPOS="336"/>
							<String ID="string_184" HPOS="358" VPOS="702" WIDTH="188" HEIGHT="27" WC="0.92" CONTENT="principvidrighet"/><SP WIDTH="20" VPOS="702" HPOS="546"/>
							<String ID="string_185" HPOS="566" VPOS="702" WIDTH="36" HEIGHT="27" WC="0.93" CONTENT="jag"/><SP WIDTH="15" VPOS="702" HPOS="602"/>
							<String ID="string_186" HPOS="617" VPOS="702" WIDTH="79" HEIGHT="26" WC="0.96" CONTENT="åsyftar"/><SP WIDTH="15" VPOS="702" HPOS="696"/>
							<String ID="string_187" HPOS="711" VPOS="704" WIDTH="23" HEIGHT="18" WC="0.97" CONTENT="är"/><SP WIDTH="15" VPOS="704" HPOS="734"/>
							<String ID="string_188" HPOS="749" VPOS="702" WIDTH="40" HEIGHT="20" WC="0.96" CONTENT="den"/><SP WIDTH="16" VPOS="702" HPOS="789"/>
							<String ID="string_189" HPOS="805" VPOS="704" WIDTH="30" HEIGHT="18" WC="0.93" CONTENT="att"/><SP WIDTH="14" VPOS="704" HPOS="835"/>
							<String ID="string_190" HPOS="849" VPOS="702" WIDTH="59" HEIGHT="20" WC="0.92" CONTENT="kom-"/>
						</TextLine>
						<TextLine ID="line_19" HPOS="83" VPOS="730" WIDTH="824" HEIGHT="28">
							<String ID="string_191" HPOS="83" VPOS="737" WIDTH="116" HEIGHT="14" WC="0.92" CONTENT="munernas"/><SP WIDTH="15" VPOS="737" HPOS="199"/>
							<String ID="string_192" HPOS="214" VPOS="730" WIDTH="215" HEIGHT="27" WC="0.55" CONTENT="maktfullkomlighet"/><SP WIDTH="14" VPOS="730" HPOS="429"/>
							<String ID="string_193" HPOS="443" VPOS="730" WIDTH="39" HEIGHT="21" WC="0.96" CONTENT="fått"/><SP WIDTH="15" VPOS="730" HPOS="482"/>
							<String ID="string_194" HPOS="497" VPOS="730" WIDTH="26" HEIGHT="28" WC="0.95" CONTENT="gå"/><SP WIDTH="16" VPOS="730" HPOS="523"/>
							<String ID="string_195" HPOS="539" VPOS="730" WIDTH="23" HEIGHT="21" WC="0.93" CONTENT="sä"/><SP WIDTH="15" VPOS="730" HPOS="562"/>
							<String ID="string_196" HPOS="577" VPOS="730" WIDTH="64" HEIGHT="28" WC="0.96" CONTENT="långt,"/><SP WIDTH="15" VPOS="730" HPOS="641"/>
							<String ID="string_197" HPOS="656" VPOS="732" WIDTH="30" HEIGHT="19" WC="0.97" CONTENT="att"/><SP WIDTH="15" VPOS="732" HPOS="686"/>
							<String ID="string_198" HPOS="701" VPOS="736" WIDTH="49" HEIGHT="15" WC="0.93" CONTENT="man"/><SP WIDTH="16" VPOS="736" HPOS="750"/>
							<String ID="string_199" HPOS="766" VPOS="730" WIDTH="84" HEIGHT="21" WC="0.93" CONTENT="tillmätt"/><SP WIDTH="10" VPOS="730" HPOS="850"/>
							<String ID="string_200" HPOS="860" VPOS="730" WIDTH="47" HEIGHT="20" WC="0.96" CONTENT="dem"/>
						</TextLine>
						<TextLine ID="line_20" HPOS="83" VPOS="758" WIDTH="824" HEIGHT="28">
							<String ID="string_201" HPOS="83" VPOS="761" WIDTH="46" HEIGHT="19" WC="0.94" CONTENT="rent"/><SP WIDTH="22" VPOS="761" HPOS="129"/>
							<String ID="string_202" HPOS="151" VPOS="759" WIDTH="22" HEIGHT="21" WC="0.92" CONTENT="af"/><SP WIDTH="22" VPOS="759" HPOS="173"/>
							<String ID="string_203" HPOS="195" VPOS="759" WIDTH="154" HEIGHT="27" WC="0.53" CONTENT="befogenheten"/><SP WIDTH="23" VPOS="759" HPOS="349"/>
							<String ID="string_204" HPOS="372" VPOS="761" WIDTH="30" HEIGHT="18" WC="0.96" CONTENT="att"/><SP WIDTH="22" VPOS="761" HPOS="402"/>
							<String ID="string_205" HPOS="424" VPOS="759" WIDTH="58" HEIGHT="21" WC="0.96" CONTENT="stifta"/><SP WIDTH="22" VPOS="759" HPOS="482"/>
							<String ID="string_206" HPOS="504" VPOS="759" WIDTH="34" HEIGHT="27" WC="0.96" CONTENT="lag"/><SP WIDTH="23" VPOS="759" HPOS="538"/>
							<String ID="string_207" HPOS="561" VPOS="759" WIDTH="39" HEIGHT="21" WC="0.96" CONTENT="och"/><SP WIDTH="21" VPOS="759" HPOS="600"/>
							<String ID="string_208" HPOS="621" VPOS="759" WIDTH="56" HEIGHT="21" WC="0.96" CONTENT="detta"/><SP WIDTH="22" VPOS="759" HPOS="677"/>
							<String ID="string_209" HPOS="699" VPOS="758" WIDTH="26" HEIGHT="28" WC="0.93" CONTENT="pä"/><SP WIDTH="15" VPOS="758" HPOS="725"/>
							<String ID="string_210" HPOS="740" VPOS="759" WIDTH="106" HEIGHT="27" WC="0.96" CONTENT="områden,"/><SP WIDTH="16" VPOS="759" HPOS="846"/>
							<String ID="string_211" HPOS="862" VPOS="765" WIDTH="45" HEIGHT="14" WC="0.96" CONTENT="som"/>
						</TextLine>
						<TextLine ID="line_21" HPOS="84" VPOS="787" WIDTH="824" HEIGHT="27">
							<String ID="string_212" HPOS="84" VPOS="788" WIDTH="73" HEIGHT="20" WC="0.96" CONTENT="beröra"/><SP WIDTH="22" VPOS="788" HPOS="157"/>
							<String ID="string_213" HPOS="179" VPOS="788" WIDTH="96" HEIGHT="20" WC="0.89" CONTENT="enskilda"/><SP WIDTH="20" VPOS="788" HPOS="275"/>
							<String ID="string_214" HPOS="295" VPOS="787" WIDTH="148" HEIGHT="26" WC="0.96" CONTENT="medborgares"/><SP WIDTH="22" VPOS="787" HPOS="443"/>
							<String ID="string_215" HPOS="465" VPOS="788" WIDTH="111" HEIGHT="26" WC="0.95" CONTENT="viktigaste"/><SP WIDTH="18" VPOS="788" HPOS="576"/>
							<String ID="string_216" HPOS="594" VPOS="789" WIDTH="46" HEIGHT="19" WC="0.93" CONTENT="rätt."/><SP WIDTH="30" VPOS="789" HPOS="640"/>
							<String ID="string_217" HPOS="670" VPOS="787" WIDTH="86" HEIGHT="20" WC="0.70" CONTENT="Enhvar"/><SP WIDTH="16" VPOS="787" HPOS="756"/>
							<String ID="string_218" HPOS="772" VPOS="787" WIDTH="80" HEIGHT="20" WC="0.91" CONTENT="känner"/><SP WIDTH="14" VPOS="787" HPOS="852"/>
							<String ID="string_219" HPOS="866" VPOS="787" WIDTH="42" HEIGHT="20" WC="0.92" CONTENT="för-"/>
						</TextLine>
						<TextLine ID="line_22" HPOS="83" VPOS="815" WIDTH="825" HEIGHT="28">
							<String ID="string_220" HPOS="83" VPOS="815" WIDTH="127" HEIGHT="22" WC="0.81" CONTENT="hällandena"/><SP WIDTH="14" VPOS="815" HPOS="210"/>
							<String ID="string_221" HPOS="224" VPOS="815" WIDTH="27" HEIGHT="28" WC="0.96" CONTENT="pä"/><SP WIDTH="15" VPOS="815" HPOS="251"/>
							<String ID="string_222" HPOS="266" VPOS="816" WIDTH="57" HEIGHT="20" WC="0.93" CONTENT="detta"/><SP WIDTH="15" VPOS="816" HPOS="323"/>
							<String ID="string_223" HPOS="338" VPOS="815" WIDTH="91" HEIGHT="21" WC="0.96" CONTENT="område."/><SP WIDTH="26" VPOS="815" HPOS="429"/>
							<String ID="string_224" HPOS="455" VPOS="815" WIDTH="32" HEIGHT="21" WC="0.92" CONTENT="En"/><SP WIDTH="17" VPOS="815" HPOS="487"/>
							<String ID="string_225" HPOS="504" VPOS="816" WIDTH="82" HEIGHT="21" WC="0.95" CONTENT="enskild"/><SP WIDTH="16" VPOS="816" HPOS="586"/>
							<String ID="string_226" HPOS="602" VPOS="817" WIDTH="101" HEIGHT="19" WC="0.96" CONTENT="kommun"/><SP WIDTH="19" VPOS="817" HPOS="703"/>
							<String ID="string_227" HPOS="722" VPOS="816" WIDTH="7" HEIGHT="19" WC="0.93" CONTENT="i"/><SP WIDTH="18" VPOS="816" HPOS="729"/>
							<String ID="string_228" HPOS="747" VPOS="815" WIDTH="46" HEIGHT="21" WC="0.96" CONTENT="vårt"/><SP WIDTH="10" VPOS="815" HPOS="793"/>
							<String ID="string_229" HPOS="803" VPOS="815" WIDTH="49" HEIGHT="21" WC="0.96" CONTENT="land"/><SP WIDTH="14" VPOS="815" HPOS="852"/>
							<String ID="string_230" HPOS="866" VPOS="815" WIDTH="42" HEIGHT="21" WC="0.96" CONTENT="kan"/>
						</TextLine>
						<TextLine ID="line_23" HPOS="83" VPOS="844" WIDTH="824" HEIGHT="27">
							<String ID="string_231" HPOS="83" VPOS="844" WIDTH="132" HEIGHT="27" WC="0.93" CONTENT="väsentligen"/><SP WIDTH="21" VPOS="844" HPOS="215"/>
							<String ID="string_232" HPOS="236" VPOS="845" WIDTH="119" HEIGHT="26" WC="0.92" CONTENT="inskränka,"/><SP WIDTH="22" VPOS="845" HPOS="355"/>
							<String ID="string_233" HPOS="377" VPOS="845" WIDTH="20" HEIGHT="26" WC="0.96" CONTENT="ja"/><SP WIDTH="22" VPOS="845" HPOS="397"/>
							<String ID="string_234" HPOS="419" VPOS="844" WIDTH="30" HEIGHT="21" WC="0.96" CONTENT="till"/><SP WIDTH="23" VPOS="844" HPOS="449"/>
							<String ID="string_235" HPOS="472" VPOS="845" WIDTH="39" HEIGHT="20" WC="0.96" CONTENT="och"/><SP WIDTH="23" VPOS="845" HPOS="511"/>
							<String ID="string_236" HPOS="534" VPOS="845" WIDTH="46" HEIGHT="20" WC="0.96" CONTENT="med"/><SP WIDTH="22" VPOS="845" HPOS="580"/>
							<String ID="string_237" HPOS="602" VPOS="844" WIDTH="44" HEIGHT="21" WC="0.96" CONTENT="helt"/><SP WIDTH="21" VPOS="844" HPOS="646"/>
							<String ID="string_238" HPOS="667" VPOS="845" WIDTH="38" HEIGHT="20" WC="0.91" CONTENT="och"/><SP WIDTH="19" VPOS="845" HPOS="705"/>
							<String ID="string_239" HPOS="724" VPOS="844" WIDTH="64" HEIGHT="21" WC="0.91" CONTENT="hället"/><SP WIDTH="15" VPOS="844" HPOS="788"/>
							<String ID="string_240" HPOS="803" VPOS="844" WIDTH="32" HEIGHT="21" WC="0.93" CONTENT="för"/><SP WIDTH="15" VPOS="844" HPOS="835"/>
							<String ID="string_241" HPOS="850" VPOS="844" WIDTH="57" HEIGHT="21" WC="0.92" CONTENT="med-"/>
						</TextLine>
						<TextLine ID="line_24" HPOS="83" VPOS="873" WIDTH="826" HEIGHT="27">
							<String ID="string_242" HPOS="83" VPOS="873" WIDTH="88" HEIGHT="26" WC="0.91" CONTENT="borgare"/><SP WIDTH="22" VPOS="873" HPOS="171"/>
							<String ID="string_243" HPOS="193" VPOS="873" WIDTH="105" HEIGHT="27" WC="0.90" CONTENT="upphäfva"/><SP WIDTH="15" VPOS="873" HPOS="298"/>
							<String ID="string_244" HPOS="313" VPOS="875" WIDTH="67" HEIGHT="18" WC="0.92" CONTENT="rätten"/><SP WIDTH="16" VPOS="875" HPOS="380"/>
							<String ID="string_245" HPOS="396" VPOS="873" WIDTH="32" HEIGHT="20" WC="0.93" CONTENT="till"/><SP WIDTH="15" VPOS="873" HPOS="428"/>
							<String ID="string_246" HPOS="443" VPOS="873" WIDTH="99" HEIGHT="27" WC="0.92" CONTENT="utöfning"/><SP WIDTH="16" VPOS="873" HPOS="542"/>
							<String ID="string_247" HPOS="558" VPOS="873" WIDTH="20" HEIGHT="20" WC="0.93" CONTENT="af"/><SP WIDTH="16" VPOS="873" HPOS="578"/>
							<String ID="string_248" HPOS="594" VPOS="873" WIDTH="81" HEIGHT="27" WC="0.92" CONTENT="näring,"/><SP WIDTH="15" VPOS="873" HPOS="675"/>
							<String ID="string_249" HPOS="690" VPOS="873" WIDTH="7" HEIGHT="20" WC="0.93" CONTENT="i"/><SP WIDTH="17" VPOS="873" HPOS="697"/>
							<String ID="string_250" HPOS="714" VPOS="873" WIDTH="83" HEIGHT="20" WC="0.92" CONTENT="hvilken"/><SP WIDTH="17" VPOS="873" HPOS="797"/>
							<String ID="string_251" HPOS="814" VPOS="873" WIDTH="41" HEIGHT="20" WC="0.96" CONTENT="han"/><SP WIDTH="16" VPOS="873" HPOS="855"/>
							<String ID="string_252" HPOS="871" VPOS="873" WIDTH="38" HEIGHT="20" WC="0.96" CONTENT="har"/>
						</TextLine>
						<TextLine ID="line_25" HPOS="83" VPOS="901" WIDTH="824" HEIGHT="27">
							<String ID="string_253" HPOS="83" VPOS="901" WIDTH="47" HEIGHT="21" WC="0.96" CONTENT="hela"/><SP WIDTH="15" VPOS="901" HPOS="130"/>
							<String ID="string_254" HPOS="145" VPOS="901" WIDTH="33" HEIGHT="20" WC="0.96" CONTENT="sin"/><SP WIDTH="16" VPOS="901" HPOS="178"/>
							<String ID="string_255" HPOS="194" VPOS="901" WIDTH="104" HEIGHT="27" WC="0.93" CONTENT="egendom"/><SP WIDTH="15" VPOS="901" HPOS="298"/>
							<String ID="string_256" HPOS="313" VPOS="901" WIDTH="98" HEIGHT="27" WC="0.92" CONTENT="placerad"/><SP WIDTH="16" VPOS="901" HPOS="411"/>
							<String ID="string_257" HPOS="427" VPOS="902" WIDTH="38" HEIGHT="20" WC="0.96" CONTENT="och"/><SP WIDTH="17" VPOS="902" HPOS="465"/>
							<String ID="string_258" HPOS="482" VPOS="902" WIDTH="6" HEIGHT="20" WC="0.93" CONTENT="i"/><SP WIDTH="16" VPOS="902" HPOS="488"/>
							<String ID="string_259" HPOS="504" VPOS="902" WIDTH="86" HEIGHT="20" WC="0.92" CONTENT="hvilken"/><SP WIDTH="13" VPOS="902" HPOS="590"/>
							<String ID="string_260" HPOS="603" VPOS="902" WIDTH="41" HEIGHT="20" WC="0.96" CONTENT="han"/><SP WIDTH="11" VPOS="902" HPOS="644"/>
							<String ID="string_261" HPOS="655" VPOS="908" WIDTH="33" HEIGHT="14" WC="0.96" CONTENT="ser"/><SP WIDTH="11" VPOS="908" HPOS="688"/>
							<String ID="string_262" HPOS="699" VPOS="901" WIDTH="41" HEIGHT="21" WC="0.93" CONTENT="den"/><SP WIDTH="12" VPOS="901" HPOS="740"/>
							<String ID="string_263" HPOS="752" VPOS="901" WIDTH="54" HEIGHT="21" WC="0.92" CONTENT="enda"/><SP WIDTH="10" VPOS="901" HPOS="806"/>
							<String ID="string_264" HPOS="816" VPOS="903" WIDTH="91" HEIGHT="25" WC="0.92" CONTENT="utvägen"/>
						</TextLine>
						<TextLine ID="line_26" HPOS="83" VPOS="929" WIDTH="824" HEIGHT="27">
							<String ID="string_265" HPOS="83" VPOS="929" WIDTH="31" HEIGHT="21" WC="0.96" CONTENT="till"/><SP WIDTH="16" VPOS="929" HPOS="114"/>
							<String ID="string_266" HPOS="130" VPOS="930" WIDTH="33" HEIGHT="20" WC="0.93" CONTENT="sin"/><SP WIDTH="16" VPOS="930" HPOS="163"/>
							<String ID="string_267" HPOS="179" VPOS="930" WIDTH="99" HEIGHT="20" WC="0.91" CONTENT="existens."/><SP WIDTH="30" VPOS="930" HPOS="278"/>
							<String ID="string_268" HPOS="308" VPOS="930" WIDTH="45" HEIGHT="20" WC="0.93" CONTENT="Och"/><SP WIDTH="15" VPOS="930" HPOS="353"/>
							<String ID="string_269" HPOS="368" VPOS="930" WIDTH="118" HEIGHT="20" WC="0.92" CONTENT="emellertid"/><SP WIDTH="16" VPOS="930" HPOS="486"/>
							<String ID="string_270" HPOS="502" VPOS="932" WIDTH="23" HEIGHT="18" WC="0.96" CONTENT="är"/><SP WIDTH="15" VPOS="932" HPOS="525"/>
							<String ID="string_271" HPOS="540" VPOS="930" WIDTH="70" HEIGHT="20" WC="0.93" CONTENT="denna"/><SP WIDTH="15" VPOS="930" HPOS="610"/>
							<String ID="string_272" HPOS="625" VPOS="930" WIDTH="75" HEIGHT="26" WC="0.92" CONTENT="näring"/><SP WIDTH="16" VPOS="930" HPOS="700"/>
							<String ID="string_273" HPOS="716" VPOS="930" WIDTH="38" HEIGHT="20" WC="0.92" CONTENT="alls"/><SP WIDTH="10" VPOS="930" HPOS="754"/>
							<String ID="string_274" HPOS="764" VPOS="930" WIDTH="46" HEIGHT="20" WC="0.92" CONTENT="icke"/><SP WIDTH="9" VPOS="930" HPOS="810"/>
							<String ID="string_275" HPOS="819" VPOS="930" WIDTH="88" HEIGHT="20" WC="0.91" CONTENT="utdömd"/>
						</TextLine>
						<TextLine ID="line_27" HPOS="83" VPOS="958" WIDTH="824" HEIGHT="27">
							<String ID="string_276" HPOS="83" VPOS="958" WIDTH="21" HEIGHT="20" WC="0.92" CONTENT="af"/><SP WIDTH="21" VPOS="958" HPOS="104"/>
							<String ID="string_277" HPOS="125" VPOS="958" WIDTH="201" HEIGHT="22" WC="0.92" CONTENT="rättsmedvetandet"/><SP WIDTH="14" VPOS="958" HPOS="326"/>
							<String ID="string_278" HPOS="340" VPOS="959" WIDTH="7" HEIGHT="19" WC="0.93" CONTENT="i"/><SP WIDTH="16" VPOS="959" HPOS="347"/>
							<String ID="string_279" HPOS="363" VPOS="959" WIDTH="46" HEIGHT="19" WC="0.93" CONTENT="värt"/><SP WIDTH="14" VPOS="959" HPOS="409"/>
							<String ID="string_280" HPOS="423" VPOS="958" WIDTH="55" HEIGHT="26" WC="0.96" CONTENT="land,"/><SP WIDTH="22" VPOS="958" HPOS="478"/>
							<String ID="string_281" HPOS="500" VPOS="961" WIDTH="26" HEIGHT="18" WC="0.96" CONTENT="än"/><SP WIDTH="18" VPOS="961" HPOS="526"/>
							<String ID="string_282" HPOS="544" VPOS="958" WIDTH="81" HEIGHT="21" WC="0.96" CONTENT="mindre"/><SP WIDTH="16" VPOS="958" HPOS="625"/>
							<String ID="string_283" HPOS="641" VPOS="958" WIDTH="38" HEIGHT="21" WC="0.96" CONTENT="har"/><SP WIDTH="14" VPOS="958" HPOS="679"/>
							<String ID="string_284" HPOS="693" VPOS="965" WIDTH="26" HEIGHT="14" WC="0.93" CONTENT="en"/><SP WIDTH="17" VPOS="965" HPOS="719"/>
							<String ID="string_285" HPOS="736" VPOS="958" WIDTH="64" HEIGHT="20" WC="0.92" CONTENT="sädan"/><SP WIDTH="16" VPOS="958" HPOS="800"/>
							<String ID="string_286" HPOS="816" VPOS="958" WIDTH="91" HEIGHT="27" WC="0.91" CONTENT="uppfatt-"/>
						</TextLine>
						<TextLine ID="line_28" HPOS="83" VPOS="986" WIDTH="822" HEIGHT="28">
							<String ID="string_287" HPOS="83" VPOS="987" WIDTH="52" HEIGHT="27" WC="0.93" CONTENT="ning"/><SP WIDTH="20" VPOS="987" HPOS="135"/>
							<String ID="string_288" HPOS="155" VPOS="986" WIDTH="39" HEIGHT="22" WC="0.92" CONTENT="fätt"/><SP WIDTH="21" VPOS="986" HPOS="194"/>
							<String ID="string_289" HPOS="215" VPOS="987" WIDTH="83" HEIGHT="26" WC="0.91" CONTENT="uttryck"/><SP WIDTH="23" VPOS="987" HPOS="298"/>
							<String ID="string_290" HPOS="321" VPOS="987" WIDTH="5" HEIGHT="20" WC="0.96" CONTENT="i"/><SP WIDTH="23" VPOS="987" HPOS="326"/>
							<String ID="string_291" HPOS="349" VPOS="987" WIDTH="37" HEIGHT="20" WC="0.96" CONTENT="vär"/><SP WIDTH="21" VPOS="987" HPOS="386"/>
							<String ID="string_292" HPOS="407" VPOS="987" WIDTH="138" HEIGHT="27" WC="0.96" CONTENT="lagstiftning."/><SP WIDTH="31" VPOS="987" HPOS="545"/>
							<String ID="string_293" HPOS="576" VPOS="987" WIDTH="44" HEIGHT="21" WC="0.96" CONTENT="Och"/><SP WIDTH="21" VPOS="987" HPOS="620"/>
							<String ID="string_294" HPOS="641" VPOS="987" WIDTH="67" HEIGHT="20" WC="0.96" CONTENT="under"/><SP WIDTH="22" VPOS="987" HPOS="708"/>
							<String ID="string_295" HPOS="730" VPOS="987" WIDTH="34" HEIGHT="21" WC="0.96" CONTENT="det"/><SP WIDTH="16" VPOS="987" HPOS="764"/>
							<String ID="string_296" HPOS="780" VPOS="993" WIDTH="48" HEIGHT="14" WC="0.93" CONTENT="man"/><SP WIDTH="15" VPOS="993" HPOS="828"/>
							<String ID="string_297" HPOS="843" VPOS="987" WIDTH="7" HEIGHT="20" WC="0.93" CONTENT="i"/><SP WIDTH="16" VPOS="987" HPOS="850"/>
							<String ID="string_298" HPOS="866" VPOS="986" WIDTH="39" HEIGHT="21" WC="0.94" CONTENT="den"/>
						</TextLine>
						<TextLine ID="line_29" HPOS="83" VPOS="1015" WIDTH="824" HEIGHT="27">
							<String ID="string_299" HPOS="83" VPOS="1022" WIDTH="40" HEIGHT="14" WC="0.93" CONTENT="ena"/><SP WIDTH="16" VPOS="1022" HPOS="123"/>
							<String ID="string_300" HPOS="139" VPOS="1017" WIDTH="58" HEIGHT="19" WC="0.92" CONTENT="orten"/><SP WIDTH="14" VPOS="1017" HPOS="197"/>
							<String ID="string_301" HPOS="211" VPOS="1016" WIDTH="125" HEIGHT="20" WC="0.92" CONTENT="inskränker"/><SP WIDTH="11" VPOS="1016" HPOS="336"/>
							<String ID="string_302" HPOS="347" VPOS="1016" WIDTH="52" HEIGHT="20" WC="0.93" CONTENT="eller"/><SP WIDTH="10" VPOS="1016" HPOS="399"/>
							<String ID="string_303" HPOS="409" VPOS="1016" WIDTH="110" HEIGHT="26" WC="0.92" CONTENT="förbjuder"/><SP WIDTH="11" VPOS="1016" HPOS="519"/>
							<String ID="string_304" HPOS="530" VPOS="1016" WIDTH="70" HEIGHT="20" WC="0.93" CONTENT="denna"/><SP WIDTH="11" VPOS="1016" HPOS="600"/>
							<String ID="string_305" HPOS="611" VPOS="1016" WIDTH="81" HEIGHT="26" WC="0.92" CONTENT="näring,"/><SP WIDTH="10" VPOS="1016" HPOS="692"/>
							<String ID="string_306" HPOS="702" VPOS="1015" WIDTH="74" HEIGHT="21" WC="0.93" CONTENT="förbiir"/><SP WIDTH="9" VPOS="1015" HPOS="776"/>
							<String ID="string_307" HPOS="785" VPOS="1015" WIDTH="122" HEIGHT="21" WC="0.92" CONTENT="densamma"/>
						</TextLine>
						<TextLine ID="line_30" HPOS="83" VPOS="1044" WIDTH="825" HEIGHT="26">
							<String ID="string_308" HPOS="83" VPOS="1044" WIDTH="6" HEIGHT="20" WC="0.93" CONTENT="i"/><SP WIDTH="21" VPOS="1044" HPOS="89"/>
							<String ID="string_309" HPOS="110" VPOS="1046" WIDTH="129" HEIGHT="24" WC="0.92" CONTENT="grannorten"/><SP WIDTH="21" VPOS="1046" HPOS="239"/>
							<String ID="string_310" HPOS="260" VPOS="1044" WIDTH="26" HEIGHT="20" WC="0.92" CONTENT="fri"/><SP WIDTH="19" VPOS="1044" HPOS="286"/>
							<String ID="string_311" HPOS="305" VPOS="1044" WIDTH="39" HEIGHT="20" WC="0.93" CONTENT="och"/><SP WIDTH="15" VPOS="1044" HPOS="344"/>
							<String ID="string_312" HPOS="359" VPOS="1044" WIDTH="139" HEIGHT="21" WC="0.92" CONTENT="underkastas"/><SP WIDTH="17" VPOS="1044" HPOS="498"/>
							<String ID="string_313" HPOS="515" VPOS="1044" WIDTH="53" HEIGHT="21" WC="0.92" CONTENT="blott"/><SP WIDTH="15" VPOS="1044" HPOS="568"/>
							<String ID="string_314" HPOS="583" VPOS="1044" WIDTH="55" HEIGHT="20" WC="0.97" CONTENT="vissa"/><SP WIDTH="16" VPOS="1044" HPOS="638"/>
							<String ID="string_315" HPOS="654" VPOS="1044" WIDTH="70" HEIGHT="20" WC="0.93" CONTENT="därför"/><SP WIDTH="14" VPOS="1044" HPOS="724"/>
							<String ID="string_316" HPOS="738" VPOS="1044" WIDTH="108" HEIGHT="20" WC="0.92" CONTENT="faststälda"/><SP WIDTH="15" VPOS="1044" HPOS="846"/>
							<String ID="string_317" HPOS="861" VPOS="1044" WIDTH="47" HEIGHT="20" WC="0.91" CONTENT="ord-"/>
						</TextLine>
						<TextLine ID="line_31" HPOS="83" VPOS="1072" WIDTH="826" HEIGHT="27">
							<String ID="string_318" HPOS="83" VPOS="1072" WIDTH="137" HEIGHT="27" WC="0.91" CONTENT="ningsreglor."/><SP WIDTH="30" VPOS="1072" HPOS="220"/>
							<String ID="string_319" HPOS="250" VPOS="1072" WIDTH="47" HEIGHT="21" WC="0.90" CONTENT="Den"/><SP WIDTH="23" VPOS="1072" HPOS="297"/>
							<String ID="string_320" HPOS="320" VPOS="1072" WIDTH="81" HEIGHT="21" WC="0.95" CONTENT="olikhet"/><SP WIDTH="21" VPOS="1072" HPOS="401"/>
							<String ID="string_321" HPOS="422" VPOS="1073" WIDTH="7" HEIGHT="19" WC="0.93" CONTENT="i"/><SP WIDTH="23" VPOS="1073" HPOS="429"/>
							<String ID="string_322" HPOS="452" VPOS="1073" WIDTH="74" HEIGHT="26" WC="0.94" CONTENT="vilkor,"/><SP WIDTH="22" VPOS="1073" HPOS="526"/>
							<String ID="string_323" HPOS="548" VPOS="1080" WIDTH="46" HEIGHT="13" WC="0.96" CONTENT="som"/><SP WIDTH="16" VPOS="1080" HPOS="594"/>
							<String ID="string_324" HPOS="610" VPOS="1073" WIDTH="57" HEIGHT="20" WC="0.93" CONTENT="detta"/><SP WIDTH="15" VPOS="1073" HPOS="667"/>
							<String ID="string_325" HPOS="682" VPOS="1072" WIDTH="130" HEIGHT="21" WC="0.96" CONTENT="förhållande"/><SP WIDTH="15" VPOS="1072" HPOS="812"/>
							<String ID="string_326" HPOS="827" VPOS="1072" WIDTH="82" HEIGHT="21" WC="0.96" CONTENT="medför"/>
						</TextLine>
						<TextLine ID="line_32" HPOS="83" VPOS="1101" WIDTH="825" HEIGHT="27">
							<String ID="string_327" HPOS="83" VPOS="1101" WIDTH="32" HEIGHT="20" WC="0.95" CONTENT="för"/><SP WIDTH="22" VPOS="1101" HPOS="115"/>
							<String ID="string_328" HPOS="137" VPOS="1101" WIDTH="138" HEIGHT="27" WC="0.95" CONTENT="medborgare"/><SP WIDTH="23" VPOS="1101" HPOS="275"/>
							<String ID="string_329" HPOS="298" VPOS="1101" WIDTH="26" HEIGHT="27" WC="0.96" CONTENT="pä"/><SP WIDTH="23" VPOS="1101" HPOS="324"/>
							<String ID="string_330" HPOS="347" VPOS="1108" WIDTH="80" HEIGHT="14" WC="0.93" CONTENT="samma"/><SP WIDTH="21" VPOS="1108" HPOS="427"/>
							<String ID="string_331" HPOS="448" VPOS="1101" WIDTH="174" HEIGHT="27" WC="0.92" CONTENT="näringsomräde"/><SP WIDTH="19" VPOS="1101" HPOS="622"/>
							<String ID="string_332" HPOS="641" VPOS="1102" WIDTH="7" HEIGHT="19" WC="0.96" CONTENT="i"/><SP WIDTH="15" VPOS="1102" HPOS="648"/>
							<String ID="string_333" HPOS="663" VPOS="1108" WIDTH="81" HEIGHT="14" WC="0.96" CONTENT="samma"/><SP WIDTH="14" VPOS="1108" HPOS="744"/>
							<String ID="string_334" HPOS="758" VPOS="1101" WIDTH="56" HEIGHT="26" WC="0.96" CONTENT="land,"/><SP WIDTH="17" VPOS="1101" HPOS="814"/>
							<String ID="string_335" HPOS="831" VPOS="1103" WIDTH="23" HEIGHT="18" WC="0.96" CONTENT="är"/><SP WIDTH="15" VPOS="1103" HPOS="854"/>
							<String ID="string_336" HPOS="869" VPOS="1101" WIDTH="39" HEIGHT="20" WC="0.95" CONTENT="och"/>
						</TextLine>
						<TextLine ID="line_33" HPOS="82" VPOS="1129" WIDTH="826" HEIGHT="28">
							<String ID="string_337" HPOS="82" VPOS="1129" WIDTH="74" HEIGHT="21" WC="0.96" CONTENT="förblir"/><SP WIDTH="21" VPOS="1129" HPOS="156"/>
							<String ID="string_338" HPOS="177" VPOS="1136" WIDTH="25" HEIGHT="14" WC="0.93" CONTENT="en"/><SP WIDTH="17" VPOS="1136" HPOS="202"/>
							<String ID="string_339" HPOS="219" VPOS="1130" WIDTH="124" HEIGHT="27" WC="0.93" CONTENT="orimlighet."/><SP WIDTH="32" VPOS="1130" HPOS="343"/>
							<String ID="string_340" HPOS="375" VPOS="1130" WIDTH="153" HEIGHT="27" WC="0.92" CONTENT="Orimligheten"/><SP WIDTH="17" VPOS="1130" HPOS="528"/>
							<String ID="string_341" HPOS="545" VPOS="1130" WIDTH="96" HEIGHT="20" WC="0.96" CONTENT="ursäktas"/><SP WIDTH="14" VPOS="1130" HPOS="641"/>
							<String ID="string_342" HPOS="655" VPOS="1130" WIDTH="38" HEIGHT="20" WC="0.96" CONTENT="alls"/><SP WIDTH="15" VPOS="1130" HPOS="693"/>
							<String ID="string_343" HPOS="708" VPOS="1130" WIDTH="46" HEIGHT="20" WC="0.96" CONTENT="icke"/><SP WIDTH="16" VPOS="1130" HPOS="754"/>
							<String ID="string_344" HPOS="770" VPOS="1130" WIDTH="21" HEIGHT="20" WC="0.93" CONTENT="af"/><SP WIDTH="15" VPOS="1130" HPOS="791"/>
							<String ID="string_345" HPOS="806" VPOS="1129" WIDTH="102" HEIGHT="21" WC="0.96" CONTENT="olikheter"/>
						</TextLine>
						<TextLine ID="line_34" HPOS="83" VPOS="1157" WIDTH="824" HEIGHT="29">
							<String ID="string_346" HPOS="83" VPOS="1158" WIDTH="6" HEIGHT="20" WC="0.93" CONTENT="i"/><SP WIDTH="19" VPOS="1158" HPOS="89"/>
							<String ID="string_347" HPOS="108" VPOS="1158" WIDTH="209" HEIGHT="27" WC="0.90" CONTENT="ortsförhållandena,"/><SP WIDTH="20" VPOS="1158" HPOS="317"/>
							<String ID="string_348" HPOS="337" VPOS="1160" WIDTH="22" HEIGHT="25" WC="0.96" CONTENT="ty"/><SP WIDTH="16" VPOS="1160" HPOS="359"/>
							<String ID="string_349" HPOS="375" VPOS="1158" WIDTH="22" HEIGHT="20" WC="0.96" CONTENT="så"/><SP WIDTH="16" VPOS="1158" HPOS="397"/>
							<String ID="string_350" HPOS="413" VPOS="1158" WIDTH="117" HEIGHT="28" WC="0.96" CONTENT="väsentliga"/><SP WIDTH="16" VPOS="1158" HPOS="530"/>
							<String ID="string_351" HPOS="546" VPOS="1158" WIDTH="103" HEIGHT="21" WC="0.96" CONTENT="olikheter"/><SP WIDTH="14" VPOS="1158" HPOS="649"/>
							<String ID="string_352" HPOS="663" VPOS="1158" WIDTH="102" HEIGHT="27" WC="0.96" CONTENT="föreligga"/><SP WIDTH="16" VPOS="1158" HPOS="765"/>
							<String ID="string_353" HPOS="781" VPOS="1158" WIDTH="51" HEIGHT="20" WC="0.96" CONTENT="icke."/><SP WIDTH="31" VPOS="1158" HPOS="832"/>
							<String ID="string_354" HPOS="863" VPOS="1157" WIDTH="44" HEIGHT="21" WC="0.96" CONTENT="Och"/>
						</TextLine>
						<TextLine ID="line_35" HPOS="83" VPOS="1186" WIDTH="824" HEIGHT="27">
							<String ID="string_355" HPOS="83" VPOS="1186" WIDTH="41" HEIGHT="21" WC="0.96" CONTENT="den"/><SP WIDTH="19" VPOS="1186" HPOS="124"/>
							<String ID="string_356" HPOS="143" VPOS="1186" WIDTH="99" HEIGHT="21" WC="0.95" CONTENT="bitterhet"/><SP WIDTH="18" VPOS="1186" HPOS="242"/>
							<String ID="string_357" HPOS="260" VPOS="1187" WIDTH="40" HEIGHT="21" WC="0.96" CONTENT="den"/><SP WIDTH="19" VPOS="1187" HPOS="300"/>
							<String ID="string_358" HPOS="319" VPOS="1187" WIDTH="96" HEIGHT="21" WC="0.96" CONTENT="enskilde"/><SP WIDTH="16" VPOS="1187" HPOS="415"/>
							<String ID="string_359" HPOS="431" VPOS="1187" WIDTH="67" HEIGHT="21" WC="0.96" CONTENT="måste"/><SP WIDTH="15" VPOS="1187" HPOS="498"/>
							<String ID="string_360" HPOS="513" VPOS="1187" WIDTH="76" HEIGHT="26" WC="0.96" CONTENT="känna,"/><SP WIDTH="17" VPOS="1187" HPOS="589"/>
							<String ID="string_361" HPOS="606" VPOS="1187" WIDTH="26" HEIGHT="20" WC="0.96" CONTENT="då"/><SP WIDTH="16" VPOS="1187" HPOS="632"/>
							<String ID="string_362" HPOS="648" VPOS="1187" WIDTH="40" HEIGHT="20" WC="0.96" CONTENT="han"/><SP WIDTH="16" VPOS="1187" HPOS="688"/>
							<String ID="string_363" HPOS="704" VPOS="1186" WIDTH="90" HEIGHT="21" WC="0.96" CONTENT="drabbas"/><SP WIDTH="15" VPOS="1186" HPOS="794"/>
							<String ID="string_364" HPOS="809" VPOS="1186" WIDTH="21" HEIGHT="20" WC="0.93" CONTENT="af"/><SP WIDTH="14" VPOS="1186" HPOS="830"/>
							<String ID="string_365" HPOS="844" VPOS="1188" WIDTH="63" HEIGHT="19" WC="0.92" CONTENT="orätt-"/>
						</TextLine>
						<TextLine ID="line_36" HPOS="83" VPOS="1215" WIDTH="824" HEIGHT="27">
							<String ID="string_366" HPOS="83" VPOS="1215" WIDTH="59" HEIGHT="20" WC="0.89" CONTENT="visan"/><SP WIDTH="23" VPOS="1215" HPOS="142"/>
							<String ID="string_367" HPOS="165" VPOS="1215" WIDTH="133" HEIGHT="27" WC="0.89" CONTENT="härutinnan,"/><SP WIDTH="23" VPOS="1215" HPOS="298"/>
							<String ID="string_368" HPOS="321" VPOS="1215" WIDTH="40" HEIGHT="21" WC="0.96" CONTENT="blir"/><SP WIDTH="22" VPOS="1215" HPOS="361"/>
							<String ID="string_369" HPOS="383" VPOS="1215" WIDTH="135" HEIGHT="27" WC="0.96" CONTENT="sannerligen"/><SP WIDTH="20" VPOS="1215" HPOS="518"/>
							<String ID="string_370" HPOS="538" VPOS="1215" WIDTH="46" HEIGHT="21" WC="0.92" CONTENT="icke"/><SP WIDTH="16" VPOS="1215" HPOS="584"/>
							<String ID="string_371" HPOS="600" VPOS="1215" WIDTH="122" HEIGHT="20" WC="0.91" CONTENT="förmildrad"/><SP WIDTH="17" VPOS="1215" HPOS="722"/>
							<String ID="string_372" HPOS="739" VPOS="1215" WIDTH="58" HEIGHT="20" WC="0.96" CONTENT="däraf"/><SP WIDTH="15" VPOS="1215" HPOS="797"/>
							<String ID="string_373" HPOS="812" VPOS="1217" WIDTH="34" HEIGHT="22" WC="0.96" CONTENT="att,"/><SP WIDTH="16" VPOS="1217" HPOS="846"/>
							<String ID="string_374" HPOS="862" VPOS="1221" WIDTH="45" HEIGHT="14" WC="0.96" CONTENT="som"/>
						</TextLine>
						<TextLine ID="line_37" HPOS="82" VPOS="1243" WIDTH="825" HEIGHT="28">
							<String ID="string_375" HPOS="82" VPOS="1243" WIDTH="80" HEIGHT="20" WC="0.92" CONTENT="enhvar"/><SP WIDTH="15" VPOS="1243" HPOS="162"/>
							<String ID="string_376" HPOS="177" VPOS="1246" WIDTH="40" HEIGHT="22" WC="0.95" CONTENT="vet,"/><SP WIDTH="17" VPOS="1246" HPOS="217"/>
							<String ID="string_377" HPOS="234" VPOS="1243" WIDTH="40" HEIGHT="21" WC="0.96" CONTENT="den"/><SP WIDTH="17" VPOS="1243" HPOS="274"/>
							<String ID="string_378" HPOS="291" VPOS="1244" WIDTH="136" HEIGHT="20" WC="0.96" CONTENT="kommunala"/><SP WIDTH="15" VPOS="1244" HPOS="427"/>
							<String ID="string_379" HPOS="442" VPOS="1244" WIDTH="161" HEIGHT="27" WC="0.96" CONTENT="lagstiftningen"/><SP WIDTH="16" VPOS="1244" HPOS="603"/>
							<String ID="string_380" HPOS="619" VPOS="1243" WIDTH="26" HEIGHT="28" WC="0.96" CONTENT="på"/><SP WIDTH="15" VPOS="1243" HPOS="645"/>
							<String ID="string_381" HPOS="660" VPOS="1243" WIDTH="95" HEIGHT="21" WC="0.96" CONTENT="området"/><SP WIDTH="15" VPOS="1243" HPOS="755"/>
							<String ID="string_382" HPOS="770" VPOS="1245" WIDTH="23" HEIGHT="19" WC="0.96" CONTENT="är"/><SP WIDTH="9" VPOS="1245" HPOS="793"/>
							<String ID="string_383" HPOS="802" VPOS="1243" WIDTH="105" HEIGHT="21" WC="0.96" CONTENT="beroende"/>
						</TextLine>
						<TextLine ID="line_38" HPOS="82" VPOS="1271" WIDTH="826" HEIGHT="28">
							<String ID="string_384" HPOS="82" VPOS="1271" WIDTH="26" HEIGHT="28" WC="0.96" CONTENT="på"/><SP WIDTH="16" VPOS="1271" HPOS="108"/>
							<String ID="string_385" HPOS="124" VPOS="1278" WIDTH="26" HEIGHT="14" WC="0.96" CONTENT="en"/><SP WIDTH="16" VPOS="1278" HPOS="150"/>
							<String ID="string_386" HPOS="166" VPOS="1271" WIDTH="43" HEIGHT="21" WC="0.96" CONTENT="ofta"/><SP WIDTH="16" VPOS="1271" HPOS="209"/>
							<String ID="string_387" HPOS="225" VPOS="1272" WIDTH="70" HEIGHT="27" WC="0.96" CONTENT="knapp"/><SP WIDTH="16" VPOS="1272" HPOS="295"/>
							<String ID="string_388" HPOS="311" VPOS="1273" WIDTH="37" HEIGHT="20" WC="0.96" CONTENT="och"/><SP WIDTH="10" VPOS="1273" HPOS="348"/>
							<String ID="string_389" HPOS="358" VPOS="1272" WIDTH="91" HEIGHT="27" WC="0.96" CONTENT="tillfällig"/><SP WIDTH="8" VPOS="1272" HPOS="449"/>
							<String ID="string_390" HPOS="457" VPOS="1273" WIDTH="112" HEIGHT="26" WC="0.92" CONTENT="majoritet,"/><SP WIDTH="11" VPOS="1273" HPOS="569"/>
							<String ID="string_391" HPOS="580" VPOS="1272" WIDTH="105" HEIGHT="27" WC="0.92" CONTENT="påvärkad"/><SP WIDTH="12" VPOS="1272" HPOS="685"/>
							<String ID="string_392" HPOS="697" VPOS="1272" WIDTH="106" HEIGHT="21" WC="0.96" CONTENT="dessutom"/><SP WIDTH="11" VPOS="1272" HPOS="803"/>
							<String ID="string_393" HPOS="814" VPOS="1272" WIDTH="21" HEIGHT="20" WC="0.93" CONTENT="af"/><SP WIDTH="13" VPOS="1272" HPOS="835"/>
							<String ID="string_394" HPOS="848" VPOS="1271" WIDTH="60" HEIGHT="28" WC="0.92" CONTENT="dags-"/>
						</TextLine>
						<TextLine ID="line_39" HPOS="82" VPOS="1300" WIDTH="826" HEIGHT="28">
							<String ID="string_395" HPOS="82" VPOS="1301" WIDTH="115" HEIGHT="26" WC="0.96" CONTENT="opinionen"/><SP WIDTH="22" VPOS="1301" HPOS="197"/>
							<String ID="string_396" HPOS="219" VPOS="1301" WIDTH="38" HEIGHT="20" WC="0.93" CONTENT="och"/><SP WIDTH="24" VPOS="1301" HPOS="257"/>
							<String ID="string_397" HPOS="281" VPOS="1301" WIDTH="118" HEIGHT="20" WC="0.92" CONTENT="merändels"/><SP WIDTH="23" VPOS="1301" HPOS="399"/>
							<String ID="string_398" HPOS="422" VPOS="1303" WIDTH="65" HEIGHT="18" WC="0.96" CONTENT="utsatt"/><SP WIDTH="23" VPOS="1303" HPOS="487"/>
							<String ID="string_399" HPOS="510" VPOS="1301" WIDTH="32" HEIGHT="20" WC="0.96" CONTENT="för"/><SP WIDTH="18" VPOS="1301" HPOS="542"/>
							<String ID="string_400" HPOS="560" VPOS="1307" WIDTH="27" HEIGHT="15" WC="0.92" CONTENT="en"/><SP WIDTH="18" VPOS="1307" HPOS="587"/>
							<String ID="string_401" HPOS="605" VPOS="1301" WIDTH="53" HEIGHT="27" WC="0.92" CONTENT="liflig"/><SP WIDTH="15" VPOS="1301" HPOS="658"/>
							<String ID="string_402" HPOS="673" VPOS="1301" WIDTH="100" HEIGHT="26" WC="0.96" CONTENT="agitation"/><SP WIDTH="16" VPOS="1301" HPOS="773"/>
							<String ID="string_403" HPOS="789" VPOS="1300" WIDTH="45" HEIGHT="21" WC="0.95" CONTENT="från"/><SP WIDTH="17" VPOS="1300" HPOS="834"/>
							<String ID="string_404" HPOS="851" VPOS="1307" WIDTH="57" HEIGHT="14" WC="0.96" CONTENT="mera"/>
						</TextLine>
						<TextLine ID="line_40" HPOS="82" VPOS="1329" WIDTH="826" HEIGHT="27">
							<String ID="string_405" HPOS="82" VPOS="1329" WIDTH="141" HEIGHT="20" WC="0.95" CONTENT="välmenande"/><SP WIDTH="13" VPOS="1329" HPOS="223"/>
							<String ID="string_406" HPOS="236" VPOS="1331" WIDTH="27" HEIGHT="18" WC="0.95" CONTENT="än"/><SP WIDTH="11" VPOS="1331" HPOS="263"/>
							<String ID="string_407" HPOS="274" VPOS="1329" WIDTH="107" HEIGHT="27" WC="0.93" CONTENT="praktiska"/><SP WIDTH="12" VPOS="1329" HPOS="381"/>
							<String ID="string_408" HPOS="393" VPOS="1329" WIDTH="254" HEIGHT="27" WC="0.92" CONTENT="lagstiftarekandidaters"/><SP WIDTH="11" VPOS="1329" HPOS="647"/>
							<String ID="string_409" HPOS="658" VPOS="1329" WIDTH="50" HEIGHT="20" WC="0.94" CONTENT="sida."/><SP WIDTH="16" VPOS="1329" HPOS="708"/>
							<String ID="string_410" HPOS="724" VPOS="1329" WIDTH="36" HEIGHT="21" WC="0.96" CONTENT="Ett"/><SP WIDTH="12" VPOS="1329" HPOS="760"/>
							<String ID="string_411" HPOS="772" VPOS="1329" WIDTH="136" HEIGHT="26" WC="0.95" CONTENT="förhållande,"/>
						</TextLine>
						<TextLine ID="line_41" HPOS="81" VPOS="1357" WIDTH="827" HEIGHT="28">
							<String ID="string_412" HPOS="81" VPOS="1364" WIDTH="46" HEIGHT="14" WC="0.96" CONTENT="som"/><SP WIDTH="22" VPOS="1364" HPOS="127"/>
							<String ID="string_413" HPOS="149" VPOS="1364" WIDTH="36" HEIGHT="21" WC="0.95" CONTENT="ger"/><SP WIDTH="18" VPOS="1364" HPOS="185"/>
							<String ID="string_414" HPOS="203" VPOS="1357" WIDTH="31" HEIGHT="21" WC="0.96" CONTENT="till"/><SP WIDTH="20" VPOS="1357" HPOS="234"/>
							<String ID="string_415" HPOS="254" VPOS="1358" WIDTH="133" HEIGHT="21" WC="0.96" CONTENT="konsekvens"/><SP WIDTH="22" VPOS="1358" HPOS="387"/>
							<String ID="string_416" HPOS="409" VPOS="1359" WIDTH="111" HEIGHT="20" WC="0.96" CONTENT="orättvisor"/><SP WIDTH="15" VPOS="1359" HPOS="520"/>
							<String ID="string_417" HPOS="535" VPOS="1359" WIDTH="21" HEIGHT="20" WC="0.96" CONTENT="af"/><SP WIDTH="16" VPOS="1359" HPOS="556"/>
							<String ID="string_418" HPOS="572" VPOS="1358" WIDTH="69" HEIGHT="21" WC="0.96" CONTENT="denna"/><SP WIDTH="15" VPOS="1358" HPOS="641"/>
							<String ID="string_419" HPOS="656" VPOS="1360" WIDTH="37" HEIGHT="24" WC="0.96" CONTENT="art,"/><SP WIDTH="16" VPOS="1360" HPOS="693"/>
							<String ID="string_420" HPOS="709" VPOS="1358" WIDTH="38" HEIGHT="20" WC="0.96" CONTENT="bör"/><SP WIDTH="14" VPOS="1358" HPOS="747"/>
							<String ID="string_421" HPOS="761" VPOS="1358" WIDTH="46" HEIGHT="20" WC="0.96" CONTENT="icke"/><SP WIDTH="15" VPOS="1358" HPOS="807"/>
							<String ID="string_422" HPOS="822" VPOS="1357" WIDTH="22" HEIGHT="21" WC="0.93" CONTENT="få"/><SP WIDTH="14" VPOS="1357" HPOS="844"/>
							<String ID="string_423" HPOS="858" VPOS="1357" WIDTH="50" HEIGHT="21" WC="0.91" CONTENT="fort-"/>
						</TextLine>
						<TextLine ID="line_42" HPOS="81" VPOS="1386" WIDTH="828" HEIGHT="22">
							<String ID="string_424" HPOS="81" VPOS="1386" WIDTH="51" HEIGHT="21" WC="0.89" CONTENT="fara."/><SP WIDTH="30" VPOS="1386" HPOS="132"/>
							<String ID="string_425" HPOS="162" VPOS="1386" WIDTH="60" HEIGHT="21" WC="0.87" CONTENT="Allra"/><SP WIDTH="22" VPOS="1386" HPOS="222"/>
							<String ID="string_426" HPOS="244" VPOS="1387" WIDTH="64" HEIGHT="20" WC="0.96" CONTENT="minst"/><SP WIDTH="22" VPOS="1387" HPOS="308"/>
							<String ID="string_427" HPOS="330" VPOS="1387" WIDTH="37" HEIGHT="20" WC="0.96" CONTENT="bör"/><SP WIDTH="22" VPOS="1387" HPOS="367"/>
							<String ID="string_428" HPOS="389" VPOS="1387" WIDTH="35" HEIGHT="20" WC="0.96" CONTENT="det"/><SP WIDTH="20" VPOS="1387" HPOS="424"/>
							<String ID="string_429" HPOS="444" VPOS="1387" WIDTH="22" HEIGHT="20" WC="0.93" CONTENT="få"/><SP WIDTH="15" VPOS="1387" HPOS="466"/>
							<String ID="string_430" HPOS="481" VPOS="1387" WIDTH="119" HEIGHT="21" WC="0.92" CONTENT="utsträckas"/><SP WIDTH="15" VPOS="1387" HPOS="600"/>
							<String ID="string_431" HPOS="615" VPOS="1387" WIDTH="32" HEIGHT="20" WC="0.96" CONTENT="till"/><SP WIDTH="14" VPOS="1387" HPOS="647"/>
							<String ID="string_432" HPOS="661" VPOS="1386" WIDTH="30" HEIGHT="21" WC="0.96" CONTENT="alt"/><SP WIDTH="14" VPOS="1386" HPOS="691"/>
							<String ID="string_433" HPOS="705" VPOS="1386" WIDTH="51" HEIGHT="21" WC="0.96" CONTENT="flere"/><SP WIDTH="16" VPOS="1386" HPOS="756"/>
							<String ID="string_434" HPOS="772" VPOS="1386" WIDTH="100" HEIGHT="21" WC="0.96" CONTENT="områden"/><SP WIDTH="16" VPOS="1386" HPOS="872"/>
							<String ID="string_435" HPOS="888" VPOS="1386" WIDTH="21" HEIGHT="20" WC="0.94" CONTENT="af"/>
						</TextLine>
						<TextLine ID="line_43" HPOS="82" VPOS="1414" WIDTH="188" HEIGHT="28">
							<String ID="string_436" HPOS="82" VPOS="1415" WIDTH="37" HEIGHT="20" WC="0.96" CONTENT="vår"/><SP WIDTH="14" VPOS="1415" HPOS="119"/>
							<String ID="string_437" HPOS="133" VPOS="1414" WIDTH="137" HEIGHT="28" WC="0.95" CONTENT="lagstiftning."/>
						</TextLine>
					</TextBlock>
					<TextBlock ID="block_2" HPOS="81" VPOS="1443" WIDTH="828" HEIGHT="112">
						<TextLine ID="line_44" HPOS="150" VPOS="1443" WIDTH="758" HEIGHT="27">
							<String ID="string_438" HPOS="150" VPOS="1443" WIDTH="279" HEIGHT="27" WC="0.91" CONTENT="Nykterhetssträfvandena"/><SP WIDTH="11" VPOS="1443" HPOS="429"/>
							<String ID="string_439" HPOS="440" VPOS="1444" WIDTH="60" HEIGHT="21" WC="0.96" CONTENT="skola"/><SP WIDTH="12" VPOS="1444" HPOS="500"/>
							<String ID="string_440" HPOS="512" VPOS="1446" WIDTH="50" HEIGHT="19" WC="0.93" CONTENT="utan"/><SP WIDTH="16" VPOS="1446" HPOS="562"/>
							<String ID="string_441" HPOS="578" VPOS="1443" WIDTH="73" HEIGHT="21" WC="0.92" CONTENT="tvifvel"/><SP WIDTH="13" VPOS="1443" HPOS="651"/>
							<String ID="string_442" HPOS="664" VPOS="1443" WIDTH="83" HEIGHT="27" WC="0.93" CONTENT="påkalla"/><SP WIDTH="10" VPOS="1443" HPOS="747"/>
							<String ID="string_443" HPOS="757" VPOS="1443" WIDTH="151" HEIGHT="27" WC="0.91" CONTENT="lagstiftnings-"/>
						</TextLine>
						<TextLine ID="line_45" HPOS="81" VPOS="1470" WIDTH="828" HEIGHT="29">
							<String ID="string_444" HPOS="81" VPOS="1471" WIDTH="98" HEIGHT="27" WC="0.96" CONTENT="åtgärder"/><SP WIDTH="20" VPOS="1471" HPOS="179"/>
							<String ID="string_445" HPOS="199" VPOS="1472" WIDTH="64" HEIGHT="20" WC="0.96" CONTENT="också"/><SP WIDTH="20" VPOS="1472" HPOS="263"/>
							<String ID="string_446" HPOS="283" VPOS="1472" WIDTH="110" HEIGHT="27" WC="0.92" CONTENT="framgent."/><SP WIDTH="30" VPOS="1472" HPOS="393"/>
							<String ID="string_447" HPOS="423" VPOS="1472" WIDTH="81" HEIGHT="20" WC="0.92" CONTENT="Därom"/><SP WIDTH="20" VPOS="1472" HPOS="504"/>
							<String ID="string_448" HPOS="524" VPOS="1474" WIDTH="24" HEIGHT="18" WC="0.96" CONTENT="är"/><SP WIDTH="14" VPOS="1474" HPOS="548"/>
							<String ID="string_449" HPOS="562" VPOS="1472" WIDTH="54" HEIGHT="20" WC="0.96" CONTENT="intet"/><SP WIDTH="20" VPOS="1472" HPOS="616"/>
							<String ID="string_450" HPOS="636" VPOS="1472" WIDTH="51" HEIGHT="20" WC="0.96" CONTENT="ondt"/><SP WIDTH="21" VPOS="1472" HPOS="687"/>
							<String ID="string_451" HPOS="708" VPOS="1474" WIDTH="30" HEIGHT="18" WC="0.96" CONTENT="att"/><SP WIDTH="15" VPOS="1474" HPOS="738"/>
							<String ID="string_452" HPOS="753" VPOS="1474" WIDTH="55" HEIGHT="24" WC="0.93" CONTENT="säga,"/><SP WIDTH="15" VPOS="1474" HPOS="808"/>
							<String ID="string_453" HPOS="823" VPOS="1470" WIDTH="86" HEIGHT="22" WC="0.92" CONTENT="oaktadt"/>
						</TextLine>
						<TextLine ID="line_46" HPOS="81" VPOS="1499" WIDTH="827" HEIGHT="28">
							<String ID="string_454" HPOS="81" VPOS="1506" WIDTH="50" HEIGHT="14" WC="0.95" CONTENT="man"/><SP WIDTH="16" VPOS="1506" HPOS="131"/>
							<String ID="string_455" HPOS="147" VPOS="1500" WIDTH="124" HEIGHT="27" WC="0.96" CONTENT="visserligen"/><SP WIDTH="16" VPOS="1500" HPOS="271"/>
							<String ID="string_456" HPOS="287" VPOS="1500" WIDTH="65" HEIGHT="21" WC="0.96" CONTENT="redan"/><SP WIDTH="16" VPOS="1500" HPOS="352"/>
							<String ID="string_457" HPOS="368" VPOS="1507" WIDTH="29" HEIGHT="13" WC="0.96" CONTENT="nu"/><SP WIDTH="16" VPOS="1507" HPOS="397"/>
							<String ID="string_458" HPOS="413" VPOS="1500" WIDTH="65" HEIGHT="21" WC="0.96" CONTENT="borde"/><SP WIDTH="16" VPOS="1500" HPOS="478"/>
							<String ID="string_459" HPOS="494" VPOS="1508" WIDTH="50" HEIGHT="13" WC="0.96" CONTENT="vara"/><SP WIDTH="10" VPOS="1508" HPOS="544"/>
							<String ID="string_460" HPOS="554" VPOS="1507" WIDTH="77" HEIGHT="20" WC="0.96" CONTENT="mogen"/><SP WIDTH="11" VPOS="1507" HPOS="631"/>
							<String ID="string_461" HPOS="642" VPOS="1503" WIDTH="29" HEIGHT="18" WC="0.95" CONTENT="att"/><SP WIDTH="10" VPOS="1503" HPOS="671"/>
							<String ID="string_462" HPOS="681" VPOS="1500" WIDTH="45" HEIGHT="21" WC="0.95" CONTENT="inse"/><SP WIDTH="12" VPOS="1500" HPOS="726"/>
							<String ID="string_463" HPOS="738" VPOS="1502" WIDTH="28" HEIGHT="18" WC="0.93" CONTENT="att"/><SP WIDTH="11" VPOS="1502" HPOS="766"/>
							<String ID="string_464" HPOS="777" VPOS="1499" WIDTH="131" HEIGHT="27" WC="0.91" CONTENT="nykterhets-"/>
						</TextLine>
						<TextLine ID="line_47" HPOS="82" VPOS="1527" WIDTH="826" HEIGHT="28">
							<String ID="string_465" HPOS="82" VPOS="1530" WIDTH="107" HEIGHT="19" WC="0.96" CONTENT="vännerna"/><SP WIDTH="20" VPOS="1530" HPOS="189"/>
							<String ID="string_466" HPOS="209" VPOS="1529" WIDTH="75" HEIGHT="26" WC="0.96" CONTENT="främja"/><SP WIDTH="21" VPOS="1529" HPOS="284"/>
							<String ID="string_467" HPOS="305" VPOS="1529" WIDTH="36" HEIGHT="20" WC="0.96" CONTENT="sitt"/><SP WIDTH="20" VPOS="1529" HPOS="341"/>
							<String ID="string_468" HPOS="361" VPOS="1529" WIDTH="56" HEIGHT="26" WC="0.96" CONTENT="syfte"/><SP WIDTH="21" VPOS="1529" HPOS="417"/>
							<String ID="string_469" HPOS="438" VPOS="1529" WIDTH="46" HEIGHT="20" WC="0.96" CONTENT="icke"/><SP WIDTH="23" VPOS="1529" HPOS="484"/>
							<String ID="string_470" HPOS="507" VPOS="1529" WIDTH="23" HEIGHT="20" WC="0.96" CONTENT="så"/><SP WIDTH="15" VPOS="1529" HPOS="530"/>
							<String ID="string_471" HPOS="545" VPOS="1529" WIDTH="85" HEIGHT="26" WC="0.96" CONTENT="mycket"/><SP WIDTH="15" VPOS="1529" HPOS="630"/>
							<String ID="string_472" HPOS="645" VPOS="1529" WIDTH="49" HEIGHT="20" WC="0.97" CONTENT="med"/><SP WIDTH="15" VPOS="1529" HPOS="694"/>
							<String ID="string_473" HPOS="709" VPOS="1530" WIDTH="31" HEIGHT="19" WC="0.96" CONTENT="att"/><SP WIDTH="14" VPOS="1530" HPOS="740"/>
							<String ID="string_474" HPOS="754" VPOS="1530" WIDTH="44" HEIGHT="19" WC="0.96" CONTENT="rota"/><SP WIDTH="16" VPOS="1530" HPOS="798"/>
							<String ID="string_475" HPOS="814" VPOS="1529" WIDTH="6" HEIGHT="19" WC="0.97" CONTENT="i"/><SP WIDTH="15" VPOS="1529" HPOS="820"/>
							<String ID="string_476" HPOS="835" VPOS="1527" WIDTH="73" HEIGHT="27" WC="0.96" CONTENT="lagens"/>
						</TextLine>
					</TextBlock>
				</ComposedBlock>
				<GraphicalElement ID="cblock_3" HPOS="1099" VPOS="682" WIDTH="3" HEIGHT="395"></GraphicalElement >
			</PrintSpace>
		</Page>
	</Layout>
</alto>
