1103 1811
187 124 42 21 238
498 130 218 22 Stämpelbevillning.
933 130 24 17 18
968 130 51 18 febr.

183 198 96 28 utgifter,
302 204 47 15 som
367 200 36 19 äro
419 198 101 22 förenade
535 199 50 21 med
601 205 26 15 en
643 199 83 27 lagfart,
741 199 42 21 kan
796 199 42 20 han
853 198 101 28 möjligen
969 198 26 28 gå
1009 198 8 21 i

183 227 50 21 land
250 226 55 22 med.
335 226 50 22 Men
401 227 27 21 dä
442 227 37 21 det
488 228 115 27 föreligger
612 228 50 26 fem,
673 234 45 21 sex,
728 227 82 21 kanske
819 226 52 22 flere
881 227 58 21 äldre
949 228 69 20 öfver-

183 255 210 27 lätelsehandlingar,
415 256 72 21 hvilka
509 256 99 28 samtliga
622 256 61 21 skola
697 256 95 21 karteras
807 256 27 27 pä
849 257 41 19 sätt
905 262 34 14 om
955 256 63 27 köpe-

183 284 47 21 bref
253 286 24 18 är
300 284 141 27 föreskrifvet,
462 284 27 21 dä
511 286 66 19 stöter
592 284 36 21 det
643 284 27 28 pä
685 284 81 21 sådana
780 284 181 27 svårigheter
921 280 46 36 $att
975 285 42 20 han

183 312 94 27 mängen
301 312 57 27 gäng
380 313 81 27 nödgas
480 313 54 21 afstä
549 313 48 21 frän
612 313 34 21 sin
662 313 112 21 tillärnade
790 313 82 27 lagfart,
887 313 52 20 eller
954 313 63 21 ocksä

184 341 63 20 söker
262 341 42 20 han
321 341 39 20 och
376 341 73 27 lyckas
467 342 64 21 äfven
546 341 74 28 undgä
635 341 42 22 den
691 341 129 22 föreskrifna
835 341 134 28 karteringen
985 341 33 21 sä-

184 369 67 21 lunda
267 371 30 19 att
312 369 43 21 han
373 369 92 22 infinner
481 370 33 27 sig
524 370 76 21 endast
611 370 49 21 med
671 370 139 27 köpebrefvet
820 370 40 21 och
870 370 101 27 möjligen
981 370 36 21 hä-

184 397 181 22 radsskrifvarens
377 398 58 22 bevis
443 401 55 18 samt
506 399 101 27 anhäller,
616 399 69 20 under
694 398 104 21 förmälan
808 400 30 19 att
846 399 66 26 öfriga
921 399 96 27 ätgängs-

184 427 129 27 handlingar
327 427 129 27 förkommit,
471 429 30 19 att
516 433 78 22 genom
612 433 82 15 annons
709 427 7 21 i
732 427 99 21 officiella
846 427 135 27 tidningarna
995 427 22 20 fä

185 455 98 27 kungöra
298 462 35 14 om
349 455 36 21 sitt
399 455 117 28 jordafäng.
546 455 64 22 Detta
620 455 42 22 blir
672 456 33 20 för
716 456 80 21 honom
807 455 104 28 betydligt
922 455 95 27 billigare

185 486 27 19 än
235 484 143 27 karteringen,
399 483 65 22 sädan
480 484 61 21 den
529 479 12 36 i
556 484 154 27 förordningen
726 486 24 19 är
764 484 125 27 föreslagen.
920 484 37 21 Att
973 484 44 21 äter

186 513 57 21 detta
267 515 30 18 att
317 513 42 20 han
377 513 102 27 antingen
494 513 47 21 icke
556 513 94 21 infinner
664 513 33 27 sig
712 513 33 21 för
760 515 30 19 att
804 513 87 27 lagfölja
905 513 33 21 sin
953 519 64 21 egen-

186 541 50 21 dom
252 541 53 21 eller
320 541 40 21 ock
375 541 96 22 försöker
485 541 89 28 kringgä
587 541 128 28 stadgandet
730 548 34 15 om
780 541 107 28 kartering
899 541 47 22 icke
963 541 54 22 skall

186 570 89 27 bidraga
297 569 33 22 till
350 569 200 28 lagfartsväsendets
573 570 110 21 ordnande
701 571 40 20 och
760 570 119 27 stärkande,
893 570 57 21 inses
965 574 51 17 utan

186 599 79 20 vidare.
296 598 104 21 Särskildt
418 599 37 20 har
470 599 35 27 jag
520 599 72 20 erfarit
607 601 31 19 att
652 599 154 27 jordbrukaren
822 599 27 27 pä
863 599 72 21 landet
949 599 68 20 finner

187 627 70 21 denna
271 626 140 28 beskattning,
421 627 33 21 för
466 629 30 19 att
510 627 47 21 icke
573 629 51 25 säga
639 627 139 27 bestraffning
792 627 33 21 för
840 627 116 27 förseelser,
971 634 46 14 som

186 656 47 20 icke
257 656 49 25 han,
329 657 52 19 utan
397 656 51 20 hans
463 656 135 26 företrädare,
613 656 62 20 hafva
692 656 72 26 begätt
778 656 40 20 och
833 658 44 18 mot
892 656 71 20 hvilka
974 656 43 20 han

186 684 48 21 icke
245 690 39 15 eus
295 684 54 28 varit
363 684 7 20 i
385 684 83 21 tillfälle
483 686 30 19 att
527 684 124 21 säkerställa
665 684 38 27 sig,
719 685 62 27 högst
791 684 87 21 orättvis
890 684 39 21 och
941 684 76 21 betun-

187 712 76 28 gande.
293 713 20 20 A
329 712 66 21 andra
410 712 60 21 sidan
485 712 59 22 torde
563 712 36 22 det
621 720 51 14 vara
687 712 65 28 fallet,
768 713 127 21 ätminstone
911 714 29 20 att
955 713 62 21 döma

188 742 21 20 af
224 741 27 21 de
267 741 115 21 statistiska
397 742 105 26 uppgifter
517 742 59 20 öfver
598 741 237 27 stämpelinkomsterna
855 741 47 21 frän
917 741 41 21 den
973 741 44 27 mig

188 770 139 20 ombetrodda
350 770 115 26 domsagan
487 770 68 21 under
578 772 30 19 ett
622 770 34 21 ärs
671 770 37 27 tid,
723 770 72 21 hvilka
809 770 42 27 jag,
865 770 8 20 i
887 770 67 21 likhet
968 770 49 20 med

188 798 67 27 öfriga
276 798 92 26 domare,
390 798 87 27 nyligen
492 798 54 21 hade
562 800 30 19 att
606 798 85 27 afgifva,
707 801 31 18 att
752 798 100 21 särskildt
867 798 41 21 den
923 798 94 21 skatteti-

187 827 35 26 tel,
247 827 122 20 hvarunder
389 826 107 27 kartering
519 827 21 20 af
562 827 373 27 fastighetsöfverlätelsehandlingar
950 829 23 18 är
987 828 31 19 att

187 855 96 26 hänföra,
303 857 23 19 är
340 855 33 20 för
391 855 81 21 kronan
487 855 138 28 synnerligen
640 855 147 28 inbringande.
817 855 63 21 Inom
895 855 48 21 Salo
959 855 59 21 dom-

187 891 51 19 saga
261 884 106 26 öfversteg
390 883 123 22 densamma
530 884 34 21 för
584 886 30 19 ett
635 884 23 21 är
672 884 31 21 till
720 885 40 20 och
776 884 48 21 med
840 884 178 27 stämpelpappret

187 912 32 21 till
235 912 182 27 expeditionerna.
447 912 99 21 Kronans
562 914 41 19 rätt
618 912 43 21 stär
675 912 84 22 säledes
774 912 110 28 härvidlag
899 912 18 27 ej
934 912 23 21 sä
972 912 46 21 litet

187 941 7 20 i
209 940 66 28 fräga.
306 940 49 21 Men
371 947 64 20 synes
450 940 35 22 det
499 941 44 27 mig
558 947 46 15 som
620 948 35 14 om
670 941 67 21 andra
749 942 89 26 utvägar
850 941 33 21 för
893 940 124 27 skyddande

188 969 21 21 af
234 969 125 21 densamma
380 969 77 21 funnes
478 971 26 19 än
520 969 32 27 de,
568 976 46 14 som
629 970 153 27 förordningen
799 969 141 21 föreskrifver.
969 969 49 21 Lät-

187 1000 41 18 tast
247 998 41 20 och
303 998 82 20 enklast
401 1004 49 15 vore
466 998 34 20 väl
515 1000 30 19 att
560 998 74 28 älägga
650 998 93 21 kronans
756 998 157 28 uppbördsman
924 998 40 21 och
975 1000 42 18 sär-

188 1026 65 21 skildt
275 1026 207 21 häradsskrifvarene
505 1028 30 20 att
559 1027 129 21 härutinnan
711 1027 82 21 bevaka
808 1026 92 21 kronans
914 1028 47 20 rätt.
990 1026 28 21 Sä

187 1055 73 21 kunde
276 1055 36 21 det
322 1055 118 21 tillkomma
451 1055 207 22 häradsskrifvarene
674 1057 30 19 att
715 1056 54 20 efter
781 1056 73 26 hvarje
864 1054 154 22 mantalsskrif-

189 1084 58 27 ning,
264 1084 34 20 vid
314 1083 87 21 hvilken
416 1084 23 26 ju
455 1084 290 28 eganderättshandlingarna
760 1084 33 21 till
807 1084 100 27 fastighet
921 1084 51 20 böra
987 1084 31 20 fö-

187 1114 62 24 retes,
272 1112 91 21 aflämna
386 1118 26 15 en
427 1112 133 28 förteckning
579 1112 60 22 öfver
658 1113 55 27 dem,
729 1119 47 15 som
790 1112 110 21 uraktlätit
915 1114 30 19 att
959 1112 58 21 inom

188 1140 141 22 föreskrifven
351 1140 31 21 tid
403 1140 86 28 lagfölja
511 1141 46 21 sina
577 1141 118 27 jordafäng,
714 1142 32 20 till
762 1141 158 21 vederbörande
936 1141 81 21 aktor
1006 1136 15 36 i

189 1169 100 21 afseende
303 1169 12 21 å
330 1169 47 27 laga
392 1169 87 21 beifran.
508 1170 42 27 Jag
562 1172 43 18 tror
620 1172 36 24 att,
671 1177 35 13 om
722 1176 27 15 en
765 1170 66 20 sådan
846 1169 107 21 föreskrift
969 1170 49 20 fun-

188 1204 44 21 nes,
251 1198 94 21 kronans
363 1200 42 19 rätt
419 1198 68 21 skulle
503 1198 65 21 blifva
583 1198 49 21 vida
648 1198 67 21 bättre
730 1198 98 27 skyddad
844 1200 26 18 än
885 1198 42 21 den
942 1198 77 21 blifver

188 1233 78 20 genom
289 1226 36 21 det
346 1233 29 14 nu
390 1226 119 27 föreslagna
524 1226 186 28 karteringssättet.
740 1227 40 20 Till
796 1226 52 27 följd
863 1227 59 20 häraf
936 1226 33 21 fär
983 1226 35 27 jag

188 1255 109 20 vördsamt
311 1254 78 21 föreslå
405 1257 30 19 att
445 1255 158 21 vederbörande
615 1255 80 21 utskott
705 1255 66 21 måtte
781 1257 49 25 taga
842 1255 8 20 i
862 1254 155 27 öfvervägande

188 1283 107 21 huruvida
315 1283 47 21 icke
377 1283 125 28 stadgandet
517 1283 7 21 i
539 1283 43 22 den
596 1284 78 27 nädiga
689 1283 159 28 propositionen
864 1290 34 14 om
910 1283 108 27 kartering

189 1312 22 21 af
239 1311 58 22 äldre
320 1311 260 28 öfverlätelsehandlingar
600 1312 72 21 kunde
695 1313 45 20 helt
765 1313 40 20 och
827 1312 65 21 hållet
912 1311 51 28 utgå
978 1311 39 21 och

189 1340 54 21 slika
258 1340 127 27 handlingar
399 1340 22 21 fä
435 1341 93 21 karteras
543 1341 70 20 säsom
629 1341 87 28 bilagor,
727 1341 33 21 till
770 1341 72 20 hvilka
852 1340 32 27 de,
895 1340 66 27 enligt
973 1340 45 21 min

189 1369 60 26 äsikt,
273 1370 92 20 närmast
386 1371 36 19 äro
440 1371 30 19 att
484 1369 104 28 hänföras,
604 1371 24 25 ty
642 1369 47 22 icke
705 1371 75 26 utgöra
796 1369 26 21 de
838 1369 64 28 nägra
917 1368 101 28 köpebref

188 1397 33 22 för
236 1397 43 22 den
294 1400 83 19 senaste
393 1404 83 21 egaren.

257 1455 34 21 Hr
312 1455 160 27 Wegelius:
495 1455 42 27 Jag
557 1455 38 21 ber
616 1457 30 19 att
660 1455 22 21 fä
697 1455 117 21 äterhämta
830 1461 26 15 en
872 1454 146 27 anmärkning,

189 1489 45 15 som
256 1484 36 27 jag
313 1483 34 21 vid
363 1485 84 19 senaste
462 1484 100 27 landtdag
577 1484 123 21 framstälde
715 1486 46 18 mot
776 1482 242 28 bevillningsutskottets

189 1511 134 22 betänkande
345 1511 50 22 med
418 1512 114 27 anledning
554 1512 22 21 af
596 1512 77 28 nädiga
694 1512 160 27 propositionen
870 1518 34 15 om
919 1511 99 27 stämpel-
