1103 1811
195 137 42 21 266
586 143 21 17 L.
620 142 22 18 O.
941 144 23 16 18
976 143 50 17 febr.

195 211 63 21 stånd
281 211 7 21 i
311 212 13 26 $
347 212 26 20 13
395 212 21 20 af
434 211 22 21 L.
472 211 24 21 O.
517 211 85 27 stadgas
618 213 30 19 att
662 213 85 19 rösträtt
762 211 129 22 tillkommer
906 218 61 21 egare
983 212 21 21 af
1019 212 7 20 i

195 240 81 21 mantal
299 242 41 18 satt
361 240 46 27 jord
429 240 39 20 och
490 240 35 20 vid
546 240 161 27 röstberäkning
725 240 114 21 fastställes
854 247 27 14 en
896 240 129 28 obegränsad

195 268 110 27 röstskala,
328 268 107 21 beroende
458 268 26 28 pä
504 268 113 22 mantalets
638 269 85 27 storlek,
743 269 39 20 har
802 269 23 27 ju
839 269 57 21 detta
910 269 115 27 stadgande

195 297 48 20 icke
262 297 63 20 afsett
341 299 30 18 att
386 296 42 21 läta
442 297 134 26 majoriteten
592 297 59 20 inom
665 303 27 14 en
708 297 103 20 kommun
828 297 115 21 bestämma
959 298 66 20 valets

196 325 87 27 utgäng,
305 325 22 26 ja
349 325 47 21 icke
419 331 38 15 ens
478 325 133 27 majoriteten
634 325 21 21 af
667 325 98 27 samtliga
780 325 179 28 fastighetsegare,
975 329 50 18 utan

195 354 64 21 hafva
282 353 143 28 lagstiftarene
443 353 57 21 velat
514 353 71 21 lämna
600 354 36 21 det
651 356 76 19 största
741 354 129 27 inflytandet
885 355 34 20 vid
935 355 56 20 valet
1005 354 21 21 ät

195 383 27 20 de
244 383 73 26 större,
339 389 58 14 mera
413 382 133 21 ekonomiskt
561 382 120 21 oberoende
697 383 39 20 och
752 389 59 14 mera
826 383 147 21 konservativa
988 383 37 20 all-

196 412 163 25 mogemännen.
389 410 76 21 Likaså
488 411 31 20 uti
540 411 179 27 borgareständet.
748 411 34 21 Då
804 411 7 20 i
835 411 12 27 &
870 412 25 20 12
918 413 59 26 säges
996 413 29 19 att

198 441 108 19 »rösterna
329 439 103 21 beräknas
453 440 54 20 efter
527 439 107 21 skattören
655 439 52 22 eller
722 439 26 21 de
764 439 68 21 andra
846 440 98 27 grunder,
960 440 65 26 enligt

196 468 73 21 hvilka
284 468 127 21 bestämmes
428 468 53 20 hvad
498 468 80 21 enhvar
593 468 21 21 af
630 468 25 21 de
671 468 99 25 väljande
783 468 51 21 böra
846 468 84 27 erlägga
942 467 32 22 till
984 470 41 19 sta-

196 497 54 21 dens
272 497 61 20 kassa
353 497 33 20 för
404 497 88 20 allmänt
512 496 84 26 behof»,
614 497 37 20 har
666 497 87 20 därmed
770 497 167 27 uppenbarligen
953 497 72 20 afsetts

195 527 31 19 att
247 525 43 21 låta
313 525 26 20 de
363 525 87 27 burgna,
473 531 58 15 mera
553 525 85 21 bildade
659 525 109 21 klasserna
789 525 22 21 få
826 528 29 18 ett
870 525 154 27 öfvervägande

196 553 119 28 inflytande
328 553 27 28 pä
365 553 66 22 valets
443 553 84 28 utgång.
550 553 93 22 Därmed
656 554 38 20 har
706 554 47 21 icke
764 554 74 21 afsetts
850 556 30 19 att
889 554 42 21 låta
941 554 84 27 majori-

196 584 59 19 teten
278 582 63 21 bland
364 582 26 21 de
411 582 98 27 väljande
524 583 7 19 i
546 583 73 26 hvarje
640 583 37 20 fall
696 583 57 20 råda.
784 582 36 21 Ett
835 583 152 20 minoritetsval
1002 584 23 19 är

196 610 77 27 därför,
297 610 58 21 såväl
377 610 8 20 i
407 610 155 21 bondeståndet
583 617 45 14 som
648 611 7 20 i
676 610 180 27 borgareståndet,
877 611 86 21 alldeles
978 610 46 22 icke

195 639 109 21 stridande
321 641 56 19 emot
391 638 23 22 L.
431 638 29 28 O.,
476 641 50 19 utan
542 639 7 20 i
564 638 22 22 L.
603 639 23 21 O.
643 639 38 21 har
695 641 91 19 tvärtom
803 639 75 21 sådant
892 640 77 20 afsetts.

265 667 42 27 Jag
323 668 36 20 vill
374 668 47 20 icke
437 674 28 14 nu
478 668 66 20 inlåta
554 668 44 32 mig
608 668 27 26 på
646 668 40 20 den
697 668 192 32 mångomtvistade
901 668 123 26 tolkningen

196 696 21 20 af
241 696 26 21 de
290 696 37 20 ord
348 696 8 20 i
377 696 12 26 $
412 697 32 26 12,
465 696 71 21 hvilka
555 696 36 27 jag
606 696 87 27 nyligen
709 696 103 28 uppläste,
826 697 19 26 ej
862 696 65 21 häller
942 696 26 28 pä
983 696 41 21 den

195 726 54 19 rätta
270 724 125 27 tolkningen
417 712 27 33 af
452 724 66 21 orden
535 726 75 20 »sättet
626 725 37 21 och
680 725 118 27 ordningen
815 725 33 21 för
865 725 79 21 valens».
975 724 49 21 Men

195 754 35 26 jag
252 753 64 27 vågar
337 753 53 21 dock
413 753 66 21 uttala
499 753 40 21 den
561 753 109 21 bestämda
684 754 138 26 uppfattning
837 756 35 24 att,
887 754 27 20 då
929 754 41 20 den
986 760 38 13 nu-

197 782 93 20 varande
305 782 96 26 lydelsen
417 782 22 20 af
453 782 13 27 &
483 782 25 20 12
525 782 21 20 af
561 782 112 21 ständerna
688 785 82 24 antogs,
786 788 49 15 man
850 766 59 47 hyste
921 782 41 20 den
972 788 52 20 upp-

195 810 120 27 fattningen
338 812 31 19 att
390 810 117 21 röstskalan
530 810 101 27 antingen
655 810 69 21 skulle
748 817 50 14 vara
821 810 130 27 obegränsad
973 810 51 21 eller

195 838 65 21 också
281 839 42 20 den
343 839 103 20 röstskala
467 839 68 20 skulle
556 839 68 26 följas,
639 845 45 14 som
700 839 66 21 redan
782 839 27 20 då
825 846 37 13 var
876 839 97 26 gällande
989 838 35 21 vid

196 867 138 20 kommunala
355 867 33 20 val
407 867 49 21 med
478 869 29 19 ett
524 867 118 20 maximum
658 868 21 20 af
695 868 27 20 25
737 869 74 19 röster.
841 867 62 21 Detta
919 867 104 21 bekräftas

196 895 60 21 däraf
278 898 30 18 att
330 895 68 21 under
419 896 25 20 de
460 897 93 19 närmast
568 896 92 26 följande
675 896 51 20 åren
743 896 51 20 flere
810 896 70 20 städer
895 895 128 21 fortfarande

197 924 125 27 begagnade
338 930 26 14 en
381 924 131 27 obegränsad
527 924 109 27 röstskala,
651 924 39 21 och
701 925 7 19 i
719 924 91 27 ungefär
820 924 79 21 hälften
910 924 21 20 af
942 924 81 20 landets

195 952 71 21 städer
288 955 89 24 antogos
399 952 154 28 valordningar,
574 953 7 20 i
602 952 71 21 hvilka
698 953 163 21 röstmaximum
883 952 140 28 begränsades

195 980 32 21 till
248 981 64 21 minst
328 982 27 20 25
371 983 71 24 röster,
458 981 76 21 medan
550 982 33 26 sju
598 981 75 26 städer,
690 981 63 21 bland
771 982 48 20 dem
835 981 134 27 Helsingfors
984 981 38 20 och

195 1009 114 27 Uleåborg,
326 1010 71 20 hvilka
413 1010 53 20 båda
482 1010 69 20 städer
566 1010 54 20 hade
635 1010 154 26 inflytelserika
804 1012 169 25 representanter
989 1010 33 20 vid

196 1038 113 21 1877—78
331 1038 33 20 års
385 1038 107 27 landtdag,
512 1040 50 19 utan
584 1040 30 19 att
629 1041 75 25 antaga
721 1038 53 21 eller
789 1038 51 21 söka
855 1038 132 21 fastställelse
1002 1038 22 20 af

195 1066 70 27 nägon
289 1066 132 28 valordning,
443 1069 51 19 utan
515 1067 71 21 vidare
608 1067 82 21 röstade
706 1067 8 21 i
729 1067 95 27 enlighet
843 1067 48 21 med
907 1067 41 21 den
964 1066 59 21 kom-

195 1095 87 21 munala
302 1095 117 21 röstskalan
435 1096 49 20 med
497 1096 26 20 25
538 1098 78 18 rösters
631 1096 125 20 maximum.
787 1096 74 20 Under
877 1096 25 20 de
915 1096 28 20 tio
959 1095 64 21 första

194 1123 52 21 åren
263 1124 54 20 efter
331 1124 183 27 promulgationen
531 1124 21 20 af
568 1125 12 26 $
597 1124 25 20 12
638 1124 6 20 i
660 1124 21 21 L.
695 1124 23 21 O.
730 1125 7 19 i
748 1124 50 21 dess
808 1124 123 21 nuvarande
941 1124 81 27 lydelse

194 1152 74 21 tänkte
289 1153 65 26 ingen
375 1153 56 27 uppä
450 1155 30 19 att
494 1153 96 21 nedsätta
605 1153 163 21 röstmaximum
784 1153 69 21 under
868 1154 32 19 25.
930 1152 41 21 Det
987 1158 36 14 var

195 1181 53 21 först
264 1181 55 21 1889
333 1181 118 27 Jyväskylä
467 1181 45 21 stad
528 1184 64 24 antog
607 1188 26 14 en
650 1182 65 20 sädan
731 1182 125 26 förändring
870 1182 7 19 i
892 1181 32 21 sin
941 1180 82 21 valord-

195 1209 58 27 ning,
269 1211 29 19 att
313 1210 162 20 röstmaximum
491 1209 107 21 nedsattes
612 1209 46 22 frän
675 1211 27 19 25
720 1211 68 20 röster
803 1210 31 20 till
852 1210 31 26 10,
898 1209 40 21 och
953 1209 70 21 denna

194 1237 125 28 förändring
329 1238 67 21 erhöll
407 1238 289 27 ekonomiedepartementets
705 1239 8 20 i
724 1239 114 26 kejserliga
848 1240 87 19 senaten
947 1237 76 27 nädiga

194 1266 141 21 fastställelse.
364 1266 114 27 Exemplet
492 1267 43 27 har,
551 1267 68 20 såsom
635 1267 71 27 kändt,
722 1267 121 21 sedermera
860 1267 68 20 blifvit
942 1266 81 27 följdt
1013 1262 13 37 i

194 1294 53 21 flere
263 1295 65 21 andra
341 1295 75 21 städer.

265 1323 29 20 Af
309 1323 55 21 hvad
379 1324 36 27 jag
430 1324 37 20 här
481 1324 45 21 haft
540 1325 50 20 äran
606 1323 112 21 framhålla
732 1324 62 21 torde
810 1323 76 28 tydligt
902 1323 81 27 framgå
993 1324 30 19 att

195 1351 27 21 de
238 1351 139 22 medlemmar
395 1352 22 21 af
431 1352 57 21 detta
502 1352 68 26 stånd,
586 1353 70 20 hvilka
670 1353 73 26 intaga
759 1353 47 20 sina
821 1352 78 27 platser
913 1352 26 27 på
954 1351 68 28 grund

195 1379 23 21 af
232 1380 42 26 val,
289 1381 121 20 värkstälda
425 1381 53 20 efter
492 1387 26 14 en
534 1381 131 27 obegränsad
680 1381 105 21 röstskala
795 1381 53 21 eller
857 1381 47 21 med
917 1382 30 19 ett
956 1380 67 20 maxi-

196 1415 59 14 mum
271 1409 22 20 af
308 1409 27 20 25
350 1411 73 25 röster,
437 1409 68 27 hafva,
520 1409 88 22 alldeles
623 1409 120 21 oberoende
759 1409 61 21 däraf
830 1416 34 14 om
880 1416 26 14 en
918 1409 106 26 majoritet

195 1437 53 20 eller
271 1437 107 21 minoritet
400 1439 65 20 röstat
485 1438 26 27 pä
532 1438 54 26 dem,
605 1438 68 21 blifvit
689 1438 63 21 valda
766 1438 8 20 i
790 1438 93 32 enlighet
897 1437 48 21 med
961 1436 22 21 L.
999 1436 23 21 O.

196 1465 38 21 och
251 1465 7 21 i
275 1466 38 20 full
329 1466 218 20 öfverensstämmelse
563 1467 48 20 med
627 1467 48 20 dess
690 1467 56 20 anda
762 1467 40 20 och
815 1467 98 31 mening;
929 1472 34 14 om
975 1466 47 20 dem

197 1493 40 20 kan
261 1494 126 21 åtminstone
403 1494 46 21 icke
464 1496 60 25 sägas
540 1497 29 18 att
584 1494 26 21 de
625 1495 72 26 intaga
712 1495 47 20 sina
774 1495 79 27 platser
867 1495 8 20 i
890 1494 57 21 detta
962 1493 60 21 stånd

196 1521 26 27 på
238 1523 69 26 grund
323 1523 22 20 af
360 1523 289 27 ekonomiedepartementets
665 1523 78 27 nådiga
758 1523 116 27 samtycke.
901 1523 55 26 (Bra,
969 1522 53 26 bra!)
