1103 1811
177 162 42 21 342
405 167 70 17 Skada
486 167 33 17 till
532 167 52 21 följd
597 167 23 17 af
629 166 160 22 järnvägsdrift.
925 167 12 17 5
950 171 61 13 mars.

176 238 23 26 ty
222 236 37 21 det
281 236 38 21 bör
332 236 24 27 ju
371 236 73 20 kunna
459 235 85 21 utredas
558 247 29 3 —
602 235 40 21 och
657 236 38 20 har
711 234 70 27 också,
796 234 69 22 såvidt
879 236 36 27 jag
929 236 83 21 kunnat

177 265 66 27 finna,
267 266 12 19 t.
303 271 33 14 ex.
353 264 35 21 vid
404 264 216 27 sammanstötningar
634 264 7 20 i
657 264 26 21 de
698 264 63 20 flesta
775 263 38 21 fall
828 264 83 21 kunnat
925 264 86 22 utredas

177 306 28 3 —
222 293 108 20 huruvida
344 293 71 27 någon
431 292 21 21 af
466 292 227 27 järnvägspersonalen
709 293 55 20 varit
780 292 90 27 skyldig,
885 292 126 22 försummat

177 322 35 20 sin
228 321 55 27 plikt
298 327 19 15 o.
334 327 15 15 s.
365 327 19 14 v.
415 321 75 21 Likaså
505 321 39 20 har
559 321 35 20 det
610 321 43 20 ofta
668 321 83 20 kunnat
767 320 85 21 utredas
867 322 30 19 att
909 321 70 27 någon
990 321 21 21 af

177 351 131 26 järnvägens
323 349 96 21 materiel
434 349 38 21 har
487 349 54 21 visat
556 349 32 27 sig
604 349 93 27 oduglig.
719 349 50 20 Med
785 349 83 27 hänsyn
884 349 70 22 härtill
971 350 40 21 och

179 379 28 20 då
224 384 51 15 man
290 377 47 22 icke
353 377 67 22 häller
434 377 38 21 bör
485 377 71 21 lämna
571 384 27 14 ur
612 377 54 21 sikte
681 379 31 20 att
727 377 22 21 vi
763 379 59 19 snart
837 379 73 20 närma
925 385 34 14 oss
969 378 42 21 den

180 407 71 28 legala
273 406 150 27 bevisningens
438 406 50 21 sista
504 406 66 27 dagar
584 408 55 19 samt
654 408 30 19 att
698 406 28 21 fri
742 406 159 27 bevispröfning
915 409 59 18 snart
988 409 23 18 är

179 438 31 19 att
231 436 40 20 hos
291 441 34 14 oss
341 435 103 26 förvänta,
459 441 65 20 synes
539 434 37 21 det
590 435 44 27 mig
650 436 29 19 att
695 435 42 20 den
753 434 109 27 påpekade
877 435 133 27 svårigheten

178 466 32 19 att
225 463 147 22 åstadkomma
387 463 111 27 bevisning
513 463 47 21 icke
576 465 23 18 är
614 469 27 15 en
657 463 157 27 omständighet
829 463 21 21 af
860 463 40 21 den
910 463 45 21 vikt
965 470 45 14 som

179 493 39 20 här
239 492 91 27 antydts.
353 504 27 3 —
402 491 42 22 Det
465 491 69 22 finnes
555 498 30 14 nu
601 491 126 28 visserligen
742 498 28 15 en
786 492 161 27 omständighet,
962 498 45 14 som

179 521 68 28 enligt
262 521 44 20 min
322 521 64 20 tanke
401 520 69 21 skulle
485 520 42 21 tala
542 520 33 21 för
590 522 30 19 att
636 520 147 21 åstadkomma
798 527 27 14 en
840 520 36 27 lag
890 521 60 21 iden
961 520 50 21 rikt-

180 550 58 27 ning,
261 555 46 15 som
330 549 39 20 här
391 551 23 18 är
435 549 7 20 i
465 549 64 26 fråga.
558 548 44 21 Det
620 551 22 18 är
661 549 41 20 den
719 551 30 18 att
764 549 37 20 det
814 549 24 27 ju
854 549 77 27 tydligt
946 549 65 21 börde

180 578 69 27 åligga
271 578 162 27 järnvägsegare
454 577 51 22 eller
522 577 139 21 innehafvare
683 579 30 19 att
730 583 90 15 ansvara
835 577 33 21 för
883 577 40 22 den
940 578 71 26 skada,

180 613 47 14 som
242 605 89 28 uppstår
345 612 78 21 genom
438 606 60 21 deras
513 606 188 26 tjänstepersonals
717 605 137 21 förvållande.
880 605 76 22 Denna
967 612 45 15 om-

181 634 122 28 ständighet
325 636 23 19 är
368 634 7 20 i
397 634 121 21 nuvarande
534 634 36 27 lag
585 634 47 21 icke
648 634 82 20 ordnad
746 634 27 27 på
788 634 36 21 det
839 636 46 25 sätt,
901 640 46 15 som
962 636 49 20 rätt-

181 664 61 20 visan
264 663 89 21 kräfver.
383 662 55 21 Från
458 663 70 21 denna
549 662 111 28 synpunkt
680 663 55 21 hade
750 663 36 27 jag
801 662 33 21 för
848 663 44 20 min
908 663 35 21 del
958 663 55 21 hälst

181 692 55 20 varit
252 691 97 27 benägen
364 693 30 19 att
409 691 76 21 föreslå
500 691 121 21 återremiss
636 691 22 21 af
673 691 242 27 utskottsbetänkandet,
926 698 48 14 men
985 692 28 20 då

181 721 36 27 jag
232 720 33 21 till
277 720 53 20 fullo
345 720 58 20 inser
419 720 25 20 de
456 720 136 27 svårigheter,
599 726 46 14 som
654 720 140 27 lagutskottet
805 720 37 20 har
852 721 35 25 att,
898 720 27 20 då
935 720 77 27 många

182 749 67 21 andra
265 748 79 27 viktiga
359 748 71 27 frågor
446 750 35 19 äro
497 748 12 21 å
524 748 61 27 bane,
601 748 86 27 vidtaga
702 755 27 14 en
745 748 23 21 så
779 748 178 27 genomgripande
971 748 41 21 för-

182 777 91 26 ändring
288 777 21 20 af
324 776 106 27 förslaget,
446 783 72 14 manar
533 777 44 26 mig
592 776 71 21 denna
678 776 158 27 omständighet
846 778 30 19 att
885 777 73 20 förena
968 777 45 27 mig

181 812 36 14 om
232 805 107 27 yrkandet
353 805 27 27 på
394 805 145 27 lagförslagets
554 805 142 21 förkastande.

251 862 34 21 Hr
297 861 217 28 Schybergson:
530 861 42 28 Jag
584 861 90 28 begärde
686 862 60 21 ordet
757 862 33 21 för
800 863 30 20 att
841 862 62 27 bedja
915 862 25 21 hr
950 862 63 21 Jans-

182 897 39 15 son
236 891 73 20 lämna
323 891 44 26 mig
382 890 99 21 adressen
497 890 27 26 på
539 891 35 20 det
590 891 200 27 försäkringsbolag,
806 897 46 14 som
867 891 69 20 skulle
952 891 61 27 åtaga

182 920 33 26 sig
233 921 30 19 ett
282 918 173 28 järnvägsbolags
474 918 42 21 risk
531 918 27 28 på
574 919 125 27 anständiga
715 919 75 27 vilkor,
805 918 66 21 sådan
886 919 69 21 denna
970 919 43 21 risk

182 948 103 27 gestaltar
299 947 32 27 sig
346 947 53 21 efter
414 947 144 27 föreliggande
573 947 120 27 lagförslag.
716 947 33 21 Då
765 947 21 20 vi
802 947 35 21 vid
850 949 82 19 senaste
944 948 69 20 landt-

182 976 43 28 dag
240 978 77 24 antogo
334 976 320 27 olycksfallsförsäkringslagen,
669 976 24 20 så
709 976 79 20 stäldes
803 976 7 20 i
826 976 40 20 alla
881 976 36 20 fall
928 976 7 20 i
948 976 66 21 utsikt

182 1005 35 21 för
237 1004 174 27 fabriksegarene
425 1004 137 27 möjligheten
578 1004 21 21 af
614 1006 30 19 ett
659 1004 165 27 öfverflyttande
839 1004 21 21 af
875 1007 98 19 ansvaret
987 1004 27 28 på

183 1035 30 19 ett
234 1032 200 28 försäkringsbolag.
463 1032 79 22 Risken
564 1032 44 22 blef
628 1033 125 27 därigenom
775 1032 74 28 möjlig
870 1035 29 19 att
914 1033 99 27 beräkna,

183 1068 50 14 men
255 1062 7 20 i
284 1062 56 20 detta
363 1061 37 21 fall
421 1061 41 21 kan
482 1062 35 26 jag
537 1061 47 21 icke
605 1061 66 21 förstå
691 1062 57 20 huru
763 1063 31 19 ett
808 1062 148 20 motsvarande
971 1062 42 20 för-

183 1090 90 21 farande
289 1090 68 20 skulle
373 1090 73 20 kunna
460 1090 70 20 inslås.
553 1089 34 21 Då
601 1090 36 27 jag
652 1096 29 14 nu
697 1090 43 21 står
752 1090 7 20 i
773 1090 42 21 den
827 1090 118 27 beklagliga
957 1090 56 21 ställ-

183 1119 82 27 ningen
286 1120 30 20 att
336 1119 35 26 jag
389 1120 24 18 är
429 1118 8 20 i
451 1118 64 21 beråd
537 1120 31 19 att
582 1118 60 21 kasta
657 1118 44 28 mig
716 1119 22 20 in
754 1119 7 20 i
777 1118 87 28 företag,
879 1125 45 14 som
939 1120 36 19 äro
991 1118 23 21 så

182 1147 108 27 förfärligt
311 1146 189 28 samhällsvädliga,
515 1153 50 15 vore
580 1147 42 27 jag,
637 1147 69 21 såsom
723 1147 68 27 sagdt,
807 1147 92 21 tacksam
914 1147 33 21 för
962 1154 52 20 upp-

183 1176 113 26 lysningar
310 1176 7 20 i
333 1175 57 21 detta
405 1175 105 21 afseende.

253 1204 43 27 Jag
310 1204 65 20 måtte
390 1204 63 20 hafva
468 1204 60 21 fattat
542 1204 26 20 hr
582 1204 102 26 Nybergh
700 1204 88 26 oriktigt
802 1204 40 20 och
856 1204 77 26 jämväl
949 1210 66 15 anno-

184 1234 55 19 terat
253 1233 55 20 hans
323 1232 135 27 andragande
474 1234 58 19 orätt.
549 1232 41 27 Jag
602 1232 38 21 ber
650 1232 77 27 därför,
736 1232 92 21 likasom
841 1232 40 21 han
894 1232 35 21 det
941 1233 73 27 gjorde

185 1263 45 18 mot
247 1261 26 20 hr
288 1261 109 26 Hallberg,
413 1262 29 19 att
457 1261 41 20 han
514 1260 50 21 ville
580 1261 85 20 ursäkta
680 1261 50 27 mig,
746 1267 50 14 men
813 1261 48 20 med
876 1261 63 20 förlof
954 1261 61 27 sagdt

185 1289 42 21 kan
245 1289 37 27 jag
297 1289 54 20 dock
366 1289 47 20 icke
429 1289 71 27 riktigt
514 1289 52 21 fatta
580 1289 137 27 jämförelsen
733 1289 92 21 emellan
842 1289 69 20 denna
925 1289 35 27 lag
975 1289 40 21 och

185 1317 63 28 lagen
271 1324 34 14 om
327 1317 240 28 olycksfallsförsäkring
588 1317 33 21 för
642 1317 101 22 arbetare.
774 1317 49 28 Nog
838 1319 23 19 är
876 1317 35 21 det
926 1319 29 19 att
970 1317 46 21 föra

184 1346 139 27 jämförelsen
337 1346 33 21 för
384 1345 64 28 långt.

255 1403 34 21 Hr
309 1403 150 20 Stenroth:
488 1403 161 21 Tarkoitukseni
670 1403 20 21 ei
705 1403 107 21 suinkaan
827 1403 33 21 ole
876 1403 92 21 monella
983 1409 33 14 sa-

186 1431 58 22 nalla
263 1431 96 28 pitkittää
375 1433 42 19 tätä
431 1431 21 27 jo
468 1431 68 27 kyllin
550 1431 87 28 pitkälle
652 1433 120 26 venynyttä
787 1431 142 21 keskustelua.
958 1431 59 21 Minä

185 1460 86 20 kuulun
284 1460 106 20 nimittäin
398 1459 72 21 niiden
480 1460 114 27 joukkoon,
602 1460 58 27 jotka
667 1460 147 27 mielihyvällä
822 1462 49 18 ovat
878 1460 139 21 tervehtineet

186 1490 43 19 tätä
248 1488 146 21 valiokunnan
415 1488 113 21 mietintöä.
558 1488 28 21 Ja
607 1490 56 19 tämä
678 1488 76 21 minun
771 1488 138 27 mielihyväni
923 1488 20 21 ei
958 1488 59 21 suin-

186 1516 55 21 kaan
265 1517 34 21 ole
320 1516 122 21 mitenkään
464 1516 131 27 häiriytynyt
617 1516 73 21 niiden
712 1516 146 21 vastustavien
880 1516 136 27 lausuntojen

186 1544 80 28 kautta,
278 1545 52 28 joita
342 1544 63 21 täällä
417 1547 60 19 useat
488 1545 82 27 jäsenet
581 1547 50 18 tänä
642 1545 66 21 iltana
718 1547 50 19 ovat
781 1545 147 21 esiintuoneet.
949 1544 69 22 Mutta
