1103 1811
81 136 26 18 26
119 140 61 13 mars.
433 129 126 34 Patenträtt.
869 132 42 20 495

83 207 36 19 ort.
149 204 41 28 Jag
211 204 66 22 måste
297 204 55 22 dock
373 206 32 20 tro
427 206 30 20 att
471 204 27 22 H.
514 204 41 21 M:s
570 205 111 21 inhemska
693 205 125 28 rådgifvare,
834 212 34 14 om
884 206 26 21 de

83 233 62 22 också
167 233 135 21 härförinnan
324 233 64 21 hafva
410 233 86 21 beaktat
518 233 54 21 blott
590 234 47 20 sina
652 233 77 28 plikter
744 236 44 19 mot
802 236 108 26 regenten,

81 262 113 21 framdeles
217 262 35 20 vill
274 262 76 21 beakta
371 262 63 21 äfven
453 262 46 21 sina
514 262 78 28 plikter
606 265 45 18 mot
661 263 193 27 representationen
871 263 39 21 och

82 293 44 18 mot
141 290 90 27 logiken.

150 347 33 21 Hr
197 347 159 27 Wegelius:
387 347 54 28 Lag-
453 347 40 21 och
508 347 204 22 ekonomiutskottet
726 349 61 26 säger
801 348 8 21 i
824 349 36 20 sitt
874 348 35 22 be-

82 375 105 22 tänkande
198 377 30 20 att
237 375 97 28 samtliga
345 375 140 22 medlemmar
493 376 21 21 af
522 375 103 22 utskottet
635 378 51 19 utan
695 377 214 28 meningsskiljaktig-

82 405 35 20 het
128 405 48 27 hyst
187 405 41 20 den
236 404 135 28 uppfattning
378 406 31 19 att
417 404 40 21 den
466 404 91 28 lösning,
566 405 35 20 vid
609 404 86 21 hvilken
704 405 114 22 ständerna
826 408 84 19 stannat

82 433 35 21 vid
133 435 82 20 senaste
230 433 107 27 landtdag,
353 433 54 21 hade
423 433 53 21 varit
492 433 41 21 den
550 433 55 21 enda
620 433 199 22 tillfredsställande.
839 434 71 21 Emel-

81 461 62 22 lertid
165 462 38 21 har
225 461 41 22 den
287 461 162 28 framställning,
468 468 46 14 som
530 461 115 22 ständerna
660 462 35 21 vid
710 465 84 19 senaste
808 463 101 27 landtdag

82 490 71 28 aflätit,
173 491 47 20 icke
242 490 68 21 blifvit
330 491 22 20 af
366 490 27 21 H.
409 490 28 21 M.
452 490 106 27 godkänd.
587 490 77 21 Denna
679 491 155 27 framställning
849 491 60 21 inne-

82 519 43 20 höll
140 519 55 21 dock
214 525 26 15 en
261 519 138 27 synnerligen
415 519 147 21 uttömmande
577 519 40 28 och
633 519 34 21 väl
682 519 85 21 affattad
782 520 127 27 motivering

82 547 33 20 för
129 547 36 22 det
179 547 47 27 slut,
241 547 85 21 hvartill
341 547 115 22 ständerna
470 547 96 21 kommit.
595 547 72 22 Äfven
677 548 41 21 den
728 548 111 21 inhemska
850 555 58 21 rege-

82 576 74 27 ringen
179 576 119 27 tillstyrkte,
319 575 26 22 dä
361 576 26 21 de
403 576 83 27 yttrade
502 576 33 27 sig
547 578 110 25 gentemot
668 577 119 26 majestätet
802 584 34 14 om
852 579 56 19 stän-

83 604 75 21 dernas
180 604 84 28 förslag,
286 606 35 26 att,
344 604 71 21 därest
437 604 27 21 H.
487 604 28 21 M.
535 604 51 22 ville
600 604 75 28 frängä
691 605 26 21 de
732 606 119 26 prerogativ
866 606 42 20 han

83 632 65 28 enligt
163 633 126 27 föregäende
304 633 133 27 lagstiftning
452 633 8 21 i
475 634 66 20 saken
554 633 60 27 egde,
626 633 125 21 ständernas
760 633 70 22 beslut
839 634 68 21 skulle

82 661 21 21 af
117 661 27 21 H.
161 661 27 21 M.
203 662 118 20 fastställas.
350 661 125 21 Emellertid
491 662 69 21 beslöt
574 662 27 20 H.
617 662 28 20 M.
661 664 30 19 att
703 662 46 21 icke
760 662 74 28 frängä
844 663 64 27 sagda

82 690 123 27 prerogativ.
234 690 39 21 Att
287 697 30 14 nu
332 690 50 28 ingä
396 690 50 21 med
462 696 27 15 en
504 697 30 20 ny
548 690 157 28 framställning
720 691 22 20 af
753 697 80 15 samma
848 692 60 20 inne-

82 718 42 21 häll
146 725 45 15 som
210 719 35 21 vid
267 721 83 19 senaste
372 719 102 27 landtdag
495 719 42 21 kan
553 719 107 27 svärligen
674 719 110 21 föranleda
798 722 30 18 ett
844 722 65 19 annat

82 754 53 20 svar,
158 747 26 21 dä
205 748 44 26 just
269 748 76 26 själfva
367 748 58 20 detta
445 748 133 27 principiella
599 748 113 27 afböjande
733 748 23 21 sä
770 748 88 28 nyligen
873 751 35 25 egt

81 782 54 14 rum.
164 776 42 27 Jag
224 776 41 21 kan
281 776 71 21 därför
366 776 33 21 för
414 776 45 20 min
474 776 35 21 del
524 776 47 21 icke
587 776 48 21 dela
650 776 41 21 den
707 777 139 27 uppfattning,
862 783 45 14 som

82 804 37 21 här
134 804 90 27 uttalats,
245 806 30 19 att
295 805 114 20 ständerna
427 804 69 21 skulle
511 805 63 20 hafva
589 805 71 27 nägon
674 805 66 21 utsikt
754 807 30 19 att
798 805 65 21 vinna
878 807 30 20 ett

81 833 88 20 resultat
183 839 77 21 genom
275 835 30 19 att
319 833 60 21 ställa
395 833 32 28 sig
442 833 27 28 pä
483 839 82 15 samma
582 833 131 28 ständpunkt
722 840 45 14 som
778 833 35 22 vid
824 836 83 19 senaste

81 861 106 28 landtdag.
217 861 10 21 1
247 862 74 27 själfva
343 862 74 21 värket
439 862 64 27 yrkas
525 868 31 15 nu
574 862 48 21 icke
637 862 66 21 häller
718 862 64 27 nägot
796 862 76 21 sädant
886 863 21 20 af

81 891 181 20 reservanterna
251 886 15 36 i
280 891 107 20 utskottet.
417 890 33 21 De
471 891 63 20 hafva
558 891 75 21 endast
652 891 75 20 önskat
749 891 31 21 uti
800 891 63 27 lagen
885 891 22 21 få

81 918 83 21 införda
186 918 65 28 nägra
273 918 132 28 principiella
426 919 160 27 bestämningar
608 919 110 27 angäende
739 919 62 21 hvem
823 926 46 14 som
883 922 24 18 är

81 946 117 28 berättigad
214 949 30 19 att
258 947 21 21 fä
293 949 73 26 patent
381 948 40 20 och
436 947 72 21 hvilka
524 948 46 27 slag
580 948 21 20 af
611 948 155 27 uppfinningar,
778 954 45 15 som
834 948 73 21 kunna

81 977 124 26 patenteras.
235 976 76 21 Ställer
331 982 50 15 man
401 976 33 28 sig
451 976 27 28 pä
493 978 171 19 reservanternas
677 976 135 28 ståndpunkt,
827 976 23 22 sä
865 976 42 22 kan

81 1010 49 14 man
152 1004 47 21 icke
220 1004 85 22 komma
326 1005 33 21 till
381 1004 36 22 det
438 1004 90 22 resultat
548 1005 26 21 hr
591 1012 43 14 von
648 1005 72 21 Pfaler
734 1005 92 21 anförde.
856 1005 49 21 Man

81 1032 71 22 kunde
168 1033 122 27 därigenom
304 1033 47 21 icke
366 1033 86 22 komma
467 1033 47 21 frän
530 1034 36 20 det
584 1034 142 20 förhällandet
739 1035 29 19 att
782 1034 41 21 den
841 1036 66 19 mate-

81 1061 59 21 riella
157 1063 67 19 rätten
241 1062 66 20 delvis
322 1062 69 21 skullo
413 1062 75 20 kunna
509 1062 111 21 förändras
642 1068 78 21 genom
742 1062 139 28 förfoganden
899 1062 8 21 i

81 1090 166 21 administrativa
262 1090 153 28 förordningar.
434 1090 32 21 De
482 1091 22 20 af
518 1092 162 20 reservanterna
695 1091 89 21 berörda
796 1094 32 18 tre
838 1091 69 27 punk-

81 1121 60 18 terna
163 1118 87 22 omfatta
272 1119 108 27 nämligen
401 1119 119 27 ingalunda
541 1119 41 21 alla
598 1119 26 21 de
640 1120 111 27 viktigaste
766 1120 140 27 punkterna
894 1114 16 37 i

81 1147 99 21 afseende
195 1147 12 21 å
222 1147 69 21 denna
306 1148 117 21 materiella
438 1150 46 19 rätt.
514 1147 45 22 Där
574 1148 85 21 beröres
674 1150 13 19 t.
703 1154 33 15 ex.
751 1148 46 21 icke
812 1148 41 21 den
869 1148 36 26 tid,

80 1176 33 20 för
134 1175 85 21 hvilken
242 1178 73 25 patent
337 1176 94 28 beviljas,
446 1183 28 14 m.
490 1176 21 21 fl.
528 1176 185 28 omständigheter.
743 1176 117 22 Ständerna
875 1176 32 21 stä

80 1204 89 21 sälunda
190 1204 56 21 inför
268 1205 57 20 detta
345 1205 83 21 faktum
448 1206 32 20 att
496 1211 26 15 en
544 1205 133 28 lagstiftning
699 1204 109 28 angäende
828 1207 78 25 patent,

80 1233 62 20 hvars
164 1232 128 28 behöflighet
311 1233 28 28 pä
357 1233 42 21 alla
419 1233 43 21 häll
482 1233 110 27 erkännes,
607 1234 76 21 endast
697 1233 41 21 kan
752 1233 155 22 ästadkommas

80 1261 122 27 därigenom
218 1263 30 20 att
261 1261 27 22 H.
304 1262 27 21 M.
347 1262 130 21 fortfarande
499 1262 116 21 bibehälles
631 1262 35 21 vid
681 1262 37 21 det
732 1262 117 27 prerogativ
864 1262 43 21 han

79 1289 7 21 i
102 1290 65 21 saken
182 1290 38 21 har
234 1290 49 21 haft.
313 1291 41 20 För
368 1291 45 20 min
429 1291 34 21 del
478 1290 37 21 vill
529 1291 36 27 jag
575 1290 88 28 bidraga
675 1291 32 21 till
720 1290 186 22 ästadkommande

80 1318 21 21 af
123 1321 30 18 ett
172 1319 93 21 resultat.
295 1319 41 28 Jag
358 1319 67 21 måste
448 1319 55 21 dock
525 1319 90 28 beklaga
638 1321 29 20 att
685 1319 44 28 lag-
744 1319 39 21 och
798 1319 108 21 ekonomi-

79 1347 112 22 utskottets
206 1347 107 28 pluralitet
327 1348 88 21 alldeles
430 1348 47 21 icke
494 1348 80 21 försökt
588 1348 8 21 i
611 1347 70 28 nägon
696 1348 50 21 män
761 1347 93 27 aflägsna
864 1347 42 21 for-

79 1376 64 21 mella
165 1375 170 29 bristfälligheter
356 1377 8 20 i
381 1377 101 21 afseende
506 1376 12 21 &
540 1377 36 20 det
596 1383 29 14 nu
640 1376 144 28 föreliggande
800 1376 105 26 förslaget.

79 1404 54 21 Dess
149 1405 11 20 1
177 1405 12 26 &
205 1404 70 28 börjar
295 1405 49 21 med
365 1405 66 21 orden
456 1405 23 21 »1
494 1405 92 21 Finland
601 1405 122 21 meddeladt
738 1407 71 25 patent
823 1404 83 21 medför

80 1433 41 21 den
144 1433 99 28 värkan»,
266 1435 51 20 utan
339 1435 30 20 att
390 1433 71 28 någon
482 1433 136 28 bestämning
635 1433 70 22 finnes
720 1434 54 20 huru
790 1435 29 20 ett
833 1434 73 26 patent

79 1461 42 21 kan
136 1462 118 20 tillkomma
275 1463 39 20 och
329 1462 67 27 enligt
411 1462 72 21 hvilka
498 1462 100 27 grunder.
627 1462 11 21 I
654 1463 12 26 $
683 1463 73 26 10,för
770 1464 30 19 att
814 1464 49 24 taga
876 1463 30 19 ett

79 1492 65 19 annat
159 1490 103 27 exempel,
277 1492 60 25 säges
353 1492 30 19 att
397 1490 92 21 domstol
504 1491 7 20 i
527 1491 56 20 vissa
595 1490 38 21 fall
645 1497 50 21 eger
706 1490 94 21 infordra
812 1492 93 25 »patent-

78 1519 175 27 myndighetens»
277 1519 121 28 utlätande,
409 1521 52 19 utan
485 1520 31 20 att
537 1525 50 15 man
610 1519 26 27 pä
658 1519 65 27 nägot
744 1519 59 21 ställe
816 1518 89 27 tidigare
