1103 1811
183 138 43 20 294
431 143 204 21 Bankfullmäktiges
647 143 121 18 berättelse.
929 144 26 17 28
967 144 51 18 febr.

183 212 28 28 på
231 212 84 21 vinsten
336 212 33 20 för
390 212 26 21 de
437 212 128 21 kommande
583 212 58 21 åren.
670 212 42 21 För
727 212 85 21 banken
830 214 22 18 är
868 212 57 22 detta
940 212 77 22 fördel-

184 240 68 28 aktigt
267 243 30 19 att
313 241 42 21 den
369 241 48 21 icke
431 241 39 21 hos
484 241 33 27 sig
531 240 79 22 samlar
624 240 52 22 flere
691 241 101 27 miljoner
803 240 132 28 vinstmedel,
946 241 71 21 hvilka

183 269 107 21 måhända
305 269 36 21 vid
357 271 60 19 nästa
434 269 102 27 landtdag
551 269 108 27 fråntagas
675 269 126 21 densamma
817 269 33 21 för
865 271 30 19 att
909 270 108 21 användas

183 298 34 21 för
231 298 159 26 statsändamål,
405 298 80 21 hvilket
500 298 12 20 å
527 304 41 15 ena
584 298 61 20 sidan
660 298 42 20 kan
718 297 112 21 föranleda
846 298 129 27 svårigheter
985 298 32 21 för

184 326 86 21 banken
292 326 40 21 och
347 326 12 20 å
375 326 66 21 andra
458 326 61 21 sidan
534 326 139 27 omöjliggöra
688 326 34 21 för
736 326 116 21 ständerna
867 328 30 19 att
909 327 68 20 under
990 333 27 15 en

184 354 109 22 finansielt
313 361 104 20 ogynsam
438 354 30 22 tid
489 355 65 20 anlita
574 355 71 20 denna
660 355 62 20 vinst.
752 354 100 21 Likasom
868 355 22 21 af
905 355 67 28 öfriga
987 355 30 21 af-

185 383 132 27 färsföretag,
339 389 47 15 som
407 383 105 22 bedrifvas
530 383 22 21 af
566 385 75 26 staten,
656 383 70 21 såsom
741 384 115 27 järnvägar
871 384 39 21 och
925 384 92 27 kanaler,

184 412 147 21 inkomsterna
346 412 33 21 för
394 412 26 21 de
436 412 126 21 kommande
578 412 50 21 åren
644 412 26 27 på
684 412 91 21 förhand
791 412 104 21 beräknas
911 413 38 20 och
965 419 52 20 upp-

184 443 59 25 tagas
267 447 46 14 som
336 447 25 14 en
383 441 88 27 tillgång
486 441 7 20 i
508 441 114 26 budgeten,
637 441 67 20 likaså
720 441 42 20 kan
778 440 58 21 detta
852 441 36 20 ske
904 441 48 20 med
968 441 49 20 Fin-

183 469 63 21 lands
267 469 61 21 bank.
359 469 60 21 Dock
442 469 62 21 råder
526 469 90 21 emellan
641 469 61 21 dessa
725 469 103 21 anstalter
843 469 41 21 den
900 469 115 26 väsentliga

185 498 84 21 skilnad
285 499 30 20 att
330 497 101 21 Finlands
447 498 55 21 bank
519 498 51 20 först
585 498 7 20 i
608 498 66 20 andra
689 500 93 19 rummet
799 500 23 18 är
833 504 26 15 en
871 497 144 28 affärsanstalt,

183 527 78 20 medan
278 527 41 20 den
335 527 7 19 i
357 526 87 21 främsta
458 529 92 18 rummet
565 527 38 20 har
618 528 30 19 att
662 527 92 26 fullgöra
770 527 33 20 sin
820 527 82 27 uppgift
917 533 45 14 som
973 526 42 21 den

185 555 55 21 enda
261 555 198 21 sedelemitterande
480 555 84 21 banken
580 555 7 20 i
602 555 73 21 landet
690 555 40 21 och
745 557 31 18 att
792 555 112 27 uppehålla
919 555 97 21 säkerhet

185 584 39 21 och
247 583 74 27 stadga
344 584 7 19 i
373 583 82 22 landets
477 583 204 27 penningeväsende.
712 583 78 21 Därför
809 585 23 19 är
848 583 35 22 det
898 584 73 27 nödigt
986 585 29 20 att

185 612 62 21 dessa
270 612 137 26 anvisningar
430 612 25 27 på
477 612 102 20 Finlands
595 612 56 20 bank
666 612 70 21 städse
752 612 38 20 ske
806 612 106 21 måttfullt.
942 612 73 21 Skulle

185 642 30 20 ett
236 642 67 19 större
327 640 76 28 belopp
423 641 20 20 af
464 641 82 20 vinsten
568 640 26 28 på
616 640 89 21 förhand
722 640 20 21 af
757 640 115 22 ständerna
887 641 128 27 disponeras,

184 669 73 21 kunde
282 669 62 26 detta,
360 669 70 21 såsom
445 669 25 21 hr
484 669 110 27 Wegelius
610 669 34 20 vid
661 671 29 19 ett
705 669 129 27 föregående
850 669 86 27 plenum
951 670 64 20 fram-

184 698 50 25 höll,
258 698 73 20 utöfva
354 699 29 19 ett
406 698 60 26 tryck
481 698 27 27 pä
523 698 214 27 bankförvaltningen
754 700 30 18 att
800 698 6 20 i
822 698 87 20 främsta
924 700 91 18 rummet

185 727 79 20 sträfva
280 728 30 19 att
325 726 100 21 förskaffa
440 726 83 21 banken
540 726 41 21 den
598 728 75 19 största
689 726 87 28 möjliga
792 727 121 20 nettovinst.
945 726 70 21 Men
1001 722 18 37 å

185 755 66 21 andra
275 755 60 21 sidan
358 755 39 20 bör
418 755 54 21 dock
490 754 101 21 Finlands
607 755 56 21 bank
678 755 64 21 äfven
757 755 71 21 städse
844 755 61 21 hafva
922 755 93 27 känning

185 784 21 20 af
230 786 30 18 att
283 784 41 19 den
343 784 78 26 jämväl
437 785 22 18 är
474 789 26 15 en
516 783 141 21 affärsanstalt
671 784 41 20 och
727 784 72 20 därför
814 784 38 20 bör
867 784 70 19 lämna
953 783 61 20 vinst.

184 811 64 22 Detta
269 814 24 18 är
313 811 99 21 särskildt
432 812 130 27 nödvändigt
580 812 49 21 med
651 812 100 21 afseende
768 811 51 21 därå
834 814 30 19 att
879 812 83 21 banken
978 818 36 14 en-

185 847 44 14 sam
251 843 85 18 noterar
354 840 102 21 kurserna
472 840 26 27 på
513 840 96 21 utlandet
624 841 40 20 och
679 842 30 19 att
725 841 49 20 dess
789 842 128 19 räntesatser
932 840 34 21 vid
982 842 33 19 ut-

184 869 101 27 låningen
301 869 46 20 icke
363 871 36 18 äro
415 871 50 18 utan
480 869 118 26 inflytande
613 869 27 27 på
656 871 156 19 räntesatserna
828 869 6 20 i
849 869 72 21 landet
935 869 33 20 för
983 869 31 20 öf-

184 898 46 26 rigt.
262 897 90 21 Noterar
367 897 101 21 Finlands
487 897 55 21 bank
558 897 26 21 de
600 897 114 21 utländska
729 898 104 20 kurserna
849 900 50 18 utan
915 897 99 21 afseende

184 926 27 27 på
226 926 42 20 den
285 926 56 20 vinst
357 926 40 20 den
413 926 63 27 därpå
492 926 40 20 kan
548 928 56 25 göra,
620 926 23 20 så
658 928 30 19 att
701 926 128 21 differensen
841 926 78 20 mellan
930 926 84 26 inköps-

185 955 39 20 och
240 954 215 27 försäljningskursen
474 954 40 20 blir
529 954 63 21 altför
606 954 58 28 liten,
679 955 78 20 skadar
773 954 41 21 den
830 954 122 27 därigenom
967 954 46 21 icke

185 983 53 21 blott
259 983 36 21 sitt
315 985 48 25 eget
383 983 115 21 materiella
519 983 89 21 intresse
631 986 49 18 utan
696 983 80 27 jämväl
791 983 92 21 indirekt
897 982 117 22 affärsvärl-

185 1012 47 26 den,
249 1012 27 20 då
291 1012 123 26 därigenom
430 1012 176 26 privatbankerna
622 1012 65 20 blifva
702 1012 84 20 mindre
804 1012 95 27 benägna
910 1013 29 19 att
950 1011 64 21 binda

185 1040 71 21 medel
272 1040 6 20 i
295 1040 69 20 denna
385 1040 91 21 branche
491 1040 21 21 af
527 1040 32 21 sin
575 1040 79 21 rörelse
669 1041 40 20 och
725 1040 91 21 sålunda
831 1040 82 21 mindre
930 1040 33 20 väl
979 1040 35 20 be-

184 1069 57 27 tjäna
263 1068 149 21 affärsvärlden
432 1069 48 21 med
496 1069 84 27 uppköp
596 1070 40 20 och
651 1069 125 27 försäljning
792 1069 21 20 af
829 1068 111 22 utländska
956 1068 59 21 valu-

185 1100 37 18 tor.
253 1097 122 21 Fastställer
396 1097 100 21 Finlands
519 1098 55 20 bank
593 1098 44 20 åter
653 1098 46 20 sina
714 1100 130 18 räntesatser
858 1098 33 20 för
904 1097 44 27 lågt
963 1097 52 21 eller

185 1126 33 20 för
233 1126 57 27 högt,
306 1126 41 20 kan
364 1126 41 20 den
421 1126 122 27 därigenom
559 1126 124 28 visserligen
699 1126 47 21 icke
762 1126 34 20 för
810 1126 70 27 någon
895 1126 73 27 längre
984 1125 30 21 tid

185 1154 82 28 reglera
283 1156 156 19 räntesatserna
454 1155 6 20 i
475 1154 78 27 landet,
569 1161 49 15 men
634 1155 61 21 dessa
710 1155 48 21 icke
774 1154 54 22 efter
838 1154 177 28 penningemark-

185 1184 82 20 nadens
290 1183 47 26 läge
361 1183 110 27 afpassade
493 1185 127 19 räntesatser
641 1184 74 20 kunna
738 1184 55 20 dock
811 1184 33 20 för
859 1190 26 14 en
901 1183 29 21 tid
947 1183 68 21 åstad-

184 1211 86 21 komma
286 1211 63 21 oreda
365 1211 40 21 och
417 1211 131 28 förveckling
557 1212 7 20 i
574 1211 216 28 penningeväsendet,
799 1211 42 21 tills
849 1211 101 21 Finlands
959 1211 56 21 bank

184 1240 21 21 af
228 1240 209 27 omständigheterna
459 1240 41 21 blir
521 1243 95 24 tvungen
639 1243 29 18 att
691 1240 72 27 återgå
786 1240 32 21 till
834 1240 94 21 normala
943 1242 71 18 satser.

185 1268 30 21 På
237 1268 62 21 dessa
321 1269 45 20 skäl
382 1269 68 20 skulle
465 1269 35 26 jag
515 1275 51 14 anse
582 1269 36 21 det
633 1276 50 13 vara
698 1269 98 27 riktigast
811 1271 30 18 att
856 1269 113 26 anvisning
984 1268 31 21 till

184 1297 93 27 måttligt
300 1297 76 27 belopp
399 1297 48 21 sker
469 1297 26 27 på
517 1297 102 21 Finlands
641 1297 56 21 bank
721 1297 27 28 på
769 1298 27 20 de
812 1297 126 21 kommande
954 1297 61 20 årens

184 1326 62 20 vinst.

253 1354 51 21 Men
319 1354 56 21 hvad
391 1361 29 14 nu
436 1355 98 20 särskildt
553 1355 97 20 beträffar
665 1354 102 21 Finlands
784 1354 67 21 banks
867 1354 149 27 kursnotering

185 1383 39 20 och
240 1383 49 20 dess
304 1385 133 24 räntesatser,
455 1383 77 20 tillåter
546 1383 35 27 jag
596 1383 44 27 mig
656 1383 37 20 här
708 1383 123 27 offentligen
848 1383 66 20 uttala
930 1383 38 20 och
984 1382 32 21 till

184 1411 172 21 bankutskottets
377 1411 99 28 pröfning
498 1412 131 21 öfverlämna
650 1413 29 19 ett
699 1412 100 27 privatim
818 1412 44 20 ofta
877 1411 62 21 hördt
953 1411 63 20 önsk-

184 1440 113 27 ningsmål,
320 1440 107 27 nämligen
451 1442 29 19 att
503 1440 101 21 Finlands
627 1440 61 27 bank,
712 1440 26 21 då
754 1440 43 21 den
812 1442 38 25 gör
865 1442 66 19 större
947 1439 69 21 förän-

185 1468 88 28 dringar
288 1469 101 26 antingen
405 1468 7 20 i
428 1471 154 18 räntesatserna
598 1468 52 21 eller
664 1469 7 19 i
679 1468 186 27 kursnoteringen,
873 1468 64 21 måtte
945 1468 71 20 lämna

183 1497 180 26 privatbankerna
386 1496 81 21 tillfälle
490 1499 29 18 att
542 1497 66 20 uttala
629 1497 32 27 sig
677 1497 79 20 därom.
788 1497 69 20 Saken
874 1497 42 20 kan
931 1497 23 26 ju
969 1496 47 20 icke

185 1528 64 18 annat
265 1527 27 19 än
309 1526 64 20 vinna
388 1526 27 26 på
430 1527 29 19 att
474 1525 41 21 den
531 1525 65 21 insikt
611 1525 39 21 och
665 1525 123 21 erfarenhet
803 1525 21 20 af
839 1524 178 28 penningemark-
