1103 1811
192 149 40 20 122
437 154 96 16 Svenska
546 155 39 16 och
596 154 69 17 finska
677 154 97 20 språken.
933 154 23 16 10
969 154 51 17 febr.

301 256 152 34 Onsdagen
472 256 56 26 den
546 256 32 26 10
597 256 128 26 februari
743 256 40 26 kl.
803 256 17 26 6
838 264 22 18 e.
879 264 34 18 m.

261 325 42 20 Vid
326 325 115 20 värkstäldt
456 331 80 20 upprop
552 324 106 21 befunnos
673 325 141 20 frånvarande
829 325 35 20 hrr
880 325 81 26 Lille,
976 325 45 20 Ju-

191 354 100 27 sélius,
314 353 83 27 Ferd,
424 353 122 27 Kumlin,
574 353 140 27 Nybergh,
736 354 120 26 August,
879 353 141 27 Brofeldt,

191 383 196 26 Aejmelaeus,
411 382 120 21 Berneri
553 382 39 20 och
615 381 164 24 Stenström,
802 382 22 20 af
842 382 71 20 hvilka
929 382 23 20 hr
967 381 53 22 Lille

192 411 82 21 anmält
289 411 76 26 förfall,
380 411 35 20 hrr
430 411 100 25 Jusölius,
546 410 95 26 Kumlin,
656 411 102 26 Nybergh
774 411 39 20 och
826 410 95 21 Brofeldt
932 410 21 21 af
963 411 57 26 sjuk-

193 440 49 20 dom
267 446 50 14 voro
341 439 103 21 hindrade
460 441 30 19 att
504 439 193 20 tillstädeskomma
713 441 55 19 samt
785 439 35 20 hrr
836 439 129 27 Aejmeleus
981 439 38 20 och

191 468 90 21 Berneri
297 468 56 21 förut
369 467 82 22 erhållit
466 467 94 21 tillstånd
576 470 30 18 att
622 468 107 20 uteblifva.

261 611 150 20 Antecknades
427 613 29 18 att
471 610 45 21 frän
533 610 139 21 medständen
683 610 88 21 anländt
781 609 102 22 särskilda
895 611 124 27 protokolls-

191 640 83 26 utdrag.

261 770 118 27 Föredrogs
402 772 29 19 ett
448 770 46 21 från
509 770 24 21 R.
550 777 18 14 o.
584 770 25 20 A.
626 770 88 21 anländt
729 771 198 26 protokollsutdrag,
942 771 79 20 hvarur

192 798 103 27 framgick
319 801 30 18 att
367 799 34 20 vid
417 799 150 27 föredragning
583 799 21 20 af
620 801 29 18 ett
665 799 21 20 af
701 799 88 21 friherre
805 799 21 21 af
842 799 99 21 Schulten
957 806 26 13 m.
999 799 20 20 fl.

192 827 32 21 till
247 827 24 20 R.
295 835 17 13 o.
335 828 26 19 A.
383 827 117 21 inlämnadt
515 827 211 27 petitionsmemorial
741 828 110 27 angående
867 828 118 20 ordnandet
999 828 22 20 af

193 855 26 21 de
242 856 111 21 inhemska
373 856 100 27 spräkens
489 856 137 26 likställighet
641 856 34 20 vid
692 856 116 21 domstolar
823 857 38 20 och
878 856 142 27 ämbetsmyn-

193 884 96 26 digheter
311 885 7 20 i
341 885 77 25 landet,
439 884 24 21 R.
486 891 17 14 o.
520 885 25 20 A.
562 884 91 23 beslutit,
670 885 68 20 under
752 885 150 27 förutsättning
918 887 29 18 att
962 885 58 20 med-

192 912 90 21 stånden
307 920 33 13 om
364 915 29 18 ett
409 913 74 20 sådant
498 913 70 20 beslut
584 912 48 21 ville
648 913 74 21 förena
737 914 37 26 sig,
790 914 107 20 remittera
913 913 107 27 petitions-

192 941 134 21 memorialet
349 942 31 20 till
403 944 29 18 ett
454 942 32 20 för
508 942 48 20 dess
578 941 129 27 behandling
728 942 100 20 särskildt
846 942 73 20 tillsatt
935 942 85 26 utskott,

192 970 116 20 bestående
324 970 21 20 af
361 972 30 18 tre
407 970 138 20 medlemmar
560 970 44 20 från
621 970 73 27 hvarje
710 970 68 27 stånd,
794 971 116 27 hvarjämte
925 970 24 20 R.
965 977 17 13 o.
993 970 26 21 A.

192 998 57 21 velat
270 998 67 21 uttala
359 998 41 21 den
423 998 141 28 förhoppning
588 1000 29 19 att
640 999 113 20 utskottets
774 999 71 21 arbete
861 999 68 20 skulle
945 998 24 21 så
985 998 34 22 be-

193 1027 86 27 drifvas,
305 1029 30 19 att
357 1027 65 27 nådig
443 1027 129 27 proposition
597 1027 6 20 i
619 1029 71 19 ämnet
705 1027 67 21 redan
787 1028 31 20 till
834 1028 69 20 denna
919 1027 101 27 landtdag

191 1056 73 20 kunde
288 1058 97 24 emotses,
401 1056 38 20 och
455 1062 34 14 om
506 1056 57 20 detta
579 1056 69 20 beslut
663 1056 55 20 hade
733 1056 24 20 R.
774 1063 18 14 o.
807 1056 25 20 A.
850 1056 92 27 inbjudit
961 1056 58 21 med-

191 1084 90 21 ständen
298 1086 29 18 att
343 1084 72 21 förena
431 1084 36 27 sig.

261 1140 33 21 Dä
317 1141 172 27 borgareständet
512 1140 118 21 emellertid
654 1141 33 20 vid
712 1143 84 19 senaste
811 1142 87 26 plenum
914 1142 61 20 fattat
990 1143 29 19 ett

190 1169 8 20 i
214 1169 122 21 hufvudsak
359 1170 109 20 enahanda
484 1169 69 21 beslut
568 1169 7 20 i
590 1176 81 14 samma
687 1170 65 27 fråga,
768 1170 123 21 föranledde
907 1170 24 20 R.
947 1176 17 14 o.
980 1170 39 20 A:s

190 1198 133 27 inbjudning
338 1198 47 20 icke
401 1198 68 27 nägon
486 1198 72 27 ätgärd
574 1198 47 20 frän
636 1198 95 21 ständets
746 1198 51 21 sida.

262 1340 111 27 Upplästes
396 1341 30 20 till
448 1341 104 26 justering
574 1341 39 21 och
636 1341 125 26 godkändes
784 1341 103 21 särskilda
902 1341 75 27 utdrag
993 1348 26 14 ur

190 1369 185 26 borgareständets
391 1369 34 20 vid
441 1373 83 17 senaste
539 1369 86 28 plenum
642 1369 60 21 förda
718 1370 110 27 protokoll.

260 1506 31 21 Pä
313 1506 155 26 framställning
492 1506 21 21 af
536 1506 24 20 hr
578 1506 121 21 talmannen
716 1507 69 20 beslöt
800 1506 173 27 borgareständet
988 1509 30 18 att

190 1534 131 21 beträffande
335 1535 130 26 justeringen
482 1535 21 20 af
518 1535 93 20 ständets
622 1534 238 28 diskussionsprotokoll
871 1535 68 21 under
948 1535 69 20 landt-
