1103 1811
71 148 23 16 16
106 151 61 13 mars.
388 140 191 33 Pantlänerörelse.
857 143 42 21 451

139 215 42 27 Jag
196 214 38 22 ber
249 216 57 20 ännu
321 215 49 21 med
387 215 65 27 nägra
468 215 38 21 ord
521 215 21 21 fä
557 215 75 21 beröra
648 215 40 21 den
704 215 65 28 fräga,
780 222 46 15 som
836 216 64 21 ocksä

71 244 40 22 och
126 243 81 21 kanske
222 246 54 18 mest
291 250 37 14 var
343 244 89 20 föremäl
447 244 33 20 för
498 244 56 20 olika
570 244 111 27 meningar
695 244 7 20 i
718 244 106 27 utskottet,
840 246 59 20 näm-

71 273 57 27 ligen
150 272 73 27 frägan
247 272 105 20 huruvida
367 272 197 27 pantlänerörelsen
580 272 69 21 skulle
664 272 126 22 inskränkas
805 273 32 21 till
853 273 46 21 stad

71 301 52 21 eller
145 300 64 21 ocksä
230 300 78 21 tillätas
330 301 27 26 pä
379 300 77 21 landet.
486 301 42 26 Jag
550 301 37 20 vill
611 301 73 20 därvid
703 304 75 24 genast
792 302 107 27 medgifva

71 332 30 18 att
116 329 26 27 pä
157 329 77 27 landet,
250 329 128 21 ätminstone
393 329 27 27 pä
435 329 27 20 de
477 329 61 21 flesta
554 331 61 25 orter,
631 329 64 28 nägot
707 330 119 27 synnerligt
836 330 64 21 behof

71 358 22 21 af
107 357 179 28 pantlänerörelse
301 357 34 21 för
349 358 133 21 närvarande
497 358 47 21 icke
560 357 76 28 finnes,
651 364 49 15 men
716 358 36 21 det
766 358 68 27 gifves
844 359 55 21 dock

71 386 81 27 ganska
173 386 76 27 många
273 387 56 20 orter
351 386 12 21 å
379 386 154 27 landsbygden,
548 393 46 14 som
610 387 7 20 i
633 386 100 21 afseende
748 387 13 20 å
776 387 123 28 folkmängd

72 415 39 21 och
127 415 67 28 öfriga
209 415 146 20 förhållanden
371 415 32 20 stå
419 415 99 21 städerna
533 415 86 26 mycket
633 417 58 25 nära,
706 415 108 28 nämligen
826 416 73 27 köpin-

72 450 71 21 garna,
158 450 26 15 en
199 443 79 27 mängd
293 443 104 21 förstäder
411 443 63 27 kring
490 443 26 21 de
532 445 56 19 stora
604 444 98 21 städerna
716 444 39 21 och
766 444 66 21 andra
842 447 58 18 cent-

72 472 44 21 rala
131 476 56 17 orter
201 472 27 27 på
242 472 143 27 landbygden,
401 472 38 21 där
454 478 27 15 en
497 474 29 19 tät
542 472 124 27 befolkning
681 473 39 20 har
734 472 69 22 bosatt
815 473 32 27 sig
859 473 40 20 och

72 501 38 20 där
131 501 192 27 pantlånerörelsen
347 501 101 26 möjligen
471 501 72 21 kunde
566 507 50 14 vara
638 501 22 20 af
681 501 99 21 behofvet
794 501 104 28 påkallad.

71 529 12 21 I
105 529 36 21 det
162 529 139 27 betänkande,
324 535 46 15 som
393 529 32 21 till
444 531 88 19 senaten
554 529 68 26 afgafs
638 536 34 14 om
688 529 118 22 ordnandet
821 530 21 21 af
858 530 41 21 för-

73 558 80 21 städers
169 558 39 21 och
223 558 48 21 med
286 558 48 21 dem
345 558 103 21 likartade
458 558 138 21 kommunala
608 558 128 21 samhällens
746 558 152 28 förhållanden,

72 586 69 20 finnas
157 586 136 27 uppräknade
308 593 27 14 en
351 589 43 17 stor
409 587 79 27 mängd
504 589 56 18 orter
575 587 6 19 i
598 587 46 20 vårt
655 587 57 24 land,
725 593 45 14 som
781 587 8 20 i
799 587 100 21 afseende

73 614 12 21 å
99 614 122 28 fokmängd,
237 615 110 21 folktäthet
362 621 27 14 m.
406 622 27 13 m.
448 617 36 19 äro
500 617 31 19 att
545 615 103 21 likställas
663 615 49 21 med
725 615 75 21 städer.
822 615 77 21 Därtill

73 643 95 21 kommer
193 645 29 19 att
245 643 27 28 på
294 644 56 20 vissa
373 644 79 20 trakter
475 644 7 20 i
504 644 74 20 landet
592 644 269 27 pantlåneinrättningarna
876 644 23 27 ju

73 672 64 21 också
158 672 73 21 kunna
253 674 50 25 göra
326 674 61 25 nytta
402 672 70 21 såsom
488 674 30 19 ett
532 672 56 27 slags
604 672 189 27 hypoteksbanker.
816 672 11 21 I
842 674 57 19 östra

72 700 90 22 Finland
185 702 23 19 är
228 701 183 27 skuldsättningen
429 701 63 20 bland
508 701 113 27 allmogen,
636 701 47 21 icke
698 701 64 21 minst
777 701 65 21 bland
857 701 42 21 den

73 729 112 27 besluttna,
207 729 80 27 ganska
309 732 44 18 stor
375 730 45 23 och,
439 729 27 21 då
488 729 66 28 några
576 729 171 21 kreditanstalter
761 730 47 21 icke
823 729 75 27 finnas,

73 758 183 27 skuldsättningen
277 758 38 20 hos
338 758 97 21 enskilda
455 764 107 21 personer,
578 758 72 21 hvilka
664 758 7 20 i
687 758 79 27 ganska
782 760 44 19 stor
840 758 59 21 skala

73 786 95 21 bedrifva
184 786 63 21 ocker
259 786 39 21 och
308 787 214 26 utsugningssystem.
545 786 43 21 Det
597 787 39 20 har
645 786 91 27 mången
748 786 55 27 gång
813 786 86 21 uttalats

75 817 30 18 att
127 814 63 21 behof
211 815 27 27 på
260 815 147 27 landsbygden
423 815 125 20 förefunnes
566 815 22 20 af
602 815 33 20 för
649 815 205 27 landbefolkningen
868 815 31 20 af-

73 843 88 27 passade
177 843 174 27 kreditanstalter,
367 843 38 21 där
427 843 107 28 allmogen
556 843 73 21 kunde
651 843 22 21 få
695 843 34 21 lån
744 845 45 20 mot
804 843 95 28 spanmål

74 872 39 20 och
129 872 65 20 andra
209 872 64 21 alster
288 872 21 21 af
323 872 36 21 sitt
373 872 109 27 jordbruk.
503 872 37 21 Ett
555 872 84 21 absolut
653 872 77 21 förbud
746 874 44 19 mot
800 872 28 21 all
838 873 61 26 pant-

73 900 128 21 lånerörelse
217 901 68 20 skulle
301 901 138 27 omöjliggöra
454 901 52 20 eller
521 900 129 21 åtminstone
664 901 8 19 i
687 901 41 26 hög
744 901 50 27 grad
805 900 94 21 försvåra

73 928 141 28 uppkomsten
237 929 21 20 af
280 929 71 27 dylika
367 929 106 21 anstalter.
503 928 41 22 För
565 931 31 19 att
610 931 58 19 mota
683 929 60 21 faran
758 929 21 21 af
794 930 30 20 att
838 929 61 27 pant-

73 957 127 21 lånerörelse
216 957 68 21 skulle
299 958 26 26 på
340 958 73 20 landet
429 957 75 27 uppstå
519 958 64 20 också
597 957 27 27 på
640 959 61 25 orter,
717 957 37 21 där
766 957 64 21 behof
840 957 59 21 däraf

73 986 47 20 icke
135 986 119 25 förefinnes,
267 986 38 21 har
321 986 103 21 utskottet
434 986 108 27 föreslagit
552 986 161 27 bestämningen
725 988 30 18 att
766 985 134 21 kommunal-

73 1016 100 19 stämmas
189 1015 108 26 samtycke
313 1015 68 21 skulle
397 1015 71 21 fordas
483 1015 33 20 för
526 1016 30 20 att
566 1021 26 15 en
604 1014 216 28 pantlåneinrättning
830 1014 69 21 skulle

73 1043 72 21 kunna
161 1043 11 21 å
187 1043 147 27 landsbygden
350 1044 109 20 etableras.
477 1043 75 21 Under
566 1043 80 21 sådana
659 1043 68 21 vilkor
737 1045 43 19 tror
789 1043 35 27 jag
835 1043 64 27 ingen

73 1071 45 21 fara
139 1072 68 20 skulle
228 1072 115 21 förefinnas
363 1074 31 19 att
414 1072 107 21 utsträcka
542 1072 125 27 rättigheten
684 1074 30 18 att
729 1071 95 21 bedrifva
839 1073 60 25 pant-

73 1100 127 21 lånerörelse
216 1100 63 21 också
294 1100 31 21 till
341 1100 153 28 landsbygden.

142 1128 33 21 En
197 1129 67 27 punkt
279 1129 7 20 i
301 1129 105 27 förslaget,
422 1136 46 14 som
484 1128 63 22 också
563 1136 37 14 var
615 1128 88 22 föremål
718 1129 33 21 för
766 1128 134 28 stridigheter

72 1157 7 20 i
95 1157 107 27 utskottet,
218 1164 37 14 var
269 1158 126 26 stadgandet
409 1158 8 20 i
433 1158 12 20 9
461 1158 13 26 &
490 1158 72 20 därom
578 1159 30 19 att
619 1158 26 20 de
656 1158 123 20 nuvarande
790 1156 109 28 pantläne-

73 1185 170 27 inrättningarna
265 1186 67 21 skulle
355 1186 68 21 måsta
437 1186 58 21 inom
512 1186 42 21 viss
570 1186 30 21 tid
616 1186 95 27 upphöra
726 1186 48 21 med
790 1186 33 20 sin
838 1185 61 21 värk-

73 1213 86 21 samhet.
189 1213 41 28 Jag
252 1214 67 21 håller
341 1215 124 27 visserligen
489 1215 63 20 äfven
575 1214 44 21 före
642 1216 30 19 att
694 1214 160 27 lagstiftningen
876 1215 23 19 är

73 1242 116 27 berättigad
213 1244 30 19 att
265 1243 27 27 på
315 1243 35 21 det
373 1243 138 21 ekonomiska
534 1243 96 21 området
645 1243 85 27 vidtaga
745 1242 154 27 förändringar,

73 1271 37 20 där
133 1271 35 20 det
189 1271 118 21 allmännas
330 1271 34 21 väl
385 1271 75 22 sådant
481 1271 90 28 kräfver,
593 1278 51 14 men
665 1273 23 19 är
702 1271 131 27 fullkomligt
848 1277 51 14 ense

73 1299 48 21 med
145 1300 25 20 hr
191 1299 95 22 Jusélius
301 1300 73 21 därom
390 1302 30 19 att
434 1300 120 27 möjligaste
569 1301 83 26 hänsyn
668 1300 74 21 därvid
758 1299 66 21 måste
840 1301 59 24 tagas

73 1328 69 21 därtill
171 1330 30 19 att
221 1329 132 27 rubbningar
372 1329 8 20 i
403 1329 97 20 enskilda
520 1329 264 27 egendomsförhållanden
807 1328 23 21 så
853 1327 46 22 litet

72 1363 45 14 som
140 1357 82 27 möjligt
244 1357 84 21 komma
349 1357 8 20 i
378 1357 65 28 fråga.
473 1357 42 28 Jag
536 1359 44 19 tror
595 1359 30 19 att
640 1357 102 21 utskottet
757 1357 47 21 icke
818 1357 8 20 i
842 1356 57 21 detta

72 1385 99 21 afseende
193 1385 82 22 förfarit
294 1388 97 19 varsamt.
422 1385 115 22 Dessutom
552 1385 69 22 finnes
637 1392 26 15 en
679 1392 70 15 annan
766 1392 51 21 svag
832 1384 68 29 punkt

71 1414 7 20 i
93 1414 113 21 utskottets
221 1414 140 27 betänkande,
376 1415 43 21 den
439 1415 106 27 nämligen
569 1416 30 19 att
619 1421 51 14 man
693 1414 119 21 dekreterat
827 1415 30 20 att
872 1413 27 20 de

71 1442 168 21 hittillsvarande
253 1443 269 27 pantlåneinrättningarna
532 1443 60 21 skola
603 1443 58 21 inom
674 1449 26 15 en
712 1443 43 20 viss
764 1443 31 20 tid
808 1441 91 22 ovilkor-

71 1470 57 28 ligen
157 1471 39 21 och
222 1473 51 19 utan
301 1472 72 20 vidare
395 1472 102 27 upphöra,
521 1473 50 19 utan
595 1473 30 19 att
647 1471 71 27 någon
740 1471 82 27 garanti
844 1469 56 21 före-

71 1499 68 21 finnes
162 1501 30 19 att
214 1500 70 27 någon
307 1506 70 15 annan
399 1500 179 27 pantlåneanstalt
592 1500 28 20 då
634 1500 71 21 träder
720 1500 7 19 i
742 1499 75 21 stället.
847 1498 52 21 Hel-

71 1527 92 28 singfors
177 1528 179 27 pantlåneanstalt
371 1528 38 21 har
424 1528 86 21 anlitats
524 1529 8 20 i
547 1528 95 27 ovanligt
656 1528 42 27 hög
713 1528 57 27 grad.
799 1521 31 27 År
844 1526 54 22 1896
