<?xml version="1.0" encoding="UTF-8"?>
<alto xmlns="http://www.loc.gov/standards/alto/ns-v3#" xmlns:xlink="http://www.w3.org/1999/xlink" xmlns:xsi="http://www.w3.org/2001/XMLSchema-instance" xsi:schemaLocation="http://www.loc.gov/standards/alto/ns-v3# http://www.loc.gov/alto/v3/alto-3-0.xsd">
	<Description>
		<MeasurementUnit>pixel</MeasurementUnit>
		<sourceImageInformation>
			<fileName>/tmp/tess_h4ndqe76_input.PNG</fileName>
		</sourceImageInformation>
		<OCRProcessing ID="OCR_0">
			<ocrProcessingStep>
				<processingSoftware>
					<softwareName>tesseract 5.3.4</softwareName>
				</processingSoftware>
			</ocrProcessingStep>
		</OCRProcessing>
	</Description>
	<Layout>
		<Page WIDTH="1103" HEIGHT="1811" PHYSICAL_IMG_NR="0" ID="page_0">
			<PrintSpace HPOS="0" VPOS="0" WIDTH="1103" HEIGHT="1811">
				<ComposedBlock ID="cblock_0" HPOS="62" VPOS="142" WIDTH="831" HEIGHT="27">
					<TextBlock ID="block_0" HPOS="62" VPOS="142" WIDTH="831" HEIGHT="27">
						<TextLine ID="line_0" HPOS="62" VPOS="142" WIDTH="831" HEIGHT="27">
							<String ID="string_0" HPOS="62" VPOS="150" WIDTH="28" HEIGHT="18" WC="0.96" CONTENT="26"/><SP WIDTH="13" VPOS="150" HPOS="90"/>
							<String ID="string_1" HPOS="103" VPOS="153" WIDTH="62" HEIGHT="13" WC="0.92" CONTENT="mars."/><SP WIDTH="29" VPOS="153" HPOS="165"/>
							<String ID="string_2" HPOS="194" VPOS="148" WIDTH="255" HEIGHT="21" WC="0.90" CONTENT="Undervisningsspräket"/><SP WIDTH="11" VPOS="148" HPOS="449"/>
							<String ID="string_3" HPOS="460" VPOS="148" WIDTH="8" HEIGHT="16" WC="0.96" CONTENT="i"/><SP WIDTH="12" VPOS="148" HPOS="468"/>
							<String ID="string_4" HPOS="480" VPOS="148" WIDTH="100" HEIGHT="16" WC="0.96" CONTENT="Finlands"/><SP WIDTH="12" VPOS="148" HPOS="580"/>
							<String ID="string_5" HPOS="592" VPOS="148" WIDTH="90" HEIGHT="16" WC="0.96" CONTENT="historia"/><SP WIDTH="11" VPOS="148" HPOS="682"/>
							<String ID="string_6" HPOS="693" VPOS="153" WIDTH="25" HEIGHT="12" WC="0.96" CONTENT="m."/><SP WIDTH="13" VPOS="153" HPOS="718"/>
							<String ID="string_7" HPOS="731" VPOS="153" WIDTH="25" HEIGHT="12" WC="0.96" CONTENT="m."/><SP WIDTH="96" VPOS="153" HPOS="756"/>
							<String ID="string_8" HPOS="852" VPOS="142" WIDTH="41" HEIGHT="20" WC="0.96" CONTENT="525"/>
						</TextLine>
					</TextBlock>
				</ComposedBlock>
				<GraphicalElement ID="cblock_1" HPOS="65" VPOS="173" WIDTH="827" HEIGHT="10"></GraphicalElement >
				<ComposedBlock ID="cblock_2" HPOS="64" VPOS="216" WIDTH="833" HEIGHT="936">
					<TextBlock ID="block_1" HPOS="64" VPOS="216" WIDTH="831" HEIGHT="315">
						<TextLine ID="line_1" HPOS="64" VPOS="216" WIDTH="829" HEIGHT="28">
							<String ID="string_9" HPOS="64" VPOS="218" WIDTH="37" HEIGHT="21" WC="0.93" CONTENT="det"/><SP WIDTH="20" VPOS="218" HPOS="101"/>
							<String ID="string_10" HPOS="121" VPOS="217" WIDTH="39" HEIGHT="27" WC="0.93" CONTENT="gär"/><SP WIDTH="20" VPOS="217" HPOS="160"/>
							<String ID="string_11" HPOS="180" VPOS="218" WIDTH="41" HEIGHT="20" WC="0.93" CONTENT="och"/><SP WIDTH="15" VPOS="218" HPOS="221"/>
							<String ID="string_12" HPOS="236" VPOS="218" WIDTH="63" HEIGHT="20" WC="0.92" CONTENT="äfven"/><SP WIDTH="16" VPOS="218" HPOS="299"/>
							<String ID="string_13" HPOS="315" VPOS="217" WIDTH="213" HEIGHT="27" WC="0.91" CONTENT="skolöfverstyrelsen"/><SP WIDTH="16" VPOS="217" HPOS="528"/>
							<String ID="string_14" HPOS="544" VPOS="223" WIDTH="63" HEIGHT="15" WC="0.96" CONTENT="anser"/><SP WIDTH="15" VPOS="223" HPOS="607"/>
							<String ID="string_15" HPOS="622" VPOS="219" WIDTH="30" HEIGHT="19" WC="0.96" CONTENT="att"/><SP WIDTH="15" VPOS="219" HPOS="652"/>
							<String ID="string_16" HPOS="667" VPOS="216" WIDTH="35" HEIGHT="22" WC="0.93" CONTENT="det"/><SP WIDTH="15" VPOS="216" HPOS="702"/>
							<String ID="string_17" HPOS="717" VPOS="216" WIDTH="43" HEIGHT="28" WC="0.92" CONTENT="gär,"/><SP WIDTH="15" VPOS="216" HPOS="760"/>
							<String ID="string_18" HPOS="775" VPOS="223" WIDTH="19" HEIGHT="14" WC="0.96" CONTENT="n."/><SP WIDTH="16" VPOS="223" HPOS="794"/>
							<String ID="string_19" HPOS="810" VPOS="217" WIDTH="18" HEIGHT="21" WC="0.96" CONTENT="b."/><SP WIDTH="16" VPOS="217" HPOS="828"/>
							<String ID="string_20" HPOS="844" VPOS="217" WIDTH="49" HEIGHT="21" WC="0.96" CONTENT="med"/>
						</TextLine>
						<TextLine ID="line_2" HPOS="64" VPOS="244" WIDTH="831" HEIGHT="30">
							<String ID="string_21" HPOS="64" VPOS="246" WIDTH="43" HEIGHT="28" WC="0.96" CONTENT="god"/><SP WIDTH="15" VPOS="246" HPOS="107"/>
							<String ID="string_22" HPOS="122" VPOS="246" WIDTH="56" HEIGHT="27" WC="0.93" CONTENT="vilja."/><SP WIDTH="31" VPOS="246" HPOS="178"/>
							<String ID="string_23" HPOS="209" VPOS="246" WIDTH="42" HEIGHT="20" WC="0.96" CONTENT="Vid"/><SP WIDTH="16" VPOS="246" HPOS="251"/>
							<String ID="string_24" HPOS="267" VPOS="246" WIDTH="35" HEIGHT="21" WC="0.93" CONTENT="det"/><SP WIDTH="14" VPOS="246" HPOS="302"/>
							<String ID="string_25" HPOS="316" VPOS="246" WIDTH="131" HEIGHT="27" WC="0.92" CONTENT="läraremöte,"/><SP WIDTH="15" VPOS="246" HPOS="447"/>
							<String ID="string_26" HPOS="462" VPOS="246" WIDTH="80" HEIGHT="27" WC="0.92" CONTENT="hvarpä"/><SP WIDTH="14" VPOS="246" HPOS="542"/>
							<String ID="string_27" HPOS="556" VPOS="247" WIDTH="162" HEIGHT="19" WC="0.92" CONTENT="reservanterna"/><SP WIDTH="14" VPOS="247" HPOS="718"/>
							<String ID="string_28" HPOS="732" VPOS="244" WIDTH="39" HEIGHT="22" WC="0.93" CONTENT="här"/><SP WIDTH="14" VPOS="244" HPOS="771"/>
							<String ID="string_29" HPOS="785" VPOS="246" WIDTH="61" HEIGHT="26" WC="0.91" CONTENT="syfta,"/><SP WIDTH="11" VPOS="246" HPOS="846"/>
							<String ID="string_30" HPOS="857" VPOS="252" WIDTH="38" HEIGHT="14" WC="0.96" CONTENT="var"/>
						</TextLine>
						<TextLine ID="line_3" HPOS="65" VPOS="274" WIDTH="829" HEIGHT="28">
							<String ID="string_31" HPOS="65" VPOS="275" WIDTH="85" HEIGHT="27" WC="0.92" CONTENT="frägans"/><SP WIDTH="23" VPOS="275" HPOS="150"/>
							<String ID="string_32" HPOS="173" VPOS="274" WIDTH="94" HEIGHT="22" WC="0.92" CONTENT="referent"/><SP WIDTH="21" VPOS="274" HPOS="267"/>
							<String ID="string_33" HPOS="288" VPOS="274" WIDTH="21" HEIGHT="21" WC="0.96" CONTENT="af"/><SP WIDTH="22" VPOS="274" HPOS="309"/>
							<String ID="string_34" HPOS="331" VPOS="274" WIDTH="42" HEIGHT="21" WC="0.92" CONTENT="den"/><SP WIDTH="23" VPOS="274" HPOS="373"/>
							<String ID="string_35" HPOS="396" VPOS="274" WIDTH="82" HEIGHT="21" WC="0.92" CONTENT="äsikten"/><SP WIDTH="25" VPOS="274" HPOS="478"/>
							<String ID="string_36" HPOS="503" VPOS="276" WIDTH="30" HEIGHT="19" WC="0.96" CONTENT="att"/><SP WIDTH="21" VPOS="276" HPOS="533"/>
							<String ID="string_37" HPOS="554" VPOS="280" WIDTH="50" HEIGHT="14" WC="0.96" CONTENT="man"/><SP WIDTH="24" VPOS="280" HPOS="604"/>
							<String ID="string_38" HPOS="628" VPOS="274" WIDTH="65" HEIGHT="21" WC="0.95" CONTENT="borde"/><SP WIDTH="15" VPOS="274" HPOS="693"/>
							<String ID="string_39" HPOS="708" VPOS="274" WIDTH="74" HEIGHT="21" WC="0.96" CONTENT="kunna"/><SP WIDTH="15" VPOS="274" HPOS="782"/>
							<String ID="string_40" HPOS="797" VPOS="274" WIDTH="97" HEIGHT="21" WC="0.96" CONTENT="använda"/>
						</TextLine>
						<TextLine ID="line_4" HPOS="65" VPOS="302" WIDTH="829" HEIGHT="27">
							<String ID="string_41" HPOS="65" VPOS="303" WIDTH="102" HEIGHT="21" WC="0.93" CONTENT="historien"/><SP WIDTH="24" VPOS="303" HPOS="167"/>
							<String ID="string_42" HPOS="191" VPOS="303" WIDTH="32" HEIGHT="20" WC="0.93" CONTENT="till"/><SP WIDTH="22" VPOS="303" HPOS="223"/>
							<String ID="string_43" HPOS="245" VPOS="303" WIDTH="97" HEIGHT="26" WC="0.92" CONTENT="inöfning"/><SP WIDTH="22" VPOS="303" HPOS="342"/>
							<String ID="string_44" HPOS="364" VPOS="303" WIDTH="21" HEIGHT="20" WC="0.97" CONTENT="af"/><SP WIDTH="22" VPOS="303" HPOS="385"/>
							<String ID="string_45" HPOS="407" VPOS="303" WIDTH="36" HEIGHT="20" WC="0.96" CONTENT="det"/><SP WIDTH="23" VPOS="303" HPOS="443"/>
							<String ID="string_46" HPOS="466" VPOS="303" WIDTH="66" HEIGHT="20" WC="0.93" CONTENT="andra"/><SP WIDTH="14" VPOS="303" HPOS="532"/>
							<String ID="string_47" HPOS="546" VPOS="302" WIDTH="112" HEIGHT="21" WC="0.92" CONTENT="inhemska"/><SP WIDTH="15" VPOS="302" HPOS="658"/>
							<String ID="string_48" HPOS="673" VPOS="302" WIDTH="84" HEIGHT="27" WC="0.92" CONTENT="spräket"/><SP WIDTH="15" VPOS="302" HPOS="757"/>
							<String ID="string_49" HPOS="772" VPOS="303" WIDTH="38" HEIGHT="20" WC="0.93" CONTENT="och"/><SP WIDTH="16" VPOS="303" HPOS="810"/>
							<String ID="string_50" HPOS="826" VPOS="303" WIDTH="68" HEIGHT="20" WC="0.92" CONTENT="öfver-"/>
						</TextLine>
						<TextLine ID="line_5" HPOS="65" VPOS="331" WIDTH="829" HEIGHT="28">
							<String ID="string_51" HPOS="65" VPOS="331" WIDTH="124" HEIGHT="28" WC="0.92" CONTENT="inspektorn"/><SP WIDTH="14" VPOS="331" HPOS="189"/>
							<String ID="string_52" HPOS="203" VPOS="332" WIDTH="8" HEIGHT="20" WC="0.96" CONTENT="i"/><SP WIDTH="16" VPOS="332" HPOS="211"/>
							<String ID="string_53" HPOS="227" VPOS="331" WIDTH="26" HEIGHT="21" WC="0.93" CONTENT="de"/><SP WIDTH="16" VPOS="331" HPOS="253"/>
							<String ID="string_54" HPOS="269" VPOS="331" WIDTH="112" HEIGHT="21" WC="0.91" CONTENT="historiska"/><SP WIDTH="15" VPOS="331" HPOS="381"/>
							<String ID="string_55" HPOS="396" VPOS="331" WIDTH="169" HEIGHT="28" WC="0.92" CONTENT="vetenskaperna"/><SP WIDTH="9" VPOS="331" HPOS="565"/>
							<String ID="string_56" HPOS="574" VPOS="331" WIDTH="137" HEIGHT="20" WC="0.92" CONTENT="reserverade"/><SP WIDTH="11" VPOS="331" HPOS="711"/>
							<String ID="string_57" HPOS="722" VPOS="331" WIDTH="31" HEIGHT="27" WC="0.96" CONTENT="sig"/><SP WIDTH="10" VPOS="331" HPOS="753"/>
							<String ID="string_58" HPOS="763" VPOS="333" WIDTH="45" HEIGHT="18" WC="0.93" CONTENT="mot"/><SP WIDTH="9" VPOS="333" HPOS="808"/>
							<String ID="string_59" HPOS="817" VPOS="331" WIDTH="77" HEIGHT="21" WC="0.92" CONTENT="sektio-"/>
						</TextLine>
						<TextLine ID="line_6" HPOS="65" VPOS="359" WIDTH="829" HEIGHT="22">
							<String ID="string_60" HPOS="65" VPOS="366" WIDTH="54" HEIGHT="15" WC="0.92" CONTENT="nens"/><SP WIDTH="20" VPOS="366" HPOS="119"/>
							<String ID="string_61" HPOS="139" VPOS="360" WIDTH="55" HEIGHT="21" WC="0.92" CONTENT="äsikt"/><SP WIDTH="24" VPOS="360" HPOS="194"/>
							<String ID="string_62" HPOS="218" VPOS="361" WIDTH="30" HEIGHT="20" WC="0.96" CONTENT="att"/><SP WIDTH="15" VPOS="361" HPOS="248"/>
							<String ID="string_63" HPOS="263" VPOS="360" WIDTH="23" HEIGHT="21" WC="0.93" CONTENT="sä"/><SP WIDTH="13" VPOS="360" HPOS="286"/>
							<String ID="string_64" HPOS="299" VPOS="360" WIDTH="47" HEIGHT="21" WC="0.93" CONTENT="icke"/><SP WIDTH="16" VPOS="360" HPOS="346"/>
							<String ID="string_65" HPOS="362" VPOS="366" WIDTH="50" HEIGHT="15" WC="0.93" CONTENT="vore"/><SP WIDTH="15" VPOS="366" HPOS="412"/>
							<String ID="string_66" HPOS="427" VPOS="359" WIDTH="65" HEIGHT="22" WC="0.88" CONTENT="fallet."/><SP WIDTH="30" VPOS="359" HPOS="492"/>
							<String ID="string_67" HPOS="522" VPOS="359" WIDTH="42" HEIGHT="22" WC="0.96" CONTENT="Det"/><SP WIDTH="15" VPOS="359" HPOS="564"/>
							<String ID="string_68" HPOS="579" VPOS="361" WIDTH="24" HEIGHT="19" WC="0.92" CONTENT="är"/><SP WIDTH="15" VPOS="361" HPOS="603"/>
							<String ID="string_69" HPOS="618" VPOS="359" WIDTH="82" HEIGHT="21" WC="0.92" CONTENT="säledes"/><SP WIDTH="14" VPOS="359" HPOS="700"/>
							<String ID="string_70" HPOS="714" VPOS="359" WIDTH="47" HEIGHT="21" WC="0.91" CONTENT="icke"/><SP WIDTH="16" VPOS="359" HPOS="761"/>
							<String ID="string_71" HPOS="777" VPOS="366" WIDTH="26" HEIGHT="14" WC="0.96" CONTENT="en"/><SP WIDTH="15" VPOS="366" HPOS="803"/>
							<String ID="string_72" HPOS="818" VPOS="360" WIDTH="23" HEIGHT="21" WC="0.92" CONTENT="sä"/><SP WIDTH="15" VPOS="360" HPOS="841"/>
							<String ID="string_73" HPOS="856" VPOS="360" WIDTH="38" HEIGHT="21" WC="0.92" CONTENT="all-"/>
						</TextLine>
						<TextLine ID="line_7" HPOS="66" VPOS="387" WIDTH="828" HEIGHT="28">
							<String ID="string_74" HPOS="66" VPOS="389" WIDTH="59" HEIGHT="20" WC="0.92" CONTENT="deles"/><SP WIDTH="15" VPOS="389" HPOS="125"/>
							<String ID="string_75" HPOS="140" VPOS="389" WIDTH="47" HEIGHT="20" WC="0.96" CONTENT="klar"/><SP WIDTH="14" VPOS="389" HPOS="187"/>
							<String ID="string_76" HPOS="201" VPOS="389" WIDTH="38" HEIGHT="20" WC="0.96" CONTENT="sak"/><SP WIDTH="16" VPOS="389" HPOS="239"/>
							<String ID="string_77" HPOS="255" VPOS="390" WIDTH="30" HEIGHT="19" WC="0.96" CONTENT="att"/><SP WIDTH="14" VPOS="390" HPOS="285"/>
							<String ID="string_78" HPOS="299" VPOS="388" WIDTH="70" HEIGHT="21" WC="0.96" CONTENT="denna"/><SP WIDTH="16" VPOS="388" HPOS="369"/>
							<String ID="string_79" HPOS="385" VPOS="388" WIDTH="155" HEIGHT="27" WC="0.93" CONTENT="undervisning"/><SP WIDTH="14" VPOS="388" HPOS="540"/>
							<String ID="string_80" HPOS="554" VPOS="388" WIDTH="47" HEIGHT="21" WC="0.91" CONTENT="icke"/><SP WIDTH="17" VPOS="388" HPOS="601"/>
							<String ID="string_81" HPOS="618" VPOS="394" WIDTH="49" HEIGHT="15" WC="0.92" CONTENT="vore"/><SP WIDTH="15" VPOS="394" HPOS="667"/>
							<String ID="string_82" HPOS="682" VPOS="388" WIDTH="80" HEIGHT="27" WC="0.96" CONTENT="möjlig."/><SP WIDTH="18" VPOS="388" HPOS="762"/>
							<String ID="string_83" HPOS="780" VPOS="387" WIDTH="114" HEIGHT="23" WC="0.96" CONTENT="Dessutom"/>
						</TextLine>
						<TextLine ID="line_8" HPOS="67" VPOS="417" WIDTH="828" HEIGHT="27">
							<String ID="string_84" HPOS="67" VPOS="419" WIDTH="23" HEIGHT="18" WC="0.96" CONTENT="är"/><SP WIDTH="21" VPOS="419" HPOS="90"/>
							<String ID="string_85" HPOS="111" VPOS="417" WIDTH="35" HEIGHT="21" WC="0.96" CONTENT="det"/><SP WIDTH="19" VPOS="417" HPOS="146"/>
							<String ID="string_86" HPOS="165" VPOS="418" WIDTH="24" HEIGHT="26" WC="0.96" CONTENT="ju"/><SP WIDTH="16" VPOS="418" HPOS="189"/>
							<String ID="string_87" HPOS="205" VPOS="423" WIDTH="26" HEIGHT="15" WC="0.92" CONTENT="en"/><SP WIDTH="16" VPOS="423" HPOS="231"/>
							<String ID="string_88" HPOS="247" VPOS="417" WIDTH="114" HEIGHT="27" WC="0.90" CONTENT="öfverdrift,"/><SP WIDTH="16" VPOS="417" HPOS="361"/>
							<String ID="string_89" HPOS="377" VPOS="417" WIDTH="27" HEIGHT="21" WC="0.96" CONTENT="dä"/><SP WIDTH="15" VPOS="417" HPOS="404"/>
							<String ID="string_90" HPOS="419" VPOS="423" WIDTH="49" HEIGHT="14" WC="0.93" CONTENT="man"/><SP WIDTH="15" VPOS="423" HPOS="468"/>
							<String ID="string_91" HPOS="483" VPOS="417" WIDTH="71" HEIGHT="20" WC="0.90" CONTENT="säsom"/><SP WIDTH="14" VPOS="417" HPOS="554"/>
							<String ID="string_92" HPOS="568" VPOS="417" WIDTH="7" HEIGHT="20" WC="0.93" CONTENT="i"/><SP WIDTH="16" VPOS="417" HPOS="575"/>
							<String ID="string_93" HPOS="591" VPOS="417" WIDTH="157" HEIGHT="21" WC="0.92" CONTENT="reservationen"/><SP WIDTH="17" VPOS="417" HPOS="748"/>
							<String ID="string_94" HPOS="765" VPOS="417" WIDTH="12" HEIGHT="20" WC="0.93" CONTENT="2"/><SP WIDTH="16" VPOS="417" HPOS="777"/>
							<String ID="string_95" HPOS="793" VPOS="417" WIDTH="102" HEIGHT="21" WC="0.93" CONTENT="förklarar"/>
						</TextLine>
						<TextLine ID="line_9" HPOS="67" VPOS="445" WIDTH="828" HEIGHT="28">
							<String ID="string_96" HPOS="67" VPOS="447" WIDTH="30" HEIGHT="19" WC="0.93" CONTENT="att"/><SP WIDTH="19" VPOS="447" HPOS="97"/>
							<String ID="string_97" HPOS="116" VPOS="445" WIDTH="83" HEIGHT="22" WC="0.92" CONTENT="landets"/><SP WIDTH="22" VPOS="445" HPOS="199"/>
							<String ID="string_98" HPOS="221" VPOS="446" WIDTH="47" HEIGHT="21" WC="0.93" CONTENT="hela"/><SP WIDTH="20" VPOS="446" HPOS="268"/>
							<String ID="string_99" HPOS="288" VPOS="445" WIDTH="107" HEIGHT="22" WC="0.92" CONTENT="lärarekär"/><SP WIDTH="22" VPOS="445" HPOS="395"/>
							<String ID="string_100" HPOS="417" VPOS="446" WIDTH="53" HEIGHT="20" WC="0.96" CONTENT="varit"/><SP WIDTH="23" VPOS="446" HPOS="470"/>
							<String ID="string_101" HPOS="493" VPOS="447" WIDTH="57" HEIGHT="19" WC="0.93" CONTENT="emot"/><SP WIDTH="18" VPOS="447" HPOS="550"/>
							<String ID="string_102" HPOS="568" VPOS="445" WIDTH="125" HEIGHT="21" WC="0.92" CONTENT="förenämda"/><SP WIDTH="14" VPOS="445" HPOS="693"/>
							<String ID="string_103" HPOS="707" VPOS="445" WIDTH="124" HEIGHT="28" WC="0.91" CONTENT="anordning."/><SP WIDTH="30" VPOS="445" HPOS="831"/>
							<String ID="string_104" HPOS="861" VPOS="445" WIDTH="34" HEIGHT="21" WC="0.94" CONTENT="En"/>
						</TextLine>
						<TextLine ID="line_10" HPOS="67" VPOS="474" WIDTH="828" HEIGHT="28">
							<String ID="string_105" HPOS="67" VPOS="475" WIDTH="136" HEIGHT="27" WC="0.95" CONTENT="reservation,"/><SP WIDTH="21" VPOS="475" HPOS="203"/>
							<String ID="string_106" HPOS="224" VPOS="481" WIDTH="45" HEIGHT="14" WC="0.93" CONTENT="som"/><SP WIDTH="16" VPOS="481" HPOS="269"/>
							<String ID="string_107" HPOS="285" VPOS="474" WIDTH="70" HEIGHT="21" WC="0.93" CONTENT="stöder"/><SP WIDTH="15" VPOS="474" HPOS="355"/>
							<String ID="string_108" HPOS="370" VPOS="475" WIDTH="32" HEIGHT="26" WC="0.96" CONTENT="sig"/><SP WIDTH="15" VPOS="475" HPOS="402"/>
							<String ID="string_109" HPOS="417" VPOS="474" WIDTH="27" HEIGHT="27" WC="0.92" CONTENT="pä"/><SP WIDTH="14" VPOS="474" HPOS="444"/>
							<String ID="string_110" HPOS="458" VPOS="474" WIDTH="116" HEIGHT="27" WC="0.92" CONTENT="öfverdrift,"/><SP WIDTH="16" VPOS="474" HPOS="574"/>
							<String ID="string_111" HPOS="590" VPOS="480" WIDTH="62" HEIGHT="15" WC="0.96" CONTENT="anser"/><SP WIDTH="13" VPOS="480" HPOS="652"/>
							<String ID="string_112" HPOS="665" VPOS="474" WIDTH="37" HEIGHT="27" WC="0.93" CONTENT="jag"/><SP WIDTH="15" VPOS="474" HPOS="702"/>
							<String ID="string_113" HPOS="717" VPOS="474" WIDTH="62" HEIGHT="21" WC="0.92" CONTENT="hafva"/><SP WIDTH="15" VPOS="474" HPOS="779"/>
							<String ID="string_114" HPOS="794" VPOS="475" WIDTH="54" HEIGHT="26" WC="0.96" CONTENT="gjort"/><SP WIDTH="15" VPOS="475" HPOS="848"/>
							<String ID="string_115" HPOS="863" VPOS="474" WIDTH="32" HEIGHT="27" WC="0.97" CONTENT="sig"/>
						</TextLine>
						<TextLine ID="line_11" HPOS="67" VPOS="503" WIDTH="93" HEIGHT="28">
							<String ID="string_116" HPOS="67" VPOS="503" WIDTH="93" HEIGHT="28" WC="0.95" CONTENT="omöjlig."/>
						</TextLine>
					</TextBlock>
					<TextBlock ID="block_2" HPOS="68" VPOS="531" WIDTH="828" HEIGHT="228">
						<TextLine ID="line_12" HPOS="137" VPOS="531" WIDTH="758" HEIGHT="27">
							<String ID="string_117" HPOS="137" VPOS="531" WIDTH="63" HEIGHT="22" WC="0.96" CONTENT="Hvad"/><SP WIDTH="15" VPOS="531" HPOS="200"/>
							<String ID="string_118" HPOS="215" VPOS="532" WIDTH="45" HEIGHT="21" WC="0.96" CONTENT="åter"/><SP WIDTH="14" VPOS="532" HPOS="260"/>
							<String ID="string_119" HPOS="274" VPOS="531" WIDTH="158" HEIGHT="22" WC="0.96" CONTENT="reservationen"/><SP WIDTH="15" VPOS="531" HPOS="432"/>
							<String ID="string_120" HPOS="447" VPOS="538" WIDTH="35" HEIGHT="14" WC="0.96" CONTENT="n:o"/><SP WIDTH="16" VPOS="538" HPOS="482"/>
							<String ID="string_121" HPOS="498" VPOS="531" WIDTH="12" HEIGHT="21" WC="0.93" CONTENT="1"/><SP WIDTH="17" VPOS="531" HPOS="510"/>
							<String ID="string_122" HPOS="527" VPOS="531" WIDTH="138" HEIGHT="27" WC="0.92" CONTENT="vidkommer,"/><SP WIDTH="16" VPOS="531" HPOS="665"/>
							<String ID="string_123" HPOS="681" VPOS="531" WIDTH="22" HEIGHT="20" WC="0.96" CONTENT="så"/><SP WIDTH="16" VPOS="531" HPOS="703"/>
							<String ID="string_124" HPOS="719" VPOS="531" WIDTH="77" HEIGHT="21" WC="0.96" CONTENT="uttalar"/><SP WIDTH="15" VPOS="531" HPOS="796"/>
							<String ID="string_125" HPOS="811" VPOS="531" WIDTH="41" HEIGHT="21" WC="0.96" CONTENT="den"/><SP WIDTH="11" VPOS="531" HPOS="852"/>
							<String ID="string_126" HPOS="863" VPOS="531" WIDTH="32" HEIGHT="27" WC="0.96" CONTENT="sig"/>
						</TextLine>
						<TextLine ID="line_13" HPOS="68" VPOS="559" WIDTH="827" HEIGHT="28">
							<String ID="string_127" HPOS="68" VPOS="559" WIDTH="70" HEIGHT="28" WC="0.96" CONTENT="också,"/><SP WIDTH="22" VPOS="559" HPOS="138"/>
							<String ID="string_128" HPOS="160" VPOS="560" WIDTH="69" HEIGHT="21" WC="0.96" CONTENT="såsom"/><SP WIDTH="22" VPOS="560" HPOS="229"/>
							<String ID="string_129" HPOS="251" VPOS="561" WIDTH="25" HEIGHT="20" WC="0.95" CONTENT="hr"/><SP WIDTH="21" VPOS="561" HPOS="276"/>
							<String ID="string_130" HPOS="297" VPOS="560" WIDTH="146" HEIGHT="27" WC="0.96" CONTENT="Schybergson"/><SP WIDTH="21" VPOS="560" HPOS="443"/>
							<String ID="string_131" HPOS="464" VPOS="560" WIDTH="57" HEIGHT="26" WC="0.96" CONTENT="sade,"/><SP WIDTH="21" VPOS="560" HPOS="521"/>
							<String ID="string_132" HPOS="542" VPOS="559" WIDTH="90" HEIGHT="21" WC="0.96" CONTENT="rörande"/><SP WIDTH="16" VPOS="559" HPOS="632"/>
							<String ID="string_133" HPOS="648" VPOS="566" WIDTH="27" HEIGHT="15" WC="0.93" CONTENT="en"/><SP WIDTH="16" VPOS="566" HPOS="675"/>
							<String ID="string_134" HPOS="691" VPOS="559" WIDTH="204" HEIGHT="28" WC="0.91" CONTENT="detaljbestämning,"/>
						</TextLine>
						<TextLine ID="line_14" HPOS="69" VPOS="588" WIDTH="827" HEIGHT="27">
							<String ID="string_135" HPOS="69" VPOS="588" WIDTH="85" HEIGHT="20" WC="0.96" CONTENT="hvarför"/><SP WIDTH="15" VPOS="588" HPOS="154"/>
							<String ID="string_136" HPOS="169" VPOS="589" WIDTH="42" HEIGHT="20" WC="0.96" CONTENT="den"/><SP WIDTH="15" VPOS="589" HPOS="211"/>
							<String ID="string_137" HPOS="226" VPOS="589" WIDTH="47" HEIGHT="20" WC="0.96" CONTENT="icke"/><SP WIDTH="11" VPOS="589" HPOS="273"/>
							<String ID="string_138" HPOS="284" VPOS="589" WIDTH="38" HEIGHT="20" WC="0.96" CONTENT="bör"/><SP WIDTH="15" VPOS="589" HPOS="322"/>
							<String ID="string_139" HPOS="337" VPOS="589" WIDTH="65" HEIGHT="20" WC="0.96" CONTENT="vinna"/><SP WIDTH="17" VPOS="589" HPOS="402"/>
							<String ID="string_140" HPOS="419" VPOS="588" WIDTH="121" HEIGHT="21" WC="0.96" CONTENT="understöd."/><SP WIDTH="23" VPOS="588" HPOS="540"/>
							<String ID="string_141" HPOS="563" VPOS="588" WIDTH="124" HEIGHT="21" WC="0.96" CONTENT="Emellertid"/><SP WIDTH="16" VPOS="588" HPOS="687"/>
							<String ID="string_142" HPOS="703" VPOS="588" WIDTH="95" HEIGHT="27" WC="0.96" CONTENT="grundar"/><SP WIDTH="14" VPOS="588" HPOS="798"/>
							<String ID="string_143" HPOS="812" VPOS="589" WIDTH="40" HEIGHT="20" WC="0.96" CONTENT="den"/><SP WIDTH="12" VPOS="589" HPOS="852"/>
							<String ID="string_144" HPOS="864" VPOS="589" WIDTH="32" HEIGHT="26" WC="0.95" CONTENT="sig"/>
						</TextLine>
						<TextLine ID="line_15" HPOS="69" VPOS="616" WIDTH="826" HEIGHT="28">
							<String ID="string_145" HPOS="69" VPOS="616" WIDTH="54" HEIGHT="22" WC="0.96" CONTENT="dock"/><SP WIDTH="15" VPOS="616" HPOS="123"/>
							<String ID="string_146" HPOS="138" VPOS="617" WIDTH="27" HEIGHT="27" WC="0.96" CONTENT="på"/><SP WIDTH="15" VPOS="617" HPOS="165"/>
							<String ID="string_147" HPOS="180" VPOS="624" WIDTH="27" HEIGHT="14" WC="0.96" CONTENT="en"/><SP WIDTH="15" VPOS="624" HPOS="207"/>
							<String ID="string_148" HPOS="222" VPOS="624" WIDTH="71" HEIGHT="14" WC="0.96" CONTENT="annan"/><SP WIDTH="15" VPOS="624" HPOS="293"/>
							<String ID="string_149" HPOS="308" VPOS="617" WIDTH="123" HEIGHT="27" WC="0.95" CONTENT="åskådning."/><SP WIDTH="15" VPOS="617" HPOS="431"/>
							<String ID="string_150" HPOS="446" VPOS="616" WIDTH="48" HEIGHT="22" WC="0.96" CONTENT="Den"/><SP WIDTH="16" VPOS="616" HPOS="494"/>
							<String ID="string_151" HPOS="510" VPOS="616" WIDTH="62" HEIGHT="28" WC="0.96" CONTENT="utgår"/><SP WIDTH="14" VPOS="616" HPOS="572"/>
							<String ID="string_152" HPOS="586" VPOS="616" WIDTH="109" HEIGHT="28" WC="0.96" CONTENT="nämligen"/><SP WIDTH="14" VPOS="616" HPOS="695"/>
							<String ID="string_153" HPOS="709" VPOS="616" WIDTH="47" HEIGHT="21" WC="0.96" CONTENT="från"/><SP WIDTH="13" VPOS="616" HPOS="756"/>
							<String ID="string_154" HPOS="769" VPOS="616" WIDTH="41" HEIGHT="21" WC="0.93" CONTENT="den"/><SP WIDTH="11" VPOS="616" HPOS="810"/>
							<String ID="string_155" HPOS="821" VPOS="616" WIDTH="74" HEIGHT="21" WC="0.92" CONTENT="åskåd-"/>
						</TextLine>
						<TextLine ID="line_16" HPOS="69" VPOS="645" WIDTH="826" HEIGHT="27">
							<String ID="string_156" HPOS="69" VPOS="645" WIDTH="79" HEIGHT="27" WC="0.95" CONTENT="ningen"/><SP WIDTH="15" VPOS="645" HPOS="148"/>
							<String ID="string_157" HPOS="163" VPOS="648" WIDTH="31" HEIGHT="18" WC="0.96" CONTENT="att"/><SP WIDTH="15" VPOS="648" HPOS="194"/>
							<String ID="string_158" HPOS="209" VPOS="646" WIDTH="180" HEIGHT="26" WC="0.96" CONTENT="undervisningen"/><SP WIDTH="16" VPOS="646" HPOS="389"/>
							<String ID="string_159" HPOS="405" VPOS="646" WIDTH="7" HEIGHT="20" WC="0.96" CONTENT="i"/><SP WIDTH="16" VPOS="646" HPOS="412"/>
							<String ID="string_160" HPOS="428" VPOS="646" WIDTH="35" HEIGHT="20" WC="0.96" CONTENT="det"/><SP WIDTH="15" VPOS="646" HPOS="463"/>
							<String ID="string_161" HPOS="478" VPOS="645" WIDTH="67" HEIGHT="21" WC="0.96" CONTENT="andra"/><SP WIDTH="14" VPOS="645" HPOS="545"/>
							<String ID="string_162" HPOS="559" VPOS="645" WIDTH="112" HEIGHT="21" WC="0.96" CONTENT="inhemska"/><SP WIDTH="14" VPOS="645" HPOS="671"/>
							<String ID="string_163" HPOS="685" VPOS="645" WIDTH="85" HEIGHT="27" WC="0.96" CONTENT="språket"/><SP WIDTH="10" VPOS="645" HPOS="770"/>
							<String ID="string_164" HPOS="780" VPOS="645" WIDTH="37" HEIGHT="21" WC="0.93" CONTENT="bör"/><SP WIDTH="10" VPOS="645" HPOS="817"/>
							<String ID="string_165" HPOS="827" VPOS="645" WIDTH="68" HEIGHT="21" WC="0.92" CONTENT="såvidt"/>
						</TextLine>
						<TextLine ID="line_17" HPOS="68" VPOS="673" WIDTH="827" HEIGHT="29">
							<String ID="string_166" HPOS="68" VPOS="674" WIDTH="83" HEIGHT="27" WC="0.94" CONTENT="möjligt"/><SP WIDTH="15" VPOS="674" HPOS="151"/>
							<String ID="string_167" HPOS="166" VPOS="674" WIDTH="109" HEIGHT="22" WC="0.96" CONTENT="meddelas"/><SP WIDTH="14" VPOS="674" HPOS="275"/>
							<String ID="string_168" HPOS="289" VPOS="674" WIDTH="27" HEIGHT="28" WC="0.96" CONTENT="på"/><SP WIDTH="15" VPOS="674" HPOS="316"/>
							<String ID="string_169" HPOS="331" VPOS="680" WIDTH="81" HEIGHT="15" WC="0.96" CONTENT="samma"/><SP WIDTH="15" VPOS="680" HPOS="412"/>
							<String ID="string_170" HPOS="427" VPOS="674" WIDTH="66" HEIGHT="21" WC="0.95" CONTENT="andra"/><SP WIDTH="15" VPOS="674" HPOS="493"/>
							<String ID="string_171" HPOS="508" VPOS="674" WIDTH="112" HEIGHT="20" WC="0.96" CONTENT="inhemska"/><SP WIDTH="15" VPOS="674" HPOS="620"/>
							<String ID="string_172" HPOS="635" VPOS="673" WIDTH="68" HEIGHT="28" WC="0.96" CONTENT="språk."/><SP WIDTH="16" VPOS="673" HPOS="703"/>
							<String ID="string_173" HPOS="719" VPOS="673" WIDTH="41" HEIGHT="21" WC="0.95" CONTENT="Det"/><SP WIDTH="10" VPOS="673" HPOS="760"/>
							<String ID="string_174" HPOS="770" VPOS="674" WIDTH="68" HEIGHT="20" WC="0.95" CONTENT="finnes"/><SP WIDTH="10" VPOS="674" HPOS="838"/>
							<String ID="string_175" HPOS="848" VPOS="674" WIDTH="47" HEIGHT="20" WC="0.96" CONTENT="icke"/>
						</TextLine>
						<TextLine ID="line_18" HPOS="68" VPOS="702" WIDTH="828" HEIGHT="28">
							<String ID="string_176" HPOS="68" VPOS="702" WIDTH="9" HEIGHT="20" WC="0.95" CONTENT="i"/><SP WIDTH="22" VPOS="702" HPOS="77"/>
							<String ID="string_177" HPOS="99" VPOS="703" WIDTH="70" HEIGHT="21" WC="0.96" CONTENT="denna"/><SP WIDTH="22" VPOS="703" HPOS="169"/>
							<String ID="string_178" HPOS="191" VPOS="703" WIDTH="129" HEIGHT="21" WC="0.96" CONTENT="reservation"/><SP WIDTH="23" VPOS="703" HPOS="320"/>
							<String ID="string_179" HPOS="343" VPOS="703" WIDTH="70" HEIGHT="27" WC="0.96" CONTENT="någon"/><SP WIDTH="23" VPOS="703" HPOS="413"/>
							<String ID="string_180" HPOS="436" VPOS="702" WIDTH="79" HEIGHT="28" WC="0.96" CONTENT="hemlig"/><SP WIDTH="15" VPOS="702" HPOS="515"/>
							<String ID="string_181" HPOS="530" VPOS="702" WIDTH="106" HEIGHT="21" WC="0.96" CONTENT="baktanke"/><SP WIDTH="16" VPOS="702" HPOS="636"/>
							<String ID="string_182" HPOS="652" VPOS="704" WIDTH="30" HEIGHT="19" WC="0.97" CONTENT="att"/><SP WIDTH="15" VPOS="704" HPOS="682"/>
							<String ID="string_183" HPOS="697" VPOS="702" WIDTH="21" HEIGHT="20" WC="0.96" CONTENT="få"/><SP WIDTH="16" VPOS="702" HPOS="718"/>
							<String ID="string_184" HPOS="734" VPOS="702" WIDTH="35" HEIGHT="21" WC="0.96" CONTENT="det"/><SP WIDTH="15" VPOS="702" HPOS="769"/>
							<String ID="string_185" HPOS="784" VPOS="702" WIDTH="65" HEIGHT="21" WC="0.93" CONTENT="andra"/><SP WIDTH="15" VPOS="702" HPOS="849"/>
							<String ID="string_186" HPOS="864" VPOS="702" WIDTH="32" HEIGHT="20" WC="0.91" CONTENT="in-"/>
						</TextLine>
						<TextLine ID="line_19" HPOS="68" VPOS="731" WIDTH="709" HEIGHT="28">
							<String ID="string_187" HPOS="68" VPOS="731" WIDTH="88" HEIGHT="21" WC="0.96" CONTENT="hemska"/><SP WIDTH="15" VPOS="731" HPOS="156"/>
							<String ID="string_188" HPOS="171" VPOS="732" WIDTH="85" HEIGHT="27" WC="0.96" CONTENT="språket"/><SP WIDTH="14" VPOS="732" HPOS="256"/>
							<String ID="string_189" HPOS="270" VPOS="732" WIDTH="23" HEIGHT="20" WC="0.96" CONTENT="så"/><SP WIDTH="15" VPOS="732" HPOS="293"/>
							<String ID="string_190" HPOS="308" VPOS="731" WIDTH="85" HEIGHT="27" WC="0.96" CONTENT="mycket"/><SP WIDTH="15" VPOS="731" HPOS="393"/>
							<String ID="string_191" HPOS="408" VPOS="738" WIDTH="45" HEIGHT="14" WC="0.96" CONTENT="som"/><SP WIDTH="17" VPOS="738" HPOS="453"/>
							<String ID="string_192" HPOS="470" VPOS="731" WIDTH="82" HEIGHT="27" WC="0.96" CONTENT="möjligt"/><SP WIDTH="15" VPOS="731" HPOS="552"/>
							<String ID="string_193" HPOS="567" VPOS="731" WIDTH="94" HEIGHT="21" WC="0.96" CONTENT="användt"/><SP WIDTH="14" VPOS="731" HPOS="661"/>
							<String ID="string_194" HPOS="675" VPOS="731" WIDTH="7" HEIGHT="20" WC="0.96" CONTENT="i"/><SP WIDTH="15" VPOS="731" HPOS="682"/>
							<String ID="string_195" HPOS="697" VPOS="731" WIDTH="80" HEIGHT="21" WC="0.96" CONTENT="skolan."/>
						</TextLine>
					</TextBlock>
					<TextBlock ID="block_3" HPOS="68" VPOS="759" WIDTH="829" HEIGHT="393">
						<TextLine ID="line_20" HPOS="138" VPOS="759" WIDTH="758" HEIGHT="28">
							<String ID="string_196" HPOS="138" VPOS="760" WIDTH="64" HEIGHT="21" WC="0.96" CONTENT="Hvad"/><SP WIDTH="22" VPOS="760" HPOS="202"/>
							<String ID="string_197" HPOS="224" VPOS="760" WIDTH="99" HEIGHT="27" WC="0.95" CONTENT="slutligen"/><SP WIDTH="22" VPOS="760" HPOS="323"/>
							<String ID="string_198" HPOS="345" VPOS="760" WIDTH="26" HEIGHT="20" WC="0.93" CONTENT="hr"/><SP WIDTH="14" VPOS="760" HPOS="371"/>
							<String ID="string_199" HPOS="385" VPOS="760" WIDTH="127" HEIGHT="21" WC="0.90" CONTENT="Lönnbecks"/><SP WIDTH="14" VPOS="760" HPOS="512"/>
							<String ID="string_200" HPOS="526" VPOS="760" WIDTH="80" HEIGHT="26" WC="0.96" CONTENT="förslag"/><SP WIDTH="14" VPOS="760" HPOS="606"/>
							<String ID="string_201" HPOS="620" VPOS="759" WIDTH="104" HEIGHT="27" WC="0.96" CONTENT="beträffar,"/><SP WIDTH="16" VPOS="759" HPOS="724"/>
							<String ID="string_202" HPOS="740" VPOS="759" WIDTH="22" HEIGHT="21" WC="0.96" CONTENT="så"/><SP WIDTH="16" VPOS="759" HPOS="762"/>
							<String ID="string_203" HPOS="778" VPOS="759" WIDTH="68" HEIGHT="21" WC="0.96" CONTENT="skulle"/><SP WIDTH="14" VPOS="759" HPOS="846"/>
							<String ID="string_204" HPOS="860" VPOS="760" WIDTH="36" HEIGHT="27" WC="0.96" CONTENT="jag"/>
						</TextLine>
						<TextLine ID="line_21" HPOS="69" VPOS="788" WIDTH="826" HEIGHT="28">
							<String ID="string_205" HPOS="69" VPOS="790" WIDTH="66" HEIGHT="25" WC="0.96" CONTENT="gärna"/><SP WIDTH="22" VPOS="790" HPOS="135"/>
							<String ID="string_206" HPOS="157" VPOS="789" WIDTH="27" HEIGHT="27" WC="0.96" CONTENT="gå"/><SP WIDTH="14" VPOS="789" HPOS="184"/>
							<String ID="string_207" HPOS="198" VPOS="788" WIDTH="49" HEIGHT="21" WC="0.96" CONTENT="med"/><SP WIDTH="16" VPOS="788" HPOS="247"/>
							<String ID="string_208" HPOS="263" VPOS="789" WIDTH="84" HEIGHT="24" WC="0.96" CONTENT="honom,"/><SP WIDTH="16" VPOS="789" HPOS="347"/>
							<String ID="string_209" HPOS="363" VPOS="795" WIDTH="33" HEIGHT="14" WC="0.96" CONTENT="om"/><SP WIDTH="17" VPOS="795" HPOS="396"/>
							<String ID="string_210" HPOS="413" VPOS="788" WIDTH="35" HEIGHT="21" WC="0.95" CONTENT="det"/><SP WIDTH="15" VPOS="788" HPOS="448"/>
							<String ID="string_211" HPOS="463" VPOS="788" WIDTH="47" HEIGHT="21" WC="0.96" CONTENT="icke"/><SP WIDTH="16" VPOS="788" HPOS="510"/>
							<String ID="string_212" HPOS="526" VPOS="788" WIDTH="69" HEIGHT="21" WC="0.95" CONTENT="skulle"/><SP WIDTH="15" VPOS="788" HPOS="595"/>
							<String ID="string_213" HPOS="610" VPOS="789" WIDTH="55" HEIGHT="20" WC="0.96" CONTENT="stöta"/><SP WIDTH="15" VPOS="789" HPOS="665"/>
							<String ID="string_214" HPOS="680" VPOS="790" WIDTH="57" HEIGHT="19" WC="0.96" CONTENT="emot"/><SP WIDTH="15" VPOS="790" HPOS="737"/>
							<String ID="string_215" HPOS="752" VPOS="788" WIDTH="40" HEIGHT="21" WC="0.96" CONTENT="den"/><SP WIDTH="16" VPOS="788" HPOS="792"/>
							<String ID="string_216" HPOS="808" VPOS="788" WIDTH="87" HEIGHT="27" WC="0.96" CONTENT="princip,"/>
						</TextLine>
						<TextLine ID="line_22" HPOS="69" VPOS="816" WIDTH="827" HEIGHT="28">
							<String ID="string_217" HPOS="69" VPOS="817" WIDTH="80" HEIGHT="27" WC="0.91" CONTENT="hvarpå"/><SP WIDTH="14" VPOS="817" HPOS="149"/>
							<String ID="string_218" HPOS="163" VPOS="817" WIDTH="36" HEIGHT="27" WC="0.96" CONTENT="jag"/><SP WIDTH="15" VPOS="817" HPOS="199"/>
							<String ID="string_219" HPOS="214" VPOS="817" WIDTH="38" HEIGHT="21" WC="0.93" CONTENT="har"/><SP WIDTH="15" VPOS="817" HPOS="252"/>
							<String ID="string_220" HPOS="267" VPOS="817" WIDTH="48" HEIGHT="21" WC="0.92" CONTENT="stält"/><SP WIDTH="14" VPOS="817" HPOS="315"/>
							<String ID="string_221" HPOS="329" VPOS="817" WIDTH="50" HEIGHT="27" WC="0.96" CONTENT="mig,"/><SP WIDTH="16" VPOS="817" HPOS="379"/>
							<String ID="string_222" HPOS="395" VPOS="819" WIDTH="30" HEIGHT="18" WC="0.96" CONTENT="att"/><SP WIDTH="14" VPOS="819" HPOS="425"/>
							<String ID="string_223" HPOS="439" VPOS="817" WIDTH="36" HEIGHT="20" WC="0.96" CONTENT="det"/><SP WIDTH="15" VPOS="817" HPOS="475"/>
							<String ID="string_224" HPOS="490" VPOS="819" WIDTH="23" HEIGHT="18" WC="0.96" CONTENT="är"/><SP WIDTH="15" VPOS="819" HPOS="513"/>
							<String ID="string_225" HPOS="528" VPOS="823" WIDTH="27" HEIGHT="14" WC="0.93" CONTENT="en"/><SP WIDTH="16" VPOS="823" HPOS="555"/>
							<String ID="string_226" HPOS="571" VPOS="816" WIDTH="130" HEIGHT="27" WC="0.90" CONTENT="detaljfråga."/><SP WIDTH="29" VPOS="816" HPOS="701"/>
							<String ID="string_227" HPOS="730" VPOS="816" WIDTH="42" HEIGHT="27" WC="0.96" CONTENT="Jag"/><SP WIDTH="14" VPOS="816" HPOS="772"/>
							<String ID="string_228" HPOS="786" VPOS="816" WIDTH="68" HEIGHT="21" WC="0.96" CONTENT="skulle"/><SP WIDTH="16" VPOS="816" HPOS="854"/>
							<String ID="string_229" HPOS="870" VPOS="816" WIDTH="26" HEIGHT="27" WC="0.96" CONTENT="gå"/>
						</TextLine>
						<TextLine ID="line_23" HPOS="69" VPOS="844" WIDTH="828" HEIGHT="28">
							<String ID="string_230" HPOS="69" VPOS="845" WIDTH="50" HEIGHT="21" WC="0.95" CONTENT="med"/><SP WIDTH="22" VPOS="845" HPOS="119"/>
							<String ID="string_231" HPOS="141" VPOS="846" WIDTH="77" HEIGHT="21" WC="0.90" CONTENT="honom"/><SP WIDTH="21" VPOS="846" HPOS="218"/>
							<String ID="string_232" HPOS="239" VPOS="846" WIDTH="8" HEIGHT="20" WC="0.95" CONTENT="i"/><SP WIDTH="22" VPOS="846" HPOS="247"/>
							<String ID="string_233" HPOS="269" VPOS="845" WIDTH="34" HEIGHT="27" WC="0.96" CONTENT="alt,"/><SP WIDTH="21" VPOS="845" HPOS="303"/>
							<String ID="string_234" HPOS="324" VPOS="845" WIDTH="63" HEIGHT="21" WC="0.96" CONTENT="också"/><SP WIDTH="19" VPOS="845" HPOS="387"/>
							<String ID="string_235" HPOS="406" VPOS="845" WIDTH="45" HEIGHT="21" WC="0.95" CONTENT="däri"/><SP WIDTH="15" VPOS="845" HPOS="451"/>
							<String ID="string_236" HPOS="466" VPOS="847" WIDTH="30" HEIGHT="19" WC="0.93" CONTENT="att"/><SP WIDTH="15" VPOS="847" HPOS="496"/>
							<String ID="string_237" HPOS="511" VPOS="845" WIDTH="305" HEIGHT="27" WC="0.89" CONTENT="matematikundervisningen"/><SP WIDTH="17" VPOS="845" HPOS="816"/>
							<String ID="string_238" HPOS="833" VPOS="844" WIDTH="64" HEIGHT="28" WC="0.96" CONTENT="något"/>
						</TextLine>
						<TextLine ID="line_24" HPOS="69" VPOS="873" WIDTH="828" HEIGHT="28">
							<String ID="string_239" HPOS="69" VPOS="874" WIDTH="70" HEIGHT="21" WC="0.96" CONTENT="skulle"/><SP WIDTH="20" VPOS="874" HPOS="139"/>
							<String ID="string_240" HPOS="159" VPOS="874" WIDTH="22" HEIGHT="21" WC="0.96" CONTENT="få"/><SP WIDTH="22" VPOS="874" HPOS="181"/>
							<String ID="string_241" HPOS="203" VPOS="875" WIDTH="63" HEIGHT="20" WC="0.96" CONTENT="maka"/><SP WIDTH="19" VPOS="875" HPOS="266"/>
							<String ID="string_242" HPOS="285" VPOS="874" WIDTH="20" HEIGHT="21" WC="0.96" CONTENT="åt"/><SP WIDTH="15" VPOS="874" HPOS="305"/>
							<String ID="string_243" HPOS="320" VPOS="875" WIDTH="33" HEIGHT="26" WC="0.96" CONTENT="sig"/><SP WIDTH="14" VPOS="875" HPOS="353"/>
							<String ID="string_244" HPOS="367" VPOS="874" WIDTH="32" HEIGHT="21" WC="0.96" CONTENT="till"/><SP WIDTH="15" VPOS="874" HPOS="399"/>
							<String ID="string_245" HPOS="414" VPOS="873" WIDTH="82" HEIGHT="22" WC="0.96" CONTENT="förmån"/><SP WIDTH="16" VPOS="873" HPOS="496"/>
							<String ID="string_246" HPOS="512" VPOS="874" WIDTH="34" HEIGHT="20" WC="0.96" CONTENT="för"/><SP WIDTH="14" VPOS="874" HPOS="546"/>
							<String ID="string_247" HPOS="560" VPOS="873" WIDTH="182" HEIGHT="28" WC="0.96" CONTENT="undervisningen"/><SP WIDTH="15" VPOS="873" HPOS="742"/>
							<String ID="string_248" HPOS="757" VPOS="874" WIDTH="8" HEIGHT="20" WC="0.96" CONTENT="i"/><SP WIDTH="15" VPOS="874" HPOS="765"/>
							<String ID="string_249" HPOS="780" VPOS="873" WIDTH="36" HEIGHT="21" WC="0.96" CONTENT="det"/><SP WIDTH="14" VPOS="873" HPOS="816"/>
							<String ID="string_250" HPOS="830" VPOS="873" WIDTH="67" HEIGHT="21" WC="0.96" CONTENT="andra"/>
						</TextLine>
						<TextLine ID="line_25" HPOS="69" VPOS="902" WIDTH="828" HEIGHT="28">
							<String ID="string_251" HPOS="69" VPOS="902" WIDTH="112" HEIGHT="21" WC="0.96" CONTENT="inhemska"/><SP WIDTH="21" VPOS="902" HPOS="181"/>
							<String ID="string_252" HPOS="202" VPOS="903" WIDTH="89" HEIGHT="27" WC="0.93" CONTENT="språket."/><SP WIDTH="30" VPOS="903" HPOS="291"/>
							<String ID="string_253" HPOS="321" VPOS="903" WIDTH="50" HEIGHT="21" WC="0.95" CONTENT="Men"/><SP WIDTH="15" VPOS="903" HPOS="371"/>
							<String ID="string_254" HPOS="386" VPOS="903" WIDTH="70" HEIGHT="20" WC="0.95" CONTENT="säkert"/><SP WIDTH="15" VPOS="903" HPOS="456"/>
							<String ID="string_255" HPOS="471" VPOS="902" WIDTH="69" HEIGHT="21" WC="0.96" CONTENT="skulle"/><SP WIDTH="16" VPOS="902" HPOS="540"/>
							<String ID="string_256" HPOS="556" VPOS="902" WIDTH="78" HEIGHT="27" WC="0.96" CONTENT="många"/><SP WIDTH="14" VPOS="902" HPOS="634"/>
							<String ID="string_257" HPOS="648" VPOS="904" WIDTH="68" HEIGHT="18" WC="0.96" CONTENT="röster"/><SP WIDTH="14" VPOS="904" HPOS="716"/>
							<String ID="string_258" HPOS="730" VPOS="902" WIDTH="48" HEIGHT="27" WC="0.96" CONTENT="höja"/><SP WIDTH="15" VPOS="902" HPOS="778"/>
							<String ID="string_259" HPOS="793" VPOS="902" WIDTH="32" HEIGHT="26" WC="0.96" CONTENT="sig"/><SP WIDTH="15" VPOS="902" HPOS="825"/>
							<String ID="string_260" HPOS="840" VPOS="904" WIDTH="57" HEIGHT="18" WC="0.95" CONTENT="emot"/>
						</TextLine>
						<TextLine ID="line_26" HPOS="69" VPOS="930" WIDTH="828" HEIGHT="28">
							<String ID="string_261" HPOS="69" VPOS="937" WIDTH="27" HEIGHT="15" WC="0.96" CONTENT="en"/><SP WIDTH="16" VPOS="937" HPOS="96"/>
							<String ID="string_262" HPOS="112" VPOS="931" WIDTH="65" HEIGHT="21" WC="0.96" CONTENT="sådan"/><SP WIDTH="16" VPOS="931" HPOS="177"/>
							<String ID="string_263" HPOS="193" VPOS="931" WIDTH="124" HEIGHT="27" WC="0.95" CONTENT="anordning."/><SP WIDTH="30" VPOS="931" HPOS="317"/>
							<String ID="string_264" HPOS="347" VPOS="931" WIDTH="50" HEIGHT="21" WC="0.96" CONTENT="Men"/><SP WIDTH="14" VPOS="931" HPOS="397"/>
							<String ID="string_265" HPOS="411" VPOS="931" WIDTH="36" HEIGHT="27" WC="0.96" CONTENT="jag"/><SP WIDTH="15" VPOS="931" HPOS="447"/>
							<String ID="string_266" HPOS="462" VPOS="930" WIDTH="82" HEIGHT="28" WC="0.96" CONTENT="frågar:"/><SP WIDTH="16" VPOS="930" HPOS="544"/>
							<String ID="string_267" HPOS="560" VPOS="930" WIDTH="70" HEIGHT="21" WC="0.96" CONTENT="skulle"/><SP WIDTH="16" VPOS="930" HPOS="630"/>
							<String ID="string_268" HPOS="646" VPOS="930" WIDTH="36" HEIGHT="21" WC="0.96" CONTENT="det"/><SP WIDTH="15" VPOS="930" HPOS="682"/>
							<String ID="string_269" HPOS="697" VPOS="937" WIDTH="50" HEIGHT="14" WC="0.96" CONTENT="vara"/><SP WIDTH="14" VPOS="937" HPOS="747"/>
							<String ID="string_270" HPOS="761" VPOS="930" WIDTH="96" HEIGHT="27" WC="0.96" CONTENT="lämpligt"/><SP WIDTH="10" VPOS="930" HPOS="857"/>
							<String ID="string_271" HPOS="867" VPOS="932" WIDTH="30" HEIGHT="19" WC="0.96" CONTENT="att"/>
						</TextLine>
						<TextLine ID="line_27" HPOS="70" VPOS="958" WIDTH="827" HEIGHT="28">
							<String ID="string_272" HPOS="70" VPOS="960" WIDTH="21" HEIGHT="20" WC="0.96" CONTENT="vi"/><SP WIDTH="22" VPOS="960" HPOS="91"/>
							<String ID="string_273" HPOS="113" VPOS="960" WIDTH="38" HEIGHT="20" WC="0.96" CONTENT="här"/><SP WIDTH="23" VPOS="960" HPOS="151"/>
							<String ID="string_274" HPOS="174" VPOS="960" WIDTH="109" HEIGHT="20" WC="0.96" CONTENT="debattera"/><SP WIDTH="21" VPOS="960" HPOS="283"/>
							<String ID="string_275" HPOS="304" VPOS="960" WIDTH="105" HEIGHT="20" WC="0.93" CONTENT="huruvida"/><SP WIDTH="23" VPOS="960" HPOS="409"/>
							<String ID="string_276" HPOS="432" VPOS="959" WIDTH="306" HEIGHT="27" WC="0.92" CONTENT="matematikundervisningen"/><SP WIDTH="22" VPOS="959" HPOS="738"/>
							<String ID="string_277" HPOS="760" VPOS="958" WIDTH="53" HEIGHT="22" WC="0.95" CONTENT="skall"/><SP WIDTH="21" VPOS="958" HPOS="813"/>
							<String ID="string_278" HPOS="834" VPOS="958" WIDTH="63" HEIGHT="21" WC="0.96" CONTENT="hafva"/>
						</TextLine>
						<TextLine ID="line_28" HPOS="69" VPOS="987" WIDTH="828" HEIGHT="28">
							<String ID="string_279" HPOS="69" VPOS="988" WIDTH="52" HEIGHT="21" WC="0.84" CONTENT="flere"/><SP WIDTH="23" VPOS="988" HPOS="121"/>
							<String ID="string_280" HPOS="144" VPOS="988" WIDTH="52" HEIGHT="21" WC="0.96" CONTENT="eller"/><SP WIDTH="22" VPOS="988" HPOS="196"/>
							<String ID="string_281" HPOS="218" VPOS="988" WIDTH="55" HEIGHT="27" WC="0.96" CONTENT="färre"/><SP WIDTH="22" VPOS="988" HPOS="273"/>
							<String ID="string_282" HPOS="295" VPOS="988" WIDTH="86" HEIGHT="21" WC="0.96" CONTENT="timmar"/><SP WIDTH="21" VPOS="988" HPOS="381"/>
							<String ID="string_283" HPOS="402" VPOS="988" WIDTH="33" HEIGHT="27" WC="0.96" CONTENT="sig"/><SP WIDTH="14" VPOS="988" HPOS="435"/>
							<String ID="string_284" HPOS="449" VPOS="988" WIDTH="105" HEIGHT="20" WC="0.96" CONTENT="anvisad?"/><SP WIDTH="30" VPOS="988" HPOS="554"/>
							<String ID="string_285" HPOS="584" VPOS="988" WIDTH="42" HEIGHT="26" WC="0.96" CONTENT="Jag"/><SP WIDTH="22" VPOS="988" HPOS="626"/>
							<String ID="string_286" HPOS="648" VPOS="989" WIDTH="44" HEIGHT="19" WC="0.96" CONTENT="tror"/><SP WIDTH="15" VPOS="989" HPOS="692"/>
							<String ID="string_287" HPOS="707" VPOS="989" WIDTH="30" HEIGHT="19" WC="0.96" CONTENT="att"/><SP WIDTH="15" VPOS="989" HPOS="737"/>
							<String ID="string_288" HPOS="752" VPOS="988" WIDTH="21" HEIGHT="20" WC="0.96" CONTENT="vi"/><SP WIDTH="15" VPOS="988" HPOS="773"/>
							<String ID="string_289" HPOS="788" VPOS="987" WIDTH="27" HEIGHT="21" WC="0.96" CONTENT="dä"/><SP WIDTH="15" VPOS="987" HPOS="815"/>
							<String ID="string_290" HPOS="830" VPOS="987" WIDTH="67" HEIGHT="21" WC="0.97" CONTENT="skulle"/>
						</TextLine>
						<TextLine ID="line_29" HPOS="70" VPOS="1016" WIDTH="827" HEIGHT="28">
							<String ID="string_291" HPOS="70" VPOS="1016" WIDTH="86" HEIGHT="21" WC="0.96" CONTENT="komma"/><SP WIDTH="15" VPOS="1016" HPOS="156"/>
							<String ID="string_292" HPOS="171" VPOS="1017" WIDTH="21" HEIGHT="20" WC="0.96" CONTENT="in"/><SP WIDTH="17" VPOS="1017" HPOS="192"/>
							<String ID="string_293" HPOS="209" VPOS="1017" WIDTH="27" HEIGHT="27" WC="0.96" CONTENT="på"/><SP WIDTH="15" VPOS="1017" HPOS="236"/>
							<String ID="string_294" HPOS="251" VPOS="1018" WIDTH="30" HEIGHT="20" WC="0.96" CONTENT="ett"/><SP WIDTH="14" VPOS="1018" HPOS="281"/>
							<String ID="string_295" HPOS="295" VPOS="1017" WIDTH="63" HEIGHT="27" WC="0.96" CONTENT="gebit,"/><SP WIDTH="16" VPOS="1017" HPOS="358"/>
							<String ID="string_296" HPOS="374" VPOS="1023" WIDTH="45" HEIGHT="15" WC="0.96" CONTENT="som"/><SP WIDTH="16" VPOS="1023" HPOS="419"/>
							<String ID="string_297" HPOS="435" VPOS="1016" WIDTH="47" HEIGHT="21" WC="0.96" CONTENT="icke"/><SP WIDTH="15" VPOS="1016" HPOS="482"/>
							<String ID="string_298" HPOS="497" VPOS="1017" WIDTH="39" HEIGHT="20" WC="0.96" CONTENT="hör"/><SP WIDTH="15" VPOS="1017" HPOS="536"/>
							<String ID="string_299" HPOS="551" VPOS="1022" WIDTH="35" HEIGHT="15" WC="0.96" CONTENT="oss"/><SP WIDTH="14" VPOS="1022" HPOS="586"/>
							<String ID="string_300" HPOS="600" VPOS="1016" WIDTH="38" HEIGHT="21" WC="0.96" CONTENT="till."/><SP WIDTH="15" VPOS="1016" HPOS="638"/>
							<String ID="string_301" HPOS="653" VPOS="1016" WIDTH="42" HEIGHT="27" WC="0.96" CONTENT="Jag"/><SP WIDTH="15" VPOS="1016" HPOS="695"/>
							<String ID="string_302" HPOS="710" VPOS="1022" WIDTH="62" HEIGHT="15" WC="0.96" CONTENT="anser"/><SP WIDTH="10" VPOS="1022" HPOS="772"/>
							<String ID="string_303" HPOS="782" VPOS="1016" WIDTH="35" HEIGHT="20" WC="0.86" CONTENT="det"/><SP WIDTH="7" VPOS="1016" HPOS="817"/>
							<String ID="string_304" HPOS="824" VPOS="1017" WIDTH="73" HEIGHT="19" WC="0.86" CONTENT="rättast"/>
						</TextLine>
						<TextLine ID="line_30" HPOS="69" VPOS="1044" WIDTH="827" HEIGHT="28">
							<String ID="string_305" HPOS="69" VPOS="1047" WIDTH="32" HEIGHT="19" WC="0.93" CONTENT="att"/><SP WIDTH="21" VPOS="1047" HPOS="101"/>
							<String ID="string_306" HPOS="122" VPOS="1045" WIDTH="130" HEIGHT="21" WC="0.91" CONTENT="öfverlämna"/><SP WIDTH="23" VPOS="1045" HPOS="252"/>
							<String ID="string_307" HPOS="275" VPOS="1045" WIDTH="78" HEIGHT="21" WC="0.92" CONTENT="sådana"/><SP WIDTH="18" VPOS="1045" HPOS="353"/>
							<String ID="string_308" HPOS="371" VPOS="1045" WIDTH="137" HEIGHT="27" WC="0.90" CONTENT="detaljfrågor"/><SP WIDTH="14" VPOS="1045" HPOS="508"/>
							<String ID="string_309" HPOS="522" VPOS="1045" WIDTH="22" HEIGHT="20" WC="0.93" CONTENT="åt"/><SP WIDTH="14" VPOS="1045" HPOS="544"/>
							<String ID="string_310" HPOS="558" VPOS="1044" WIDTH="227" HEIGHT="28" WC="0.92" CONTENT="fackmyndigheterna"/><SP WIDTH="15" VPOS="1044" HPOS="785"/>
							<String ID="string_311" HPOS="800" VPOS="1044" WIDTH="39" HEIGHT="21" WC="0.95" CONTENT="och"/><SP WIDTH="15" VPOS="1044" HPOS="839"/>
							<String ID="string_312" HPOS="854" VPOS="1044" WIDTH="42" HEIGHT="21" WC="0.96" CONTENT="kan"/>
						</TextLine>
						<TextLine ID="line_31" HPOS="69" VPOS="1073" WIDTH="827" HEIGHT="29">
							<String ID="string_313" HPOS="69" VPOS="1074" WIDTH="72" HEIGHT="20" WC="0.96" CONTENT="därför"/><SP WIDTH="13" VPOS="1074" HPOS="141"/>
							<String ID="string_314" HPOS="154" VPOS="1074" WIDTH="48" HEIGHT="21" WC="0.96" CONTENT="icke"/><SP WIDTH="15" VPOS="1074" HPOS="202"/>
							<String ID="string_315" HPOS="217" VPOS="1074" WIDTH="61" HEIGHT="21" WC="0.96" CONTENT="ställa"/><SP WIDTH="15" VPOS="1074" HPOS="278"/>
							<String ID="string_316" HPOS="293" VPOS="1074" WIDTH="43" HEIGHT="27" WC="0.96" CONTENT="mig"/><SP WIDTH="15" VPOS="1074" HPOS="336"/>
							<String ID="string_317" HPOS="351" VPOS="1074" WIDTH="26" HEIGHT="28" WC="0.97" CONTENT="på"/><SP WIDTH="16" VPOS="1074" HPOS="377"/>
							<String ID="string_318" HPOS="393" VPOS="1080" WIDTH="26" HEIGHT="15" WC="0.97" CONTENT="en"/><SP WIDTH="16" VPOS="1080" HPOS="419"/>
							<String ID="string_319" HPOS="435" VPOS="1080" WIDTH="71" HEIGHT="14" WC="0.96" CONTENT="annan"/><SP WIDTH="16" VPOS="1080" HPOS="506"/>
							<String ID="string_320" HPOS="522" VPOS="1073" WIDTH="130" HEIGHT="27" WC="0.96" CONTENT="ståndpunkt"/><SP WIDTH="15" VPOS="1073" HPOS="652"/>
							<String ID="string_321" HPOS="667" VPOS="1075" WIDTH="27" HEIGHT="19" WC="0.96" CONTENT="än"/><SP WIDTH="16" VPOS="1075" HPOS="694"/>
							<String ID="string_322" HPOS="710" VPOS="1073" WIDTH="117" HEIGHT="27" WC="0.92" CONTENT="utskottets,"/><SP WIDTH="11" VPOS="1073" HPOS="827"/>
							<String ID="string_323" HPOS="838" VPOS="1074" WIDTH="58" HEIGHT="19" WC="0.91" CONTENT="näm-"/>
						</TextLine>
						<TextLine ID="line_32" HPOS="69" VPOS="1101" WIDTH="828" HEIGHT="29">
							<String ID="string_324" HPOS="69" VPOS="1102" WIDTH="59" HEIGHT="27" WC="0.96" CONTENT="ligen"/><SP WIDTH="23" VPOS="1102" HPOS="128"/>
							<String ID="string_325" HPOS="151" VPOS="1104" WIDTH="30" HEIGHT="20" WC="0.93" CONTENT="att"/><SP WIDTH="21" VPOS="1104" HPOS="181"/>
							<String ID="string_326" HPOS="202" VPOS="1103" WIDTH="116" HEIGHT="27" WC="0.91" CONTENT="petitionen"/><SP WIDTH="21" VPOS="1103" HPOS="318"/>
							<String ID="string_327" HPOS="339" VPOS="1103" WIDTH="47" HEIGHT="21" WC="0.96" CONTENT="icke"/><SP WIDTH="20" VPOS="1103" HPOS="386"/>
							<String ID="string_328" HPOS="406" VPOS="1102" WIDTH="65" HEIGHT="21" WC="0.96" CONTENT="måtte"/><SP WIDTH="23" VPOS="1102" HPOS="471"/>
							<String ID="string_329" HPOS="494" VPOS="1102" WIDTH="110" HEIGHT="21" WC="0.96" CONTENT="föranleda"/><SP WIDTH="22" VPOS="1102" HPOS="604"/>
							<String ID="string_330" HPOS="626" VPOS="1102" WIDTH="33" HEIGHT="21" WC="0.96" CONTENT="till"/><SP WIDTH="18" VPOS="1102" HPOS="659"/>
							<String ID="string_331" HPOS="677" VPOS="1102" WIDTH="70" HEIGHT="27" WC="0.96" CONTENT="någon"/><SP WIDTH="15" VPOS="1102" HPOS="747"/>
							<String ID="string_332" HPOS="762" VPOS="1101" WIDTH="72" HEIGHT="28" WC="0.96" CONTENT="åtgärd"/><SP WIDTH="16" VPOS="1101" HPOS="834"/>
							<String ID="string_333" HPOS="850" VPOS="1101" WIDTH="47" HEIGHT="21" WC="0.96" CONTENT="från"/>
						</TextLine>
						<TextLine ID="line_33" HPOS="68" VPOS="1131" WIDTH="193" HEIGHT="21">
							<String ID="string_334" HPOS="68" VPOS="1131" WIDTH="127" HEIGHT="21" WC="0.96" CONTENT="ständernas"/><SP WIDTH="15" VPOS="1131" HPOS="195"/>
							<String ID="string_335" HPOS="210" VPOS="1131" WIDTH="51" HEIGHT="21" WC="0.96" CONTENT="sida."/>
						</TextLine>
					</TextBlock>
				</ComposedBlock>
				<ComposedBlock ID="cblock_3" HPOS="68" VPOS="1186" WIDTH="832" HEIGHT="371">
					<TextBlock ID="block_4" HPOS="68" VPOS="1186" WIDTH="832" HEIGHT="371">
						<TextLine ID="line_34" HPOS="138" VPOS="1186" WIDTH="760" HEIGHT="29">
							<String ID="string_336" HPOS="138" VPOS="1188" WIDTH="33" HEIGHT="20" WC="0.92" CONTENT="Hr"/><SP WIDTH="15" VPOS="1188" HPOS="171"/>
							<String ID="string_337" HPOS="186" VPOS="1187" WIDTH="217" HEIGHT="28" WC="0.91" CONTENT="Schybergson:"/><SP WIDTH="30" VPOS="1187" HPOS="403"/>
							<String ID="string_338" HPOS="433" VPOS="1188" WIDTH="41" HEIGHT="27" WC="0.96" CONTENT="Jag"/><SP WIDTH="22" VPOS="1188" HPOS="474"/>
							<String ID="string_339" HPOS="496" VPOS="1188" WIDTH="39" HEIGHT="20" WC="0.95" CONTENT="har"/><SP WIDTH="22" VPOS="1188" HPOS="535"/>
							<String ID="string_340" HPOS="557" VPOS="1187" WIDTH="69" HEIGHT="21" WC="0.93" CONTENT="blifvit"/><SP WIDTH="19" VPOS="1187" HPOS="626"/>
							<String ID="string_341" HPOS="645" VPOS="1186" WIDTH="210" HEIGHT="29" WC="0.91" CONTENT="uppmärksamgjord"/><SP WIDTH="15" VPOS="1186" HPOS="855"/>
							<String ID="string_342" HPOS="870" VPOS="1186" WIDTH="28" HEIGHT="27" WC="0.96" CONTENT="på"/>
						</TextLine>
						<TextLine ID="line_35" HPOS="68" VPOS="1214" WIDTH="829" HEIGHT="30">
							<String ID="string_343" HPOS="68" VPOS="1217" WIDTH="32" HEIGHT="20" WC="0.96" CONTENT="att"/><SP WIDTH="21" VPOS="1217" HPOS="100"/>
							<String ID="string_344" HPOS="121" VPOS="1216" WIDTH="48" HEIGHT="21" WC="0.96" CONTENT="mitt"/><SP WIDTH="22" VPOS="1216" HPOS="169"/>
							<String ID="string_345" HPOS="191" VPOS="1216" WIDTH="65" HEIGHT="21" WC="0.93" CONTENT="första"/><SP WIDTH="21" VPOS="1216" HPOS="256"/>
							<String ID="string_346" HPOS="277" VPOS="1216" WIDTH="135" HEIGHT="28" WC="0.89" CONTENT="andragande"/><SP WIDTH="15" VPOS="1216" HPOS="412"/>
							<String ID="string_347" HPOS="427" VPOS="1216" WIDTH="47" HEIGHT="21" WC="0.96" CONTENT="icke"/><SP WIDTH="15" VPOS="1216" HPOS="474"/>
							<String ID="string_348" HPOS="489" VPOS="1216" WIDTH="83" HEIGHT="21" WC="0.96" CONTENT="slutade"/><SP WIDTH="15" VPOS="1216" HPOS="572"/>
							<String ID="string_349" HPOS="587" VPOS="1216" WIDTH="8" HEIGHT="20" WC="0.96" CONTENT="i"/><SP WIDTH="15" VPOS="1216" HPOS="595"/>
							<String ID="string_350" HPOS="610" VPOS="1215" WIDTH="69" HEIGHT="28" WC="0.96" CONTENT="någon"/><SP WIDTH="17" VPOS="1215" HPOS="679"/>
							<String ID="string_351" HPOS="696" VPOS="1215" WIDTH="62" HEIGHT="21" WC="0.96" CONTENT="kläm."/><SP WIDTH="29" VPOS="1215" HPOS="758"/>
							<String ID="string_352" HPOS="787" VPOS="1215" WIDTH="42" HEIGHT="21" WC="0.95" CONTENT="Det"/><SP WIDTH="14" VPOS="1215" HPOS="829"/>
							<String ID="string_353" HPOS="843" VPOS="1214" WIDTH="54" HEIGHT="21" WC="0.95" CONTENT="hade"/>
						</TextLine>
						<TextLine ID="line_36" HPOS="69" VPOS="1243" WIDTH="828" HEIGHT="29">
							<String ID="string_354" HPOS="69" VPOS="1243" WIDTH="107" HEIGHT="22" WC="0.95" CONTENT="måhända"/><SP WIDTH="22" VPOS="1243" HPOS="176"/>
							<String ID="string_355" HPOS="198" VPOS="1245" WIDTH="33" HEIGHT="20" WC="0.96" CONTENT="sin"/><SP WIDTH="23" VPOS="1245" HPOS="231"/>
							<String ID="string_356" HPOS="254" VPOS="1245" WIDTH="61" HEIGHT="21" WC="0.96" CONTENT="orsak"/><SP WIDTH="18" VPOS="1245" HPOS="315"/>
							<String ID="string_357" HPOS="333" VPOS="1245" WIDTH="45" HEIGHT="21" WC="0.95" CONTENT="däri"/><SP WIDTH="15" VPOS="1245" HPOS="378"/>
							<String ID="string_358" HPOS="393" VPOS="1246" WIDTH="30" HEIGHT="20" WC="0.96" CONTENT="att"/><SP WIDTH="14" VPOS="1246" HPOS="423"/>
							<String ID="string_359" HPOS="437" VPOS="1245" WIDTH="36" HEIGHT="27" WC="0.96" CONTENT="jag"/><SP WIDTH="14" VPOS="1245" HPOS="473"/>
							<String ID="string_360" HPOS="487" VPOS="1245" WIDTH="47" HEIGHT="20" WC="0.96" CONTENT="icke"/><SP WIDTH="16" VPOS="1245" HPOS="534"/>
							<String ID="string_361" HPOS="550" VPOS="1244" WIDTH="94" HEIGHT="21" WC="0.96" CONTENT="räknade"/><SP WIDTH="15" VPOS="1244" HPOS="644"/>
							<String ID="string_362" HPOS="659" VPOS="1244" WIDTH="26" HEIGHT="27" WC="0.93" CONTENT="på"/><SP WIDTH="15" VPOS="1244" HPOS="685"/>
							<String ID="string_363" HPOS="700" VPOS="1243" WIDTH="111" HEIGHT="22" WC="0.92" CONTENT="nämvärdt"/><SP WIDTH="9" VPOS="1243" HPOS="811"/>
							<String ID="string_364" HPOS="820" VPOS="1243" WIDTH="77" HEIGHT="21" WC="0.92" CONTENT="under-"/>
						</TextLine>
						<TextLine ID="line_37" HPOS="69" VPOS="1271" WIDTH="829" HEIGHT="30">
							<String ID="string_365" HPOS="69" VPOS="1273" WIDTH="48" HEIGHT="21" WC="0.96" CONTENT="stöd"/><SP WIDTH="23" VPOS="1273" HPOS="117"/>
							<String ID="string_366" HPOS="140" VPOS="1273" WIDTH="33" HEIGHT="21" WC="0.95" CONTENT="för"/><SP WIDTH="21" VPOS="1273" HPOS="173"/>
							<String ID="string_367" HPOS="194" VPOS="1275" WIDTH="29" HEIGHT="20" WC="0.96" CONTENT="ett"/><SP WIDTH="21" VPOS="1275" HPOS="223"/>
							<String ID="string_368" HPOS="244" VPOS="1273" WIDTH="83" HEIGHT="28" WC="0.95" CONTENT="förslag,"/><SP WIDTH="23" VPOS="1273" HPOS="327"/>
							<String ID="string_369" HPOS="350" VPOS="1280" WIDTH="46" HEIGHT="15" WC="0.96" CONTENT="som"/><SP WIDTH="16" VPOS="1280" HPOS="396"/>
							<String ID="string_370" HPOS="412" VPOS="1273" WIDTH="59" HEIGHT="28" WC="0.96" CONTENT="dock,"/><SP WIDTH="15" VPOS="1273" HPOS="471"/>
							<String ID="string_371" HPOS="486" VPOS="1274" WIDTH="36" HEIGHT="27" WC="0.96" CONTENT="jag"/><SP WIDTH="17" VPOS="1274" HPOS="522"/>
							<String ID="string_372" HPOS="539" VPOS="1273" WIDTH="59" HEIGHT="21" WC="0.96" CONTENT="inser"/><SP WIDTH="14" VPOS="1273" HPOS="598"/>
							<String ID="string_373" HPOS="612" VPOS="1273" WIDTH="35" HEIGHT="21" WC="0.96" CONTENT="det"/><SP WIDTH="15" VPOS="1273" HPOS="647"/>
							<String ID="string_374" HPOS="662" VPOS="1273" WIDTH="32" HEIGHT="21" WC="0.96" CONTENT="till"/><SP WIDTH="15" VPOS="1273" HPOS="694"/>
							<String ID="string_375" HPOS="709" VPOS="1273" WIDTH="58" HEIGHT="27" WC="0.96" CONTENT="fullo,"/><SP WIDTH="15" VPOS="1273" HPOS="767"/>
							<String ID="string_376" HPOS="782" VPOS="1274" WIDTH="24" HEIGHT="19" WC="0.93" CONTENT="är"/><SP WIDTH="14" VPOS="1274" HPOS="806"/>
							<String ID="string_377" HPOS="820" VPOS="1271" WIDTH="78" HEIGHT="28" WC="0.92" CONTENT="egnadt"/>
						</TextLine>
						<TextLine ID="line_38" HPOS="69" VPOS="1300" WIDTH="830" HEIGHT="29">
							<String ID="string_378" HPOS="69" VPOS="1303" WIDTH="32" HEIGHT="20" WC="0.95" CONTENT="att"/><SP WIDTH="22" VPOS="1303" HPOS="101"/>
							<String ID="string_379" HPOS="123" VPOS="1303" WIDTH="54" HEIGHT="20" WC="0.96" CONTENT="stöta"/><SP WIDTH="23" VPOS="1303" HPOS="177"/>
							<String ID="string_380" HPOS="200" VPOS="1304" WIDTH="79" HEIGHT="25" WC="0.93" CONTENT="gängse"/><SP WIDTH="22" VPOS="1304" HPOS="279"/>
							<String ID="string_381" HPOS="301" VPOS="1302" WIDTH="200" HEIGHT="27" WC="0.91" CONTENT="föreställningssätt"/><SP WIDTH="19" VPOS="1302" HPOS="501"/>
							<String ID="string_382" HPOS="520" VPOS="1302" WIDTH="34" HEIGHT="20" WC="0.96" CONTENT="för"/><SP WIDTH="14" VPOS="1302" HPOS="554"/>
							<String ID="string_383" HPOS="568" VPOS="1301" WIDTH="110" HEIGHT="22" WC="0.96" CONTENT="hufvudet."/><SP WIDTH="30" VPOS="1301" HPOS="678"/>
							<String ID="string_384" HPOS="708" VPOS="1301" WIDTH="50" HEIGHT="22" WC="0.96" CONTENT="Men"/><SP WIDTH="14" VPOS="1301" HPOS="758"/>
							<String ID="string_385" HPOS="772" VPOS="1301" WIDTH="36" HEIGHT="27" WC="0.96" CONTENT="jag"/><SP WIDTH="15" VPOS="1301" HPOS="808"/>
							<String ID="string_386" HPOS="823" VPOS="1300" WIDTH="53" HEIGHT="21" WC="0.95" CONTENT="skall"/><SP WIDTH="15" VPOS="1300" HPOS="876"/>
							<String ID="string_387" HPOS="891" VPOS="1301" WIDTH="8" HEIGHT="20" WC="0.96" CONTENT="i"/>
						</TextLine>
						<TextLine ID="line_39" HPOS="70" VPOS="1329" WIDTH="828" HEIGHT="29">
							<String ID="string_388" HPOS="70" VPOS="1330" WIDTH="42" HEIGHT="21" WC="0.96" CONTENT="alla"/><SP WIDTH="15" VPOS="1330" HPOS="112"/>
							<String ID="string_389" HPOS="127" VPOS="1331" WIDTH="42" HEIGHT="27" WC="0.87" CONTENT="fall,"/><SP WIDTH="21" VPOS="1331" HPOS="169"/>
							<String ID="string_390" HPOS="190" VPOS="1331" WIDTH="34" HEIGHT="20" WC="0.95" CONTENT="för"/><SP WIDTH="19" VPOS="1331" HPOS="224"/>
							<String ID="string_391" HPOS="243" VPOS="1333" WIDTH="30" HEIGHT="19" WC="0.95" CONTENT="att"/><SP WIDTH="14" VPOS="1333" HPOS="273"/>
							<String ID="string_392" HPOS="287" VPOS="1331" WIDTH="7" HEIGHT="20" WC="0.96" CONTENT="i"/><SP WIDTH="16" VPOS="1331" HPOS="294"/>
							<String ID="string_393" HPOS="310" VPOS="1331" WIDTH="57" HEIGHT="21" WC="0.96" CONTENT="detta"/><SP WIDTH="15" VPOS="1331" HPOS="367"/>
							<String ID="string_394" HPOS="382" VPOS="1331" WIDTH="100" HEIGHT="20" WC="0.96" CONTENT="afseende"/><SP WIDTH="16" VPOS="1331" HPOS="482"/>
							<String ID="string_395" HPOS="498" VPOS="1330" WIDTH="139" HEIGHT="27" WC="0.96" CONTENT="komplettera"/><SP WIDTH="15" VPOS="1330" HPOS="637"/>
							<String ID="string_396" HPOS="652" VPOS="1330" WIDTH="48" HEIGHT="21" WC="0.93" CONTENT="mitt"/><SP WIDTH="15" VPOS="1330" HPOS="700"/>
							<String ID="string_397" HPOS="715" VPOS="1329" WIDTH="141" HEIGHT="28" WC="0.91" CONTENT="andragande,"/><SP WIDTH="15" VPOS="1329" HPOS="856"/>
							<String ID="string_398" HPOS="871" VPOS="1329" WIDTH="27" HEIGHT="21" WC="0.95" CONTENT="be"/>
						</TextLine>
						<TextLine ID="line_40" HPOS="69" VPOS="1357" WIDTH="830" HEIGHT="24">
							<String ID="string_399" HPOS="69" VPOS="1361" WIDTH="32" HEIGHT="19" WC="0.95" CONTENT="att"/><SP WIDTH="21" VPOS="1361" HPOS="101"/>
							<String ID="string_400" HPOS="122" VPOS="1359" WIDTH="21" HEIGHT="21" WC="0.95" CONTENT="få"/><SP WIDTH="22" VPOS="1359" HPOS="143"/>
							<String ID="string_401" HPOS="165" VPOS="1359" WIDTH="78" HEIGHT="21" WC="0.96" CONTENT="föreslå"/><SP WIDTH="22" VPOS="1359" HPOS="243"/>
							<String ID="string_402" HPOS="265" VPOS="1359" WIDTH="119" HEIGHT="22" WC="0.96" CONTENT="återremiss"/><SP WIDTH="23" VPOS="1359" HPOS="384"/>
							<String ID="string_403" HPOS="407" VPOS="1359" WIDTH="32" HEIGHT="21" WC="0.95" CONTENT="till"/><SP WIDTH="21" VPOS="1359" HPOS="439"/>
							<String ID="string_404" HPOS="460" VPOS="1359" WIDTH="104" HEIGHT="21" WC="0.96" CONTENT="utskottet"/><SP WIDTH="19" VPOS="1359" HPOS="564"/>
							<String ID="string_405" HPOS="583" VPOS="1359" WIDTH="33" HEIGHT="20" WC="0.93" CONTENT="för"/><SP WIDTH="15" VPOS="1359" HPOS="616"/>
							<String ID="string_406" HPOS="631" VPOS="1359" WIDTH="118" HEIGHT="20" WC="0.91" CONTENT="klämmens"/><SP WIDTH="15" VPOS="1359" HPOS="749"/>
							<String ID="string_407" HPOS="764" VPOS="1357" WIDTH="135" HEIGHT="22" WC="0.89" CONTENT="affattande"/><SP WIDTH="-10" VPOS="1357" HPOS="899"/>
							<String ID="string_408" HPOS="889" VPOS="1353" WIDTH="15" HEIGHT="38" WC="0.96" CONTENT="i"/>
						</TextLine>
						<TextLine ID="line_41" HPOS="69" VPOS="1387" WIDTH="830" HEIGHT="28">
							<String ID="string_409" HPOS="69" VPOS="1387" WIDTH="38" HEIGHT="22" WC="0.96" CONTENT="det"/><SP WIDTH="14" VPOS="1387" HPOS="107"/>
							<String ID="string_410" HPOS="121" VPOS="1387" WIDTH="22" HEIGHT="21" WC="0.96" CONTENT="af"/><SP WIDTH="13" VPOS="1387" HPOS="143"/>
							<String ID="string_411" HPOS="156" VPOS="1388" WIDTH="45" HEIGHT="27" WC="0.93" CONTENT="mig"/><SP WIDTH="15" VPOS="1388" HPOS="201"/>
							<String ID="string_412" HPOS="216" VPOS="1388" WIDTH="126" HEIGHT="21" WC="0.92" CONTENT="framhällna"/><SP WIDTH="15" VPOS="1388" HPOS="342"/>
							<String ID="string_413" HPOS="357" VPOS="1388" WIDTH="70" HEIGHT="27" WC="0.96" CONTENT="syftet,"/><SP WIDTH="21" VPOS="1388" HPOS="427"/>
							<String ID="string_414" HPOS="448" VPOS="1388" WIDTH="53" HEIGHT="21" WC="0.96" CONTENT="eller"/><SP WIDTH="28" VPOS="1388" HPOS="501"/>
							<String ID="string_415" HPOS="529" VPOS="1389" WIDTH="31" HEIGHT="20" WC="0.96" CONTENT="att"/><SP WIDTH="11" VPOS="1389" HPOS="560"/>
							<String ID="string_416" HPOS="571" VPOS="1387" WIDTH="105" HEIGHT="27" WC="0.96" CONTENT="styrelsen"/><SP WIDTH="15" VPOS="1387" HPOS="676"/>
							<String ID="string_417" HPOS="691" VPOS="1387" WIDTH="64" HEIGHT="21" WC="0.96" CONTENT="måtte"/><SP WIDTH="15" VPOS="1387" HPOS="755"/>
							<String ID="string_418" HPOS="770" VPOS="1387" WIDTH="86" HEIGHT="21" WC="0.96" CONTENT="tillsätta"/><SP WIDTH="16" VPOS="1387" HPOS="856"/>
							<String ID="string_419" HPOS="872" VPOS="1392" WIDTH="27" HEIGHT="15" WC="0.97" CONTENT="en"/>
						</TextLine>
						<TextLine ID="line_42" HPOS="69" VPOS="1415" WIDTH="830" HEIGHT="29">
							<String ID="string_420" HPOS="69" VPOS="1415" WIDTH="86" HEIGHT="28" WC="0.91" CONTENT="komité,"/><SP WIDTH="16" VPOS="1415" HPOS="155"/>
							<String ID="string_421" HPOS="171" VPOS="1416" WIDTH="115" HEIGHT="22" WC="0.96" CONTENT="bestående"/><SP WIDTH="15" VPOS="1416" HPOS="286"/>
							<String ID="string_422" HPOS="301" VPOS="1417" WIDTH="22" HEIGHT="20" WC="0.96" CONTENT="af"/><SP WIDTH="14" VPOS="1417" HPOS="323"/>
							<String ID="string_423" HPOS="337" VPOS="1417" WIDTH="47" HEIGHT="20" WC="0.96" CONTENT="icke"/><SP WIDTH="16" VPOS="1417" HPOS="384"/>
							<String ID="string_424" HPOS="400" VPOS="1417" WIDTH="53" HEIGHT="20" WC="0.96" CONTENT="blott"/><SP WIDTH="14" VPOS="1417" HPOS="453"/>
							<String ID="string_425" HPOS="467" VPOS="1416" WIDTH="121" HEIGHT="28" WC="0.96" CONTENT="pedagoger"/><SP WIDTH="15" VPOS="1416" HPOS="588"/>
							<String ID="string_426" HPOS="603" VPOS="1418" WIDTH="50" HEIGHT="19" WC="0.96" CONTENT="utan"/><SP WIDTH="16" VPOS="1418" HPOS="653"/>
							<String ID="string_427" HPOS="669" VPOS="1416" WIDTH="63" HEIGHT="21" WC="0.96" CONTENT="äfven"/><SP WIDTH="16" VPOS="1416" HPOS="732"/>
							<String ID="string_428" HPOS="748" VPOS="1415" WIDTH="66" HEIGHT="22" WC="0.91" CONTENT="andra"/><SP WIDTH="14" VPOS="1415" HPOS="814"/>
							<String ID="string_429" HPOS="828" VPOS="1421" WIDTH="71" HEIGHT="21" WC="0.91" CONTENT="perso-"/>
						</TextLine>
						<TextLine ID="line_43" HPOS="69" VPOS="1443" WIDTH="830" HEIGHT="29">
							<String ID="string_430" HPOS="69" VPOS="1451" WIDTH="45" HEIGHT="21" WC="0.96" CONTENT="ner,"/><SP WIDTH="15" VPOS="1451" HPOS="114"/>
							<String ID="string_431" HPOS="129" VPOS="1451" WIDTH="46" HEIGHT="15" WC="0.93" CONTENT="som"/><SP WIDTH="16" VPOS="1451" HPOS="175"/>
							<String ID="string_432" HPOS="191" VPOS="1445" WIDTH="53" HEIGHT="27" WC="0.93" CONTENT="egde"/><SP WIDTH="15" VPOS="1445" HPOS="244"/>
							<String ID="string_433" HPOS="259" VPOS="1447" WIDTH="48" HEIGHT="25" WC="0.96" CONTENT="taga"/><SP WIDTH="15" VPOS="1447" HPOS="307"/>
							<String ID="string_434" HPOS="322" VPOS="1445" WIDTH="8" HEIGHT="21" WC="0.93" CONTENT="i"/><SP WIDTH="15" VPOS="1445" HPOS="330"/>
							<String ID="string_435" HPOS="345" VPOS="1445" WIDTH="155" HEIGHT="27" WC="0.91" CONTENT="öfvervägande"/><SP WIDTH="22" VPOS="1445" HPOS="500"/>
							<String ID="string_436" HPOS="522" VPOS="1445" WIDTH="106" HEIGHT="20" WC="0.96" CONTENT="huruvida"/><SP WIDTH="15" VPOS="1445" HPOS="628"/>
							<String ID="string_437" HPOS="643" VPOS="1444" WIDTH="47" HEIGHT="21" WC="0.96" CONTENT="icke"/><SP WIDTH="15" VPOS="1444" HPOS="690"/>
							<String ID="string_438" HPOS="705" VPOS="1451" WIDTH="31" HEIGHT="14" WC="0.96" CONTENT="nu"/><SP WIDTH="14" VPOS="1451" HPOS="736"/>
							<String ID="string_439" HPOS="750" VPOS="1443" WIDTH="98" HEIGHT="28" WC="0.93" CONTENT="gällande"/><SP WIDTH="16" VPOS="1443" HPOS="848"/>
							<String ID="string_440" HPOS="864" VPOS="1443" WIDTH="35" HEIGHT="21" WC="0.92" CONTENT="be-"/>
						</TextLine>
						<TextLine ID="line_44" HPOS="69" VPOS="1472" WIDTH="830" HEIGHT="29">
							<String ID="string_441" HPOS="69" VPOS="1474" WIDTH="132" HEIGHT="26" WC="0.96" CONTENT="stämningar"/><SP WIDTH="16" VPOS="1474" HPOS="201"/>
							<String ID="string_442" HPOS="217" VPOS="1480" WIDTH="34" HEIGHT="14" WC="0.96" CONTENT="om"/><SP WIDTH="15" VPOS="1480" HPOS="251"/>
							<String ID="string_443" HPOS="266" VPOS="1474" WIDTH="182" HEIGHT="27" WC="0.95" CONTENT="undervisningen"/><SP WIDTH="15" VPOS="1474" HPOS="448"/>
							<String ID="string_444" HPOS="463" VPOS="1474" WIDTH="7" HEIGHT="20" WC="0.96" CONTENT="i"/><SP WIDTH="16" VPOS="1474" HPOS="470"/>
							<String ID="string_445" HPOS="486" VPOS="1473" WIDTH="36" HEIGHT="21" WC="0.96" CONTENT="det"/><SP WIDTH="14" VPOS="1473" HPOS="522"/>
							<String ID="string_446" HPOS="536" VPOS="1473" WIDTH="67" HEIGHT="21" WC="0.95" CONTENT="andra"/><SP WIDTH="14" VPOS="1473" HPOS="603"/>
							<String ID="string_447" HPOS="617" VPOS="1472" WIDTH="112" HEIGHT="22" WC="0.96" CONTENT="inhemska"/><SP WIDTH="11" VPOS="1472" HPOS="729"/>
							<String ID="string_448" HPOS="740" VPOS="1472" WIDTH="83" HEIGHT="28" WC="0.96" CONTENT="språket"/><SP WIDTH="11" VPOS="1472" HPOS="823"/>
							<String ID="string_449" HPOS="834" VPOS="1472" WIDTH="65" HEIGHT="20" WC="0.96" CONTENT="borde"/>
						</TextLine>
						<TextLine ID="line_45" HPOS="70" VPOS="1500" WIDTH="830" HEIGHT="23">
							<String ID="string_450" HPOS="70" VPOS="1502" WIDTH="140" HEIGHT="21" WC="0.96" CONTENT="underkastas"/><SP WIDTH="14" VPOS="1502" HPOS="210"/>
							<String ID="string_451" HPOS="224" VPOS="1502" WIDTH="93" HEIGHT="21" WC="0.96" CONTENT="revision"/><SP WIDTH="16" VPOS="1502" HPOS="317"/>
							<String ID="string_452" HPOS="333" VPOS="1505" WIDTH="54" HEIGHT="18" WC="0.96" CONTENT="samt"/><SP WIDTH="15" VPOS="1505" HPOS="387"/>
							<String ID="string_453" HPOS="402" VPOS="1504" WIDTH="31" HEIGHT="19" WC="0.96" CONTENT="att"/><SP WIDTH="14" VPOS="1504" HPOS="433"/>
							<String ID="string_454" HPOS="447" VPOS="1502" WIDTH="71" HEIGHT="21" WC="0.93" CONTENT="denna"/><SP WIDTH="15" VPOS="1502" HPOS="518"/>
							<String ID="string_455" HPOS="533" VPOS="1502" WIDTH="89" HEIGHT="20" WC="0.92" CONTENT="komités"/><SP WIDTH="16" VPOS="1502" HPOS="622"/>
							<String ID="string_456" HPOS="638" VPOS="1501" WIDTH="109" HEIGHT="21" WC="0.96" CONTENT="utlåtande"/><SP WIDTH="16" VPOS="1501" HPOS="747"/>
							<String ID="string_457" HPOS="763" VPOS="1500" WIDTH="69" HEIGHT="21" WC="0.96" CONTENT="skulle"/><SP WIDTH="14" VPOS="1500" HPOS="832"/>
							<String ID="string_458" HPOS="846" VPOS="1500" WIDTH="8" HEIGHT="20" WC="0.96" CONTENT="i"/><SP WIDTH="10" VPOS="1500" HPOS="854"/>
							<String ID="string_459" HPOS="864" VPOS="1500" WIDTH="36" HEIGHT="21" WC="0.96" CONTENT="det"/>
						</TextLine>
						<TextLine ID="line_46" HPOS="69" VPOS="1528" WIDTH="830" HEIGHT="29">
							<String ID="string_460" HPOS="69" VPOS="1529" WIDTH="101" HEIGHT="22" WC="0.96" CONTENT="afseende"/><SP WIDTH="24" VPOS="1529" HPOS="170"/>
							<String ID="string_461" HPOS="194" VPOS="1531" WIDTH="26" HEIGHT="20" WC="0.96" CONTENT="75"/><SP WIDTH="16" VPOS="1531" HPOS="220"/>
							<String ID="string_462" HPOS="236" VPOS="1530" WIDTH="13" HEIGHT="27" WC="0.84" CONTENT="&amp;"/><SP WIDTH="15" VPOS="1530" HPOS="249"/>
							<String ID="string_463" HPOS="264" VPOS="1530" WIDTH="23" HEIGHT="21" WC="0.96" CONTENT="L."/><SP WIDTH="16" VPOS="1530" HPOS="287"/>
							<String ID="string_464" HPOS="303" VPOS="1530" WIDTH="23" HEIGHT="21" WC="0.92" CONTENT="O."/><SP WIDTH="15" VPOS="1530" HPOS="326"/>
							<String ID="string_465" HPOS="341" VPOS="1530" WIDTH="119" HEIGHT="22" WC="0.96" CONTENT="innehåller"/><SP WIDTH="14" VPOS="1530" HPOS="460"/>
							<String ID="string_466" HPOS="474" VPOS="1531" WIDTH="8" HEIGHT="20" WC="0.96" CONTENT="i"/><SP WIDTH="15" VPOS="1531" HPOS="482"/>
							<String ID="string_467" HPOS="497" VPOS="1531" WIDTH="69" HEIGHT="20" WC="0.95" CONTENT="sinom"/><SP WIDTH="23" VPOS="1531" HPOS="566"/>
							<String ID="string_468" HPOS="589" VPOS="1529" WIDTH="30" HEIGHT="22" WC="0.96" CONTENT="tid"/><SP WIDTH="23" VPOS="1529" HPOS="619"/>
							<String ID="string_469" HPOS="642" VPOS="1529" WIDTH="32" HEIGHT="22" WC="0.94" CONTENT="till"/><SP WIDTH="21" VPOS="1529" HPOS="674"/>
							<String ID="string_470" HPOS="695" VPOS="1529" WIDTH="114" HEIGHT="22" WC="0.93" CONTENT="ständerna"/><SP WIDTH="22" VPOS="1529" HPOS="809"/>
							<String ID="string_471" HPOS="831" VPOS="1528" WIDTH="68" HEIGHT="21" WC="0.91" CONTENT="öfver-"/>
						</TextLine>
					</TextBlock>
				</ComposedBlock>
				<GraphicalElement ID="cblock_4" HPOS="1094" VPOS="498" WIDTH="9" HEIGHT="960"></GraphicalElement >
			</PrintSpace>
		</Page>
	</Layout>
</alto>
