<?xml version="1.0" encoding="UTF-8"?>
<alto xmlns="http://www.loc.gov/standards/alto/ns-v3#" xmlns:xlink="http://www.w3.org/1999/xlink" xmlns:xsi="http://www.w3.org/2001/XMLSchema-instance" xsi:schemaLocation="http://www.loc.gov/standards/alto/ns-v3# http://www.loc.gov/alto/v3/alto-3-0.xsd">
	<Description>
		<MeasurementUnit>pixel</MeasurementUnit>
		<sourceImageInformation>
			<fileName>/tmp/tess_kc942d1x_input.PNG</fileName>
		</sourceImageInformation>
		<OCRProcessing ID="OCR_0">
			<ocrProcessingStep>
				<processingSoftware>
					<softwareName>tesseract 5.3.4</softwareName>
				</processingSoftware>
			</ocrProcessingStep>
		</OCRProcessing>
	</Description>
	<Layout>
		<Page WIDTH="1103" HEIGHT="1811" PHYSICAL_IMG_NR="0" ID="page_0">
			<PrintSpace HPOS="0" VPOS="0" WIDTH="1103" HEIGHT="1811">
				<ComposedBlock ID="cblock_0" HPOS="82" VPOS="143" WIDTH="827" HEIGHT="33">
					<TextBlock ID="block_0" HPOS="82" VPOS="143" WIDTH="827" HEIGHT="33">
						<TextLine ID="line_0" HPOS="82" VPOS="143" WIDTH="827" HEIGHT="33">
							<String ID="string_0" HPOS="82" VPOS="149" WIDTH="23" HEIGHT="16" WC="0.96" CONTENT="18"/><SP WIDTH="12" VPOS="149" HPOS="105"/>
							<String ID="string_1" HPOS="117" VPOS="149" WIDTH="50" HEIGHT="17" WC="0.95" CONTENT="febr."/><SP WIDTH="281" VPOS="149" HPOS="167"/>
							<String ID="string_2" HPOS="448" VPOS="143" WIDTH="92" HEIGHT="33" WC="0.90" CONTENT="Jaktlag."/><SP WIDTH="329" VPOS="143" HPOS="540"/>
							<String ID="string_3" HPOS="869" VPOS="144" WIDTH="40" HEIGHT="20" WC="0.96" CONTENT="251"/>
						</TextLine>
					</TextBlock>
				</ComposedBlock>
				<GraphicalElement ID="cblock_1" HPOS="81" VPOS="178" WIDTH="828" HEIGHT="3"></GraphicalElement >
				<ComposedBlock ID="cblock_2" HPOS="81" VPOS="218" WIDTH="851" HEIGHT="1333">
					<TextBlock ID="block_1" HPOS="81" VPOS="218" WIDTH="851" HEIGHT="1111">
						<TextLine ID="line_1" HPOS="81" VPOS="218" WIDTH="828" HEIGHT="27">
							<String ID="string_4" HPOS="81" VPOS="218" WIDTH="155" HEIGHT="27" WC="0.91" CONTENT="lysningstiden"/><SP WIDTH="17" VPOS="218" HPOS="236"/>
							<String ID="string_5" HPOS="253" VPOS="218" WIDTH="69" HEIGHT="21" WC="0.92" CONTENT="blefve"/><SP WIDTH="16" VPOS="218" HPOS="322"/>
							<String ID="string_6" HPOS="338" VPOS="218" WIDTH="43" HEIGHT="20" WC="0.96" CONTENT="lika"/><SP WIDTH="16" VPOS="218" HPOS="381"/>
							<String ID="string_7" HPOS="397" VPOS="224" WIDTH="44" HEIGHT="14" WC="0.97" CONTENT="som"/><SP WIDTH="16" VPOS="224" HPOS="441"/>
							<String ID="string_8" HPOS="457" VPOS="218" WIDTH="33" HEIGHT="20" WC="0.96" CONTENT="för"/><SP WIDTH="15" VPOS="218" HPOS="490"/>
							<String ID="string_9" HPOS="505" VPOS="218" WIDTH="37" HEIGHT="20" WC="0.96" CONTENT="det"/><SP WIDTH="14" VPOS="218" HPOS="542"/>
							<String ID="string_10" HPOS="556" VPOS="218" WIDTH="66" HEIGHT="26" WC="0.96" CONTENT="öfriga"/><SP WIDTH="17" VPOS="218" HPOS="622"/>
							<String ID="string_11" HPOS="639" VPOS="218" WIDTH="77" HEIGHT="20" WC="0.95" CONTENT="landet."/><SP WIDTH="20" VPOS="218" HPOS="716"/>
							<String ID="string_12" HPOS="736" VPOS="218" WIDTH="78" HEIGHT="20" WC="0.96" CONTENT="Vidare"/><SP WIDTH="11" VPOS="218" HPOS="814"/>
							<String ID="string_13" HPOS="825" VPOS="218" WIDTH="84" HEIGHT="26" WC="0.96" CONTENT="stadgas"/>
						</TextLine>
						<TextLine ID="line_2" HPOS="82" VPOS="246" WIDTH="828" HEIGHT="27">
							<String ID="string_14" HPOS="82" VPOS="249" WIDTH="30" HEIGHT="19" WC="0.93" CONTENT="att"/><SP WIDTH="17" VPOS="249" HPOS="112"/>
							<String ID="string_15" HPOS="129" VPOS="246" WIDTH="19" HEIGHT="20" WC="0.92" CONTENT="»i"/><SP WIDTH="16" VPOS="246" HPOS="148"/>
							<String ID="string_16" HPOS="164" VPOS="246" WIDTH="71" HEIGHT="26" WC="0.96" CONTENT="beslag"/><SP WIDTH="15" VPOS="246" HPOS="235"/>
							<String ID="string_17" HPOS="250" VPOS="248" WIDTH="57" HEIGHT="25" WC="0.93" CONTENT="taget"/><SP WIDTH="16" VPOS="248" HPOS="307"/>
							<String ID="string_18" HPOS="323" VPOS="246" WIDTH="53" HEIGHT="20" WC="0.92" CONTENT="vildt"/><SP WIDTH="15" VPOS="246" HPOS="376"/>
							<String ID="string_19" HPOS="391" VPOS="246" WIDTH="32" HEIGHT="20" WC="0.96" CONTENT="får"/><SP WIDTH="14" VPOS="246" HPOS="423"/>
							<String ID="string_20" HPOS="437" VPOS="246" WIDTH="33" HEIGHT="20" WC="0.96" CONTENT="för"/><SP WIDTH="15" VPOS="246" HPOS="470"/>
							<String ID="string_21" HPOS="485" VPOS="247" WIDTH="93" HEIGHT="20" WC="0.96" CONTENT="kronans"/><SP WIDTH="11" VPOS="247" HPOS="578"/>
							<String ID="string_22" HPOS="589" VPOS="246" WIDTH="91" HEIGHT="27" WC="0.93" CONTENT="räkning"/><SP WIDTH="10" VPOS="246" HPOS="680"/>
							<String ID="string_23" HPOS="690" VPOS="246" WIDTH="120" HEIGHT="27" WC="0.91" CONTENT="föryttras»."/><SP WIDTH="16" VPOS="246" HPOS="810"/>
							<String ID="string_24" HPOS="826" VPOS="246" WIDTH="25" HEIGHT="20" WC="0.91" CONTENT="D."/><SP WIDTH="12" VPOS="246" HPOS="851"/>
							<String ID="string_25" HPOS="863" VPOS="253" WIDTH="17" HEIGHT="13" WC="0.89" CONTENT="v."/><SP WIDTH="14" VPOS="253" HPOS="880"/>
							<String ID="string_26" HPOS="894" VPOS="253" WIDTH="16" HEIGHT="14" WC="0.92" CONTENT="s."/>
						</TextLine>
						<TextLine ID="line_3" HPOS="83" VPOS="274" WIDTH="827" HEIGHT="28">
							<String ID="string_27" HPOS="83" VPOS="282" WIDTH="34" HEIGHT="14" WC="0.95" CONTENT="om"/><SP WIDTH="16" VPOS="282" HPOS="117"/>
							<String ID="string_28" HPOS="133" VPOS="277" WIDTH="29" HEIGHT="19" WC="0.96" CONTENT="ett"/><SP WIDTH="15" VPOS="277" HPOS="162"/>
							<String ID="string_29" HPOS="177" VPOS="275" WIDTH="100" HEIGHT="21" WC="0.96" CONTENT="villebråd"/><SP WIDTH="17" VPOS="275" HPOS="277"/>
							<String ID="string_30" HPOS="294" VPOS="278" WIDTH="59" HEIGHT="24" WC="0.96" CONTENT="tages"/><SP WIDTH="15" VPOS="278" HPOS="353"/>
							<String ID="string_31" HPOS="368" VPOS="275" WIDTH="6" HEIGHT="20" WC="0.96" CONTENT="i"/><SP WIDTH="17" VPOS="275" HPOS="374"/>
							<String ID="string_32" HPOS="391" VPOS="274" WIDTH="78" HEIGHT="28" WC="0.95" CONTENT="beslag,"/><SP WIDTH="15" VPOS="274" HPOS="469"/>
							<String ID="string_33" HPOS="484" VPOS="276" WIDTH="24" HEIGHT="20" WC="0.96" CONTENT="så"/><SP WIDTH="15" VPOS="276" HPOS="508"/>
							<String ID="string_34" HPOS="523" VPOS="275" WIDTH="114" HEIGHT="27" WC="0.96" CONTENT="uppträder"/><SP WIDTH="15" VPOS="275" HPOS="637"/>
							<String ID="string_35" HPOS="652" VPOS="275" WIDTH="80" HEIGHT="20" WC="0.95" CONTENT="kronan"/><SP WIDTH="12" VPOS="275" HPOS="732"/>
							<String ID="string_36" HPOS="744" VPOS="282" WIDTH="46" HEIGHT="13" WC="0.96" CONTENT="som"/><SP WIDTH="12" VPOS="282" HPOS="790"/>
							<String ID="string_37" HPOS="802" VPOS="275" WIDTH="108" HEIGHT="27" WC="0.96" CONTENT="försäljare"/>
						</TextLine>
						<TextLine ID="line_4" HPOS="84" VPOS="303" WIDTH="825" HEIGHT="26">
							<String ID="string_38" HPOS="84" VPOS="303" WIDTH="21" HEIGHT="20" WC="0.95" CONTENT="af"/><SP WIDTH="16" VPOS="303" HPOS="105"/>
							<String ID="string_39" HPOS="121" VPOS="303" WIDTH="115" HEIGHT="21" WC="0.96" CONTENT="detsamma"/><SP WIDTH="16" VPOS="303" HPOS="236"/>
							<String ID="string_40" HPOS="252" VPOS="303" WIDTH="69" HEIGHT="21" WC="0.95" CONTENT="under"/><SP WIDTH="15" VPOS="303" HPOS="321"/>
							<String ID="string_41" HPOS="336" VPOS="303" WIDTH="112" HEIGHT="26" WC="0.96" CONTENT="förbjuden"/><SP WIDTH="18" VPOS="303" HPOS="448"/>
							<String ID="string_42" HPOS="466" VPOS="303" WIDTH="35" HEIGHT="21" WC="0.96" CONTENT="tid."/><SP WIDTH="31" VPOS="303" HPOS="501"/>
							<String ID="string_43" HPOS="532" VPOS="303" WIDTH="41" HEIGHT="21" WC="0.96" CONTENT="Det"/><SP WIDTH="15" VPOS="303" HPOS="573"/>
							<String ID="string_44" HPOS="588" VPOS="303" WIDTH="32" HEIGHT="20" WC="0.96" CONTENT="får"/><SP WIDTH="15" VPOS="303" HPOS="620"/>
							<String ID="string_45" HPOS="635" VPOS="303" WIDTH="64" HEIGHT="20" WC="0.96" CONTENT="likväl"/><SP WIDTH="16" VPOS="303" HPOS="699"/>
							<String ID="string_46" HPOS="715" VPOS="303" WIDTH="69" HEIGHT="21" WC="0.96" CONTENT="under"/><SP WIDTH="15" VPOS="303" HPOS="784"/>
							<String ID="string_47" HPOS="799" VPOS="303" WIDTH="69" HEIGHT="21" WC="0.95" CONTENT="denna"/><SP WIDTH="12" VPOS="303" HPOS="868"/>
							<String ID="string_48" HPOS="880" VPOS="303" WIDTH="29" HEIGHT="21" WC="0.96" CONTENT="tid"/>
						</TextLine>
						<TextLine ID="line_5" HPOS="83" VPOS="331" WIDTH="827" HEIGHT="28">
							<String ID="string_49" HPOS="83" VPOS="332" WIDTH="94" HEIGHT="20" WC="0.92" CONTENT="hvarken"/><SP WIDTH="16" VPOS="332" HPOS="177"/>
							<String ID="string_50" HPOS="193" VPOS="332" WIDTH="65" HEIGHT="27" WC="0.96" CONTENT="köpas"/><SP WIDTH="16" VPOS="332" HPOS="258"/>
							<String ID="string_51" HPOS="274" VPOS="332" WIDTH="53" HEIGHT="20" WC="0.96" CONTENT="eller"/><SP WIDTH="14" VPOS="332" HPOS="327"/>
							<String ID="string_52" HPOS="341" VPOS="338" WIDTH="96" HEIGHT="14" WC="0.96" CONTENT="serveras"/><SP WIDTH="15" VPOS="338" HPOS="437"/>
							<String ID="string_53" HPOS="452" VPOS="332" WIDTH="21" HEIGHT="20" WC="0.93" CONTENT="af"/><SP WIDTH="16" VPOS="332" HPOS="473"/>
							<String ID="string_54" HPOS="489" VPOS="332" WIDTH="141" HEIGHT="21" WC="0.91" CONTENT="hotellvärdar"/><SP WIDTH="14" VPOS="332" HPOS="630"/>
							<String ID="string_55" HPOS="644" VPOS="331" WIDTH="51" HEIGHT="21" WC="0.96" CONTENT="eller"/><SP WIDTH="10" VPOS="331" HPOS="695"/>
							<String ID="string_56" HPOS="705" VPOS="331" WIDTH="85" HEIGHT="22" WC="0.95" CONTENT="sådana,"/><SP WIDTH="12" VPOS="331" HPOS="790"/>
							<String ID="string_57" HPOS="802" VPOS="338" WIDTH="44" HEIGHT="14" WC="0.93" CONTENT="som"/><SP WIDTH="12" VPOS="338" HPOS="846"/>
							<String ID="string_58" HPOS="858" VPOS="338" WIDTH="52" HEIGHT="21" WC="0.91" CONTENT="upp-"/>
						</TextLine>
						<TextLine ID="line_6" HPOS="84" VPOS="360" WIDTH="826" HEIGHT="27">
							<String ID="string_59" HPOS="84" VPOS="360" WIDTH="53" HEIGHT="27" WC="0.96" CONTENT="köpa"/><SP WIDTH="16" VPOS="360" HPOS="137"/>
							<String ID="string_60" HPOS="153" VPOS="361" WIDTH="6" HEIGHT="19" WC="0.96" CONTENT="i"/><SP WIDTH="16" VPOS="361" HPOS="159"/>
							<String ID="string_61" HPOS="175" VPOS="361" WIDTH="53" HEIGHT="26" WC="0.96" CONTENT="parti"/><SP WIDTH="16" VPOS="361" HPOS="228"/>
							<String ID="string_62" HPOS="244" VPOS="360" WIDTH="26" HEIGHT="27" WC="0.96" CONTENT="på"/><SP WIDTH="16" VPOS="360" HPOS="270"/>
							<String ID="string_63" HPOS="286" VPOS="360" WIDTH="140" HEIGHT="27" WC="0.95" CONTENT="spekulation."/><SP WIDTH="31" VPOS="360" HPOS="426"/>
							<String ID="string_64" HPOS="457" VPOS="360" WIDTH="41" HEIGHT="21" WC="0.95" CONTENT="Det"/><SP WIDTH="16" VPOS="360" HPOS="498"/>
							<String ID="string_65" HPOS="514" VPOS="361" WIDTH="68" HEIGHT="20" WC="0.96" CONTENT="skulle"/><SP WIDTH="16" VPOS="361" HPOS="582"/>
							<String ID="string_66" HPOS="598" VPOS="360" WIDTH="90" HEIGHT="21" WC="0.96" CONTENT="sålunda"/><SP WIDTH="16" VPOS="360" HPOS="688"/>
							<String ID="string_67" HPOS="704" VPOS="360" WIDTH="66" HEIGHT="21" WC="0.96" CONTENT="blifva"/><SP WIDTH="15" VPOS="360" HPOS="770"/>
							<String ID="string_68" HPOS="785" VPOS="360" WIDTH="74" HEIGHT="21" WC="0.92" CONTENT="endast"/><SP WIDTH="16" VPOS="360" HPOS="859"/>
							<String ID="string_69" HPOS="875" VPOS="367" WIDTH="35" HEIGHT="14" WC="0.92" CONTENT="en-"/>
						</TextLine>
						<TextLine ID="line_7" HPOS="83" VPOS="389" WIDTH="826" HEIGHT="27">
							<String ID="string_70" HPOS="83" VPOS="389" WIDTH="69" HEIGHT="20" WC="0.96" CONTENT="skilda"/><SP WIDTH="22" VPOS="389" HPOS="152"/>
							<String ID="string_71" HPOS="174" VPOS="395" WIDTH="106" HEIGHT="21" WC="0.95" CONTENT="personer,"/><SP WIDTH="16" VPOS="395" HPOS="280"/>
							<String ID="string_72" HPOS="296" VPOS="395" WIDTH="46" HEIGHT="14" WC="0.96" CONTENT="som"/><SP WIDTH="15" VPOS="395" HPOS="342"/>
							<String ID="string_73" HPOS="357" VPOS="389" WIDTH="33" HEIGHT="20" WC="0.96" CONTENT="för"/><SP WIDTH="15" VPOS="389" HPOS="390"/>
							<String ID="string_74" HPOS="405" VPOS="395" WIDTH="54" HEIGHT="20" WC="0.96" CONTENT="egen"/><SP WIDTH="16" VPOS="395" HPOS="459"/>
							<String ID="string_75" HPOS="475" VPOS="389" WIDTH="138" HEIGHT="26" WC="0.96" CONTENT="användning"/><SP WIDTH="15" VPOS="389" HPOS="613"/>
							<String ID="string_76" HPOS="628" VPOS="389" WIDTH="68" HEIGHT="20" WC="0.96" CONTENT="skulle"/><SP WIDTH="16" VPOS="389" HPOS="696"/>
							<String ID="string_77" HPOS="712" VPOS="389" WIDTH="22" HEIGHT="20" WC="0.96" CONTENT="få"/><SP WIDTH="15" VPOS="389" HPOS="734"/>
							<String ID="string_78" HPOS="749" VPOS="389" WIDTH="54" HEIGHT="26" WC="0.96" CONTENT="köpa"/><SP WIDTH="16" VPOS="389" HPOS="803"/>
							<String ID="string_79" HPOS="819" VPOS="389" WIDTH="38" HEIGHT="20" WC="0.93" CONTENT="och"/><SP WIDTH="17" VPOS="389" HPOS="857"/>
							<String ID="string_80" HPOS="874" VPOS="396" WIDTH="35" HEIGHT="13" WC="0.90" CONTENT="an-"/>
						</TextLine>
						<TextLine ID="line_8" HPOS="83" VPOS="417" WIDTH="826" HEIGHT="28">
							<String ID="string_81" HPOS="83" VPOS="417" WIDTH="70" HEIGHT="21" WC="0.96" CONTENT="vända"/><SP WIDTH="15" VPOS="417" HPOS="153"/>
							<String ID="string_82" HPOS="168" VPOS="418" WIDTH="75" HEIGHT="21" WC="0.96" CONTENT="sådant"/><SP WIDTH="15" VPOS="418" HPOS="243"/>
							<String ID="string_83" HPOS="258" VPOS="417" WIDTH="108" HEIGHT="21" WC="0.96" CONTENT="villebråd."/><SP WIDTH="21" VPOS="417" HPOS="366"/>
							<String ID="string_84" HPOS="387" VPOS="417" WIDTH="63" HEIGHT="21" WC="0.96" CONTENT="Detta"/><SP WIDTH="16" VPOS="417" HPOS="450"/>
							<String ID="string_85" HPOS="466" VPOS="418" WIDTH="61" HEIGHT="21" WC="0.93" CONTENT="ställe"/><SP WIDTH="16" VPOS="418" HPOS="527"/>
							<String ID="string_86" HPOS="543" VPOS="418" WIDTH="79" HEIGHT="20" WC="0.92" CONTENT="tarfvar"/><SP WIDTH="15" VPOS="418" HPOS="622"/>
							<String ID="string_87" HPOS="637" VPOS="417" WIDTH="129" HEIGHT="27" WC="0.96" CONTENT="nödvändigt"/><SP WIDTH="16" VPOS="417" HPOS="766"/>
							<String ID="string_88" HPOS="782" VPOS="417" WIDTH="127" HEIGHT="28" WC="0.96" CONTENT="förändring."/>
						</TextLine>
						<TextLine ID="line_9" HPOS="84" VPOS="446" WIDTH="825" HEIGHT="27">
							<String ID="string_89" HPOS="84" VPOS="446" WIDTH="86" HEIGHT="21" WC="0.95" CONTENT="Kronan"/><SP WIDTH="24" VPOS="446" HPOS="170"/>
							<String ID="string_90" HPOS="194" VPOS="447" WIDTH="71" HEIGHT="20" WC="0.96" CONTENT="kunde"/><SP WIDTH="24" VPOS="447" HPOS="265"/>
							<String ID="string_91" HPOS="289" VPOS="446" WIDTH="131" HEIGHT="27" WC="0.96" CONTENT="exempelvis"/><SP WIDTH="23" VPOS="446" HPOS="420"/>
							<String ID="string_92" HPOS="443" VPOS="446" WIDTH="48" HEIGHT="21" WC="0.96" CONTENT="dela"/><SP WIDTH="23" VPOS="446" HPOS="491"/>
							<String ID="string_93" HPOS="514" VPOS="451" WIDTH="23" HEIGHT="16" WC="0.96" CONTENT="ut"/><SP WIDTH="19" VPOS="451" HPOS="537"/>
							<String ID="string_94" HPOS="556" VPOS="446" WIDTH="34" HEIGHT="21" WC="0.96" CONTENT="det"/><SP WIDTH="16" VPOS="446" HPOS="590"/>
							<String ID="string_95" HPOS="606" VPOS="446" WIDTH="21" HEIGHT="20" WC="0.95" CONTENT="åt"/><SP WIDTH="15" VPOS="446" HPOS="627"/>
							<String ID="string_96" HPOS="642" VPOS="446" WIDTH="107" HEIGHT="20" WC="0.96" CONTENT="allmänna"/><SP WIDTH="16" VPOS="446" HPOS="749"/>
							<String ID="string_97" HPOS="765" VPOS="446" WIDTH="144" HEIGHT="27" WC="0.96" CONTENT="inrättningar,"/>
						</TextLine>
						<TextLine ID="line_10" HPOS="83" VPOS="474" WIDTH="827" HEIGHT="28">
							<String ID="string_98" HPOS="83" VPOS="481" WIDTH="49" HEIGHT="14" WC="0.96" CONTENT="men"/><SP WIDTH="19" VPOS="481" HPOS="132"/>
							<String ID="string_99" HPOS="151" VPOS="478" WIDTH="30" HEIGHT="18" WC="0.93" CONTENT="att"/><SP WIDTH="14" VPOS="478" HPOS="181"/>
							<String ID="string_100" HPOS="195" VPOS="475" WIDTH="48" HEIGHT="27" WC="0.96" CONTENT="själf"/><SP WIDTH="16" VPOS="475" HPOS="243"/>
							<String ID="string_101" HPOS="259" VPOS="475" WIDTH="68" HEIGHT="20" WC="0.93" CONTENT="under"/><SP WIDTH="15" VPOS="475" HPOS="327"/>
							<String ID="string_102" HPOS="342" VPOS="475" WIDTH="73" HEIGHT="26" WC="0.92" CONTENT="oloflig"/><SP WIDTH="14" VPOS="475" HPOS="415"/>
							<String ID="string_103" HPOS="429" VPOS="475" WIDTH="29" HEIGHT="20" WC="0.96" CONTENT="tid"/><SP WIDTH="17" VPOS="475" HPOS="458"/>
							<String ID="string_104" HPOS="475" VPOS="475" WIDTH="50" HEIGHT="20" WC="0.96" CONTENT="idka"/><SP WIDTH="16" VPOS="475" HPOS="525"/>
							<String ID="string_105" HPOS="541" VPOS="474" WIDTH="77" HEIGHT="21" WC="0.96" CONTENT="handel"/><SP WIDTH="16" VPOS="474" HPOS="618"/>
							<String ID="string_106" HPOS="634" VPOS="474" WIDTH="47" HEIGHT="21" WC="0.96" CONTENT="med"/><SP WIDTH="16" VPOS="474" HPOS="681"/>
							<String ID="string_107" HPOS="697" VPOS="474" WIDTH="108" HEIGHT="27" WC="0.93" CONTENT="förbjudet"/><SP WIDTH="16" VPOS="474" HPOS="805"/>
							<String ID="string_108" HPOS="821" VPOS="475" WIDTH="51" HEIGHT="20" WC="0.92" CONTENT="vildt"/><SP WIDTH="15" VPOS="475" HPOS="872"/>
							<String ID="string_109" HPOS="887" VPOS="477" WIDTH="23" HEIGHT="18" WC="0.95" CONTENT="är"/>
						</TextLine>
						<TextLine ID="line_11" HPOS="82" VPOS="503" WIDTH="850" HEIGHT="28">
							<String ID="string_110" HPOS="82" VPOS="503" WIDTH="81" HEIGHT="21" WC="0.96" CONTENT="kronan"/><SP WIDTH="24" VPOS="503" HPOS="163"/>
							<String ID="string_111" HPOS="187" VPOS="504" WIDTH="47" HEIGHT="27" WC="0.96" CONTENT="föga"/><SP WIDTH="24" VPOS="504" HPOS="234"/>
							<String ID="string_112" HPOS="258" VPOS="503" WIDTH="87" HEIGHT="27" WC="0.96" CONTENT="värdigt."/><SP WIDTH="30" VPOS="503" HPOS="345"/>
							<String ID="string_113" HPOS="375" VPOS="503" WIDTH="11" HEIGHT="20" WC="0.91" CONTENT="I"/><SP WIDTH="15" VPOS="503" HPOS="386"/>
							<String ID="string_114" HPOS="401" VPOS="503" WIDTH="12" HEIGHT="26" WC="0.91" CONTENT="$"/><SP WIDTH="18" VPOS="503" HPOS="413"/>
							<String ID="string_115" HPOS="431" VPOS="503" WIDTH="26" HEIGHT="20" WC="0.96" CONTENT="23"/><SP WIDTH="15" VPOS="503" HPOS="457"/>
							<String ID="string_116" HPOS="472" VPOS="504" WIDTH="60" HEIGHT="20" WC="0.96" CONTENT="heter"/><SP WIDTH="16" VPOS="504" HPOS="532"/>
							<String ID="string_117" HPOS="548" VPOS="503" WIDTH="46" HEIGHT="21" WC="0.93" CONTENT="det:"/><SP WIDTH="34" VPOS="503" HPOS="594"/>
							<String ID="string_118" HPOS="628" VPOS="503" WIDTH="37" HEIGHT="26" WC="0.83" CONTENT="»Ej"/><SP WIDTH="17" VPOS="503" HPOS="665"/>
							<String ID="string_119" HPOS="682" VPOS="503" WIDTH="35" HEIGHT="20" WC="0.96" CONTENT="mä"/><SP WIDTH="17" VPOS="503" HPOS="717"/>
							<String ID="string_120" HPOS="734" VPOS="503" WIDTH="34" HEIGHT="20" WC="0.93" CONTENT="vid"/><SP WIDTH="16" VPOS="503" HPOS="768"/>
							<String ID="string_121" HPOS="784" VPOS="503" WIDTH="125" HEIGHT="27" WC="0.92" CONTENT="fägelskytte"/><SP WIDTH="21" VPOS="503" HPOS="909"/>
							<String ID="string_122" HPOS="930" VPOS="509" WIDTH="2" HEIGHT="2" WC="0.81" CONTENT="&#39;"/>
						</TextLine>
						<TextLine ID="line_12" HPOS="82" VPOS="531" WIDTH="828" HEIGHT="28">
							<String ID="string_123" HPOS="82" VPOS="531" WIDTH="78" HEIGHT="21" WC="0.93" CONTENT="bulvan"/><SP WIDTH="24" VPOS="531" HPOS="160"/>
							<String ID="string_124" HPOS="184" VPOS="534" WIDTH="107" HEIGHT="25" WC="0.89" CONTENT="uppsättas"/><SP WIDTH="21" VPOS="534" HPOS="291"/>
							<String ID="string_125" HPOS="312" VPOS="534" WIDTH="97" HEIGHT="18" WC="0.96" CONTENT="närmare"/><SP WIDTH="23" VPOS="534" HPOS="409"/>
							<String ID="string_126" HPOS="432" VPOS="539" WIDTH="82" HEIGHT="14" WC="0.95" CONTENT="annans"/><SP WIDTH="23" VPOS="539" HPOS="514"/>
							<String ID="string_127" HPOS="537" VPOS="532" WIDTH="23" HEIGHT="20" WC="0.95" CONTENT="rå"/><SP WIDTH="16" VPOS="532" HPOS="560"/>
							<String ID="string_128" HPOS="576" VPOS="534" WIDTH="26" HEIGHT="18" WC="0.95" CONTENT="än"/><SP WIDTH="16" VPOS="534" HPOS="602"/>
							<String ID="string_129" HPOS="618" VPOS="531" WIDTH="119" HEIGHT="21" WC="0.96" CONTENT="tvåhundra"/><SP WIDTH="16" VPOS="531" HPOS="737"/>
							<String ID="string_130" HPOS="753" VPOS="534" WIDTH="85" HEIGHT="18" WC="0.93" CONTENT="meter»."/><SP WIDTH="31" VPOS="534" HPOS="838"/>
							<String ID="string_131" HPOS="869" VPOS="531" WIDTH="41" HEIGHT="21" WC="0.92" CONTENT="För"/>
						</TextLine>
						<TextLine ID="line_13" HPOS="83" VPOS="555" WIDTH="826" HEIGHT="48">
							<String ID="string_132" HPOS="83" VPOS="560" WIDTH="42" HEIGHT="20" WC="0.96" CONTENT="min"/><SP WIDTH="22" VPOS="560" HPOS="125"/>
							<String ID="string_133" HPOS="147" VPOS="561" WIDTH="34" HEIGHT="20" WC="0.95" CONTENT="del"/><SP WIDTH="16" VPOS="561" HPOS="181"/>
							<String ID="string_134" HPOS="197" VPOS="567" WIDTH="61" HEIGHT="14" WC="0.96" CONTENT="anser"/><SP WIDTH="14" VPOS="567" HPOS="258"/>
							<String ID="string_135" HPOS="272" VPOS="561" WIDTH="36" HEIGHT="33" WC="0.96" CONTENT="jag"/><SP WIDTH="15" VPOS="561" HPOS="308"/>
							<String ID="string_136" HPOS="323" VPOS="563" WIDTH="35" HEIGHT="20" WC="0.96" CONTENT="att,"/><SP WIDTH="17" VPOS="563" HPOS="358"/>
							<String ID="string_137" HPOS="375" VPOS="567" WIDTH="33" HEIGHT="14" WC="0.96" CONTENT="om"/><SP WIDTH="18" VPOS="567" HPOS="408"/>
							<String ID="string_138" HPOS="426" VPOS="560" WIDTH="35" HEIGHT="21" WC="0.96" CONTENT="det"/><SP WIDTH="15" VPOS="560" HPOS="461"/>
							<String ID="string_139" HPOS="476" VPOS="567" WIDTH="50" HEIGHT="14" WC="0.96" CONTENT="vore"/><SP WIDTH="17" VPOS="567" HPOS="526"/>
							<String ID="string_140" HPOS="543" VPOS="561" WIDTH="87" HEIGHT="40" WC="0.96" CONTENT="möjligt,"/><SP WIDTH="17" VPOS="561" HPOS="630"/>
							<String ID="string_141" HPOS="647" VPOS="555" WIDTH="149" HEIGHT="48" WC="0.92" CONTENT="bulvanskytte"/><SP WIDTH="16" VPOS="555" HPOS="796"/>
							<String ID="string_142" HPOS="812" VPOS="560" WIDTH="44" HEIGHT="39" WC="0.96" CONTENT="helt"/><SP WIDTH="15" VPOS="560" HPOS="856"/>
							<String ID="string_143" HPOS="871" VPOS="561" WIDTH="38" HEIGHT="20" WC="0.96" CONTENT="och"/>
						</TextLine>
						<TextLine ID="line_14" HPOS="81" VPOS="596" WIDTH="828" HEIGHT="48">
							<String ID="string_144" HPOS="81" VPOS="617" WIDTH="126" HEIGHT="27" WC="0.91" CONTENT="fågelskytte"/><SP WIDTH="28" VPOS="617" HPOS="207"/>
							<String ID="string_145" HPOS="235" VPOS="619" WIDTH="27" HEIGHT="19" WC="0.92" CONTENT="än"/><SP WIDTH="27" VPOS="619" HPOS="262"/>
							<String ID="string_146" HPOS="289" VPOS="596" WIDTH="118" HEIGHT="48" WC="0.17" CONTENT="bulvatsky"/><SP WIDTH="3" VPOS="596" HPOS="407"/>
							<String ID="string_147" HPOS="410" VPOS="620" WIDTH="34" HEIGHT="19" WC="0.90" CONTENT="tte,"/><SP WIDTH="24" VPOS="620" HPOS="444"/>
							<String ID="string_148" HPOS="468" VPOS="618" WIDTH="142" HEIGHT="26" WC="0.91" CONTENT="synnerligast"/><SP WIDTH="24" VPOS="618" HPOS="610"/>
							<String ID="string_149" HPOS="634" VPOS="624" WIDTH="45" HEIGHT="14" WC="0.96" CONTENT="som"/><SP WIDTH="23" VPOS="624" HPOS="679"/>
							<String ID="string_150" HPOS="702" VPOS="617" WIDTH="36" HEIGHT="21" WC="0.96" CONTENT="det"/><SP WIDTH="23" VPOS="617" HPOS="738"/>
							<String ID="string_151" HPOS="761" VPOS="617" WIDTH="7" HEIGHT="20" WC="0.96" CONTENT="i"/><SP WIDTH="23" VPOS="617" HPOS="768"/>
							<String ID="string_152" HPOS="791" VPOS="617" WIDTH="71" HEIGHT="27" WC="0.95" CONTENT="regeln"/><SP WIDTH="24" VPOS="617" HPOS="862"/>
							<String ID="string_153" HPOS="886" VPOS="619" WIDTH="23" HEIGHT="18" WC="0.96" CONTENT="är"/>
						</TextLine>
						<TextLine ID="line_15" HPOS="82" VPOS="645" WIDTH="825" HEIGHT="27">
							<String ID="string_154" HPOS="82" VPOS="646" WIDTH="101" HEIGHT="22" WC="0.94" CONTENT="honorna,"/><SP WIDTH="18" VPOS="646" HPOS="183"/>
							<String ID="string_155" HPOS="201" VPOS="652" WIDTH="45" HEIGHT="14" WC="0.96" CONTENT="som"/><SP WIDTH="16" VPOS="652" HPOS="246"/>
							<String ID="string_156" HPOS="262" VPOS="646" WIDTH="31" HEIGHT="20" WC="0.95" CONTENT="slå"/><SP WIDTH="16" VPOS="646" HPOS="293"/>
							<String ID="string_157" HPOS="309" VPOS="646" WIDTH="30" HEIGHT="20" WC="0.96" CONTENT="till"/><SP WIDTH="17" VPOS="646" HPOS="339"/>
							<String ID="string_158" HPOS="356" VPOS="646" WIDTH="34" HEIGHT="20" WC="0.93" CONTENT="vid"/><SP WIDTH="17" VPOS="646" HPOS="390"/>
							<String ID="string_159" HPOS="407" VPOS="645" WIDTH="139" HEIGHT="21" WC="0.92" CONTENT="bulvanerna."/><SP WIDTH="30" VPOS="645" HPOS="546"/>
							<String ID="string_160" HPOS="576" VPOS="646" WIDTH="10" HEIGHT="20" WC="0.96" CONTENT="I"/><SP WIDTH="17" VPOS="646" HPOS="586"/>
							<String ID="string_161" HPOS="603" VPOS="646" WIDTH="11" HEIGHT="26" WC="0.85" CONTENT="$"/><SP WIDTH="17" VPOS="646" HPOS="614"/>
							<String ID="string_162" HPOS="631" VPOS="646" WIDTH="26" HEIGHT="20" WC="0.96" CONTENT="26"/><SP WIDTH="16" VPOS="646" HPOS="657"/>
							<String ID="string_163" HPOS="673" VPOS="646" WIDTH="113" HEIGHT="20" WC="0.93" CONTENT="fastställes"/><SP WIDTH="16" VPOS="646" HPOS="786"/>
							<String ID="string_164" HPOS="802" VPOS="646" WIDTH="105" HEIGHT="26" WC="0.92" CONTENT="skottpen-"/>
						</TextLine>
						<TextLine ID="line_16" HPOS="82" VPOS="674" WIDTH="825" HEIGHT="28">
							<String ID="string_165" HPOS="82" VPOS="674" WIDTH="78" HEIGHT="27" WC="0.96" CONTENT="ningen"/><SP WIDTH="16" VPOS="674" HPOS="160"/>
							<String ID="string_166" HPOS="176" VPOS="674" WIDTH="33" HEIGHT="20" WC="0.96" CONTENT="för"/><SP WIDTH="15" VPOS="674" HPOS="209"/>
							<String ID="string_167" HPOS="224" VPOS="681" WIDTH="51" HEIGHT="21" WC="0.95" CONTENT="varg"/><SP WIDTH="15" VPOS="681" HPOS="275"/>
							<String ID="string_168" HPOS="290" VPOS="674" WIDTH="30" HEIGHT="21" WC="0.96" CONTENT="till"/><SP WIDTH="18" VPOS="674" HPOS="320"/>
							<String ID="string_169" HPOS="338" VPOS="675" WIDTH="40" HEIGHT="20" WC="0.96" CONTENT="100"/><SP WIDTH="16" VPOS="675" HPOS="378"/>
							<String ID="string_170" HPOS="394" VPOS="674" WIDTH="59" HEIGHT="21" WC="0.96" CONTENT="mark"/><SP WIDTH="17" VPOS="674" HPOS="453"/>
							<String ID="string_171" HPOS="470" VPOS="675" WIDTH="38" HEIGHT="20" WC="0.96" CONTENT="och"/><SP WIDTH="16" VPOS="675" HPOS="508"/>
							<String ID="string_172" HPOS="524" VPOS="675" WIDTH="33" HEIGHT="20" WC="0.93" CONTENT="för"/><SP WIDTH="15" VPOS="675" HPOS="557"/>
							<String ID="string_173" HPOS="572" VPOS="681" WIDTH="108" HEIGHT="20" WC="0.91" CONTENT="vargunge"/><SP WIDTH="17" VPOS="681" HPOS="680"/>
							<String ID="string_174" HPOS="697" VPOS="674" WIDTH="31" HEIGHT="21" WC="0.96" CONTENT="till"/><SP WIDTH="16" VPOS="674" HPOS="728"/>
							<String ID="string_175" HPOS="744" VPOS="675" WIDTH="26" HEIGHT="20" WC="0.96" CONTENT="30"/><SP WIDTH="16" VPOS="675" HPOS="770"/>
							<String ID="string_176" HPOS="786" VPOS="674" WIDTH="64" HEIGHT="21" WC="0.93" CONTENT="mark."/><SP WIDTH="31" VPOS="674" HPOS="850"/>
							<String ID="string_177" HPOS="881" VPOS="674" WIDTH="26" HEIGHT="20" WC="0.94" CONTENT="30"/>
						</TextLine>
						<TextLine ID="line_17" HPOS="83" VPOS="703" WIDTH="824" HEIGHT="27">
							<String ID="string_178" HPOS="83" VPOS="703" WIDTH="59" HEIGHT="20" WC="0.96" CONTENT="mark"/><SP WIDTH="15" VPOS="703" HPOS="142"/>
							<String ID="string_179" HPOS="157" VPOS="703" WIDTH="33" HEIGHT="20" WC="0.96" CONTENT="för"/><SP WIDTH="15" VPOS="703" HPOS="190"/>
							<String ID="string_180" HPOS="205" VPOS="709" WIDTH="25" HEIGHT="14" WC="0.93" CONTENT="en"/><SP WIDTH="19" VPOS="709" HPOS="230"/>
							<String ID="string_181" HPOS="249" VPOS="710" WIDTH="106" HEIGHT="20" WC="0.88" CONTENT="vargunge"/><SP WIDTH="17" VPOS="710" HPOS="355"/>
							<String ID="string_182" HPOS="372" VPOS="703" WIDTH="41" HEIGHT="20" WC="0.96" CONTENT="kan"/><SP WIDTH="18" VPOS="703" HPOS="413"/>
							<String ID="string_183" HPOS="431" VPOS="703" WIDTH="123" HEIGHT="27" WC="0.96" CONTENT="visserligen"/><SP WIDTH="16" VPOS="703" HPOS="554"/>
							<String ID="string_184" HPOS="570" VPOS="710" WIDTH="64" HEIGHT="20" WC="0.96" CONTENT="synas"/><SP WIDTH="11" VPOS="710" HPOS="634"/>
							<String ID="string_185" HPOS="645" VPOS="710" WIDTH="50" HEIGHT="13" WC="0.96" CONTENT="vara"/><SP WIDTH="11" VPOS="710" HPOS="695"/>
							<String ID="string_186" HPOS="706" VPOS="710" WIDTH="42" HEIGHT="20" WC="0.96" CONTENT="nog"/><SP WIDTH="10" VPOS="710" HPOS="748"/>
							<String ID="string_187" HPOS="758" VPOS="703" WIDTH="90" HEIGHT="26" WC="0.95" CONTENT="mycket,"/><SP WIDTH="11" VPOS="703" HPOS="848"/>
							<String ID="string_188" HPOS="859" VPOS="709" WIDTH="48" HEIGHT="14" WC="0.96" CONTENT="men"/>
						</TextLine>
						<TextLine ID="line_18" HPOS="82" VPOS="731" WIDTH="827" HEIGHT="27">
							<String ID="string_189" HPOS="82" VPOS="738" WIDTH="35" HEIGHT="14" WC="0.96" CONTENT="om"/><SP WIDTH="16" VPOS="738" HPOS="117"/>
							<String ID="string_190" HPOS="133" VPOS="731" WIDTH="65" HEIGHT="27" WC="0.96" CONTENT="några"/><SP WIDTH="18" VPOS="731" HPOS="198"/>
							<String ID="string_191" HPOS="216" VPOS="738" WIDTH="105" HEIGHT="20" WC="0.95" CONTENT="personer,"/><SP WIDTH="16" VPOS="738" HPOS="321"/>
							<String ID="string_192" HPOS="337" VPOS="732" WIDTH="65" HEIGHT="20" WC="0.96" CONTENT="innan"/><SP WIDTH="17" VPOS="732" HPOS="402"/>
							<String ID="string_193" HPOS="419" VPOS="732" WIDTH="25" HEIGHT="20" WC="0.96" CONTENT="de"/><SP WIDTH="17" VPOS="732" HPOS="444"/>
							<String ID="string_194" HPOS="461" VPOS="732" WIDTH="51" HEIGHT="20" WC="0.96" CONTENT="hitta"/><SP WIDTH="16" VPOS="732" HPOS="512"/>
							<String ID="string_195" HPOS="528" VPOS="733" WIDTH="14" HEIGHT="19" WC="0.95" CONTENT="4"/><SP WIDTH="16" VPOS="733" HPOS="542"/>
							<String ID="string_196" HPOS="558" VPOS="734" WIDTH="11" HEIGHT="18" WC="0.76" CONTENT="a"/><SP WIDTH="16" VPOS="734" HPOS="569"/>
							<String ID="string_197" HPOS="585" VPOS="732" WIDTH="12" HEIGHT="20" WC="0.96" CONTENT="5"/><SP WIDTH="16" VPOS="732" HPOS="597"/>
							<String ID="string_198" HPOS="613" VPOS="738" WIDTH="73" HEIGHT="20" WC="0.95" CONTENT="ungar,"/><SP WIDTH="15" VPOS="738" HPOS="686"/>
							<String ID="string_199" HPOS="701" VPOS="732" WIDTH="7" HEIGHT="19" WC="0.96" CONTENT="i"/><SP WIDTH="17" VPOS="732" HPOS="708"/>
							<String ID="string_200" HPOS="725" VPOS="734" WIDTH="29" HEIGHT="18" WC="0.96" CONTENT="ett"/><SP WIDTH="15" VPOS="734" HPOS="754"/>
							<String ID="string_201" HPOS="769" VPOS="738" WIDTH="38" HEIGHT="20" WC="0.96" CONTENT="par"/><SP WIDTH="15" VPOS="738" HPOS="807"/>
							<String ID="string_202" HPOS="822" VPOS="731" WIDTH="87" HEIGHT="21" WC="0.96" CONTENT="veckors"/>
						</TextLine>
						<TextLine ID="line_19" HPOS="81" VPOS="760" WIDTH="827" HEIGHT="27">
							<String ID="string_203" HPOS="81" VPOS="760" WIDTH="30" HEIGHT="20" WC="0.96" CONTENT="tid"/><SP WIDTH="24" VPOS="760" HPOS="111"/>
							<String ID="string_204" HPOS="135" VPOS="760" WIDTH="21" HEIGHT="20" WC="0.96" CONTENT="få"/><SP WIDTH="22" VPOS="760" HPOS="156"/>
							<String ID="string_205" HPOS="178" VPOS="760" WIDTH="47" HEIGHT="27" WC="0.96" CONTENT="löpa"/><SP WIDTH="23" VPOS="760" HPOS="225"/>
							<String ID="string_206" HPOS="248" VPOS="760" WIDTH="72" HEIGHT="27" WC="0.96" CONTENT="hvarje"/><SP WIDTH="24" VPOS="760" HPOS="320"/>
							<String ID="string_207" HPOS="344" VPOS="762" WIDTH="44" HEIGHT="19" WC="0.96" CONTENT="natt"/><SP WIDTH="22" VPOS="762" HPOS="388"/>
							<String ID="string_208" HPOS="410" VPOS="760" WIDTH="98" HEIGHT="27" WC="0.93" CONTENT="omkring"/><SP WIDTH="23" VPOS="760" HPOS="508"/>
							<String ID="string_209" HPOS="531" VPOS="761" WIDTH="6" HEIGHT="19" WC="0.95" CONTENT="i"/><SP WIDTH="23" VPOS="761" HPOS="537"/>
							<String ID="string_210" HPOS="560" VPOS="760" WIDTH="86" HEIGHT="27" WC="0.94" CONTENT="skogen,"/><SP WIDTH="23" VPOS="760" HPOS="646"/>
							<String ID="string_211" HPOS="669" VPOS="760" WIDTH="23" HEIGHT="20" WC="0.96" CONTENT="så"/><SP WIDTH="16" VPOS="760" HPOS="692"/>
							<String ID="string_212" HPOS="708" VPOS="760" WIDTH="39" HEIGHT="21" WC="0.96" CONTENT="blir"/><SP WIDTH="16" VPOS="760" HPOS="747"/>
							<String ID="string_213" HPOS="763" VPOS="760" WIDTH="35" HEIGHT="21" WC="0.96" CONTENT="det"/><SP WIDTH="14" VPOS="760" HPOS="798"/>
							<String ID="string_214" HPOS="812" VPOS="760" WIDTH="7" HEIGHT="20" WC="0.93" CONTENT="i"/><SP WIDTH="16" VPOS="760" HPOS="819"/>
							<String ID="string_215" HPOS="835" VPOS="760" WIDTH="73" HEIGHT="27" WC="0.92" CONTENT="själfva"/>
						</TextLine>
						<TextLine ID="line_20" HPOS="83" VPOS="788" WIDTH="825" HEIGHT="27">
							<String ID="string_216" HPOS="83" VPOS="788" WIDTH="72" HEIGHT="21" WC="0.92" CONTENT="värket"/><SP WIDTH="21" VPOS="788" HPOS="155"/>
							<String ID="string_217" HPOS="176" VPOS="788" WIDTH="46" HEIGHT="21" WC="0.96" CONTENT="icke"/><SP WIDTH="16" VPOS="788" HPOS="222"/>
							<String ID="string_218" HPOS="238" VPOS="789" WIDTH="70" HEIGHT="26" WC="0.92" CONTENT="någon"/><SP WIDTH="17" VPOS="789" HPOS="308"/>
							<String ID="string_219" HPOS="325" VPOS="789" WIDTH="137" HEIGHT="20" WC="0.90" CONTENT="öfverhöfvan"/><SP WIDTH="18" VPOS="789" HPOS="462"/>
							<String ID="string_220" HPOS="480" VPOS="792" WIDTH="44" HEIGHT="17" WC="0.93" CONTENT="stor"/><SP WIDTH="15" VPOS="792" HPOS="524"/>
							<String ID="string_221" HPOS="539" VPOS="789" WIDTH="151" HEIGHT="26" WC="0.88" CONTENT="dagspenning."/><SP WIDTH="32" VPOS="789" HPOS="690"/>
							<String ID="string_222" HPOS="722" VPOS="788" WIDTH="41" HEIGHT="27" WC="0.95" CONTENT="Jag"/><SP WIDTH="16" VPOS="788" HPOS="763"/>
							<String ID="string_223" HPOS="779" VPOS="788" WIDTH="68" HEIGHT="21" WC="0.93" CONTENT="skulle"/><SP WIDTH="16" VPOS="788" HPOS="847"/>
							<String ID="string_224" HPOS="863" VPOS="788" WIDTH="45" HEIGHT="20" WC="0.90" CONTENT="där-"/>
						</TextLine>
						<TextLine ID="line_21" HPOS="81" VPOS="817" WIDTH="827" HEIGHT="26">
							<String ID="string_225" HPOS="81" VPOS="817" WIDTH="34" HEIGHT="20" WC="0.96" CONTENT="för"/><SP WIDTH="20" VPOS="817" HPOS="115"/>
							<String ID="string_226" HPOS="135" VPOS="823" WIDTH="50" HEIGHT="14" WC="0.95" CONTENT="anse"/><SP WIDTH="24" VPOS="823" HPOS="185"/>
							<String ID="string_227" HPOS="209" VPOS="819" WIDTH="29" HEIGHT="18" WC="0.93" CONTENT="att"/><SP WIDTH="21" VPOS="819" HPOS="238"/>
							<String ID="string_228" HPOS="259" VPOS="817" WIDTH="178" HEIGHT="26" WC="0.92" CONTENT="skottpenningen"/><SP WIDTH="23" VPOS="817" HPOS="437"/>
							<String ID="string_229" HPOS="460" VPOS="817" WIDTH="66" HEIGHT="21" WC="0.93" CONTENT="borde"/><SP WIDTH="24" VPOS="817" HPOS="526"/>
							<String ID="string_230" HPOS="550" VPOS="817" WIDTH="98" HEIGHT="20" WC="0.91" CONTENT="förblifva"/><SP WIDTH="25" VPOS="817" HPOS="648"/>
							<String ID="string_231" HPOS="673" VPOS="817" WIDTH="39" HEIGHT="20" WC="0.96" CONTENT="100"/><SP WIDTH="17" VPOS="817" HPOS="712"/>
							<String ID="string_232" HPOS="729" VPOS="817" WIDTH="59" HEIGHT="20" WC="0.95" CONTENT="mark"/><SP WIDTH="16" VPOS="817" HPOS="788"/>
							<String ID="string_233" HPOS="804" VPOS="817" WIDTH="57" HEIGHT="20" WC="0.95" CONTENT="såväl"/><SP WIDTH="15" VPOS="817" HPOS="861"/>
							<String ID="string_234" HPOS="876" VPOS="817" WIDTH="32" HEIGHT="20" WC="0.96" CONTENT="för"/>
						</TextLine>
						<TextLine ID="line_22" HPOS="81" VPOS="845" WIDTH="828" HEIGHT="28">
							<String ID="string_235" HPOS="81" VPOS="845" WIDTH="92" HEIGHT="27" WC="0.96" CONTENT="gammal"/><SP WIDTH="17" VPOS="845" HPOS="173"/>
							<String ID="string_236" HPOS="190" VPOS="853" WIDTH="50" HEIGHT="20" WC="0.96" CONTENT="varg"/><SP WIDTH="16" VPOS="853" HPOS="240"/>
							<String ID="string_237" HPOS="256" VPOS="852" WIDTH="45" HEIGHT="14" WC="0.96" CONTENT="som"/><SP WIDTH="16" VPOS="852" HPOS="301"/>
							<String ID="string_238" HPOS="317" VPOS="846" WIDTH="32" HEIGHT="20" WC="0.93" CONTENT="för"/><SP WIDTH="15" VPOS="846" HPOS="349"/>
							<String ID="string_239" HPOS="364" VPOS="852" WIDTH="115" HEIGHT="21" WC="0.92" CONTENT="vargunge."/><SP WIDTH="31" VPOS="852" HPOS="479"/>
							<String ID="string_240" HPOS="510" VPOS="846" WIDTH="10" HEIGHT="20" WC="0.92" CONTENT="I"/><SP WIDTH="16" VPOS="846" HPOS="520"/>
							<String ID="string_241" HPOS="536" VPOS="847" WIDTH="12" HEIGHT="26" WC="0.90" CONTENT="$"/><SP WIDTH="18" VPOS="847" HPOS="548"/>
							<String ID="string_242" HPOS="566" VPOS="847" WIDTH="26" HEIGHT="19" WC="0.96" CONTENT="33"/><SP WIDTH="16" VPOS="847" HPOS="592"/>
							<String ID="string_243" HPOS="608" VPOS="846" WIDTH="95" HEIGHT="26" WC="0.90" CONTENT="stadgas:"/><SP WIDTH="27" VPOS="846" HPOS="703"/>
							<String ID="string_244" HPOS="730" VPOS="845" WIDTH="126" HEIGHT="27" WC="0.88" CONTENT="»Villebråd,"/><SP WIDTH="13" VPOS="845" HPOS="856"/>
							<String ID="string_245" HPOS="869" VPOS="847" WIDTH="40" HEIGHT="26" WC="0.96" CONTENT="ägg"/>
						</TextLine>
						<TextLine ID="line_23" HPOS="82" VPOS="874" WIDTH="825" HEIGHT="27">
							<String ID="string_246" HPOS="82" VPOS="874" WIDTH="40" HEIGHT="20" WC="0.96" CONTENT="och"/><SP WIDTH="24" VPOS="874" HPOS="122"/>
							<String ID="string_247" HPOS="146" VPOS="880" WIDTH="73" HEIGHT="21" WC="0.96" CONTENT="ungar,"/><SP WIDTH="24" VPOS="880" HPOS="219"/>
							<String ID="string_248" HPOS="243" VPOS="881" WIDTH="44" HEIGHT="14" WC="0.96" CONTENT="som"/><SP WIDTH="16" VPOS="881" HPOS="287"/>
							<String ID="string_249" HPOS="303" VPOS="874" WIDTH="89" HEIGHT="21" WC="0.93" CONTENT="sålunda"/><SP WIDTH="16" VPOS="874" HPOS="392"/>
							<String ID="string_250" HPOS="408" VPOS="874" WIDTH="124" HEIGHT="27" WC="0.90" CONTENT="åtkommas,"/><SP WIDTH="16" VPOS="874" HPOS="532"/>
							<String ID="string_251" HPOS="548" VPOS="875" WIDTH="82" HEIGHT="20" WC="0.96" CONTENT="tillfalla"/><SP WIDTH="16" VPOS="875" HPOS="630"/>
							<String ID="string_252" HPOS="646" VPOS="875" WIDTH="87" HEIGHT="22" WC="0.95" CONTENT="kronan,"/><SP WIDTH="16" VPOS="875" HPOS="733"/>
							<String ID="string_253" HPOS="749" VPOS="875" WIDTH="37" HEIGHT="20" WC="0.96" CONTENT="där"/><SP WIDTH="16" VPOS="875" HPOS="786"/>
							<String ID="string_254" HPOS="802" VPOS="874" WIDTH="46" HEIGHT="24" WC="0.95" CONTENT="den,"/><SP WIDTH="15" VPOS="874" HPOS="848"/>
							<String ID="string_255" HPOS="863" VPOS="880" WIDTH="44" HEIGHT="14" WC="0.96" CONTENT="som"/>
						</TextLine>
						<TextLine ID="line_24" HPOS="82" VPOS="890" WIDTH="826" HEIGHT="47">
							<String ID="string_256" HPOS="82" VPOS="902" WIDTH="89" HEIGHT="20" WC="0.95" CONTENT="innehar"/><SP WIDTH="6" VPOS="902" HPOS="171"/>
							<String ID="string_257" HPOS="177" VPOS="890" WIDTH="127" HEIGHT="47" WC="0.28" CONTENT="jakträtten,"/><SP WIDTH="16" VPOS="890" HPOS="304"/>
							<String ID="string_258" HPOS="320" VPOS="903" WIDTH="48" HEIGHT="26" WC="0.96" CONTENT="själf"/><SP WIDTH="15" VPOS="903" HPOS="368"/>
							<String ID="string_259" HPOS="383" VPOS="903" WIDTH="71" HEIGHT="26" WC="0.96" CONTENT="begått"/><SP WIDTH="17" VPOS="903" HPOS="454"/>
							<String ID="string_260" HPOS="471" VPOS="903" WIDTH="55" HEIGHT="20" WC="0.96" CONTENT="brott"/><SP WIDTH="16" VPOS="903" HPOS="526"/>
							<String ID="string_261" HPOS="542" VPOS="903" WIDTH="52" HEIGHT="20" WC="0.96" CONTENT="eller"/><SP WIDTH="15" VPOS="903" HPOS="594"/>
							<String ID="string_262" HPOS="609" VPOS="903" WIDTH="35" HEIGHT="20" WC="0.93" CONTENT="det"/><SP WIDTH="15" VPOS="903" HPOS="644"/>
							<String ID="string_263" HPOS="659" VPOS="903" WIDTH="99" HEIGHT="20" WC="0.91" CONTENT="åtkomna"/><SP WIDTH="16" VPOS="903" HPOS="758"/>
							<String ID="string_264" HPOS="774" VPOS="905" WIDTH="22" HEIGHT="17" WC="0.96" CONTENT="är"/><SP WIDTH="16" VPOS="905" HPOS="796"/>
							<String ID="string_265" HPOS="812" VPOS="903" WIDTH="34" HEIGHT="26" WC="0.96" CONTENT="älg"/><SP WIDTH="12" VPOS="903" HPOS="846"/>
							<String ID="string_266" HPOS="858" VPOS="903" WIDTH="50" HEIGHT="19" WC="0.96" CONTENT="eller"/>
						</TextLine>
						<TextLine ID="line_25" HPOS="83" VPOS="918" WIDTH="826" HEIGHT="39">
							<String ID="string_267" HPOS="83" VPOS="930" WIDTH="68" HEIGHT="21" WC="0.96" CONTENT="under"/><SP WIDTH="22" VPOS="930" HPOS="151"/>
							<String ID="string_268" HPOS="173" VPOS="931" WIDTH="47" HEIGHT="21" WC="0.96" CONTENT="hela"/><SP WIDTH="23" VPOS="931" HPOS="220"/>
							<String ID="string_269" HPOS="243" VPOS="931" WIDTH="44" HEIGHT="21" WC="0.95" CONTENT="året"/><SP WIDTH="22" VPOS="931" HPOS="287"/>
							<String ID="string_270" HPOS="309" VPOS="931" WIDTH="84" HEIGHT="26" WC="0.96" CONTENT="fridlyst"/><SP WIDTH="18" VPOS="931" HPOS="393"/>
							<String ID="string_271" HPOS="411" VPOS="918" WIDTH="63" HEIGHT="39" WC="0.60" CONTENT="vildt,"/><SP WIDTH="22" VPOS="918" HPOS="474"/>
							<String ID="string_272" HPOS="496" VPOS="938" WIDTH="48" HEIGHT="14" WC="0.96" CONTENT="men"/><SP WIDTH="17" VPOS="938" HPOS="544"/>
							<String ID="string_273" HPOS="561" VPOS="932" WIDTH="6" HEIGHT="19" WC="0.95" CONTENT="i"/><SP WIDTH="17" VPOS="932" HPOS="567"/>
							<String ID="string_274" HPOS="584" VPOS="934" WIDTH="63" HEIGHT="18" WC="0.95" CONTENT="annat"/><SP WIDTH="21" VPOS="934" HPOS="647"/>
							<String ID="string_275" HPOS="668" VPOS="931" WIDTH="37" HEIGHT="20" WC="0.91" CONTENT="fall"/><SP WIDTH="15" VPOS="931" HPOS="705"/>
							<String ID="string_276" HPOS="720" VPOS="931" WIDTH="151" HEIGHT="21" WC="0.91" CONTENT="innehafvaren"/><SP WIDTH="16" VPOS="931" HPOS="871"/>
							<String ID="string_277" HPOS="887" VPOS="931" WIDTH="22" HEIGHT="20" WC="0.94" CONTENT="af"/>
						</TextLine>
						<TextLine ID="line_26" HPOS="81" VPOS="959" WIDTH="827" HEIGHT="33">
							<String ID="string_278" HPOS="81" VPOS="959" WIDTH="118" HEIGHT="32" WC="0.89" CONTENT="jakträtten."/><SP WIDTH="5" VPOS="959" HPOS="199"/>
							<String ID="string_279" HPOS="204" VPOS="968" WIDTH="9" HEIGHT="10" WC="0.87" CONTENT="»"/><SP WIDTH="26" VPOS="968" HPOS="213"/>
							<String ID="string_280" HPOS="239" VPOS="956" WIDTH="70" HEIGHT="24" WC="0.94" CONTENT="Äfven"/><SP WIDTH="16" VPOS="956" HPOS="309"/>
							<String ID="string_281" HPOS="325" VPOS="960" WIDTH="5" HEIGHT="20" WC="0.96" CONTENT="i"/><SP WIDTH="17" VPOS="960" HPOS="330"/>
							<String ID="string_282" HPOS="347" VPOS="953" WIDTH="57" HEIGHT="27" WC="0.96" CONTENT="detta"/><SP WIDTH="16" VPOS="953" HPOS="404"/>
							<String ID="string_283" HPOS="420" VPOS="960" WIDTH="36" HEIGHT="20" WC="0.96" CONTENT="fall"/><SP WIDTH="17" VPOS="960" HPOS="456"/>
							<String ID="string_284" HPOS="473" VPOS="966" WIDTH="63" HEIGHT="14" WC="0.97" CONTENT="anser"/><SP WIDTH="14" VPOS="966" HPOS="536"/>
							<String ID="string_285" HPOS="550" VPOS="960" WIDTH="35" HEIGHT="32" WC="0.96" CONTENT="jag"/><SP WIDTH="15" VPOS="960" HPOS="585"/>
							<String ID="string_286" HPOS="600" VPOS="962" WIDTH="30" HEIGHT="18" WC="0.96" CONTENT="att"/><SP WIDTH="15" VPOS="962" HPOS="630"/>
							<String ID="string_287" HPOS="645" VPOS="960" WIDTH="81" HEIGHT="20" WC="0.96" CONTENT="kronan"/><SP WIDTH="16" VPOS="960" HPOS="726"/>
							<String ID="string_288" HPOS="742" VPOS="960" WIDTH="68" HEIGHT="20" WC="0.95" CONTENT="skulle"/><SP WIDTH="16" VPOS="960" HPOS="810"/>
							<String ID="string_289" HPOS="826" VPOS="959" WIDTH="20" HEIGHT="21" WC="0.96" CONTENT="få"/><SP WIDTH="11" VPOS="959" HPOS="846"/>
							<String ID="string_290" HPOS="857" VPOS="959" WIDTH="51" HEIGHT="21" WC="0.96" CONTENT="blott"/>
						</TextLine>
						<TextLine ID="line_27" HPOS="83" VPOS="988" WIDTH="824" HEIGHT="27">
							<String ID="string_291" HPOS="83" VPOS="988" WIDTH="59" HEIGHT="26" WC="0.96" CONTENT="ringa"/><SP WIDTH="23" VPOS="988" HPOS="142"/>
							<String ID="string_292" HPOS="165" VPOS="988" WIDTH="66" HEIGHT="20" WC="0.96" CONTENT="fördel"/><SP WIDTH="24" VPOS="988" HPOS="231"/>
							<String ID="string_293" HPOS="255" VPOS="989" WIDTH="20" HEIGHT="19" WC="0.96" CONTENT="af"/><SP WIDTH="24" VPOS="989" HPOS="275"/>
							<String ID="string_294" HPOS="299" VPOS="988" WIDTH="24" HEIGHT="20" WC="0.96" CONTENT="det"/><SP WIDTH="34" VPOS="988" HPOS="323"/>
							<String ID="string_295" HPOS="357" VPOS="988" WIDTH="142" HEIGHT="27" WC="0.96" CONTENT="beslagtagna,"/><SP WIDTH="19" VPOS="988" HPOS="499"/>
							<String ID="string_296" HPOS="518" VPOS="988" WIDTH="127" HEIGHT="21" WC="0.95" CONTENT="åtminstone"/><SP WIDTH="16" VPOS="988" HPOS="645"/>
							<String ID="string_297" HPOS="661" VPOS="988" WIDTH="21" HEIGHT="20" WC="0.92" CONTENT="af"/><SP WIDTH="17" VPOS="988" HPOS="682"/>
							<String ID="string_298" HPOS="699" VPOS="990" WIDTH="53" HEIGHT="25" WC="0.91" CONTENT="»ägg"/><SP WIDTH="15" VPOS="990" HPOS="752"/>
							<String ID="string_299" HPOS="767" VPOS="988" WIDTH="38" HEIGHT="20" WC="0.96" CONTENT="och"/><SP WIDTH="17" VPOS="988" HPOS="805"/>
							<String ID="string_300" HPOS="822" VPOS="994" WIDTH="85" HEIGHT="20" WC="0.96" CONTENT="ungar»."/>
						</TextLine>
						<TextLine ID="line_28" HPOS="81" VPOS="1004" WIDTH="828" HEIGHT="48">
							<String ID="string_301" HPOS="81" VPOS="1016" WIDTH="11" HEIGHT="20" WC="0.91" CONTENT="I"/><SP WIDTH="24" VPOS="1016" HPOS="92"/>
							<String ID="string_302" HPOS="116" VPOS="1004" WIDTH="12" HEIGHT="39" WC="0.67" CONTENT="S"/><SP WIDTH="23" VPOS="1004" HPOS="128"/>
							<String ID="string_303" HPOS="151" VPOS="1016" WIDTH="32" HEIGHT="26" WC="0.96" CONTENT="36,"/><SP WIDTH="22" VPOS="1016" HPOS="183"/>
							<String ID="string_304" HPOS="205" VPOS="1016" WIDTH="37" HEIGHT="21" WC="0.95" CONTENT="där"/><SP WIDTH="23" VPOS="1016" HPOS="242"/>
							<String ID="string_305" HPOS="265" VPOS="1017" WIDTH="34" HEIGHT="20" WC="0.93" CONTENT="det"/><SP WIDTH="21" VPOS="1017" HPOS="299"/>
							<String ID="string_306" HPOS="320" VPOS="1017" WIDTH="53" HEIGHT="20" WC="0.91" CONTENT="talas"/><SP WIDTH="23" VPOS="1017" HPOS="373"/>
							<String ID="string_307" HPOS="396" VPOS="1024" WIDTH="34" HEIGHT="13" WC="0.96" CONTENT="om"/><SP WIDTH="23" VPOS="1024" HPOS="430"/>
							<String ID="string_308" HPOS="453" VPOS="1017" WIDTH="177" HEIGHT="35" WC="0.92" CONTENT="kringstrykande"/><SP WIDTH="22" VPOS="1017" HPOS="630"/>
							<String ID="string_309" HPOS="652" VPOS="1017" WIDTH="88" HEIGHT="23" WC="0.92" CONTENT="hundar,"/><SP WIDTH="16" VPOS="1017" HPOS="740"/>
							<String ID="string_310" HPOS="756" VPOS="1017" WIDTH="59" HEIGHT="20" WC="0.96" CONTENT="heter"/><SP WIDTH="15" VPOS="1017" HPOS="815"/>
							<String ID="string_311" HPOS="830" VPOS="1004" WIDTH="34" HEIGHT="33" WC="0.96" CONTENT="det"/><SP WIDTH="16" VPOS="1004" HPOS="864"/>
							<String ID="string_312" HPOS="880" VPOS="1019" WIDTH="29" HEIGHT="18" WC="0.96" CONTENT="att"/>
						</TextLine>
						<TextLine ID="line_29" HPOS="83" VPOS="1045" WIDTH="825" HEIGHT="34">
							<String ID="string_313" HPOS="83" VPOS="1051" WIDTH="62" HEIGHT="20" WC="0.93" CONTENT="egare"/><SP WIDTH="20" VPOS="1051" HPOS="145"/>
							<String ID="string_314" HPOS="165" VPOS="1045" WIDTH="52" HEIGHT="21" WC="0.93" CONTENT="eller"/><SP WIDTH="14" VPOS="1045" HPOS="217"/>
							<String ID="string_315" HPOS="231" VPOS="1046" WIDTH="137" HEIGHT="20" WC="0.92" CONTENT="innehafvare"/><SP WIDTH="17" VPOS="1046" HPOS="368"/>
							<String ID="string_316" HPOS="385" VPOS="1046" WIDTH="21" HEIGHT="20" WC="0.93" CONTENT="af"/><SP WIDTH="14" VPOS="1046" HPOS="406"/>
							<String ID="string_317" HPOS="420" VPOS="1046" WIDTH="106" HEIGHT="26" WC="0.91" CONTENT="jaktmark"/><SP WIDTH="17" VPOS="1046" HPOS="526"/>
							<String ID="string_318" HPOS="543" VPOS="1046" WIDTH="33" HEIGHT="20" WC="0.96" CONTENT="mä"/><SP WIDTH="16" VPOS="1046" HPOS="576"/>
							<String ID="string_319" HPOS="592" VPOS="1046" WIDTH="71" HEIGHT="33" WC="0.89" CONTENT="intaga"/><SP WIDTH="15" VPOS="1046" HPOS="663"/>
							<String ID="string_320" HPOS="678" VPOS="1045" WIDTH="79" HEIGHT="21" WC="0.91" CONTENT="sädana"/><SP WIDTH="15" VPOS="1045" HPOS="757"/>
							<String ID="string_321" HPOS="772" VPOS="1046" WIDTH="83" HEIGHT="20" WC="0.92" CONTENT="hundar"/><SP WIDTH="15" VPOS="1046" HPOS="855"/>
							<String ID="string_322" HPOS="870" VPOS="1045" WIDTH="38" HEIGHT="20" WC="0.97" CONTENT="och"/>
						</TextLine>
						<TextLine ID="line_30" HPOS="83" VPOS="1074" WIDTH="826" HEIGHT="27">
							<String ID="string_323" HPOS="83" VPOS="1074" WIDTH="72" HEIGHT="20" WC="0.92" CONTENT="därom"/><SP WIDTH="24" VPOS="1074" HPOS="155"/>
							<String ID="string_324" HPOS="179" VPOS="1074" WIDTH="122" HEIGHT="20" WC="0.89" CONTENT="underrätta"/><SP WIDTH="29" VPOS="1074" HPOS="301"/>
							<String ID="string_325" HPOS="330" VPOS="1074" WIDTH="91" HEIGHT="20" WC="0.89" CONTENT="hundens"/><SP WIDTH="23" VPOS="1074" HPOS="421"/>
							<String ID="string_326" HPOS="444" VPOS="1080" WIDTH="68" HEIGHT="21" WC="0.91" CONTENT="egare."/><SP WIDTH="30" VPOS="1080" HPOS="512"/>
							<String ID="string_327" HPOS="542" VPOS="1074" WIDTH="42" HEIGHT="20" WC="0.96" CONTENT="Det"/><SP WIDTH="18" VPOS="1074" HPOS="584"/>
							<String ID="string_328" HPOS="602" VPOS="1076" WIDTH="22" HEIGHT="18" WC="0.93" CONTENT="är"/><SP WIDTH="16" VPOS="1076" HPOS="624"/>
							<String ID="string_329" HPOS="640" VPOS="1074" WIDTH="116" HEIGHT="20" WC="0.92" CONTENT="emellertid"/><SP WIDTH="17" VPOS="1074" HPOS="756"/>
							<String ID="string_330" HPOS="773" VPOS="1074" WIDTH="84" HEIGHT="26" WC="0.96" CONTENT="mycket"/><SP WIDTH="15" VPOS="1074" HPOS="857"/>
							<String ID="string_331" HPOS="872" VPOS="1074" WIDTH="37" HEIGHT="20" WC="0.97" CONTENT="lätt"/>
						</TextLine>
						<TextLine ID="line_31" HPOS="82" VPOS="1102" WIDTH="826" HEIGHT="28">
							<String ID="string_332" HPOS="82" VPOS="1104" WIDTH="31" HEIGHT="18" WC="0.88" CONTENT="att"/><SP WIDTH="15" VPOS="1104" HPOS="113"/>
							<String ID="string_333" HPOS="128" VPOS="1102" WIDTH="6" HEIGHT="20" WC="0.95" CONTENT="i"/><SP WIDTH="16" VPOS="1102" HPOS="134"/>
							<String ID="string_334" HPOS="150" VPOS="1108" WIDTH="26" HEIGHT="14" WC="0.96" CONTENT="en"/><SP WIDTH="17" VPOS="1108" HPOS="176"/>
							<String ID="string_335" HPOS="193" VPOS="1103" WIDTH="96" HEIGHT="26" WC="0.95" CONTENT="paragraf"/><SP WIDTH="15" VPOS="1103" HPOS="289"/>
							<String ID="string_336" HPOS="304" VPOS="1103" WIDTH="73" HEIGHT="26" WC="0.96" CONTENT="stadga"/><SP WIDTH="16" VPOS="1103" HPOS="377"/>
							<String ID="string_337" HPOS="393" VPOS="1105" WIDTH="30" HEIGHT="18" WC="0.93" CONTENT="att"/><SP WIDTH="16" VPOS="1105" HPOS="423"/>
							<String ID="string_338" HPOS="439" VPOS="1103" WIDTH="79" HEIGHT="20" WC="0.96" CONTENT="sådana"/><SP WIDTH="16" VPOS="1103" HPOS="518"/>
							<String ID="string_339" HPOS="534" VPOS="1103" WIDTH="83" HEIGHT="20" WC="0.96" CONTENT="hundar"/><SP WIDTH="16" VPOS="1103" HPOS="617"/>
							<String ID="string_340" HPOS="633" VPOS="1102" WIDTH="49" HEIGHT="21" WC="0.93" CONTENT="böra"/><SP WIDTH="16" VPOS="1102" HPOS="682"/>
							<String ID="string_341" HPOS="698" VPOS="1103" WIDTH="88" HEIGHT="27" WC="0.91" CONTENT="intagas,"/><SP WIDTH="16" VPOS="1103" HPOS="786"/>
							<String ID="string_342" HPOS="802" VPOS="1109" WIDTH="47" HEIGHT="14" WC="0.96" CONTENT="men"/><SP WIDTH="13" VPOS="1109" HPOS="849"/>
							<String ID="string_343" HPOS="862" VPOS="1108" WIDTH="46" HEIGHT="21" WC="0.96" CONTENT="den,"/>
						</TextLine>
						<TextLine ID="line_32" HPOS="83" VPOS="1130" WIDTH="824" HEIGHT="28">
							<String ID="string_344" HPOS="83" VPOS="1137" WIDTH="44" HEIGHT="13" WC="0.96" CONTENT="som"/><SP WIDTH="18" VPOS="1137" HPOS="127"/>
							<String ID="string_345" HPOS="145" VPOS="1131" WIDTH="64" HEIGHT="27" WC="0.96" CONTENT="något"/><SP WIDTH="14" VPOS="1131" HPOS="209"/>
							<String ID="string_346" HPOS="223" VPOS="1131" WIDTH="80" HEIGHT="21" WC="0.96" CONTENT="försökt"/><SP WIDTH="16" VPOS="1131" HPOS="303"/>
							<String ID="string_347" HPOS="319" VPOS="1132" WIDTH="32" HEIGHT="26" WC="0.96" CONTENT="sig"/><SP WIDTH="15" VPOS="1132" HPOS="351"/>
							<String ID="string_348" HPOS="366" VPOS="1131" WIDTH="26" HEIGHT="27" WC="0.96" CONTENT="på"/><SP WIDTH="15" VPOS="1131" HPOS="392"/>
							<String ID="string_349" HPOS="407" VPOS="1133" WIDTH="30" HEIGHT="19" WC="0.96" CONTENT="att"/><SP WIDTH="15" VPOS="1133" HPOS="437"/>
							<String ID="string_350" HPOS="452" VPOS="1132" WIDTH="7" HEIGHT="19" WC="0.96" CONTENT="i"/><SP WIDTH="14" VPOS="1132" HPOS="459"/>
							<String ID="string_351" HPOS="473" VPOS="1132" WIDTH="81" HEIGHT="26" WC="0.93" CONTENT="skogen"/><SP WIDTH="10" VPOS="1132" HPOS="554"/>
							<String ID="string_352" HPOS="564" VPOS="1132" WIDTH="90" HEIGHT="25" WC="0.91" CONTENT="fasttaga"/><SP WIDTH="10" VPOS="1132" HPOS="654"/>
							<String ID="string_353" HPOS="664" VPOS="1138" WIDTH="27" HEIGHT="14" WC="0.96" CONTENT="en"/><SP WIDTH="10" VPOS="1138" HPOS="691"/>
							<String ID="string_354" HPOS="701" VPOS="1131" WIDTH="132" HEIGHT="20" WC="0.96" CONTENT="främmande"/><SP WIDTH="11" VPOS="1131" HPOS="833"/>
							<String ID="string_355" HPOS="844" VPOS="1130" WIDTH="63" HEIGHT="26" WC="0.96" CONTENT="hund,"/>
						</TextLine>
						<TextLine ID="line_33" HPOS="83" VPOS="1159" WIDTH="825" HEIGHT="28">
							<String ID="string_356" HPOS="83" VPOS="1159" WIDTH="40" HEIGHT="20" WC="0.96" CONTENT="han"/><SP WIDTH="20" VPOS="1159" HPOS="123"/>
							<String ID="string_357" HPOS="143" VPOS="1162" WIDTH="35" HEIGHT="18" WC="0.95" CONTENT="vet"/><SP WIDTH="15" VPOS="1162" HPOS="178"/>
							<String ID="string_358" HPOS="193" VPOS="1162" WIDTH="29" HEIGHT="18" WC="0.96" CONTENT="att"/><SP WIDTH="16" VPOS="1162" HPOS="222"/>
							<String ID="string_359" HPOS="238" VPOS="1160" WIDTH="35" HEIGHT="20" WC="0.96" CONTENT="det"/><SP WIDTH="15" VPOS="1160" HPOS="273"/>
							<String ID="string_360" HPOS="288" VPOS="1162" WIDTH="23" HEIGHT="18" WC="0.96" CONTENT="är"/><SP WIDTH="23" VPOS="1162" HPOS="311"/>
							<String ID="string_361" HPOS="334" VPOS="1162" WIDTH="65" HEIGHT="18" WC="0.92" CONTENT="lättare"/><SP WIDTH="17" VPOS="1162" HPOS="399"/>
							<String ID="string_362" HPOS="416" VPOS="1160" WIDTH="61" HEIGHT="27" WC="0.92" CONTENT="sagdt"/><SP WIDTH="15" VPOS="1160" HPOS="477"/>
							<String ID="string_363" HPOS="492" VPOS="1162" WIDTH="26" HEIGHT="18" WC="0.93" CONTENT="än"/><SP WIDTH="17" VPOS="1162" HPOS="518"/>
							<String ID="string_364" HPOS="535" VPOS="1160" WIDTH="75" HEIGHT="27" WC="0.92" CONTENT="gjordt."/><SP WIDTH="30" VPOS="1160" HPOS="610"/>
							<String ID="string_365" HPOS="640" VPOS="1160" WIDTH="32" HEIGHT="20" WC="0.96" CONTENT="En"/><SP WIDTH="18" VPOS="1160" HPOS="672"/>
							<String ID="string_366" HPOS="690" VPOS="1160" WIDTH="56" HEIGHT="20" WC="0.95" CONTENT="hund"/><SP WIDTH="18" VPOS="1160" HPOS="746"/>
							<String ID="string_367" HPOS="764" VPOS="1160" WIDTH="38" HEIGHT="20" WC="0.96" CONTENT="kan"/><SP WIDTH="18" VPOS="1160" HPOS="802"/>
							<String ID="string_368" HPOS="820" VPOS="1159" WIDTH="88" HEIGHT="21" WC="0.96" CONTENT="sålunda"/>
						</TextLine>
						<TextLine ID="line_34" HPOS="83" VPOS="1187" WIDTH="826" HEIGHT="28">
							<String ID="string_369" HPOS="83" VPOS="1187" WIDTH="83" HEIGHT="27" WC="0.91" CONTENT="dagatal"/><SP WIDTH="23" VPOS="1187" HPOS="166"/>
							<String ID="string_370" HPOS="189" VPOS="1188" WIDTH="72" HEIGHT="25" WC="0.96" CONTENT="stryka"/><SP WIDTH="23" VPOS="1188" HPOS="261"/>
							<String ID="string_371" HPOS="284" VPOS="1188" WIDTH="98" HEIGHT="25" WC="0.96" CONTENT="omkring"/><SP WIDTH="23" VPOS="1188" HPOS="382"/>
							<String ID="string_372" HPOS="405" VPOS="1188" WIDTH="6" HEIGHT="20" WC="0.96" CONTENT="i"/><SP WIDTH="16" VPOS="1188" HPOS="411"/>
							<String ID="string_373" HPOS="427" VPOS="1189" WIDTH="44" HEIGHT="19" WC="0.96" CONTENT="min"/><SP WIDTH="17" VPOS="1189" HPOS="471"/>
							<String ID="string_374" HPOS="488" VPOS="1188" WIDTH="58" HEIGHT="27" WC="0.96" CONTENT="park,"/><SP WIDTH="16" VPOS="1188" HPOS="546"/>
							<String ID="string_375" HPOS="562" VPOS="1191" WIDTH="51" HEIGHT="18" WC="0.96" CONTENT="utan"/><SP WIDTH="16" VPOS="1191" HPOS="613"/>
							<String ID="string_376" HPOS="629" VPOS="1191" WIDTH="29" HEIGHT="18" WC="0.96" CONTENT="att"/><SP WIDTH="14" VPOS="1191" HPOS="658"/>
							<String ID="string_377" HPOS="672" VPOS="1188" WIDTH="35" HEIGHT="27" WC="0.96" CONTENT="jag"/><SP WIDTH="17" VPOS="1188" HPOS="707"/>
							<String ID="string_378" HPOS="724" VPOS="1188" WIDTH="39" HEIGHT="20" WC="0.96" CONTENT="kan"/><SP WIDTH="17" VPOS="1188" HPOS="763"/>
							<String ID="string_379" HPOS="780" VPOS="1190" WIDTH="50" HEIGHT="25" WC="0.96" CONTENT="göra"/><SP WIDTH="16" VPOS="1190" HPOS="830"/>
							<String ID="string_380" HPOS="846" VPOS="1188" WIDTH="63" HEIGHT="25" WC="0.96" CONTENT="något"/>
						</TextLine>
						<TextLine ID="line_35" HPOS="83" VPOS="1215" WIDTH="823" HEIGHT="28">
							<String ID="string_381" HPOS="83" VPOS="1215" WIDTH="63" HEIGHT="21" WC="0.90" CONTENT="därät."/><SP WIDTH="31" VPOS="1215" HPOS="146"/>
							<String ID="string_382" HPOS="177" VPOS="1215" WIDTH="76" HEIGHT="22" WC="0.96" CONTENT="Därför"/><SP WIDTH="22" VPOS="1215" HPOS="253"/>
							<String ID="string_383" HPOS="275" VPOS="1217" WIDTH="68" HEIGHT="20" WC="0.96" CONTENT="skulle"/><SP WIDTH="23" VPOS="1217" HPOS="343"/>
							<String ID="string_384" HPOS="366" VPOS="1217" WIDTH="35" HEIGHT="26" WC="0.96" CONTENT="jag"/><SP WIDTH="23" VPOS="1217" HPOS="401"/>
							<String ID="string_385" HPOS="424" VPOS="1217" WIDTH="50" HEIGHT="26" WC="0.93" CONTENT="vilja"/><SP WIDTH="23" VPOS="1217" HPOS="474"/>
							<String ID="string_386" HPOS="497" VPOS="1217" WIDTH="77" HEIGHT="20" WC="0.96" CONTENT="föreslå"/><SP WIDTH="23" VPOS="1217" HPOS="574"/>
							<String ID="string_387" HPOS="597" VPOS="1219" WIDTH="29" HEIGHT="18" WC="0.95" CONTENT="ett"/><SP WIDTH="15" VPOS="1219" HPOS="626"/>
							<String ID="string_388" HPOS="641" VPOS="1216" WIDTH="73" HEIGHT="27" WC="0.95" CONTENT="tillägg"/><SP WIDTH="15" VPOS="1216" HPOS="714"/>
							<String ID="string_389" HPOS="729" VPOS="1217" WIDTH="21" HEIGHT="20" WC="0.96" CONTENT="af"/><SP WIDTH="15" VPOS="1217" HPOS="750"/>
							<String ID="string_390" HPOS="765" VPOS="1216" WIDTH="35" HEIGHT="21" WC="0.96" CONTENT="det"/><SP WIDTH="15" VPOS="1216" HPOS="800"/>
							<String ID="string_391" HPOS="815" VPOS="1215" WIDTH="91" HEIGHT="21" WC="0.95" CONTENT="innehåll"/>
						</TextLine>
						<TextLine ID="line_36" HPOS="83" VPOS="1244" WIDTH="825" HEIGHT="25">
							<String ID="string_392" HPOS="83" VPOS="1247" WIDTH="30" HEIGHT="18" WC="0.95" CONTENT="att"/><SP WIDTH="15" VPOS="1247" HPOS="113"/>
							<String ID="string_393" HPOS="128" VPOS="1244" WIDTH="31" HEIGHT="21" WC="0.96" CONTENT="till"/><SP WIDTH="16" VPOS="1244" HPOS="159"/>
							<String ID="string_394" HPOS="175" VPOS="1245" WIDTH="59" HEIGHT="20" WC="0.96" CONTENT="böter"/><SP WIDTH="16" VPOS="1245" HPOS="234"/>
							<String ID="string_395" HPOS="250" VPOS="1251" WIDTH="48" HEIGHT="14" WC="0.96" CONTENT="vare"/><SP WIDTH="17" VPOS="1251" HPOS="298"/>
							<String ID="string_396" HPOS="315" VPOS="1245" WIDTH="40" HEIGHT="20" WC="0.96" CONTENT="den"/><SP WIDTH="16" VPOS="1245" HPOS="355"/>
							<String ID="string_397" HPOS="371" VPOS="1245" WIDTH="105" HEIGHT="24" WC="0.96" CONTENT="förfallen,"/><SP WIDTH="16" VPOS="1245" HPOS="476"/>
							<String ID="string_398" HPOS="492" VPOS="1252" WIDTH="44" HEIGHT="13" WC="0.96" CONTENT="som"/><SP WIDTH="18" VPOS="1252" HPOS="536"/>
							<String ID="string_399" HPOS="554" VPOS="1246" WIDTH="37" HEIGHT="19" WC="0.96" CONTENT="har"/><SP WIDTH="14" VPOS="1246" HPOS="591"/>
							<String ID="string_400" HPOS="605" VPOS="1245" WIDTH="33" HEIGHT="20" WC="0.96" CONTENT="för"/><SP WIDTH="14" VPOS="1245" HPOS="638"/>
							<String ID="string_401" HPOS="652" VPOS="1245" WIDTH="36" HEIGHT="20" WC="0.96" CONTENT="sed"/><SP WIDTH="17" VPOS="1245" HPOS="688"/>
							<String ID="string_402" HPOS="705" VPOS="1247" WIDTH="30" HEIGHT="18" WC="0.96" CONTENT="att"/><SP WIDTH="15" VPOS="1247" HPOS="735"/>
							<String ID="string_403" HPOS="750" VPOS="1245" WIDTH="40" HEIGHT="20" WC="0.96" CONTENT="låta"/><SP WIDTH="16" VPOS="1245" HPOS="790"/>
							<String ID="string_404" HPOS="806" VPOS="1245" WIDTH="31" HEIGHT="20" WC="0.96" CONTENT="sin"/><SP WIDTH="13" VPOS="1245" HPOS="837"/>
							<String ID="string_405" HPOS="850" VPOS="1244" WIDTH="58" HEIGHT="21" WC="0.96" CONTENT="hund"/>
						</TextLine>
						<TextLine ID="line_37" HPOS="84" VPOS="1273" WIDTH="824" HEIGHT="28">
							<String ID="string_406" HPOS="84" VPOS="1273" WIDTH="67" HEIGHT="20" WC="0.92" CONTENT="under"/><SP WIDTH="22" VPOS="1273" HPOS="151"/>
							<String ID="string_407" HPOS="173" VPOS="1273" WIDTH="197" HEIGHT="28" WC="0.91" CONTENT="fridlysningstiden"/><SP WIDTH="23" VPOS="1273" HPOS="370"/>
							<String ID="string_408" HPOS="393" VPOS="1274" WIDTH="73" HEIGHT="26" WC="0.96" CONTENT="stryka"/><SP WIDTH="23" VPOS="1274" HPOS="466"/>
							<String ID="string_409" HPOS="489" VPOS="1274" WIDTH="97" HEIGHT="26" WC="0.96" CONTENT="omkring"/><SP WIDTH="21" VPOS="1274" HPOS="586"/>
							<String ID="string_410" HPOS="607" VPOS="1273" WIDTH="26" HEIGHT="28" WC="0.96" CONTENT="pä"/><SP WIDTH="15" VPOS="1273" HPOS="633"/>
							<String ID="string_411" HPOS="648" VPOS="1274" WIDTH="32" HEIGHT="20" WC="0.96" CONTENT="sin"/><SP WIDTH="17" VPOS="1274" HPOS="680"/>
							<String ID="string_412" HPOS="697" VPOS="1280" WIDTH="53" HEIGHT="20" WC="0.96" CONTENT="egen"/><SP WIDTH="16" VPOS="1280" HPOS="750"/>
							<String ID="string_413" HPOS="766" VPOS="1273" WIDTH="51" HEIGHT="21" WC="0.96" CONTENT="eller"/><SP WIDTH="15" VPOS="1273" HPOS="817"/>
							<String ID="string_414" HPOS="832" VPOS="1273" WIDTH="76" HEIGHT="20" WC="0.96" CONTENT="andras"/>
						</TextLine>
						<TextLine ID="line_38" HPOS="82" VPOS="1301" WIDTH="274" HEIGHT="28">
							<String ID="string_415" HPOS="82" VPOS="1301" WIDTH="66" HEIGHT="27" WC="0.96" CONTENT="mark,"/><SP WIDTH="15" VPOS="1301" HPOS="148"/>
							<String ID="string_416" HPOS="163" VPOS="1302" WIDTH="53" HEIGHT="27" WC="0.96" CONTENT="skog"/><SP WIDTH="15" VPOS="1302" HPOS="216"/>
							<String ID="string_417" HPOS="231" VPOS="1302" WIDTH="52" HEIGHT="21" WC="0.93" CONTENT="eller"/><SP WIDTH="15" VPOS="1302" HPOS="283"/>
							<String ID="string_418" HPOS="298" VPOS="1303" WIDTH="58" HEIGHT="26" WC="0.92" CONTENT="hage."/>
						</TextLine>
					</TextBlock>
					<TextBlock ID="block_2" HPOS="82" VPOS="1330" WIDTH="827" HEIGHT="221">
						<TextLine ID="line_39" HPOS="153" VPOS="1330" WIDTH="755" HEIGHT="27">
							<String ID="string_419" HPOS="153" VPOS="1330" WIDTH="42" HEIGHT="27" WC="0.94" CONTENT="IS"/><SP WIDTH="24" VPOS="1330" HPOS="195"/>
							<String ID="string_420" HPOS="219" VPOS="1331" WIDTH="25" HEIGHT="20" WC="0.92" CONTENT="37"/><SP WIDTH="24" VPOS="1331" HPOS="244"/>
							<String ID="string_421" HPOS="268" VPOS="1331" WIDTH="84" HEIGHT="26" WC="0.91" CONTENT="stadgas"/><SP WIDTH="19" VPOS="1331" HPOS="352"/>
							<String ID="string_422" HPOS="371" VPOS="1333" WIDTH="30" HEIGHT="18" WC="0.93" CONTENT="att"/><SP WIDTH="17" VPOS="1333" HPOS="401"/>
							<String ID="string_423" HPOS="418" VPOS="1337" WIDTH="75" HEIGHT="20" WC="0.92" CONTENT="»egare"/><SP WIDTH="17" VPOS="1337" HPOS="493"/>
							<String ID="string_424" HPOS="510" VPOS="1331" WIDTH="52" HEIGHT="20" WC="0.93" CONTENT="eller"/><SP WIDTH="14" VPOS="1331" HPOS="562"/>
							<String ID="string_425" HPOS="576" VPOS="1331" WIDTH="233" HEIGHT="26" WC="0.92" CONTENT="jakträttsinnehafvare"/><SP WIDTH="16" VPOS="1331" HPOS="809"/>
							<String ID="string_426" HPOS="825" VPOS="1337" WIDTH="38" HEIGHT="20" WC="0.92" CONTENT="ege"/><SP WIDTH="16" VPOS="1337" HPOS="863"/>
							<String ID="string_427" HPOS="879" VPOS="1330" WIDTH="29" HEIGHT="20" WC="0.90" CONTENT="äf-"/>
						</TextLine>
						<TextLine ID="line_40" HPOS="83" VPOS="1359" WIDTH="825" HEIGHT="27">
							<String ID="string_428" HPOS="83" VPOS="1365" WIDTH="40" HEIGHT="14" WC="0.93" CONTENT="ven"/><SP WIDTH="24" VPOS="1365" HPOS="123"/>
							<String ID="string_429" HPOS="147" VPOS="1359" WIDTH="54" HEIGHT="20" WC="0.92" CONTENT="döda"/><SP WIDTH="22" VPOS="1359" HPOS="201"/>
							<String ID="string_430" HPOS="223" VPOS="1359" WIDTH="49" HEIGHT="22" WC="0.92" CONTENT="katt,"/><SP WIDTH="16" VPOS="1359" HPOS="272"/>
							<String ID="string_431" HPOS="288" VPOS="1366" WIDTH="44" HEIGHT="14" WC="0.93" CONTENT="som"/><SP WIDTH="17" VPOS="1366" HPOS="332"/>
							<String ID="string_432" HPOS="349" VPOS="1359" WIDTH="99" HEIGHT="21" WC="0.91" CONTENT="anträffas"/><SP WIDTH="16" VPOS="1359" HPOS="448"/>
							<String ID="string_433" HPOS="464" VPOS="1360" WIDTH="6" HEIGHT="19" WC="0.96" CONTENT="i"/><SP WIDTH="16" VPOS="1360" HPOS="470"/>
							<String ID="string_434" HPOS="486" VPOS="1360" WIDTH="53" HEIGHT="20" WC="0.96" CONTENT="hans"/><SP WIDTH="16" VPOS="1360" HPOS="539"/>
							<String ID="string_435" HPOS="555" VPOS="1359" WIDTH="51" HEIGHT="27" WC="0.96" CONTENT="park"/><SP WIDTH="16" VPOS="1359" HPOS="606"/>
							<String ID="string_436" HPOS="622" VPOS="1359" WIDTH="52" HEIGHT="21" WC="0.93" CONTENT="eller"/><SP WIDTH="15" VPOS="1359" HPOS="674"/>
							<String ID="string_437" HPOS="689" VPOS="1359" WIDTH="98" HEIGHT="26" WC="0.91" CONTENT="trädgärd"/><SP WIDTH="16" VPOS="1359" HPOS="787"/>
							<String ID="string_438" HPOS="803" VPOS="1359" WIDTH="51" HEIGHT="21" WC="0.92" CONTENT="eller"/><SP WIDTH="16" VPOS="1359" HPOS="854"/>
							<String ID="string_439" HPOS="870" VPOS="1359" WIDTH="38" HEIGHT="20" WC="0.88" CONTENT="ock"/>
						</TextLine>
						<TextLine ID="line_41" HPOS="84" VPOS="1387" WIDTH="824" HEIGHT="28">
							<String ID="string_440" HPOS="84" VPOS="1390" WIDTH="34" HEIGHT="17" WC="0.91" CONTENT="ute"/><SP WIDTH="23" VPOS="1390" HPOS="118"/>
							<String ID="string_441" HPOS="141" VPOS="1387" WIDTH="12" HEIGHT="21" WC="0.92" CONTENT="å"/><SP WIDTH="15" VPOS="1387" HPOS="153"/>
							<String ID="string_442" HPOS="168" VPOS="1387" WIDTH="38" HEIGHT="22" WC="0.96" CONTENT="fält"/><SP WIDTH="15" VPOS="1387" HPOS="206"/>
							<String ID="string_443" HPOS="221" VPOS="1388" WIDTH="26" HEIGHT="27" WC="0.96" CONTENT="pä"/><SP WIDTH="16" VPOS="1388" HPOS="247"/>
							<String ID="string_444" HPOS="263" VPOS="1388" WIDTH="52" HEIGHT="20" WC="0.93" CONTENT="hans"/><SP WIDTH="16" VPOS="1388" HPOS="315"/>
							<String ID="string_445" HPOS="331" VPOS="1395" WIDTH="50" HEIGHT="20" WC="0.93" CONTENT="egor"/><SP WIDTH="16" VPOS="1395" HPOS="381"/>
							<String ID="string_446" HPOS="397" VPOS="1388" WIDTH="51" HEIGHT="21" WC="0.88" CONTENT="eller"/><SP WIDTH="15" VPOS="1388" HPOS="448"/>
							<String ID="string_447" HPOS="463" VPOS="1388" WIDTH="131" HEIGHT="27" WC="0.96" CONTENT="jaktmarker"/><SP WIDTH="14" VPOS="1388" HPOS="594"/>
							<String ID="string_448" HPOS="608" VPOS="1388" WIDTH="26" HEIGHT="27" WC="0.96" CONTENT="pä"/><SP WIDTH="16" VPOS="1388" HPOS="634"/>
							<String ID="string_449" HPOS="650" VPOS="1388" WIDTH="64" HEIGHT="20" WC="0.96" CONTENT="minst"/><SP WIDTH="16" VPOS="1388" HPOS="714"/>
							<String ID="string_450" HPOS="730" VPOS="1388" WIDTH="40" HEIGHT="20" WC="0.96" CONTENT="200"/><SP WIDTH="16" VPOS="1388" HPOS="770"/>
							<String ID="string_451" HPOS="786" VPOS="1390" WIDTH="77" HEIGHT="18" WC="0.93" CONTENT="meters"/><SP WIDTH="16" VPOS="1390" HPOS="863"/>
							<String ID="string_452" HPOS="879" VPOS="1387" WIDTH="29" HEIGHT="20" WC="0.92" CONTENT="af-"/>
						</TextLine>
						<TextLine ID="line_42" HPOS="82" VPOS="1415" WIDTH="826" HEIGHT="28">
							<String ID="string_453" HPOS="82" VPOS="1415" WIDTH="61" HEIGHT="21" WC="0.96" CONTENT="stånd"/><SP WIDTH="24" VPOS="1415" HPOS="143"/>
							<String ID="string_454" HPOS="167" VPOS="1416" WIDTH="46" HEIGHT="20" WC="0.93" CONTENT="från"/><SP WIDTH="24" VPOS="1416" HPOS="213"/>
							<String ID="string_455" HPOS="237" VPOS="1417" WIDTH="184" HEIGHT="26" WC="0.81" CONTENT="byggnadstomt»."/><SP WIDTH="31" VPOS="1417" HPOS="421"/>
							<String ID="string_456" HPOS="452" VPOS="1416" WIDTH="41" HEIGHT="21" WC="0.96" CONTENT="Om"/><SP WIDTH="23" VPOS="1416" HPOS="493"/>
							<String ID="string_457" HPOS="516" VPOS="1417" WIDTH="36" HEIGHT="26" WC="0.91" CONTENT="jag"/><SP WIDTH="22" VPOS="1417" HPOS="552"/>
							<String ID="string_458" HPOS="574" VPOS="1417" WIDTH="89" HEIGHT="20" WC="0.96" CONTENT="sålunda"/><SP WIDTH="23" VPOS="1417" HPOS="663"/>
							<String ID="string_459" HPOS="686" VPOS="1417" WIDTH="68" HEIGHT="20" WC="0.93" CONTENT="skulle"/><SP WIDTH="26" VPOS="1417" HPOS="754"/>
							<String ID="string_460" HPOS="780" VPOS="1415" WIDTH="86" HEIGHT="22" WC="0.92" CONTENT="anträffa"/><SP WIDTH="15" VPOS="1415" HPOS="866"/>
							<String ID="string_461" HPOS="881" VPOS="1422" WIDTH="27" HEIGHT="14" WC="0.97" CONTENT="en"/>
						</TextLine>
						<TextLine ID="line_43" HPOS="83" VPOS="1444" WIDTH="826" HEIGHT="28">
							<String ID="string_462" HPOS="83" VPOS="1444" WIDTH="44" HEIGHT="21" WC="0.91" CONTENT="katt"/><SP WIDTH="22" VPOS="1444" HPOS="127"/>
							<String ID="string_463" HPOS="149" VPOS="1445" WIDTH="6" HEIGHT="20" WC="0.96" CONTENT="i"/><SP WIDTH="21" VPOS="1445" HPOS="155"/>
							<String ID="string_464" HPOS="176" VPOS="1445" WIDTH="43" HEIGHT="20" WC="0.93" CONTENT="min"/><SP WIDTH="24" VPOS="1445" HPOS="219"/>
							<String ID="string_465" HPOS="243" VPOS="1445" WIDTH="104" HEIGHT="26" WC="0.92" CONTENT="trädgärd,"/><SP WIDTH="24" VPOS="1445" HPOS="347"/>
							<String ID="string_466" HPOS="371" VPOS="1445" WIDTH="68" HEIGHT="20" WC="0.96" CONTENT="skulle"/><SP WIDTH="21" VPOS="1445" HPOS="439"/>
							<String ID="string_467" HPOS="460" VPOS="1446" WIDTH="36" HEIGHT="26" WC="0.93" CONTENT="jag"/><SP WIDTH="23" VPOS="1446" HPOS="496"/>
							<String ID="string_468" HPOS="519" VPOS="1445" WIDTH="79" HEIGHT="21" WC="0.91" CONTENT="saklöst"/><SP WIDTH="18" VPOS="1445" HPOS="598"/>
							<String ID="string_469" HPOS="616" VPOS="1445" WIDTH="20" HEIGHT="20" WC="0.92" CONTENT="fä"/><SP WIDTH="16" VPOS="1445" HPOS="636"/>
							<String ID="string_470" HPOS="652" VPOS="1445" WIDTH="54" HEIGHT="20" WC="0.93" CONTENT="döda"/><SP WIDTH="16" VPOS="1445" HPOS="706"/>
							<String ID="string_471" HPOS="722" VPOS="1445" WIDTH="46" HEIGHT="21" WC="0.96" CONTENT="den,"/><SP WIDTH="17" VPOS="1445" HPOS="768"/>
							<String ID="string_472" HPOS="785" VPOS="1451" WIDTH="47" HEIGHT="14" WC="0.93" CONTENT="men"/><SP WIDTH="16" VPOS="1451" HPOS="832"/>
							<String ID="string_473" HPOS="848" VPOS="1444" WIDTH="61" HEIGHT="20" WC="0.92" CONTENT="räkar"/>
						</TextLine>
						<TextLine ID="line_44" HPOS="82" VPOS="1472" WIDTH="826" HEIGHT="28">
							<String ID="string_474" HPOS="82" VPOS="1472" WIDTH="41" HEIGHT="21" WC="0.90" CONTENT="den"/><SP WIDTH="23" VPOS="1472" HPOS="123"/>
							<String ID="string_475" HPOS="146" VPOS="1473" WIDTH="42" HEIGHT="20" WC="0.90" CONTENT="kila"/><SP WIDTH="15" VPOS="1473" HPOS="188"/>
							<String ID="string_476" HPOS="203" VPOS="1476" WIDTH="24" HEIGHT="18" WC="0.96" CONTENT="ut"/><SP WIDTH="16" VPOS="1476" HPOS="227"/>
							<String ID="string_477" HPOS="243" VPOS="1473" WIDTH="26" HEIGHT="26" WC="0.93" CONTENT="pä"/><SP WIDTH="14" VPOS="1473" HPOS="269"/>
							<String ID="string_478" HPOS="283" VPOS="1474" WIDTH="95" HEIGHT="26" WC="0.91" CONTENT="marken,"/><SP WIDTH="15" VPOS="1474" HPOS="378"/>
							<String ID="string_479" HPOS="393" VPOS="1473" WIDTH="67" HEIGHT="21" WC="0.89" CONTENT="mäste"/><SP WIDTH="16" VPOS="1473" HPOS="460"/>
							<String ID="string_480" HPOS="476" VPOS="1474" WIDTH="36" HEIGHT="26" WC="0.96" CONTENT="jag"/><SP WIDTH="14" VPOS="1474" HPOS="512"/>
							<String ID="string_481" HPOS="526" VPOS="1476" WIDTH="62" HEIGHT="18" WC="0.97" CONTENT="vänta"/><SP WIDTH="16" VPOS="1476" HPOS="588"/>
							<String ID="string_482" HPOS="604" VPOS="1473" WIDTH="42" HEIGHT="21" WC="0.96" CONTENT="tills"/><SP WIDTH="16" VPOS="1473" HPOS="646"/>
							<String ID="string_483" HPOS="662" VPOS="1474" WIDTH="40" HEIGHT="20" WC="0.96" CONTENT="den"/><SP WIDTH="17" VPOS="1474" HPOS="702"/>
							<String ID="string_484" HPOS="719" VPOS="1474" WIDTH="75" HEIGHT="20" WC="0.96" CONTENT="hunnit"/><SP WIDTH="15" VPOS="1474" HPOS="794"/>
							<String ID="string_485" HPOS="809" VPOS="1472" WIDTH="40" HEIGHT="21" WC="0.93" CONTENT="200"/><SP WIDTH="16" VPOS="1472" HPOS="849"/>
							<String ID="string_486" HPOS="865" VPOS="1479" WIDTH="43" HEIGHT="13" WC="0.93" CONTENT="me-"/>
						</TextLine>
						<TextLine ID="line_45" HPOS="82" VPOS="1501" WIDTH="827" HEIGHT="27">
							<String ID="string_487" HPOS="82" VPOS="1504" WIDTH="32" HEIGHT="17" WC="0.93" CONTENT="ter"/><SP WIDTH="15" VPOS="1504" HPOS="114"/>
							<String ID="string_488" HPOS="129" VPOS="1502" WIDTH="45" HEIGHT="19" WC="0.93" CONTENT="frän"/><SP WIDTH="17" VPOS="1502" HPOS="174"/>
							<String ID="string_489" HPOS="191" VPOS="1502" WIDTH="153" HEIGHT="25" WC="0.93" CONTENT="boningshuset"/><SP WIDTH="15" VPOS="1502" HPOS="344"/>
							<String ID="string_490" HPOS="359" VPOS="1502" WIDTH="64" HEIGHT="20" WC="0.92" CONTENT="innan"/><SP WIDTH="16" VPOS="1502" HPOS="423"/>
							<String ID="string_491" HPOS="439" VPOS="1502" WIDTH="36" HEIGHT="26" WC="0.93" CONTENT="jag"/><SP WIDTH="16" VPOS="1502" HPOS="475"/>
							<String ID="string_492" HPOS="491" VPOS="1502" WIDTH="32" HEIGHT="20" WC="0.92" CONTENT="fär"/><SP WIDTH="15" VPOS="1502" HPOS="523"/>
							<String ID="string_493" HPOS="538" VPOS="1502" WIDTH="75" HEIGHT="26" WC="0.92" CONTENT="skjuta."/><SP WIDTH="25" VPOS="1502" HPOS="613"/>
							<String ID="string_494" HPOS="638" VPOS="1501" WIDTH="63" HEIGHT="21" WC="0.93" CONTENT="Detta"/><SP WIDTH="17" VPOS="1501" HPOS="701"/>
							<String ID="string_495" HPOS="718" VPOS="1502" WIDTH="72" HEIGHT="26" WC="0.93" CONTENT="tillägg"/><SP WIDTH="11" VPOS="1502" HPOS="790"/>
							<String ID="string_496" HPOS="801" VPOS="1508" WIDTH="33" HEIGHT="13" WC="0.96" CONTENT="om"/><SP WIDTH="12" VPOS="1508" HPOS="834"/>
							<String ID="string_497" HPOS="846" VPOS="1501" WIDTH="63" HEIGHT="20" WC="0.96" CONTENT="minst"/>
						</TextLine>
						<TextLine ID="line_46" HPOS="82" VPOS="1530" WIDTH="520" HEIGHT="21">
							<String ID="string_498" HPOS="82" VPOS="1530" WIDTH="41" HEIGHT="20" WC="0.96" CONTENT="200"/><SP WIDTH="16" VPOS="1530" HPOS="123"/>
							<String ID="string_499" HPOS="139" VPOS="1532" WIDTH="78" HEIGHT="19" WC="0.93" CONTENT="meters"/><SP WIDTH="15" VPOS="1532" HPOS="217"/>
							<String ID="string_500" HPOS="232" VPOS="1530" WIDTH="82" HEIGHT="21" WC="0.92" CONTENT="afständ"/><SP WIDTH="17" VPOS="1530" HPOS="314"/>
							<String ID="string_501" HPOS="331" VPOS="1530" WIDTH="65" HEIGHT="21" WC="0.96" CONTENT="borde"/><SP WIDTH="17" VPOS="1530" HPOS="396"/>
							<String ID="string_502" HPOS="413" VPOS="1530" WIDTH="71" HEIGHT="21" WC="0.93" CONTENT="därför"/><SP WIDTH="15" VPOS="1530" HPOS="484"/>
							<String ID="string_503" HPOS="499" VPOS="1530" WIDTH="103" HEIGHT="21" WC="0.89" CONTENT="bortfalla."/>
						</TextLine>
					</TextBlock>
				</ComposedBlock>
				<GraphicalElement ID="cblock_3" HPOS="327" VPOS="875" WIDTH="5" HEIGHT="361"></GraphicalElement >
				<GraphicalElement ID="cblock_4" HPOS="869" VPOS="903" WIDTH="6" HEIGHT="332"></GraphicalElement >
			</PrintSpace>
		</Page>
	</Layout>
</alto>
