1103 1811
83 139 23 17 12
119 139 50 17 febr.
412 133 169 32 Kyrkoarkiven.
871 134 39 20 177

82 209 74 25 egnats
177 214 26 14 en
222 208 137 26 synnerligen
375 208 133 26 omsorgsfull
525 208 51 20 vård
593 208 39 21 och
648 208 70 27 någon
734 208 88 20 särskild
838 208 73 20 anled-

82 236 53 26 ning
157 238 30 18 att
209 236 72 21 befara
302 236 162 26 äfventyrandet
486 236 22 21 af
529 236 61 22 deras
610 236 89 21 bestånd
715 236 47 21 icke
777 236 134 21 förefinnes>.

82 264 144 28 Domkapitlet
249 264 104 22 betonade
376 264 68 22 tillika
466 267 29 19 att
520 265 62 21 dessa
597 265 59 21 arkiv
671 267 36 19 äro
724 265 187 27 församlingarnas

83 293 110 26 egendom.
224 293 39 20 Om
279 294 58 20 detta
355 293 108 20 utlåtande
479 294 100 20 förenade
594 294 33 26 sig
644 294 19 19 »i
679 294 54 20 allo>
751 294 139 27 domkapitlet
904 294 8 19 i

82 321 75 27 Borgå.
189 321 145 27 Domkapitlet
354 322 8 20 i
382 321 84 28 Kuopio
489 322 95 21 däremot
605 322 94 21 uttalade
720 322 32 27 sig
780 321 78 22 därhän
881 323 30 20 att

83 349 26 21 de
125 350 57 21 äldre
198 350 156 26 kyrkoarkiven
372 350 136 21 tvifvelsutan
524 350 79 21 erhölle
619 350 67 21 bättre
703 351 39 20 och
758 350 84 22 säkrare
858 350 52 21 vård

82 379 7 20 i
104 379 132 20 statsarkivet
252 380 26 19 än
295 379 11 20 å
322 379 61 20 deras
398 379 123 20 nuvarande
536 379 203 27 förvaringsplatser,
755 385 48 14 men
817 379 50 21 ville
878 379 32 20 så-

82 413 45 14 som
142 407 69 21 vilkor
225 407 33 21 för
273 407 186 27 öfverflyttningen
475 407 21 21 af
510 407 161 28 ifrågavarande
683 407 59 21 arkiv
753 407 105 27 uppställa
869 407 41 20 den

82 435 85 22 fordran
189 438 30 19 att
240 435 106 22 afskrifter
366 436 21 20 af
408 435 107 22 desamma
530 436 70 21 skulle
615 436 48 20 från
677 436 135 21 statsarkivet
828 436 83 20 lämnas

82 465 31 20 till
129 471 52 21 resp.
197 464 152 27 församlingar.
380 464 102 21 Senatens
497 465 117 20 resolution
630 465 21 20 af
666 464 41 21 den
723 465 27 20 22
762 465 84 26 januari
856 464 54 21 1890

82 493 94 26 grundar
197 493 31 27 sig
251 493 26 27 pä
300 493 26 20 de
342 495 77 19 tvänne
435 493 65 21 första
516 493 137 21 utlätandena
668 493 39 20 och
723 493 89 20 innebar
827 493 6 20 i
850 494 61 19 ären-

83 521 35 20 det
140 523 30 19 att
192 523 87 19 senaten
303 521 45 21 »för
369 521 143 22 närvarande»
530 522 18 27 ej
565 521 72 21 funnit
652 521 45 21 skäl
714 521 72 21 bifalla
802 521 31 21 till
848 523 63 19 stats-

83 549 129 22 arkivariens
234 550 83 27 förslag.
355 549 76 22 Denna
460 550 156 27 omständighet
639 551 38 20 och
700 550 57 21 detta
781 550 129 21 hänvisande

82 578 64 27 därpä
161 580 30 19 att
206 579 155 26 kyrkoarkiven
377 579 46 20 icke
439 581 35 18 äro
490 581 79 18 statens
582 581 51 18 utan
650 579 186 27 församlingarnas
846 585 65 20 egen-

83 606 48 21 dom
154 608 23 19 är
198 607 66 27 enligt
285 608 48 20 mitt
355 607 62 26 tycke
437 609 29 19 ett
481 608 65 20 motiv
562 607 32 21 till
609 607 33 21 för
657 607 113 21 ständerna
786 609 30 19 att
830 606 81 22 skänka

84 635 69 21 denna
168 635 33 21 för
217 635 37 21 vär
265 636 112 20 inhemska
391 636 174 27 häfdeforskning
582 636 78 26 viktiga
677 636 59 27 fräga
751 636 160 27 uppmärksam-

84 664 35 20 het
134 667 55 17 samt
204 664 115 21 medvärka
334 664 32 21 till
382 664 47 21 dess
445 664 92 27 lyckliga
552 664 90 27 lösning.

149 692 33 21 Dä
203 692 74 28 frägan
293 694 24 20 är
331 693 50 27 före,
397 692 95 22 anhäller
505 693 41 27 jag,
562 693 65 20 innan
643 693 129 25 densamma,
787 692 70 21 säsom
872 692 37 27 jag

81 721 85 27 hoppas,
181 722 118 20 remitteras
315 721 31 21 till
362 722 89 20 utskotts
466 721 136 27 behandling,
618 723 30 19 att
662 721 21 21 fä
698 721 116 27 framlägga
826 723 30 19 ett
868 721 41 20 för-

81 750 51 26 slag,
153 749 113 21 afvikande
286 749 47 21 frän
353 750 40 27 det,
409 750 58 20 hvari
483 750 25 20 hr
524 750 112 26 Kyanders
651 750 178 27 petitionsförslag
846 755 65 20 synes

82 780 110 24 utmynna.
221 778 42 21 Det
278 785 64 20 synes
357 779 44 26 mig
416 785 49 14 vara
480 778 26 27 pä
522 778 59 21 tiden
596 780 30 19 att
641 785 49 14 man
706 778 64 21 ocksä
785 778 7 20 i
803 778 46 20 värt
860 778 51 20 land

82 806 91 27 begynte
189 807 71 20 skrida
275 807 32 20 till
323 807 148 27 upprättandet
487 807 21 20 af
523 807 175 27 provinsialarkiv
714 806 52 21 eller
781 807 7 20 i
804 806 56 21 detta
874 805 37 21 fall

81 835 80 20 kanske
182 841 85 15 snarare
288 835 121 21 stiftsarkiv.
439 835 32 21 En
488 835 62 21 altför
566 837 71 25 sträng
653 835 159 26 centralisering
827 835 21 20 af
866 834 45 21 lan-

83 863 44 21 dets
149 863 212 28 urkundssamlingar
382 866 23 19 är
425 864 47 21 icke
490 864 6 20 i
512 864 42 20 alla
570 863 114 22 afseenden
701 870 95 21 gynsam.
827 863 27 20 Vi
870 869 40 21 ega

83 892 46 20 icke
145 892 53 20 blott
213 894 29 18 att
258 893 75 20 beakta
348 893 98 20 intresset
461 893 22 19 af
498 893 61 20 dessa
574 892 126 27 samlingars
716 891 149 27 omsorgsfulla
876 891 35 21 be-

84 920 97 27 varande,
197 923 51 18 utan
264 921 64 20 också
343 921 54 21 tillse
413 922 30 20 att
458 920 26 21 de
501 920 65 22 blifva
580 920 164 28 tillsodogjorda
758 920 33 20 för
806 920 105 20 forsknin-

84 955 46 20 gen.
161 948 44 21 Och
226 949 6 20 i
255 949 57 21 detta
330 949 100 21 afseende
452 949 90 21 innebär
563 949 112 27 onekligen
695 955 27 15 en
737 948 127 27 indragning
879 948 33 20 till

83 977 134 21 statsarkivet
241 978 21 20 af
289 978 98 26 samtliga
408 978 217 26 urkundssamlingar,
647 978 62 20 äfven
731 977 25 21 de
778 977 22 21 sä
816 979 31 19 att
862 978 50 26 säga

83 1005 174 28 lokalhistoriska,
281 1013 26 14 en
326 1006 122 28 minskning
464 1006 20 20 af
500 1006 36 21 det
551 1006 114 27 arbetsfält,
681 1006 26 27 pä
723 1006 79 20 hvilket
818 1005 94 21 forskare

84 1034 7 20 i
107 1034 45 21 värt
167 1034 61 21 lands
238 1034 79 28 häfder,
328 1035 99 21 särskildt
437 1035 48 21 dess
495 1034 168 28 kulturhistoria,
673 1034 74 21 kunna
756 1036 47 18 röra
814 1034 38 26 sig.
876 1033 35 21 Sä-

83 1062 54 21 dana
158 1063 69 27 gamla
249 1064 112 20 historiska
375 1066 56 18 orter
444 1070 45 14 som
503 1066 13 18 t.
528 1070 33 14 ex.
572 1063 54 27 Abo,
640 1063 79 27 Viborg
734 1063 39 20 och
788 1062 55 21 Vasa
855 1068 57 20 vore,

83 1097 64 20 synes
162 1092 35 20 det
213 1092 48 27 mig,
277 1092 134 27 välförtjänta
427 1092 39 20 och
477 1092 81 27 egnade
574 1094 30 18 att
620 1093 107 25 emottaga
744 1091 168 27 centraldepöter

83 1120 32 20 för
125 1120 78 21 sädana
215 1120 132 28 handlingar,
358 1121 71 20 hvilka
439 1121 7 19 i
456 1120 87 21 främsta
554 1122 92 19 rummet
658 1126 38 21 ega
707 1120 107 20 historiskt
822 1120 89 20 intresse

83 1148 32 20 för
138 1148 25 21 de
185 1149 126 25 landsdelar,
327 1150 6 19 i
349 1149 62 21 hvars
428 1149 139 21 hufvudorter
585 1148 26 21 de
627 1148 21 21 af
663 1148 101 28 gammalt
780 1148 58 20 varit.
870 1147 42 21 Det

82 1176 41 21 kan
139 1177 109 21 dessutom
263 1178 6 20 i
285 1178 64 27 ingen
365 1178 100 20 händelse
481 1184 51 14 vara
546 1177 68 27 länge,
630 1177 65 21 innan
709 1183 49 15 man
772 1176 20 21 af
803 1176 108 27 praktiska

82 1205 45 20 skäl
143 1206 82 26 tvingas
241 1206 31 21 till
288 1212 26 15 en
331 1206 184 21 decentralisation
530 1206 22 20 af
567 1206 46 20 vårt
626 1205 160 20 arkivväsende.
807 1204 31 26 Ty
850 1206 62 19 stats-

82 1233 81 22 arkivet
185 1234 44 21 kan
250 1235 46 20 icke
315 1235 7 20 i
338 1235 90 26 längden
444 1235 107 26 inrymma
566 1234 42 21 alla
624 1234 26 20 de
665 1240 81 14 massor
761 1233 21 21 af
798 1233 58 20 akter
873 1233 39 20 och

82 1262 114 27 urkunder,
219 1269 45 14 som
287 1263 31 20 dit
339 1263 130 26 inströmma,
491 1263 99 20 särskildt
611 1262 70 21 därest
700 1262 42 21 alla
757 1263 78 19 smärre
851 1261 60 20 arkiv

83 1291 58 21 skola
168 1291 32 21 till
221 1291 118 21 detsamma
360 1291 104 27 indragas.
501 1291 11 21 I
533 1291 81 26 antydd
636 1289 204 22 decentraliserande
862 1289 50 21 rikt-

82 1319 52 28 ning
149 1320 38 20 har
202 1327 49 14 man
267 1320 88 21 allmänt
367 1320 44 27 gått
423 1321 6 19 i
442 1319 103 26 utlandet;
562 1319 23 21 sä
602 1319 2 20 i
616 1319 114 27 Danmark,
746 1319 76 26 Norge,
835 1318 76 21 Preus-

82 1354 43 21 sen,
148 1348 122 27 Frankrike,
293 1349 86 26 Bayern
400 1355 26 14 m.
442 1348 20 21 fl.
478 1348 80 21 länder.
588 1348 11 21 I
621 1354 80 14 samma
722 1348 93 26 riktning
830 1347 82 20 arbetas

82 1376 35 21 det
131 1377 33 20 för
179 1377 132 21 närvarande
323 1377 63 21 äfven
399 1377 7 20 i
419 1377 85 27 Sverge,
520 1377 38 20 där
571 1377 98 20 särskildt
685 1376 135 21 riksarkivets
836 1375 76 20 nitiska

81 1405 40 21 och
141 1405 128 22 insiktsfulle
292 1406 53 25 chef,
369 1405 91 27 Odhner,
481 1405 63 27 länge
566 1405 54 20 varit
635 1405 96 20 värksam
747 1405 33 20 för
794 1403 118 22 ästadkom-

81 1434 86 21 mandet
194 1435 21 20 af
239 1435 154 20 »landsarkivo.
427 1434 111 21 Erkännes
561 1440 27 15 en
614 1433 56 27 gång
696 1435 74 24 nyttan
796 1433 39 20 och
861 1431 51 21 nöd-

81 1463 141 26 vändigheten
239 1464 22 19 af
274 1463 95 26 antydda
384 1463 123 26 utveckling
522 1463 22 19 af
559 1462 46 20 värt
620 1461 159 27 arkivväsende,
795 1463 23 18 är
833 1460 35 20 det
884 1460 29 20 alt

81 1490 45 21 skäl
147 1493 30 18 att
195 1498 50 13 man
260 1491 65 21 redan
341 1498 29 13 nu
386 1493 59 24 tager
460 1491 37 20 det
512 1490 65 21 första
592 1492 68 25 steget
677 1490 76 20 därtill.
783 1489 55 21 Våra
854 1488 57 21 äldre

81 1519 134 28 kyrkoarkiv,
230 1526 47 14 som
292 1519 52 21 böra
359 1520 40 20 och
414 1519 48 21 fullt
476 1519 92 27 förtjäna
580 1520 30 19 att
621 1518 75 21 räddas
707 1518 72 21 undan
794 1517 119 26 förstöring,

822 1557 22 17 12
