<?xml version="1.0" encoding="UTF-8"?>
<alto xmlns="http://www.loc.gov/standards/alto/ns-v3#" xmlns:xlink="http://www.w3.org/1999/xlink" xmlns:xsi="http://www.w3.org/2001/XMLSchema-instance" xsi:schemaLocation="http://www.loc.gov/standards/alto/ns-v3# http://www.loc.gov/alto/v3/alto-3-0.xsd">
	<Description>
		<MeasurementUnit>pixel</MeasurementUnit>
		<sourceImageInformation>
			<fileName>/tmp/tess_xl5gyacu_input.PNG</fileName>
		</sourceImageInformation>
		<OCRProcessing ID="OCR_0">
			<ocrProcessingStep>
				<processingSoftware>
					<softwareName>tesseract 5.3.4</softwareName>
				</processingSoftware>
			</ocrProcessingStep>
		</OCRProcessing>
	</Description>
	<Layout>
		<Page WIDTH="1103" HEIGHT="1811" PHYSICAL_IMG_NR="0" ID="page_0">
			<PrintSpace HPOS="0" VPOS="0" WIDTH="1103" HEIGHT="1811">
				<ComposedBlock ID="cblock_0" HPOS="94" VPOS="143" WIDTH="832" HEIGHT="27">
					<TextBlock ID="block_0" HPOS="94" VPOS="143" WIDTH="832" HEIGHT="27">
						<TextLine ID="line_0" HPOS="94" VPOS="143" WIDTH="832" HEIGHT="27">
							<String ID="string_0" HPOS="94" VPOS="148" WIDTH="13" HEIGHT="17" WC="0.87" CONTENT="5"/><SP WIDTH="12" VPOS="148" HPOS="107"/>
							<String ID="string_1" HPOS="119" VPOS="152" WIDTH="62" HEIGHT="12" WC="0.96" CONTENT="mars."/><SP WIDTH="194" VPOS="152" HPOS="181"/>
							<String ID="string_2" HPOS="375" VPOS="148" WIDTH="96" HEIGHT="20" WC="0.91" CONTENT="Kyrkors"/><SP WIDTH="12" VPOS="148" HPOS="471"/>
							<String ID="string_3" HPOS="483" VPOS="149" WIDTH="161" HEIGHT="21" WC="0.91" CONTENT="uppvärmande."/><SP WIDTH="239" VPOS="149" HPOS="644"/>
							<String ID="string_4" HPOS="883" VPOS="143" WIDTH="43" HEIGHT="21" WC="0.96" CONTENT="357"/>
						</TextLine>
					</TextBlock>
				</ComposedBlock>
				<GraphicalElement ID="cblock_1" HPOS="95" VPOS="176" WIDTH="831" HEIGHT="6"></GraphicalElement >
				<ComposedBlock ID="cblock_2" HPOS="95" VPOS="216" WIDTH="833" HEIGHT="143">
					<TextBlock ID="block_1" HPOS="95" VPOS="216" WIDTH="833" HEIGHT="143">
						<TextLine ID="line_1" HPOS="95" VPOS="216" WIDTH="833" HEIGHT="28">
							<String ID="string_5" HPOS="95" VPOS="216" WIDTH="67" HEIGHT="22" WC="0.96" CONTENT="finska"/><SP WIDTH="16" VPOS="216" HPOS="162"/>
							<String ID="string_6" HPOS="178" VPOS="216" WIDTH="39" HEIGHT="21" WC="0.96" CONTENT="och"/><SP WIDTH="15" VPOS="216" HPOS="217"/>
							<String ID="string_7" HPOS="232" VPOS="217" WIDTH="90" HEIGHT="21" WC="0.96" CONTENT="svenska"/><SP WIDTH="15" VPOS="217" HPOS="322"/>
							<String ID="string_8" HPOS="337" VPOS="217" WIDTH="141" HEIGHT="21" WC="0.95" CONTENT="redaktionen"/><SP WIDTH="16" VPOS="217" HPOS="478"/>
							<String ID="string_9" HPOS="494" VPOS="223" WIDTH="50" HEIGHT="15" WC="0.96" CONTENT="voro"/><SP WIDTH="17" VPOS="223" HPOS="544"/>
							<String ID="string_10" HPOS="561" VPOS="217" WIDTH="61" HEIGHT="21" WC="0.94" CONTENT="olika."/><SP WIDTH="23" VPOS="217" HPOS="622"/>
							<String ID="string_11" HPOS="645" VPOS="216" WIDTH="34" HEIGHT="22" WC="0.95" CONTENT="Då"/><SP WIDTH="16" VPOS="216" HPOS="679"/>
							<String ID="string_12" HPOS="695" VPOS="217" WIDTH="106" HEIGHT="27" WC="0.93" CONTENT="nämligen"/><SP WIDTH="15" VPOS="217" HPOS="801"/>
							<String ID="string_13" HPOS="816" VPOS="217" WIDTH="112" HEIGHT="27" WC="0.92" CONTENT="petitions-"/>
						</TextLine>
						<TextLine ID="line_2" HPOS="95" VPOS="245" WIDTH="830" HEIGHT="27">
							<String ID="string_14" HPOS="95" VPOS="245" WIDTH="112" HEIGHT="21" WC="0.96" CONTENT="utskottets"/><SP WIDTH="15" VPOS="245" HPOS="207"/>
							<String ID="string_15" HPOS="222" VPOS="245" WIDTH="133" HEIGHT="21" WC="0.96" CONTENT="betänkande"/><SP WIDTH="16" VPOS="245" HPOS="355"/>
							<String ID="string_16" HPOS="371" VPOS="246" WIDTH="72" HEIGHT="20" WC="0.95" CONTENT="inkom"/><SP WIDTH="16" VPOS="246" HPOS="443"/>
							<String ID="string_17" HPOS="459" VPOS="246" WIDTH="33" HEIGHT="20" WC="0.93" CONTENT="till"/><SP WIDTH="15" VPOS="246" HPOS="492"/>
							<String ID="string_18" HPOS="507" VPOS="246" WIDTH="147" HEIGHT="26" WC="0.90" CONTENT="kyrkomötets"/><SP WIDTH="11" VPOS="246" HPOS="654"/>
							<String ID="string_19" HPOS="665" VPOS="246" WIDTH="93" HEIGHT="26" WC="0.95" CONTENT="plenum,"/><SP WIDTH="11" VPOS="246" HPOS="758"/>
							<String ID="string_20" HPOS="769" VPOS="246" WIDTH="53" HEIGHT="21" WC="0.96" CONTENT="hade"/><SP WIDTH="12" VPOS="246" HPOS="822"/>
							<String ID="string_21" HPOS="834" VPOS="246" WIDTH="91" HEIGHT="20" WC="0.96" CONTENT="endast"/><SP WIDTH="-11" VPOS="246" HPOS="925"/>
							<String ID="string_22" HPOS="914" VPOS="241" WIDTH="14" HEIGHT="36" WC="0.96" CONTENT="i"/>
						</TextLine>
						<TextLine ID="line_3" HPOS="95" VPOS="274" WIDTH="831" HEIGHT="28">
							<String ID="string_23" HPOS="95" VPOS="274" WIDTH="91" HEIGHT="21" WC="0.96" CONTENT="svenska"/><SP WIDTH="15" VPOS="274" HPOS="186"/>
							<String ID="string_24" HPOS="201" VPOS="276" WIDTH="73" HEIGHT="19" WC="0.96" CONTENT="texten"/><SP WIDTH="16" VPOS="276" HPOS="274"/>
							<String ID="string_25" HPOS="290" VPOS="274" WIDTH="65" HEIGHT="21" WC="0.93" CONTENT="orden"/><SP WIDTH="18" VPOS="274" HPOS="355"/>
							<String ID="string_26" HPOS="373" VPOS="280" WIDTH="91" HEIGHT="21" WC="0.91" CONTENT="»genom"/><SP WIDTH="15" VPOS="280" HPOS="464"/>
							<String ID="string_27" HPOS="479" VPOS="274" WIDTH="47" HEIGHT="28" WC="0.96" CONTENT="lag»"/><SP WIDTH="18" VPOS="274" HPOS="526"/>
							<String ID="string_28" HPOS="544" VPOS="274" WIDTH="70" HEIGHT="21" WC="0.96" CONTENT="blifvit"/><SP WIDTH="15" VPOS="274" HPOS="614"/>
							<String ID="string_29" HPOS="629" VPOS="274" WIDTH="93" HEIGHT="27" WC="0.96" CONTENT="tillagda."/><SP WIDTH="29" VPOS="274" HPOS="722"/>
							<String ID="string_30" HPOS="751" VPOS="274" WIDTH="68" HEIGHT="21" WC="0.91" CONTENT="Dessa"/><SP WIDTH="17" VPOS="274" HPOS="819"/>
							<String ID="string_31" HPOS="836" VPOS="274" WIDTH="38" HEIGHT="21" WC="0.93" CONTENT="ord"/><SP WIDTH="16" VPOS="274" HPOS="874"/>
							<String ID="string_32" HPOS="890" VPOS="274" WIDTH="36" HEIGHT="21" WC="0.92" CONTENT="be-"/>
						</TextLine>
						<TextLine ID="line_4" HPOS="95" VPOS="302" WIDTH="830" HEIGHT="28">
							<String ID="string_33" HPOS="95" VPOS="302" WIDTH="87" HEIGHT="21" WC="0.90" CONTENT="aktades"/><SP WIDTH="21" VPOS="302" HPOS="182"/>
							<String ID="string_34" HPOS="203" VPOS="302" WIDTH="122" HEIGHT="27" WC="0.96" CONTENT="visserligen"/><SP WIDTH="16" VPOS="302" HPOS="325"/>
							<String ID="string_35" HPOS="341" VPOS="303" WIDTH="66" HEIGHT="20" WC="0.96" CONTENT="sedan"/><SP WIDTH="16" VPOS="303" HPOS="407"/>
							<String ID="string_36" HPOS="423" VPOS="303" WIDTH="68" HEIGHT="20" WC="0.96" CONTENT="under"/><SP WIDTH="15" VPOS="303" HPOS="491"/>
							<String ID="string_37" HPOS="506" VPOS="303" WIDTH="156" HEIGHT="26" WC="0.96" CONTENT="diskussionen,"/><SP WIDTH="16" VPOS="303" HPOS="662"/>
							<String ID="string_38" HPOS="678" VPOS="309" WIDTH="50" HEIGHT="14" WC="0.96" CONTENT="men"/><SP WIDTH="16" VPOS="309" HPOS="728"/>
							<String ID="string_39" HPOS="744" VPOS="303" WIDTH="70" HEIGHT="20" WC="0.96" CONTENT="blefvo"/><SP WIDTH="16" VPOS="303" HPOS="814"/>
							<String ID="string_40" HPOS="830" VPOS="303" WIDTH="95" HEIGHT="27" WC="0.96" CONTENT="tydligen"/>
						</TextLine>
						<TextLine ID="line_5" HPOS="96" VPOS="331" WIDTH="582" HEIGHT="28">
							<String ID="string_41" HPOS="96" VPOS="331" WIDTH="47" HEIGHT="20" WC="0.96" CONTENT="icke"/><SP WIDTH="15" VPOS="331" HPOS="143"/>
							<String ID="string_42" HPOS="158" VPOS="331" WIDTH="139" HEIGHT="21" WC="0.96" CONTENT="observerade"/><SP WIDTH="16" VPOS="331" HPOS="297"/>
							<String ID="string_43" HPOS="313" VPOS="331" WIDTH="34" HEIGHT="21" WC="0.96" CONTENT="vid"/><SP WIDTH="16" VPOS="331" HPOS="347"/>
							<String ID="string_44" HPOS="363" VPOS="331" WIDTH="42" HEIGHT="21" WC="0.96" CONTENT="den"/><SP WIDTH="16" VPOS="331" HPOS="405"/>
							<String ID="string_45" HPOS="421" VPOS="331" WIDTH="87" HEIGHT="28" WC="0.96" CONTENT="slutliga"/><SP WIDTH="14" VPOS="331" HPOS="508"/>
							<String ID="string_46" HPOS="522" VPOS="331" WIDTH="156" HEIGHT="27" WC="0.96" CONTENT="redigeringen."/>
						</TextLine>
					</TextBlock>
				</ComposedBlock>
				<ComposedBlock ID="cblock_3" HPOS="93" VPOS="381" WIDTH="833" HEIGHT="1176">
					<TextBlock ID="block_2" HPOS="93" VPOS="381" WIDTH="833" HEIGHT="1176">
						<TextLine ID="line_6" HPOS="165" VPOS="381" WIDTH="760" HEIGHT="34">
							<String ID="string_47" HPOS="165" VPOS="388" WIDTH="33" HEIGHT="21" WC="0.93" CONTENT="Hr"/><SP WIDTH="20" VPOS="388" HPOS="198"/>
							<String ID="string_48" HPOS="218" VPOS="388" WIDTH="145" HEIGHT="21" WC="0.91" CONTENT="Boisman:"/><SP WIDTH="24" VPOS="388" HPOS="363"/>
							<String ID="string_49" HPOS="387" VPOS="388" WIDTH="33" HEIGHT="21" WC="0.94" CONTENT="Hr"/><SP WIDTH="21" VPOS="388" HPOS="420"/>
							<String ID="string_50" HPOS="441" VPOS="381" WIDTH="110" HEIGHT="28" WC="0.96" CONTENT="Åkerman"/><SP WIDTH="23" VPOS="381" HPOS="551"/>
							<String ID="string_51" HPOS="574" VPOS="389" WIDTH="38" HEIGHT="20" WC="0.96" CONTENT="har"/><SP WIDTH="16" VPOS="389" HPOS="612"/>
							<String ID="string_52" HPOS="628" VPOS="389" WIDTH="55" HEIGHT="26" WC="0.96" CONTENT="gjort"/><SP WIDTH="15" VPOS="389" HPOS="683"/>
							<String ID="string_53" HPOS="698" VPOS="388" WIDTH="33" HEIGHT="27" WC="0.96" CONTENT="sig"/><SP WIDTH="15" VPOS="388" HPOS="731"/>
							<String ID="string_54" HPOS="746" VPOS="388" WIDTH="31" HEIGHT="21" WC="0.96" CONTENT="till"/><SP WIDTH="15" VPOS="388" HPOS="777"/>
							<String ID="string_55" HPOS="792" VPOS="389" WIDTH="44" HEIGHT="20" WC="0.96" CONTENT="tolk"/><SP WIDTH="14" VPOS="389" HPOS="836"/>
							<String ID="string_56" HPOS="850" VPOS="389" WIDTH="33" HEIGHT="20" WC="0.90" CONTENT="för"/><SP WIDTH="15" VPOS="389" HPOS="883"/>
							<String ID="string_57" HPOS="898" VPOS="395" WIDTH="27" HEIGHT="14" WC="0.91" CONTENT="en"/>
						</TextLine>
						<TextLine ID="line_7" HPOS="97" VPOS="417" WIDTH="829" HEIGHT="28">
							<String ID="string_58" HPOS="97" VPOS="417" WIDTH="59" HEIGHT="27" WC="0.95" CONTENT="åsikt,"/><SP WIDTH="23" VPOS="417" HPOS="156"/>
							<String ID="string_59" HPOS="179" VPOS="417" WIDTH="84" HEIGHT="22" WC="0.95" CONTENT="hvilken"/><SP WIDTH="25" VPOS="417" HPOS="263"/>
							<String ID="string_60" HPOS="288" VPOS="417" WIDTH="88" HEIGHT="27" WC="0.95" CONTENT="tidigare"/><SP WIDTH="23" VPOS="417" HPOS="376"/>
							<String ID="string_61" HPOS="399" VPOS="417" WIDTH="86" HEIGHT="21" WC="0.96" CONTENT="uttalats"/><SP WIDTH="22" VPOS="417" HPOS="485"/>
							<String ID="string_62" HPOS="507" VPOS="417" WIDTH="7" HEIGHT="20" WC="0.95" CONTENT="i"/><SP WIDTH="21" VPOS="417" HPOS="514"/>
							<String ID="string_63" HPOS="535" VPOS="417" WIDTH="114" HEIGHT="27" WC="0.95" CONTENT="kejserliga"/><SP WIDTH="15" VPOS="417" HPOS="649"/>
							<String ID="string_64" HPOS="664" VPOS="419" WIDTH="94" HEIGHT="24" WC="0.95" CONTENT="senaten,"/><SP WIDTH="16" VPOS="419" HPOS="758"/>
							<String ID="string_65" HPOS="774" VPOS="419" WIDTH="30" HEIGHT="18" WC="0.96" CONTENT="att"/><SP WIDTH="14" VPOS="419" HPOS="804"/>
							<String ID="string_66" HPOS="818" VPOS="417" WIDTH="108" HEIGHT="28" WC="0.96" CONTENT="nämligen"/>
						</TextLine>
						<TextLine ID="line_8" HPOS="96" VPOS="445" WIDTH="829" HEIGHT="28">
							<String ID="string_67" HPOS="96" VPOS="446" WIDTH="80" HEIGHT="27" WC="0.96" CONTENT="frågan,"/><SP WIDTH="21" VPOS="446" HPOS="176"/>
							<String ID="string_68" HPOS="197" VPOS="446" WIDTH="126" HEIGHT="21" WC="0.93" CONTENT="åtminstone"/><SP WIDTH="21" VPOS="446" HPOS="323"/>
							<String ID="string_69" HPOS="344" VPOS="445" WIDTH="69" HEIGHT="22" WC="0.93" CONTENT="såvidt"/><SP WIDTH="21" VPOS="445" HPOS="413"/>
							<String ID="string_70" HPOS="434" VPOS="445" WIDTH="41" HEIGHT="22" WC="0.96" CONTENT="den"/><SP WIDTH="21" VPOS="445" HPOS="475"/>
							<String ID="string_71" HPOS="496" VPOS="447" WIDTH="35" HEIGHT="20" WC="0.96" CONTENT="rör"/><SP WIDTH="21" VPOS="447" HPOS="531"/>
							<String ID="string_72" HPOS="552" VPOS="452" WIDTH="43" HEIGHT="20" WC="0.96" CONTENT="nya"/><SP WIDTH="16" VPOS="452" HPOS="595"/>
							<String ID="string_73" HPOS="611" VPOS="445" WIDTH="84" HEIGHT="28" WC="0.96" CONTENT="kyrkor,"/><SP WIDTH="17" VPOS="445" HPOS="695"/>
							<String ID="string_74" HPOS="712" VPOS="445" WIDTH="70" HEIGHT="21" WC="0.96" CONTENT="kunde"/><SP WIDTH="16" VPOS="445" HPOS="782"/>
							<String ID="string_75" HPOS="798" VPOS="446" WIDTH="127" HEIGHT="20" WC="0.96" CONTENT="anordnas"/><SP WIDTH="-12" VPOS="446" HPOS="925"/>
							<String ID="string_76" HPOS="913" VPOS="441" WIDTH="16" HEIGHT="36" WC="0.96" CONTENT="i"/>
						</TextLine>
						<TextLine ID="line_9" HPOS="97" VPOS="473" WIDTH="829" HEIGHT="28">
							<String ID="string_77" HPOS="97" VPOS="475" WIDTH="153" HEIGHT="20" WC="0.96" CONTENT="administrativ"/><SP WIDTH="21" VPOS="475" HPOS="250"/>
							<String ID="string_78" HPOS="271" VPOS="477" WIDTH="46" HEIGHT="24" WC="0.93" CONTENT="väg."/><SP WIDTH="29" VPOS="477" HPOS="317"/>
							<String ID="string_79" HPOS="346" VPOS="473" WIDTH="42" HEIGHT="22" WC="0.96" CONTENT="Det"/><SP WIDTH="22" VPOS="473" HPOS="388"/>
							<String ID="string_80" HPOS="410" VPOS="481" WIDTH="37" HEIGHT="14" WC="0.96" CONTENT="var"/><SP WIDTH="12" VPOS="481" HPOS="447"/>
							<String ID="string_81" HPOS="459" VPOS="476" WIDTH="57" HEIGHT="19" WC="0.96" CONTENT="emot"/><SP WIDTH="20" VPOS="476" HPOS="516"/>
							<String ID="string_82" HPOS="536" VPOS="474" WIDTH="71" HEIGHT="21" WC="0.97" CONTENT="denna"/><SP WIDTH="15" VPOS="474" HPOS="607"/>
							<String ID="string_83" HPOS="622" VPOS="474" WIDTH="59" HEIGHT="27" WC="0.96" CONTENT="åsikt,"/><SP WIDTH="16" VPOS="474" HPOS="681"/>
							<String ID="string_84" HPOS="697" VPOS="474" WIDTH="86" HEIGHT="21" WC="0.96" CONTENT="hvilken"/><SP WIDTH="16" VPOS="474" HPOS="783"/>
							<String ID="string_85" HPOS="799" VPOS="474" WIDTH="127" HEIGHT="21" WC="0.95" CONTENT="omfattades"/>
						</TextLine>
						<TextLine ID="line_10" HPOS="97" VPOS="503" WIDTH="828" HEIGHT="27">
							<String ID="string_86" HPOS="97" VPOS="503" WIDTH="21" HEIGHT="20" WC="0.95" CONTENT="af"/><SP WIDTH="22" VPOS="503" HPOS="118"/>
							<String ID="string_87" HPOS="140" VPOS="503" WIDTH="75" HEIGHT="21" WC="0.95" CONTENT="endast"/><SP WIDTH="21" VPOS="503" HPOS="215"/>
							<String ID="string_88" HPOS="236" VPOS="503" WIDTH="35" HEIGHT="21" WC="0.96" CONTENT="två"/><SP WIDTH="22" VPOS="503" HPOS="271"/>
							<String ID="string_89" HPOS="293" VPOS="503" WIDTH="122" HEIGHT="27" WC="0.96" CONTENT="ledamöter,"/><SP WIDTH="22" VPOS="503" HPOS="415"/>
							<String ID="string_90" HPOS="437" VPOS="505" WIDTH="99" HEIGHT="20" WC="0.96" CONTENT="senatens"/><SP WIDTH="23" VPOS="505" HPOS="536"/>
							<String ID="string_91" HPOS="559" VPOS="503" WIDTH="107" HEIGHT="27" WC="0.96" CONTENT="majoritet"/><SP WIDTH="17" VPOS="503" HPOS="666"/>
							<String ID="string_92" HPOS="683" VPOS="503" WIDTH="95" HEIGHT="20" WC="0.96" CONTENT="uttalade"/><SP WIDTH="20" VPOS="503" HPOS="778"/>
							<String ID="string_93" HPOS="798" VPOS="503" WIDTH="32" HEIGHT="26" WC="0.96" CONTENT="sig"/><SP WIDTH="15" VPOS="503" HPOS="830"/>
							<String ID="string_94" HPOS="845" VPOS="503" WIDTH="80" HEIGHT="20" WC="0.96" CONTENT="därhän"/>
						</TextLine>
						<TextLine ID="line_11" HPOS="97" VPOS="531" WIDTH="829" HEIGHT="28">
							<String ID="string_95" HPOS="97" VPOS="533" WIDTH="30" HEIGHT="19" WC="0.96" CONTENT="att"/><SP WIDTH="20" VPOS="533" HPOS="127"/>
							<String ID="string_96" HPOS="147" VPOS="532" WIDTH="36" HEIGHT="20" WC="0.96" CONTENT="det"/><SP WIDTH="14" VPOS="532" HPOS="183"/>
							<String ID="string_97" HPOS="197" VPOS="532" WIDTH="66" HEIGHT="27" WC="0.96" CONTENT="enligt"/><SP WIDTH="14" VPOS="532" HPOS="263"/>
							<String ID="string_98" HPOS="277" VPOS="531" WIDTH="98" HEIGHT="28" WC="0.96" CONTENT="gällande"/><SP WIDTH="16" VPOS="531" HPOS="375"/>
							<String ID="string_99" HPOS="391" VPOS="531" WIDTH="35" HEIGHT="27" WC="0.95" CONTENT="lag"/><SP WIDTH="14" VPOS="531" HPOS="426"/>
							<String ID="string_100" HPOS="440" VPOS="531" WIDTH="40" HEIGHT="21" WC="0.96" CONTENT="och"/><SP WIDTH="15" VPOS="531" HPOS="480"/>
							<String ID="string_101" HPOS="495" VPOS="531" WIDTH="149" HEIGHT="28" WC="0.96" CONTENT="författningar"/><SP WIDTH="15" VPOS="531" HPOS="644"/>
							<String ID="string_102" HPOS="659" VPOS="531" WIDTH="47" HEIGHT="21" WC="0.96" CONTENT="icke"/><SP WIDTH="16" VPOS="531" HPOS="706"/>
							<String ID="string_103" HPOS="722" VPOS="531" WIDTH="67" HEIGHT="27" WC="0.96" CONTENT="ligger"/><SP WIDTH="15" VPOS="531" HPOS="789"/>
							<String ID="string_104" HPOS="804" VPOS="531" WIDTH="7" HEIGHT="21" WC="0.96" CONTENT="i"/><SP WIDTH="15" VPOS="531" HPOS="811"/>
							<String ID="string_105" HPOS="826" VPOS="533" WIDTH="100" HEIGHT="19" WC="0.96" CONTENT="senatens"/>
						</TextLine>
						<TextLine ID="line_12" HPOS="97" VPOS="559" WIDTH="829" HEIGHT="28">
							<String ID="string_106" HPOS="97" VPOS="559" WIDTH="127" HEIGHT="28" WC="0.96" CONTENT="befogenhet"/><SP WIDTH="22" VPOS="559" HPOS="224"/>
							<String ID="string_107" HPOS="246" VPOS="562" WIDTH="29" HEIGHT="19" WC="0.95" CONTENT="att"/><SP WIDTH="22" VPOS="562" HPOS="275"/>
							<String ID="string_108" HPOS="297" VPOS="562" WIDTH="52" HEIGHT="19" WC="0.95" CONTENT="utan"/><SP WIDTH="22" VPOS="562" HPOS="349"/>
							<String ID="string_109" HPOS="371" VPOS="560" WIDTH="90" HEIGHT="21" WC="0.93" CONTENT="särskild"/><SP WIDTH="23" VPOS="560" HPOS="461"/>
							<String ID="string_110" HPOS="484" VPOS="560" WIDTH="217" HEIGHT="27" WC="0.89" CONTENT="lagstiftningsåtgärd"/><SP WIDTH="24" VPOS="560" HPOS="701"/>
							<String ID="string_111" HPOS="725" VPOS="560" WIDTH="82" HEIGHT="27" WC="0.96" CONTENT="ingripa"/><SP WIDTH="17" VPOS="560" HPOS="807"/>
							<String ID="string_112" HPOS="824" VPOS="560" WIDTH="8" HEIGHT="20" WC="0.96" CONTENT="i"/><SP WIDTH="15" VPOS="560" HPOS="832"/>
							<String ID="string_113" HPOS="847" VPOS="559" WIDTH="26" HEIGHT="22" WC="0.93" CONTENT="de"/><SP WIDTH="15" VPOS="559" HPOS="873"/>
							<String ID="string_114" HPOS="888" VPOS="566" WIDTH="38" HEIGHT="15" WC="0.92" CONTENT="en-"/>
						</TextLine>
						<TextLine ID="line_13" HPOS="97" VPOS="588" WIDTH="827" HEIGHT="28">
							<String ID="string_115" HPOS="97" VPOS="588" WIDTH="68" HEIGHT="21" WC="0.96" CONTENT="skilda"/><SP WIDTH="22" VPOS="588" HPOS="165"/>
							<String ID="string_116" HPOS="187" VPOS="589" WIDTH="186" HEIGHT="26" WC="0.93" CONTENT="församlingarnas"/><SP WIDTH="22" VPOS="589" HPOS="373"/>
							<String ID="string_117" HPOS="395" VPOS="589" WIDTH="237" HEIGHT="27" WC="0.88" CONTENT="själfbestämningsrätt"/><SP WIDTH="17" VPOS="589" HPOS="632"/>
							<String ID="string_118" HPOS="649" VPOS="595" WIDTH="78" HEIGHT="20" WC="0.96" CONTENT="genom"/><SP WIDTH="16" VPOS="595" HPOS="727"/>
							<String ID="string_119" HPOS="743" VPOS="590" WIDTH="29" HEIGHT="18" WC="0.96" CONTENT="att"/><SP WIDTH="15" VPOS="590" HPOS="772"/>
							<String ID="string_120" HPOS="787" VPOS="589" WIDTH="73" HEIGHT="26" WC="0.96" CONTENT="ålägga"/><SP WIDTH="16" VPOS="589" HPOS="860"/>
							<String ID="string_121" HPOS="876" VPOS="588" WIDTH="48" HEIGHT="20" WC="0.96" CONTENT="dem"/>
						</TextLine>
						<TextLine ID="line_14" HPOS="97" VPOS="616" WIDTH="828" HEIGHT="28">
							<String ID="string_122" HPOS="97" VPOS="618" WIDTH="30" HEIGHT="19" WC="0.96" CONTENT="att"/><SP WIDTH="21" VPOS="618" HPOS="127"/>
							<String ID="string_123" HPOS="148" VPOS="617" WIDTH="55" HEIGHT="21" WC="0.96" CONTENT="förse"/><SP WIDTH="23" VPOS="617" HPOS="203"/>
							<String ID="string_124" HPOS="226" VPOS="617" WIDTH="46" HEIGHT="20" WC="0.96" CONTENT="sina"/><SP WIDTH="22" VPOS="617" HPOS="272"/>
							<String ID="string_125" HPOS="294" VPOS="617" WIDTH="78" HEIGHT="27" WC="0.96" CONTENT="kyrkor"/><SP WIDTH="20" VPOS="617" HPOS="372"/>
							<String ID="string_126" HPOS="392" VPOS="617" WIDTH="49" HEIGHT="21" WC="0.93" CONTENT="med"/><SP WIDTH="16" VPOS="617" HPOS="441"/>
							<String ID="string_127" HPOS="457" VPOS="619" WIDTH="189" HEIGHT="25" WC="0.90" CONTENT="värmeapparater."/><SP WIDTH="29" VPOS="619" HPOS="646"/>
							<String ID="string_128" HPOS="675" VPOS="617" WIDTH="30" HEIGHT="20" WC="0.96" CONTENT="Af"/><SP WIDTH="17" VPOS="617" HPOS="705"/>
							<String ID="string_129" HPOS="722" VPOS="616" WIDTH="25" HEIGHT="21" WC="0.96" CONTENT="de"/><SP WIDTH="15" VPOS="616" HPOS="747"/>
							<String ID="string_130" HPOS="762" VPOS="617" WIDTH="38" HEIGHT="20" WC="0.96" CONTENT="hos"/><SP WIDTH="15" VPOS="617" HPOS="800"/>
							<String ID="string_131" HPOS="815" VPOS="618" WIDTH="87" HEIGHT="20" WC="0.96" CONTENT="senaten"/><SP WIDTH="15" VPOS="618" HPOS="902"/>
							<String ID="string_132" HPOS="917" VPOS="616" WIDTH="8" HEIGHT="21" WC="0.96" CONTENT="i"/>
						</TextLine>
						<TextLine ID="line_15" HPOS="97" VPOS="645" WIDTH="828" HEIGHT="27">
							<String ID="string_133" HPOS="97" VPOS="645" WIDTH="87" HEIGHT="21" WC="0.96" CONTENT="ärendet"/><SP WIDTH="19" VPOS="645" HPOS="184"/>
							<String ID="string_134" HPOS="203" VPOS="646" WIDTH="110" HEIGHT="20" WC="0.96" CONTENT="tillkomna"/><SP WIDTH="23" VPOS="646" HPOS="313"/>
							<String ID="string_135" HPOS="336" VPOS="646" WIDTH="132" HEIGHT="26" WC="0.96" CONTENT="handlingar,"/><SP WIDTH="22" VPOS="646" HPOS="468"/>
							<String ID="string_136" HPOS="490" VPOS="652" WIDTH="46" HEIGHT="14" WC="0.96" CONTENT="som"/><SP WIDTH="18" VPOS="652" HPOS="536"/>
							<String ID="string_137" HPOS="554" VPOS="645" WIDTH="62" HEIGHT="21" WC="0.96" CONTENT="bland"/><SP WIDTH="17" VPOS="645" HPOS="616"/>
							<String ID="string_138" HPOS="633" VPOS="647" WIDTH="65" HEIGHT="19" WC="0.96" CONTENT="annat"/><SP WIDTH="15" VPOS="647" HPOS="698"/>
							<String ID="string_139" HPOS="713" VPOS="645" WIDTH="107" HEIGHT="21" WC="0.96" CONTENT="innehålla"/><SP WIDTH="15" VPOS="645" HPOS="820"/>
							<String ID="string_140" HPOS="835" VPOS="647" WIDTH="29" HEIGHT="19" WC="0.93" CONTENT="ett"/><SP WIDTH="16" VPOS="647" HPOS="864"/>
							<String ID="string_141" HPOS="880" VPOS="645" WIDTH="45" HEIGHT="20" WC="0.93" CONTENT="vid-"/>
						</TextLine>
						<TextLine ID="line_16" HPOS="97" VPOS="674" WIDTH="828" HEIGHT="28">
							<String ID="string_142" HPOS="97" VPOS="674" WIDTH="71" HEIGHT="27" WC="0.92" CONTENT="lyftigt"/><SP WIDTH="15" VPOS="674" HPOS="168"/>
							<String ID="string_143" HPOS="183" VPOS="674" WIDTH="132" HEIGHT="21" WC="0.96" CONTENT="betänkande"/><SP WIDTH="13" VPOS="674" HPOS="315"/>
							<String ID="string_144" HPOS="328" VPOS="674" WIDTH="21" HEIGHT="20" WC="0.93" CONTENT="af"/><SP WIDTH="11" VPOS="674" HPOS="349"/>
							<String ID="string_145" HPOS="360" VPOS="674" WIDTH="176" HEIGHT="28" WC="0.91" CONTENT="föredraganden,"/><SP WIDTH="12" VPOS="674" HPOS="536"/>
							<String ID="string_146" HPOS="548" VPOS="674" WIDTH="93" HEIGHT="27" WC="0.96" CONTENT="framgår"/><SP WIDTH="16" VPOS="674" HPOS="641"/>
							<String ID="string_147" HPOS="657" VPOS="674" WIDTH="65" HEIGHT="20" WC="0.96" CONTENT="likväl"/><SP WIDTH="16" VPOS="674" HPOS="722"/>
							<String ID="string_148" HPOS="738" VPOS="674" WIDTH="46" HEIGHT="20" WC="0.96" CONTENT="icke"/><SP WIDTH="13" VPOS="674" HPOS="784"/>
							<String ID="string_149" HPOS="797" VPOS="676" WIDTH="30" HEIGHT="18" WC="0.96" CONTENT="att"/><SP WIDTH="9" VPOS="676" HPOS="827"/>
							<String ID="string_150" HPOS="836" VPOS="675" WIDTH="89" HEIGHT="19" WC="0.96" CONTENT="senaten"/>
						</TextLine>
						<TextLine ID="line_17" HPOS="97" VPOS="702" WIDTH="828" HEIGHT="28">
							<String ID="string_151" HPOS="97" VPOS="702" WIDTH="68" HEIGHT="22" WC="0.96" CONTENT="skulle"/><SP WIDTH="22" VPOS="702" HPOS="165"/>
							<String ID="string_152" HPOS="187" VPOS="703" WIDTH="45" HEIGHT="21" WC="0.96" CONTENT="haft"/><SP WIDTH="22" VPOS="703" HPOS="232"/>
							<String ID="string_153" HPOS="254" VPOS="703" WIDTH="40" HEIGHT="20" WC="0.96" CONTENT="den"/><SP WIDTH="23" VPOS="703" HPOS="294"/>
							<String ID="string_154" HPOS="317" VPOS="703" WIDTH="135" HEIGHT="27" WC="0.96" CONTENT="uppfattning"/><SP WIDTH="23" VPOS="703" HPOS="452"/>
							<String ID="string_155" HPOS="475" VPOS="704" WIDTH="30" HEIGHT="20" WC="0.96" CONTENT="att"/><SP WIDTH="19" VPOS="704" HPOS="505"/>
							<String ID="string_156" HPOS="524" VPOS="703" WIDTH="112" HEIGHT="25" WC="0.96" CONTENT="förslagets"/><SP WIDTH="15" VPOS="703" HPOS="636"/>
							<String ID="string_157" HPOS="651" VPOS="702" WIDTH="165" HEIGHT="27" WC="0.96" CONTENT="genomförande"/><SP WIDTH="16" VPOS="702" HPOS="816"/>
							<String ID="string_158" HPOS="832" VPOS="702" WIDTH="93" HEIGHT="21" WC="0.96" CONTENT="berodde"/>
						</TextLine>
						<TextLine ID="line_18" HPOS="97" VPOS="730" WIDTH="828" HEIGHT="29">
							<String ID="string_159" HPOS="97" VPOS="731" WIDTH="21" HEIGHT="21" WC="0.95" CONTENT="af"/><SP WIDTH="20" VPOS="731" HPOS="118"/>
							<String ID="string_160" HPOS="138" VPOS="731" WIDTH="90" HEIGHT="27" WC="0.96" CONTENT="ändring"/><SP WIDTH="17" VPOS="731" HPOS="228"/>
							<String ID="string_161" HPOS="245" VPOS="731" WIDTH="8" HEIGHT="20" WC="0.96" CONTENT="i"/><SP WIDTH="15" VPOS="731" HPOS="253"/>
							<String ID="string_162" HPOS="268" VPOS="731" WIDTH="109" HEIGHT="28" WC="0.93" CONTENT="kyrkolag."/><SP WIDTH="18" VPOS="731" HPOS="377"/>
							<String ID="string_163" HPOS="395" VPOS="744" WIDTH="27" HEIGHT="2" WC="0.92" CONTENT="—"/><SP WIDTH="16" VPOS="744" HPOS="422"/>
							<String ID="string_164" HPOS="438" VPOS="731" WIDTH="32" HEIGHT="21" WC="0.93" CONTENT="Hr"/><SP WIDTH="11" VPOS="731" HPOS="470"/>
							<String ID="string_165" HPOS="481" VPOS="731" WIDTH="97" HEIGHT="21" WC="0.91" CONTENT="Brofeldt"/><SP WIDTH="16" VPOS="731" HPOS="578"/>
							<String ID="string_166" HPOS="594" VPOS="732" WIDTH="38" HEIGHT="20" WC="0.96" CONTENT="har"/><SP WIDTH="15" VPOS="732" HPOS="632"/>
							<String ID="string_167" HPOS="647" VPOS="731" WIDTH="76" HEIGHT="21" WC="0.96" CONTENT="uttalat"/><SP WIDTH="15" VPOS="731" HPOS="723"/>
							<String ID="string_168" HPOS="738" VPOS="731" WIDTH="80" HEIGHT="21" WC="0.96" CONTENT="önskan"/><SP WIDTH="16" VPOS="731" HPOS="818"/>
							<String ID="string_169" HPOS="834" VPOS="732" WIDTH="29" HEIGHT="19" WC="0.96" CONTENT="att"/><SP WIDTH="15" VPOS="732" HPOS="863"/>
							<String ID="string_170" HPOS="878" VPOS="730" WIDTH="47" HEIGHT="21" WC="0.96" CONTENT="icke"/>
						</TextLine>
						<TextLine ID="line_19" HPOS="97" VPOS="759" WIDTH="828" HEIGHT="28">
							<String ID="string_171" HPOS="97" VPOS="760" WIDTH="72" HEIGHT="21" WC="0.96" CONTENT="vidare"/><SP WIDTH="21" VPOS="760" HPOS="169"/>
							<String ID="string_172" HPOS="190" VPOS="760" WIDTH="65" HEIGHT="20" WC="0.96" CONTENT="blifva"/><SP WIDTH="21" VPOS="760" HPOS="255"/>
							<String ID="string_173" HPOS="276" VPOS="760" WIDTH="79" HEIGHT="21" WC="0.96" CONTENT="bemött"/><SP WIDTH="20" VPOS="760" HPOS="355"/>
							<String ID="string_174" HPOS="375" VPOS="760" WIDTH="39" HEIGHT="21" WC="0.96" CONTENT="och"/><SP WIDTH="15" VPOS="760" HPOS="414"/>
							<String ID="string_175" HPOS="429" VPOS="760" WIDTH="35" HEIGHT="27" WC="0.96" CONTENT="jag"/><SP WIDTH="16" VPOS="760" HPOS="464"/>
							<String ID="string_176" HPOS="480" VPOS="760" WIDTH="40" HEIGHT="20" WC="0.96" CONTENT="kan"/><SP WIDTH="17" VPOS="760" HPOS="520"/>
							<String ID="string_177" HPOS="537" VPOS="760" WIDTH="71" HEIGHT="20" WC="0.96" CONTENT="därför"/><SP WIDTH="15" VPOS="760" HPOS="608"/>
							<String ID="string_178" HPOS="623" VPOS="760" WIDTH="44" HEIGHT="20" WC="0.96" CONTENT="helt"/><SP WIDTH="14" VPOS="760" HPOS="667"/>
							<String ID="string_179" HPOS="681" VPOS="760" WIDTH="49" HEIGHT="20" WC="0.96" CONTENT="kort"/><SP WIDTH="14" VPOS="760" HPOS="730"/>
							<String ID="string_180" HPOS="744" VPOS="760" WIDTH="87" HEIGHT="20" WC="0.95" CONTENT="hänvisa"/><SP WIDTH="15" VPOS="760" HPOS="831"/>
							<String ID="string_181" HPOS="846" VPOS="759" WIDTH="79" HEIGHT="21" WC="0.96" CONTENT="honom"/>
						</TextLine>
						<TextLine ID="line_20" HPOS="97" VPOS="788" WIDTH="827" HEIGHT="27">
							<String ID="string_182" HPOS="97" VPOS="788" WIDTH="31" HEIGHT="21" WC="0.96" CONTENT="till"/><SP WIDTH="23" VPOS="788" HPOS="128"/>
							<String ID="string_183" HPOS="151" VPOS="790" WIDTH="30" HEIGHT="19" WC="0.96" CONTENT="att"/><SP WIDTH="22" VPOS="790" HPOS="181"/>
							<String ID="string_184" HPOS="203" VPOS="789" WIDTH="40" HEIGHT="20" WC="0.93" CONTENT="292"/><SP WIDTH="24" VPOS="789" HPOS="243"/>
							<String ID="string_185" HPOS="267" VPOS="789" WIDTH="12" HEIGHT="26" WC="0.29" CONTENT="$"/><SP WIDTH="22" VPOS="789" HPOS="279"/>
							<String ID="string_186" HPOS="301" VPOS="789" WIDTH="8" HEIGHT="20" WC="0.96" CONTENT="i"/><SP WIDTH="14" VPOS="789" HPOS="309"/>
							<String ID="string_187" HPOS="323" VPOS="788" WIDTH="26" HEIGHT="21" WC="0.96" CONTENT="K."/><SP WIDTH="15" VPOS="788" HPOS="349"/>
							<String ID="string_188" HPOS="364" VPOS="788" WIDTH="29" HEIGHT="27" WC="0.88" CONTENT="L,"/><SP WIDTH="16" VPOS="788" HPOS="393"/>
							<String ID="string_189" HPOS="409" VPOS="789" WIDTH="27" HEIGHT="26" WC="0.96" CONTENT="på"/><SP WIDTH="15" VPOS="789" HPOS="436"/>
							<String ID="string_190" HPOS="451" VPOS="788" WIDTH="86" HEIGHT="21" WC="0.96" CONTENT="hvilken"/><SP WIDTH="16" VPOS="788" HPOS="537"/>
							<String ID="string_191" HPOS="553" VPOS="788" WIDTH="98" HEIGHT="27" WC="0.96" CONTENT="paragraf"/><SP WIDTH="14" VPOS="788" HPOS="651"/>
							<String ID="string_192" HPOS="665" VPOS="788" WIDTH="26" HEIGHT="20" WC="0.96" CONTENT="hr"/><SP WIDTH="15" VPOS="788" HPOS="691"/>
							<String ID="string_193" HPOS="706" VPOS="788" WIDTH="96" HEIGHT="21" WC="0.93" CONTENT="Brofeldt"/><SP WIDTH="14" VPOS="788" HPOS="802"/>
							<String ID="string_194" HPOS="816" VPOS="788" WIDTH="56" HEIGHT="20" WC="0.93" CONTENT="stödt"/><SP WIDTH="14" VPOS="788" HPOS="872"/>
							<String ID="string_195" HPOS="886" VPOS="788" WIDTH="38" HEIGHT="26" WC="0.96" CONTENT="sig,"/>
						</TextLine>
						<TextLine ID="line_21" HPOS="97" VPOS="816" WIDTH="827" HEIGHT="27">
							<String ID="string_196" HPOS="97" VPOS="817" WIDTH="117" HEIGHT="20" WC="0.90" CONTENT="innehäller"/><SP WIDTH="21" VPOS="817" HPOS="214"/>
							<String ID="string_197" HPOS="235" VPOS="817" WIDTH="107" HEIGHT="21" WC="0.92" CONTENT="föreskrift"/><SP WIDTH="20" VPOS="817" HPOS="342"/>
							<String ID="string_198" HPOS="362" VPOS="817" WIDTH="75" HEIGHT="21" WC="0.96" CONTENT="endast"/><SP WIDTH="15" VPOS="817" HPOS="437"/>
							<String ID="string_199" HPOS="452" VPOS="823" WIDTH="33" HEIGHT="14" WC="0.96" CONTENT="om"/><SP WIDTH="17" VPOS="823" HPOS="485"/>
							<String ID="string_200" HPOS="502" VPOS="817" WIDTH="42" HEIGHT="20" WC="0.95" CONTENT="den"/><SP WIDTH="16" VPOS="817" HPOS="544"/>
							<String ID="string_201" HPOS="560" VPOS="817" WIDTH="97" HEIGHT="26" WC="0.96" CONTENT="ordning,"/><SP WIDTH="16" VPOS="817" HPOS="657"/>
							<String ID="string_202" HPOS="673" VPOS="817" WIDTH="6" HEIGHT="20" WC="0.93" CONTENT="i"/><SP WIDTH="17" VPOS="817" HPOS="679"/>
							<String ID="string_203" HPOS="696" VPOS="817" WIDTH="85" HEIGHT="20" WC="0.92" CONTENT="hvilken"/><SP WIDTH="15" VPOS="817" HPOS="781"/>
							<String ID="string_204" HPOS="796" VPOS="816" WIDTH="78" HEIGHT="27" WC="0.96" CONTENT="förslag"/><SP WIDTH="15" VPOS="816" HPOS="874"/>
							<String ID="string_205" HPOS="889" VPOS="823" WIDTH="35" HEIGHT="14" WC="0.96" CONTENT="om"/>
						</TextLine>
						<TextLine ID="line_22" HPOS="97" VPOS="844" WIDTH="827" HEIGHT="28">
							<String ID="string_206" HPOS="97" VPOS="845" WIDTH="129" HEIGHT="27" WC="0.96" CONTENT="nybyggnad"/><SP WIDTH="23" VPOS="845" HPOS="226"/>
							<String ID="string_207" HPOS="249" VPOS="846" WIDTH="38" HEIGHT="20" WC="0.93" CONTENT="och"/><SP WIDTH="23" VPOS="846" HPOS="287"/>
							<String ID="string_208" HPOS="310" VPOS="845" WIDTH="125" HEIGHT="27" WC="0.96" CONTENT="förbättring"/><SP WIDTH="23" VPOS="845" HPOS="435"/>
							<String ID="string_209" HPOS="458" VPOS="846" WIDTH="21" HEIGHT="20" WC="0.96" CONTENT="af"/><SP WIDTH="22" VPOS="846" HPOS="479"/>
							<String ID="string_210" HPOS="501" VPOS="845" WIDTH="68" HEIGHT="26" WC="0.95" CONTENT="kyrka"/><SP WIDTH="23" VPOS="845" HPOS="569"/>
							<String ID="string_211" HPOS="592" VPOS="845" WIDTH="54" HEIGHT="21" WC="0.93" CONTENT="skall"/><SP WIDTH="22" VPOS="845" HPOS="646"/>
							<String ID="string_212" HPOS="668" VPOS="845" WIDTH="121" HEIGHT="21" WC="0.93" CONTENT="behandlas."/><SP WIDTH="30" VPOS="845" HPOS="789"/>
							<String ID="string_213" HPOS="819" VPOS="844" WIDTH="11" HEIGHT="21" WC="0.96" CONTENT="I"/><SP WIDTH="22" VPOS="844" HPOS="830"/>
							<String ID="string_214" HPOS="852" VPOS="845" WIDTH="41" HEIGHT="20" WC="0.31" CONTENT="290"/><SP WIDTH="20" VPOS="845" HPOS="893"/>
							<String ID="string_215" HPOS="913" VPOS="845" WIDTH="11" HEIGHT="26" WC="0.77" CONTENT="&amp;"/>
						</TextLine>
						<TextLine ID="line_23" HPOS="97" VPOS="873" WIDTH="827" HEIGHT="28">
							<String ID="string_216" HPOS="97" VPOS="873" WIDTH="95" HEIGHT="22" WC="0.93" CONTENT="däremot"/><SP WIDTH="22" VPOS="873" HPOS="192"/>
							<String ID="string_217" HPOS="214" VPOS="874" WIDTH="134" HEIGHT="21" WC="0.92" CONTENT="föreskrifves"/><SP WIDTH="23" VPOS="874" HPOS="348"/>
							<String ID="string_218" HPOS="371" VPOS="876" WIDTH="30" HEIGHT="19" WC="0.96" CONTENT="att"/><SP WIDTH="22" VPOS="876" HPOS="401"/>
							<String ID="string_219" HPOS="423" VPOS="874" WIDTH="124" HEIGHT="27" WC="0.96" CONTENT="församling"/><SP WIDTH="23" VPOS="874" HPOS="547"/>
							<String ID="string_220" HPOS="570" VPOS="874" WIDTH="54" HEIGHT="21" WC="0.96" CONTENT="skall"/><SP WIDTH="22" VPOS="874" HPOS="624"/>
							<String ID="string_221" HPOS="646" VPOS="873" WIDTH="71" HEIGHT="28" WC="0.96" CONTENT="bygga"/><SP WIDTH="23" VPOS="873" HPOS="717"/>
							<String ID="string_222" HPOS="740" VPOS="874" WIDTH="39" HEIGHT="20" WC="0.93" CONTENT="och"/><SP WIDTH="21" VPOS="874" HPOS="779"/>
							<String ID="string_223" HPOS="800" VPOS="873" WIDTH="124" HEIGHT="21" WC="0.93" CONTENT="underhälla"/>
						</TextLine>
						<TextLine ID="line_24" HPOS="97" VPOS="901" WIDTH="828" HEIGHT="29">
							<String ID="string_224" HPOS="97" VPOS="902" WIDTH="67" HEIGHT="26" WC="0.96" CONTENT="kyrka"/><SP WIDTH="22" VPOS="902" HPOS="164"/>
							<String ID="string_225" HPOS="186" VPOS="902" WIDTH="27" HEIGHT="27" WC="0.96" CONTENT="pä"/><SP WIDTH="20" VPOS="902" HPOS="213"/>
							<String ID="string_226" HPOS="233" VPOS="905" WIDTH="41" HEIGHT="18" WC="0.93" CONTENT="sätt"/><SP WIDTH="21" VPOS="905" HPOS="274"/>
							<String ID="string_227" HPOS="295" VPOS="903" WIDTH="98" HEIGHT="27" WC="0.91" CONTENT="stadgadt"/><SP WIDTH="22" VPOS="903" HPOS="393"/>
							<String ID="string_228" HPOS="415" VPOS="905" WIDTH="23" HEIGHT="18" WC="0.49" CONTENT="är"/><SP WIDTH="14" VPOS="905" HPOS="438"/>
							<String ID="string_229" HPOS="452" VPOS="903" WIDTH="8" HEIGHT="19" WC="0.49" CONTENT="i"/><SP WIDTH="15" VPOS="903" HPOS="460"/>
							<String ID="string_230" HPOS="475" VPOS="903" WIDTH="78" HEIGHT="20" WC="0.96" CONTENT="allmän"/><SP WIDTH="16" VPOS="903" HPOS="553"/>
							<String ID="string_231" HPOS="569" VPOS="902" WIDTH="40" HEIGHT="27" WC="0.96" CONTENT="lag."/><SP WIDTH="31" VPOS="902" HPOS="609"/>
							<String ID="string_232" HPOS="640" VPOS="902" WIDTH="50" HEIGHT="20" WC="0.96" CONTENT="Man"/><SP WIDTH="16" VPOS="902" HPOS="690"/>
							<String ID="string_233" HPOS="706" VPOS="903" WIDTH="38" HEIGHT="19" WC="0.83" CONTENT="har"/><SP WIDTH="14" VPOS="903" HPOS="744"/>
							<String ID="string_234" HPOS="758" VPOS="902" WIDTH="7" HEIGHT="20" WC="0.83" CONTENT="i"/><SP WIDTH="16" VPOS="902" HPOS="765"/>
							<String ID="string_235" HPOS="781" VPOS="902" WIDTH="69" HEIGHT="20" WC="0.93" CONTENT="denna"/><SP WIDTH="15" VPOS="902" HPOS="850"/>
							<String ID="string_236" HPOS="865" VPOS="901" WIDTH="60" HEIGHT="27" WC="0.96" CONTENT="fråga"/>
						</TextLine>
						<TextLine ID="line_25" HPOS="97" VPOS="929" WIDTH="827" HEIGHT="29">
							<String ID="string_237" HPOS="97" VPOS="930" WIDTH="46" HEIGHT="21" WC="0.92" CONTENT="sökt"/><SP WIDTH="16" VPOS="930" HPOS="143"/>
							<String ID="string_238" HPOS="159" VPOS="930" WIDTH="58" HEIGHT="21" WC="0.92" CONTENT="anslä"/><SP WIDTH="15" VPOS="930" HPOS="217"/>
							<String ID="string_239" HPOS="232" VPOS="931" WIDTH="177" HEIGHT="27" WC="0.92" CONTENT="känslosträngar,"/><SP WIDTH="16" VPOS="931" HPOS="409"/>
							<String ID="string_240" HPOS="425" VPOS="931" WIDTH="39" HEIGHT="21" WC="0.97" CONTENT="och"/><SP WIDTH="14" VPOS="931" HPOS="464"/>
							<String ID="string_241" HPOS="478" VPOS="931" WIDTH="36" HEIGHT="27" WC="0.97" CONTENT="jag"/><SP WIDTH="15" VPOS="931" HPOS="514"/>
							<String ID="string_242" HPOS="529" VPOS="930" WIDTH="37" HEIGHT="21" WC="0.96" CONTENT="vill"/><SP WIDTH="16" VPOS="930" HPOS="566"/>
							<String ID="string_243" HPOS="582" VPOS="930" WIDTH="49" HEIGHT="22" WC="0.93" CONTENT="med"/><SP WIDTH="14" VPOS="930" HPOS="631"/>
							<String ID="string_244" HPOS="645" VPOS="930" WIDTH="115" HEIGHT="27" WC="0.92" CONTENT="anledning"/><SP WIDTH="15" VPOS="930" HPOS="760"/>
							<String ID="string_245" HPOS="775" VPOS="930" WIDTH="58" HEIGHT="21" WC="0.93" CONTENT="häraf"/><SP WIDTH="10" VPOS="930" HPOS="833"/>
							<String ID="string_246" HPOS="843" VPOS="929" WIDTH="81" HEIGHT="27" WC="0.92" CONTENT="päpeka"/>
						</TextLine>
						<TextLine ID="line_26" HPOS="97" VPOS="958" WIDTH="827" HEIGHT="28">
							<String ID="string_247" HPOS="97" VPOS="961" WIDTH="30" HEIGHT="19" WC="0.94" CONTENT="att"/><SP WIDTH="22" VPOS="961" HPOS="127"/>
							<String ID="string_248" HPOS="149" VPOS="959" WIDTH="32" HEIGHT="27" WC="0.96" CONTENT="de,"/><SP WIDTH="22" VPOS="959" HPOS="181"/>
							<String ID="string_249" HPOS="203" VPOS="966" WIDTH="46" HEIGHT="14" WC="0.95" CONTENT="som"/><SP WIDTH="19" VPOS="966" HPOS="249"/>
							<String ID="string_250" HPOS="268" VPOS="960" WIDTH="153" HEIGHT="20" WC="0.95" CONTENT="undertecknat"/><SP WIDTH="16" VPOS="960" HPOS="421"/>
							<String ID="string_251" HPOS="437" VPOS="960" WIDTH="65" HEIGHT="20" WC="0.93" CONTENT="andra"/><SP WIDTH="16" VPOS="960" HPOS="502"/>
							<String ID="string_252" HPOS="518" VPOS="960" WIDTH="164" HEIGHT="25" WC="0.91" CONTENT="reservationen,"/><SP WIDTH="16" VPOS="960" HPOS="682"/>
							<String ID="string_253" HPOS="698" VPOS="959" WIDTH="116" HEIGHT="27" WC="0.92" CONTENT="ingalunda"/><SP WIDTH="14" VPOS="959" HPOS="814"/>
							<String ID="string_254" HPOS="828" VPOS="958" WIDTH="96" HEIGHT="21" WC="0.93" CONTENT="förbisett"/>
						</TextLine>
						<TextLine ID="line_27" HPOS="97" VPOS="986" WIDTH="826" HEIGHT="29">
							<String ID="string_255" HPOS="97" VPOS="987" WIDTH="35" HEIGHT="21" WC="0.92" CONTENT="det"/><SP WIDTH="21" VPOS="987" HPOS="132"/>
							<String ID="string_256" HPOS="153" VPOS="988" WIDTH="118" HEIGHT="27" WC="0.92" CONTENT="onaturliga"/><SP WIDTH="21" VPOS="988" HPOS="271"/>
							<String ID="string_257" HPOS="292" VPOS="988" WIDTH="45" HEIGHT="20" WC="0.92" CONTENT="däri"/><SP WIDTH="21" VPOS="988" HPOS="337"/>
							<String ID="string_258" HPOS="358" VPOS="990" WIDTH="30" HEIGHT="19" WC="0.96" CONTENT="att"/><SP WIDTH="15" VPOS="990" HPOS="388"/>
							<String ID="string_259" HPOS="403" VPOS="988" WIDTH="79" HEIGHT="26" WC="0.96" CONTENT="kyrkor"/><SP WIDTH="15" VPOS="988" HPOS="482"/>
							<String ID="string_260" HPOS="497" VPOS="988" WIDTH="75" HEIGHT="26" WC="0.93" CONTENT="finnas,"/><SP WIDTH="16" VPOS="988" HPOS="572"/>
							<String ID="string_261" HPOS="588" VPOS="988" WIDTH="72" HEIGHT="20" WC="0.93" CONTENT="hvilka"/><SP WIDTH="15" VPOS="988" HPOS="660"/>
							<String ID="string_262" HPOS="675" VPOS="988" WIDTH="18" HEIGHT="26" WC="0.93" CONTENT="ej"/><SP WIDTH="18" VPOS="988" HPOS="693"/>
							<String ID="string_263" HPOS="711" VPOS="990" WIDTH="35" HEIGHT="18" WC="0.93" CONTENT="äro"/><SP WIDTH="16" VPOS="990" HPOS="746"/>
							<String ID="string_264" HPOS="762" VPOS="987" WIDTH="98" HEIGHT="21" WC="0.92" CONTENT="försedda"/><SP WIDTH="15" VPOS="987" HPOS="860"/>
							<String ID="string_265" HPOS="875" VPOS="986" WIDTH="48" HEIGHT="22" WC="0.96" CONTENT="med"/>
						</TextLine>
						<TextLine ID="line_28" HPOS="97" VPOS="1015" WIDTH="827" HEIGHT="29">
							<String ID="string_266" HPOS="97" VPOS="1016" WIDTH="216" HEIGHT="28" WC="0.92" CONTENT="värmeinrättningar."/><SP WIDTH="30" VPOS="1016" HPOS="313"/>
							<String ID="string_267" HPOS="343" VPOS="1016" WIDTH="42" HEIGHT="28" WC="0.93" CONTENT="Jag"/><SP WIDTH="22" VPOS="1016" HPOS="385"/>
							<String ID="string_268" HPOS="407" VPOS="1018" WIDTH="43" HEIGHT="19" WC="0.92" CONTENT="tror"/><SP WIDTH="21" VPOS="1018" HPOS="450"/>
							<String ID="string_269" HPOS="471" VPOS="1017" WIDTH="6" HEIGHT="20" WC="0.94" CONTENT="i"/><SP WIDTH="16" VPOS="1017" HPOS="477"/>
							<String ID="string_270" HPOS="493" VPOS="1016" WIDTH="41" HEIGHT="21" WC="0.94" CONTENT="alla"/><SP WIDTH="16" VPOS="1016" HPOS="534"/>
							<String ID="string_271" HPOS="550" VPOS="1016" WIDTH="37" HEIGHT="20" WC="0.92" CONTENT="fall"/><SP WIDTH="15" VPOS="1016" HPOS="587"/>
							<String ID="string_272" HPOS="602" VPOS="1016" WIDTH="47" HEIGHT="21" WC="0.92" CONTENT="icke"/><SP WIDTH="16" VPOS="1016" HPOS="649"/>
							<String ID="string_273" HPOS="665" VPOS="1018" WIDTH="30" HEIGHT="19" WC="0.96" CONTENT="att"/><SP WIDTH="15" VPOS="1018" HPOS="695"/>
							<String ID="string_274" HPOS="710" VPOS="1022" WIDTH="49" HEIGHT="14" WC="0.96" CONTENT="man"/><SP WIDTH="16" VPOS="1022" HPOS="759"/>
							<String ID="string_275" HPOS="775" VPOS="1016" WIDTH="53" HEIGHT="20" WC="0.93" CONTENT="skall"/><SP WIDTH="15" VPOS="1016" HPOS="828"/>
							<String ID="string_276" HPOS="843" VPOS="1015" WIDTH="81" HEIGHT="27" WC="0.92" CONTENT="nödgas"/>
						</TextLine>
						<TextLine ID="line_29" HPOS="96" VPOS="1044" WIDTH="828" HEIGHT="28">
							<String ID="string_277" HPOS="96" VPOS="1044" WIDTH="86" HEIGHT="22" WC="0.91" CONTENT="försätta"/><SP WIDTH="22" VPOS="1044" HPOS="182"/>
							<String ID="string_278" HPOS="204" VPOS="1045" WIDTH="175" HEIGHT="27" WC="0.91" CONTENT="församlingarna"/><SP WIDTH="22" VPOS="1045" HPOS="379"/>
							<String ID="string_279" HPOS="401" VPOS="1045" WIDTH="7" HEIGHT="20" WC="0.93" CONTENT="i"/><SP WIDTH="22" VPOS="1045" HPOS="408"/>
							<String ID="string_280" HPOS="430" VPOS="1044" WIDTH="245" HEIGHT="28" WC="0.91" CONTENT="omyndighetstillständ"/><SP WIDTH="21" VPOS="1044" HPOS="675"/>
							<String ID="string_281" HPOS="696" VPOS="1044" WIDTH="33" HEIGHT="21" WC="0.96" CONTENT="för"/><SP WIDTH="21" VPOS="1044" HPOS="729"/>
							<String ID="string_282" HPOS="750" VPOS="1046" WIDTH="30" HEIGHT="19" WC="0.93" CONTENT="att"/><SP WIDTH="14" VPOS="1046" HPOS="780"/>
							<String ID="string_283" HPOS="794" VPOS="1044" WIDTH="81" HEIGHT="20" WC="0.92" CONTENT="förnuft"/><SP WIDTH="14" VPOS="1044" HPOS="875"/>
							<String ID="string_284" HPOS="889" VPOS="1044" WIDTH="35" HEIGHT="20" WC="0.96" CONTENT="mä"/>
						</TextLine>
						<TextLine ID="line_30" HPOS="96" VPOS="1072" WIDTH="827" HEIGHT="28">
							<String ID="string_285" HPOS="96" VPOS="1073" WIDTH="73" HEIGHT="21" WC="0.91" CONTENT="kunna"/><SP WIDTH="22" VPOS="1073" HPOS="169"/>
							<String ID="string_286" HPOS="191" VPOS="1075" WIDTH="60" HEIGHT="25" WC="0.91" CONTENT="göras"/><SP WIDTH="22" VPOS="1075" HPOS="251"/>
							<String ID="string_287" HPOS="273" VPOS="1074" WIDTH="103" HEIGHT="26" WC="0.95" CONTENT="gällande."/><SP WIDTH="30" VPOS="1074" HPOS="376"/>
							<String ID="string_288" HPOS="406" VPOS="1074" WIDTH="33" HEIGHT="20" WC="0.96" CONTENT="Hr"/><SP WIDTH="19" VPOS="1074" HPOS="439"/>
							<String ID="string_289" HPOS="458" VPOS="1074" WIDTH="112" HEIGHT="20" WC="0.96" CONTENT="Komonen"/><SP WIDTH="17" VPOS="1074" HPOS="570"/>
							<String ID="string_290" HPOS="587" VPOS="1074" WIDTH="39" HEIGHT="20" WC="0.96" CONTENT="har"/><SP WIDTH="14" VPOS="1074" HPOS="626"/>
							<String ID="string_291" HPOS="640" VPOS="1073" WIDTH="44" HEIGHT="21" WC="0.93" CONTENT="helt"/><SP WIDTH="14" VPOS="1073" HPOS="684"/>
							<String ID="string_292" HPOS="698" VPOS="1073" WIDTH="42" HEIGHT="21" WC="0.93" CONTENT="vist"/><SP WIDTH="14" VPOS="1073" HPOS="740"/>
							<String ID="string_293" HPOS="754" VPOS="1072" WIDTH="75" HEIGHT="22" WC="0.92" CONTENT="uttalat"/><SP WIDTH="15" VPOS="1072" HPOS="829"/>
							<String ID="string_294" HPOS="844" VPOS="1074" WIDTH="29" HEIGHT="19" WC="0.93" CONTENT="ett"/><SP WIDTH="14" VPOS="1074" HPOS="873"/>
							<String ID="string_295" HPOS="887" VPOS="1072" WIDTH="36" HEIGHT="21" WC="0.93" CONTENT="be-"/>
						</TextLine>
						<TextLine ID="line_31" HPOS="96" VPOS="1100" WIDTH="827" HEIGHT="29">
							<String ID="string_296" HPOS="96" VPOS="1102" WIDTH="136" HEIGHT="21" WC="0.93" CONTENT="aktansvärdt"/><SP WIDTH="12" VPOS="1102" HPOS="232"/>
							<String ID="string_297" HPOS="244" VPOS="1102" WIDTH="43" HEIGHT="20" WC="0.96" CONTENT="ord."/><SP WIDTH="20" VPOS="1102" HPOS="287"/>
							<String ID="string_298" HPOS="307" VPOS="1102" WIDTH="36" HEIGHT="21" WC="0.95" CONTENT="Mä"/><SP WIDTH="12" VPOS="1102" HPOS="343"/>
							<String ID="string_299" HPOS="355" VPOS="1103" WIDTH="32" HEIGHT="26" WC="0.96" CONTENT="de,"/><SP WIDTH="12" VPOS="1103" HPOS="387"/>
							<String ID="string_300" HPOS="399" VPOS="1109" WIDTH="45" HEIGHT="14" WC="0.97" CONTENT="som"/><SP WIDTH="11" VPOS="1109" HPOS="444"/>
							<String ID="string_301" HPOS="455" VPOS="1104" WIDTH="94" HEIGHT="19" WC="0.93" CONTENT="närmast"/><SP WIDTH="9" VPOS="1104" HPOS="549"/>
							<String ID="string_302" HPOS="558" VPOS="1104" WIDTH="36" HEIGHT="18" WC="0.92" CONTENT="äro"/><SP WIDTH="11" VPOS="1104" HPOS="594"/>
							<String ID="string_303" HPOS="605" VPOS="1102" WIDTH="142" HEIGHT="20" WC="0.92" CONTENT="intresserade"/><SP WIDTH="11" VPOS="1102" HPOS="747"/>
							<String ID="string_304" HPOS="758" VPOS="1102" WIDTH="21" HEIGHT="20" WC="0.96" CONTENT="af"/><SP WIDTH="10" VPOS="1102" HPOS="779"/>
							<String ID="string_305" HPOS="789" VPOS="1101" WIDTH="71" HEIGHT="26" WC="0.96" CONTENT="saken,"/><SP WIDTH="12" VPOS="1101" HPOS="860"/>
							<String ID="string_306" HPOS="872" VPOS="1100" WIDTH="51" HEIGHT="21" WC="0.96" CONTENT="söka"/>
						</TextLine>
						<TextLine ID="line_32" HPOS="95" VPOS="1130" WIDTH="830" HEIGHT="28">
							<String ID="string_307" HPOS="95" VPOS="1130" WIDTH="27" HEIGHT="27" WC="0.93" CONTENT="pä"/><SP WIDTH="8" VPOS="1130" HPOS="122"/>
							<String ID="string_308" HPOS="130" VPOS="1130" WIDTH="166" HEIGHT="28" WC="0.92" CONTENT="öfvertygelsens"/><SP WIDTH="7" VPOS="1130" HPOS="296"/>
							<String ID="string_309" HPOS="303" VPOS="1133" WIDTH="40" HEIGHT="25" WC="0.93" CONTENT="väg"/><SP WIDTH="6" VPOS="1133" HPOS="343"/>
							<String ID="string_310" HPOS="349" VPOS="1131" WIDTH="68" HEIGHT="21" WC="0.92" CONTENT="förmä"/><SP WIDTH="10" VPOS="1131" HPOS="417"/>
							<String ID="string_311" HPOS="427" VPOS="1131" WIDTH="176" HEIGHT="27" WC="0.92" CONTENT="församlingarna"/><SP WIDTH="11" VPOS="1131" HPOS="603"/>
							<String ID="string_312" HPOS="614" VPOS="1132" WIDTH="32" HEIGHT="19" WC="0.93" CONTENT="att"/><SP WIDTH="9" VPOS="1132" HPOS="646"/>
							<String ID="string_313" HPOS="655" VPOS="1130" WIDTH="77" HEIGHT="21" WC="0.93" CONTENT="inrätta"/><SP WIDTH="11" VPOS="1130" HPOS="732"/>
							<String ID="string_314" HPOS="743" VPOS="1131" WIDTH="182" HEIGHT="25" WC="0.92" CONTENT="värmeapparater"/>
						</TextLine>
						<TextLine ID="line_33" HPOS="95" VPOS="1157" WIDTH="829" HEIGHT="29">
							<String ID="string_315" HPOS="95" VPOS="1159" WIDTH="7" HEIGHT="19" WC="0.93" CONTENT="i"/><SP WIDTH="16" VPOS="1159" HPOS="102"/>
							<String ID="string_316" HPOS="118" VPOS="1158" WIDTH="112" HEIGHT="28" WC="0.92" CONTENT="kyrkorna,"/><SP WIDTH="15" VPOS="1158" HPOS="230"/>
							<String ID="string_317" HPOS="245" VPOS="1160" WIDTH="40" HEIGHT="20" WC="0.96" CONTENT="och"/><SP WIDTH="15" VPOS="1160" HPOS="285"/>
							<String ID="string_318" HPOS="300" VPOS="1160" WIDTH="35" HEIGHT="20" WC="0.97" CONTENT="det"/><SP WIDTH="15" VPOS="1160" HPOS="335"/>
							<String ID="string_319" HPOS="350" VPOS="1160" WIDTH="54" HEIGHT="20" WC="0.93" CONTENT="skall"/><SP WIDTH="15" VPOS="1160" HPOS="404"/>
							<String ID="string_320" HPOS="419" VPOS="1160" WIDTH="137" HEIGHT="20" WC="0.93" CONTENT="tvifvelsutan"/><SP WIDTH="17" VPOS="1160" HPOS="556"/>
							<String ID="string_321" HPOS="573" VPOS="1159" WIDTH="44" HEIGHT="21" WC="0.97" CONTENT="visa"/><SP WIDTH="13" VPOS="1159" HPOS="617"/>
							<String ID="string_322" HPOS="630" VPOS="1159" WIDTH="32" HEIGHT="27" WC="0.96" CONTENT="sig"/><SP WIDTH="12" VPOS="1159" HPOS="662"/>
							<String ID="string_323" HPOS="674" VPOS="1161" WIDTH="31" HEIGHT="19" WC="0.96" CONTENT="att"/><SP WIDTH="10" VPOS="1161" HPOS="705"/>
							<String ID="string_324" HPOS="715" VPOS="1158" WIDTH="65" HEIGHT="21" WC="0.92" CONTENT="folket"/><SP WIDTH="10" VPOS="1158" HPOS="780"/>
							<String ID="string_325" HPOS="790" VPOS="1158" WIDTH="46" HEIGHT="20" WC="0.92" CONTENT="icke"/><SP WIDTH="10" VPOS="1158" HPOS="836"/>
							<String ID="string_326" HPOS="846" VPOS="1157" WIDTH="78" HEIGHT="21" WC="0.96" CONTENT="saknar"/>
						</TextLine>
						<TextLine ID="line_34" HPOS="95" VPOS="1186" WIDTH="829" HEIGHT="29">
							<String ID="string_327" HPOS="95" VPOS="1187" WIDTH="65" HEIGHT="21" WC="0.91" CONTENT="sundt"/><SP WIDTH="15" VPOS="1187" HPOS="160"/>
							<String ID="string_328" HPOS="175" VPOS="1187" WIDTH="86" HEIGHT="21" WC="0.92" CONTENT="förnuft."/><SP WIDTH="24" VPOS="1187" HPOS="261"/>
							<String ID="string_329" HPOS="285" VPOS="1188" WIDTH="10" HEIGHT="20" WC="0.96" CONTENT="I"/><SP WIDTH="16" VPOS="1188" HPOS="295"/>
							<String ID="string_330" HPOS="311" VPOS="1188" WIDTH="62" HEIGHT="27" WC="0.93" CONTENT="ingen"/><SP WIDTH="18" VPOS="1188" HPOS="373"/>
							<String ID="string_331" HPOS="391" VPOS="1188" WIDTH="101" HEIGHT="21" WC="0.92" CONTENT="händelse"/><SP WIDTH="16" VPOS="1188" HPOS="492"/>
							<String ID="string_332" HPOS="508" VPOS="1188" WIDTH="38" HEIGHT="20" WC="0.96" CONTENT="bör"/><SP WIDTH="15" VPOS="1188" HPOS="546"/>
							<String ID="string_333" HPOS="561" VPOS="1194" WIDTH="48" HEIGHT="14" WC="0.93" CONTENT="man"/><SP WIDTH="17" VPOS="1194" HPOS="609"/>
							<String ID="string_334" HPOS="626" VPOS="1187" WIDTH="71" HEIGHT="21" WC="0.93" CONTENT="skrida"/><SP WIDTH="12" VPOS="1187" HPOS="697"/>
							<String ID="string_335" HPOS="709" VPOS="1187" WIDTH="32" HEIGHT="21" WC="0.93" CONTENT="till"/><SP WIDTH="10" VPOS="1187" HPOS="741"/>
							<String ID="string_336" HPOS="751" VPOS="1186" WIDTH="173" HEIGHT="27" WC="0.92" CONTENT="tvängsätgärder"/>
						</TextLine>
						<TextLine ID="line_35" HPOS="95" VPOS="1214" WIDTH="828" HEIGHT="29">
							<String ID="string_337" HPOS="95" VPOS="1215" WIDTH="64" HEIGHT="20" WC="0.93" CONTENT="innan"/><SP WIDTH="23" VPOS="1215" HPOS="159"/>
							<String ID="string_338" HPOS="182" VPOS="1215" WIDTH="35" HEIGHT="21" WC="0.93" CONTENT="det"/><SP WIDTH="21" VPOS="1215" HPOS="217"/>
							<String ID="string_339" HPOS="238" VPOS="1216" WIDTH="55" HEIGHT="21" WC="0.93" CONTENT="visar"/><SP WIDTH="16" VPOS="1216" HPOS="293"/>
							<String ID="string_340" HPOS="309" VPOS="1217" WIDTH="32" HEIGHT="26" WC="0.96" CONTENT="sig"/><SP WIDTH="14" VPOS="1217" HPOS="341"/>
							<String ID="string_341" HPOS="355" VPOS="1218" WIDTH="30" HEIGHT="19" WC="0.93" CONTENT="att"/><SP WIDTH="16" VPOS="1218" HPOS="385"/>
							<String ID="string_342" HPOS="401" VPOS="1216" WIDTH="176" HEIGHT="27" WC="0.92" CONTENT="församlingarna"/><SP WIDTH="15" VPOS="1216" HPOS="577"/>
							<String ID="string_343" HPOS="592" VPOS="1215" WIDTH="130" HEIGHT="21" WC="0.93" CONTENT="missbrukat"/><SP WIDTH="15" VPOS="1215" HPOS="722"/>
							<String ID="string_344" HPOS="737" VPOS="1215" WIDTH="32" HEIGHT="21" WC="0.93" CONTENT="sin"/><SP WIDTH="15" VPOS="1215" HPOS="769"/>
							<String ID="string_345" HPOS="784" VPOS="1214" WIDTH="139" HEIGHT="27" WC="0.89" CONTENT="själfbestäm-"/>
						</TextLine>
						<TextLine ID="line_36" HPOS="95" VPOS="1243" WIDTH="828" HEIGHT="28">
							<String ID="string_346" HPOS="95" VPOS="1244" WIDTH="109" HEIGHT="27" WC="0.92" CONTENT="ningsrätt."/><SP WIDTH="34" VPOS="1244" HPOS="204"/>
							<String ID="string_347" HPOS="238" VPOS="1243" WIDTH="48" HEIGHT="22" WC="0.95" CONTENT="Den"/><SP WIDTH="25" VPOS="1243" HPOS="286"/>
							<String ID="string_348" HPOS="311" VPOS="1245" WIDTH="92" HEIGHT="20" WC="0.95" CONTENT="medlem"/><SP WIDTH="26" VPOS="1245" HPOS="403"/>
							<String ID="string_349" HPOS="429" VPOS="1245" WIDTH="20" HEIGHT="20" WC="0.93" CONTENT="af"/><SP WIDTH="25" VPOS="1245" HPOS="449"/>
							<String ID="string_350" HPOS="474" VPOS="1244" WIDTH="160" HEIGHT="25" WC="0.90" CONTENT="bondeständet,"/><SP WIDTH="25" VPOS="1244" HPOS="634"/>
							<String ID="string_351" HPOS="659" VPOS="1244" WIDTH="87" HEIGHT="21" WC="0.93" CONTENT="hvilken"/><SP WIDTH="26" VPOS="1244" HPOS="746"/>
							<String ID="string_352" HPOS="772" VPOS="1243" WIDTH="151" HEIGHT="21" WC="0.96" CONTENT="undertecknat"/>
						</TextLine>
						<TextLine ID="line_37" HPOS="95" VPOS="1271" WIDTH="828" HEIGHT="29">
							<String ID="string_353" HPOS="95" VPOS="1273" WIDTH="66" HEIGHT="20" WC="0.92" CONTENT="andra"/><SP WIDTH="22" VPOS="1273" HPOS="161"/>
							<String ID="string_354" HPOS="183" VPOS="1273" WIDTH="163" HEIGHT="27" WC="0.92" CONTENT="reservationen,"/><SP WIDTH="21" VPOS="1273" HPOS="346"/>
							<String ID="string_355" HPOS="367" VPOS="1274" WIDTH="38" HEIGHT="20" WC="0.93" CONTENT="har"/><SP WIDTH="15" VPOS="1274" HPOS="405"/>
							<String ID="string_356" HPOS="420" VPOS="1273" WIDTH="86" HEIGHT="27" WC="0.92" CONTENT="upplyst"/><SP WIDTH="15" VPOS="1273" HPOS="506"/>
							<String ID="string_357" HPOS="521" VPOS="1273" WIDTH="103" HEIGHT="20" WC="0.93" CONTENT="utskottet"/><SP WIDTH="15" VPOS="1273" HPOS="624"/>
							<String ID="string_358" HPOS="639" VPOS="1279" WIDTH="35" HEIGHT="14" WC="0.96" CONTENT="om"/><SP WIDTH="15" VPOS="1279" HPOS="674"/>
							<String ID="string_359" HPOS="689" VPOS="1275" WIDTH="31" HEIGHT="18" WC="0.96" CONTENT="att"/><SP WIDTH="15" VPOS="1275" HPOS="720"/>
							<String ID="string_360" HPOS="735" VPOS="1273" WIDTH="57" HEIGHT="20" WC="0.96" CONTENT="inom"/><SP WIDTH="16" VPOS="1273" HPOS="792"/>
							<String ID="string_361" HPOS="808" VPOS="1271" WIDTH="41" HEIGHT="21" WC="0.93" CONTENT="den"/><SP WIDTH="15" VPOS="1271" HPOS="849"/>
							<String ID="string_362" HPOS="864" VPOS="1271" WIDTH="59" HEIGHT="20" WC="0.92" CONTENT="dom-"/>
						</TextLine>
						<TextLine ID="line_38" HPOS="95" VPOS="1300" WIDTH="828" HEIGHT="29">
							<String ID="string_363" HPOS="95" VPOS="1307" WIDTH="50" HEIGHT="21" WC="0.92" CONTENT="saga"/><SP WIDTH="22" VPOS="1307" HPOS="145"/>
							<String ID="string_364" HPOS="167" VPOS="1301" WIDTH="41" HEIGHT="21" WC="0.93" CONTENT="han"/><SP WIDTH="22" VPOS="1301" HPOS="208"/>
							<String ID="string_365" HPOS="230" VPOS="1303" WIDTH="156" HEIGHT="26" WC="0.93" CONTENT="representerar"/><SP WIDTH="22" VPOS="1303" HPOS="386"/>
							<String ID="string_366" HPOS="408" VPOS="1302" WIDTH="79" HEIGHT="27" WC="0.96" CONTENT="förslag"/><SP WIDTH="23" VPOS="1302" HPOS="487"/>
							<String ID="string_367" HPOS="510" VPOS="1308" WIDTH="33" HEIGHT="14" WC="0.96" CONTENT="om"/><SP WIDTH="23" VPOS="1308" HPOS="543"/>
							<String ID="string_368" HPOS="566" VPOS="1301" WIDTH="111" HEIGHT="21" WC="0.96" CONTENT="införande"/><SP WIDTH="22" VPOS="1301" HPOS="677"/>
							<String ID="string_369" HPOS="699" VPOS="1301" WIDTH="22" HEIGHT="20" WC="0.93" CONTENT="af"/><SP WIDTH="21" VPOS="1301" HPOS="721"/>
							<String ID="string_370" HPOS="742" VPOS="1300" WIDTH="181" HEIGHT="27" WC="0.92" CONTENT="värmeledning"/><SP WIDTH="-12" VPOS="1300" HPOS="923"/>
							<String ID="string_371" HPOS="911" VPOS="1296" WIDTH="16" HEIGHT="37" WC="0.96" CONTENT="i"/>
						</TextLine>
						<TextLine ID="line_39" HPOS="95" VPOS="1328" WIDTH="828" HEIGHT="29">
							<String ID="string_372" HPOS="95" VPOS="1329" WIDTH="106" HEIGHT="27" WC="0.91" CONTENT="kyrkorna"/><SP WIDTH="22" VPOS="1329" HPOS="201"/>
							<String ID="string_373" HPOS="223" VPOS="1330" WIDTH="72" HEIGHT="21" WC="0.89" CONTENT="väckts"/><SP WIDTH="21" VPOS="1330" HPOS="295"/>
							<String ID="string_374" HPOS="316" VPOS="1331" WIDTH="7" HEIGHT="20" WC="0.92" CONTENT="i"/><SP WIDTH="22" VPOS="1331" HPOS="323"/>
							<String ID="string_375" HPOS="345" VPOS="1331" WIDTH="35" HEIGHT="20" WC="0.92" CONTENT="tvä"/><SP WIDTH="21" VPOS="1331" HPOS="380"/>
							<String ID="string_376" HPOS="401" VPOS="1331" WIDTH="149" HEIGHT="26" WC="0.92" CONTENT="församlingar"/><SP WIDTH="20" VPOS="1331" HPOS="550"/>
							<String ID="string_377" HPOS="570" VPOS="1330" WIDTH="39" HEIGHT="21" WC="0.96" CONTENT="och"/><SP WIDTH="22" VPOS="1330" HPOS="609"/>
							<String ID="string_378" HPOS="631" VPOS="1332" WIDTH="29" HEIGHT="19" WC="0.93" CONTENT="att"/><SP WIDTH="20" VPOS="1332" HPOS="660"/>
							<String ID="string_379" HPOS="680" VPOS="1329" WIDTH="106" HEIGHT="28" WC="0.92" CONTENT="förslagen"/><SP WIDTH="22" VPOS="1329" HPOS="786"/>
							<String ID="string_380" HPOS="808" VPOS="1329" WIDTH="35" HEIGHT="20" WC="0.97" CONTENT="vid"/><SP WIDTH="15" VPOS="1329" HPOS="843"/>
							<String ID="string_381" HPOS="858" VPOS="1328" WIDTH="65" HEIGHT="21" WC="0.96" CONTENT="första"/>
						</TextLine>
						<TextLine ID="line_40" HPOS="94" VPOS="1357" WIDTH="829" HEIGHT="29">
							<String ID="string_382" HPOS="94" VPOS="1358" WIDTH="158" HEIGHT="27" WC="0.88" CONTENT="kyrkostämma"/><SP WIDTH="22" VPOS="1358" HPOS="252"/>
							<String ID="string_383" HPOS="274" VPOS="1359" WIDTH="70" HEIGHT="20" WC="0.89" CONTENT="blifvit"/><SP WIDTH="20" VPOS="1359" HPOS="344"/>
							<String ID="string_384" HPOS="364" VPOS="1359" WIDTH="118" HEIGHT="27" WC="0.95" CONTENT="godkända."/><SP WIDTH="30" VPOS="1359" HPOS="482"/>
							<String ID="string_385" HPOS="512" VPOS="1359" WIDTH="11" HEIGHT="20" WC="0.93" CONTENT="I"/><SP WIDTH="22" VPOS="1359" HPOS="523"/>
							<String ID="string_386" HPOS="545" VPOS="1359" WIDTH="127" HEIGHT="26" WC="0.93" CONTENT="domsagans"/><SP WIDTH="22" VPOS="1359" HPOS="672"/>
							<String ID="string_387" HPOS="694" VPOS="1358" WIDTH="66" HEIGHT="27" WC="0.96" CONTENT="öfriga"/><SP WIDTH="15" VPOS="1358" HPOS="760"/>
							<String ID="string_388" HPOS="775" VPOS="1357" WIDTH="148" HEIGHT="26" WC="0.96" CONTENT="församlingar"/>
						</TextLine>
						<TextLine ID="line_41" HPOS="94" VPOS="1385" WIDTH="829" HEIGHT="30">
							<String ID="string_389" HPOS="94" VPOS="1387" WIDTH="54" HEIGHT="20" WC="0.96" CONTENT="hade"/><SP WIDTH="23" VPOS="1387" HPOS="148"/>
							<String ID="string_390" HPOS="171" VPOS="1387" WIDTH="94" HEIGHT="21" WC="0.96" CONTENT="däremot"/><SP WIDTH="18" VPOS="1387" HPOS="265"/>
							<String ID="string_391" HPOS="283" VPOS="1387" WIDTH="74" HEIGHT="28" WC="0.96" CONTENT="frågan"/><SP WIDTH="16" VPOS="1387" HPOS="357"/>
							<String ID="string_392" HPOS="373" VPOS="1387" WIDTH="40" HEIGHT="21" WC="0.95" CONTENT="alls"/><SP WIDTH="15" VPOS="1387" HPOS="413"/>
							<String ID="string_393" HPOS="428" VPOS="1387" WIDTH="46" HEIGHT="21" WC="0.96" CONTENT="icke"/><SP WIDTH="16" VPOS="1387" HPOS="474"/>
							<String ID="string_394" HPOS="490" VPOS="1387" WIDTH="69" HEIGHT="21" WC="0.96" CONTENT="blifvit"/><SP WIDTH="16" VPOS="1387" HPOS="559"/>
							<String ID="string_395" HPOS="575" VPOS="1387" WIDTH="67" HEIGHT="20" WC="0.93" CONTENT="väckt."/><SP WIDTH="16" VPOS="1387" HPOS="642"/>
							<String ID="string_396" HPOS="658" VPOS="1399" WIDTH="27" HEIGHT="3" WC="0.91" CONTENT="—"/><SP WIDTH="15" VPOS="1399" HPOS="685"/>
							<String ID="string_397" HPOS="700" VPOS="1387" WIDTH="40" HEIGHT="20" WC="0.96" CONTENT="Till"/><SP WIDTH="15" VPOS="1387" HPOS="740"/>
							<String ID="string_398" HPOS="755" VPOS="1387" WIDTH="25" HEIGHT="20" WC="0.93" CONTENT="hr"/><SP WIDTH="15" VPOS="1387" HPOS="780"/>
							<String ID="string_399" HPOS="795" VPOS="1385" WIDTH="128" HEIGHT="26" WC="0.92" CONTENT="Herckman,"/>
						</TextLine>
						<TextLine ID="line_42" HPOS="95" VPOS="1413" WIDTH="828" HEIGHT="30">
							<String ID="string_400" HPOS="95" VPOS="1422" WIDTH="45" HEIGHT="14" WC="0.96" CONTENT="som"/><SP WIDTH="21" VPOS="1422" HPOS="140"/>
							<String ID="string_401" HPOS="161" VPOS="1417" WIDTH="23" HEIGHT="19" WC="0.95" CONTENT="är"/><SP WIDTH="20" VPOS="1417" HPOS="184"/>
							<String ID="string_402" HPOS="204" VPOS="1416" WIDTH="107" HEIGHT="27" WC="0.95" CONTENT="förtrogen"/><SP WIDTH="22" VPOS="1416" HPOS="311"/>
							<String ID="string_403" HPOS="333" VPOS="1416" WIDTH="49" HEIGHT="21" WC="0.95" CONTENT="med"/><SP WIDTH="22" VPOS="1416" HPOS="382"/>
							<String ID="string_404" HPOS="404" VPOS="1416" WIDTH="160" HEIGHT="21" WC="0.95" CONTENT="förhållandena"/><SP WIDTH="20" VPOS="1416" HPOS="564"/>
							<String ID="string_405" HPOS="584" VPOS="1416" WIDTH="57" HEIGHT="20" WC="0.96" CONTENT="inom"/><SP WIDTH="17" VPOS="1416" HPOS="641"/>
							<String ID="string_406" HPOS="658" VPOS="1415" WIDTH="84" HEIGHT="27" WC="0.96" CONTENT="Kuopio"/><SP WIDTH="16" VPOS="1415" HPOS="742"/>
							<String ID="string_407" HPOS="758" VPOS="1415" WIDTH="50" HEIGHT="26" WC="0.96" CONTENT="stift,"/><SP WIDTH="15" VPOS="1415" HPOS="808"/>
							<String ID="string_408" HPOS="823" VPOS="1413" WIDTH="49" HEIGHT="21" WC="0.96" CONTENT="ville"/><SP WIDTH="15" VPOS="1413" HPOS="872"/>
							<String ID="string_409" HPOS="887" VPOS="1413" WIDTH="36" HEIGHT="27" WC="0.96" CONTENT="jag"/>
						</TextLine>
						<TextLine ID="line_43" HPOS="94" VPOS="1442" WIDTH="828" HEIGHT="29">
							<String ID="string_410" HPOS="94" VPOS="1444" WIDTH="60" HEIGHT="21" WC="0.96" CONTENT="ställa"/><SP WIDTH="21" VPOS="1444" HPOS="154"/>
							<String ID="string_411" HPOS="175" VPOS="1444" WIDTH="73" HEIGHT="27" WC="0.96" CONTENT="frågan"/><SP WIDTH="22" VPOS="1444" HPOS="248"/>
							<String ID="string_412" HPOS="270" VPOS="1445" WIDTH="105" HEIGHT="20" WC="0.96" CONTENT="huruvida"/><SP WIDTH="15" VPOS="1445" HPOS="375"/>
							<String ID="string_413" HPOS="390" VPOS="1445" WIDTH="41" HEIGHT="20" WC="0.97" CONTENT="han"/><SP WIDTH="17" VPOS="1445" HPOS="431"/>
							<String ID="string_414" HPOS="448" VPOS="1445" WIDTH="81" HEIGHT="20" WC="0.97" CONTENT="känner"/><SP WIDTH="15" VPOS="1445" HPOS="529"/>
							<String ID="string_415" HPOS="544" VPOS="1444" WIDTH="78" HEIGHT="27" WC="0.96" CONTENT="många"/><SP WIDTH="14" VPOS="1444" HPOS="622"/>
							<String ID="string_416" HPOS="636" VPOS="1444" WIDTH="43" HEIGHT="26" WC="0.96" CONTENT="fall,"/><SP WIDTH="16" VPOS="1444" HPOS="679"/>
							<String ID="string_417" HPOS="695" VPOS="1444" WIDTH="38" HEIGHT="20" WC="0.96" CONTENT="där"/><SP WIDTH="15" VPOS="1444" HPOS="733"/>
							<String ID="string_418" HPOS="748" VPOS="1443" WIDTH="78" HEIGHT="26" WC="0.96" CONTENT="förslag"/><SP WIDTH="15" VPOS="1443" HPOS="826"/>
							<String ID="string_419" HPOS="841" VPOS="1448" WIDTH="34" HEIGHT="14" WC="0.92" CONTENT="om"/><SP WIDTH="15" VPOS="1448" HPOS="875"/>
							<String ID="string_420" HPOS="890" VPOS="1442" WIDTH="32" HEIGHT="20" WC="0.92" CONTENT="in-"/>
						</TextLine>
						<TextLine ID="line_44" HPOS="93" VPOS="1470" WIDTH="830" HEIGHT="30">
							<String ID="string_421" HPOS="93" VPOS="1472" WIDTH="88" HEIGHT="21" WC="0.96" CONTENT="förande"/><SP WIDTH="23" VPOS="1472" HPOS="181"/>
							<String ID="string_422" HPOS="204" VPOS="1472" WIDTH="21" HEIGHT="21" WC="0.93" CONTENT="af"/><SP WIDTH="22" VPOS="1472" HPOS="225"/>
							<String ID="string_423" HPOS="247" VPOS="1473" WIDTH="161" HEIGHT="27" WC="0.90" CONTENT="värmeledning"/><SP WIDTH="21" VPOS="1473" HPOS="408"/>
							<String ID="string_424" HPOS="429" VPOS="1473" WIDTH="7" HEIGHT="20" WC="0.97" CONTENT="i"/><SP WIDTH="21" VPOS="1473" HPOS="436"/>
							<String ID="string_425" HPOS="457" VPOS="1472" WIDTH="68" HEIGHT="27" WC="0.96" CONTENT="kyrka"/><SP WIDTH="21" VPOS="1472" HPOS="525"/>
							<String ID="string_426" HPOS="546" VPOS="1472" WIDTH="73" HEIGHT="21" WC="0.96" CONTENT="väckts"/><SP WIDTH="16" VPOS="1472" HPOS="619"/>
							<String ID="string_427" HPOS="635" VPOS="1472" WIDTH="38" HEIGHT="21" WC="0.96" CONTENT="och"/><SP WIDTH="16" VPOS="1472" HPOS="673"/>
							<String ID="string_428" HPOS="689" VPOS="1472" WIDTH="92" HEIGHT="20" WC="0.95" CONTENT="förfallit."/><SP WIDTH="30" VPOS="1472" HPOS="781"/>
							<String ID="string_429" HPOS="811" VPOS="1470" WIDTH="42" HEIGHT="22" WC="0.94" CONTENT="Det"/><SP WIDTH="15" VPOS="1470" HPOS="853"/>
							<String ID="string_430" HPOS="868" VPOS="1470" WIDTH="55" HEIGHT="20" WC="0.96" CONTENT="enda"/>
						</TextLine>
						<TextLine ID="line_45" HPOS="93" VPOS="1498" WIDTH="829" HEIGHT="30">
							<String ID="string_431" HPOS="93" VPOS="1501" WIDTH="38" HEIGHT="20" WC="0.96" CONTENT="här"/><SP WIDTH="22" VPOS="1501" HPOS="131"/>
							<String ID="string_432" HPOS="153" VPOS="1501" WIDTH="147" HEIGHT="21" WC="0.96" CONTENT="konstaterade"/><SP WIDTH="23" VPOS="1501" HPOS="300"/>
							<String ID="string_433" HPOS="323" VPOS="1501" WIDTH="59" HEIGHT="20" WC="0.96" CONTENT="fallet"/><SP WIDTH="23" VPOS="1501" HPOS="382"/>
							<String ID="string_434" HPOS="405" VPOS="1508" WIDTH="63" HEIGHT="20" WC="0.96" CONTENT="synes"/><SP WIDTH="23" VPOS="1508" HPOS="468"/>
							<String ID="string_435" HPOS="491" VPOS="1501" WIDTH="43" HEIGHT="26" WC="0.96" CONTENT="mig"/><SP WIDTH="21" VPOS="1501" HPOS="534"/>
							<String ID="string_436" HPOS="555" VPOS="1501" WIDTH="47" HEIGHT="20" WC="0.93" CONTENT="icke"/><SP WIDTH="18" VPOS="1501" HPOS="602"/>
							<String ID="string_437" HPOS="620" VPOS="1500" WIDTH="196" HEIGHT="27" WC="0.91" CONTENT="tillfyllesgörande."/><SP WIDTH="22" VPOS="1500" HPOS="816"/>
							<String ID="string_438" HPOS="838" VPOS="1511" WIDTH="28" HEIGHT="2" WC="0.88" CONTENT="—"/><SP WIDTH="23" VPOS="1511" HPOS="866"/>
							<String ID="string_439" HPOS="889" VPOS="1498" WIDTH="33" HEIGHT="20" WC="0.96" CONTENT="En"/>
						</TextLine>
						<TextLine ID="line_46" HPOS="93" VPOS="1526" WIDTH="829" HEIGHT="31">
							<String ID="string_440" HPOS="93" VPOS="1529" WIDTH="35" HEIGHT="21" WC="0.96" CONTENT="del"/><SP WIDTH="22" VPOS="1529" HPOS="128"/>
							<String ID="string_441" HPOS="150" VPOS="1529" WIDTH="65" HEIGHT="21" WC="0.96" CONTENT="talare"/><SP WIDTH="22" VPOS="1529" HPOS="215"/>
							<String ID="string_442" HPOS="237" VPOS="1529" WIDTH="63" HEIGHT="21" WC="0.96" CONTENT="hafva"/><SP WIDTH="22" VPOS="1529" HPOS="300"/>
							<String ID="string_443" HPOS="322" VPOS="1529" WIDTH="91" HEIGHT="28" WC="0.96" CONTENT="påpekat"/><SP WIDTH="22" VPOS="1529" HPOS="413"/>
							<String ID="string_444" HPOS="435" VPOS="1531" WIDTH="30" HEIGHT="19" WC="0.96" CONTENT="att"/><SP WIDTH="23" VPOS="1531" HPOS="465"/>
							<String ID="string_445" HPOS="488" VPOS="1529" WIDTH="112" HEIGHT="21" WC="0.95" CONTENT="utskottets"/><SP WIDTH="23" VPOS="1529" HPOS="600"/>
							<String ID="string_446" HPOS="623" VPOS="1529" WIDTH="115" HEIGHT="27" WC="0.96" CONTENT="utredning"/><SP WIDTH="22" VPOS="1529" HPOS="738"/>
							<String ID="string_447" HPOS="760" VPOS="1530" WIDTH="24" HEIGHT="19" WC="0.96" CONTENT="är"/><SP WIDTH="22" VPOS="1530" HPOS="784"/>
							<String ID="string_448" HPOS="806" VPOS="1526" WIDTH="116" HEIGHT="28" WC="0.85" CONTENT="bristfällig."/>
						</TextLine>
					</TextBlock>
				</ComposedBlock>
				<GraphicalElement ID="cblock_4" HPOS="1095" VPOS="718" WIDTH="7" HEIGHT="1071"></GraphicalElement >
			</PrintSpace>
		</Page>
	</Layout>
</alto>
