1103 1811
79 141 26 18 26
117 144 62 13 mars.
430 133 127 34 Patenträtt.
870 136 43 22 505

147 210 40 27 De,
211 210 74 21 hvilka
306 210 118 27 godkänna
450 210 114 21 utskottets
583 210 84 27 förslag
690 210 36 20 till
749 210 79 28 lydelse
850 210 35 28 för
900 212 12 20 1

79 246 66 15 mom.
162 238 29 33 af
202 240 12 19 1
228 238 15 28 $
259 238 150 33 oförändradt,
425 240 61 20 rösta
496 239 40 27 ja;
552 238 32 27 de,
600 239 35 20 det
649 238 45 21 icke
707 241 61 25 göra,
784 240 61 20 rösta
859 239 51 27 nej;

147 267 80 21 vinner
242 267 41 27 nej,
300 267 42 21 har
353 267 177 27 borgareständet
541 267 89 21 beslutit
640 267 160 21 äterremittera
810 274 99 14 momen-

80 298 29 19 tet
121 296 35 21 till
167 296 101 20 utskottet
279 295 36 27 för
325 296 154 27 omarbetning
491 296 10 20 i
511 296 35 20 det
556 296 58 27 syfte
624 296 28 20 hr
667 295 108 28 Wegelius
785 296 126 27 föreslagit;

80 327 55 19 samt

149 358 39 27 De,
203 358 74 21 hvilka
286 359 118 26 godkänna
414 359 114 20 utskottets
538 358 85 27 förslag
634 358 35 21 till
679 358 79 27 lydelse
768 359 36 27 för
826 360 7 20 2
842 366 67 15 mom.

81 387 28 28 af
120 388 12 20 1
147 387 14 28 $
169 387 157 32 oförändradt,
342 389 60 19 rösta
411 387 41 28 ja;
469 387 31 27 de,
516 387 36 21 det
566 387 44 20 icke
624 389 61 25 göra,
701 389 60 19 rösta
779 388 49 26 nej;

149 416 80 21 vinner
244 423 41 20 nej,
302 416 41 20 har
355 415 177 28 borgareständet
542 415 90 21 beslutit
639 415 161 22 äterremittera
810 423 99 14 momen-

81 447 29 19 tet
125 445 35 21 till
174 445 101 20 utskottet
295 444 36 28 för
346 444 186 28 omformulering
546 444 10 21 i
571 444 34 21 det
620 443 57 29 syfte
693 444 27 21 hr
734 444 110 28 Nybergh,
861 445 48 21 Au-

79 475 56 26 gust,
151 473 119 28 föreslagit.

150 525 66 21 Dessa
238 525 154 27 propositioner
414 525 128 22 besvarades
565 524 104 21 hvardera
691 525 49 20 med
756 525 156 27 öfvervägande

81 554 40 27 nej,
137 554 7 20 i
159 553 106 22 anseende
289 554 83 21 hvartill
395 553 85 22 ståndet
502 553 87 22 beslutit
607 553 153 21 återremittera
776 554 11 20 1
804 554 12 27 $
832 553 32 22 till
878 555 34 20 ut-

81 582 77 21 skottet
180 583 33 20 för
235 584 30 19 att
287 583 69 20 därtill
379 583 69 20 skulle
474 582 70 21 säsom
566 584 30 19 ett
610 582 65 21 första
697 584 95 19 moment
807 583 60 26 fogas
882 584 31 19 ett

81 610 115 28 stadgande
219 610 21 21 af
261 610 94 22 innehäll
376 613 31 19 att
429 612 72 26 patent
517 610 12 21 ä
544 617 44 20 nya
608 610 156 28 uppfinningar,
776 617 46 14 som
838 611 71 21 kunde

81 639 149 27 tillgodogöras
245 639 8 21 i
268 640 256 26 näringsvärksamheten,
547 639 69 21 skulle
627 639 109 21 meddelas
751 639 7 21 i
773 639 97 27 Finland,
884 639 27 28 pä
925 643 3 1 '

81 674 27 15 en
123 668 29 20 tid
165 668 22 21 af
201 668 61 27 högst
277 668 26 21 15
319 668 28 27 är,
360 668 21 21 ät
393 668 142 28 uppfinnaren
546 668 52 20 eller
608 668 53 20 hans
673 668 193 20 rätssinnehafvare
875 674 36 14 en-

81 696 38 28 ligt
135 696 25 21 de
175 696 94 28 grunder
283 697 40 21 och
338 697 21 20 af
372 696 41 22 den
435 697 132 27 myndighet,
582 703 46 14 som
644 696 21 21 af
681 696 102 27 Kejsaren
800 696 39 21 och
855 696 57 21 Stor-

81 725 81 21 fursten
178 725 131 27 bestämmes,
322 727 55 19 samt
386 725 27 28 pä
423 725 36 21 det
470 727 30 19 att
510 725 32 21 uti
557 725 51 21 sista
622 727 116 19 momentet
753 725 65 21 måtte
832 725 80 21 införas

83 753 133 27 bestämning
239 754 71 20 därom
333 756 30 19 att
386 754 197 27 uppfinnareskydd
598 754 69 20 skulle
683 754 93 27 ätnjutas
791 754 69 20 under
875 760 37 14 an-

82 782 165 27 sökningstiden,
270 782 23 21 sä
314 784 58 19 snart
393 782 149 27 ansökningen
566 782 70 21 blifvit
658 782 31 21 uti
712 782 25 21 de
757 782 99 21 officiella
872 782 39 21 tid-

82 810 105 27 ningarna
202 810 111 28 kungjord.

150 862 69 21 2—11
236 862 26 27 $$
277 862 123 27 godkändes
415 865 53 18 utan
484 862 128 21 diskussion.

150 918 134 22 Beträffande
305 919 248 28 författningsförslagets
568 919 74 21 rubrik
658 919 121 27 upprepade

150 970 25 21 hr
185 970 146 28 Jusölius,
341 971 168 21 Ferdinand,
532 971 36 21 sitt
582 971 68 21 under
661 971 41 21 den
714 971 106 21 allmänna
828 971 83 21 diskus-

84 999 73 21 sionen
172 999 129 21 härutinnan
316 1000 74 21 väckta
406 1000 84 28 förslag.

151 1056 30 20 Pä
202 1056 68 27 grund
293 1056 60 21 häraf
373 1056 123 22 framstälde
512 1057 26 20 hr
553 1056 122 22 talmannen
692 1063 26 15 en
734 1056 116 28 sälydande
866 1064 44 14 om-

81 1085 234 27 röstningsproposition
323 1092 3 13 :

150 1136 39 26 De,
201 1136 75 21 hvilka
287 1136 118 27 godkänna
419 1136 113 22 utskottets
544 1136 84 28 förslag
639 1136 36 21 till
685 1137 79 27 lydelse
773 1137 36 27 för
818 1136 92 33 författ-

81 1164 79 28 ningen
174 1149 77 47 rubrik
261 1165 150 32 oförändradt,
423 1166 59 20 rösta
495 1165 40 27 ja;
552 1166 31 26 de,
599 1165 35 21 det
648 1165 45 21 icke
707 1168 60 25 göra,
783 1167 60 19 rösta
858 1165 50 27 ne;

149 1192 79 21 vinner
243 1193 42 27 nej,
301 1194 41 20 har
357 1194 178 27 borgareståndet
554 1194 90 20 beslutit
657 1194 160 21 återremittera
832 1194 76 20 rubri-

81 1220 39 21 ken
148 1221 35 20 till
211 1221 101 22 utskottet
337 1221 36 28 för
401 1222 167 27 komplettering
588 1222 10 21 i
619 1222 35 21 det
683 1222 57 28 syfte
762 1222 27 21 hr
810 1221 100 22 Jusélius

81 1249 120 28 föreslagit.

149 1300 96 22 Emedan
260 1302 158 27 propositionen
433 1302 128 21 besvarades
571 1302 49 21 med
636 1302 154 27 öfvervägande
804 1303 41 26 nej,
855 1302 54 21 hade

80 1329 101 21 rubriken
204 1329 171 22 återremitterats
390 1331 32 20 till
445 1331 103 21 utskottet
569 1331 33 20 för
620 1333 30 19 att
664 1331 150 27 kompletteras
830 1331 79 20 därhän

81 1360 30 19 att
126 1358 123 21 densamma
264 1365 57 15 mera
337 1359 181 22 öfverensstämde
533 1359 49 21 med
597 1359 163 28 författningens
774 1359 100 22 innebåll.

148 1415 11 21 I
174 1415 60 28 fråga
249 1422 34 15 om
299 1416 41 21 den
355 1416 64 28 kläm,
435 1423 45 14 som
495 1416 95 28 föregick
607 1417 107 27 rubriken,
729 1417 91 27 föreslog

148 1467 26 20 hr
195 1467 142 27 Federley
363 1469 30 19 att
415 1468 124 21 densamma
562 1468 69 21 skulle
654 1468 32 21 till
708 1467 102 22 utskottet
832 1467 77 22 återre-

79 1495 95 21 mitteras
196 1495 33 20 för
251 1498 30 19 att
305 1496 82 21 affattas
402 1496 7 21 i
425 1496 221 21 öfverensstämmelse
661 1496 50 21 med
726 1496 184 28 borgareständets

79 1523 8 20 i
102 1523 87 22 ärendet
203 1523 79 22 fattade
298 1523 75 22 beslut.
