1103 1811
194 151 41 21 724
524 149 163 33 Kyrkoarkiven.
921 155 26 17 30
960 154 58 22 april.

193 225 161 27 kaupunginkin
377 225 165 27 sanomalehdet,
562 226 67 20 mutta
645 224 123 21 varsinaiset
783 224 85 27 tutkijat
882 223 136 28 pääkaupun-

194 254 56 26 gissa
266 254 117 20 nähtävästi
398 254 56 20 eivät
468 253 63 21 tahdo
547 253 64 21 luoda
627 253 97 21 tällaisiin
740 253 117 21 seikkoihin
873 254 78 18 mitään
967 252 51 20 huo-

194 282 71 26 miota,
287 282 128 26 edellyttäen
439 288 54 14 vaan
516 282 49 21 ettei
580 282 138 20 Natsaretista
734 281 33 21 voi
783 281 52 21 tulla
850 281 79 21 mitään
944 281 73 26 hyvää.

193 310 64 21 Tämä
273 310 44 21 asia
331 310 46 21 olisi
393 310 112 21 kuitenkin
520 312 84 19 saatava
620 310 136 27 muutetuksi,
767 310 21 27 ja
801 309 96 20 niinkuin
909 309 48 20 olen
967 309 52 20 mai-

193 339 92 27 minnut,
301 339 47 21 olen
365 339 60 20 aivan
442 339 99 20 varmasti
558 339 124 20 vakuutettu
693 339 53 26 siitä,
756 340 42 19 että
808 338 32 27 jos
851 337 99 27 arkistoja
961 337 57 20 tulisi

195 367 114 27 useampia,
325 367 131 27 tiheämpään
472 367 152 26 maaseudulle,
640 367 44 20 niin
700 367 39 20 sitä
754 367 108 26 suurempi
878 367 65 26 hyöty
956 365 63 21 niistä

195 395 52 21 olisi.
278 396 69 21 Näillä
361 396 123 27 perusteilla
498 396 74 27 yhdyn
588 395 110 22 kuitenkin
714 395 137 26 täydellisesti
867 395 67 20 toisen
951 396 67 19 vasta-

194 424 87 21 lauseen
305 426 96 25 ponteen.
432 424 52 21 Sillä
505 425 32 26 jos
560 424 102 21 sellainen
683 424 97 25 komitea,
805 423 120 28 jommoista
951 423 66 20 toisen

194 453 147 21 vastalauseen
357 453 64 27 tekijä
436 460 26 13 on
479 453 130 27 ehdottanut,
625 453 57 20 tulisi
697 452 120 26 asetetuksi,
829 452 44 20 niin
885 451 133 28 epäilemättä

195 481 93 21 komitea
311 482 68 20 ottaisi
401 482 71 21 kaikki
495 481 91 21 tällaiset
608 481 131 21 asianhaarat
758 481 140 20 huomioonsa
913 481 20 26 ja
949 480 69 21 silloin

194 511 56 20 tämä
265 510 44 21 asia
325 510 106 21 saataisiin
441 510 159 27 parhaimmalle
611 509 104 22 kannalle.
744 509 105 21 Toivoisin
863 511 42 19 että
916 508 103 28 porvaris-

194 540 59 25 sääty
269 539 122 27 hyväksyisi
407 539 67 21 toisen
491 539 145 20 vastalauseen
652 545 90 20 ponnen.

262 595 34 21 Hr
306 596 121 26 Nysten:
446 595 33 21 Då
487 596 40 20 den
536 595 66 21 andra
610 595 157 21 reservationen
774 595 38 20 har
820 595 75 20 vunnit
904 594 114 20 understöd

193 624 8 20 i
217 624 178 27 borgareständet,
411 624 36 21 vill
462 624 36 27 jag
512 624 82 27 päpeka
609 626 30 19 att
654 624 39 20 den
705 623 117 21 innehäller
831 623 63 27 nägot
903 622 42 22 helt
956 624 64 19 annat

193 654 27 18 än
236 652 121 27 petitionen.
387 653 167 21 Petitionärerna
570 652 84 21 anhälla
669 654 29 19 att
710 652 156 26 kyrkoarkiven
878 651 63 21 mätte
952 651 67 21 bättre

193 682 27 19 än
236 681 75 21 hittills
325 681 93 27 skyddas
433 682 33 20 för
480 681 126 27 förstörelse,
622 681 75 21 medan
714 681 94 20 däremot
824 680 40 21 den
875 680 66 20 andra
954 686 65 14 reser-

194 710 111 20 vationens
327 710 78 27 förslag
426 710 37 26 gär
484 712 23 18 ut
522 710 26 27 pä
564 712 29 18 att
608 710 96 26 samtliga
720 710 58 20 arkiv
794 710 6 19 i
816 708 202 22 landsortsstäderna

194 737 69 21 skulle
286 738 104 28 förläggas
413 739 26 27 pä
461 739 55 20 vissa
539 740 56 18 orter
609 738 7 20 i
632 738 75 20 landet.
738 738 41 20 Det
794 737 106 21 förefaller
915 737 43 27 mig
974 743 44 14 som

194 773 33 14 om
252 767 116 26 petitionen
383 767 8 20 i
407 767 69 21 denna
492 768 54 20 form
562 766 68 21 skulle
647 773 48 14 vara
711 766 108 21 framstäld
835 766 21 20 af
871 766 24 20 hr
911 765 109 21 Melander

194 795 39 20 och
248 795 47 21 icke
311 795 20 20 af
346 795 162 27 petitionärerna
525 795 39 21 och
579 795 89 20 sälunda
683 795 47 20 icke
746 801 50 14 vara
811 794 132 21 tillkommen
959 793 7 20 i
978 793 40 21 den

193 823 92 28 ordning
306 823 21 21 L.
351 823 22 22 O.
396 824 140 21 föreskrifver.
567 823 128 28 Antagligen
719 823 37 20 har
776 823 62 20 äfven
860 823 101 20 utskottet
976 822 44 21 haft

194 858 81 15 samma
291 853 139 26 uppfattning,
446 853 98 20 eftersom
562 852 70 27 nägon
647 852 117 27 beredning
780 852 20 20 af
816 851 40 21 den
873 851 65 21 andra
953 857 66 14 reser-

194 881 111 20 vationens
320 881 77 27 förslag
412 881 7 20 i
435 881 142 21 betänkandet
591 881 47 20 icke
651 880 119 21 förefinnes.
800 881 41 20 För
852 881 42 19 min
907 880 33 20 del
951 879 68 22 skulle

193 909 35 27 jag
251 909 70 20 därför
343 909 56 21 hålla
421 910 45 20 före
488 911 30 19 att
536 909 73 27 frågan
626 916 34 14 om
675 909 97 26 samtliga
788 909 70 21 arsivs
873 909 124 21 förvarande
1014 910 6 19 i

193 937 204 21 landsortsstäderna
415 938 94 21 hvarken
532 940 22 18 är
578 938 62 21 väckt
655 938 52 21 elier
722 938 75 21 utredd
814 938 6 20 i
836 938 41 20 den
893 938 89 26 ordning
997 938 22 20 L.

193 966 23 20 O.
240 966 135 21 föreskrifver
396 967 39 20 och
458 966 68 21 skulle
550 966 70 21 därför
642 966 33 20 för
697 967 42 20 min
764 967 33 20 del
822 967 109 20 hemställa
954 967 66 19 huru-

194 994 48 21 vida
265 994 47 22 icke
335 995 157 21 reservationen
509 1002 33 14 n:o
560 996 12 19 2
589 995 65 21 borde
677 995 81 21 lämnas
774 995 44 21 helt
832 996 39 20 och
887 995 65 21 hållet
969 997 50 19 utan

193 1023 106 27 afseende,
315 1024 63 26 jämte
402 1024 35 20 det
454 1024 35 27 jag
509 1024 88 21 föreslär
621 1025 29 19 att
672 1024 112 21 utskottets
807 1024 133 21 betänkande
955 1024 64 20 mätte

193 1052 130 26 godkännas.

262 1108 153 22 Diskussionen
431 1109 130 21 förklarades
572 1109 50 21 härä
632 1110 96 26 afslutad,
739 1110 105 20 hvarefter
855 1110 25 20 hr
890 1110 129 26 talmannen,

193 1144 44 14 som
254 1137 119 21 förklarade
389 1140 29 19 att
433 1138 41 21 han
490 1138 32 20 för
534 1138 33 20 sin
583 1138 34 21 del
632 1138 46 20 icke
694 1138 65 27 ansäg
775 1138 41 21 den
828 1138 65 21 andra
905 1138 29 21 till
949 1138 70 21 betän-

193 1166 80 21 kandet
296 1166 75 27 fogade
387 1167 157 20 reservationen
560 1167 32 21 stä
607 1167 6 20 i
630 1167 49 20 strid
696 1167 48 21 med
760 1166 22 22 L.
799 1167 29 27 O.,
844 1167 122 21 framstälde
981 1167 38 21 föl-

192 1194 64 27 jande
273 1195 280 27 omröstningsproposition:

263 1251 39 26 De,
318 1251 74 21 hvilka
406 1252 116 27 godkänna
533 1252 113 21 utskottets
657 1252 133 21 betänkande
801 1252 149 27 oförändradt,
961 1254 58 19 rösta

188 1279 39 28 ja;
243 1279 32 25 de,
292 1280 35 21 det
341 1280 44 21 icke
399 1283 60 24 göra,
474 1282 58 19 rösta
548 1281 48 26 nej;

263 1308 80 21 vinner
357 1309 42 27 nej,
410 1309 42 20 har
462 1309 175 27 borgareständet
648 1310 103 27 omfattat
762 1310 42 21 den
814 1309 72 21 andra
897 1309 35 21 till
943 1309 74 21 betän-

193 1337 81 21 kandet
288 1337 77 27 fogade
379 1338 167 21 reservationen.

263 1394 50 21 Med
329 1395 154 27 öfvervägande
498 1395 21 27 ja
535 1395 43 21 blef
593 1395 110 21 utskottets
720 1395 133 22 betänkande
870 1399 50 18 utan
931 1397 88 27 ändring

193 1422 114 27 godkändt.
