1103 1811
197 148 42 21 676
502 147 226 33 Boskapstuberkulos.
933 156 22 16 21
969 155 58 21 april.

268 223 70 21 Bland
361 223 94 21 ståndets
477 224 139 20 medlemmar
635 224 55 20 hade
705 224 93 21 utdelats
813 224 40 21 och
868 224 113 22 bordlades
996 224 32 21 till

198 254 61 19 nästa
274 252 97 28 plenum:

269 309 213 21 ekonomiutskottets
496 309 134 20 betänkande
645 315 35 14 n:o
697 309 27 20 14
739 309 7 20 i
762 309 115 27 anledning
892 309 21 21 af
928 311 30 19 ett
969 310 59 20 inom

199 337 156 22 bondeståndet
369 337 119 22 framstäldt
498 337 178 28 petitionsförslag
686 339 30 20 att
727 338 104 26 styrelsen
841 338 64 21 måtte
915 338 18 27 ej
945 338 82 21 mindre

198 366 124 21 införskaffa
333 366 114 27 utredning
458 367 56 20 huru
526 366 88 21 allmänt
625 366 179 22 tuberkulosen
817 368 23 19 är
850 366 91 21 utbredd
951 366 77 23 bland

199 395 126 28 boskapen
348 395 7 20 i
378 395 72 21 landet
472 397 54 18 samt
549 395 6 20 i
570 395 55 20 hvad
641 395 50 20 mån
707 395 139 27 sjukdomens
860 395 111 27 spridning
985 395 41 21 kan

199 424 98 21 hämmas
319 429 78 22 genom
419 423 137 27 användning
571 423 21 21 af
607 423 130 26 tuberkulin,
752 425 27 19 än
796 424 91 21 därefter
901 424 85 27 vidtaga
1001 424 26 20 de

199 452 105 27 åtgärder,
318 452 72 21 hvilka
406 452 40 21 den
462 458 72 15 vunna
549 452 142 27 utredningen
706 452 42 21 kan
764 452 96 21 befinnas
875 452 92 28 påkalla;

266 509 171 21 bankutskottets
459 509 133 21 betänkande
616 515 34 14 n:o
674 510 12 19 2
710 509 8 20 i
740 509 116 28 anledning
878 510 21 20 af
922 510 106 21 värkstäld

199 538 132 27 granskning
347 538 20 21 af
381 537 118 22 Finlands
514 537 80 22 Banks
610 538 105 27 styrelse
731 537 47 23 och
793 537 154 29 förvaltning
960 538 68 21 under

198 567 51 20 åren
266 566 151 27 1894—1896;
433 567 54 20 samt

269 623 108 21 allmänna
398 624 212 27 petitionsutskottets
634 624 134 21 betänkande
790 631 34 14 n:o
848 624 26 21 17
889 624 7 20 i
913 624 114 27 anledning

199 652 21 20 af
246 654 79 19 tvänne
351 653 8 19 i
382 652 98 28 borgare-
502 653 38 20 och
564 652 162 22 bondeständen
748 653 82 27 ingifna
850 653 177 27 petitionsförslag

199 680 112 28 angående
327 681 126 27 statsbidrag
468 682 32 20 för
515 681 111 21 aflönande
642 682 21 20 af
674 681 195 23 ambulatoriska
879 681 148 28 sjuksköter-

199 709 58 22 skor
273 709 10 22 i
297 709 225 23 landskommuner.

269 852 118 27 Föredrogs
410 859 26 14 en
459 852 47 21 från
526 852 107 21 allmänna
656 853 203 26 petitionsutskottet
874 854 78 21 anländ
967 854 60 20 skrif-

199 881 64 25 velse,
288 881 59 20 hvari
369 881 102 21 utskottet
493 881 71 20 anhöll
587 883 30 19 att
632 881 174 27 borgareståndet
821 882 49 21 ville
886 884 46 19 utse
947 883 80 25 ytterli-

199 916 50 20 gare
272 916 27 14 en
322 909 112 27 suppleant
456 909 33 21 till
511 909 111 27 utskottet;
638 910 40 20 och
694 909 44 22 blef
752 910 113 21 utskottets
880 911 7 20 i
902 911 125 21 skrifvelsen

198 938 78 27 gjorda
292 938 98 20 anhållan
405 938 21 20 af
441 938 83 20 ståndet
539 938 105 27 godkänd,
658 938 8 20 i
681 938 117 27 anledning
813 939 74 21 hvaraf
901 940 25 20 hr
940 940 87 20 talman-

199 973 43 14 nen
259 966 134 28 uppmanade
408 966 94 22 ståndets
518 966 104 22 elektorer
638 968 30 20 att
683 967 22 21 så
720 967 42 21 fort
778 968 36 20 ske
830 968 71 20 kunde
915 968 112 21 värkställa

198 994 161 28 ifrågavarande
376 995 39 21 val.

269 1136 33 22 Hr
324 1137 123 21 talmannen
464 1138 97 21 anmälde
577 1140 30 19 att
623 1138 94 22 ståndets
730 1139 236 27 diskussionsprotokoll
981 1139 46 21 från

198 1165 65 27 plena
285 1166 40 20 den
347 1166 26 20 26
397 1166 39 21 och
460 1167 26 20 30
507 1167 95 21 sistlidna
620 1174 57 14 mars
692 1170 54 19 samt
762 1168 19 27 1,
797 1168 19 27 2,
830 1168 12 20 6
859 1168 39 20 och
913 1169 13 19 8
941 1168 86 21 inneva-

199 1194 94 21 varande
317 1194 52 27 april
390 1195 93 27 förelågo
499 1195 81 27 färdiga
596 1196 32 20 till
642 1196 110 27 justering,
768 1196 39 21 och
823 1196 62 27 utsåg
899 1196 26 21 hr
939 1197 89 20 talman-

198 1228 42 15 nen
256 1223 37 20 hrr
311 1222 130 28 Pentzin,
458 1223 151 22 Lönnbeck
625 1225 39 20 och
679 1224 125 28 Löfgren
820 1226 30 19 att
864 1225 79 27 justera
958 1227 70 26 proto-

198 1250 73 21 kollen
294 1251 33 20 för
349 1251 40 21 den
413 1252 26 20 26
456 1253 39 20 och
511 1253 25 20 30
552 1259 56 14 mars
625 1253 10 20 1
652 1253 53 27 april
721 1255 55 19 samt
790 1253 36 20 hrr
840 1253 117 28 Nysten,
978 1254 50 27 Ny-

198 1279 77 28 berg,
298 1280 92 27 Arvid,
412 1281 39 20 och
466 1280 89 21 Lindh
570 1281 133 28 protokollen
718 1282 33 21 för
766 1282 42 21 den
824 1282 19 27 2,
858 1282 12 20 6
887 1282 39 21 och
941 1283 13 20 8
969 1283 58 26 april.

255 1421 46 32 Hr
323 1422 98 27 Hjelts
444 1423 99 21 anhållan
567 1430 34 14 om
624 1424 94 27 ledighet
739 1424 47 21 från
809 1427 60 19 nästa
891 1425 86 28 plenum
995 1427 33 20 för

198 1449 99 22 enskilda
313 1451 177 27 angelägenheter
505 1452 43 20 blef
564 1453 21 20 af
600 1452 83 22 ståndet
699 1453 93 21 bifallen.
