1103 1811
191 152 41 21 150
548 160 23 16 12
592 160 2 21 8
606 160 21 16 L.
641 159 22 17 O.
935 159 23 16 12
971 158 51 17 febr.

192 228 160 20 ensstämmelse
373 228 49 20 med
444 228 55 20 hvad
516 228 114 21 ständerna
646 228 57 21 säväl
719 228 88 26 tidigare
823 228 35 20 vid
874 227 22 21 L.
912 228 36 21 O:s
964 230 58 18 anta-

191 256 76 27 gande,
289 262 46 14 som
348 256 34 20 vid
400 257 60 26 1877,
477 257 54 20 1882
548 257 38 21 och
604 257 55 20 1885
675 257 32 20 ärs
724 256 125 27 landtdagar
863 257 63 20 hafva
941 256 80 22 uttalat.

259 284 43 27 Jag
317 284 43 27 ber,
376 285 88 20 likasom
479 285 25 20 hr
520 285 58 27 Lille,
594 285 22 20 fä
630 286 85 19 förorda
726 285 74 20 remiss
812 285 20 20 af
844 286 57 20 detta
913 286 108 26 petitions-

191 313 111 20 memorial
318 313 32 20 till
366 313 142 27 lagutskottet,
523 320 49 14 men
589 320 63 14 anser
667 316 29 19 att
711 313 138 27 lagutskottet
864 313 27 21 dä
906 313 61 21 äfven
984 313 37 21 bör

190 343 49 24 taga
260 341 69 21 under
352 341 155 27 öfvervägande
530 342 75 27 frägan
627 349 34 14 om
683 342 117 21 valcensus.
831 341 112 22 Likaledes
959 342 59 21 torde

190 369 35 21 det
246 376 50 14 vara
317 370 46 20 skäl
386 372 35 23 att,
442 370 26 21 dä
486 377 27 14 en
532 371 56 26 gäng
606 371 73 26 frägan
697 377 35 14 om
747 371 90 26 ändring
853 371 21 20 af
889 370 22 21 L.
927 371 24 20 O.
966 371 55 20 före-

190 398 72 27 ligger,
284 398 138 27 lagutskottet
444 399 68 20 skulle
531 401 48 25 taga
598 399 7 20 i
624 399 156 27 öfvervägande
796 399 105 20 huruvida
916 399 47 20 icke
979 399 42 20 den

190 427 64 23 älder,
274 427 35 20 vid
327 427 86 21 hvilken
433 427 74 21 valrätt
525 427 32 21 fär
575 428 90 26 utöfvas,
680 428 70 20 skulle
765 428 59 26 höjas
840 427 46 21 frän
902 428 26 19 21
945 427 32 20 till
993 428 27 19 25

189 456 29 20 är.
241 455 42 22 Det
298 462 65 20 synes
378 456 106 26 nämligen
498 456 71 21 säsom
584 463 36 14 om
635 456 55 27 goda
705 456 46 21 skäl
767 456 68 21 skulle
851 456 42 21 tala
908 456 33 20 för
955 457 30 19 att
1000 455 21 21 af

190 484 41 21 den
254 484 94 27 politiskt
368 484 164 27 valberättigade
554 485 71 20 fordra
647 491 25 14 en
694 491 102 21 mognare
817 484 59 21 ålder
893 486 27 19 än
936 484 21 21 af
972 484 47 27 den,

190 519 45 14 som
255 515 23 18 är
296 513 152 27 valberättigad
466 513 6 20 i
489 513 138 21 kommunala
642 513 99 21 ärenden.
772 513 32 20 Dä
820 513 41 21 den
877 520 30 13 nu
922 512 98 27 gällande

191 541 162 27 bestämningen
369 548 33 14 om
419 542 23 20 21
461 541 23 20 år
499 542 99 22 infördes,
615 549 37 13 var
667 542 108 22 valrätten,
791 541 69 21 såsom
876 542 71 25 kändt,
963 543 58 18 ännu

189 570 111 21 inskränkt
316 570 31 21 till
363 570 64 26 nägra
442 570 20 21 fä
478 570 80 21 klasser
568 571 22 20 af
600 571 139 26 medborgare
750 571 6 19 i
768 571 45 20 stad
827 570 39 21 och
879 570 70 21 därtill
962 572 58 20 ännu

190 598 41 20 alla
247 598 26 20 de
289 599 110 25 undantag
414 599 78 26 gjorda,
507 605 44 14 som
568 599 50 27 ingä
634 600 6 19 i
656 605 63 14 mom.
736 600 18 25 3,
770 599 84 20 hvarför
865 599 36 20 det
911 599 27 19 dä
949 599 71 20 kunde

190 633 61 14 anses
273 627 47 21 icke
341 627 95 20 medföra
455 627 69 27 någon
547 627 53 21 väda
620 630 30 18 att
665 627 103 21 fastställa
783 634 26 14 en
825 627 24 21 sä
864 627 34 27 låg
913 627 59 20 ålder
987 627 32 20 för

190 655 77 21 valrätt
282 662 46 14 som
344 656 25 20 21
387 655 28 21 är.

259 684 33 20 Hr
315 684 98 20 Stenroth
435 684 37 20 har
495 684 87 27 nyligen
604 684 84 28 uppläst
708 686 30 19 ett
758 684 108 20 uttalande
888 684 21 20 af
924 684 43 25 mig
983 683 35 21 vid

192 712 55 20 1894
263 712 34 20 ärs
311 712 102 27 landtdag
428 713 37 20 och
481 712 68 28 frägat
562 720 34 13 om
609 714 35 26 jag
654 713 130 21 fortfarande
797 712 43 21 stär
851 712 33 20 vid
897 712 121 20 detsamma.

189 740 41 27 Jag
251 741 41 20 kan
313 743 57 25 trygt
391 741 68 21 därtill
481 748 60 14 svara
562 742 26 26 ja,
611 744 21 24 tv
656 742 60 20 äfven
737 741 27 21 dä
780 741 117 27 äberopade
912 741 35 27 jag
963 742 56 18 stän-

191 769 76 20 dernas
289 770 89 26 petition
401 770 35 19 vid
458 770 54 20 1882
533 770 33 20 ärs
587 770 106 26 landtdag,
716 770 45 20 däri
778 770 33 19 för
826 770 103 19 utsträckt
944 769 75 20 valrätt

189 797 125 21 förordades
335 797 116 22 valcensus.
482 798 40 27 Jag
544 799 94 20 uttalade
658 799 62 20 äfven
743 798 27 20 dä
785 800 30 18 att
830 798 102 20 valrätten
949 797 69 20 skulle

191 826 118 21 utsträckas
330 826 32 21 till
384 827 25 20 de
431 827 144 26 medborgare,
597 833 45 14 som
664 827 69 20 betala
754 827 71 20 därför
846 826 95 21 faststäld
957 826 61 26 skatt,

191 855 69 20 säsom
276 855 35 26 jag
327 855 71 26 tyckte
414 855 64 20 orden
494 855 50 21 föllo
560 856 7 19 i
583 856 35 20 det
634 855 21 21 af
669 855 25 20 hr
709 855 99 21 Stenroth
823 855 96 27 upplästa
930 854 87 27 stycket.

191 883 87 21 Säledes
300 883 117 22 detsamma
437 890 45 14 som
501 884 35 26 jag
557 891 29 13 nu
607 886 70 24 yttrat.
707 883 33 21 Hr
761 883 99 21 Stenroth
875 883 38 20 har
928 886 46 24 sagt
989 884 30 19 att

191 911 40 21 den
254 911 131 27 ständpunkt
407 912 23 20 hr
448 912 52 20 Lille
516 912 38 21 och
571 919 29 13 nu
616 913 62 20 äfven
693 912 36 27 jag
744 912 71 27 intaga
830 913 24 19 är
869 914 29 18 ett
913 918 43 14 non
972 917 47 21 pos-

191 946 80 14 sumus.
301 940 42 20 Det
363 942 22 18 är
406 943 29 18 ett
455 947 43 14 non
517 947 111 21 possumus
645 941 73 20 sävida
734 947 48 13 man
799 940 55 21 afser
870 942 29 18 att
913 940 50 20 med
978 939 41 21 för-

191 968 118 27 ändringen
328 969 21 20 af
367 969 12 27 &
397 969 25 20 12
438 969 6 20 i
459 968 22 22 L.
498 969 22 21 O.
537 969 146 22 åstadkomma
698 976 26 14 en
742 968 103 27 väsentlig
860 968 123 26 förändring
999 968 21 20 af

191 997 184 27 borgareständets
399 998 101 23 karaktär,
524 1004 25 14 en
573 998 108 26 rubbning
701 998 23 20 sä
748 1000 30 18 att
798 999 52 25 säga
868 997 21 21 af
903 997 116 27 jämvikten

190 1026 80 20 mellan
292 1026 26 20 de
340 1026 56 20 olika
415 1026 173 27 samhällslagren
610 1027 34 20 vid
667 1026 68 21 valen.
766 1026 50 21 Men
838 1026 35 20 det
891 1028 22 18 är
928 1025 47 21 icke
991 1027 30 19 ett

190 1060 42 14 non
253 1061 113 20 possumus
382 1055 6 19 i
405 1055 97 21 afseende
518 1055 12 20 ä
546 1055 144 27 afhjälpandet
705 1055 22 21 af
742 1055 26 20 de
784 1054 76 21 brister
875 1054 38 20 och
929 1054 91 26 otydlig-

190 1083 65 26 heter,
277 1089 46 15 som
342 1083 84 21 vidläda
444 1084 12 26 $
474 1084 24 20 12
515 1084 6 20 i
536 1083 23 21 L.
576 1084 23 20 0.
629 1084 98 20 Tvärtom
742 1083 96 21 förordar
853 1083 57 20 detta
925 1083 47 20 mitt
987 1084 33 18 ut-

190 1111 86 21 talande
292 1112 79 26 ganska
388 1112 114 27 väsentliga
518 1112 116 27 ändringar
648 1113 6 19 i
671 1112 70 21 denna
756 1112 102 27 paragraf.
879 1111 32 21 Hr
921 1111 99 21 Stenroth

190 1140 38 20 har
251 1140 71 21 vidare
345 1140 74 21 uttalat
440 1141 34 20 sitt
494 1141 131 27 beklagande
642 1141 58 21 öfver
716 1143 30 18 att
761 1140 125 27 regeringen
902 1140 31 20 till
950 1140 71 20 denna

190 1168 103 28 landtdag
307 1169 47 21 icke
370 1169 102 21 framstält
487 1170 69 26 någon
572 1170 129 26 proposition
718 1170 6 20 i
740 1171 76 19 ämnet.
839 1168 41 27 Jag
893 1168 41 20 kan
945 1170 75 18 nästan

190 1197 75 20 förena
280 1198 44 25 mig
339 1198 7 19 i
362 1198 56 20 detta
435 1198 113 26 uttalande,
564 1200 29 24 tv,
609 1198 23 20 sä
647 1198 56 20 olika
719 1198 139 26 meningarna
873 1199 36 18 äro
925 1197 58 20 inom
994 1196 26 21 de

191 1225 56 21 olika
263 1226 112 27 partierna,
391 1228 43 18 tror
448 1227 35 26 jag
498 1226 46 21 icke
561 1229 30 18 att
607 1227 35 20 det
658 1226 83 27 förslag,
757 1232 44 14 som
818 1225 69 21 under
902 1225 61 20 dessa
979 1225 42 20 för-

190 1253 114 22 hällanden
326 1255 77 20 väckes
425 1255 44 20 frän
494 1255 35 20 det
552 1261 40 14 ena
617 1255 52 20 eller
689 1255 65 20 andra
774 1254 70 26 hället,
860 1254 40 20 kan
917 1254 46 20 frän
979 1253 41 20 den

191 1282 67 21 andra
280 1283 59 20 sidan
357 1285 123 25 accepteras.
512 1283 74 21 Under
601 1283 78 21 sädana
695 1283 147 20 förhällanden
858 1284 23 19 är
895 1282 36 21 det
946 1281 75 21 endast

190 1311 128 21 förbehället
333 1317 26 14 en
375 1312 101 20 statsklok
492 1313 103 26 regering,
612 1319 45 14 som
673 1312 40 20 kan
726 1311 60 21 ställa
797 1312 32 26 sig
840 1311 59 20 öfver
909 1311 112 26 partierna,

190 1341 31 19 att
236 1339 27 27 pä
279 1340 106 27 objektiva
401 1340 44 21 skäl
460 1341 117 20 framställa
593 1343 29 18 ett
638 1341 84 26 förslag,
737 1340 85 23 hvilket,
839 1340 6 20 i
861 1340 42 20 viss
916 1339 51 26 grad
979 1338 58 23 till-
1026 1334 14 39 .

190 1368 152 27 mötesgäende
365 1369 101 20 hvardera
486 1371 80 25 parten,
587 1369 41 20 kan
652 1369 63 20 vinna
737 1369 129 26 anslutning.
896 1367 50 21 Men
962 1373 59 19 rege-

190 1396 77 27 ringen
283 1397 43 26 har,
343 1397 69 20 säsom
427 1397 66 27 sagdt,
509 1397 46 22 icke
572 1400 70 19 ansett
652 1398 31 25 sig
695 1397 74 21 kunna
780 1397 116 20 framställa
907 1398 30 19 ett
947 1396 74 20 sädant

190 1425 86 28 förslag,
292 1426 21 20 af
328 1425 71 21 hvilka
415 1426 50 27 skäl,
481 1426 34 21 det
531 1427 81 20 känner
627 1427 35 26 jag
677 1426 53 21 icke.

261 1482 33 21 Hr
308 1482 86 21 Lille:
413 1482 31 22 Hr
460 1483 98 21 Stenroth
573 1483 39 21 har
627 1484 31 20 uti
673 1490 87 20 granna,
776 1482 33 20 väl
825 1482 115 27 klingande
955 1481 67 20 fraser

190 1511 77 21 uttalat
282 1512 32 19 sin
330 1511 132 26 indignation
478 1512 60 20 öfver
553 1512 41 20 den
610 1512 132 21 reaktionära
758 1511 130 26 ständpunkt
905 1511 35 26 jag
952 1509 69 21 skulle

190 1540 74 27 intaga
287 1541 5 18 i
316 1540 38 20 och
376 1540 47 20 med
440 1540 35 28 det
496 1540 78 25 förslag
590 1541 34 27 jag
640 1540 53 21 hade
709 1541 51 19 äran
776 1539 121 20 framställa.
927 1539 42 26 Jag
984 1538 38 20 har
