1103 1811
185 141 42 21 230
363 146 119 20 Tryckning
495 146 23 17 af
528 147 51 20 pet.-
591 146 40 17 och
642 146 49 17 mot.
703 145 141 18 memorialen.
930 146 23 17 15
965 145 51 18 febr.

186 217 31 19 tet
231 214 33 22 till
279 214 130 28 behandling
420 214 111 28 företagas,
547 214 87 22 beslutit
649 216 30 20 att
691 214 66 28 sagda
767 214 113 28 petitioner
889 214 40 22 och
941 215 75 21 motio-

188 250 39 14 ner
250 243 57 27 böra,
329 244 66 20 sedan
417 243 26 22 de
459 243 69 21 blifvit
543 243 32 21 till
590 243 37 21 det
642 243 65 21 andra
722 243 112 21 inhemska
849 243 85 27 språket
948 244 68 20 öfver-

185 274 62 24 satta,
269 272 32 20 till
319 272 62 27 tryck
403 272 109 21 befordras
526 274 56 19 samt
597 272 64 20 bland
677 272 113 22 utskottets
812 272 141 20 medlemmar
977 272 39 21 och

185 300 140 27 suppleanter
346 300 92 26 utdelas;
461 300 40 21 och
522 300 38 21 har
574 300 46 27 lag-
635 300 39 21 och
687 300 204 21 ekonomiutskottet
905 300 38 21 hos
956 302 61 19 stats-

186 328 104 21 utskottet
305 329 55 26 gjort
375 328 155 28 framställning
546 335 34 14 om
596 329 128 27 vidtagande
740 329 21 20 af
774 328 26 21 de
810 329 151 28 anordningar,
971 335 45 15 som

186 357 27 28 på
228 357 71 27 grund
315 357 60 21 häraf
389 357 72 21 kunde
476 364 50 14 vara
541 357 119 28 påkallade.

256 385 12 21 I
283 385 138 22 betraktande
437 385 59 22 däraf
508 387 30 20 att
548 386 36 21 det
594 385 67 22 måste
671 385 65 22 lända
746 385 102 22 motions-
859 386 39 21 och
908 386 109 27 petitions-

187 413 130 22 ärendernas
340 414 129 28 behandling
487 415 38 20 hos
540 414 159 21 vederbörande
715 414 81 21 utskott
811 414 33 21 till
858 421 62 20 gagn,
935 421 34 14 om
985 417 32 18 ut-

187 443 97 21 skottens
299 443 140 21 medlemmar
452 443 8 20 i
475 443 41 28 god
532 443 31 21 tid
578 443 64 21 hafva
657 443 89 27 tillgång
761 443 32 21 till
809 443 84 26 tryckta
907 443 110 27 exemplar

186 471 23 21 af
223 471 103 22 motions-
341 471 40 22 och
396 471 244 28 petilionsmemorialen,
656 471 40 22 och
712 471 27 21 då
754 471 36 22 det
804 471 79 28 jämväl
894 477 49 15 vore
954 471 63 21 önsk-

187 499 40 28 ligt
249 501 31 20 att
299 500 74 21 kunna
395 500 63 28 något
477 500 118 27 nedbringa
616 500 144 21 kostnaderna
774 500 33 21 för
821 499 196 28 landtdagstrycket

187 535 80 20 genom
282 530 31 19 att
328 528 94 21 undvika
437 529 79 21 dubbel
531 529 115 27 tryckning
661 529 21 20 af
697 529 90 21 berörda
802 529 132 27 handlingar,
946 528 71 21 hvilka

187 557 76 21 hittills
284 557 23 21 in
329 559 89 20 extenso
441 557 67 28 ingått
531 558 19 27 ej
574 557 54 21 blott
642 557 7 21 i
664 557 120 22 utskottens
800 557 149 22 betänkanden
965 559 52 19 utan

189 585 39 21 ock
244 585 8 21 i
267 585 101 21 ståndens
386 586 110 27 protokoll,
517 586 39 20 har
570 586 156 20 statsutskottet
741 587 69 19 ansett
832 585 93 28 följande
948 586 69 20 förän-

188 614 67 21 drade
270 614 91 27 ordning
376 614 128 21 härutinnan
520 621 50 14 vara
585 614 179 28 ändamålsenlig:

259 643 33 21 1:o
317 642 61 22 Inom
395 642 173 28 borgareståndet
582 642 60 22 skola
658 642 99 28 samtliga
772 642 109 22 därstädes
894 642 123 22 framstälda

187 671 219 27 petitionsmemorial,
421 671 7 21 i
443 671 41 21 den
504 671 91 27 ordning
611 671 26 21 de
657 672 129 27 föredragas,
801 671 21 21 af
837 671 95 21 ståndets
947 671 70 21 sekre-

188 701 69 19 terare
273 700 67 20 förses
355 700 49 21 med
419 700 133 28 rubricering
567 700 76 28 upptill
658 700 101 21 sålunda:

447 779 312 32 »Petitionsmemorial.

258 838 107 36 Borg.st.
834 842 43 23 N:o
892 842 57 23 00.€

189 901 56 19 samt
259 899 58 21 inom
333 899 68 28 öfriga
415 900 62 20 stånd
489 899 27 28 pä
530 900 149 21 motsvarande
694 902 42 19 sätt
750 899 127 28 rubriceras.

259 929 34 20 2:0
323 928 81 28 Hvarje
419 928 80 22 utskott
514 928 130 28 ombesörjer
659 930 30 20 att
705 928 27 22 de
747 928 33 22 till
792 930 118 20 detsamma
925 928 93 21 remitte-

189 956 51 22 rade
263 956 238 28 petitionsmemorialen
524 959 52 19 utan
599 957 100 27 dröjsmäl
715 957 66 21 varda
796 957 54 21 efter
864 957 57 21 hand
936 956 83 28 tryckta

190 985 50 21 med
258 985 88 27 petitstil
367 985 69 21 såsom
451 986 103 20 härintills
570 988 55 19 samt
640 986 48 21 med
704 986 66 20 ofvan
784 986 88 27 angifna
887 985 132 28 rubricering

189 1014 40 20 och
244 1014 131 27 numrering.

259 1043 34 20 3:o
323 1042 81 28 Hvarje
419 1042 109 22 memorial
544 1043 86 27 tryckes
645 1043 70 21 såsom
731 1045 30 19 ett
776 1043 64 21 skildt
856 1043 117 21 dokument
987 1042 33 22 för

189 1070 33 28 sig
238 1071 40 21 och
293 1071 8 21 i
315 1070 24 22 sä
353 1072 44 20 stor
412 1071 90 28 upplaga
517 1070 28 29 pä
559 1072 104 21 hvardera
678 1072 92 28 spräket,
786 1078 46 15 som
849 1073 118 19 motsvarar
977 1071 42 21 den

189 1100 34 20 för
241 1099 120 22 utskottens
375 1099 149 23 betänkanden
539 1100 111 22 faststälda
664 1100 114 28 upplagan,
794 1100 50 21 med
860 1100 73 28 tillägg
948 1100 22 21 af
985 1100 35 21 det

189 1128 57 21 anta]
275 1128 115 28 exemplar,
413 1135 46 14 som
487 1130 23 20 är
536 1128 107 22 bestämdt
667 1129 33 21 för
724 1136 54 20 resp.
804 1129 73 21 ständs
909 1128 110 28 protokoll.

190 1156 242 22 Petitionsmemorialen
448 1157 95 27 vidfogas
558 1158 27 27 pä
600 1158 103 21 hvardera
719 1158 92 27 spräken
826 1158 69 20 säsom
911 1157 70 27 bilaga
993 1157 26 21 de

189 1185 248 27 utskottsbetänkanden,
460 1192 46 15 som
528 1186 7 20 i
550 1186 117 27 anledning
689 1186 22 21 af
729 1186 49 22 dem
794 1186 95 27 afgifvas,
910 1186 110 21 hvaremot

189 1213 28 21 de
240 1213 33 21 för
295 1213 100 22 ständens
417 1213 105 28 protokoll
544 1215 88 20 afsedda
650 1215 138 27 exemplaren
803 1214 86 27 tryckas
904 1214 75 21 endast
993 1213 27 28 pä

189 1242 145 21 memorialets
356 1242 151 28 originalspräk
530 1243 40 21 och
590 1243 142 21 öfverlämnas
755 1243 33 21 till
806 1242 101 22 ständens
927 1242 94 25 kanslier

190 1270 33 21 för
239 1272 30 19 att
285 1271 82 27 bifogas
378 1271 100 21 ständens
488 1271 258 28 förhandlingsprotokoll,
757 1271 32 21 uti
799 1271 73 21 hvilka
882 1271 136 21 memorialen

188 1298 127 22 hädanefter
337 1299 46 22 icke
406 1299 68 22 skulle
495 1300 114 27 intryckas,
632 1303 51 19 utan
702 1300 76 21 endast
792 1300 129 27 hänvisning
936 1299 37 22 ske
988 1299 32 22 till

189 1327 68 28 sagda
272 1327 87 28 bilagor.

260 1356 35 21 4:0
324 1356 31 21 På
365 1357 111 21 enahanda
488 1358 41 20 sätt
539 1357 89 21 förfares
638 1357 48 21 med
697 1357 240 26 motionsmemorialen,
948 1356 72 21 hvilka

189 1384 23 21 af
226 1390 55 23 resp.
297 1385 129 22 sekreterare
441 1386 7 21 i
464 1385 89 22 stånden
570 1392 109 15 numreras
695 1386 41 21 och
751 1385 120 22 rubriceras
886 1383 101 24 sålunda:

542 1465 127 31 »Motion.

260 1524 106 37 Borg.st.
832 1528 46 23 N:o
893 1528 60 23 00.€
