1103 1811
73 142 23 18 16
109 146 61 12 mars.
394 130 190 37 Pantlänerörelse.
862 133 41 23 445

74 210 93 27 lidande,
183 210 72 20 hvilka
270 210 123 26 därigenom
409 209 71 21 blefve
495 209 57 27 ånyo
567 209 92 27 häjdlöst
673 208 88 22 kastade
776 209 7 21 i
795 209 109 21 händerna

73 240 28 27 på
123 239 94 27 ockrare,
239 244 46 15 som
305 238 8 20 i
327 238 87 20 löndom
431 238 97 21 bedrifva
542 238 33 20 sin
592 238 81 27 näring,
688 240 52 18 utan
755 240 94 19 samvete
864 238 39 21 och

73 270 51 19 utan
141 267 97 21 kontroll.
264 266 41 27 Jag
320 266 65 28 vågar
399 266 27 28 på
441 266 43 21 alla
498 266 62 21 dessa
575 266 94 27 grunder
683 268 68 19 motse
764 268 30 19 att
805 266 99 27 borgare-

73 296 89 27 ståndet,
185 302 45 14 som
254 295 59 21 alltid
335 295 106 21 härintills
463 295 97 27 iakttagit
576 302 25 13 en
617 294 75 21 liberal
707 295 101 26 ställning
822 295 7 20 i
844 295 59 27 fråga

73 331 34 14 om
131 324 152 27 näringslifvet,
303 323 47 22 icke
373 323 54 21 skall
448 323 50 21 med
516 323 34 21 sin
565 325 44 19 röst
625 323 87 28 bidraga
727 323 30 21 till
774 323 129 22 tillkomsten

73 353 22 21 af
117 359 27 15 en
166 353 35 27 lag
222 353 7 20 i
246 352 56 21 detta
317 352 121 27 retrograda
454 352 62 27 syfte,
533 354 22 25 ty
571 352 67 21 bättre
654 354 23 19 är
691 352 65 27 ingen
771 352 132 27 lagstiftning

73 381 39 21 alls
135 383 26 19 än
185 388 26 15 en
226 381 139 28 lagstiftning,
380 387 47 14 som
442 381 38 27 går
495 381 7 20 i
518 381 41 21 den
576 381 100 27 riktning,
691 381 86 20 hvilken
793 381 88 21 föreslås
895 381 8 20 i

74 410 41 21 den
131 410 78 27 nådiga
227 409 164 28 propositionen.
421 409 50 22 Men
488 409 26 22 då
530 409 124 28 emellertid,
669 409 70 21 såsom
754 409 65 21 redan
836 410 67 21 komi-

74 440 36 19 tén
130 439 39 21 har
189 438 120 27 framhållit,
324 445 27 14 en
367 438 90 21 särskild
472 438 134 27 lagstiftning
620 438 28 27 på
662 438 139 21 förevarande
816 439 86 20 område

73 467 65 21 likväl
153 469 24 20 är
191 468 22 21 af
228 466 208 28 omständigheterna
451 467 99 27 påkallad
563 467 39 21 och
613 467 129 21 tillkomsten
754 467 59 20 däraf
821 467 82 21 således

73 496 89 27 önsklig,
185 498 60 25 tager
265 496 36 27 jag
322 496 44 27 mig
388 495 91 22 friheten
495 496 131 21 understöda
641 495 40 22 den
698 495 66 21 andra
780 495 123 22 reservatio-

74 531 41 14 nen
131 525 40 20 och
186 526 79 19 motser
280 524 82 21 således
377 526 31 19 att
423 524 175 28 borgareståndet
613 524 64 21 måtte
690 524 32 21 till
739 524 101 21 utskottet
848 524 55 21 åter-

73 553 108 21 remittera
204 553 142 21 betänkandet
367 553 8 20 i
398 553 100 21 afseende
522 553 12 20 å
554 553 148 27 omarbetning
717 553 7 20 i
740 553 35 20 det
790 553 55 27 syfte
860 553 41 21 den

73 582 66 21 andra
154 582 169 21 reservationens
339 581 170 22 undertecknare
524 581 114 27 föreslagit.

142 638 33 22 Hr
197 638 176 28 Stigzelius:
403 638 11 21 I
437 638 45 21 min
505 638 128 21 reservation
657 638 38 21 har
712 638 36 27 jag
762 638 48 21 sökt
824 638 77 28 ådaga-

75 668 61 27 lägga
159 669 30 19 att
211 668 64 26 något
297 667 90 27 värkligt
403 667 63 21 behof
482 667 21 21 af
518 674 27 14 en
560 666 216 28 lagstiftningsåtgärd
791 667 8 20 i
814 667 36 21 det
865 667 37 21 här

73 696 120 28 föreslagna
209 696 64 27 syftet
287 696 46 21 icke
349 695 75 21 finnes.
446 696 109 21 Utskottet
570 698 61 24 säger
646 696 57 26 själft
718 696 26 26 på
758 696 46 20 sida
819 696 13 20 2
847 696 7 20 i
866 696 36 20 sitt

74 725 133 21 betänkande
222 727 36 25 att,
273 727 59 19 utom
347 724 27 21 de
389 724 107 21 allmänna
511 724 274 28 pantlåneinrättningarna,
800 725 19 26 ej
835 724 67 21 häller

74 754 38 21 hos
135 760 34 14 oss
191 754 70 26 någon
283 753 82 21 enskild
387 753 124 27 pantlånare
526 753 60 21 torde
601 753 76 26 finnas,
692 759 46 14 som
753 752 100 22 bedrefve
868 753 33 20 sin

73 782 79 21 rörelse
173 782 8 21 i
201 784 66 19 större
283 782 91 27 omfång.
403 781 42 21 Det
460 784 24 18 är
498 782 90 20 sålunda
604 782 53 20 blott
671 788 27 14 en
715 781 85 21 befarad
815 781 86 21 fruktan

74 811 33 20 för
129 811 42 20 den
193 811 155 26 yrkesmässiga
371 810 201 27 pantlånerörelsen,
594 817 46 14 som
663 810 56 27 gjort
737 811 29 20 att
781 816 48 15 man
846 809 55 22 velat

73 841 52 26 göra
139 841 30 19 ett
184 839 68 28 afsteg
266 839 46 20 från
328 839 140 27 grundsatsen
484 845 36 14 om
535 839 150 26 näringsfrihet
699 838 27 27 på
740 839 57 20 detta
810 838 91 27 område,

74 868 101 27 antingen
190 875 49 14 man
255 868 42 27 vill,
312 867 70 22 såsom
397 867 113 22 utskottets
525 867 140 27 betänkande,
680 867 44 21 helt
736 867 40 21 och
785 867 66 21 hållet
860 867 41 20 för-

74 897 75 20 hindra
172 897 142 26 yrkesmässig
335 896 180 27 pantlånerörelse
538 896 32 20 för
586 903 53 20 egen
655 896 89 26 vinning
759 895 57 27 eller,
831 895 69 21 såsom

74 925 36 21 hrr
129 932 41 14 von
187 925 71 21 Pfaler
273 925 40 21 och
327 924 107 22 Grönroos
448 925 8 20 i
472 924 66 21 andra
553 924 165 27 reservationen,
733 926 50 25 göra
798 924 103 27 näringen

74 953 107 21 beroende
205 954 21 20 af
241 953 88 21 särskild
345 953 131 21 koncession.
506 953 42 27 Jag
562 953 119 27 medgifver
695 954 31 20 att
740 954 87 19 namnet
841 954 60 25 pant-

74 982 72 21 lånare
170 982 47 21 icke
239 982 38 21 har
299 982 70 27 någon
388 982 41 26 god
444 982 66 27 klang
525 982 39 20 och
580 984 30 18 att
625 988 48 14 man
690 981 98 27 vanligen
804 983 51 19 vant
870 981 31 27 sig

75 1012 30 20 att
127 1011 35 20 vid
185 1011 57 21 detta
257 1011 52 26 yrke
324 1010 53 22 fästa
393 1010 115 28 begreppet
523 1017 34 14 om
573 1010 63 21 ocker
652 1010 39 21 och
705 1010 96 20 minimal
816 1009 85 21 heders-

74 1039 79 21 känsla.
183 1039 112 21 Huruvida
311 1039 61 21 dessa
387 1039 157 28 presumtioner
558 1041 36 19 äro
604 1039 77 27 riktiga
691 1039 43 20 kan
743 1039 35 27 jag
788 1038 46 21 icke
845 1040 56 25 säga,

74 1070 23 24 ty
119 1068 22 20 af
163 1074 53 21 egen
232 1068 119 21 erfarenhet
365 1068 42 20 kan
422 1068 35 27 jag
472 1068 47 20 icke
535 1068 90 20 bedöma
640 1068 55 20 huru
711 1068 85 26 mycket
810 1067 91 27 sanning

74 1096 61 22 dessa
157 1096 142 28 antydningar
322 1097 39 21 och
379 1096 62 21 dessa
456 1096 134 28 antaganden
606 1096 108 20 innebära.
744 1096 50 20 Men
808 1096 36 26 jag
858 1097 43 19 tror

75 1125 53 21 dock
144 1127 30 19 att
189 1125 41 21 den
247 1125 68 27 ovilja,
331 1132 45 14 som
391 1124 154 28 pantlånarena
560 1125 62 21 hafva
637 1126 54 26 rönt,
707 1125 37 20 har
759 1125 32 20 sin
807 1126 33 19 rot
854 1124 6 20 i
872 1125 29 19 ett

74 1153 169 22 betraktelsesätt
265 1154 46 20 från
332 1154 58 20 äldre
412 1154 60 27 tider,
488 1154 66 26 enligt
569 1153 80 21 hvilket
664 1154 72 26 hvarje
751 1153 85 21 fordran
852 1152 49 21 med

74 1182 65 27 högre
154 1182 194 27 räntegodtgörelse
364 1184 27 19 än
406 1182 13 20 6
435 1182 27 27 ?/,
479 1182 141 21 betecknades
636 1182 69 20 såsom
722 1182 85 26 oskälig.
830 1180 71 22 Emel-

74 1210 62 21 lertid
159 1211 38 20 har
220 1211 35 20 det
279 1211 53 20 visat
350 1211 33 26 sig
397 1217 77 20 genom
491 1211 26 20 de
533 1210 180 27 reglementerade
729 1209 172 28 pantlåneinrätt-

74 1239 104 27 ningarna
194 1241 30 19 att
239 1245 26 15 en
281 1239 178 28 pantlånerörelse
475 1239 50 21 med
541 1239 71 27 vanlig
628 1239 117 20 bankränta
753 1239 46 20 icke
807 1237 37 28 går
852 1238 49 27 ihop

75 1267 39 22 och
129 1269 30 19 att
175 1267 70 22 därför
261 1274 25 15 en
302 1268 65 27 högre
381 1269 61 20 ränta
457 1268 67 21 måste
540 1267 110 21 beräknas.
681 1267 57 27 Förr,
753 1267 27 21 då
795 1267 35 20 det
846 1267 55 20 vari

73 1296 36 27 lag
124 1296 107 27 förbjudet
247 1299 29 18 att
291 1299 48 24 taga
353 1297 66 26 högre
434 1298 61 19 ränta
510 1298 28 19 än
556 1296 8 20 6
576 1296 34 27 /,,
623 1296 71 21 kunde
703 1296 133 27 naturligtvis
844 1295 57 21 svär-

74 1325 57 27 ligen
142 1331 26 14 en
180 1325 179 27 pantlånerörelse
371 1325 113 26 bedrifvas,
496 1327 51 18 utan
564 1327 29 19 att
608 1331 49 14 man
673 1325 73 20 trädde
757 1325 61 20 dessa
828 1324 73 27 lagens

74 1353 132 28 stadganden
221 1354 34 20 för
269 1356 48 24 när;
334 1354 39 21 och
389 1353 57 22 detta
461 1353 133 22 förhållande
609 1353 73 28 gjorde
693 1353 63 21 äfven
768 1353 133 27 naturligtvis

73 1384 32 19 att
127 1382 84 27 vanliga
233 1382 107 27 laglydiga
363 1382 138 27 medborgare
524 1383 61 26 högst
607 1384 78 25 ogärna
708 1382 62 27 gåfvo
791 1382 32 27 sig
838 1382 22 20 in
875 1381 26 28 på

75 1411 56 20 detta
147 1411 92 21 område.
269 1411 50 21 Men
334 1417 95 21 numera,
445 1411 26 20 då
487 1412 74 19 räntan
578 1413 22 18 är
616 1411 104 27 frigifven,
732 1411 100 20 behöfver
841 1412 60 25 pant-

74 1439 87 21 lånaren
176 1439 47 21 icke
239 1439 85 21 komma
338 1440 7 20 i
361 1439 98 21 kollision
475 1439 49 21 med
540 1439 123 28 strafflagen
677 1439 8 20 i
701 1441 65 19 annat
780 1439 37 20 fall
832 1441 28 18 än
876 1439 26 20 då

74 1468 42 20 han
132 1468 108 27 begagnar
255 1468 32 27 sig
302 1468 21 20 af
338 1468 46 20 sina
399 1468 95 20 kunders
510 1468 110 20 nödstälda
636 1468 125 26 belägenhet
776 1467 32 21 för
820 1469 30 19 att
860 1467 41 20 till-

75 1496 76 21 skansa
167 1496 32 27 sig
214 1502 26 15 en
256 1496 89 27 oskäligt
360 1497 43 26 hög
417 1498 65 19 ränta.
513 1496 41 27 Jag
569 1498 23 19 är
606 1496 47 21 icke
668 1496 118 26 affärsman,
802 1501 48 15 men
866 1495 35 27 jag

73 1524 118 21 föreställer
208 1525 42 26 mig
265 1525 54 20 dock
334 1526 30 21 att
379 1531 26 14 en
421 1531 84 21 person,
521 1531 47 14 som
583 1525 78 20 drifver
675 1524 179 28 pantlånerörelse
870 1523 31 21 så-
