1103 1811
196 148 41 20 628
403 153 223 17 Fruntimmersskolan
638 153 8 17 i
657 153 95 17 Joensuu
764 158 25 12 m.
802 154 19 16 fi.
941 154 14 16 8
967 154 58 21 april.

195 222 46 22 stod
259 228 27 15 en
301 229 30 20 ny
346 222 154 20 förberedande
516 221 65 23 skola,
597 228 45 14 som
658 228 29 14 nu
704 222 78 20 räknar
797 222 97 28 omkring
910 223 26 21 50
949 223 76 21 elever.

195 251 142 27 Skolafgiften
357 250 8 20 i
388 250 70 21 denna
481 250 153 21 förberedande
656 250 61 21 skola
733 250 81 28 uppgär
830 250 31 21 till
877 251 26 21 50
918 252 60 20 mark
994 251 32 21 för

195 280 47 20 elev
263 280 39 20 och
317 279 27 27 pä
359 279 76 27 själfva
448 279 318 21 fruntimmersskoleklasserna
782 279 82 21 variera
880 279 145 28 ärsafgifterna

195 308 48 21 frän
266 308 27 20 80
309 307 32 21 till
357 307 41 21 120
413 307 66 20 mark.
508 306 42 21 Det
566 307 86 20 oaktadt
665 307 40 21 har
720 307 129 21 elevantalet
864 307 61 28 stigit,
941 308 84 21 hvarför

196 336 65 27 nägot
276 336 74 21 tvifvel
365 336 47 21 icke
431 335 65 21 borde
511 335 51 21 räda
578 335 72 21 därom
667 337 30 20 att
712 335 71 21 denna
799 335 122 22 läroanstalt
936 336 89 21 sälunda

196 367 23 18 är
234 365 22 20 af
271 366 30 19 ett
316 364 91 27 värkligt
421 366 52 19 stort
488 364 173 27 bildningsbehof
676 365 6 20 i
694 364 62 21 dessa
768 364 127 21 vidsträckta
904 365 121 21 landsdelar

196 393 113 28 päkalladt.
339 393 36 21 Ett
398 393 129 20 beställsamt
549 393 67 26 rykte,
640 399 46 14 som
701 393 65 20 också
781 393 54 20 skall
850 393 63 21 hafva
928 393 45 22 nått
987 393 38 21 all-

196 424 79 18 männa
290 421 208 28 petitionsutskottet,
514 421 37 20 har
567 423 57 19 vetat
638 421 83 27 förtälja
738 423 30 19 att
783 421 97 21 Joensuu
896 422 129 21 innevänare

196 450 67 21 hällre
279 450 68 21 skulle
363 449 66 22 önska
444 449 127 27 statsbidrag
586 450 32 20 för
633 450 32 20 sin
681 449 61 22 skola
752 451 27 19 än
788 451 30 20 att
826 450 122 21 densamma
957 451 68 20 skulle

196 479 21 20 af
239 480 69 19 staten
327 479 124 26 öfvertagas.
481 478 41 27 Jag
537 478 36 20 vill
590 478 35 21 vid
641 478 57 21 detta
714 478 84 21 tillfälle
814 478 122 28 offentligen
951 479 74 21 veder-

196 507 62 28 lägga
278 507 58 21 detta
357 507 62 26 rykte
440 507 40 20 och
501 506 92 21 förklara
608 508 30 19 att
654 507 35 20 det
704 507 80 20 saknar
798 507 28 20 all
842 507 73 27 grund.
946 507 41 21 Det
1002 509 23 19 är

195 536 24 27 ju
232 535 65 22 ocksä
311 535 102 27 naturligt
429 537 29 19 att
474 535 151 27 befolkningen
644 535 67 21 hällre
727 541 34 15 ser
776 535 75 21 skolan
867 536 121 27 öfvertagen
1003 536 22 21 af

197 566 74 25 staten,
294 566 28 19 än
341 565 30 20 att
386 564 42 21 den
443 563 54 28 finge
512 563 133 28 statsbidrag.
675 563 31 27 Ty
722 570 26 15 en
764 564 113 24 statsskola
891 565 43 20 stär
949 564 54 21 dock
1017 565 7 20 i

197 593 58 21 detta
277 592 100 21 afseende
396 592 27 27 pä
438 592 128 27 ojämförligt
580 592 68 20 bättre
664 592 126 20 ekonomisk
806 593 62 26 basis,
883 593 142 27 synnerligast

196 622 7 19 i
219 627 27 15 en
269 620 94 28 aflägsen
379 622 37 26 ort,
435 622 25 19 än
477 627 27 14 en
520 621 67 27 privat
602 620 65 27 skola,
683 627 35 14 om
735 620 65 21 också
815 620 73 28 bidrag
903 621 121 27 medgäfves

197 650 41 20 den
261 650 82 26 privata
364 649 75 21 skolan
453 649 33 21 till
501 649 35 21 det
550 649 76 27 högsta
640 649 88 27 möjliga
743 649 83 27 belopp,
841 656 45 14 som
901 650 123 20 nuvarande

197 678 150 27 författningar
368 678 112 26 medgifva.
510 677 33 25 Ja,
566 684 35 14 om
622 678 63 20 äfven
708 678 97 26 bidraget
827 678 68 20 skulle
914 678 32 20 fäs
961 678 64 27 nägot

196 706 99 27 förhöjdt,
318 706 81 27 uppgär
421 706 54 20 dock
497 706 95 27 anslaget
614 706 34 20 för
668 712 26 14 en
710 708 81 19 statens
806 706 60 21 skola
881 706 31 21 till
927 706 98 28 omkring

197 735 76 26 32,000
288 735 60 21 mark
363 735 7 20 i
386 734 49 25 äret,
451 735 67 26 hyran
533 734 33 21 för
580 734 104 21 skollokal
700 734 128 22 oberäknad.
858 734 113 22 Dessutom
986 736 39 20 har

196 770 26 14 en
245 764 70 26 privat
337 763 59 21 skola
417 763 27 27 pä
458 769 28 15 en
500 762 94 27 aflägsen
610 765 32 19 ort
655 763 87 26 mycket
756 763 58 21 svärt
829 765 30 19 att
874 764 53 20 fästa
942 764 35 20 vid
993 764 32 27 sig

197 791 99 28 dugande
319 791 153 21 lärarekrafter.
501 791 46 21 Den
563 791 41 21 kan
620 791 47 21 icke
683 791 7 20 i
706 791 57 21 detta
779 791 100 22 afseende
894 791 130 22 konkurrera

197 820 49 21 med
261 822 80 19 statens
361 820 76 27 skolor,
452 819 36 21 vid
502 819 72 21 hvilka
588 819 107 22 lärarenes
712 820 101 27 ställning
828 822 23 19 är
867 820 102 27 betydligt
983 823 42 18 sta-

197 849 72 26 bilare,
291 848 27 21 dä
341 849 26 20 de
389 849 24 26 ju
435 848 63 21 hafva
519 849 89 26 pension
631 849 40 20 och
692 849 67 20 andra
774 848 112 21 förmäner.
916 849 37 20 Att
968 849 57 27 jagi

197 877 48 20 mitt
259 877 180 27 petitionsförslag
453 877 7 20 i
476 877 70 20 denna
561 877 59 27 fräga
635 877 122 21 alternativt
772 877 72 20 anhöll
860 884 34 14 om
909 879 30 19 att
951 877 74 21 skolan

197 905 70 21 skulle
290 905 89 27 beviljas
400 905 178 21 statssubvention
601 905 50 21 kom
674 905 32 27 sig
727 905 60 21 däraf
808 907 35 25 att,
859 905 26 21 dä
899 906 125 27 regeringen

197 934 86 27 afböjde
300 934 53 20 1891
370 934 33 20 ärs
419 934 95 20 ständers
529 934 88 26 petition
633 940 35 14 om
683 936 31 18 att
729 934 70 20 denna
812 934 59 21 skola
881 934 68 21 skulle
957 934 68 21 öfver-

198 965 59 24 tagas
279 962 22 21 af
319 964 75 25 staten,
409 962 19 27 ej
444 962 67 21 häller
525 962 70 27 nägon
610 962 66 27 högre
691 962 181 21 statssubvention
889 962 69 28 följde,
974 964 51 19 utan

197 991 88 21 fastmer
300 998 38 14 var
352 991 60 21 fallet
427 993 34 25 att,
477 990 27 21 dä
518 990 86 21 skolans
619 992 99 26 garanter
733 991 40 21 och
788 991 135 27 uppehällare
935 991 91 21 därefter

197 1020 60 20 sökte
273 1019 82 27 förhöja
370 1019 57 21 detta
438 1019 126 27 statsbidrag
574 1019 31 21 till
614 1021 30 19 ett
651 1019 77 27 belopp
736 1020 22 20 af
766 1020 62 27 7,000
836 1020 65 26 mark,
909 1020 57 21 detta
973 1020 52 21 ned-

197 1048 101 27 prutades
313 1048 32 21 till
361 1048 61 27 6,500
438 1048 64 21 mark.
532 1048 50 20 Med
598 1048 41 21 den
655 1048 120 21 kännedom
791 1048 35 27 jag
841 1048 38 21 har
893 1054 34 14 om
940 1048 85 21 skolans

197 1076 102 28 ställning
314 1076 100 21 befarade
429 1076 35 28 jag
479 1078 35 25 att,
529 1083 35 14 om
579 1076 47 21 icke
642 1076 61 21 dessa
719 1076 147 22 förhällanden
883 1076 142 27 förändrades,

197 1105 71 21 denna
283 1105 60 21 skola
359 1105 100 27 möjligen
475 1105 84 21 komme
574 1107 30 19 att
619 1104 27 28 gä
659 1105 74 21 under.
756 1104 42 22 Det
810 1112 38 14 var
860 1105 95 27 orsaken,
964 1106 59 20 hvar-

197 1134 33 20 för
252 1134 37 26 jag
310 1134 5 20 i
332 1134 48 21 mitt
394 1134 210 26 petitionsmemorial
620 1134 121 20 alternativt
756 1134 73 20 anhöll
844 1140 35 14 om
893 1134 132 27 statsbidrag.

197 1162 100 21 Joensuu
311 1161 211 28 fruntimmersskola,
537 1162 91 21 likasom
644 1162 49 21 dess
708 1162 93 27 lyceum,
816 1164 36 19 äro
864 1162 161 28 befolkningens

197 1191 8 20 i
220 1190 72 21 denna
307 1190 97 21 landsdel
419 1190 118 21 skötebarn.
566 1190 68 21 Dessa
650 1192 35 19 äro
702 1191 26 20 de
744 1191 86 26 andliga
846 1191 88 26 vehikel,
949 1198 77 20 genom

198 1219 73 20 hvilka
294 1219 35 21 det
344 1219 33 20 för
392 1219 70 20 denna
477 1219 127 20 vidsträckta
619 1219 99 21 landsdel
733 1219 41 20 blir
788 1219 83 27 möjligt
885 1221 30 19 att
929 1219 28 21 nä
971 1226 56 14 sam-

198 1253 34 15 ma
256 1247 239 28 bildningsständpunkt
520 1253 45 15 som
582 1247 35 21 det
632 1247 67 27 öfriga
714 1247 79 21 landet.
823 1247 67 22 Dessa
905 1247 70 22 skolor
990 1250 36 19 äro

198 1275 26 21 de
240 1276 87 27 andliga
341 1276 62 27 band,
419 1276 48 21 med
482 1276 72 21 hvilka
569 1275 70 22 denna
654 1276 94 27 aflägsna
763 1276 95 21 landsort
872 1276 63 21 fästes
945 1277 35 20 vid
991 1277 36 20 det

199 1303 68 28 öfriga
289 1304 96 27 Finland,
408 1304 70 21 denna
495 1304 100 27 landsort,
610 1304 93 28 hvilken,
719 1305 71 20 säsom
804 1305 66 20 redan
886 1305 69 27 nägon
971 1305 56 27 gäng

197 1333 58 20 förut
270 1333 38 20 har
323 1332 131 28 framhållits,
469 1335 23 18 är
506 1334 66 19 utsatt
587 1333 33 20 för
634 1333 60 20 faran
711 1335 30 19 att
755 1333 8 20 i
779 1333 43 21 viss
831 1333 50 20 män
891 1333 135 26 expatrieras.

197 1361 43 21 Det
262 1363 24 19 är
308 1367 27 15 en
357 1361 108 21 tiondedel
487 1361 21 21 af
527 1361 83 22 landets
627 1361 130 28 befolkning,
773 1361 95 22 fördelad
883 1361 27 28 pä
926 1362 26 21 30
968 1362 58 21 kom-

198 1396 84 21 muner,
305 1396 45 15 som
373 1391 75 20 väntar
470 1389 26 28 pä
518 1392 30 19 att
570 1389 174 28 borgareständet
767 1397 30 14 nu
820 1390 54 21 skall
897 1390 72 27 afgöra
991 1397 35 14 om

198 1418 71 21 denna
284 1418 71 21 skolas
370 1418 45 21 öde.
440 1418 41 27 Jag
496 1420 61 25 säger
572 1419 78 27 afgöra,
663 1421 22 24 ty
697 1418 27 28 pä
737 1418 173 27 borgareständet
921 1419 61 20 beror
991 1425 35 14 om

199 1446 35 21 det
255 1447 55 20 skall
325 1446 31 21 fäs
372 1453 27 15 en
415 1447 173 27 ständerpetition
604 1453 34 14 om
654 1447 86 21 skolans
756 1447 151 27 öfvertagande
922 1447 21 21 af
958 1449 69 19 staten

198 1474 53 22 eller
265 1475 54 21 icke.
350 1474 57 28 Men,
422 1476 58 20 mina
494 1476 73 20 herrar
586 1475 63 21 bitter
664 1475 41 21 blir
720 1475 176 28 missräkningen,
912 1482 34 15 om
964 1475 62 21 äfven

197 1509 30 14 nu
250 1503 174 27 borgareständet
438 1504 96 21 kommer
548 1505 30 19 att
596 1504 70 26 afböja
682 1504 86 20 skolans
784 1504 150 27 öfvertagande
949 1504 22 20 af
985 1505 42 19 sta-

197 1533 41 19 ten.
269 1531 77 22 Denna
369 1531 123 28 befolkning
514 1534 44 19 tror
580 1531 46 22 icke
646 1531 27 28 pä
688 1532 27 21 de
730 1532 52 27 skäl,
798 1532 26 27 pä
839 1532 72 21 hvilka
926 1531 101 22 utskottet
