1103 1811
179 151 43 21 488
498 149 193 34 Pöstsparbanken.
913 157 26 17 28
951 160 62 14 mars.

181 224 125 22 manträdde
326 225 40 21 och
381 226 31 20 att
427 224 91 22 beslutet
533 225 73 21 därom
620 224 138 22 meddelades
772 224 242 28 postsparbanksstyrel-

181 260 38 15 sen
242 255 51 19 nära
313 260 42 21 nog
370 260 82 14 samma
474 254 46 27 dag,
536 260 46 14 som
597 254 161 27 tillämpningen
774 253 70 21 skulle
860 254 89 27 vidtaga.
979 253 33 21 En

181 282 67 21 sådan
264 282 157 27 omständighet
436 288 46 15 som
497 288 26 15 en
539 282 182 27 ränteförhöjning
736 282 63 21 berör
812 282 25 27 ju
848 282 54 21 dock
912 283 7 20 i
931 284 83 19 väsent-

181 311 30 26 lig
234 310 52 27 grad
309 310 41 21 den
374 310 21 21 af
417 310 114 21 ständerna
553 311 124 27 öfvertagna
699 311 99 26 garantin
820 310 33 21 för
873 310 85 22 banken
974 311 38 20 och

181 338 46 22 skäl
250 338 56 21 hade
329 339 35 20 väl
387 339 70 20 därför
472 339 54 21 varit
540 341 30 19 att
585 339 69 21 under
668 339 26 20 de
709 339 129 21 förändrade
854 339 159 21 förhållandena

181 367 43 21 låta
239 367 115 21 ständerna
369 367 55 27 ånyo
440 367 112 28 öfverväga
567 368 66 21 saken
648 368 67 20 innan
730 367 97 22 definitiv
842 367 73 28 åtgärd
924 368 89 27 vidtogs.

181 395 34 22 Då
236 402 32 14 nu
282 395 126 22 emellertid
431 396 69 21 denna
520 396 183 28 ränteförhöjning
726 398 35 25 egt
783 402 48 15 rum
850 397 39 20 och
905 396 70 21 därtill
990 396 23 21 sä

182 424 88 27 nyligen
292 424 77 21 införts
391 425 40 20 och
452 424 35 21 det
508 425 46 21 icke
569 425 33 20 för
616 424 181 28 postsparbanken
813 425 41 20 kan
871 431 50 14 vara
936 425 78 26 nyttigt

182 454 30 20 att
227 459 27 15 en
271 452 66 22 sådan
353 453 156 27 omständighet
523 459 46 15 som
584 453 42 21 den
641 455 61 19 ränta
712 453 42 21 den
762 453 27 28 på
797 453 142 28 insättningar
947 453 66 26 erläg-

182 488 38 21 ger
234 481 64 22 altför
316 482 44 21 ofta
375 481 83 27 rubbas,
474 481 68 22 skulle
557 482 36 27 jag
608 482 54 21 dock
677 482 47 21 icke
740 488 52 15 anse
807 482 37 21 det
858 489 51 14 vara
923 481 46 21 skäl
984 483 31 19 att

182 517 30 14 nu
234 510 73 27 återgå
329 510 32 21 till
385 517 27 14 en
427 512 60 19 ränta
502 511 22 20 af
538 511 12 20 3
566 511 34 26 9/,,
615 512 51 19 utan
682 512 30 19 att
727 511 36 20 det
778 517 51 14 vore
845 510 67 21 bättre
927 512 30 19 att
971 509 43 22 låta

183 539 36 21 det
241 539 100 20 förblifva
364 538 35 21 vid
415 539 35 21 det
466 539 79 21 skedda
560 541 56 19 samt
630 539 85 21 afvakta
730 539 56 20 huru
802 545 49 21 pass
866 539 90 27 befogad
972 539 42 21 den

183 567 53 21 åsikt
252 567 61 27 varit,
328 574 46 14 som
390 569 68 20 ansett
474 574 26 15 en
516 567 181 28 ränteförhöjning
712 568 21 21 af
748 567 101 22 behofvet
864 567 103 28 påkallad.

252 629 61 21 Efter
328 630 36 21 det
379 630 148 21 diskussionen
545 630 50 20 härå
610 630 112 21 förklarats
738 630 99 26 afslutad,
852 629 122 21 framstälde
989 630 26 20 hr

183 658 125 22 talmannen
324 665 27 15 en
367 658 269 28 omröstningsproposition
653 658 21 21 af
688 658 96 28 följande
799 658 93 27 lydelse:

253 720 40 28 De,
309 721 76 21 hvilka
398 721 116 27 godkänna
529 721 168 21 statsutskottets
714 720 135 22 betänkande
864 720 150 28 oförändradt,

184 751 60 20 rösta
254 750 41 27 ja;
311 750 32 26 de,
359 750 35 20 det
408 749 44 21 icke
466 752 59 25 göra,
544 751 60 19 rösta
618 750 49 28 nej;

253 789 81 22 vinner
355 789 43 28 nej,
421 789 42 22 har
483 789 176 28 borgareståndet
681 789 89 21 beslutit
792 791 34 19 att
843 789 10 20 i
871 789 145 21 betänkandet

184 819 58 20 skall
256 818 90 28 intagas
361 820 30 19 ett
405 818 113 21 uttalande
532 818 10 21 i
556 818 36 21 det
605 818 58 28 syfte
678 818 27 21 hr
724 817 118 22 Wasenius
857 817 119 28 föreslagit.

255 881 82 21 Genom
361 882 30 19 att
409 881 87 21 besvara
510 881 158 27 propositionen
683 881 49 20 med
748 881 159 26 öfvervägande
921 881 21 26 ja
963 880 51 27 god-

185 909 70 21 kände
278 909 173 27 borgareständet
472 909 165 21 statsutskottets
654 908 141 22 förevarande
810 908 134 22 betänkande
960 909 55 21 oför-

185 938 95 21 ändradt.

255 1080 118 27 Föredrogs
399 1080 106 21 allmänna
529 1080 213 28 petitionsutskottets
766 1080 36 20 vid
826 1082 83 19 senaste
927 1080 87 27 plenum

186 1108 117 28 bordlagda
325 1108 133 22 betänkande
480 1115 34 15 n:o
537 1109 13 20 8
570 1109 8 20 i
601 1108 115 28 anledning
732 1109 22 21 af
769 1110 31 20 ett
815 1108 31 21 till
862 1108 153 28 prästeständet

185 1138 90 27 ingifvet
297 1137 177 28 petitionsförslag
495 1137 110 28 angäende
627 1138 120 20 inrättande
766 1137 22 21 af
810 1136 70 23 värd-
895 1136 47 23 och
957 1136 57 22 kur-

186 1166 121 22 anstalter
327 1165 41 23 för
388 1165 51 23 smä
458 1165 70 28 barn,
545 1166 100 22 lidande
661 1166 27 22 af
700 1165 113 28 rachitis,
829 1165 124 23 skrofulos
969 1165 46 23 och

187 1194 111 28 epilepsi.

256 1251 67 22 Ordet
337 1251 102 26 begärdes
454 1251 22 21 af
490 1251 24 20 hr
528 1251 164 27 Holmberg,
707 1250 84 26 Axel,
806 1257 46 14 som
865 1251 93 27 yttrade:
974 1250 41 27 Jag

187 1280 38 21 ber
239 1282 31 19 att
284 1280 22 21 fä
321 1279 129 22 understöda
465 1280 111 21 utskottets
588 1279 78 28 förslag
678 1281 30 19 att
720 1279 140 21 förevarande
870 1279 88 27 petition
968 1279 47 20 icke

187 1308 69 21 skulle
274 1308 49 21 leda
337 1308 33 21 till
385 1308 68 27 nägon
469 1308 72 27 ätgärd
556 1308 48 21 frän
618 1308 125 21 ständernas
759 1308 52 20 sida.
841 1307 175 21 Läkareerfaren-

186 1337 65 21 heten
276 1337 39 20 hos
340 1343 34 14 oss
397 1336 128 21 beträffande
547 1337 86 20 rachitis
656 1337 37 20 och
716 1336 108 21 skrofulos
840 1336 42 27 gär,
897 1335 70 22 sävidt
980 1336 36 27 jag

186 1366 88 27 känner,
289 1365 8 21 i
312 1365 87 21 alldeles
415 1367 84 20 motsatt
514 1365 93 28 riktning
622 1367 44 19 mot
681 1365 47 27 den,
744 1371 48 14 som
807 1365 42 20 den
861 1364 155 27 varmhjärtade

187 1394 141 27 petitionären
343 1393 47 21 frän
405 1393 137 22 Leivonmäki
556 1394 72 21 stöder
642 1394 33 27 sig
689 1393 32 28 pä.
752 1393 34 21 De
801 1394 63 20 svära
877 1393 108 21 formerna
995 1392 22 21 af

187 1422 58 21 säväl
261 1423 102 27 engelska
381 1422 75 27 sjukan
478 1429 45 14 som
538 1422 64 21 ocksä
618 1422 21 21 af
654 1422 107 21 skrofulos
777 1423 36 20 äro
829 1422 87 21 alldeles
931 1421 47 22 icke
993 1421 24 21 sä

187 1451 76 21 talrika
278 1451 7 21 i
301 1451 46 21 värt
361 1451 57 26 land,
433 1453 29 19 att
474 1451 65 27 nägra
550 1450 104 21 särskilda
663 1450 256 28 sjukvärdsinrättningar
926 1450 33 21 för
967 1449 49 21 dem

188 1486 50 14 vore
253 1479 117 28 päkallade.
400 1478 113 22 Hvarifrän
533 1479 139 27 petitionären
687 1479 39 21 har
741 1479 48 20 sina
804 1479 114 21 statistiska
934 1478 83 28 uppgif-

188 1510 36 25 ter,
244 1509 24 20 är
290 1508 57 21 svärt
369 1509 30 19 att
414 1509 52 26 veta,
482 1507 26 21 dä
522 1507 96 21 källorna
632 1508 47 20 icke
695 1509 35 19 äro
747 1507 89 27 angifna
850 1508 7 19 i
872 1507 144 28 petitionsme-

188 1536 102 21 morialet.
319 1536 42 27 Jag
383 1537 87 26 antager
491 1537 30 20 att
542 1535 27 22 de
587 1537 36 20 äro
638 1535 47 22 frän
700 1535 168 28 prästerskapets
883 1535 133 22 mortalitets-
