1103 1811
91 146 22 16 13
126 144 58 21 april.
385 144 61 21 Rysk
458 144 102 17 domstols
574 145 51 16 dom.
877 140 40 20 661

89 213 125 27 landtdagar
229 213 135 21 härförinnan
381 214 39 20 har
434 213 106 21 föranledt
555 213 114 21 ständerna
684 215 36 24 att,
731 213 26 27 på
768 214 149 26 lagutskottets

89 241 160 28 framställning,
272 242 70 26 afböja
365 241 41 21 den
429 242 76 27 nådiga
523 242 159 27 propositionen
698 242 6 20 i
722 244 76 19 ämnet.
830 242 44 22 Och
890 243 27 20 då

89 270 156 28 propositionen
261 270 46 21 icke
323 270 66 21 häller
405 277 29 14 nu
449 270 85 21 beaktat
550 271 41 20 den
607 270 108 28 påpekade
726 271 190 27 omständigheten,

90 299 64 20 borde
170 299 63 20 också
248 299 129 20 fortfarande
393 305 80 14 samma
488 299 84 26 hänsyn
588 305 50 14 vara
654 301 29 18 att
698 301 48 25 taga
761 302 55 18 samt
829 306 39 21 ega
880 300 36 20 sitt

89 327 52 20 fulla
157 327 150 27 berättigande.

157 355 32 21 De
211 356 139 21 medlemmar
368 356 21 21 af
403 356 145 27 lagutskottet,
565 356 71 21 hvilka
651 356 47 21 icke
715 356 153 22 undertecknat
883 363 32 14 re-

89 385 139 25 servationen,
248 385 62 20 hafva
325 385 43 20 helt
384 385 51 20 visst
449 385 47 20 icke
512 385 97 20 förbisett
624 385 55 20 huru
694 385 7 20 i
717 391 45 14 mer
777 387 26 18 än
820 388 29 19 ett
864 386 51 20 hän-

89 413 76 20 seende
188 413 115 27 beklagligt
327 413 34 21 det
384 420 55 20 vore,
462 420 35 13 om
520 419 26 15 en
570 413 118 27 föreslagen
708 413 123 28 förändring
850 415 7 20 i
874 414 40 21 den

89 441 76 27 nådiga
180 442 157 27 propositionen
352 442 68 21 skulle
437 442 54 21 vålla
507 442 41 21 den
565 442 135 27 uppfattning
717 441 26 28 på
757 442 75 27 högsta
842 444 33 19 ort
885 444 30 19 att

89 470 82 21 landets
186 470 85 21 ständer
286 470 48 21 med
351 471 58 20 oskäl
425 472 98 19 motsätta
538 471 32 26 sig
586 477 26 14 en
628 471 41 26 lag,
684 471 86 20 hvilken
786 471 94 27 påkallas
894 471 21 20 af

89 498 164 27 kejsaredömets
265 499 39 20 och
317 499 208 21 storfurstendömets
536 499 100 21 inbördes
644 499 152 21 förhållanden.
812 499 102 21 Emeller-

89 527 30 20 tid
141 527 62 21 hafva
224 528 23 26 ju
269 527 26 21 de
315 527 147 28 myndigheter
480 528 7 20 i
506 528 161 26 kejsaredömet,
686 528 71 20 hvilka
776 528 70 21 utlåtit
861 528 53 27 sig
904 523 14 36 i

88 555 79 28 frågan,
183 556 43 26 gått
242 558 23 19 ut
279 557 44 26 just
337 556 47 21 från
399 557 41 20 den
456 556 118 27 åskådning
590 559 29 18 att
634 556 39 21 full
689 557 131 26 reciprocitet
836 557 79 20 mellan

89 585 151 26 kejsardömets
264 585 40 20 och
326 585 208 20 storfurstendömets
558 585 125 21 domstolars
706 585 127 26 befogenhet
849 585 65 21 borde

89 619 76 21 genom
184 613 41 21 den
247 613 76 27 nådiga
339 613 155 27 propositionen
511 613 85 21 införes.
626 612 33 22 Då
675 620 28 14 nu
720 613 86 21 alldeles
822 613 54 21 klart
891 615 24 19 är

89 643 30 19 att
133 642 70 20 denna
218 642 132 26 reciprocitet
365 642 53 20 dock
433 642 47 20 icke
496 642 84 20 komme
596 644 30 18 att
642 648 38 20 ega
696 648 53 21 rum,
760 642 38 21 har
809 642 35 21 det
854 644 61 24 synts

89 670 112 21 utskottets
216 670 77 20 nämda
307 670 116 21 ledamöter
437 677 46 14 som
499 677 34 14 om
550 677 49 14 man
615 670 29 21 alt
659 672 58 19 ännu
727 670 71 21 kunde
809 671 53 27 hysa
873 670 41 21 den

89 698 106 21 tillförsikt
209 700 30 19 att
254 701 29 19 ett
298 699 59 27 lojalt
372 699 123 27 påpekande
508 699 21 21 af
546 699 174 27 ändringsskälen
732 699 46 20 från
789 699 125 21 ständernas

88 727 45 21 sida
149 728 92 20 omsider
255 727 65 21 borde
336 728 108 20 föranleda
460 730 30 18 ett
506 728 168 26 tillgodoseende
690 728 21 20 af
722 728 39 20 den
775 728 139 27 reciprocitet,

89 762 45 14 som
149 756 64 20 också
227 756 47 20 från
290 756 50 26 rysk
355 756 45 20 sida
416 756 77 21 afsetts.

157 784 41 26 Jag
213 784 132 21 misskänner
360 784 115 27 ingalunda
491 785 25 20 de
530 785 137 26 synpunkter,
679 791 45 14 som
735 784 55 27 ligga
801 784 31 21 till
843 784 69 28 grund

88 813 33 19 för
131 814 29 19 ett
170 814 85 19 motsatt
263 813 167 21 betraktelsesätt
438 813 40 20 och
486 813 32 20 för
529 813 24 20 hr
561 813 112 27 Nyberghs
684 813 130 27 ståndpunkt
824 813 6 20 i
842 813 71 20 saken.

89 841 49 20 Men
161 841 27 21 de
211 841 94 28 motiver,
327 848 44 14 som
395 841 44 21 ledt
454 842 102 21 utskottet
571 841 32 21 till
618 841 48 21 dess
681 841 83 27 förslag,
780 841 74 27 tyckas
870 841 43 26 mig

88 869 129 22 fortfarande
240 876 39 21 ega
301 877 26 14 en
350 870 156 27 öfvervägande
528 870 107 27 giltighet;
659 871 39 20 och
720 870 77 21 tillåter
818 870 35 27 jag
869 870 45 26 mig

88 898 69 20 därför
173 899 83 19 förorda
272 899 118 26 antagande
405 899 22 20 af
442 899 112 20 utskottets
570 899 84 27 förslag,
669 899 75 20 sådant
754 899 36 20 det
800 898 115 27 föreligger

86 926 8 20 i
110 926 146 22 betänkandet.

155 983 33 21 Hr
203 984 116 26 Nysten:
350 984 41 21 Det
406 984 41 20 kan
464 984 31 21 väl
512 984 47 21 icke
575 984 66 21 nekas
656 986 35 25 att,
704 984 68 21 såsom
784 984 25 20 hr
819 984 92 21 Jansson

87 1012 38 20 har
139 1012 120 26 framhållit,
276 1013 55 20 vissa
347 1013 134 27 svårigheter,
496 1013 101 27 möjligen
611 1013 63 21 också
685 1013 69 26 någon
765 1012 106 21 rättsväda
879 1013 34 20 för

87 1040 96 21 enskilda
198 1041 71 21 kunde
285 1042 80 26 uppstå,
381 1048 34 14 om
431 1042 35 20 det
481 1042 119 26 lagförslag,
616 1048 45 14 som
677 1042 60 26 ingår
752 1042 6 20 i
775 1041 76 27 nådiga
864 1048 47 20 pro-

86 1070 124 26 positionen,
225 1070 69 20 skulle
311 1070 63 20 blifva
389 1070 40 27 lag,
445 1077 48 14 men
509 1071 33 19 för
558 1071 44 26 mig
616 1070 98 20 framstår
729 1070 68 20 såsom
809 1070 102 26 viktigare

87 1098 40 20 den
151 1098 22 20 så
196 1100 29 18 att
248 1100 49 25 säga
319 1098 171 21 internationella
511 1099 60 20 sidan
594 1099 6 20 i
620 1098 70 21 denna
705 1098 43 27 sak,
764 1098 146 27 önskligheten

86 1126 21 20 af
129 1128 30 19 att
181 1127 180 27 samstämmighet
383 1127 77 21 mellan
484 1129 74 25 regent
579 1128 38 20 och
641 1127 85 21 ständer
748 1127 68 21 skulle
837 1127 74 21 vinnas

85 1155 8 19 i
113 1161 26 14 en
159 1155 208 27 lagstiftningsfråga,
389 1162 45 14 som
452 1156 56 20 afser
523 1156 128 26 ömsesidiga
666 1156 91 20 fördelar
773 1156 77 20 mellan
867 1155 44 27 kej-

85 1183 129 21 saredömets
236 1184 40 20 och
297 1184 100 20 Finlands
420 1184 134 21 innevånare.
584 1184 42 21 Det
648 1186 23 18 är
693 1184 27 27 på
735 1184 40 21 den
791 1184 69 27 grund
876 1184 35 27 jag

85 1211 78 20 tillåter
178 1212 43 26 mig
237 1212 128 21 understöda
381 1213 24 19 hr
420 1213 112 26 Nyberghs
547 1212 79 27 förslag
642 1215 29 18 att
687 1213 40 20 den
744 1212 76 27 nådiga
835 1219 76 20 propo-

85 1239 90 21 sitionen
192 1240 63 21 måtte
271 1240 22 21 af
308 1241 172 26 borgareståndet
494 1245 93 23 antagas.

154 1292 68 21 Sedan
240 1293 146 21 diskussionen
402 1293 111 22 förklarats
528 1294 98 27 afslutad,
642 1294 120 21 framstälde
781 1294 25 20 hr
820 1293 90 21 talman-

85 1327 40 14 nen
143 1327 26 14 en
185 1321 116 26 sålydande
317 1322 281 27 omröstningsproposition:

153 1366 38 27 De,
205 1367 75 21 hvilka
290 1368 117 27 godkänna
419 1369 113 20 utskottets
545 1368 134 21 betänkande
690 1368 149 28 oförändradt,
851 1369 59 20 rösta

78 1394 39 27 ja;
133 1395 31 26 de,
181 1395 35 21 det
229 1395 46 21 icke
288 1399 60 24 göra,
364 1398 59 19 rösta
438 1397 48 26 nej;

152 1423 80 21 vinner
253 1425 42 26 nej,
316 1425 42 20 har
380 1425 177 27 borgareständet
578 1425 89 28 antagit
687 1433 33 13 nu
736 1425 174 28 ifrågavarande

84 1451 125 27 lagförslag,
224 1452 82 22 sädant
320 1453 121 21 detsamma
457 1454 61 27 lyder
532 1454 36 20 uti
582 1455 42 19 den
640 1454 82 27 nädiga
735 1454 175 27 propositionen.

152 1497 160 27 Propositionen
336 1498 126 21 besvarades
484 1499 48 20 med
556 1500 156 26 öfvervägande
735 1500 40 27 nej.
805 1500 103 26 Borgare-

83 1525 82 21 ständet
188 1526 53 21 hade
265 1527 87 25 säledes,
370 1527 49 21 med
440 1527 136 21 förkastande
596 1528 21 20 af
638 1528 112 21 utskottets
769 1528 139 27 betänkande,
