1103 1811
202 139 42 33 318
485 149 96 21 Kyrkors
593 150 161 20 uppvärmande.
945 150 13 16 2
970 153 63 14 mars.

200 218 137 21 betänkande
356 218 136 27 regeringens
506 218 100 27 pröfning
621 218 148 21 underställas.
799 217 75 21 Beslut
889 224 36 14 om
939 218 93 26 bättring

203 246 125 21 ankommer
343 246 26 27 pä
384 247 147 26 kyrkoherden
548 247 39 20 och
602 246 174 27 församlingen».
805 246 11 20 I
832 246 92 27 följande
935 246 98 28 paragraf

203 274 45 22 åter
270 276 71 25 säges:
375 275 84 28 »Yppas
481 275 79 21 mellan
581 275 134 27 kyrkoherde
738 275 40 21 och
799 275 124 27 församling
945 275 86 27 stridiga

202 303 113 26 meningar
329 310 35 14 om
381 303 62 21 behof
458 304 22 20 af
495 303 129 28 nybyggnad
641 303 52 21 eller
707 310 34 14 om
754 303 93 27 bättring
858 303 51 20 eller
919 303 113 28 inredning

204 331 39 20 och
259 331 56 20 huru
332 332 114 21 vidsträckt
461 332 40 21 den
518 334 61 25 göras
594 332 64 26 skall;
671 331 131 22 öfverlämne
814 332 146 26 kyrkoherden
972 334 61 19 ären-

203 359 40 27 det,
264 359 65 27 jämte
351 360 285 28 kyrkostämmoprotokollet
657 361 39 20 och
719 360 55 21 hvad
797 360 31 21 till
852 360 75 21 sakens
946 361 85 27 upplys-

203 388 52 27 ning
265 388 7 20 i
283 388 64 28 öfrigt
357 389 80 28 länder,
447 389 31 21 till
489 389 143 28 domkapitlet,
641 395 45 14 som
695 389 39 21 har
742 391 30 19 att
778 389 69 21 däruti
856 389 69 27 utslag
933 389 98 26 afgifva».

203 416 105 28 Slutligen
324 417 118 22 innehäller
456 419 42 20 455
514 418 12 27 &
542 420 30 18 att
588 417 60 21 öfver
657 417 81 27 förslag
747 417 32 21 till
790 417 122 28 förändring
923 418 20 20 af
954 417 77 26 kyrko-

202 445 34 28 lag
248 445 66 27 skola,
325 446 66 21 innan
403 447 25 20 de
439 447 123 26 kyrkomöte
573 446 124 27 föreläggas,
708 446 176 27 församlingarna
893 446 38 21 och
942 448 89 25 präster-

203 474 74 27 skapet
298 475 36 20 sitt
356 475 108 21 utlåtande
487 475 83 27 afgifva.
600 474 77 21 Denna
699 475 60 27 fråga
782 475 38 20 har
840 475 120 26 visserligen
977 474 55 21 varit

204 503 43 20 före
264 503 34 20 vid
315 503 139 28 kyrkomötet,
469 503 69 21 säsom
554 503 62 21 äfven
632 503 7 20 i
654 503 245 27 petitionsbetänkandet
914 503 11 21 &
941 503 60 20 sidan
1017 503 11 20 1

203 533 66 25 säges.
299 531 46 21 Där
359 532 60 21 heter
433 532 46 21 det:
498 531 93 28 »Frägan
608 538 33 14 om
658 532 90 27 kyrkors
763 531 112 22 förseende
890 532 48 21 med
949 533 81 20 värme-

203 562 110 25 apparater
329 560 143 21 behandlades
486 561 12 20 &
513 563 83 18 senaste
610 560 127 27 kyrkomöte
752 561 40 20 och
808 560 77 21 beslöts
901 560 83 21 därvid:
1001 562 30 20 att

205 588 136 26 kyrkomötet
362 589 49 21 ville
432 589 38 21 hos
489 589 27 21 H.
531 589 25 21 K.
572 589 28 20 M.
616 589 7 20 i
638 589 172 27 underdänighet
825 589 109 20 hemställa
950 595 34 14 om
1000 589 31 20 ät-

203 616 76 27 gärder
300 617 7 20 i
329 617 36 21 det
385 618 55 26 syfte
456 619 30 20 att
507 624 31 14 »o.
554 624 15 14 s.
585 624 31 14 v.»
648 617 45 27 Mig
708 617 108 21 förefaller
830 617 36 21 det
881 624 43 14 som
941 624 41 20 om,
997 617 33 21 sä-

201 645 66 21 framt
281 646 114 20 utskottets
410 646 132 21 betänkande
557 648 23 18 är
596 646 64 20 exakt
674 646 7 20 i
697 646 72 20 denna
779 646 40 27 del,
829 646 64 27 nägot
903 646 69 20 beslut
982 646 47 20 frän

202 673 147 26 kyrkomötets
371 674 46 21 sida
437 674 87 21 alldeles
545 674 47 21 icke
608 674 69 21 skulle
693 674 109 27 föreligga.
831 674 30 27 Ty
876 674 47 21 icke
939 674 40 21 kan
996 674 33 21 väl

202 702 135 26 kyrkomötet
353 703 62 21 hafva
430 703 98 21 stiliserat
543 703 36 21 sitt
594 703 69 21 beslut
679 703 23 21 sä
719 705 44 19 »att
778 703 134 27 kyrkomötet
927 703 48 21 ville
991 704 39 20 hos

199 730 29 21 H.
253 730 40 22 M»
325 732 30 20 Af
375 732 140 27 stiliseringen
536 734 30 18 att
588 732 68 26 döma,
678 731 70 21 liknar
763 732 58 20 detta
836 731 64 27 något
915 732 21 20 af
951 732 77 26 kyrko-

201 760 67 20 mötet
283 760 74 20 tillsatt
372 760 230 22 utskottsbetänkande.
618 760 49 21 Men
684 766 50 15 vare
750 760 87 21 härmed
848 760 54 20 huru
913 767 44 14 som
969 760 61 27 hälst,

202 787 23 20 sä
241 794 62 15 anser
317 789 36 26 jag
368 791 30 18 att
413 789 127 20 inrättandet
554 789 22 20 af
591 788 161 27 värmeledning
767 788 7 21 i
787 788 106 27 kyrkorna
902 788 67 21 mäste
977 789 53 20 hän-

201 816 57 21 föras
281 817 101 26 antingen
403 817 31 20 till
456 817 114 27 »bättring>
589 817 52 20 eller
658 817 138 27 »inredning»
814 817 21 20 af
851 817 77 26 kyrkor
943 817 39 21 och
1000 819 30 19 att

201 844 38 21 här
262 845 83 21 säledes
367 847 24 19 är
405 845 58 27 fräga
478 852 33 14 om
528 845 90 28 ändring
633 845 21 21 af
669 845 109 27 kyrkolag.
810 845 39 21 Om
865 845 56 21 detta
936 845 93 28 godkän-

201 879 45 20 nes,
269 874 24 20 sä
313 873 54 22 hade
386 873 72 28 frägan
474 874 46 21 bort
536 874 116 21 behandlas
667 875 7 19 i
690 874 44 21 helt
749 881 71 15 annan
836 874 89 27 ordning
941 876 26 19 än
983 881 45 14 som

201 901 62 27 skett,
285 902 18 20 d.
325 909 19 13 v.
365 908 16 14 s.
397 903 51 20 först
462 903 54 20 hade
530 903 177 27 församlingarna
723 903 40 20 och
778 903 154 27 prästerskapet
947 903 46 20 bort
1007 903 22 20 fä

201 930 58 26 gifva
275 930 36 21 sitt
325 930 109 22 utlätande
449 932 39 20 och
504 931 88 21 ärendet
606 931 66 21 sedan
688 931 117 21 behandlas
817 931 27 27 pä
855 931 122 26 kyrkomöte
989 931 40 21 och

201 958 94 22 därefter
316 959 22 21 af
352 960 125 26 regeringen
492 966 18 14 o.
526 966 15 14 s.
557 966 18 14 v.
606 959 49 21 Men
671 966 47 14 som
734 960 57 20 detta
806 960 19 26 ej
842 959 59 25 skett,
917 966 62 14 anser
993 960 35 26 jag

201 988 30 19 att
253 988 115 20 ständerna
389 988 46 21 icke
457 988 72 21 kunna
552 991 92 25 upptaga
666 988 74 28 frågan
764 988 32 21 till
815 988 128 28 behandling
958 988 7 20 i
981 988 49 21 dess

196 1016 129 21 nuvarande
341 1016 64 21 skick.

270 1072 33 22 Hr
324 1073 216 27 Schybergson:
570 1073 33 21 Då
625 1074 24 20 hr
669 1074 131 26 talmannen,
815 1074 7 20 i
838 1074 115 27 anledning
968 1074 20 20 af
1003 1074 27 20 hr

199 1101 114 27 Tallqvists
335 1102 72 20 därom
429 1102 121 21 framstälda
566 1102 84 28 förslag,
665 1102 103 21 förklarat
782 1104 30 19 att
828 1102 56 21 detta
897 1102 131 21 betänkande

200 1130 98 21 kommer
320 1132 30 19 att
369 1131 121 27 ytterligare
510 1131 131 27 bordläggas,
662 1131 79 21 tillåter
762 1131 36 27 jag
813 1131 43 27 mig
872 1131 109 21 hemställa
996 1131 32 21 till

200 1158 115 22 utskottets
330 1159 138 21 medlemmar
483 1160 7 20 i
505 1159 83 21 ståndet
603 1160 105 20 huruvida
723 1160 48 20 icke
787 1160 101 20 utskottet
903 1160 70 20 kunde
992 1160 36 20 be-

201 1194 70 20 gagna
292 1188 35 20 det
348 1188 95 26 anstånd,
458 1194 44 14 som
518 1188 90 20 sålunda
623 1190 115 24 yttermera
754 1188 43 21 står
812 1188 101 21 utskottet
927 1188 31 21 till
974 1188 55 21 buds

201 1215 85 21 utöfver
307 1216 26 21 de
355 1223 36 20 par
407 1216 76 21 veckor
498 1216 102 21 utskottet
614 1217 65 20 redan
696 1217 73 20 behöft
784 1217 32 20 för
831 1216 152 21 betänkandets
998 1217 31 20 af-

201 1244 98 27 fattning,
314 1244 32 21 till
361 1246 30 19 att
406 1245 80 26 utgifva
502 1247 29 19 ett
546 1245 134 20 rättelseblad
694 1245 63 21 äfven
768 1245 32 20 till
811 1245 141 21 betänkandet
962 1245 6 20 i
980 1245 49 20 dess

201 1272 77 21 helhet.
308 1272 42 21 Det
364 1275 24 18 är
403 1273 105 27 nämligen
524 1273 46 21 icke
587 1273 52 21 blott
654 1274 6 19 i
676 1273 59 28 fråga
751 1280 35 14 om
802 1274 156 21 reservationen
977 1275 50 19 utan

201 1301 64 20 också
281 1301 7 20 i
303 1301 75 27 själfva
393 1301 142 22 betänkandet
550 1308 44 15 som
611 1302 218 27 tryckfelsdjäfvulen,
845 1308 33 14 om
894 1309 48 14 man
954 1309 30 13 nu
996 1302 34 21 får

201 1329 70 27 skylla
289 1329 30 21 alt
341 1329 53 21 eller
409 1337 37 14 ens
462 1331 35 20 det
511 1333 67 18 mesta
593 1331 27 26 på
635 1331 48 26 den,
699 1331 37 20 har
752 1331 73 20 drifvit
840 1333 30 18 ett
884 1333 73 18 nästan
974 1331 54 20 oför-

201 1360 50 25 synt
273 1358 44 27 spel
339 1358 48 21 med
404 1359 26 20 de
447 1359 53 20 kaila
517 1359 111 27 kyrkorna.
659 1359 42 27 Jag
716 1359 102 27 beklagar
832 1361 30 18 att
877 1359 23 20 sä
914 1359 39 20 har
967 1359 62 26 skett,

200 1388 22 25 ty
239 1387 76 26 själfva
330 1387 65 20 saken
412 1387 38 21 har
464 1387 80 21 kanske
560 1390 29 18 ett
604 1389 66 19 större
685 1388 91 21 intresse
792 1389 26 19 än
834 1390 30 19 att
878 1387 41 22 den
932 1388 65 20 borde
1007 1387 24 21 fä

200 1415 85 21 förfalla
307 1415 31 22 till
360 1415 51 28 följd
428 1416 20 20 af
464 1416 26 21 de
505 1416 82 27 vidriga
602 1416 180 27 omständigheter
797 1417 25 20 hr
837 1416 102 21 Sundvall
954 1416 76 27 antydt

201 1444 39 20 och
255 1444 73 21 hvilka
343 1444 62 26 gifvit
420 1445 35 20 det
470 1445 46 20 hela
532 1447 30 18 ett
576 1445 69 27 löjligt
660 1445 59 20 sken.

269 1501 34 20 Hr
324 1500 148 22 Boisman:
502 1502 11 20 I
537 1502 115 26 anledning
675 1502 22 20 af
719 1502 25 20 hr
766 1502 107 21 Brofeldts
893 1501 135 27 andragande

200 1528 51 21 ville
271 1530 36 26 jag
327 1531 78 20 nämna
420 1532 35 25 att,
471 1530 26 21 dä
512 1530 40 21 den
569 1530 147 27 underdäniga
730 1530 127 21 hemställan
873 1530 134 27 kyrkomötet
1022 1530 9 20 i
