1103 1811
184 135 42 21 436
506 132 191 34 Hästutskrifning.
919 140 22 16 16
954 144 61 12 mars.

186 210 27 20 14
228 210 13 27 &
257 209 46 21 åter
323 209 74 27 lyder:
429 208 43 22 «På
494 208 74 21 därom
588 208 21 21 af
628 210 135 25 guvernören
782 208 113 21 meddelad
909 207 107 22 föreskrift

185 238 81 28 åligger
289 236 189 23 kommunalnämd
494 237 26 27 på
542 236 74 22 landet
638 240 55 18 samt
715 236 170 28 poliskammare,
907 237 109 27 magistrat

185 267 52 21 eller
259 266 144 28 ordningsrätt
417 266 8 20 i
440 266 46 20 stad
508 267 31 19 att
559 265 110 21 förteckna
684 266 100 27 samtliga
799 266 71 20 hästar
883 266 58 20 inom
958 266 57 20 kom-

186 301 88 14 munen.
304 294 69 21 Dävid
395 294 51 21 böra
466 294 98 21 hästarna
585 294 107 27 uppsökas
713 294 39 21 hos
775 294 62 21 deras
852 300 63 21 egare
930 294 39 21 och
984 294 32 20 in-

185 323 57 21 föras
252 323 8 20 i
269 323 34 20 för
313 323 122 21 ändamålet
444 322 118 28 uppgjorda
573 322 90 27 längder
678 322 111 25 (formulär
799 329 35 14 n:o
846 322 26 27 1),
883 321 133 28 upptagande

185 352 33 21 för
239 351 73 28 hvarje
334 351 47 21 häst
403 357 88 22 egarens
509 357 65 15 namn
590 351 40 21 och
646 351 91 21 hemvist
752 353 56 19 samt
823 351 104 20 huruvida
942 351 74 20 hästen

185 381 45 20 före
247 381 41 20 den
305 380 12 21 1
332 380 84 27 januari
431 386 80 15 samma
526 379 24 21 år
564 379 42 27 fylt
620 379 43 21 fem
679 379 23 21 år
717 379 53 22 eller
785 379 47 22 icke
848 379 89 28 uppnått
952 379 65 28 sagda

186 409 79 21 ålder».
296 408 74 21 Redan
390 408 152 21 efterlefnaden
562 408 22 21 af
604 408 61 21 dessa
681 408 35 21 två
732 408 122 27 paragrafer
868 408 104 21 innebure
987 410 30 19 ett

185 437 162 25 skrifvardöme,
366 443 45 15 som
431 437 65 21 hitills
514 437 48 20 icke
577 437 7 20 i
600 437 70 21 denna
685 437 129 28 omfattning
829 437 39 21 har
881 437 89 20 kommit
985 436 32 21 till

186 466 139 27 användning
339 466 39 21 hos
393 472 40 15 oss.
462 465 78 28 Många
560 465 66 21 andra
646 465 89 28 detaljer
750 465 75 21 kunna
840 465 89 27 anföras,
945 465 72 20 hvilka

186 495 125 27 visserligen
334 496 36 19 äro
393 494 83 21 mindre
498 494 122 27 väsentliga,
643 500 50 15 men
716 501 46 14 som
767 489 14 37 i
801 494 41 21 alla
857 494 37 21 fall
909 494 57 27 gifva
982 493 35 21 vid

186 523 86 21 handen
295 525 30 19 att
347 525 41 19 rätt
409 523 77 27 många
507 523 159 27 bestämningar
680 523 7 20 i
703 523 62 20 dessa
788 523 149 27 förordningar
952 522 64 21 borde

187 551 127 22 elimineras.
343 551 51 21 Man
414 551 71 21 kunde
510 553 13 20 t.
544 557 33 15 ex.
597 551 131 21 beträffande
750 551 137 28 lagförslaget
906 558 34 14 om
963 551 53 21 kun-

187 580 82 27 görelse
285 579 110 28 angående
415 580 95 26 reglerna
531 580 33 21 för
586 580 169 21 bestämmandet
775 580 23 21 af
812 581 81 20 hästars
908 580 109 27 duglighet

187 615 27 14 m.
229 615 28 14 m.
273 608 101 21 anmärka
389 610 30 20 att
434 608 188 21 bestämmelserna
636 608 130 21 härutinnan
779 608 39 22 lätt
833 608 57 28 gifva
902 608 115 27 anledning

187 637 32 21 till
234 637 116 27 underslef,
365 637 32 21 till
412 637 132 27 fördöljande
560 637 22 21 af
596 637 29 21 fel
641 637 39 21 och
695 637 77 21 brister
787 637 52 21 eller
852 637 123 27 möjliggöra
984 637 33 20 för

187 672 27 14 en
229 666 111 27 hästegare
356 667 30 19 att
401 666 137 27 undandraga
554 666 32 26 sig
601 665 53 21 eller
669 667 77 19 rättare
764 666 32 20 sin
808 666 48 20 häst
866 666 149 20 hästreserven.

187 694 34 20 En
236 701 71 14 annan
323 694 142 28 oegentlighet
479 696 23 19 är
516 696 14 19 t.
546 700 33 15 ex.
596 696 30 19 att
641 694 56 21 vissa
713 694 114 21 utländska
841 694 85 21 länders
939 694 78 21 under-

187 723 56 21 sätar
259 723 69 21 skulle
344 730 50 14 vara
409 723 90 27 fritagna
509 722 47 21 från
567 722 71 22 denna
652 723 40 27 lag.
723 722 34 21 En
768 723 132 27 österrikare,
913 729 26 15 en
950 722 67 22 italie-

187 758 56 20 nare,
266 757 26 15 en
318 752 108 20 fransman
441 751 51 21 eller
507 758 27 14 en
549 751 140 27 medborgare
704 751 47 21 frän
767 752 125 27 republiken
901 751 62 27 Peru,
971 758 46 14 som

187 786 50 15 vore
258 780 70 21 bosatt
342 780 8 20 i
365 780 96 27 Finland,
481 780 68 21 skulle
570 780 18 27 ej
602 780 90 21 behöfva
708 780 62 21 ställa
786 780 46 21 sina
847 780 70 21 hästar
931 780 32 20 till
979 780 38 20 mi-

187 808 87 21 litärens
295 808 130 27 disposition,
445 808 27 21 dä
492 808 96 21 däremot
602 815 28 14 en
645 808 74 27 dansk,
734 808 50 27 tysk
800 809 52 20 eller
866 808 77 21 svensk
959 808 58 21 med-

187 837 89 27 borgaro
291 837 48 21 icke
355 843 50 15 vore
420 837 92 27 delaktig
527 837 22 20 af
564 837 70 20 denna
648 837 74 21 fördel.

257 865 110 28 Viktigare
387 867 27 19 än
433 865 61 22 dessa
513 865 89 28 detaljer
618 867 22 19 är
655 865 71 28 likväl,
742 865 70 22 såsom
827 867 36 26 jag
878 866 87 27 tidigare
981 865 36 22 be-

188 895 42 19 rört
251 894 40 20 och
313 894 64 20 äfven
396 894 25 20 hr
439 894 69 20 Lindh
523 894 96 27 påpekat,
635 894 165 27 olämpligheten
816 895 22 20 af
853 895 70 20 denna
937 895 80 27 obliga-

187 922 79 21 toriska
286 922 171 28 hästmönstring,
477 928 26 15 en
518 922 80 28 åtgärd,
613 923 63 20 hvars
691 922 65 22 effekt
772 923 108 21 dessutom
895 929 64 21 synes
974 923 43 27 mig

187 957 51 15 vara
253 951 102 27 tämligen
370 951 112 21 illusorisk.
514 950 41 22 Om
570 951 63 21 äfven
649 951 41 21 alla
705 952 72 20 hästar
792 952 70 21 blefve
876 952 141 26 förtecknade,

187 980 24 20 är
231 979 36 21 det
289 980 47 20 icke
356 980 111 20 otänkbart
486 981 30 19 att
535 980 69 20 under
618 980 105 28 förloppet
738 980 22 21 af
775 986 39 15 sex
829 980 23 21 år
867 980 23 21 så
905 983 56 18 stora
975 980 42 21 för-

187 1008 116 27 ändringar
323 1008 69 21 skulle
411 1008 63 21 hafva
493 1008 97 26 inträffat,
610 1010 30 19 att
656 1008 25 22 de
697 1008 137 22 förtecknade
850 1009 98 21 hästarna
961 1009 55 21 hade

188 1036 46 27 bytt
253 1043 36 14 om
305 1043 68 21 egare,
390 1037 68 21 blifvit
473 1037 85 27 skjutna
573 1037 53 21 eller
640 1037 22 21 af
677 1044 26 14 en
720 1037 53 21 eller
788 1044 71 14 annan
874 1038 61 20 orsak
948 1037 69 21 blifvit

187 1065 68 21 stälda
269 1067 60 19 utom
345 1065 41 21 den
402 1066 99 27 kategori,
517 1066 31 20 dit
563 1066 26 20 de
605 1066 70 20 blifvit
689 1066 66 21 förda.
786 1066 50 21 Med
854 1066 59 21 dessa
925 1068 90 19 omstän-

187 1094 97 26 digheter
306 1094 33 20 för
361 1096 82 25 ögonen
466 1100 64 21 synes
550 1094 36 21 det
605 1094 44 28 mig
669 1094 132 28 oförklarligt
819 1096 30 20 att
865 1095 100 21 utskottet
980 1095 35 21 vid

188 1122 55 21 1894
259 1122 34 21 års
308 1122 102 28 landtdag
425 1123 46 21 icke
486 1122 102 28 enhälligt
604 1123 105 27 begagnat
724 1124 33 26 sig
770 1124 21 20 af
806 1124 41 20 den
863 1126 64 25 utväg
942 1124 31 20 till
989 1130 26 15 en

187 1150 85 22 relativt
287 1151 94 28 praktisk
396 1152 84 26 lösning
495 1152 21 20 af
531 1152 71 20 denna
617 1152 64 27 fråga,
697 1158 45 15 som
759 1152 70 21 finnes
845 1152 106 28 megifven
966 1153 7 19 i
989 1153 26 20 38

187 1180 18 26 $,
222 1179 38 21 där
275 1180 36 21 det
327 1180 69 21 heter:
422 1180 68 27 »Vilja
506 1180 41 21 den
558 1180 52 21 eller
625 1180 26 21 de
666 1180 134 28 kommuner,
816 1187 46 15 som
877 1181 138 21 tillsammans

186 1209 77 26 utgöra
285 1210 30 19 ett
336 1208 194 27 lottningsomräde,
551 1208 62 27 ätaga
632 1209 32 27 sig
679 1211 30 18 att
724 1209 7 20 i
747 1209 71 21 stället
832 1209 33 21 för
879 1209 137 28 hästegarena

186 1236 96 21 leverera
297 1237 36 21 det
347 1237 58 20 antal
420 1236 74 28 hästar,
510 1243 46 14 som
571 1237 200 27 lottningsomrädet
786 1238 38 21 bör
839 1238 110 27 uppställa,
965 1238 50 21 söke

186 1265 95 20 tillständ
301 1265 70 21 därtill
391 1265 38 21 hos
444 1267 108 20 senaten».
581 1265 77 22 Denna
673 1266 99 27 paragraf
783 1266 112 27 möjliggör
910 1267 32 20 för
957 1266 58 21 kom-

186 1299 107 15 munerna
315 1295 30 20 att
367 1294 68 21 säsom
456 1294 78 21 sädana
554 1296 93 25 prästera
667 1295 36 20 det
722 1295 110 21 bestämda
848 1295 78 21 antalet
940 1295 75 20 hästar.

186 1321 42 22 Det
250 1321 110 22 framhölls
383 1323 63 20 också
470 1323 34 20 vid
526 1323 56 20 1894
602 1323 32 20 års
654 1323 102 28 landtdag
771 1323 7 21 i
794 1330 27 14 en
836 1323 129 22 reservation
987 1325 30 19 att

187 1350 57 21 detta
267 1351 170 27 tillvägagäende
458 1351 46 21 icke
525 1351 65 21 bordo
610 1353 61 26 göras
691 1352 53 21 blott
764 1353 32 20 till
816 1358 27 15 en
861 1352 109 27 möjlighet
984 1352 33 21 för

186 1379 163 28 kommunerna,
364 1382 52 18 utan
431 1380 32 21 till
478 1386 26 15 en
518 1379 128 28 skyldighet,
661 1381 39 20 och
716 1387 64 20 synes
796 1381 36 20 det
846 1381 44 27 mig
903 1383 30 18 att
943 1381 73 26 lagens

186 1407 23 21 sä
224 1410 31 19 att
270 1410 51 25 säga
336 1409 124 27 strategiska
475 1408 109 27 betydelse
600 1409 71 20 kunde
688 1416 50 14 vara
752 1409 44 21 lika
811 1409 90 28 effektiv,
912 1416 34 14 om
957 1409 59 21 kom-

185 1442 106 15 munerna
311 1436 90 21 sälunda
421 1437 59 27 ätoge
500 1437 32 27 sig
552 1439 31 18 att
598 1437 35 20 vid
648 1437 64 21 behof
727 1440 94 25 prästera
836 1438 36 21 det
887 1438 77 27 nödiga
979 1444 37 15 an-

185 1465 51 20 talet
252 1465 77 21 hästar.
360 1465 150 27 Uppgörandet
526 1466 21 20 af
562 1466 117 26 statstiken,
693 1466 57 20 huru
766 1467 44 20 ofta
820 1467 58 20 detta
887 1467 65 21 sedan
962 1466 53 27 sker,

186 1492 38 21 bör
245 1493 28 27 gä
292 1496 24 18 ut
335 1494 27 27 pä
381 1496 30 19 att
427 1494 120 20 konstatera
562 1494 80 21 antalet
656 1494 32 20 till
704 1494 123 27 krigstjänst
842 1495 86 27 dugliga
940 1495 75 20 hästar.

185 1520 42 21 Det
249 1528 65 20 synes
336 1522 45 27 mig
403 1524 30 19 att
454 1522 120 27 syftemälet
596 1523 49 20 med
667 1523 159 27 propositionen
849 1523 27 28 pä
897 1523 57 21 detta
976 1524 40 20 sätt
