1103 1811
187 133 41 21 398
401 138 71 17 Skada
483 138 32 17 till
528 138 52 22 följd
594 138 23 17 af
625 138 159 22 järnvägsdrift.
931 139 12 17 9
955 142 64 13 mars.

255 206 34 22 Hr
308 207 165 21 Wasenius:
504 206 10 21 I
537 207 26 21 de
584 206 73 27 motiv,
673 213 46 15 som
735 206 73 28 åtfölja
823 206 193 28 lagberedningens

186 235 79 28 förslag
281 235 110 27 angående
407 235 133 27 ansvarighet
556 236 32 20 för
603 235 72 26 skada,
690 235 124 21 förorsakad
830 235 22 21 af
861 235 155 28 järnvägsdrift,

186 266 62 24 säges
266 264 27 27 pä
314 270 47 21 pag.
385 264 39 20 11:
456 263 44 22 »De
516 264 247 27 lagstiftningsätgärder,
779 270 46 14 som
840 264 8 20 i
863 264 65 20 andra
943 264 75 21 länder

187 292 99 26 vidtagits
305 292 33 20 för
360 292 134 27 afhjälpande
516 292 21 21 af
559 292 95 27 antydda
676 292 120 27 olägenhet,
816 292 43 21 kan
874 292 7 20 i
896 292 120 21 hufvudsak

187 321 102 20 återföras
311 321 32 20 till
367 322 30 19 tre
419 321 57 20 olika
498 323 84 24 system.
613 320 11 21 I
646 327 26 14 en
689 321 35 20 del
740 323 70 24 stater,
826 320 69 21 såsom
911 321 106 27 England,

186 349 123 26 Frankrike,
332 349 90 27 Belgien
443 349 39 21 och
502 349 82 27 Italien,
600 355 101 15 ansvarar
715 349 252 28 järnvägsinnehafvaren
983 349 34 21 för

185 377 74 27 hvarje
275 377 45 27 slag
335 377 22 21 af
371 378 65 21 skada
446 384 77 21 genom
534 377 150 28 järnvägsdrift
695 378 76 21 endast
781 378 7 20 i
800 377 38 21 fall
848 378 81 21 skadan
940 378 77 27 ädaga-

186 406 73 27 lägges
282 406 63 21 hafva
367 406 32 21 sin
423 407 61 20 orsak
504 407 7 20 i
535 406 130 21 vårdslöshet
684 407 7 20 i
714 406 100 21 afseende
830 406 12 21 å
858 406 82 27 driften,
956 407 62 20 hvar-

187 435 35 20 vid
243 434 188 28 driftpersonalens
455 435 28 21 fel
506 435 110 21 tillräknas
634 435 261 27 järnvägsinnehafvaren.
925 435 10 20 I
951 435 67 20 andra

186 463 75 21 länder
281 463 50 27 äter,
354 463 130 28 exempelvis
498 463 114 27 Tyskland,
628 461 113 30 Österrike,
757 463 90 28 Ungern
862 463 40 21 och
917 463 100 27 Schweiz,

187 494 24 19 är
224 492 253 27 järnvägsinnehafvaren
493 492 98 27 ansvarig
606 492 33 21 för
657 492 27 21 all
703 499 78 20 genom
801 492 150 27 järnvägsdrift
965 498 54 21 upp-

187 521 100 20 kommen
303 521 65 20 skada
383 520 12 21 å
410 527 82 21 person,
508 521 87 20 såframt
609 521 43 21 han
667 521 48 20 icke
730 521 84 26 styrker
830 522 30 19 att
874 521 80 20 skadan
969 521 48 20 här-

187 551 43 19 rört
245 549 22 20 af
282 549 139 27 öfvermäktig
437 549 127 27 tilldragelse
577 549 53 21 eller
640 555 72 16 annan
722 549 49 21 med
782 549 178 27 järnvägsdriften
969 549 50 21 icke

187 577 103 21 samband
313 577 82 28 egande
418 578 100 21 händelse
540 577 52 22 eller
611 578 22 21 af
654 578 41 21 den
716 578 104 21 skadades
836 580 47 25 eget
899 577 119 22 vållande».

186 605 170 28 Lagstiftningen
372 606 7 20 i
400 606 115 21 sistnämda
530 606 75 21 länder
620 607 39 20 har
673 606 68 27 tjänat
756 606 70 20 säsom
842 606 69 26 grund
924 606 32 20 för
971 606 44 27 lag-

187 634 157 28 beredningens
362 634 84 28 förslag.
476 634 40 21 För
530 635 44 20 min
590 635 36 21 del
641 634 69 22 skulle
726 635 36 27 jag
776 634 47 21 icke
838 634 63 21 hafva
916 634 100 21 hesiterat

187 664 30 20 att
232 662 72 22 bifalla
320 663 32 21 till
367 665 30 19 ett
412 663 83 27 förslag,
510 669 46 15 som
572 670 50 14 vore
639 663 121 28 upprättadt
773 663 53 21 efter
836 663 26 21 de
874 663 141 27 grundsatser,

187 698 45 14 som
255 693 36 19 äro
310 691 97 28 gällande
423 692 7 20 i
444 691 104 27 England,
564 692 123 27 Frankrike,
702 692 90 26 Belgien
809 692 39 20 och
863 692 81 20 Italien.
973 691 45 27 Jag

186 720 42 20 kan
251 720 47 21 icke
320 720 45 21 inse
384 722 30 19 att
429 720 85 21 rättvisa
529 720 39 21 och
584 720 97 28 billighet
696 720 70 21 blifvit
782 720 154 27 tillgodosedda
951 720 6 20 i
973 720 41 20 den

186 748 138 28 lagstiftning,
345 749 7 20 i
373 748 93 27 enlighet
484 748 48 22 med
548 749 87 21 hvilken
650 749 254 27 järovägsinnehafvaren
919 749 7 20 i
941 748 73 28 regeln

186 777 47 20 icke
249 777 42 20 kan
307 777 71 27 undgä
393 777 249 27 ersättningsskyldighet
657 778 33 20 för
700 778 72 25 skada,
788 784 45 13 som
846 779 52 18 utan
908 778 52 20 hans
972 777 43 20 för-

187 805 98 21 vällande
308 805 60 22 skett.
399 805 73 28 Enligt
490 806 44 20 min
553 806 135 27 uppfattning
703 807 24 19 är
742 806 36 21 det
793 805 21 21 af
829 805 45 21 vikt
888 805 33 21 för
934 805 83 28 lagstif-

186 839 59 16 taren
262 836 30 19 att
306 834 47 21 icke
369 834 91 27 ensidigt
475 836 47 25 taga
538 841 39 14 ena
593 838 91 23 partens,
699 835 39 20 här
750 834 160 27 allmänhetens,
925 834 88 21 intresse

187 862 68 21 säsom
272 863 87 26 ledning
374 863 33 20 för
421 863 36 21 sitt
471 863 84 27 förslag,
570 865 52 19 utan
638 863 67 21 mäste
720 863 41 20 han
778 863 64 20 äfven
858 869 22 14 se
890 863 31 20 till
932 865 29 18 att
972 862 43 21 den

186 891 67 20 andra
268 894 91 24 partens,
369 891 273 27 järnvägsförvaltningens,
654 892 89 20 intresse
754 891 42 21 blir
805 891 140 26 tillgodosedt.
969 891 44 20 Och

187 919 47 27 den,
249 926 47 14 som
311 920 41 20 fäst
367 920 32 26 sig
414 920 34 20 vid
464 920 54 20 hvad
531 920 25 20 hr
567 920 102 26 Tallgvist
682 920 36 20 vid
730 922 84 19 senaste
827 919 86 27 plenum
925 919 92 27 yttrade,

186 948 109 27 nämligen
317 950 31 19 att
368 948 88 27 ofantlig
478 948 43 20 risk
541 948 96 21 vidläder
656 948 186 28 järnvägsdriften,
864 954 25 14 en
905 948 48 27 risk,
968 954 46 14 som

185 976 47 21 icke
255 976 41 21 den
317 976 179 28 omsorgsfullaste
518 977 130 27 förvaltning
669 977 41 21 kan
733 977 87 27 afvärja,
843 976 41 21 den
908 976 40 21 kan
967 976 48 21 icke

186 1006 65 26 gärna
267 1005 27 27 gä
308 1005 21 20 in
345 1005 28 27 pä
387 1007 30 19 att
432 1012 26 14 en
468 1006 229 26 järnvägsförvaltning
708 1006 53 20 skall
773 1007 77 19 ersätta
860 1005 72 27 hvarje
943 1005 72 26 skada,

187 1040 44 14 som
255 1040 77 20 genom
355 1034 177 27 järnvägsdriften
553 1034 41 21 kan
618 1034 80 28 uppstä.
729 1034 42 27 Jag
792 1034 38 20 har
850 1034 20 20 af
888 1040 26 14 en
929 1033 87 27 mycket

186 1062 143 21 framstäende
352 1062 101 27 tekniker,
476 1069 26 14 en
524 1063 183 27 maskindirektör,
729 1063 48 21 hört
798 1064 29 19 att
849 1062 101 27 publiken
968 1062 47 20 icke

186 1091 38 20 har
246 1097 26 15 en
295 1091 65 27 aning
378 1098 35 14 om
428 1092 54 20 huru
498 1091 62 27 farlig
573 1092 201 27 järnvägsrörelsen,
790 1091 48 21 med
855 1091 41 21 den
911 1090 104 28 hastighet

187 1126 45 14 som
257 1120 66 20 redan
345 1120 104 27 uppnätts,
472 1122 28 22 är,
522 1120 39 20 och
584 1120 48 27 den,
654 1126 45 14 som
720 1120 39 20 har
774 1120 70 26 nägon
861 1119 118 21 erfarenhet
994 1119 22 21 af

185 1148 88 21 hvilken
296 1148 43 20 risk
361 1149 7 19 i
391 1148 72 28 hvarje
486 1148 68 21 fabrik
575 1148 96 22 vidläder
686 1149 78 21 driften
780 1148 22 21 af
817 1148 140 26 maskinerna,
973 1148 41 20 den

186 1176 68 22 mäste
273 1177 66 21 förstä
354 1178 29 20 att
398 1177 71 21 risken
485 1178 23 19 är
523 1177 97 27 ofantligt
635 1177 87 27 mycket
737 1178 67 20 större
820 1176 35 21 vid
870 1177 144 27 järnvägarna.

186 1204 42 21 Det
249 1206 42 20 kan
307 1206 68 19 hända
391 1207 30 19 att
435 1206 47 20 icke
498 1205 88 21 allenast
602 1211 25 15 en
644 1208 91 24 senator,
750 1207 52 19 utan
819 1207 30 19 att
863 1206 28 19 tio
907 1207 112 18 senatorer

186 1233 53 21 eller
261 1233 64 21 ocksä
346 1234 66 27 nägra
434 1233 109 28 generaler
563 1234 108 27 samtidigt
686 1240 47 15 resa
749 1233 27 28 pä
790 1234 121 27 järnvägen.
941 1233 73 21 Skulle

185 1261 50 21 med
251 1262 62 21 dessa
328 1269 99 20 personer
442 1269 26 14 en
484 1262 76 27 olycka
571 1262 89 27 inträffa,
671 1262 41 21 blir
723 1263 36 20 det
769 1269 26 14 en
809 1262 80 27 ganska
900 1262 39 26 dyr
951 1262 64 20 histo-

186 1291 31 20 rie
232 1290 33 21 för
282 1291 114 27 järnvägen
413 1293 30 18 att
458 1291 69 21 betala
542 1291 42 20 den
600 1291 123 27 ersättning,
738 1291 80 27 hvarpä
834 1291 61 20 dessa
911 1291 27 20 tio
955 1296 59 15 sena-

186 1321 57 18 torer
264 1319 51 20 eller
337 1319 111 27 generaler
470 1319 83 21 komma
575 1321 31 19 att
620 1321 51 26 göra
689 1319 98 28 anspräk.
818 1319 72 21 Skulle
905 1318 110 28 lagbered-

185 1347 80 27 ningen
282 1347 62 21 hafva
359 1350 131 25 accepeterat
506 1348 35 21 det
555 1348 65 21 första
636 1348 21 21 af
672 1348 126 21 densamma
818 1347 112 21 omnämda
947 1349 68 25 syste-

186 1378 50 25 met,
259 1376 68 21 skulle
349 1377 41 26 jag,
413 1383 44 14 som
481 1377 66 26 sagdt,
570 1378 69 19 ansett
659 1378 29 19 att
710 1376 175 28 borgareständet
899 1376 46 21 icke
960 1375 55 21 hade

186 1405 45 20 skäl
257 1406 30 19 att
311 1405 93 20 förkasta
423 1407 29 19 ett
475 1405 74 20 sädant
570 1405 84 27 förslag,
679 1405 39 21 och
740 1405 124 21 hemställer
884 1406 35 26 jag
944 1404 72 21 därför

187 1440 34 14 om
249 1433 36 21 det
311 1433 46 21 icke
380 1440 50 14 vore
452 1433 82 28 möjligt
557 1433 32 21 för
611 1433 176 28 borgareständet
810 1435 30 19 att
863 1433 151 22 äterremittera

186 1462 57 20 detta
268 1462 114 27 lagförslag
415 1462 32 20 till
469 1462 137 27 lagutskottet
631 1462 48 20 med
702 1462 131 27 uppfordran
858 1464 29 18 att
907 1461 108 21 omarbeta

185 1490 102 27 förslaget
313 1490 66 27 enligt
401 1490 26 21 de
450 1490 142 27 grundsatser,
608 1496 46 15 som
675 1490 183 27 lagberedningen
881 1492 60 24 säger
965 1495 50 14 vara

186 1518 99 28 gällande
308 1519 6 20 i
335 1519 104 27 England,
462 1519 121 27 Frankrike,
603 1518 89 28 Belgien
709 1519 38 20 och
764 1519 82 20 Italien.
878 1518 77 21 Sädant
969 1517 46 27 lag-
