1103 1811
194 134 40 20 190
444 135 185 26 Öfverbefolkning
641 141 7 16 i
660 140 120 17 tukthusen.
935 141 24 17 15
971 141 50 17 febr.

262 207 34 21 Hr
310 208 122 21 talmannen
448 208 93 22 uttalade
556 208 185 28 borgareståndets
757 209 130 21 tacksamhet
902 210 33 21 för
951 210 25 21 de
992 216 29 14 nu

193 236 160 21 öfverlämnade
371 236 77 28 nådiga
468 237 188 27 propositionerna,
673 238 73 20 hvilka
764 238 172 26 borgareståndet
952 238 69 21 skulle

193 270 55 22 egna
263 265 175 28 grundlagsenlig
453 266 137 27 behandling;
607 266 65 21 hvarå
686 267 25 19 hr
726 268 100 19 senatorn
842 267 100 21 afträdde.

263 315 32 21 Hr
310 315 144 28 Nybergh,
470 317 122 26 August,
608 317 95 20 fortsatte
719 317 92 21 därefter
826 317 36 21 sitt
874 317 99 22 afbrutna
984 325 37 14 an-

193 344 108 27 dragande
318 345 39 20 och
373 345 91 26 yttrade:
486 345 126 21 Emellertid
627 348 43 19 tror
684 346 36 27 jag
736 347 29 19 att
780 352 49 14 man
841 346 46 21 icke
900 346 41 21 kan
953 347 68 21 öfver-

193 372 83 21 hufvud
299 373 54 21 rikta
375 376 29 18 ett
426 373 89 22 klander
537 376 45 18 mot
603 374 127 27 regeringen
745 375 32 20 för
792 376 30 19 att
837 374 123 22 densamma
974 375 47 21 icke

193 401 90 26 tidigare
299 401 90 28 vidtagit
403 402 97 27 åtgärder
516 402 32 21 till
563 402 134 27 afhjälpande
708 403 22 20 af
740 403 35 20 det
786 402 106 22 bristande
905 406 116 24 utrymmet

193 430 7 20 i
215 430 122 21 tukthusen.
367 429 42 22 Det
419 433 23 18 är
452 431 101 27 naturligt
563 433 35 24 att,
610 431 26 20 dä
647 437 25 15 en
682 437 29 20 ny
722 431 94 27 strafflag
827 431 49 21 kom
886 431 32 21 till
931 432 90 27 tillämp-

193 458 58 27 ning,
267 458 70 27 nägon
353 459 30 20 tid
399 459 65 21 mäste
480 459 20 21 fä
516 459 86 27 förflyta
616 459 34 21 för
661 460 107 21 vinnande
782 460 21 20 af
815 460 120 21 erfarenhet
948 461 71 20 därom

193 487 106 21 huruvida
321 487 209 28 öfverbefolkningen
551 488 7 20 i
580 488 115 21 tukthusen
712 488 69 21 blefve
797 489 99 20 konstant
911 489 39 20 och
965 489 55 20 huru

193 518 44 18 stor
258 515 124 22 densamma
401 517 7 20 i
423 516 99 21 medeltal
537 516 67 21 stälde
620 517 36 26 sig.
686 517 102 27 Möjligen
804 517 41 20 kan
863 524 48 14 man
926 519 50 26 säga
991 519 30 20 att

193 544 127 27 regeringen
335 545 55 20 hade
401 545 81 20 kunnat
494 545 97 20 använda
602 545 26 21 de
641 545 69 27 lediga
721 545 181 27 länsfängelserna
914 546 32 21 till
957 547 63 20 inter-

193 573 76 26 nering
285 573 21 20 af
321 573 80 27 fångar,
416 573 88 21 ädömda
519 573 83 21 kortare
618 574 138 21 frihetsstraff.
777 573 41 28 Jag
829 575 37 20 har
876 575 63 20 också
949 575 72 21 tvekat

193 601 33 20 för
242 602 44 19 min
302 601 40 27 del,
358 602 104 20 huruvida
478 602 34 20 det
528 608 50 14 vore
594 602 45 20 skäl
654 604 35 25 att,
705 603 27 20 dä
747 603 23 20 sä
784 603 48 20 kort
846 603 30 20 tid
887 603 54 21 efter
953 603 67 21 straff-

193 629 74 27 lagens
289 630 133 28 tillämpning
444 631 37 20 har
500 630 94 26 förflutit,
615 631 107 21 remittera
737 631 231 27 petitionsmemorialet
989 632 31 20 till

193 658 87 26 utskott,
301 658 141 28 synnerligast
459 665 46 15 som
520 659 35 21 det
570 659 38 21 har
623 659 33 20 för
670 660 44 26 mig
730 660 114 26 uppgifvits
860 661 30 19 att
905 666 26 15 en
943 660 78 21 komit6

194 686 21 21 af
235 687 126 27 regeringen
381 688 37 20 har
439 687 67 21 blifvit
527 688 73 20 tillsatt
616 688 32 20 för
663 690 29 18 att
707 688 79 27 afgifva
802 688 98 27 yttrande
916 689 103 20 huruvida

193 715 213 27 öfverbefolkningen
431 716 7 20 i
462 716 115 21 tukthusen
601 716 96 21 kommer
718 718 30 19 att
772 716 64 21 blifva
860 717 98 21 konstant
981 717 38 21 och

194 744 72 20 hvilka
289 744 97 27 åtgärder
409 751 44 14 som
475 745 7 20 i
505 744 116 27 anledning
636 745 59 21 däraf
710 745 60 21 skola
786 745 99 27 vidtagas.
915 745 50 21 Men
987 745 32 27 dä,

194 772 69 21 såsom
286 773 139 26 petitionären
447 773 119 26 framhällit,
590 773 35 20 det
647 774 41 19 kan
712 780 50 14 vara
780 774 21 19 af
816 780 25 14 en
858 774 42 20 viss
915 776 60 24 nytta
990 776 30 19 att

193 801 33 20 för
241 801 126 27 regeringen
383 801 75 21 betona
474 804 29 19 att
518 801 41 21 den
574 801 119 21 finansiella
703 802 61 21 sidan
777 802 21 21 af
813 802 65 21 saken
893 802 46 21 icke
955 802 64 21 borde

194 829 66 20 väcka
282 829 65 28 några
368 829 171 28 betänkligheter,
561 830 26 20 dä
610 830 35 21 det
665 830 67 27 gäller
752 832 30 19 att
803 831 119 26 organisera
937 831 82 20 landets

193 857 107 28 fängelser
321 859 39 20 och
378 859 144 26 tillämpandet
538 859 20 20 af
573 859 154 20 frihetsstraffet
742 859 26 27 på
784 859 175 28 ändamålsenligt
974 861 45 25 sätt,

194 886 23 21 så
232 893 65 19 synes
313 887 35 20 det
363 887 43 27 mig
421 894 49 13 vara
481 887 115 27 anledning
606 889 30 19 att
646 887 46 21 icke
704 889 63 25 vägra
783 888 74 20 remiss
868 888 21 20 af
899 889 120 25 petitionen,

194 914 39 21 och
255 914 88 22 föreslår
363 916 36 26 jag
413 915 55 27 förty
484 916 73 20 remiss
572 915 32 21 till
620 916 142 26 lagutskottet,
778 922 46 14 som
839 916 72 21 kunde
926 916 7 20 i
949 916 72 21 anled-

194 943 52 27 ning
267 944 22 20 af
309 944 41 20 den
373 944 109 20 berättelse
498 944 58 20 öfver
571 944 163 27 lagskipningen
750 945 38 20 och
804 944 97 28 lagarnas
917 945 103 20 handhaf-

194 972 75 26 vande,
286 978 46 14 som
347 972 137 27 prokuratorn
500 972 202 28 författningsenligt
714 979 49 21 eger
774 973 84 27 afgifva,
869 973 76 21 föreslå
957 973 64 27 något

194 1000 99 26 yttrande
309 1000 32 21 för
356 1001 112 21 ständerna
482 1001 8 20 i
505 1001 71 21 saken.

264 1046 33 21 Hr
319 1046 133 21 Brofeldt
474 1046 95 27 frångick
591 1047 35 21 sitt
647 1047 89 27 tidigare
757 1047 78 27 förslag
856 1054 35 14 om
909 1047 76 21 remiss
1000 1047 21 21 af

194 1074 201 28 petitionsförslaget
416 1075 32 21 till
466 1075 106 21 allmänna
587 1076 203 26 petitionsutskottet
804 1078 55 19 samt
873 1076 101 21 förenade
990 1076 31 27 sig

195 1109 34 14 om
245 1103 26 21 hr
286 1103 112 28 Nyberghs
413 1104 7 20 i
435 1104 73 20 sådant
524 1104 99 21 afseende
638 1104 124 21 framstälda
777 1104 83 28 förslag.

264 1155 33 21 Hr
312 1155 132 21 Berneri:
474 1155 41 27 Jag
531 1156 37 20 har
582 1155 70 21 blifvit
666 1156 87 27 upplyst
768 1163 34 14 om
818 1158 30 19 att
863 1156 65 21 redan
942 1156 41 21 den
996 1156 25 20 16

195 1184 116 21 november
334 1184 53 20 1897
409 1184 71 27 åtgärd
496 1184 100 27 vidtagits
612 1191 34 13 om
662 1185 139 21 nedsättande
817 1185 21 20 af
854 1191 26 15 en
895 1185 80 21 komité
989 1185 33 21 för

195 1212 122 26 afgifvande
334 1212 21 21 af
369 1213 98 26 yttrande
483 1213 38 20 och
537 1212 79 27 förslag
630 1213 7 20 i
653 1213 59 26 fråga
724 1219 34 14 om
772 1213 135 27 erforderliga
925 1213 98 27 åtgärder

195 1240 32 21 för
243 1242 30 19 att
288 1241 153 20 frihetsstraffet
456 1241 67 20 skulle
539 1241 72 20 kunna
627 1241 124 21 värkställas
762 1242 39 20 och
812 1241 131 28 fångvården
955 1242 67 20 hand-

194 1269 75 20 hafvas
284 1269 7 20 i
307 1269 92 27 enlighet
421 1269 47 21 med
487 1269 35 21 det
537 1269 144 28 straffsystem,
697 1277 46 14 som
759 1276 78 21 genom
852 1270 121 27 strafflagen
990 1270 32 20 in-

194 1297 57 20 förts.
283 1297 41 28 Jag
345 1298 38 20 har
402 1298 7 20 i
430 1298 84 21 handen
535 1300 29 19 ett
586 1298 80 27 utklipp
683 1305 25 14 ur
724 1301 29 18 ett
769 1299 46 20 bref
830 1299 31 20 till
876 1299 146 27 prokurators-

195 1326 108 27 adjointen
325 1326 119 27 Hornborg,
460 1327 58 20 hvari
533 1327 79 20 honom
628 1327 118 27 uppdrages
762 1329 30 19 att
807 1334 50 14 vara
873 1327 127 21 ordförande
1015 1327 7 20 i

194 1354 161 27 ifrågavarande
377 1355 83 21 komité.
490 1355 41 20 Vid
551 1355 36 20 det
601 1355 132 22 förhållande
749 1358 30 19 att
793 1356 125 27 regeringen
935 1355 87 21 alldeles

195 1389 52 20 nyss
269 1383 106 21 värksamt
394 1384 52 26 tagit
460 1384 31 21 itu
505 1383 49 22 med
570 1383 144 28 afhjälpandet
729 1384 22 21 af
766 1385 26 20 de
808 1384 214 26 missförhålllanden,

195 1411 84 21 hvilkas
301 1412 133 27 afhjälpande
456 1412 116 27 petitionen
595 1412 85 27 åsyftar,
701 1419 63 14 anser
785 1413 35 27 jag
835 1413 33 21 för
882 1413 45 20 min
943 1412 35 21 del
993 1414 30 19 att

195 1440 118 27 petitionen
328 1441 47 20 icke
391 1441 64 21 borde
471 1441 31 20 till
518 1441 70 26 någon
604 1441 72 27 åtgärd
689 1441 117 22 föranleda.

265 1492 33 20 Hr
318 1492 147 21 Brofeldt:
495 1489 69 24 Äfven
585 1492 35 27 jag
641 1492 38 21 har
699 1493 45 26 mig
762 1493 78 20 bekant
856 1495 29 18 att
901 1492 70 21 denna
987 1492 36 20 ko-

195 1519 52 21 mité
263 1520 69 21 blifvit
347 1520 78 21 tillsatt.
454 1520 48 21 Den
518 1521 82 20 tillkom
616 1521 65 21 redan
697 1521 27 27 på
740 1522 80 27 hösten,
836 1527 49 15 men
895 1527 35 15 om
944 1521 20 20 vi
975 1522 48 25 taga
