1103 1811
84 141 26 23 23
122 140 51 18 febr.
329 138 205 23 Bankfullmäktiges
546 140 121 17 berättelse.
871 134 42 21 295

84 209 81 21 nadens
185 208 53 28 läge,
256 215 45 15 som
317 211 157 25 representeras
490 208 21 21 af
525 208 184 28 privatbankerna,
724 208 78 27 jämväl
818 208 95 22 kommer

84 237 101 22 Finlands
208 237 56 21 bank
286 238 32 20 till
339 237 62 27 godo,
417 237 27 21 då
460 237 84 21 banken
560 237 135 27 naturligtvis
709 237 9 20 i
732 237 64 27 ingen
812 236 101 22 händelse

85 272 49 15 vore
157 266 87 21 bunden
267 266 21 20 af
310 266 26 21 de
356 265 131 28 uttalanden,
502 272 46 14 som
564 265 46 21 från
626 265 62 21 dessa
703 264 43 22 håll
762 265 68 21 skulle
845 267 67 26 göras.

85 295 10 20 I
111 294 99 21 afseende
231 294 12 21 å
265 294 44 21 åter
331 294 138 27 anvisningar
490 294 27 27 på
535 294 102 21 Finlands
653 294 67 20 banks
736 294 56 21 vinst
806 294 33 21 för
853 294 60 21 kom-

84 323 77 21 mande
184 323 23 20 år
228 323 37 20 ber
285 323 36 27 jag
343 322 161 21 bankutskottet
519 322 67 21 uttala
601 322 32 27 sig
648 322 106 21 huruvida
769 322 35 21 det
818 322 47 22 icke
880 323 33 20 för

84 351 101 21 Finlands
208 351 55 21 bank
284 357 50 15 vore
355 351 151 27 förmånligare
522 351 39 21 och
576 351 100 27 riktigare
692 352 30 19 att
737 351 113 22 ständerna
864 351 47 21 icke

84 380 69 21 skulle
173 380 74 21 anvisa
266 381 29 20 ett
309 379 40 21 fixt
364 379 77 28 belopp
457 380 21 21 af
493 379 147 28 trefjärdedels
655 379 52 21 eller
722 385 25 15 en
764 379 52 21 eller
830 386 27 15 en
872 380 40 21 och

85 415 26 14 en
134 409 45 20 half
200 409 73 27 miljon
297 408 59 21 mark
375 408 81 27 årligen
471 408 27 27 på
513 408 103 21 Finlands
631 408 63 27 bank,
710 410 51 19 utan
776 409 51 26 göra
842 408 70 21 denna

85 437 113 28 anvisning
218 437 7 21 i
246 437 116 28 procenttal
384 437 53 21 eller
451 437 113 21 bråkdelar
579 437 21 20 af
615 437 41 20 den
672 437 62 26 vinst,
749 443 45 14 som
810 437 21 20 af
846 437 66 20 bank-

84 466 102 21 utskottet
201 466 103 21 beräknas
319 467 30 19 att
368 465 84 21 banken
469 465 69 22 under
553 465 26 22 de
594 465 94 27 följande
704 465 49 21 åren
770 465 41 21 kan
826 465 86 21 komma

83 496 31 19 att
135 495 88 20 inhösta.
254 494 73 21 Såsom
350 494 131 21 förfarandet
502 494 76 21 hittills
601 494 60 27 varit,
676 495 30 20 att
720 500 50 15 man
786 494 82 21 anvisat
883 495 29 20 ett

85 523 105 21 bestämdt
212 523 80 27 belopp,
308 523 71 20 kunde
395 523 36 20 det
445 523 110 27 nämligen
570 522 70 21 hända
655 524 30 19 att
700 522 68 21 under
783 525 29 18 ett
826 522 87 27 mycket

84 554 112 24 ogynsamt
211 551 22 21 år
249 551 83 21 banken
347 551 123 28 egentligen
485 551 66 21 borde
566 551 57 21 hålla
635 551 33 21 för
684 551 150 21 statsändamål
842 551 70 27 dispo-

84 580 67 21 vibelt
173 582 30 19 ett
224 582 66 19 större
312 579 76 27 belopp
404 582 26 18 än
446 580 48 21 hela
510 580 48 21 dess
574 579 91 22 årsvinst
679 581 68 25 utgör.
777 579 73 22 Skulle
866 579 46 21 där-

84 610 57 19 emot
163 614 28 15 en
212 608 43 21 viss
277 608 62 21 andel
358 608 21 20 af
395 608 42 21 den
452 608 138 27 kalkylerade
606 608 83 21 vinsten
705 608 84 21 anvisas
804 608 32 21 för
851 610 61 18 stats-

84 636 115 22 behofvens
220 637 101 27 fyllande,
336 636 72 22 kunde
424 636 65 28 något
504 637 76 21 sådant
594 636 68 28 aldrig
677 636 89 22 inträffa.
795 636 41 22 För
851 638 61 19 stats-

84 665 117 27 budgetens
217 666 104 27 reglering
337 667 24 19 är
376 665 35 21 det
427 665 45 21 åter
486 666 101 27 tämligen
603 665 100 27 likgiltigt
718 672 33 14 om
768 672 49 14 man
828 665 85 21 anvisar

85 696 29 19 ett
134 694 40 21 fixt
194 694 75 28 belopp
288 694 27 28 på
329 694 102 20 Finlands
447 694 56 21 bank
519 694 53 21 eller
586 696 13 19 t.
615 700 33 15 ex.
665 700 25 15 en
706 694 103 27 fjärdedel
824 694 22 20 af
861 694 51 20 ban-

83 722 53 22 kens
151 722 136 28 kalkylerade
303 722 60 21 vinst.
394 722 10 21 I
420 722 38 21 vår
472 722 81 28 budget
568 724 85 26 utgöras
663 722 145 22 inkomsterna
818 722 32 21 till
860 722 52 21 allra

85 753 75 19 största
183 751 68 21 delen-
266 752 21 20 af
309 751 80 21 sådana
411 751 54 21 blott
482 751 138 27 kalkylerade
635 751 122 21 inkomster.
787 750 39 22 Om
842 751 70 21 härtill

84 780 67 20 skulle
173 780 85 20 komma
277 780 69 21 såsom
368 786 27 14 en
417 780 100 21 eventuel
536 786 71 15 reserv
622 780 122 27 ytterligare
760 786 26 15 en
802 780 59 26 dylik
876 779 35 21 be-

84 808 80 21 räknad
186 808 98 27 inkomst,
307 808 68 21 skulle
399 808 57 21 detta
478 808 30 21 als
530 808 47 21 icke
592 808 89 21 invärka
696 808 27 27 på
738 808 106 27 budgeten
860 807 52 22 eller

84 836 47 21 dess
147 837 142 27 uppgörande.

151 865 42 28 Jag
208 865 37 21 ber
260 867 30 19 att
305 865 57 21 detta
377 865 110 21 uttalande
502 865 66 21 måtte
584 865 103 28 delgifvas
704 865 164 21 bankutskottet.

151 922 178 26 Borgareståndet
343 922 69 20 beslöt
427 924 29 19 att
468 922 160 21 bankutskottet
634 928 77 21 genom
720 922 191 27 protokollsutdrag

84 950 67 21 skulle
175 950 78 21 erhålla
275 950 35 21 del
332 951 21 20 af
376 950 26 21 de
425 950 21 21 af
467 951 35 20 hrr
521 950 148 27 Schybergson
685 951 39 21 och
739 950 77 22 Heikel
832 950 79 28 afgifna

83 978 132 28 yttrandena.

152 1122 33 20 Hr
206 1122 122 21 talmannen
349 1122 126 21 meddelade
494 1124 30 20 att
539 1122 32 22 till
587 1123 80 21 notarie
683 1123 35 20 vid
734 1122 93 22 ståndets
842 1122 69 22 kansli

85 1151 89 27 antagits
190 1151 238 27 vicehäradshöfdingen
445 1151 118 21 Werner
578 1151 162 27 Holmberg.

153 1291 102 29 Emedan,
276 1293 66 28 enligt
362 1294 57 21 hvad
439 1294 146 21 sekreteraren
606 1294 85 27 anmält,
710 1294 165 28 expedieringen
890 1294 21 21 af

85 1320 262 28 diskussionsprotokollen
363 1322 32 21 till
411 1323 109 20 utskotten
535 1323 47 21 icke
597 1323 82 20 kunnat
694 1323 37 21 ske
746 1323 49 21 med
811 1323 100 27 tillbörlig

84 1349 152 26 skyndsamhet
258 1353 54 18 samt
334 1351 90 21 orsaken
446 1351 72 21 härtill
538 1351 58 28 varit,
612 1351 65 21 bland
692 1354 69 24 annat,
778 1351 41 21 den
834 1353 30 19 att
879 1357 32 15 re-

85 1377 94 27 spektive
200 1379 65 20 talare
285 1379 46 21 icke
352 1379 59 21 inom
427 1379 41 22 den
481 1380 21 21 af
517 1379 84 22 ståndet
616 1380 109 21 bestämda
740 1380 29 21 tid
785 1380 21 21 af
822 1381 27 20 24
864 1380 47 21 tim-

84 1412 45 15 mar
145 1406 53 21 efter
213 1407 144 27 mottagandet
371 1408 32 21 till
419 1409 199 26 stenografkansliet
634 1408 124 21 återlämnat
773 1409 46 20 sina
831 1410 80 25 yttran-

85 1434 41 21 den
141 1435 141 28 korrigerade,
298 1437 134 26 uppmanade
447 1437 26 20 hr
487 1437 123 21 talmannen
625 1437 94 21 talarene
734 1439 30 19 att
778 1437 69 21 såvidt
858 1437 53 27 möj-

84 1463 38 27 ligt
137 1463 61 21 ställa
213 1465 32 26 sig
260 1465 93 21 ståndets
368 1465 162 27 ifrågavarande
546 1465 70 21 beslut
630 1465 32 21 till
677 1466 144 20 efterrättelse.
