1103 1811
85 142 23 16 12
120 141 51 18 febr.
395 136 206 33 Arbetarestatistik.
870 137 40 21 181

84 210 39 21 och
139 210 48 21 dess
202 210 174 28 missriktningar,
391 211 73 21 hvilka
478 211 131 21 framkallats
624 217 77 21 genom
718 211 76 21 okloka
809 211 40 21 och
859 211 52 21 hän-

84 239 97 27 synslösa
196 239 117 27 agitatorer.
342 239 42 27 Jag
402 240 121 20 hemställer
538 240 32 20 till
586 240 40 20 den
642 240 63 20 ärade
720 240 140 27 petitionären
876 246 35 14 om

84 268 35 20 det
141 269 24 19 är
186 267 23 21 så
231 268 60 20 klokt
312 270 30 18 att
360 268 44 27 just
418 268 8 20 i
441 268 57 21 detta
513 268 154 27 sammanhang
681 268 43 20 tala
740 274 34 15 om
790 268 45 21 vårt
850 268 61 21 lands

86 296 92 27 »talrika,
194 296 21 20 af
229 296 130 27 kapitalister
373 298 93 25 utsugna
478 296 241 27 arbetarebefolkning».
745 296 113 27 Uttrycket
869 297 42 20 för-

83 324 88 21 mildras
192 324 124 27 visserligen
336 331 77 21 genom
433 325 123 27 påpekande
572 327 30 18 att
617 325 198 20 missförhållanden
831 325 7 21 i
854 325 57 21 detta

83 353 100 21 afseende
206 353 47 21 icke
271 353 131 21 förekomma
417 354 38 20 hos
471 360 34 14 oss
520 354 7 20 i
543 360 81 14 samma
639 353 147 27 utsträckning
800 360 46 15 som
862 354 7 20 i
884 353 26 21 de

83 384 57 18 stora
162 381 198 27 industriländerna,
382 388 49 15 men
454 383 35 26 jag
511 382 67 21 måste
601 382 60 27 dock,
677 382 26 21 då
718 382 35 27 jag
768 382 84 21 förenar
867 382 44 27 mig

83 417 35 14 om
141 410 113 26 klämmen,
276 417 107 14 reservera
405 411 43 27 mig
471 415 44 16 mot
530 410 58 21 detta
603 411 109 20 uttalande
727 411 6 20 i
749 411 161 26 motiveringen.

82 438 42 28 Jag
147 439 36 20 vill
205 441 66 25 gärna
293 439 78 27 hoppas
393 441 30 19 att
440 440 38 20 här
493 439 75 21 endast
582 439 114 27 föreligger
711 441 29 19 ett
755 439 155 27 stiliseringsfel

83 468 40 21 och
144 470 29 19 att
193 467 35 21 det
243 468 18 27 ej
281 467 63 21 måtte
359 467 27 28 på
401 468 65 27 något
480 470 41 19 sätt
536 468 66 21 skada
616 468 242 27 petitionsmemorialets
874 467 35 21 be-

82 496 140 21 aktansvärda
245 496 60 27 syfte.
334 496 41 27 Jag
397 497 80 27 hoppas
499 497 79 26 jämväl
600 498 31 19 att
652 496 101 21 utskottet
768 496 54 21 skall
836 496 74 21 kunna

82 525 48 20 från
153 527 64 18 annat
240 525 42 20 håll
304 525 123 20 införskaffa
448 525 41 21 den
504 527 97 19 närmare
616 525 115 26 utredning
745 525 7 20 i
768 525 79 27 frågan,
862 531 47 14 som

83 553 133 21 memorialet
237 555 71 25 tyvärr
328 553 47 21 icke
395 553 123 22 innehåller.
548 553 42 27 Jag
609 553 36 21 ber
660 553 71 21 därför
746 555 29 19 att
790 553 21 21 få
826 553 84 21 förorda

82 581 211 27 petitionsförslagets
307 582 74 21 remiss
396 582 32 21 till
443 582 97 21 utskott
533 577 13 37 i
551 582 141 27 förhoppning
700 589 35 14 om
748 583 30 20 att
788 582 56 21 detta
856 581 53 21 skall

82 610 73 20 förena
170 610 32 27 sig
217 616 35 14 om
267 610 109 27 förslagets
391 610 61 27 syfte.

151 655 32 21 Hr
202 655 163 28 Holmberg,
386 656 84 20 Emil:
501 656 42 27 Jag
564 656 37 20 vill
621 656 74 20 endast
714 658 49 25 göra
780 662 25 14 en
820 655 89 21 invänd-

82 684 52 27 ning
156 686 56 19 emot
232 684 25 20 hr
272 684 69 27 Hjelts
356 684 114 28 påstående
486 687 30 19 att
530 685 36 27 jag
581 684 69 21 skulle
665 687 65 24 yttrat
745 687 30 18 att
789 685 37 20 här
841 684 7 20 i
864 684 46 21 vårt

81 713 49 21 land
147 713 78 21 funnes
236 719 26 15 en
275 713 67 26 talrik,
351 713 21 21 af
379 713 133 27 kapitalister
520 716 90 24 utsugen
624 713 224 27 arbetarebefolkning.
868 712 41 27 Jag

82 742 75 26 tycker
171 742 44 27 mig
229 743 90 19 tvärtom
334 742 63 20 hafva
412 744 64 24 yttrat
492 744 30 18 att
536 742 39 20 här
590 742 44 20 icke
650 742 69 20 finnes
735 748 25 14 en
774 742 58 26 dylik
850 741 59 21 arbe-

83 770 175 27 tarebefolkning.
288 770 12 21 I
321 770 41 21 alla
384 770 37 21 fall
443 770 69 21 finnes
536 770 35 21 det
588 771 23 26 ju
628 770 54 21 dock
697 770 121 27 tillräckligt
833 770 76 26 många

81 798 199 21 missförhållanden
296 800 29 19 att
340 799 92 27 afhjälpa
447 799 61 20 äfven
525 799 38 20 hos
576 805 40 14 oss.
646 798 31 21 Hr
687 798 60 27 Hjelt
757 798 70 27 påstår
837 797 72 21 vidare

83 829 30 19 att
133 827 36 27 jag
191 827 98 21 särskildt
308 827 68 27 utgått
393 827 46 21 från
456 827 41 21 den
513 827 107 28 agitation,
636 833 45 15 som
697 827 109 20 bedrifvits
822 827 38 20 hos
876 833 33 14 oss

82 856 38 20 och
143 855 26 21 de
184 855 175 28 missriktningar,
375 855 190 22 arbetarerörelsen
580 856 39 21 har
634 856 51 27 tagit
700 856 7 20 i
723 855 45 22 vårt
783 855 55 21 land.
868 855 42 26 Jag

81 884 118 27 medgifver
220 886 30 19 att
269 885 35 26 jag
327 891 62 14 anser
410 884 60 21 dessa
492 885 170 26 missriktningar
675 885 45 25 just
734 891 50 14 vara
800 885 28 20 ett
843 883 66 21 motiv

81 912 33 21 för
129 912 137 27 uppgörande
282 913 21 20 af
317 919 27 14 en
359 912 59 27 dylik
437 913 96 20 statistik.
564 912 76 28 Många
656 912 112 27 yttranden
784 912 63 20 hafva
863 912 46 20 blif-

82 941 29 21 vit
127 941 56 21 fälda
198 942 35 20 vid
250 941 49 21 våra
314 941 174 27 arbetaremöten,
504 948 46 14 som
568 941 112 27 onekligen
696 941 46 21 haft
756 947 27 14 en
799 940 110 27 utpräglad

83 970 125 20 socialistisk
230 969 95 21 tendens.
362 970 49 20 Man
436 970 37 20 har
495 970 124 27 visserligen
642 970 47 20 icke
712 969 77 27 tydligt
810 972 46 24 sagt
880 971 29 18 att

83 998 118 27 »egendom
217 1000 23 18 är
255 998 74 27 stöld»,
345 1005 49 14 men
410 1005 48 14 man
475 998 38 21 har
528 1000 65 25 yttrat
608 999 7 19 i
631 998 35 21 det
674 1000 105 18 närmaste
788 998 121 20 detsamma.

80 1026 43 22 Det
144 1028 23 19 är
187 1027 71 26 dylika
274 1027 174 27 missriktningar,
464 1033 45 15 som
526 1034 77 20 genom
618 1027 58 20 klara
692 1027 39 20 och
747 1026 80 27 tydliga
842 1025 68 21 siffror

81 1055 73 21 kunna
171 1055 94 21 bemötas
281 1056 39 20 och
335 1055 71 21 hvilka
421 1056 35 26 jag
471 1058 51 18 trott
536 1056 44 26 mig
595 1062 76 20 genom
688 1055 41 21 den
744 1055 7 20 i
764 1055 44 20 min
822 1054 87 28 petition

80 1084 130 21 motiverade
226 1084 214 21 arbetarestatistiken
456 1084 74 20 kunna
546 1084 114 20 motvärka.

150 1129 33 21 Hr
203 1129 90 27 Hjelt:
323 1130 42 26 Jag
385 1130 70 20 finner
476 1132 30 18 att
521 1130 42 20 den
578 1130 63 20 ärade
656 1130 139 26 petitionären
811 1129 46 21 icke
874 1135 34 20 sy-

80 1164 39 14 nes
140 1158 72 27 riktigt
235 1158 69 21 erinra
327 1158 32 28 sig
381 1158 56 21 hvad
459 1158 53 21 hans
534 1158 86 27 petition
637 1158 123 21 innekåller.
790 1157 44 21 Där
848 1157 61 27 ingår

80 1186 107 26 nämligen
210 1187 87 21 faktiskt
319 1187 35 21 det
376 1187 21 21 af
420 1187 43 26 mig
484 1187 109 26 påpekade
616 1186 123 21 uttalandet.
768 1186 48 21 Den
832 1185 77 27 ifråga-

80 1215 93 20 varande
196 1217 70 18 satsen
287 1215 38 20 har
346 1215 93 26 följande
463 1215 91 26 lydelse:
586 1215 65 20 »Värt
665 1215 51 20 land
732 1215 38 20 har
785 1213 124 28 visserligen

79 1243 48 21 icke
142 1243 7 20 i
165 1249 81 15 samma
261 1243 131 21 förhållande
408 1250 45 14 som
470 1243 26 21 de
512 1243 106 27 egentliga
633 1243 184 21 industristaterna
832 1249 27 14 en
870 1242 39 21 tal-

79 1272 38 26 rik,
139 1271 22 21 af
181 1272 129 27 kapitalister
330 1274 91 25 utsugen
437 1272 239 26 arbetarebefolkning.>
708 1271 64 21 Detta
786 1275 22 16 är
822 1271 24 27 ju
862 1271 46 26 tyd-

80 1300 39 27 ligt
141 1307 48 20 nog.
219 1300 124 21 Emellertid
366 1301 37 20 vill
425 1301 41 26 jag,
489 1301 70 20 såsom
581 1301 35 26 jag
636 1301 57 20 förut
707 1300 121 26 framhållit,
844 1301 64 25 gärna

80 1331 76 24 antaga
178 1331 30 18 att
228 1329 39 20 här
287 1329 74 21 endast
376 1329 114 27 föreligger
505 1331 30 18 ett
550 1329 97 27 exempel
663 1329 26 27 på
705 1329 41 20 den
762 1328 69 27 gamla
846 1328 63 25 lagen

80 1364 35 13 om
131 1357 94 28 språkets
240 1358 59 20 makt
313 1358 60 21 öfver
387 1358 84 20 tanken.
501 1357 11 21 I
527 1357 122 21 hufvudsak
664 1357 84 21 förenar
762 1357 36 27 jag
812 1357 49 26 mig,
878 1356 31 20 så-

80 1392 46 14 som
143 1386 66 21 redan
224 1388 65 25 nämt,
305 1393 34 14 om
355 1386 207 27 petitionsförslaget.

148 1431 70 22 Sedan
234 1432 148 21 diskussionen
397 1432 87 21 härmed
501 1432 103 27 afslutats,
620 1432 43 21 blef
673 1431 201 28 petitionsförslaget
886 1430 23 21 af

79 1460 174 27 borgareståndet
273 1461 130 21 remitteradt
419 1461 31 20 till
466 1461 108 20 allmänna
589 1461 207 27 petitionsutskottet,
811 1465 45 15 som
873 1465 35 20 ge-

78 1494 51 15 nom
144 1488 193 28 protokollsutdrag
351 1489 70 21 skulle
436 1489 20 20 få
472 1489 35 21 del
523 1489 21 20 af
560 1489 25 21 de
601 1496 29 13 nu
647 1489 79 27 afgifna
742 1488 132 27 yttrandena.
