1103 1811
177 134 41 22 168
440 134 88 23 Åbvorätt
538 140 33 17 till
583 140 166 18 kronohemman.
918 140 23 17 12
953 140 52 18 febr.

178 208 131 22 hallituksen
329 208 86 27 tietoon,
435 214 22 15 se
479 208 133 28 epäilemättä
632 209 109 27 parahiten
762 208 58 21 tulisi
836 208 115 22 huomioon
966 210 44 20 ote-

179 236 57 22 tuksi
251 237 22 27 ja
288 237 55 21 siten
358 237 107 21 tehtäisiin
480 237 94 21 kansalle
590 237 59 21 suuri
665 244 42 20 apu
721 238 21 26 ja
758 237 103 27 helpotus.

248 293 34 21 Hr
297 294 217 27 Schybergson:
544 294 42 21 Det
602 301 36 14 var
654 296 50 19 utan
716 294 74 21 tvifvel
800 295 30 19 ett
840 294 80 27 ganska
931 294 80 27 vädligt

179 322 72 21 beslut
273 321 85 22 ständet
380 322 79 21 fattade
482 323 32 20 för
529 322 65 27 nägra
610 322 172 21 sammanträden
798 322 71 27 sedan,
886 322 27 21 dä
927 322 84 21 ständet

179 350 70 21 beslöt
270 352 30 19 att
314 351 48 20 icke
377 351 237 27 petitionsmemorialen
635 353 52 18 utan
704 351 76 20 endast
795 351 132 20 klämmarna
941 351 70 20 skulle

179 379 107 28 uppläsas.
315 379 32 27 Ty
363 379 57 22 detta
435 379 70 21 beslut
519 379 59 21 leder
594 382 52 19 utan
661 379 75 21 tvifvel
751 379 33 21 till
795 385 27 15 en
833 379 74 21 lättare
917 379 95 21 behand-

179 408 45 27 ling
240 407 22 21 af
277 407 142 28 petitionerna
437 409 26 20 än
478 408 74 21 hittills
566 408 8 20 i
589 408 57 21 detta
662 407 62 22 ständ
740 408 54 21 varit
809 407 78 27 vanlig.
908 407 50 21 Man
973 408 40 20 har

179 436 57 21 förut
262 438 74 25 vägrat
357 437 75 20 remiss
453 436 6 21 i
480 437 85 26 mycket
585 436 51 21 flere
652 436 37 21 fall
705 438 27 19 än
748 443 41 19 nu;
806 436 39 21 och
859 436 36 27 jag
909 439 44 18 tror
967 436 45 27 mig

181 465 51 20 böra
255 465 66 20 uttala
342 465 49 21 mitt
411 465 135 21 erkännande
566 465 32 21 till
613 465 25 20 hr
654 461 82 25 Öhman
752 465 34 20 för
801 467 30 18 att
845 465 42 20 han
903 464 44 21 haft
961 464 51 21 mod

181 495 30 19 att
231 493 8 21 i
261 493 58 21 detta
334 493 38 21 fall
387 495 64 26 vägra
466 494 80 27 remiss,
562 493 86 21 oaktadt
662 494 42 20 han
721 493 87 21 därmed
824 495 77 19 utsatte
917 493 32 27 sig
963 492 50 28 själf

182 522 39 21 och
237 521 85 22 ständet
337 522 33 21 för
385 528 26 15 en
427 522 126 27 uppläsning
570 523 21 20 af
606 521 239 28 petitionsmemorialet.

250 550 65 21 Hvad
336 550 99 21 beträffar
455 551 74 26 själfva
552 551 71 26 saken,
639 553 44 18 tror
697 551 36 26 jag
748 550 44 27 mig
807 550 73 21 kunna
896 552 48 25 taga
959 550 55 21 fasta

180 579 27 27 pä
222 579 57 20 hvad
300 579 26 20 hr
340 573 109 27 Äkerman
465 579 50 21 sade
531 579 51 21 eller
598 581 30 19 att
644 579 35 21 det
695 579 21 21 af
732 580 79 19 honom
827 579 110 20 anmärkta
952 579 61 20 miss-

180 607 143 21 förhällandet
338 614 43 20 nog
393 607 40 21 kan
448 607 80 27 hjälpas
540 607 125 21 ständernas
675 607 73 27 ätgärd
760 607 90 27 förutan,
859 614 34 14 om
904 607 107 26 nämligen

181 635 172 21 vederbörandes
369 636 185 27 uppmärksamhet
569 636 64 21 fästes
648 636 35 20 vid
699 636 149 24 förhällandet,
864 636 39 20 och
918 636 35 26 jag
965 638 46 18 tän-

181 664 38 21 ker
240 666 31 19 att
292 664 25 20 hr
337 658 109 27 Äkerman
465 666 13 19 t.
496 671 33 14 ex.
552 664 42 21 kan
610 666 51 25 göra
675 664 37 21 sitt
726 664 119 26 inflytande
860 664 97 27 gällande
973 664 40 21 hos

181 694 135 26 guvernören
338 693 11 28 i
361 692 36 21 det
412 692 40 28 län,
468 693 36 20 där
520 693 60 21 dessa
595 693 201 21 missförhällanden
812 692 154 27 företrädesvis,
981 694 31 19 att

181 721 60 21 döma
260 721 21 21 af
296 721 25 20 hr
336 721 120 21 ÄAkermans
471 722 103 26 yttrande,
590 721 120 26 förefinnas,
726 723 56 19 samt
796 723 30 19 att
838 727 27 15 en
874 720 65 22 sådan
947 721 64 21 fram-

181 750 102 27 ställning
299 750 21 20 af
335 750 77 20 honom
429 750 52 20 skall
499 750 63 20 hafva
578 750 40 21 den
632 750 94 21 önskade
741 750 115 27 päföljden.
886 749 49 21 Man
951 749 60 21 hari

185 780 30 19 ett
236 780 66 19 annat
323 778 62 21 ständ
401 780 46 25 sagt
461 780 30 19 att
505 778 113 21 ständerna
634 778 72 21 kunna
721 778 103 21 förliknas
840 778 35 20 vid
889 778 124 26 klockarfar,

181 813 46 14 som
251 806 54 21 skall
329 806 75 27 allting
425 807 90 26 bestyra,
539 807 39 20 och
600 807 36 27 jag
650 807 68 20 häller
733 807 45 20 före
794 808 30 19 att
839 806 174 27 borgareständet

182 835 38 20 bör
235 835 56 20 sikta
306 835 47 20 bort
369 835 79 28 sädana
465 835 117 27 petitioner,
597 842 45 14 som
658 835 47 21 icke
720 835 65 21 hafva
800 837 66 18 större
881 835 87 20 bärvidd
985 836 26 19 än

183 863 47 49 don,
252 869 47 15 som
314 870 30 14 nu
360 863 21 21 af
396 864 25 20 hr
435 863 107 22 Åkerman
558 864 119 21 framstälts.
707 864 42 27 Jag
765 863 85 21 förenar
866 863 42 27 mig
923 863 48 21 med
987 863 26 20 hr

201 892 72 20 hman.

251 948 34 21 Hr
310 948 136 28 Löfgren:
484 948 32 21 En
539 951 57 19 saata
606 949 55 28 olla
683 949 130 21 lausumatta
835 948 177 21 kummastustani

183 977 47 21 siitä
251 978 80 26 syystä,
351 977 66 27 jonka
437 977 77 27 nojalla
534 978 46 20 hrat
601 978 82 20 Ohman
703 978 22 26 ja
743 977 150 27 Schybergson
910 978 102 20 vastusta-

182 1007 36 19 vat
233 1006 225 20 anomusehdotuksen
473 1006 139 21 lähettämistä
629 1006 158 21 valiokuntaan.
816 1005 46 21 Hra
874 1002 81 24 Öhman
966 1005 47 21 lau-

183 1034 33 20 sui
231 1036 44 19 että
290 1040 23 15 se
328 1037 93 24 muutos,
435 1035 43 26 jota
493 1034 180 22 anomusehdotus
689 1035 119 26 tarkoittaa,
824 1040 27 15 on
864 1034 51 21 sekä
924 1035 89 19 suotava

183 1064 43 19 että
248 1062 145 28 tarpeellinen,
408 1064 68 20 mutta
490 1063 117 27 kuitenkin,
622 1063 67 21 koska
704 1064 44 20 asia
764 1063 66 20 muka
845 1063 77 20 koskee
937 1062 76 21 hallin-

183 1091 86 21 nollista
296 1091 165 27 toimenpidettä,
485 1092 41 20 hän
549 1094 107 18 vastustaa
678 1091 225 21 anomusehdotuksen
925 1091 88 27 lykkää-

183 1120 62 20 mistä
269 1120 158 20 valiokuntaan.
456 1120 38 21 Jos
516 1122 59 24 sääty
598 1120 47 21 olisi
667 1120 131 26 ylimalkaan
823 1120 43 20 niin
882 1120 132 27 menetellyt,

183 1150 43 19 että
247 1148 222 28 anomusehdotuksia,
489 1148 58 28 jotka
568 1148 101 22 koskevat
685 1148 153 21 hallinnollisia
853 1148 159 27 toimenpiteitä,

183 1177 20 21 ei
224 1176 93 22 lähetetä
338 1176 156 28 valiokuntaan,
508 1177 45 21 niin
568 1177 47 21 olisi
630 1184 23 14 se
669 1184 46 20 syy,
730 1177 66 27 jonka
811 1177 38 21 hra
864 1173 82 24 Öhman
961 1176 52 21 mai-

184 1205 57 27 nitsi,
263 1207 40 25 nyt
323 1205 110 21 olemassa.
463 1205 67 21 Mutta
551 1206 44 20 kun
616 1206 20 20 ei
654 1206 45 20 niin
715 1206 33 20 ole
765 1206 132 27 tapahtunut,
913 1211 27 14 en
956 1205 57 20 minä

182 1233 122 49 paolestani
319 1233 35 21 voi
369 1233 94 28 käsittää,
478 1233 62 21 miksi
555 1235 43 20 tätä
613 1234 210 27 anomusehdotusta,
838 1233 49 28 joka
902 1233 111 21 kuitenkin

199 1262 64 21 oskee
280 1262 93 21 tärkeätä
389 1262 61 27 asiaa,
466 1262 19 21 ei
500 1262 151 21 valiokuntaan
665 1263 135 20 lähetettäisi.

252 1318 34 21 Dä
308 1319 65 27 ingen
395 1319 71 21 vidare
484 1319 90 27 begärde
590 1319 66 27 ordet,
671 1319 132 21 förklarades
819 1319 148 20 diskussionen
983 1318 31 21 af-

183 1347 78 27 slutad,
281 1347 66 21 hvarä
367 1347 26 20 hr
411 1347 121 22 talmannen
547 1348 122 21 framstälde
685 1347 161 22 nedanstäende
862 1347 152 27 omröstnings-

183 1376 141 27 proposition:

253 1432 40 27 De,
309 1432 75 21 hvilka
399 1433 55 26 vilja
472 1433 111 21 remittera
597 1433 28 20 hr
640 1425 124 29 Äkermans
777 1431 190 28 petitionsförslag
978 1431 36 21 till

184 1461 47 27 lag-
249 1461 40 21 och
305 1461 206 26 ekonomiutskottet,
526 1463 60 19 rösta
595 1461 41 27 ja;
653 1461 31 26 de,
700 1462 35 20 det
750 1461 47 20 icke
812 1461 61 26 vilja,
888 1462 59 18 rösta
962 1460 51 26 nej;

253 1490 81 20 vinner
347 1489 44 26 nej,
407 1489 41 21 har
464 1489 174 27 borgareständet
653 1490 89 20 beslutit
750 1490 34 20 att
789 1488 226 28 petitionsmemoria-

184 1517 29 20 let
226 1517 47 21 icke
287 1517 58 22 skall
360 1517 35 21 till
409 1517 74 28 nägon
498 1517 77 28 ätgärd
588 1518 124 27 föranleda.
