1103 1811
72 136 13 17 9
97 138 62 15 mars,
296 136 72 17 Skada
380 136 33 16 till
425 136 53 20 följd
490 136 24 17 af
523 136 158 20 järnvägsdrift.
860 131 43 21 403

73 204 133 26 utbetalning
221 204 21 21 af
257 204 213 28 skadeersättningar,
486 204 68 28 krypa
570 204 77 21 bakom
662 204 144 28 reglementet.
827 205 76 28 Regle-

72 234 81 20 mentet
174 232 52 21 talar
247 233 75 21 endast
343 239 34 14 om
399 233 118 33 ersättning
538 233 33 21 för
586 233 65 21 skada
666 233 13 21 å
693 233 76 21 sådant
783 234 58 27 gods,
856 240 46 15 som

73 261 120 27 emottagits
213 261 32 21 till
264 263 106 25 transport
391 261 12 21 å
423 262 119 26 järnvägar,
558 262 81 20 hvilket
654 262 52 26 gods
722 262 142 28 uttryckligen
880 264 23 19 är

72 290 131 32 undantaget
211 290 54 20 ifrån
281 290 57 20 detta
347 290 121 27 lagförslag.
490 290 88 21 Således
588 290 55 21 hade
654 291 24 20 kr
689 290 104 21 Janssons
803 291 98 48 yttrande

73 318 54 21 intet
141 318 100 21 afseende
256 318 27 27 på
298 318 25 21 de
339 318 162 27 ifrågavarande
517 319 175 27 ersättningarna.

141 375 34 21 Hr
195 375 164 21 Wasenius:
391 375 41 27 Jag
453 375 39 21 ber
507 375 75 21 endast
597 375 21 21 få
633 375 95 21 försäkra
743 377 31 20 att
788 377 47 20 mitt
850 383 52 21 upp-

73 403 102 22 trädande
197 406 45 19 mot
264 404 35 21 det
319 410 30 14 nu
370 403 146 28 föreliggande
536 404 136 27 lagförslaget
687 404 47 21 icke
749 405 68 21 under
832 405 70 32 någon

73 433 55 20 form
151 433 101 21 dikterats
274 433 21 20 af
317 433 90 20 intresse
429 432 33 21 för
485 432 171 27 privatbanorna.
686 433 50 20 Med
751 433 49 21 dem
815 434 38 28 har
867 434 36 27 jag

73 461 110 28 ingenting
197 463 30 20 att
242 461 65 21 skaffa
323 461 39 20 och
378 460 97 21 kommer
490 461 33 20 väl
539 461 47 21 icke
599 461 67 21 häller
678 463 30 19 att
718 461 21 21 få
749 461 40 22 det.
812 456 91 27 Åsikten

74 492 30 19 att
123 497 50 14 man
194 497 77 20 genom
287 496 26 15 en
328 491 73 26 sträng
416 489 211 28 ansvarsskyldighet
642 490 68 21 skulle
726 490 89 21 likasom
830 491 73 26 tvinga

73 519 255 26 järnvägsförvaltningen
350 518 32 21 till
403 518 123 27 ytterligare
551 518 134 27 försiktighet
708 519 39 20 och
768 526 84 21 omsorg
874 521 28 24 är,

75 547 68 20 såvidt
157 547 35 27 jag
206 547 42 20 kan
263 547 70 27 förstå,
348 547 48 20 icke
412 547 87 20 hållbar.
526 547 32 26 Ty
574 553 34 14 om
624 553 27 14 en
667 547 76 26 olycka
757 547 95 22 inträffar
868 547 34 21 vid

74 576 121 27 järnvägen,
210 575 23 21 så
249 575 78 28 aflöper
342 575 40 21 den
399 575 7 20 i
422 575 26 21 de
464 575 53 21 allra
532 575 61 22 flesta
608 575 38 21 fall
661 575 48 21 med
725 576 23 21 så
764 583 86 14 enorma
860 576 42 21 för-

75 604 66 20 luster
163 604 21 20 af
205 604 127 27 järnvägens
353 604 103 26 materiel,
474 606 30 18 att
528 604 36 20 det
586 604 66 20 redan
667 610 26 14 ur
708 604 70 21 denna
792 604 110 28 synpunkt

75 632 67 21 måste
163 632 58 28 ligga
241 632 7 20 i
269 632 72 28 hvarje
361 632 243 28 järnvägsförvaltnings
624 632 90 22 intresse
730 635 30 19 att
775 634 53 20 vaka
844 633 59 21 öfver

76 663 29 19 att
126 661 74 27 allting
220 662 24 20 är
261 661 7 21 i
286 661 58 21 bästa
366 661 65 21 skick.
462 661 41 21 Om
522 663 29 19 ett
566 661 46 27 hjul
628 661 53 21 eller
695 668 26 14 en
737 662 49 20 axel
801 662 101 27 springer,

75 690 24 20 så
116 692 23 18 är
157 690 70 21 denna
243 690 155 26 omständighet
413 690 88 20 alldeles
516 690 48 20 icke
580 691 30 19 att
624 690 113 21 tillskrifva
752 696 27 15 en
795 690 107 21 bristande

75 718 186 28 uppmärksamhet
275 718 47 21 från
336 718 169 27 förvaltningens
521 718 51 27 sida,
588 720 23 24 ty
627 718 34 21 det
676 720 23 19 är
714 718 46 22 icke
776 719 82 27 möjligt
873 721 30 19 att

75 747 26 27 på
122 747 89 21 förhand
230 747 75 21 utreda
326 749 30 19 att
371 746 71 22 denna
456 747 51 21 axel
522 748 24 19 är
560 747 93 21 utsliten.
683 747 33 20 En
732 748 49 20 axel
796 748 41 20 kan
853 754 50 14 vara

75 775 35 21 två
133 776 64 26 dagar
219 776 97 27 gammal,
340 782 25 14 en
388 782 71 13 annan
480 776 63 26 tjugu
562 775 31 26 år;
616 776 41 20 den
673 776 56 20 förra
744 776 102 27 springer,
861 776 42 21 den

75 810 74 14 senare
165 803 71 22 håller.
263 803 42 22 Det
319 806 23 19 är
356 806 45 19 mot
416 803 58 21 detta
490 803 86 28 obilliga
592 810 82 20 ansvar,
689 810 45 15 som
750 811 48 14 man
815 804 37 21 vill
866 804 37 27 på-

75 832 62 27 lägga
161 832 262 27 järnvägsförvaltningen,
444 833 36 26 jag
501 832 121 27 uppträder,
644 832 130 27 fullkomligt
794 833 108 27 objektivt,

75 861 129 27 fullkomligt
224 861 120 21 oberoende
365 861 22 20 af
407 861 66 27 några
489 861 100 27 speciella
603 861 111 21 intressen.
744 861 32 21 Hr
791 861 59 28 Hjelt
865 861 38 21 har

75 889 114 21 framhållit
210 891 30 19 att
259 889 257 27 järnvägsförvaltningen
537 895 78 21 genom
630 890 118 26 försäkring
763 890 42 20 kan
820 890 83 27 skydda

75 918 32 27 sig
125 920 45 18 mot
185 918 26 20 de
230 918 117 26 olycksfall,
363 924 45 15 som
424 918 84 20 inträffa
524 918 36 20 vid
574 918 123 27 järnvägen,
712 924 49 15 men
777 918 66 27 enligt
857 918 45 21 min

75 946 86 27 mening
182 948 23 19 är
224 946 36 21 det
277 946 46 21 icke
338 946 265 28 järnvägsförvaltningen,
618 952 47 15 som
681 946 53 21 skall
749 947 95 21 försäkra
858 949 45 19 mot

75 975 117 27 olycksfall,
213 977 51 19 utan
283 975 26 21 de
328 975 89 21 resande
432 975 82 27 själfva.
544 974 48 22 Den
607 975 97 27 statistik,
720 982 45 14 som
780 975 75 27 finnes,
870 977 33 19 ut-

75 1003 60 22 reder
156 1005 30 19 att
201 1003 35 21 det
251 1004 7 20 i
273 1004 90 20 Finland
378 1006 23 18 är
416 1004 81 20 kanske
513 1010 27 14 en
555 1009 77 21 person
648 1004 26 27 på
690 1004 11 20 1
718 1004 74 27 miljon
808 1004 94 26 resande,

75 1038 45 16 som
141 1032 90 21 drabbas
253 1032 21 21 af
294 1038 27 15 en
342 1032 81 27 olycka.
452 1032 44 27 Jag
516 1034 24 18 är
561 1032 124 27 öfvertygad
702 1039 34 14 om
752 1034 29 19 att
797 1033 21 20 af
833 1032 70 21 denna

75 1068 41 14 ena
130 1060 74 28 miljon
220 1061 89 21 resande
325 1060 35 22 det
374 1061 47 21 icke
436 1060 70 21 finnes
522 1060 36 24 tio,
573 1066 46 14 som
630 1060 36 22 det
677 1061 61 21 faller
748 1061 21 20 in
780 1063 30 19 att
820 1061 83 27 olycks-

74 1089 143 21 fallsförsäkra
239 1090 32 27 sig
292 1090 44 20 före
357 1096 27 14 en
404 1096 52 20 resa,
472 1089 27 27 på
522 1095 81 15 samma
618 1091 41 19 sätt
674 1096 46 14 som
736 1090 35 20 det
787 1090 67 20 sker
844 1085 12 36 i
869 1092 34 18 ut-

74 1118 78 21 landet.
181 1118 41 27 Jag
238 1118 39 20 har
290 1118 47 21 icke
353 1118 54 20 varit
421 1118 8 20 i
444 1118 84 20 tillfälle
544 1119 30 19 att
588 1118 136 26 personligen
740 1118 109 27 öfvertyga
859 1118 44 27 mig

75 1153 34 15 om
130 1146 182 28 tillförlitligheten
334 1147 21 20 af
376 1146 27 21 de
424 1146 113 28 uppgifter,
557 1152 46 14 som
618 1146 36 28 jag
668 1147 48 20 hört
731 1147 21 20 af
766 1153 26 15 en
808 1146 95 27 resande,

73 1174 107 28 nämligen
202 1177 30 19 att
246 1176 8 20 i
269 1175 104 27 England,
388 1175 27 21 dä
437 1182 50 14 man
502 1175 66 27 köper
584 1180 26 15 en
625 1175 175 27 järnvägsbiljett,
814 1181 51 15 man
880 1176 24 20 är

73 1204 8 20 i
96 1203 82 21 tillfälle
196 1205 30 19 att
241 1203 27 27 pä
283 1210 80 14 samma
378 1204 56 27 gäng
449 1203 101 21 förskaffa
564 1203 33 27 sig
612 1209 27 14 en
655 1203 248 28 olycksfallsförsäkring.

74 1232 40 21 Om
135 1238 29 14 nu
184 1238 27 15 en
231 1232 229 27 järnvägsförvaltning
481 1231 151 27 affärsmässigt
654 1232 120 27 kalkylerar
794 1232 33 20 sin
847 1231 56 26 drift,

74 1261 38 20 bör
134 1260 41 21 den
198 1260 32 21 för
251 1261 74 26 hvarje
347 1261 24 20 är
393 1261 76 20 afsätta
490 1267 26 14 en
536 1260 124 21 reservfond
681 1261 33 20 för
729 1263 29 18 att
773 1260 88 21 betäcka
877 1260 26 21 de

73 1289 171 28 ansvarsbelopp,
263 1296 44 14 som
327 1289 102 27 möjligen
451 1289 75 20 kunna
548 1288 80 21 drabba
646 1289 116 28 järnvägen
778 1289 35 20 vid
829 1295 27 15 en
871 1289 32 20 in-

73 1317 102 22 träffande
191 1317 81 28 olycka.
294 1317 33 22 Då
342 1317 67 22 måste
425 1317 41 22 den
482 1317 63 21 äfven
561 1317 7 20 i
584 1317 126 27 kalkylerna
726 1318 59 21 öfver
799 1317 103 28 farprisen

73 1347 71 26 intaga
167 1346 57 21 detta
246 1346 82 28 belopp.
358 1346 40 21 Om
422 1346 96 21 däremot
537 1352 25 14 en
582 1346 83 21 enskild
681 1353 76 20 person
773 1347 88 20 afslutar
876 1352 27 15 en

73 1375 119 27 försäkring
211 1375 34 20 för
263 1381 52 21 resa,
337 1376 22 19 är
375 1375 36 20 det
425 1375 55 20 hans
495 1374 71 21 ensak.
597 1373 64 22 Detta
676 1375 41 20 blir
731 1375 32 21 för
778 1375 42 21 alla
835 1375 68 20 ofant-

73 1404 38 27 ligt
131 1404 86 26 mycket
238 1403 101 28 billigare,
361 1405 23 25 ty
399 1403 49 21 med
464 1403 42 21 den
522 1402 106 27 lillarisk,
645 1410 45 14 som
706 1410 50 14 man
771 1404 69 20 under
855 1409 48 14 nor-

72 1433 57 20 mala
143 1432 147 21 förhållanden
303 1432 60 27 löper
374 1431 27 28 pä
411 1431 51 22 våra
470 1432 122 27 järnvägar,
609 1419 70 34 blefve
689 1433 119 26 prämierna
818 1431 86 26 mycket

72 1461 53 27 låga.
155 1460 33 21 Då
209 1461 90 26 olyckan
321 1461 101 26 kommer,
442 1460 24 20 så
488 1461 41 19 kan
549 1461 41 20 den
612 1460 85 21 komma
712 1461 23 20 så
751 1461 108 25 våldsamt,
874 1461 30 19 att

73 1489 81 21 skadan
175 1488 81 28 uppgår
276 1489 32 21 till
323 1489 106 26 miljoner,
445 1488 101 21 särskildt
560 1488 27 27 på
604 1488 25 21 de
645 1489 107 26 bandelar,
765 1489 38 20 där
817 1494 86 21 person-

72 1517 89 22 trafiken
176 1519 23 19 är
214 1519 49 26 stor,
278 1517 69 21 såsom
363 1519 13 18 t.
393 1523 33 15 ex.
442 1517 26 27 på
480 1517 68 27 linjen
562 1517 30 20 S:t
602 1517 302 27 Petersburg—Valkeasaari,
