1103 1811
83 148 28 16 30
123 152 61 12 mars.
435 140 127 32 Banklagen.
870 143 40 20 547

84 216 70 21 därför
176 218 30 18 att
226 216 102 22 utskottet
350 216 47 21 icke
420 216 37 21 har
480 216 81 27 pävisat
577 216 141 27 onödigheten
734 216 22 21 af
770 218 30 20 att
816 218 29 20 ett
860 217 52 21 visst

84 244 130 22 förhällande
236 245 78 21 mellan
337 245 36 21 det
396 251 54 21 egna
472 244 101 28 kapitalet
594 245 40 20 och
650 251 97 14 summan
762 245 84 27 passiva
861 245 50 21 fast-

84 273 76 27 ställes,
187 274 37 20 och
248 274 151 20 framkommer
422 273 73 21 därvid
518 273 93 27 äterigen
634 273 49 21 med
707 273 39 21 den
774 274 136 27 synnerligen

84 302 186 26 behjärtansvärda
292 304 70 18 satsen
385 303 31 20 att
438 304 30 18 ett
488 301 132 21 förhällande
636 302 91 20 emellan
743 302 113 27 tillgängar
871 302 40 21 och

84 330 86 21 skulder
191 331 23 26 ju
236 330 59 21 alltid
318 330 108 21 existerar.
456 330 48 21 Kan
526 330 71 21 denna
618 330 129 27 upplysning
762 330 62 22 lända
839 330 70 28 nägon

83 359 32 20 till
131 358 149 28 uppbyggelse,
295 359 23 20 sä
333 359 100 27 innerligt
448 361 64 25 gärna
528 359 32 20 för
576 359 48 26 mig.

152 421 152 22 Diskussionen
321 421 130 21 förklarades
466 421 87 21 härmed
570 421 97 27 afslutad,
677 421 65 21 hvarä
752 421 26 21 hr
788 422 122 21 talmannen

83 450 122 21 framstälde
220 450 92 27 följande
328 450 286 27 omröstningsproposition
601 446 15 35 :

153 513 38 27 De,
213 513 75 21 hvilka
312 513 73 21 säsom
406 513 216 28 kontraproposition
644 514 46 19 mot
712 513 140 28 öfvergäende
874 513 36 21 till

84 541 101 28 definitiv
205 541 204 28 detaljgranskning
431 541 29 28 af
478 549 32 13 nu
531 541 173 28 ifrågavarande
720 541 118 28 lagförslag
854 542 56 27 vilja

85 571 82 26 antaga
190 570 104 27 förslaget
316 572 33 19 att
370 570 92 27 ständet,
478 572 57 19 utan
550 572 34 19 att
598 569 54 28 ingä
667 569 10 21 i
691 570 61 27 dylik
765 571 144 27 granskning,

84 599 67 20 mätte
172 599 98 27 förkasta
293 599 141 27 lagförslaget
454 599 10 20 i
485 599 47 20 dess
555 599 75 26 helhet,
646 600 60 19 rösta
716 598 36 28 ja;
768 599 31 26 de,
816 599 34 21 det
864 599 45 21 icke

83 629 58 25 göra,
157 629 60 19 rösta
228 627 49 27 nej;

153 656 79 20 vinner
247 656 42 27 nej,
305 656 42 20 har
363 656 175 27 borgareståndet
553 655 9 21 i
577 655 82 21 sådant
673 655 101 28 afseende
789 656 122 27 föredragit

85 684 26 21 hr
127 684 114 21 Stenroths
255 684 89 28 förslag.

154 747 159 27 Propositionen
339 747 127 21 besvarades
488 747 48 21 med
560 747 156 27 öfvervägande
740 748 40 26 nej,
803 747 32 21 till
857 747 51 27 följd

85 776 72 20 hvaraf
172 778 59 18 nästa
247 776 270 27 omröstningsproposition
534 776 66 21 erhöll
616 776 157 21 nedanstående
788 776 92 27 lydelse:

153 837 39 28 De,
216 838 74 21 hvilka
313 838 54 27 vilja
388 838 88 27 öfvergå
499 838 35 21 till
548 838 102 27 definitiv
665 838 205 27 detaljgranskning
885 838 29 27 af

85 867 34 20 det
133 867 35 20 uti
183 867 169 21 bankutskottets
368 867 134 21 betänkande
517 867 109 27 ingående
642 867 145 28 lagförslaget,
803 868 60 20 rösta
872 867 37 27 ja;

85 895 30 27 de,
131 895 34 21 det
180 895 45 21 icke
240 895 61 27 vilja,
317 897 59 19 rösta
391 896 50 27 nej;

153 924 79 20 vinner
247 924 41 27 nej,
304 924 41 20 har
356 924 176 27 borgareståndet
542 923 105 28 omfattat
656 924 27 20 hr
694 923 114 21 Stenroths
817 923 90 28 förslag.

153 986 161 28 Propositionen
337 987 125 21 besvarades
480 987 50 21 med
546 986 155 28 öfvervägande
716 987 26 26 ja,
758 987 38 20 och
812 986 27 21 då
854 986 57 21 stån-

86 1015 36 21 det
137 1015 82 21 således
234 1022 29 14 nu
279 1016 61 20 skred
356 1016 32 20 till
403 1016 197 26 detaljgranskning
610 1016 22 20 af
642 1015 114 21 omordade
766 1015 145 27 författnings-

85 1044 84 27 förslag,
185 1044 100 27 begärdes
301 1044 128 21 beträffande
445 1045 13 20 8
474 1044 12 27 $
502 1044 60 21 ordet
577 1044 21 20 af

154 1101 25 20 hr
201 1101 142 27 Stenroth,
365 1108 46 14 som
433 1101 92 27 yttrade:
556 1100 42 22 Sen
621 1100 84 28 nojalla,
721 1100 50 21 mitä
786 1100 58 20 minä
858 1100 53 27 ylei-

85 1131 58 19 sessä
158 1130 157 20 keskustelussa
330 1130 49 20 olen
395 1130 105 26 esittänyt,
515 1130 85 27 pyydän
614 1130 64 20 saada
695 1129 97 21 ehdottaa
803 1130 43 20 että
855 1130 57 19 tämä

85 1158 77 27 pykälä
190 1158 99 26 lykätään
312 1158 150 21 valiokuntaan
486 1158 118 21 uudestaan
626 1157 200 21 muodostettavaksi
856 1157 55 21 siten

85 1188 42 19 että
147 1186 102 26 yhteinen
269 1187 209 27 pankkitarkastelija
499 1186 137 22 asetettaisiin
652 1186 121 21 armollisen
803 1185 109 26 esityksen

84 1215 133 20 ehdotuksen
239 1215 99 27 mukaan,
361 1215 110 21 kuitenkin
494 1215 43 20 niin
561 1216 42 19 että
618 1216 57 19 tämä
689 1214 128 27 tarkastelija
833 1213 19 21 ei
865 1213 48 21 olisi

85 1243 117 20 oikeutettu
220 1243 95 22 olemaan
324 1243 117 28 saapuvilla
449 1244 79 27 pankin
536 1243 128 21 hallituksen
673 1243 21 27 ja
703 1243 208 20 hallintoneuvoston

84 1271 144 21 kokouksissa.

153 1329 34 20 Då
208 1329 64 27 ingen
293 1336 70 14 annan
383 1329 22 20 af
420 1329 94 21 ständets
530 1329 139 20 medlemmar
683 1328 91 27 begärde
790 1327 65 27 ordet,
870 1327 42 20 för-

86 1357 96 21 klarades
203 1358 148 21 diskussionen
373 1357 98 28 afslutad,
491 1357 107 21 hvarefter
612 1357 25 20 hr
652 1357 122 21 talmannen
789 1355 122 22 framstälde

85 1386 93 27 följande
194 1387 282 27 omröstningsproposition
468 1382 12 36 :

154 1443 39 25 De,
217 1443 75 21 hvilka
310 1443 118 27 godkänna
443 1443 114 21 utskottets
571 1443 85 27 förslag
671 1442 35 21 till
722 1442 79 28 lydelse
816 1441 36 28 för
869 1441 14 21 8
899 1442 14 25 $

85 1471 149 27 oförändradt,
249 1473 60 19 rösta
318 1472 39 27 ja;
373 1472 31 24 de,
419 1472 34 20 det
468 1471 45 21 icke
526 1473 61 25 göra,
603 1472 60 20 rösta
677 1470 50 27 nej;

154 1500 80 20 vinner
255 1500 42 27 nej,
319 1500 42 20 har
373 1500 177 27 borgareständet
565 1499 89 21 beslutit
668 1499 160 21 äterremittera
840 1504 72 21 para-

84 1528 81 27 grafen
180 1528 35 21 till
230 1528 103 21 utskottet
347 1528 9 21 i
371 1528 35 21 det
419 1528 57 27 syfte
492 1528 27 21 hr
535 1527 103 22 Stenroth
653 1527 119 28 föreslagit.
