1103 1811
203 134 41 20 210
552 133 135 34 Prässlagen.
947 141 22 17 15
982 140 50 18 febr.

273 208 33 21 Hr
321 208 85 21 Lille:
430 208 98 22 Likasom
544 208 41 21 den
600 209 128 27 föregående
744 209 80 21 talaren
840 208 66 22 måste
922 209 62 21 äfven
997 210 36 26 jag

203 237 67 21 uttala
293 238 48 20 mitt
363 237 130 27 beklagande
515 237 59 21 öfver
594 240 30 18 att
639 238 41 20 den
696 237 63 21 ärade
775 238 140 26 petitionären
930 238 103 21 framstält

203 266 32 21 sin
256 266 88 26 petition
361 266 7 20 i
383 272 26 15 en
428 268 46 18 rent
490 268 23 19 ut
528 266 61 27 sagdt
605 266 86 27 omöjlig
706 266 60 20 form.
796 266 49 20 Han
862 266 99 27 inbjuder
976 269 55 19 stän-

203 295 67 20 derna
285 296 30 18 att
331 294 74 21 förena
421 294 31 27 sig
468 301 33 14 om
518 300 26 14 en
560 294 88 27 petition
664 295 26 26 på
705 294 70 27 grund
788 294 21 21 af
819 296 30 19 ett
860 294 115 27 aktstycke,
986 302 46 13 som

203 322 69 27 aldrig
287 322 70 21 blifvit
373 322 85 21 officielt
474 322 170 27 offentliggjordt.
674 323 33 20 Hr
722 322 111 21 Frenckell
849 323 37 20 har
901 323 81 27 påmint
997 330 34 14 om

203 351 41 21 den
267 351 94 27 petition,
382 357 45 14 som
447 351 21 20 af
488 351 84 26 honom,
588 351 44 28 mig
648 351 39 21 och
702 351 26 20 hr
742 351 90 27 Löfgren
849 351 132 21 inlämnades
997 352 35 21 vid

204 380 54 21 1891
281 379 32 21 års
335 379 102 27 landtdag
451 380 39 20 och
506 386 44 14 som
567 380 54 21 hade
637 382 29 19 ett
681 380 153 26 jämförelsevis
850 379 106 28 blygsamt
971 381 60 26 syfte.

203 409 28 20 Vi
254 408 85 21 anhöllo
363 408 105 27 nämligen
491 415 34 14 om
548 410 30 19 att
600 408 114 21 ständerna
735 408 65 21 måtte
819 409 73 20 förena
908 409 32 26 sig
955 415 34 14 om
1005 415 26 14 en

203 437 89 27 petition
314 443 35 14 om
372 437 88 26 ändring
484 437 20 20 af
525 437 41 20 den
589 437 98 27 paragraf
702 437 6 20 i
724 437 98 26 gällande
843 437 188 27 prässförordning,

203 472 46 14 som
275 465 85 27 stadgar
383 467 29 19 att
435 465 34 21 det
491 465 125 21 ankommer
638 465 26 27 på
685 465 74 27 högsta
774 465 211 27 prässmyndigheten
1002 467 29 19 att

203 494 90 27 indraga
314 500 26 14 en
363 494 82 27 tidning
465 494 39 20 och
518 493 88 21 beröfva
622 494 214 27 tidningsutgifvaren
853 494 52 20 hans
921 494 110 27 egendom,

203 523 45 20 ifall
272 523 41 20 han
336 522 53 21 efter
411 522 126 27 föregående
557 522 114 27 varningar
689 523 53 20 låter
757 523 85 20 komma
858 523 32 26 sig
906 523 69 26 någon
989 523 42 20 för-

204 551 67 21 seelse
294 552 45 19 mot
361 551 209 26 prässförordningen
594 551 31 20 till
647 551 44 20 last.
722 551 155 21 Kordialiteten
899 551 79 20 mellan
997 558 34 14 oss

203 579 69 22 finska
287 579 144 26 tidningsmän
447 581 23 18 är
483 579 7 20 i
506 579 116 21 allmänhet
636 579 47 21 icke
699 582 49 24 stor,
763 586 50 14 men
829 579 23 21 så
867 582 43 18 stor
925 580 53 21 hade
990 580 41 21 den

204 608 55 20 dock
281 608 46 20 bort
346 614 55 20 vara,
417 610 29 18 att
461 608 24 20 hr
500 607 98 27 Löfgren,
614 608 65 20 innan
695 608 42 20 han
752 608 122 20 inlämnade
889 608 33 20 sin
938 608 93 27 petition,

203 637 55 20 hade
274 636 107 21 meddelat
397 636 31 27 sig
442 636 48 21 med
507 642 34 14 oss
557 636 66 20 andra
638 636 145 27 tidningsmän
799 636 37 21 här
852 637 6 19 i
874 636 157 22 hufvudstaden

204 665 111 27 angående
330 664 179 21 framlämnandet
524 664 21 21 af
560 667 30 18 ett
606 665 116 27 aktstycke,
738 671 45 14 som
799 665 84 27 tvingar
898 665 43 27 mig
956 665 75 21 åtmin-

204 696 61 18 stone
285 695 30 19 att
336 693 84 21 anhålla
435 700 34 14 om
484 695 30 19 att
529 693 70 21 denna
614 694 94 26 petition,
724 700 45 14 som
784 694 24 26 ju
824 694 54 20 dock
893 694 56 20 afser
964 696 67 24 präss-

203 722 98 26 friheten,
323 722 64 20 måtte
408 722 72 26 läggas
499 722 32 20 till
551 722 160 26 handlingarna.
741 722 33 20 Hr
792 722 111 20 Frenckell
918 722 37 20 har
971 722 60 26 gifvit

204 757 25 15 en
246 751 84 20 resumé
346 750 20 20 af
382 750 54 20 1865
452 750 32 20 års
499 750 130 27 författning.
659 750 50 20 Man
726 751 41 20 kan
783 757 30 13 nu
828 750 123 27 visserligen
968 751 63 20 tänka

204 780 32 25 sig
252 785 26 14 en
295 779 94 26 prässlag
404 779 26 26 på
445 779 65 20 basen
525 779 21 20 af
562 779 70 20 denna
648 779 129 27 författning,
793 785 49 14 men
859 786 47 13 man
921 779 40 20 kan
975 780 56 19 svår-

203 808 58 27 ligen
285 807 62 20 tänka
371 807 31 26 sig
425 813 24 14 en
472 807 94 27 prässlag
585 807 27 27 på
627 807 64 20 basen
708 807 21 20 af
744 811 105 23 senatens,
865 807 20 20 af
901 807 24 20 hr
942 807 89 27 Löfgren

205 836 118 27 åberopade
346 835 83 28 förslag.
463 835 63 21 Detta
546 836 78 27 förslag
645 836 43 22 har,
712 836 69 20 såsom
804 836 68 27 sagdt,
893 836 47 21 icke
963 836 68 21 blifvit

205 864 122 21 meddeladt
348 864 141 21 allmänheten
507 864 91 26 officielt,
622 871 49 14 men
693 864 35 21 det
743 865 38 20 har
797 865 53 20 varit
866 865 79 26 synligt
959 865 7 20 i
982 865 49 20 våra

205 893 112 26 tidningar,
333 893 67 20 delvis
411 893 78 26 ganska
500 893 100 26 utförligt.
624 893 41 27 Jag
675 893 54 20 skall
740 893 114 20 skärskåda
866 893 64 27 några
941 893 90 27 punkter

204 922 7 20 i
227 922 122 25 detsamma,
371 921 68 20 ehuru
455 921 35 27 jag
505 921 26 27 på
546 921 90 20 förhand
652 928 120 14 reserverar
786 922 44 26 mig
846 923 43 19 mot
904 921 127 20 invändnin-

205 956 40 20 gen
267 952 30 18 att
319 950 44 19 min
386 950 83 20 resumé
489 950 47 20 icke
554 956 50 14 vore
620 950 49 21 fullt
684 950 70 26 exakt,
770 950 90 20 emedan
875 950 36 26 jag
925 950 46 20 icke
987 950 44 20 haft

205 976 88 29 tillgång
315 978 31 20 till
365 978 99 26 förslaget
483 978 138 27 fullständigt.
652 978 69 21 Också
736 978 7 20 i
759 980 99 18 senatens
873 978 77 26 förslag
967 978 64 20 fram-

204 1006 67 22 hålles
293 1009 29 18 att
343 1006 41 21 den
405 1007 122 26 preventiva
547 1013 104 14 censuren
673 1007 69 20 skulle
758 1006 98 21 afskaffas
872 1007 33 20 för
919 1007 41 20 alla
976 1009 54 18 utta-

204 1036 77 20 landen
304 1035 89 21 rörande
415 1035 48 21 våra
483 1035 111 21 inhemska
610 1035 182 27 angelägenheter.
822 1035 34 21 En
872 1035 72 21 timme
959 1036 70 20 förrän

205 1071 26 14 en
255 1064 106 27 periodisk
382 1064 121 26 tryckskrift
525 1064 69 20 skulle
616 1064 70 20 lämna
709 1066 86 25 prässen
813 1064 39 20 och
868 1064 82 20 utdelas
966 1064 63 20 bland

205 1092 142 21 allmänheten
369 1092 64 21 borde
453 1092 40 21 den
514 1092 141 21 öfverlämnas
671 1092 31 21 till
718 1092 250 28 prässombudsmannen,
984 1099 45 14 som

205 1121 25 21 då
252 1121 59 27 egde,
326 1120 45 21 ifall
387 1121 40 20 han
442 1120 66 21 funne
524 1121 64 27 något
603 1121 119 27 förgripligt
737 1121 51 24 däri,
803 1121 88 27 belägga
907 1121 123 21 densamma

204 1150 49 20 med
275 1149 104 24 kvarstad,
400 1149 104 21 hvarefter
519 1150 214 26 tidningsutgifvaren
750 1150 53 26 egde
819 1152 41 18 rätt
875 1151 30 19 att
921 1150 60 26 vädja
997 1150 31 20 till

205 1178 91 21 domstol
317 1178 39 20 och
379 1178 20 20 få
421 1178 125 20 kvarstaden
569 1178 99 26 antingen
692 1178 98 27 beseglad
806 1178 52 21 eller
874 1178 39 21 ock
929 1178 98 27 upphäfd.

204 1207 50 20 Men
277 1207 64 26 jämte
363 1206 56 21 detta
436 1206 119 21 förfarande
570 1206 69 21 skulle
656 1209 29 18 ett
700 1209 65 18 annat
780 1206 85 26 införas,
881 1206 98 21 afseende
996 1208 32 18 ut-

204 1235 106 26 talanden,
330 1241 44 14 som
394 1237 46 18 röra
455 1235 45 20 vårt
514 1235 132 20 förhållande
661 1235 32 20 till
708 1235 107 26 Ryssland
831 1235 39 20 och
885 1235 32 20 till
934 1235 94 20 utlandet

204 1265 55 19 samt
274 1270 15 13 s.
305 1263 18 20 k.
339 1263 149 21 riksvårdande
500 1263 149 27 hemligheters
660 1263 143 28 utspridande.
826 1263 11 21 I
848 1263 98 21 afseende
957 1263 12 20 å
979 1263 49 20 dem

204 1292 69 21 skulle
299 1292 40 20 den
365 1291 60 21 forna
447 1298 103 15 censuren
573 1292 90 27 kvarstå,
685 1292 18 20 d.
725 1299 18 13 v.
766 1299 14 13 s.
800 1292 45 20 från
868 1291 160 28 vrässombuds-

205 1327 92 14 mannen
318 1320 53 21 hade
393 1327 49 14 man
462 1322 30 19 att
513 1321 61 26 vädja
590 1320 32 21 till
637 1320 231 27 prässöfverstyrelsen.
898 1320 130 26 Visserligen

204 1349 96 27 antydes,
323 1349 68 20 såvidt
411 1349 34 26 jag
463 1349 37 20 har
514 1349 44 27 mig
574 1349 83 26 bekant,
672 1349 6 20 i
694 1350 100 19 senatens
808 1349 79 26 förslag
903 1355 34 14 om
953 1349 75 20 anord-

204 1377 71 21 nande
290 1377 21 21 af
322 1377 65 27 något
398 1377 55 27 slags
463 1377 81 21 instans
555 1377 83 21 utöfver
648 1377 230 27 prässöfverstyrelsen,
889 1383 49 15 men
950 1377 79 20 hvilket

204 1413 54 20 gagn
275 1412 26 15 en
317 1406 143 27 tidningsman
474 1406 72 21 kunde
562 1406 62 21 hafva
640 1406 21 20 af
673 1406 70 21 denna
754 1406 81 21 instaus
845 1406 33 20 för
889 1412 26 15 en
926 1405 103 27 tidnings-

204 1441 103 20 nummer,
323 1441 45 14 som
385 1434 67 21 blifvit
467 1434 75 27 belagå
558 1435 49 20 med
622 1434 105 27 kvarstad,
742 1434 69 21 finner
824 1435 85 25 enhvar,
921 1436 23 24 ty
957 1441 33 13 om
1002 1440 26 15 en

204 1463 193 27 tidningsnummer
411 1463 46 20 icke
472 1463 41 20 kan
530 1463 84 20 komma
630 1466 24 17 ut
669 1469 81 14 samma
766 1463 40 26 dag
819 1463 40 20 den
874 1463 67 20 blifvit
954 1463 75 26 tryckt,

204 1491 22 20 så
250 1494 23 17 är
293 1492 41 19 den
356 1491 21 20 af
398 1491 42 20 noll
462 1492 38 19 och
519 1491 53 20 intet
594 1491 69 20 värde.
693 1491 51 20 Men
765 1491 55 20 hvad
840 1493 59 18 värre
915 1493 28 24 är,
959 1491 70 20 denna

204 1520 137 21 kvasicensur
357 1519 68 21 skulle
440 1519 112 21 fastställas
567 1526 76 21 genom
660 1519 126 27 ständerlag.
818 1519 50 21 Däri
884 1525 61 15 anser
954 1519 35 26 jag
1000 1521 29 18 att
