1103 1811
77 137 23 17 12
112 137 50 17 febr.
337 132 88 22 Åborätt
437 136 33 17 till
482 136 165 18 kronohemman.
866 130 41 20 169

145 204 30 22 På
196 205 72 21 därom
283 205 61 27 gjord
360 206 100 21 anhållan
476 204 106 23 anstäldes
597 204 102 26 votering,
716 204 39 20 och
771 210 46 15 som
832 204 74 21 därvid

78 233 95 28 afgåfvos
195 235 27 20 23
244 234 21 26 ja
287 234 40 20 och
348 236 27 20 30
391 235 42 27 nej,
448 234 55 22 hade
518 233 85 21 ståndet
617 232 87 22 beslutit
719 234 30 19 att
764 233 143 27 petitionsför-

77 262 68 28 slaget
159 262 47 21 icke
221 262 68 21 skulle
305 262 84 28 påkalla
405 264 70 26 någon
491 262 72 21 vidare
578 261 79 28 åtgärd.

145 290 150 21 Antecknades
311 294 30 18 att
357 292 12 20 8
385 292 107 20 valsedlar
508 291 69 20 blifvit
591 290 113 21 kasserade
720 290 26 27 på
761 290 69 27 grund
846 289 61 22 däraf

78 321 29 19 att
130 319 25 21 de
179 319 53 21 varit
253 319 89 28 oslutna,
365 320 38 21 och
427 320 97 21 erinrade
546 319 26 20 hr
587 319 122 20 talmannen
725 318 49 21 med
789 319 117 26 anledning

77 348 60 21 häraf
160 347 93 22 ständets
275 348 139 21 medlemmar
436 355 35 14 om
494 347 126 28 stadgandet
637 347 7 20 i
660 347 12 26 $
688 347 27 20 61
730 347 23 20 L.
769 347 24 22 O,
808 349 30 19 att
853 349 53 19 röst-

79 376 98 21 sedlarna
193 376 50 21 böra
258 383 49 14 vara
322 377 76 21 slutna.

148 537 117 28 Föredrogs
286 537 34 21 vid
342 539 83 19 senaste
440 537 88 28 plenum
544 537 116 28 bordlagda
675 536 232 28 petitionsmemorialet

80 572 34 14 n:o
137 566 32 27 29,
191 566 168 21 undertecknadt
380 566 21 21 af
422 566 25 21 hr
468 565 152 28 Grönroos,
636 572 34 14 om
687 565 126 28 utvidgning
828 565 21 21 af
864 565 41 21 den

80 594 31 20 till
127 593 134 23 Brahestad
276 594 113 28 förlagda
404 594 289 28 seminarilafdelningen
710 594 32 20 till
756 596 30 18 ett
800 600 106 15 samman-

79 624 40 19 satt
134 623 142 21 seminarium.

147 691 32 21 Hr
195 691 148 27 Sundvall,
359 698 46 14 som
420 691 32 21 till
467 692 53 20 först
536 691 71 21 anhöll
623 698 33 14 om
670 690 65 28 ordet,
746 691 92 27 yttrade:
864 690 42 22 Det

77 722 55 19 mest
153 720 94 27 vägande
269 720 66 22 skälet
356 720 32 21 till
409 720 169 21 framställandet
597 720 21 20 af
634 726 26 14 en
675 720 88 26 petition
779 719 65 21 sädan
859 726 46 14 som

79 749 40 20 den
143 748 144 28 föreliggande
309 750 60 26 säges
391 756 50 13 vara
460 749 37 21 det
512 750 30 19 att
557 750 29 19 ett
602 750 52 19 stort
669 748 63 21 behof
747 748 21 20 af
783 748 67 21 lärare
865 748 40 21 och

77 777 119 21 lärarinnor
216 777 26 27 pä
263 777 132 21 folkskolans
411 778 86 20 omräde
512 778 33 19 för
560 777 131 20 närvarande
707 778 39 25 gör
760 776 32 27 sig
807 776 98 27 gällande

78 806 40 20 och
139 807 30 20 att
192 805 99 21 behofvet
313 806 60 20 hotar
396 807 29 19 att
446 805 66 21 blifva
528 807 58 19 ännu
602 807 66 19 större
683 811 78 21 genom
776 807 30 19 att
821 811 27 14 en
864 805 41 20 för-

77 834 92 27 fattning
190 841 33 13 om
244 834 99 27 skolplikt
358 834 44 21 helt
417 837 59 18 snart
490 835 98 20 kommer
602 834 32 21 till
650 833 67 21 ständ.
747 833 38 21 Att
800 833 105 27 styrelsen

78 863 118 20 emellertid
218 863 46 20 icke
287 863 96 20 förbisett
404 863 100 20 behofvet
522 863 21 20 af
558 863 160 20 folkskollärare
733 863 39 20 och
788 862 118 21 lärarinnor

78 891 92 27 framgår
193 891 20 20 af
235 891 105 27 åtskilliga
362 891 142 27 tillgöranden
527 891 55 21 ifrån
605 891 48 21 dess
675 891 51 20 sida.
755 891 75 20 Redan
850 891 55 20 1895

79 919 126 21 emanerade
227 921 30 19 ett
277 919 70 27 päbud
369 922 30 18 att
420 920 153 20 seminarierna
588 920 7 20 i
610 920 46 20 sina
671 920 65 20 första
751 919 81 21 klasser
846 918 60 21 skola

79 950 104 25 emottaga
205 948 26 20 36
253 948 70 21 elever
343 948 7 20 i
372 948 70 21 stället
463 948 33 21 för
511 949 33 26 30,
560 948 69 20 säsom
645 948 56 20 förut
716 948 55 20 varit
785 947 65 26 fallet,
866 948 39 20 och

79 976 54 21 1896
148 977 114 20 inrättades
277 978 78 20 tvänne
371 984 42 20 nya
428 977 130 26 seminarier,
574 976 36 21 det
624 983 40 14 ena
679 976 33 21 för
727 976 92 27 manliga
834 976 71 20 elever

78 1005 8 20 i
100 1005 89 27 Raumo,
205 1006 35 20 det
255 1005 65 21 andra
335 1006 32 20 för
382 1006 95 26 kvinliga
492 1006 8 20 i
515 1005 123 21 Brahestad.
667 1004 113 22 Huruvida
793 1004 61 21 dessa
864 1004 42 21 till-

80 1034 107 26 göranden
204 1034 43 20 haft
263 1034 40 20 den
319 1034 79 20 värkan
413 1040 51 14 man
480 1034 68 27 afsett,
564 1034 107 26 nämligen
687 1033 136 21 anskaffande
838 1033 22 20 af
870 1032 36 22 be-

79 1062 74 27 höfligt
174 1062 56 21 antal
251 1062 67 21 lärare
339 1063 39 20 och
399 1062 125 28 lärarinnor,
540 1064 23 19 är
578 1062 87 21 alldeles
680 1062 33 20 för
728 1062 60 27 tidigt
803 1063 30 19 att
848 1063 57 19 ännu

80 1092 55 26 säga.
164 1090 49 21 Man
236 1091 41 20 kan
298 1091 83 21 säledes
400 1091 47 21 icke
463 1093 58 19 ännu
537 1093 50 25 säga
602 1091 104 20 huruvida
722 1090 62 21 dessa
798 1090 108 26 tillgöran-

80 1119 41 21 den
137 1121 35 19 äro
194 1120 124 26 tillräckliga
333 1120 53 20 eller
401 1120 145 26 otillräckliga.
576 1119 42 21 Det
633 1126 64 20 synes
712 1119 44 27 mig
771 1118 70 21 därför
856 1125 50 14 vara

80 1148 87 20 alldeles
189 1148 32 20 för
243 1148 60 27 tidigt
324 1150 31 19 att
376 1148 100 27 begynna
499 1148 64 21 redan
587 1154 30 14 nu
638 1148 71 20 fordra
728 1147 120 27 ytterligare
864 1147 42 21 till-

79 1176 108 27 göranden
203 1177 32 20 för
250 1176 137 22 anskaffande
405 1177 22 20 af
441 1183 59 15 mera
516 1176 159 22 folkskollärare
691 1176 40 21 och
747 1176 122 26 lärarinnor,
879 1176 28 26 ja,

79 1205 35 27 jag
135 1205 66 20 mäste
222 1207 55 25 säga,
299 1205 35 21 det
349 1211 65 20 synes
429 1206 44 26 mig
491 1205 22 20 fä
528 1205 125 20 karaktären
669 1205 21 20 af
705 1204 87 27 onödigt
806 1204 56 27 fjäsk
877 1206 31 19 att

79 1233 24 20 sä
124 1235 55 25 göra.
209 1233 42 21 Det
272 1233 68 21 finnes
363 1233 118 22 emellertid
504 1233 64 22 äfven
589 1235 30 19 ett
634 1235 64 19 annat
713 1233 51 26 skäl,
780 1239 43 14 som
840 1232 67 27 enligt

79 1262 48 20 mitt
148 1261 63 28 tycke
233 1262 53 21 talar
307 1264 45 19 mot
374 1262 124 27 petitionen.
527 1262 42 27 Jag
592 1268 62 15 anser
671 1262 36 20 det
721 1261 46 21 frän
783 1261 124 20 ständernas

79 1290 45 21 sida
145 1290 46 21 icke
213 1297 49 14 vara
283 1292 40 19 rätt
344 1292 30 19 att
392 1291 83 27 ingripa
490 1291 7 20 i
513 1297 27 14 en
555 1291 66 20 sådan
637 1290 123 27 detaljfiräga
776 1296 44 14 som
836 1289 71 21 denna

80 1325 34 14 om
136 1319 151 21 seminarierna
307 1319 52 21 böra
380 1326 51 14 vara
451 1321 153 19 sammansatta
625 1319 52 21 eller
695 1319 26 26 ej.
751 1318 76 21 Denna
848 1317 59 28 fräga

79 1347 42 21 stär
143 1347 33 20 för
197 1347 131 22 närvarande
351 1347 26 28 pä
400 1348 162 27 dagordningen
585 1347 65 21 bland
665 1347 241 21 seminariearbetarene.

78 1375 69 21 Innan
171 1376 20 21 vi
213 1376 55 21 ifrån
290 1376 118 21 Brahestad
431 1377 39 20 och
489 1377 55 20 ifrån
559 1376 83 21 Raumo
658 1376 79 21 hemtat
752 1375 120 21 erfarenhet
886 1375 22 20 af

78 1404 106 21 huruvida
208 1405 47 21 icke
280 1405 61 20 dessa
364 1405 63 21 enkla
450 1405 126 20 seminarier
597 1405 137 20 funktionera
748 1404 43 21 lika
806 1403 34 21 väl
855 1403 52 21 eller

78 1433 67 21 bättre
167 1435 26 18 än
217 1433 25 21 de
265 1435 157 26 sammansatta,
446 1435 24 19 är
492 1434 36 21 det
546 1433 46 21 icke
608 1433 126 27 berättigadt
749 1435 30 20 att
794 1431 113 22 ständerna

78 1461 67 21 uttala
166 1462 32 26 sig
218 1462 7 20 i
247 1462 74 26 frägan
341 1468 78 20 genom
441 1464 30 18 att
486 1462 127 27 petitionera
628 1468 34 14 om
678 1464 30 18 ett
723 1461 137 21 sammansatt
875 1466 33 14 se-

77 1490 121 20 minarium.
227 1490 42 27 Jag
290 1490 69 21 skulle
381 1490 71 21 därför
466 1490 34 21 för
514 1490 45 20 min
575 1490 34 21 del
625 1490 94 26 afstyrka
734 1490 69 20 denna
818 1488 88 27 petition

78 1518 40 21 och
133 1518 78 21 föreslä
226 1518 47 21 dess
288 1518 105 27 läggande
409 1518 32 21 till
456 1519 162 26 handlingarna.
