1103 1811
193 142 43 20 594
472 146 112 17 Antellska
596 146 149 21 samlingarna.
942 146 12 16 6
967 146 59 21 april.

193 215 84 27 skottet,
299 222 45 14 som
368 215 55 21 dock
442 214 57 22 velat
519 214 117 21 förbehålla
659 214 32 27 sig
709 215 42 20 rätt
766 216 30 19 att
811 214 31 21 uti
858 214 113 21 utskottets
986 221 39 14 nu-

193 244 94 21 varande
312 244 191 26 sammansättning
528 242 106 22 behandla
660 242 26 21 de
712 242 32 21 till
769 242 103 22 utskottet
897 243 128 27 hänskjutna

193 272 79 28 nådiga
294 272 189 28 propositionerna,
506 272 62 26 förty,
590 271 8 21 i
616 271 47 21 stöd
683 271 22 21 af
726 271 27 21 30
769 271 11 28 &
796 271 32 21 uti
843 271 98 27 gällande
956 271 71 21 landt-

195 301 150 28 dagsordning,
367 300 107 21 vördsamt
495 300 85 21 anhälla
601 300 36 20 det
658 300 174 27 borgareständet
852 300 49 21 villo
919 300 58 20 inom
993 300 35 27 sig

193 332 48 19 utse
256 329 123 28 ytterligare
395 329 35 21 två
444 329 118 21 ledamöter
577 328 38 21 och
632 328 35 21 två
683 328 137 27 suppleanter
834 328 8 21 i
858 329 106 20 utskottet.

479 397 31 21 På
525 397 114 21 utskottets
655 399 91 25 vägnar:

542 459 32 22 W.
586 459 91 28 Nysten.

673 527 37 22 Ch.
727 527 51 22 Em.
794 528 29 28 af
834 528 122 22 Frosterus.

262 614 55 28 Lag-
340 614 39 21 och
403 614 213 21 ekonomiutskottets
632 614 154 21 ofvanberörda
802 614 161 28 framställning,
978 621 46 14 sonr

195 643 132 21 omedelbart
349 644 90 26 upptogs
462 642 31 21 till
513 642 83 27 slutligt
618 642 122 27 afgörande,
756 642 44 22 blef
816 643 20 20 af
852 642 173 28 borgareständet

194 672 101 26 bifallen
291 666 15 37 ;
318 672 40 20 och
373 671 134 28 uppmanade
522 671 25 20 hr
562 670 124 22 talmannen
701 671 8 20 i
724 671 117 27 anledning
856 671 60 21 däraf
930 671 96 21 ståndets

194 700 105 21 elektorer
321 703 31 19 att
373 702 51 19 utan
446 699 128 21 tidsutdräkt
589 701 47 19 utse
652 699 35 21 två
702 699 118 22 ledamöter
836 700 38 21 och
890 700 42 21 lika
947 700 77 28 många

193 729 138 27 suppleanter
345 729 7 20 i
368 728 44 28 lag-
428 728 39 21 och
483 728 207 21 ekonomiutskottet.

263 922 119 28 Föredrogs
397 928 27 15 en
439 922 47 21 från
502 922 157 21 statsutskottet
674 921 78 21 anländ
768 922 117 27 skrifvelse,
897 922 127 28 sålydande:

281 1023 91 24 FINLANDS
389 1019 98 28 STÄNDERS

236 1080 300 27 STATSUTSKOTT

234 1145 113 23 Helsingfors
359 1146 34 17 den
405 1146 11 17 2
429 1145 43 23 april
484 1146 50 18 1897.

667 1106 40 20 Till
723 1106 107 28 vällofliga
845 1106 179 28 borgareständet.

351 1202 27 18 Ja
390 1202 27 18 69.

263 1293 70 22 Sedan
349 1294 26 21 de
391 1294 147 27 räkenskaper,
554 1301 46 14 som
616 1294 21 21 af
652 1294 41 21 den
709 1294 21 21 af
745 1294 115 21 ständerna
875 1294 34 21 vid
925 1294 54 20 1894
990 1293 35 22 ärs

191 1322 105 28 landtdag
312 1323 86 20 tillsatta
413 1323 148 27 delegationen
577 1323 33 20 för
625 1322 79 22 värden
721 1323 21 20 af
757 1323 33 26 de,
802 1329 78 21 genom
898 1324 125 19 testamente

192 1351 22 21 af
235 1351 115 21 framlidne
369 1351 228 21 medicinelicentiaten
612 1351 96 21 Herman
723 1351 91 21 Frithiof
828 1351 79 27 Antell,
922 1351 102 21 Finlands

191 1379 45 21 folk
252 1380 99 21 tillfallna
366 1382 80 25 mynt-,
462 1380 131 21 antikvitets-
609 1380 39 21 och
664 1380 186 27 konstsamlingar,
865 1380 59 21 öfver
934 1379 89 22 berörda

191 1408 132 27 förvaltning
342 1408 93 27 afgifvits
456 1409 20 20 af
492 1409 113 20 ständerna
621 1409 35 20 vid
671 1409 146 20 innevarande
832 1409 107 27 landtdag,
954 1408 70 21 blifvit

191 1437 33 20 till
247 1437 156 21 statsutskottet
423 1438 7 19 i
453 1437 39 21 och
515 1437 31 21 för
569 1437 132 27 granskning
724 1437 165 28 öfverlämnade,
909 1437 62 21 hafva
987 1437 36 20 de-

191 1471 83 15 samma
297 1472 89 14 numera
407 1466 22 20 af
448 1466 154 20 statsutskottet
618 1465 69 21 blifvit
701 1465 164 27 genomgängna
880 1467 40 20 och
934 1465 32 21 till
981 1465 43 20 alla

191 1493 60 21 delar
267 1494 76 27 riktiga
356 1494 100 27 befunna,
472 1494 39 21 och
522 1494 40 21 har
576 1494 156 21 statsutskottet
742 1494 21 21 af
774 1494 66 21 sädan
851 1494 114 27 anledning
975 1493 49 20 här-

191 1522 50 20 med
257 1524 51 19 äran
323 1523 39 20 hos
377 1522 108 28 vällofliga
501 1522 173 28 borgareständet
689 1522 113 21 hemställa
