1103 1811
77 149 14 16 9
103 152 61 12 mars.
305 147 71 17 Skada
388 147 33 17 till
434 147 53 23 följd
499 147 23 17 af
531 147 158 20 järnvägsdrift.
867 142 41 20 395

77 216 81 27 ningen
176 216 32 20 för
225 216 79 21 skadan
321 216 53 21 skall
390 216 72 21 blifva.
491 216 62 21 Efter
567 216 73 27 hvarje
656 218 43 18 stor
714 216 76 27 olycka
805 216 7 20 i
828 216 81 20 kultur-

75 246 96 20 staterna
193 246 23 19 är
238 244 35 22 det
295 244 58 22 alltid
376 244 7 21 i
406 246 87 26 prässen
517 244 87 27 mycket
623 244 30 22 tal
671 251 34 14 om
722 244 40 21 den
778 244 69 27 skuld,
862 250 47 15 som

77 272 184 29 järnvägsbolaget
283 273 37 21 har
343 273 32 21 till
399 273 98 27 olyckan,
516 274 40 20 och
576 273 36 21 det
626 273 89 27 beviljas
730 273 8 20 i
753 272 27 22 de
794 273 62 21 flesta
871 272 38 21 fall

78 301 86 27 mycket
185 302 54 26 höga
261 302 212 27 skadeersättningar.
504 301 95 21 Sålunda
621 301 88 27 beviljas
731 301 5 20 i
753 301 98 28 England
873 301 35 20 vid

77 332 31 19 ett
123 329 56 22 enda
193 330 168 27 järnvägsbolag,
376 329 129 22 Lancashire
521 331 17 20 &
554 329 122 28 Yorkshire,
693 329 68 21 under
775 330 73 27 hvarje
863 329 24 22 år
901 330 8 20 i

78 358 206 27 skadeersättningar
293 359 55 20 ända
359 358 32 21 till
402 359 76 26 30,000
489 358 70 21 finska
569 359 60 20 mark
640 358 26 27 på
677 359 11 20 1
700 358 74 27 miljon
783 358 125 21 befordrade

78 393 141 22 passagerare.
240 387 41 28 Jag
295 387 38 21 har
347 387 67 21 redan
430 387 70 20 anfört
516 389 30 19 att
562 387 26 21 de
604 387 153 26 förhållanden,
773 393 45 14 som
829 387 7 21 i
846 387 62 21 dessa

77 415 75 22 länder
172 416 97 27 existera,
284 415 46 22 icke
345 416 74 20 kunna
433 416 102 27 jämföras
551 415 48 21 med
616 415 48 21 dem
680 415 38 21 hos
733 422 40 14 oss.
803 415 28 21 Vi
845 415 64 21 hafva

78 445 38 20 hos
139 451 34 14 oss
195 444 74 21 endast
291 444 120 21 statsbanor
433 444 40 21 och
493 446 45 19 mot
554 444 124 21 säkerheten
695 444 35 20 vid
746 444 108 21 desamma
869 444 40 21 och

77 473 62 21 deras
160 473 122 27 trafikering
301 473 41 20 kan
363 473 113 27 ingenting
494 473 50 20 med
560 473 46 20 skäl
622 473 117 20 anmärkas.
769 472 42 21 Det
826 473 38 20 har
878 479 30 14 nu

79 502 53 20 varit
153 501 58 27 fråga
230 508 35 14 om
287 503 29 19 att
335 502 38 20 hos
393 507 35 15 oss
448 501 71 28 bygga
541 501 81 28 privata
644 501 66 21 banor
725 501 39 21 och
780 501 26 20 då
821 503 23 18 är
859 507 50 14 man

79 532 74 25 genast
173 530 69 27 färdig
261 530 48 21 med
329 532 30 19 att
379 530 156 27 reglementera
554 530 90 21 rörande
665 529 61 22 dessa
741 530 81 27 privata
838 529 72 25 banor,

78 565 50 14 man
149 560 23 19 är
192 559 68 27 färdig
279 561 30 18 att
329 559 69 27 hänga
419 560 30 19 ett
468 558 190 21 Damokles-svärd
674 558 59 21 öfver
748 558 60 21 deras
824 558 86 21 förvalt-

78 587 57 26 ning.
165 587 72 27 Enligt
259 587 44 20 min
325 587 54 21 åsikt
402 587 41 20 kan
467 587 119 21 emellertid
609 587 63 21 äfven
691 589 51 18 utan
757 593 27 15 en
800 587 60 26 dylik
874 587 35 26 lag

81 615 153 22 allmänhetens
255 616 88 20 intresse
367 617 81 19 värnas.
479 615 11 21 I
513 615 236 21 koncessionsvilkoren
771 615 42 21 kan
829 615 35 21 det
878 614 32 21 in-

81 650 92 21 rymmas
189 644 156 28 bestämningar
360 650 35 15 om
411 644 99 27 åtgärder
524 644 34 21 för
572 644 125 21 säkerheten
713 644 39 20 och
766 644 36 27 jag
817 645 23 19 är
852 643 58 21 dess-

81 674 58 19 utom
162 672 124 28 öfvertygad
302 679 34 15 om
351 674 31 20 att
397 672 46 21 vårt
457 672 63 21 lands
536 672 98 22 tekniker
648 672 59 21 skola
723 674 50 26 göra
788 672 30 21 alt
832 672 55 20 hvad
903 672 7 20 i

79 701 62 21 deras
160 701 94 27 förmåga
274 701 42 21 står
336 702 32 20 för
383 703 36 25 att,
436 701 64 21 äfven
515 703 53 19 utan
588 708 27 14 en
636 701 58 27 dylik
709 701 41 27 lag,
766 701 102 27 betrygga
883 700 26 21 de

80 730 101 21 resandes
203 730 101 21 säkerhet.
333 730 74 26 Enligt
429 730 44 20 min
497 729 55 21 åsikt
574 732 24 18 är
620 729 81 21 således
724 730 70 20 denna
812 729 35 27 lag
862 729 46 21 icke

81 758 116 22 motiverad
213 759 40 20 och
268 759 35 27 jag
318 758 37 22 ber
370 758 71 21 därför
456 760 31 19 att
502 758 21 21 få
538 758 96 27 afstyrka
649 758 48 21 dess
712 758 125 28 antagande.

149 814 32 21 Hr
195 815 138 27 Jusélius,
348 815 173 21 Ferdinand:
543 815 49 21 Ifall
608 815 144 28 föreliggande
764 815 79 21 ärende
855 815 54 20 hade

81 843 88 21 kommit
191 843 31 21 till
244 844 81 27 slutligt
347 844 115 27 afgörande
485 844 36 20 vid
537 845 83 20 senaste
636 844 93 27 plenum,
744 845 23 19 är
782 843 35 22 det
832 850 78 14 sanno-

81 872 38 21 likt
141 873 30 20 att
192 872 40 27 jag,
254 873 25 27 på
299 873 25 20 de
346 872 147 27 välgrundade
516 873 52 26 skäl,
584 879 46 14 som
646 873 21 20 af
681 872 105 27 åtskilliga
801 872 65 21 talare
883 872 26 21 då

79 900 130 27 framhöllos,
225 901 68 21 skulle
308 901 63 21 hafva
386 903 66 18 röstat
466 901 34 20 för
514 901 137 21 förkastande
661 901 22 20 af
696 901 41 21 den
748 901 77 27 nådiga
835 906 74 22 propo-

81 929 96 20 sitionen.
207 928 50 22 Men
272 929 65 21 saken
352 929 39 21 har
405 929 120 21 emellertid
541 930 79 21 inträdt
634 930 8 20 i
657 931 30 19 ett
701 929 132 27 väsentligen
846 931 64 19 annat

79 957 72 21 skede.
173 957 74 21 Såsom
262 957 65 21 kändt
342 958 63 20 hafva
421 958 25 20 de
462 959 32 19 tre
510 958 68 27 öfriga
590 958 87 21 stånden
692 958 94 27 godkänt
797 957 112 21 utskottets

81 986 138 27 betänkande,
239 986 39 21 och
297 986 96 21 kommer
413 986 91 21 sålunda
522 992 27 15 en
564 986 36 28 lag
615 987 6 20 i
637 988 72 19 ämnet
723 986 32 21 till
770 986 62 21 stånd
847 986 62 20 äfven

82 1016 50 19 utan
155 1014 181 28 borgareståndets
357 1014 138 22 medvärkan.
529 1015 43 21 Vid
594 1015 75 21 sådant
693 1014 130 22 förhållande
846 1021 63 20 synes

81 1043 35 21 det
138 1043 43 27 mig
204 1045 30 19 att
256 1045 29 19 ett
307 1044 23 20 så
351 1043 104 27 praktiskt
477 1044 88 26 anlagdt
586 1044 62 22 stånd
671 1050 45 14 som
737 1042 172 28 borgareståndet

79 1071 69 21 skulle
171 1072 77 20 handla
271 1072 137 27 synnerligen
431 1072 123 28 opraktiskt,
577 1079 34 14 om
634 1072 122 27 detsamma,
779 1078 78 21 genom
878 1073 30 19 att

80 1100 92 20 förkasta
195 1100 140 22 betänkandet
357 1100 7 21 i
387 1100 80 28 klump,
490 1100 97 28 fråntoge
610 1101 32 27 sig
663 1101 127 27 rättigheten
811 1102 30 19 att
856 1100 52 26 möj-

79 1128 57 27 ligen
157 1128 88 21 invärka
262 1129 27 27 på
307 1129 249 27 författningsförslagets
578 1130 93 26 detaljer.
701 1129 42 27 Jag
760 1135 63 15 anser
838 1128 70 21 därför

79 1157 33 20 för
133 1157 45 20 min
200 1157 34 21 del
257 1160 30 18 att
309 1158 174 27 borgareståndet
506 1158 65 21 borde
590 1158 50 28 ingå
654 1158 7 20 i
677 1157 195 28 detaljgranskning
887 1157 21 20 af

80 1185 111 21 utskottets
207 1185 137 22 betänkande.

147 1241 33 21 Hr
202 1241 200 29 Schybergson:
433 1243 10 20 I
467 1245 88 19 motsats
577 1243 32 21 till
630 1243 42 21 den
691 1243 63 21 ärade
774 1242 72 27 talare,
861 1248 46 15 som

79 1270 86 27 började
185 1270 148 22 diskussionen
354 1271 7 21 i
380 1271 46 28 dag,
448 1272 40 20 och
507 1271 68 22 likaså
594 1272 7 20 i
616 1273 87 20 motsats
719 1271 32 22 till
767 1271 41 21 den
824 1273 83 19 senaste

79 1299 62 20 ärade
162 1299 81 21 talaren
263 1306 61 15 anser
338 1300 35 27 jag
389 1302 30 19 att
434 1299 180 28 borgareståndet,
630 1300 26 21 då
671 1300 36 21 det
722 1302 23 19 är
760 1301 30 20 ett
805 1299 103 28 praktiskt

79 1327 86 27 anlagdt
184 1328 67 27 stånd,
270 1329 38 20 har
328 1329 59 27 långt
408 1335 58 14 mera
488 1329 45 20 skäl
550 1331 34 23 att,
600 1329 54 21 efter
669 1329 41 20 den
726 1329 80 27 utgång
820 1328 87 21 ärendet

79 1355 38 22 fått
132 1356 7 20 i
155 1356 25 21 de
195 1358 31 19 tre
242 1357 66 27 öfriga
323 1357 96 27 stånden,
434 1359 27 18 än
478 1364 35 14 om
528 1357 108 28 utgången
652 1358 7 20 i
669 1357 49 21 dem
729 1357 53 21 varit
792 1363 27 15 en
830 1363 77 20 annan,

79 1384 92 21 förkasta
185 1385 136 28 lagförslaget
336 1388 51 19 utan
403 1386 194 27 detaljdiskussion.
626 1386 32 27 Ty
673 1386 23 21 så
711 1386 62 27 länge
789 1391 50 15 man
849 1387 58 18 ännu

78 1413 47 21 icke
148 1413 63 21 visste
234 1414 55 21 huru
311 1414 26 21 de
357 1414 68 27 öfriga
444 1414 102 21 ståndens
562 1414 70 21 beslut
648 1414 82 27 utfallit,
746 1414 72 21 kunde
834 1413 36 20 det
883 1413 24 27 ju

78 1448 50 14 vara
143 1442 116 27 anledning
273 1444 35 25 att,
321 1443 69 20 såsom
409 1443 24 20 hr
450 1443 97 20 Jusélius
557 1443 89 27 yttrade,
657 1443 115 21 förbehålla
783 1443 32 26 sig
825 1441 83 27 möjlig-

78 1470 63 20 heten
163 1472 30 19 att
214 1470 7 21 i
245 1471 116 27 detaljerna
383 1471 89 21 invärka
494 1471 26 27 på
544 1471 96 21 beslutet.
670 1471 50 21 Men
743 1471 66 21 sedan
829 1470 35 20 det
885 1472 23 18 är

78 1498 78 21 bekant
178 1500 30 19 att
229 1500 32 20 tre
284 1500 60 20 stånd
364 1500 64 20 hafva
449 1500 83 27 antagit
552 1500 101 27 förslaget
675 1499 136 21 oförändradt
826 1498 40 21 och
881 1498 26 21 då

78 1526 183 27 borgareståndets
282 1527 105 28 ingående
408 1528 7 20 i
436 1527 188 28 detaljdiskussion
640 1528 90 21 sålunda
745 1527 47 22 icke
807 1527 7 20 i
830 1526 77 22 minsta
