1103 1811
74 147 13 17 8
100 145 57 22 april.
240 144 95 18 Svenska
348 144 39 17 och
399 144 68 16 finska
480 143 103 22 språkens
596 144 146 21 likställighet.
861 139 41 21 609

75 217 66 19 större
163 214 35 20 del
221 214 21 20 af
265 214 56 20 detta
339 214 61 20 stånd
423 214 134 20 hemortsrätt
572 213 7 20 i
595 212 46 21 vårt
656 213 56 25 land,
728 212 22 21 så
766 214 43 20 tror
823 214 35 27 jag
873 216 30 19 att

75 244 56 20 detta
147 242 80 21 försvar
241 242 47 21 icke
303 242 54 20 skall
373 248 50 14 vara
438 242 62 20 altför
514 242 58 20 svårt
587 243 29 19 att
632 241 89 21 bemöta.

143 270 50 21 Man
217 272 60 25 säger
300 270 130 21 beträffande
454 270 321 27 kommunalspråksprincipens
797 271 104 21 företräde

75 300 87 20 framför
184 299 257 26 likställighetsprincipen
471 299 73 20 främst
567 301 30 18 att
619 298 258 29 likställighetsprincipen
895 300 7 20 i

76 328 57 26 fräga
155 334 33 14 om
212 327 219 28 expeditionsspräket
446 327 46 20 icke
508 333 38 20 ger
561 327 102 20 domaren
678 327 65 26 nödig
758 327 144 28 handledning

76 357 32 20 för
130 358 29 19 ett
181 356 114 27 afgörande
318 363 34 13 om
375 355 83 21 finskan
482 355 52 21 eller
556 355 107 21 svenskan
686 355 7 20 i
709 355 72 28 hvarje
796 356 37 21 fall
848 357 54 21 skall

77 385 84 20 komma
176 385 31 20 till
223 384 142 27 användning.
389 384 45 21 Och
449 384 55 21 hvad
522 384 98 21 beträffar
635 384 267 29 likställighetsprincipens

77 413 132 28 tillämpning
232 413 26 27 pä
278 413 35 21 det
333 413 99 20 officiella
447 413 95 27 spräkets
558 412 92 27 omräde,
666 413 59 20 heter
741 413 35 21 det
790 416 30 19 att
835 415 29 20 alt
879 417 23 18 är

77 442 152 21 öfverlämnadt
249 442 21 20 ät
289 441 184 21 ämbetsmännens
489 441 111 27 godtycke.
631 441 42 20 Det
687 443 23 18 är
727 441 32 21 väl
775 442 32 20 för
822 443 79 20 enhvar

77 471 38 20 och
137 471 142 26 synnerligast
297 471 32 20 för
343 470 142 21 fackmannen
501 470 27 27 pä
544 469 40 21 den
601 469 106 28 praktiska
723 470 178 28 rättskipningens

77 499 84 21 omräde
184 506 45 14 mer
251 501 26 18 än
301 499 56 21 svärt
380 500 29 19 att
431 498 70 27 förstä,
517 498 85 21 hvarför
618 498 221 27 likställighetsregeln
855 499 46 22 icke

77 534 49 15 vore
142 527 129 28 fullkomligt
285 527 90 21 ledande
392 527 129 21 beträffande
538 527 225 26 expeditionsspräket.
787 527 10 21 I
813 528 35 21 nio
864 529 37 20 fall

77 557 21 20 af
119 557 28 20 tio
171 557 66 20 mäste
260 556 35 21 det
316 556 34 20 väl
373 563 50 13 vara
438 556 38 20 lätt
491 558 30 19 att
536 556 72 26 afgöra
624 555 39 21 och
680 555 88 21 alldeles
783 557 119 27 otvetydigt

77 585 79 20 hvilket
171 585 61 27 spräk
248 587 72 24 parten
338 585 37 20 har
391 585 108 26 begagnat.
531 584 44 21 Och
592 591 34 13 om
642 584 6 20 i
664 584 35 21 det
715 585 71 20 tionde
800 585 60 21 fallet
874 592 26 14 en

77 613 76 21 tvekan
176 613 61 20 räder
259 613 39 21 och
321 620 33 13 om
374 612 100 21 domaren
497 612 27 21 dä
546 612 46 21 icke
614 614 24 18 är
654 612 85 21 bunden
754 613 22 20 af
790 613 111 27 hänsynen

78 642 30 20 till
131 642 141 20 kommunens
294 641 79 21 flertals
395 641 171 27 storhetskänsla,
590 642 51 19 utan
661 640 32 21 fär
709 643 47 25 taga
772 642 82 26 hänsyn
870 642 31 20 till

77 672 84 25 partens
183 672 46 21 rätt,
251 670 22 20 sä
296 670 53 20 skall
371 670 33 20 väl
427 670 101 21 domaren
551 669 59 27 fräga
629 669 70 21 denna
714 672 51 25 part,
781 670 27 27 pä
822 671 80 21 hvilket

78 699 61 27 spräk
155 699 41 20 han
212 699 77 20 önskar
304 699 31 20 sin
352 698 128 28 expedition,
502 699 40 20 och
557 698 27 27 pä
599 698 74 27 frägan
688 698 21 20 fä
725 700 29 19 ett
769 706 48 14 svar
832 712 27 2 —
875 706 26 14 en

78 728 114 26 berättigad
209 727 148 27 medborgares
373 727 93 21 uttalade
482 727 87 26 önskan,
585 726 47 21 icke
648 728 29 19 ett
692 727 117 27 nädehjons
820 728 81 20 undan-

78 756 94 27 tagsbön.
202 755 91 21 Därmed
317 758 23 18 är
363 756 62 20 också
456 755 270 27 likställighetsprincipens
755 756 146 28 tillämplighet

77 785 26 26 pä
125 784 228 27 expeditionsspräkets
376 784 85 21 omräde
485 784 51 20 klar.
566 784 62 20 Hvad
645 784 93 27 äterigen
754 784 97 21 beträffar
866 785 35 20 det

78 812 97 21 officiella
190 813 89 26 språket,
295 813 22 20 sä
333 813 38 20 har
386 813 35 20 det
437 813 62 20 också
515 813 32 20 sin
563 812 106 27 svårighet
685 814 30 19 att
730 812 90 28 begripa,
836 813 63 20 hvar-

77 841 32 20 för
124 844 29 18 ett
165 841 265 27 ämbetsmannagodtycke
443 841 34 20 vid
492 841 163 26 likställigheten
668 841 37 20 där
718 841 68 21 skulle
798 848 39 20 ega
848 849 52 13 rum.

77 869 46 21 Den
146 870 93 27 ledning,
262 876 45 14 som
329 870 72 27 hvarje
425 869 125 28 myndighet
572 869 38 20 har
629 869 7 20 i
658 869 72 27 regeln
746 871 30 19 att
791 870 40 21 den
847 870 54 21 skall

78 899 42 19 afse
144 898 76 20 sakens
243 899 38 19 och
304 899 130 19 ändamälets
456 900 41 18 rätt
519 899 39 19 och
579 897 115 27 betydelse,
714 898 39 20 den
769 899 73 25 tyckes
858 899 43 27 mig

79 933 48 13 vara
145 926 87 27 ledning
248 933 46 21 nog.
324 926 45 21 Och
385 933 33 14 om
435 926 40 21 den
492 926 32 20 för
540 928 29 19 ett
584 926 52 20 eller
651 928 64 18 annat
730 926 36 20 fall
780 926 46 22 icke
842 927 59 27 afgör

77 955 48 20 med
149 955 136 26 bestämdhet,
308 955 23 21 sä
353 957 23 18 är
398 956 58 20 faran
478 955 48 21 icke
548 956 66 19 större
638 956 25 19 än
683 957 30 18 att
728 955 171 21 ämbetsmannen

78 983 81 21 affattar
178 984 31 20 sin
232 984 111 20 skrifvelse
365 984 27 26 pä
415 984 80 20 ettdera
516 983 22 21 af
560 984 26 20 de
608 983 53 21 båda
680 983 110 21 inhemska
805 984 95 27 språken,

77 1012 71 20 hvilka
169 1012 24 27 ju
216 1012 52 20 hvar
290 1012 38 20 och
351 1018 28 15 en
402 1012 136 25 ämbetsman,
562 1018 45 14 som
630 1012 48 20 med
701 1012 124 21 skrifvelsen
848 1012 53 21 skall

77 1044 48 23 taga
148 1040 123 27 befattning,
293 1041 38 20 har
353 1041 52 27 plikt
429 1042 29 19 att
479 1040 70 21 förstä
580 1040 41 20 Det
637 1042 23 18 är
678 1047 42 20 nog
735 1040 22 20 sä
773 1043 29 19 att
818 1041 34 21 det
868 1042 33 20 väl

78 1069 119 27 egentligen
220 1069 46 21 icke
282 1071 23 18 är
321 1070 145 26 »godtyckets,
482 1076 45 14 som
544 1075 49 14 man
609 1069 38 20 här
661 1069 82 20 fruktar
758 1070 38 20 hos
811 1069 90 21 ämbets-

78 1099 97 24 männen,
199 1100 50 18 utan
273 1098 35 20 det
329 1100 23 18 är
373 1098 36 20 det
429 1098 86 26 »tycke»
534 1100 29 18 att
578 1098 63 20 äfven
656 1097 83 21 landets
754 1098 70 26 gamla
839 1098 62 27 spräk

78 1125 70 21 kunde
171 1126 84 20 komma
273 1126 32 21 till
328 1126 142 27 användning,
487 1126 37 21 där
538 1126 47 20 icke
602 1126 82 20 enskild
700 1132 60 14 mans
776 1126 51 21 eller
842 1126 58 21 kom-

77 1161 62 14 muns
162 1156 41 19 rätt
224 1154 51 21 eller
298 1155 76 21 sakens
397 1157 32 19 art
450 1155 82 20 fordrar
555 1157 29 18 att
605 1154 83 21 landets
711 1154 65 22 andra
791 1155 110 21 inhemska

77 1183 109 26 tungomäl
204 1183 112 21 användes.

146 1211 41 20 Det
209 1211 65 21 andra
290 1211 72 28 skälet,
378 1218 45 14 som
440 1211 48 21 med
504 1213 43 19 stor
562 1211 55 20 eclat
632 1211 110 27 äberopats
757 1211 32 21 för
805 1211 95 21 kommu-

78 1239 218 28 nalspräksprincipen
317 1241 39 20 och
372 1241 156 20 reservationen
545 1247 34 13 n:o
596 1240 18 26 2,
630 1242 23 18 är
668 1241 30 19 att
712 1239 68 22 finska
795 1240 71 27 folket,
881 1241 19 20 d.

77 1274 18 13 v.
111 1274 15 14 s.
143 1268 34 21 det
192 1268 153 21 finskatalande
364 1269 67 21 folket
445 1281 27 2 —
488 1271 22 24 ty
526 1268 141 27 tvifvelaktigt
688 1270 22 19 är
724 1269 24 26 ju
763 1275 88 14 numera
866 1275 35 14 om

78 1297 25 20 de
127 1297 176 21 svenskatalande
324 1298 51 20 höra
391 1297 31 21 till
438 1297 34 21 det
487 1297 68 21 finska
571 1297 67 20 folket
653 1297 66 26 enligt
733 1297 167 21 reservationens

78 1325 53 20 äsikt
146 1338 27 2 —
189 1325 81 21 fordrar
285 1328 30 18 att
330 1326 308 27 kommunalspräksprincipen
654 1325 66 21 hälles
736 1326 34 20 vid
786 1326 62 20 makt.

146 1353 41 21 Det
209 1354 53 21 talas
281 1355 7 20 i
304 1355 29 20 tid
349 1355 40 20 och
405 1355 41 20 otid
463 1361 35 14 om
514 1355 41 20 den
570 1354 153 21 finskatalande
740 1354 161 27 befolkningens

77 1381 123 28 fordringar.
230 1383 115 20 Hvarenda
366 1383 55 20 finsk
444 1384 110 26 partiman,
577 1389 45 14 som
645 1383 38 20 har
705 1389 27 14 en
755 1383 102 27 käpphäst
872 1385 29 18 att

77 1410 50 27 rida,
150 1410 103 21 förklarar
275 1411 48 27 dyrt
345 1412 39 20 och
406 1411 65 28 heligt
490 1414 29 18 att
540 1412 70 20 denna
626 1413 22 18 är
663 1411 48 20 hela
726 1411 40 21 den
782 1411 68 21 finska
866 1411 35 21 be-

77 1439 135 27 folkningens
227 1439 84 21 klenod.
334 1440 27 20 Vi
377 1441 63 20 hafva
456 1447 28 13 nu
500 1441 47 20 hört
562 1440 73 26 dylika
650 1440 139 27 förklaringar
802 1440 22 20 sä
834 1439 67 28 länge,

77 1469 30 19 att
128 1474 49 14 man
197 1468 132 27 smäningom
346 1468 70 27 börjar
434 1468 64 21 blifva
514 1470 50 19 trött
579 1468 26 27 pä
620 1468 48 20 dem
685 1468 38 20 och
739 1470 49 19 trött
804 1468 98 20 särskildt

77 1496 26 26 pä
125 1498 30 19 att
174 1496 83 20 bemöta
273 1497 74 26 dylikt,
362 1497 127 20 ätminstone
504 1498 7 19 i
526 1496 148 28 hvardagsfall.
704 1496 50 21 Men
769 1499 39 18 när
822 1498 30 19 ett
867 1496 34 27 pä-

77 1525 86 20 stående
186 1531 33 14 om
243 1525 40 20 den
309 1525 80 20 »finska
411 1525 163 27 befolkningens
589 1525 132 27 fordringar»
739 1525 126 20 framställes
881 1525 20 20 af

811 1565 21 17 39
