1103 1811
65 147 14 17 9
91 150 62 13 mars.
417 145 125 20 Järnvägar.
854 140 41 21 367

65 215 63 21 hafva
143 216 30 20 att
188 214 46 21 från
249 214 201 27 järnvägsutskottet
466 216 80 19 emotse
562 216 30 19 ett
607 214 85 27 förslag,
708 221 46 14 som
764 214 40 21 kan
815 215 21 21 af
846 214 49 22 dem

65 246 93 25 antagas.
189 243 41 27 Jag
247 243 126 21 inskränker
387 243 45 27 mig
446 242 72 21 därför
533 249 31 14 nu
579 244 31 20 att
625 243 66 21 uttala
705 243 45 27 mig
765 243 88 21 rörande
869 244 28 20 de

66 273 7 20 i
88 272 158 28 propositionen
261 271 121 27 föreslagna
395 271 101 27 banorna,
509 271 75 21 främst
597 271 42 21 den
653 271 39 21 sub
703 271 39 21 litt.
767 271 4 21 D
782 272 113 21 omnämda

66 300 106 21 bandelen
187 300 203 27 Kuopio—Kajana.
411 299 77 21 Denna
503 300 57 20 bana
575 300 67 20 kallas
657 300 7 20 i
680 300 42 21 den
734 300 76 27 nådiga
820 307 77 21 propo-

67 329 90 21 sitionen
181 335 26 14 en
230 328 136 27 fortsättning
388 328 21 21 af
431 328 175 21 Savolaksbanan
630 328 39 21 och
695 328 88 21 föreslås
804 329 92 21 normal-

67 357 69 28 spårig
148 359 55 19 samt
213 359 30 18 att
253 357 80 20 utföras
342 357 66 26 enligt
416 363 82 14 samma
511 357 97 20 tekniska
619 363 99 21 program
728 363 45 14 som
784 357 111 22 Savolaks-

67 386 75 21 banan.
173 385 77 22 Skälen
266 385 69 21 härför
351 385 114 21 återfinnas
480 385 26 28 på
522 385 38 21 sid.
578 385 26 21 16
620 385 40 21 och
675 385 26 28 gå
716 385 179 28 hufvudsakligen

66 418 24 18 ut
111 415 64 27 därpå
196 416 30 19 att
247 414 41 27 det,
309 414 48 21 med
380 414 81 27 hänsyn
483 414 32 21 till
536 413 143 28 samtrafiken,
701 420 49 15 vore
767 414 130 28 nödvändigt

67 445 29 20 att
111 444 63 21 hafva
189 443 70 28 spåret
274 443 61 20 äfven
351 442 27 27 på
391 443 69 20 denna
476 442 204 27 fortsättningsbana
695 443 91 20 normalt
796 443 40 20 och
848 443 48 20 icke

67 472 37 21 där
126 472 95 27 tillämpa
243 472 42 20 den
306 471 89 21 smalare
418 471 134 27 spårvidden.
582 471 84 21 Jämför
686 478 50 14 man
757 478 29 14 nu
802 471 26 21 de
844 471 53 27 skäl,

67 507 45 14 som
128 501 41 20 den
185 500 76 27 nådiga
277 500 157 27 propositionen
449 500 34 21 för
498 500 58 21 detta
571 500 138 21 fortsättande
725 500 21 21 af
761 500 70 21 banan
843 500 55 21 efter

67 535 80 14 samma
169 529 96 20 tekniska
283 535 97 20 program
397 528 65 27 anför,
478 529 49 20 med
544 528 26 21 de
586 528 51 24 skäl,
653 528 71 21 hvilka
740 529 40 20 den
796 528 101 21 kommis-

68 558 51 26 sion,
135 564 46 14 som
197 557 53 20 varit
265 557 74 20 tillsatt
353 557 32 20 för
401 557 123 26 afgifvande
540 557 21 20 af
576 557 79 27 förslag
669 557 91 21 rörande
775 557 121 28 byggnads-

67 588 101 24 systemet
189 586 32 20 för
238 585 83 21 landets
335 585 112 27 järnvägar
461 593 28 13 m.
505 592 34 20 m.,
555 585 101 27 åberopat
670 586 32 20 för
718 585 26 21 de
759 586 136 27 smalspåriga

67 614 100 27 banorna,
183 614 39 21 och
241 620 48 14 man
305 614 98 20 särskildt
417 616 60 24 tager
492 614 70 20 under
576 614 136 27 ompröfning
727 614 53 20 hvad
796 614 101 20 kommis-

67 643 74 21 sionen
159 643 62 21 anför
239 642 162 21 vidkommande
419 642 137 22 samtrafiken
578 642 48 21 med
648 642 35 21 det
701 642 65 21 redan
782 642 115 21 bestående

67 672 162 27 järnvägsnätet,
250 671 67 21 måste
337 671 36 27 jag
392 671 33 21 för
442 671 45 21 min
503 671 35 21 del
553 677 51 15 anse
620 673 30 19 att
664 671 233 27 järnvägskommissio-

67 707 54 14 nens
141 700 46 21 skäl
208 702 35 18 äro
262 700 49 20 vida
327 700 92 20 starkare
435 702 27 18 än
479 700 41 21 den
536 700 78 26 nådiga
630 700 173 27 propositionens.
833 700 63 20 Järn-

68 729 217 27 vägskommissionen
300 728 43 27 har,
359 728 130 21 beträffande
504 730 30 19 ett
549 728 105 28 spårbrott
669 728 39 21 och
725 728 25 21 de
761 728 136 27 olägenheter

68 759 29 19 ett
119 757 75 21 sådant
214 757 33 21 för
267 756 134 22 samtrafiken
423 757 89 26 medför,
533 759 69 19 ansett
624 759 30 19 att
673 759 30 19 tre
718 757 179 21 hufvudmoment

69 792 49 15 vore
139 788 30 19 att
189 786 82 20 beakta.
300 785 42 21 För
363 786 35 20 det
418 786 66 21 första
506 786 144 20 kostnaderna
664 786 33 20 för
712 785 132 27 omlastning,
863 785 33 20 för

69 814 35 21 det
125 814 66 21 andra
214 813 145 22 tidsförlusten
382 814 35 21 vid
440 814 158 27 omlastningen
619 814 39 21 och
674 814 32 20 för
722 814 34 21 det
771 813 67 28 tredje
854 813 42 21 den

68 845 65 18 större
155 843 124 27 vagnspark,
301 849 45 14 som
367 849 27 14 en
416 843 61 25 bana,
498 842 113 28 separerad
633 843 46 20 från
695 842 65 21 andra
776 849 77 20 genom
868 848 27 15 en

68 878 70 14 annan
153 871 105 28 spårvidd,
274 871 95 21 kommer
384 873 30 19 att
429 871 101 21 erfordra.
560 871 64 21 Hvad
639 870 256 28 omlastningskostnaden

69 900 138 26 vidkommer,
228 900 38 20 har
287 899 165 21 kommissionen
469 900 82 27 påvisat
566 902 30 18 att
611 900 70 20 denna
696 899 89 21 kostnad
801 899 97 21 kommer

69 930 30 19 att
115 928 69 27 uppgå
194 928 31 21 till
236 928 62 27 högst
310 930 31 19 tre
353 928 60 20 mark
423 934 38 21 per
473 934 63 21 vagn,
549 928 148 21 motsvarande
711 927 146 28 ungefärligen
869 933 28 15 en

69 957 169 27 fraktförökning
259 956 27 28 på
310 957 56 20 4—9
389 956 117 28 kilometer,
530 958 30 19 ett
582 956 150 27 frakttillskott,
754 962 45 15 som
822 956 34 20 väl
874 957 24 19 är

69 985 111 27 afsevärdt,
195 985 27 21 då
237 985 35 21 det
287 985 66 27 gäller
367 985 133 21 konkurrens
515 985 80 21 mellan
611 987 62 24 orter,
685 985 71 21 hvilka
768 984 51 22 söka
832 984 65 27 draga

69 1014 32 21 till
116 1014 32 27 sig
162 1014 62 20 trafik
239 1014 59 20 öfver
313 1014 46 20 sina
374 1014 88 20 hamnar
478 1014 40 21 och
534 1014 38 20 där
587 1014 41 20 den
645 1020 40 14 ena
700 1015 59 19 orten
776 1019 76 21 genom
869 1019 27 14 en

69 1042 82 22 kortare
167 1044 40 25 väg
222 1042 72 21 ställes
309 1042 6 20 i
331 1044 30 19 ett
375 1049 150 21 gynsammare
540 1042 48 27 läge
604 1044 27 19 än
647 1042 40 21 den
703 1042 71 21 andra.
797 1041 49 21 Men
860 1041 36 21 vid

69 1077 26 15 en
105 1071 60 27 bana,
176 1071 63 21 sådan
251 1077 46 14 som
308 1071 76 27 denna,
392 1071 42 21 kan
442 1071 48 21 icke
504 1071 62 21 dessa
577 1071 56 21 4—9
644 1071 110 21 kilometer
764 1071 64 26 högre
840 1070 58 20 frakt

69 1102 53 25 väga
142 1102 63 25 tungt
219 1100 6 20 i
241 1099 120 27 vågskålen,
377 1100 99 20 särskildt
492 1106 34 14 om
542 1106 50 14 man
608 1100 73 20 ställer
694 1100 95 20 häremot
804 1098 92 21 utsikten

69 1130 30 19 att
119 1128 46 21 icke
185 1128 22 20 få
221 1128 70 27 någon
308 1128 54 21 bana
377 1128 44 21 alls.
451 1128 116 21 Dessutom
583 1128 60 21 torde
658 1127 238 28 exploatationsvinsten

69 1157 35 20 vid
120 1163 27 14 en
162 1156 124 28 smalspårig
301 1156 55 21 bana
371 1164 50 14 vara
437 1156 22 22 så
474 1163 49 21 pass
536 1159 49 24 stor,
598 1158 30 19 att
640 1157 6 20 i
660 1158 68 19 värsta
740 1156 38 21 fall
790 1162 26 14 en
830 1154 67 22 modi-

68 1185 87 21 fikation
171 1185 71 21 kunde
258 1185 37 21 ske
310 1185 90 21 sålunda
415 1187 30 19 att
459 1186 7 20 i
482 1185 176 27 trafikafgifterna
673 1184 224 27 omlastningskostna-

70 1213 66 21 derna
151 1213 160 21 inberäknades.
337 1213 62 21 Hvad
415 1213 147 22 tidsförlusten
578 1213 35 21 vid
630 1213 154 27 omlastningen
800 1211 97 21 vidkom-

68 1249 51 20 mer,
135 1243 22 19 är
173 1241 47 28 den,
235 1242 70 21 såsom
321 1242 64 21 också
399 1242 274 27 järnvägskommissionen,
688 1242 62 21 hvars
766 1240 108 22 uttalande
889 1240 8 21 i

69 1271 69 20 denna
154 1270 34 21 del
203 1271 35 27 jag
253 1271 46 20 icke
315 1277 62 14 anser
392 1271 44 27 mig
451 1271 109 27 vidlyftigt
575 1271 91 20 behöfva
681 1270 79 27 beröra,
775 1268 123 22 framhåller

69 1299 101 27 minimal,
186 1299 141 27 synnerligast
343 1299 38 21 där
395 1299 35 21 två
445 1299 36 28 tåg
497 1306 35 14 om
548 1299 68 27 dagen
632 1299 124 27 expedieras
771 1299 6 20 i
792 1297 105 22 hvardera

68 1328 128 27 riktningen,
211 1328 80 21 hvilket
305 1328 24 27 ju
345 1328 38 21 bör
397 1328 37 21 ske
450 1328 26 27 på
492 1335 27 14 en
535 1328 55 21 bana
606 1328 33 21 för
653 1329 30 20 att
693 1327 42 21 den
745 1327 54 21 hälst
809 1327 7 20 i
826 1326 70 27 någon

67 1356 49 21 mån
133 1356 53 21 skall
202 1356 73 21 kunna
296 1357 112 26 tillgodose
429 1357 95 20 trafiken.
555 1356 135 21 Beträffande
712 1356 44 21 åter
770 1356 42 26 det,
827 1354 70 21 såsom

69 1385 35 20 det
127 1385 37 20 vill
185 1391 70 21 synas,
276 1387 69 19 värsta
367 1392 115 20 gravamen
504 1387 45 19 mot
570 1391 26 15 en
612 1385 125 27 smalspårig
752 1384 54 21 bana
822 1383 7 20 i
844 1383 54 26 jäm-

68 1413 77 22 förelse
160 1413 49 21 med
224 1420 27 14 en
266 1413 129 28 bredspårig,
411 1414 107 27 nämligen
532 1413 100 22 behofvet
642 1413 21 21 af
673 1413 88 21 förökad
772 1411 125 28 vagnspark,

67 1442 43 21 kan
131 1449 49 14 man
202 1444 57 25 trygt
280 1442 118 27 vedervåga
419 1443 36 20 det
475 1442 126 27 påståendet
616 1444 30 19 att
661 1442 57 21 detta
733 1441 63 21 behof
811 1445 86 16 snarare

68 1472 23 18 är
112 1473 29 18 ett
157 1470 44 21 skäl
217 1470 32 21 för
264 1472 27 19 än
307 1472 57 19 emot
379 1472 30 20 ett
424 1470 111 28 spårbrott.
566 1470 74 21 Såsom
656 1470 50 21 våra
721 1470 66 20 banor
802 1469 32 20 för
848 1469 49 19 när-

67 1499 93 20 varande
185 1499 85 26 byggas,
292 1499 25 21 de
335 1499 62 20 södra
413 1501 56 19 stora
484 1499 96 21 banorna
596 1499 48 20 med
659 1498 87 27 mycket
760 1500 52 24 tung
828 1496 69 21 öfver-

67 1527 106 28 byggnad,
183 1527 25 21 de
217 1529 74 19 norrut
299 1527 90 28 belägna
397 1527 49 22 med
454 1534 28 15 en
490 1528 74 21 lättare
572 1527 166 28 öfverbyggnad,
747 1525 75 28 uppstå
831 1524 66 21 redan
