1103 1811
198 141 41 21 508
463 146 142 20 Sprithaltiga
616 145 148 17 medicinalier.
927 145 27 17 26
966 148 62 14 mars.

197 222 28 14 on
241 215 75 28 oikeus
331 215 43 21 heti
390 214 74 21 sulkea
479 214 130 21 tämmöinen
623 214 73 20 fiiaali
711 214 21 27 ja
747 214 104 21 ilmoittaa
866 214 45 20 asia
925 214 104 20 lääkintö-

197 244 143 20 hallitukselle
356 243 164 21 asianmukaisia
535 243 154 27 toimenpiteitä
703 245 82 19 varten.
800 242 57 22 Näin
868 242 56 21 ollen
935 243 92 20 minusta

197 279 27 14 on
245 272 78 21 näiden
346 272 137 20 filiaalienkin
504 272 88 20 suhteen
618 271 105 21 olemassa
746 271 86 27 kylliksi
854 271 73 21 suuria
949 270 79 22 takeita

197 301 47 20 siitä
260 301 49 20 ettei
325 300 116 21 niistäkään
458 300 69 27 pitäisi
542 300 62 20 voida
619 300 53 20 tulla
685 300 79 20 mitään
777 300 139 27 pahennusta,
928 300 32 26 jos
973 305 53 14 vaan

197 329 66 21 asiata
284 329 121 20 harrastava
423 329 67 26 yleisö
506 328 155 27 piirilääkärille
677 328 105 21 ilmoittaa
797 328 133 21 mahdollisia
946 328 83 20 väärin-

197 357 116 26 käytöksiä.
343 357 59 21 Minä
423 357 36 20 siis
478 357 90 20 ehdotan
590 358 44 19 että
648 357 94 20 tässäkin
758 357 110 20 suhteessa
883 357 144 20 valiokunnan

197 385 96 22 mietintö
309 386 181 27 hyväksyttäisiin.

267 442 32 21 Hr
319 442 106 21 Lindh:
455 442 32 21 De
503 442 62 21 ärade
580 442 166 27 petitionärerna
761 442 93 21 förklara
868 442 8 20 i
891 442 32 21 sin
939 441 88 28 petition

197 473 35 25 att,
257 478 34 14 om
321 471 64 21 också
407 471 185 21 ölkonsumtionen
615 471 69 20 under
706 471 26 20 de
756 471 51 20 sista
829 471 51 21 åren
903 471 7 20 i
932 470 95 27 betydlig

197 500 51 27 grad
276 500 109 26 minskats,
408 499 166 28 förbrukningen
600 499 22 21 af
643 499 205 28 Hoffmansdroppar
870 499 94 21 däremot
985 499 42 20 till-

197 529 52 26 tagit
265 529 23 20 sä
303 529 109 27 betydligt,
428 530 29 19 att
468 530 63 25 vägar
543 528 39 21 och
592 528 71 26 stigar,
673 528 21 26 ja
705 528 32 20 till
748 528 40 21 och
800 528 48 21 med
860 528 74 27 själfva
945 527 82 27 kyrkan

197 557 71 21 luktar
286 557 21 21 af
325 560 49 18 eter.
404 557 78 20 Männe
497 563 49 14 man
561 556 47 21 icke
624 556 116 27 härvidlag,
756 563 34 14 om
806 557 60 20 fallet
880 556 109 27 värkligen
1004 558 23 19 är

198 586 69 20 såsom
287 592 50 14 man
359 587 66 25 säger,
441 585 66 21 måste
522 585 64 21 tänka
601 587 30 18 att
646 585 35 20 det
696 585 46 27 gått
756 585 50 21 med
822 585 56 21 detta
893 585 69 21 såsom
977 585 49 21 med

199 614 65 20 andra
280 614 119 21 restriktiva
413 613 106 28 lagpäbud
534 614 39 20 och
588 615 31 19 att
634 613 35 21 det
685 614 54 20 varit
754 616 30 18 att
799 614 69 20 drifva
882 616 24 18 ut
918 613 109 27 djäfvulen

198 642 49 22 med
263 642 114 22 Belsebub.
399 642 41 21 För
454 644 30 19 att
499 642 71 20 kunna
581 642 21 20 fä
616 642 69 20 denna
698 642 116 21 sistnämde
826 642 63 20 ocksä
899 642 128 27 fullkomligt

198 671 107 21 utdrifven
320 671 47 21 frän
383 671 110 21 samhället
508 670 87 21 föreslär
610 677 49 14 man
675 672 30 19 att
721 671 64 27 ingen
802 670 98 27 medicin,
911 676 45 15 som
967 670 60 21 inne-

198 700 68 20 häller
281 702 44 19 eter
340 700 51 20 eller
407 700 56 27 sprit,
478 699 68 21 skulle
561 699 22 21 fä
598 699 63 27 säljas
676 699 47 21 frän
735 699 103 27 apoteken
849 699 7 21 i
868 699 96 27 handköp
975 701 51 18 utan

198 728 149 28 läkarerecept.
378 728 40 21 Om
439 734 48 14 man
509 728 74 20 tänker
601 728 32 26 sig
653 729 30 19 att
704 734 27 14 en
751 734 58 21 svag,
828 728 79 27 sjuklig
926 727 100 27 stackare,

199 763 46 15 som
267 757 81 21 känner
367 757 33 27 sig
421 756 67 27 styrkt
509 756 21 21 af
544 758 30 19 att
589 758 49 25 taga
653 756 171 27 hjärtstyrkande
840 756 51 21 eller
906 756 120 20 Hoffmans-

199 785 91 27 droppar
311 785 26 27 pä
360 791 27 15 en
408 785 31 20 bit
458 785 79 26 socker,
553 785 52 20 eller
620 786 30 19 att
665 791 26 14 en
708 791 78 20 annan,
802 791 45 14 som
863 784 101 21 behöfver
978 786 49 25 taga

199 813 156 28 kolikdroppar,
370 813 69 21 skulle
452 813 107 27 förvägras
575 813 70 21 denna
655 813 56 27 fröjd
722 813 70 21 därför
804 815 30 19 att
845 813 69 27 nägon
925 813 102 27 möjligen

199 842 72 21 kunde
293 842 58 21 finna
373 842 8 20 i
402 842 70 21 denna
494 841 273 28 dyfvelsträcksblandning
789 843 30 20 ett
841 841 186 28 njutningsmedel,

199 871 67 21 mäste
287 877 48 14 man
358 871 58 20 finna
435 871 57 20 detta
506 870 101 27 tämligen
623 870 66 21 härdt.
720 870 58 21 Eller
793 870 64 21 lätom
874 877 33 14 oss
923 870 62 21 tänka
1000 870 27 27 pä

199 905 32 21 en,
255 905 46 15 som
324 906 49 14 vore
395 900 7 19 i
425 899 47 21 svär
490 899 131 21 bedröfvelse
638 899 38 20 och
691 899 8 20 i
714 899 65 21 behof
794 899 21 20 af
830 900 143 26 uppmuntran
988 899 39 20 och

198 928 47 20 icke
268 928 69 20 skulle
359 928 21 20 fä
403 929 47 25 taga
470 928 22 20 in
515 927 20 21 af
557 927 34 21 fru
607 927 121 21 Snellmans
744 927 171 27 uppmuntrande
931 927 96 27 droppar.

198 956 64 21 Detta
283 963 49 14 vore
351 956 24 27 ju
396 956 62 21 äfven
474 956 37 20 bra
525 956 67 20 härdt.
621 955 78 21 Likasä
714 956 74 26 tyckes
804 962 49 14 man
869 956 50 26 vilja
934 955 93 21 försvära

199 984 120 22 ätkomsten
341 985 21 21 af
383 984 139 28 denaturerad
543 984 57 28 sprit,
622 984 86 21 hvilken
729 984 109 21 användes
852 984 8 20 i
874 984 105 20 industrin
995 984 32 21 till

199 1013 41 21 alla
259 1014 87 26 möjliga
366 1013 104 21 ändamäl.
499 1013 69 21 Äfven
585 1013 57 21 detta
656 1012 70 22 finner
741 1013 35 27 jag
792 1020 50 14 vara
858 1012 119 27 onaturligt,
992 1019 35 14 om

199 1042 62 20 äfven
285 1042 70 27 nägon
377 1042 69 20 skulle
468 1042 62 20 hafva
552 1043 64 19 natur
639 1043 30 19 att
691 1042 99 20 använda
813 1041 140 21 denaturerad
975 1041 53 27 sprit

199 1070 71 21 säsom
285 1070 187 27 njutningsmedel.
501 1070 41 27 Jag
556 1070 85 21 förenar
656 1070 44 27 mig
716 1070 71 21 därför
802 1070 44 21 helt
862 1070 39 21 och
916 1069 64 21 hället
992 1076 34 14 om

199 1100 130 26 antagandet
344 1099 21 21 af
380 1099 112 21 utskottets
506 1098 140 22 betänkande.

267 1156 34 21 Hr
316 1156 106 21 Grahn:
444 1152 69 24 Äfven
528 1156 35 27 jag
578 1156 70 20 finner
662 1157 30 19 att
707 1156 164 27 petitionärerna
881 1156 62 20 hafva
954 1156 73 26 skjutit

197 1184 60 27 längt
279 1185 59 21 öfver
356 1184 65 21 mälet
443 1185 7 20 i
474 1184 70 21 denna
566 1184 65 27 fräga.
660 1184 48 21 Den
732 1184 66 21 andre
820 1185 139 26 petitionären
974 1184 54 22 talar

198 1213 49 20 hela
267 1213 59 21 tiden
341 1219 35 14 om
391 1213 203 27 Hoffmansdroppar
609 1213 40 20 och
664 1219 34 14 om
715 1213 41 20 den
772 1213 108 27 förfärliga
895 1213 71 34 skada,
981 1219 46 14 som

199 1241 156 21 ästadkommes
370 1248 76 21 genom
462 1243 30 20 att
507 1247 26 15 en
548 1247 77 21 person
640 1243 33 18 tar
687 1241 33 27 sig
735 1241 67 27 nägra
817 1241 90 28 droppar
921 1241 7 21 i
943 1242 84 27 gängen

199 1269 65 28 däraf,
280 1277 49 14 men
345 1270 54 21 efter
414 1270 35 21 det
464 1270 41 20 han
520 1270 8 20 i
543 1270 154 27 motiveringen
715 1270 136 21 uteslutande
861 1270 52 21 talat
923 1276 34 15 om
967 1269 60 22 Hoff-

198 1283 154 46 mansdropper
367 1299 40 20 och
422 1299 109 26 ingenting
546 1300 70 25 annat,
632 1281 96 48 kommer
743 1299 42 20 han
800 1299 32 20 till
845 1299 112 25 klämmen,
967 1298 60 21 hvari

198 1327 42 20 han
263 1327 91 27 päyrkar
375 1329 30 18 att
425 1327 123 27 försäljning
564 1327 12 20 å
591 1327 104 27 apoteken
711 1327 21 20 af
746 1327 80 20 sådana
842 1326 124 27 läkemedel,
981 1333 46 14 som

197 1355 109 21 innehälla
327 1355 95 27 bränvin,
444 1356 52 27 sprit
516 1355 52 22 eller
586 1357 50 25 eter,
652 1356 17 27 ej
686 1355 58 28 finge
760 1355 37 21 ske
813 1357 51 19 utan
879 1355 148 27 läkarerecept.

198 1383 42 22 Det
254 1383 69 22 finnes
339 1384 103 27 knappast
464 1384 68 27 nägon
554 1384 92 21 medicin
664 1384 7 20 i
691 1384 129 27 droppform,
840 1391 45 14 som
904 1384 48 21 icke
967 1384 60 20 inne-

198 1412 69 21 håller
289 1413 52 27 sprit
362 1413 52 20 eller
435 1414 49 25 eter,
506 1414 12 19 t.
534 1419 33 14 ex.
583 1412 109 27 blyvatten
709 1413 40 20 och
764 1413 142 21 tvälliniment
920 1412 107 21 innehålla

199 1441 56 27 sprit.
286 1441 31 21 På
339 1447 81 15 samma
440 1443 40 19 sätt
499 1441 100 21 förhåller
618 1441 36 21 det
669 1441 32 27 sig
716 1441 50 21 med
780 1441 78 27 många
874 1441 65 21 andra
955 1441 72 26 dylika

198 1469 86 27 vanliga
303 1469 124 21 läkemedel.
456 1470 38 20 Att
513 1476 29 14 nu
564 1469 98 27 förbjuda
677 1470 154 27 försäljningen
848 1470 20 20 af
883 1470 72 26 dylika
969 1469 58 21 läke-

197 1498 72 20 medel
285 1498 39 21 och
339 1498 73 27 tvinga
433 1504 26 14 en
478 1498 61 25 fattig
558 1498 102 26 stackare,
681 1504 45 14 som
745 1498 38 20 har
801 1498 75 21 samlat
895 1498 50 27 ihop
962 1497 65 27 nägra

198 1526 71 27 penni,
293 1528 29 19 att
344 1526 27 27 gä
393 1526 63 28 länga
478 1528 64 25 vägar
564 1526 32 21 till
614 1526 71 21 läkare
700 1526 33 21 för
749 1528 30 19 att
794 1526 21 21 fä
830 1528 71 26 recept
916 1532 62 15 anser
992 1526 36 27 jag
