1103 1811
79 148 13 20 6
105 146 58 21 april.
305 145 96 17 Kvinnas
413 146 43 16 rätt
468 144 34 17 till
514 144 165 21 läraretjänster.
865 138 40 21 583

80 215 55 21 hålla
156 214 41 27 god
214 214 97 28 disciplin
327 216 23 18 är
365 214 117 27 någonting
498 213 130 27 fullkomligt
642 213 133 21 individuelt.
791 212 33 22 En
840 213 66 27 odug-

80 244 30 27 lig
130 244 67 20 lärare
218 243 38 21 har
270 243 43 21 lika
327 242 58 21 svårt
401 242 31 21 för
446 242 127 27 disciplinen
588 248 46 14 som
650 248 26 14 en
693 242 87 26 oduglig
794 241 111 21 lärarinna.

80 272 63 21 Detta
158 271 63 21 beror
235 271 43 21 helt
293 272 39 20 och
348 271 65 21 hållet
427 270 27 28 på
470 271 40 21 den
524 270 97 22 enskilda
631 270 121 21 individens
764 270 141 27 pedagogiska

81 300 119 27 begåfning.
230 299 41 21 Det
293 305 64 21 synes
381 299 44 27 mig
446 300 33 20 för
497 300 64 26 öfrigt
576 298 213 27 anmärkningsvärdt
803 301 30 18 att
848 298 57 21 såväl

81 329 33 26 de,
136 335 46 14 som
206 328 61 21 hafva
290 327 154 22 undertecknat
466 327 150 26 betänkandet,
632 333 46 14 som
694 327 32 26 de,
742 327 71 20 hvilka
828 327 77 21 under-

80 357 85 21 tecknat
187 357 180 20 reservationerna
390 356 51 21 n:ris
464 357 11 20 1
498 356 40 21 och
559 357 19 25 2,
600 362 51 14 anse
666 355 93 21 kvinnan
775 355 86 28 lämplig
876 357 30 20 att

81 385 114 21 undervisa
208 385 6 20 i
231 385 26 21 de
272 387 83 24 ämnen,
371 384 71 21 hvilka
458 384 90 27 erbjuda
563 384 136 27 synnerligen
711 386 55 19 stora
776 384 129 28 svårigheter

81 414 8 20 i
109 413 100 22 afseende
230 413 12 22 ä
263 413 131 28 disciplinen,
413 413 18 21 d.
448 420 18 13 v.
482 419 16 15 s.
513 413 8 20 i
536 413 53 27 sång
604 413 40 20 och
660 413 105 27 teckning,
780 413 39 20 och
834 415 30 19 att
880 413 25 21 de

81 449 50 14 anse
153 442 94 21 kvinnan
268 442 86 27 lämplig
375 441 26 28 på
422 441 86 22 skolans
529 441 58 28 lägre
607 441 78 21 stadier
706 441 39 21 och
766 441 46 22 icke
833 442 27 27 på
880 441 25 21 de

81 471 70 26 högre.
181 471 48 27 Nog
250 472 23 19 är
293 471 36 20 det
352 470 180 27 undervisningen
549 470 26 27 på
590 470 87 21 skolans
691 469 58 28 lägre
764 470 38 21 och
818 470 87 21 mellan-

81 499 84 27 stadier,
180 506 46 15 som
241 502 54 18 mest
309 499 84 27 pröfvar
408 499 94 21 lärarens
518 499 94 26 förmåga
623 499 7 20 i
641 499 99 20 afseende
752 498 12 21 å
774 499 130 27 disciplinen.

81 527 42 21 För
143 534 26 15 en
185 529 6 20 i
207 528 36 21 sitt
257 529 62 19 ämne
334 527 81 28 kunnig
430 527 39 21 och
485 527 139 28 pedagogiskt
639 527 95 21 utbildad
750 527 67 21 lärare
832 529 24 19 är
870 527 35 21 det

83 556 73 21 lättare
178 559 30 18 att
230 557 58 20 sköta
309 556 85 21 skolans
415 556 65 26 högre
496 556 86 27 klasser,
598 556 90 21 emedan
703 555 98 22 eleverna
817 555 37 21 där
870 557 35 19 äro

82 591 45 14 mer
147 585 125 20 utvecklade
293 585 6 20 i
318 585 142 20 intellektuelt
481 585 127 20 hänseende.
639 584 49 21 Man
708 584 41 21 kan
764 584 38 21 där
816 584 42 21 tala
874 584 31 21 till

81 613 62 21 deras
164 613 94 21 förstånd
280 613 39 21 och
334 613 37 21 lätt
387 613 85 20 komma
488 613 31 21 till
535 614 53 19 rätta
603 615 51 18 utan
671 615 30 18 att
717 612 88 21 behöfva
821 612 84 28 vidtaga

82 641 64 27 några
169 642 102 20 särskilda
291 641 134 27 disciplinära
444 641 103 27 åtgärder.
577 640 33 22 Då
625 641 36 21 det
675 641 90 21 sålunda
780 641 66 27 enligt
862 641 41 21 min

80 670 55 21 åsikt
149 670 47 21 icke
212 670 40 20 kan
269 677 48 14 vara
333 670 21 20 af
365 670 68 26 någon
446 676 47 14 som
504 670 55 21 hälst
570 670 53 20 våda
634 670 32 20 för
677 670 46 20 vårt
733 670 172 26 undervisnings-

81 699 98 26 väsende,
202 701 51 19 utan
275 698 74 22 endast
372 698 63 21 lända
457 698 32 21 till
504 705 56 20 gagn
576 698 33 21 för
624 698 122 27 detsamma,
761 705 34 14 om
811 698 93 21 kvinnan

82 727 87 27 beviljas
185 727 80 21 tillfälle
281 729 30 19 att
326 727 25 27 på
367 727 111 21 enahanda
494 727 68 21 vilkor
577 733 45 15 som
638 733 93 15 mannen
747 727 62 20 vinna
820 726 85 22 anställ-

81 756 52 27 ning
155 756 34 20 vid
212 757 79 19 statens
313 756 76 26 skolor,
409 755 24 21 så
452 755 39 21 bör
511 756 158 26 lagstiftningen
686 756 18 26 ej
721 755 75 21 hindra
812 755 92 21 kvinnan

80 784 47 20 från
149 784 115 21 ernåendet
283 784 20 21 af
324 784 79 21 sådana
424 784 128 27 rättigheter.
583 784 41 20 Vid
646 786 84 19 senaste
750 784 100 27 landtdag
868 790 37 14 an-

80 812 41 22 slöt
141 812 33 27 sig
195 812 172 27 borgareståndet
386 812 31 21 till
439 812 35 21 det
496 812 109 21 uttalande
626 814 30 19 att
677 812 93 21 kvinnan
790 812 42 27 bör,
854 815 49 18 utan

80 841 76 20 hinder
178 841 21 20 af
219 841 36 20 sitt
276 841 47 26 kön,
345 841 22 20 få
386 843 40 18 rätt
446 843 31 18 att
498 841 80 20 ansöka
594 841 38 20 och
649 841 65 20 vinna
728 841 126 27 anställning
870 841 33 20 vid

81 871 79 19 statens
177 869 212 21 elementarlärovärk
404 869 39 21 och
458 869 131 21 seminarier.
610 869 42 28 Jag
667 869 65 27 vågar
746 869 70 21 därför
825 870 80 27 hoppas

80 900 30 19 att
131 897 172 27 borgareståndet
323 898 62 20 äfven
401 898 71 20 denna
487 898 102 26 landtdag
604 898 53 20 skall
673 898 87 20 omfatta
775 905 25 14 en
817 898 86 27 petition

80 926 7 20 i
102 925 101 22 liknande
222 926 60 26 syfte.
311 926 42 27 Jag
367 926 33 21 får
415 926 70 20 därför
500 926 108 21 vördsamt
624 926 76 21 föreslå
716 928 29 19 att
760 926 144 27 borgarestån-

81 954 35 21 det
131 954 49 22 ville
195 954 74 22 förena
283 955 32 27 sig
331 961 33 15 om
380 955 158 21 reservationen
556 961 34 14 n:o
607 955 18 20 3.

149 1011 33 21 Hr
203 1011 108 21 Idman:
349 1011 131 21 Tuskallisen
504 1012 142 21 vaikutuksen
668 1018 27 14 on
719 1012 88 20 minuun
830 1012 75 26 tehnyt

79 1040 81 26 yleisen
183 1040 232 21 anomusvaliokunnan
437 1040 37 21 hra
496 1040 139 22 Lönnbeckin
658 1040 132 21 anomuksen
808 1040 97 27 johdosta

80 1069 96 20 esittämä
191 1068 100 21 mietintö.
321 1068 59 21 Minä
395 1068 101 22 vertailen
512 1071 44 19 tätä
570 1069 110 21 mietintöä
695 1069 66 21 siihen
775 1069 129 25 mietintöön,

79 1097 64 27 jonka
164 1096 87 27 yleinen
272 1097 199 21 valitusvaliokunta
498 1098 84 20 vuoden
604 1098 55 20 1894
681 1097 147 28 valtiopäivillä
847 1098 58 20 antoi

79 1125 159 21 samanlaisesta
253 1126 68 20 silloin
337 1126 237 27 talonpoikaissäädylle
589 1128 112 19 annetusta
712 1126 193 21 anomusehdotuk-

79 1157 62 18 sesta.
170 1154 94 21 Melkein
278 1154 157 27 yksimielisesti
450 1154 124 21 valiokunta
590 1161 85 14 vuonna
691 1155 55 20 1894
757 1154 69 28 joutui
836 1154 69 21 siihen

80 1182 126 27 päätökseen
222 1184 43 19 että
279 1183 74 26 säädyt
368 1183 83 21 olisivat
467 1183 152 21 kehoitettavat
634 1183 115 26 yhtymään
762 1184 66 20 siihen
839 1189 66 14 suun-

79 1213 49 18 taan
147 1212 117 19 menevään
284 1213 107 25 pyyntöön
414 1213 55 19 »että
489 1211 79 21 nainen
587 1211 135 28 sukupuolen
742 1211 39 22 sitä
796 1213 109 19 estämättä

79 1238 50 21 saisi
149 1238 105 21 oikeuden
274 1239 49 22 sekä
343 1239 67 21 hakea
431 1241 42 20 että
492 1239 64 22 saada
571 1240 173 27 opettajavirkoja
759 1239 79 22 valtion
853 1239 52 21 kou-

79 1267 66 20 luissa
165 1267 22 26 ja
208 1267 187 22 seminaarioissa».
420 1263 9 36 —
432 1268 131 21 Ainoastaan
586 1268 48 27 yksi
655 1269 61 26 lyhyt
735 1268 120 21 vastalause
877 1268 28 21 oli

79 1295 70 21 silloin
164 1295 77 27 liitetty
258 1296 143 21 valiokunnan
409 1297 132 27 mietintöön,
553 1297 57 27 jossa
622 1297 166 21 vastalauseessa
798 1298 46 19 eräs
855 1303 50 20 pap-

79 1324 113 27 pissäädyn
213 1325 61 26 jäsen
289 1325 79 21 ehdotti
383 1325 50 21 ettei
448 1325 182 22 anomusehdotus
646 1325 76 22 antaisi
736 1326 77 21 aihetta
828 1325 77 22 mihin-

79 1353 55 20 kään
159 1353 167 27 toimenpiteihin
351 1354 94 27 säätyjen
473 1353 101 28 puolelta,
596 1354 65 21 koska
681 1361 23 14 se
725 1354 63 21 muka
808 1354 49 21 vain
877 1353 28 21 oli

78 1381 84 25 ilmaisu
178 1381 49 27 ajan
242 1382 83 27 hengen
341 1382 305 27 tasa-arvoisuuspyrinnöistä.
663 1383 39 20 Jos
713 1385 38 24 nyt
761 1382 143 24 valiokunnan

78 1409 96 22 mietintö
201 1416 85 15 vuonna
310 1411 55 20 1894
379 1410 29 21 oli
427 1410 157 28 yksimielinen,
602 1412 46 20 niin
663 1411 40 21 sitä
718 1411 19 21 ei
752 1411 102 21 ainakaan
871 1411 34 20 voi

78 1445 66 14 sanoa
160 1438 83 21 vuoden
260 1439 53 20 1897
330 1439 143 21 valiokunnan
490 1440 140 25 mietinnöstä,
641 1440 47 21 sillä
697 1441 56 20 tässä
763 1446 34 21 on,
808 1439 96 21 niinkuin

78 1467 38 20 bra
137 1466 111 22 Frenckell
267 1467 124 27 huomautti,
406 1467 71 27 paljon
493 1470 114 19 enemmän
623 1468 149 21 vastalausetta
786 1468 51 21 kuin
853 1467 52 21 mie-

78 1495 72 20 tintöä.
179 1494 39 21 Jos
239 1495 55 21 1894
315 1495 85 21 vuoden
416 1496 145 21 valiokunnan
576 1497 95 20 mietintö
688 1496 27 21 oli
732 1496 173 27 vapaamielinen,

78 1523 46 21 niin
139 1523 40 21 sitä
194 1523 19 21 ei
228 1523 35 21 voi
278 1530 65 14 sanoa
358 1523 84 22 vuoden
458 1524 56 21 1897
526 1525 144 20 valiokunnan
681 1525 139 20 mietinnöstä.
845 1523 60 22 Totta
