<?xml version="1.0" encoding="UTF-8"?>
<alto xmlns="http://www.loc.gov/standards/alto/ns-v3#" xmlns:xlink="http://www.w3.org/1999/xlink" xmlns:xsi="http://www.w3.org/2001/XMLSchema-instance" xsi:schemaLocation="http://www.loc.gov/standards/alto/ns-v3# http://www.loc.gov/alto/v3/alto-3-0.xsd">
	<Description>
		<MeasurementUnit>pixel</MeasurementUnit>
		<sourceImageInformation>
			<fileName>/tmp/tess_jr3doe9a_input.PNG</fileName>
		</sourceImageInformation>
		<OCRProcessing ID="OCR_0">
			<ocrProcessingStep>
				<processingSoftware>
					<softwareName>tesseract 5.3.4</softwareName>
				</processingSoftware>
			</ocrProcessingStep>
		</OCRProcessing>
	</Description>
	<Layout>
		<Page WIDTH="1103" HEIGHT="1811" PHYSICAL_IMG_NR="0" ID="page_0">
			<PrintSpace HPOS="0" VPOS="0" WIDTH="1103" HEIGHT="1811">
				<ComposedBlock ID="cblock_0" HPOS="79" VPOS="136" WIDTH="831" HEIGHT="33">
					<TextBlock ID="block_0" HPOS="79" VPOS="136" WIDTH="831" HEIGHT="33">
						<TextLine ID="line_0" HPOS="79" VPOS="136" WIDTH="831" HEIGHT="33">
							<String ID="string_0" HPOS="79" VPOS="144" WIDTH="24" HEIGHT="16" WC="0.96" CONTENT="16"/><SP WIDTH="12" VPOS="144" HPOS="103"/>
							<String ID="string_1" HPOS="115" VPOS="146" WIDTH="60" HEIGHT="13" WC="0.96" CONTENT="mars."/><SP WIDTH="224" VPOS="146" HPOS="175"/>
							<String ID="string_2" HPOS="399" VPOS="136" WIDTH="190" HEIGHT="33" WC="0.87" CONTENT="Pantlänerörelse."/><SP WIDTH="279" VPOS="136" HPOS="589"/>
							<String ID="string_3" HPOS="868" VPOS="139" WIDTH="42" HEIGHT="20" WC="0.96" CONTENT="449"/>
						</TextLine>
					</TextBlock>
				</ComposedBlock>
				<GraphicalElement ID="cblock_1" HPOS="78" VPOS="171" WIDTH="833" HEIGHT="4"></GraphicalElement >
				<ComposedBlock ID="cblock_2" HPOS="78" VPOS="211" WIDTH="832" HEIGHT="1340">
					<TextBlock ID="block_1" HPOS="78" VPOS="211" WIDTH="832" HEIGHT="1111">
						<TextLine ID="line_1" HPOS="78" VPOS="211" WIDTH="832" HEIGHT="28">
							<String ID="string_4" HPOS="78" VPOS="212" WIDTH="67" HEIGHT="21" WC="0.92" CONTENT="zelius"/><SP WIDTH="16" VPOS="212" HPOS="145"/>
							<String ID="string_5" HPOS="161" VPOS="211" WIDTH="75" HEIGHT="21" WC="0.93" CONTENT="uttalat"/><SP WIDTH="15" VPOS="211" HPOS="236"/>
							<String ID="string_6" HPOS="251" VPOS="212" WIDTH="40" HEIGHT="20" WC="0.93" CONTENT="och"/><SP WIDTH="14" VPOS="212" HPOS="291"/>
							<String ID="string_7" HPOS="305" VPOS="212" WIDTH="64" HEIGHT="20" WC="0.93" CONTENT="äfven"/><SP WIDTH="15" VPOS="212" HPOS="369"/>
							<String ID="string_8" HPOS="384" VPOS="211" WIDTH="116" HEIGHT="21" WC="0.87" CONTENT="framhällit"/><SP WIDTH="14" VPOS="211" HPOS="500"/>
							<String ID="string_9" HPOS="514" VPOS="212" WIDTH="8" HEIGHT="20" WC="0.96" CONTENT="i"/><SP WIDTH="16" VPOS="212" HPOS="522"/>
							<String ID="string_10" HPOS="538" VPOS="211" WIDTH="32" HEIGHT="21" WC="0.96" CONTENT="sin"/><SP WIDTH="16" VPOS="211" HPOS="570"/>
							<String ID="string_11" HPOS="586" VPOS="212" WIDTH="137" HEIGHT="27" WC="0.93" CONTENT="reservation,"/><SP WIDTH="15" VPOS="212" HPOS="723"/>
							<String ID="string_12" HPOS="738" VPOS="212" WIDTH="44" HEIGHT="21" WC="0.92" CONTENT="blef"/><SP WIDTH="16" VPOS="212" HPOS="782"/>
							<String ID="string_13" HPOS="798" VPOS="212" WIDTH="54" HEIGHT="21" WC="0.93" CONTENT="dock"/><SP WIDTH="10" VPOS="212" HPOS="852"/>
							<String ID="string_14" HPOS="862" VPOS="212" WIDTH="48" HEIGHT="22" WC="0.91" CONTENT="icke"/>
						</TextLine>
						<TextLine ID="line_2" HPOS="79" VPOS="240" WIDTH="831" HEIGHT="28">
							<String ID="string_15" HPOS="79" VPOS="241" WIDTH="22" HEIGHT="21" WC="0.93" CONTENT="af"/><SP WIDTH="15" VPOS="241" HPOS="101"/>
							<String ID="string_16" HPOS="116" VPOS="240" WIDTH="71" HEIGHT="27" WC="0.92" CONTENT="nägon"/><SP WIDTH="14" VPOS="240" HPOS="187"/>
							<String ID="string_17" HPOS="201" VPOS="246" WIDTH="71" HEIGHT="15" WC="0.93" CONTENT="annan"/><SP WIDTH="16" VPOS="246" HPOS="272"/>
							<String ID="string_18" HPOS="288" VPOS="240" WIDTH="45" HEIGHT="20" WC="0.91" CONTENT="utaf"/><SP WIDTH="15" VPOS="240" HPOS="333"/>
							<String ID="string_19" HPOS="348" VPOS="240" WIDTH="114" HEIGHT="20" WC="0.93" CONTENT="utskottets"/><SP WIDTH="15" VPOS="240" HPOS="462"/>
							<String ID="string_20" HPOS="477" VPOS="240" WIDTH="140" HEIGHT="21" WC="0.93" CONTENT="medlemmar"/><SP WIDTH="15" VPOS="240" HPOS="617"/>
							<String ID="string_21" HPOS="632" VPOS="240" WIDTH="89" HEIGHT="21" WC="0.90" CONTENT="biträdd."/><SP WIDTH="30" VPOS="240" HPOS="721"/>
							<String ID="string_22" HPOS="751" VPOS="240" WIDTH="33" HEIGHT="21" WC="0.96" CONTENT="Hr"/><SP WIDTH="13" VPOS="240" HPOS="784"/>
							<String ID="string_23" HPOS="797" VPOS="240" WIDTH="113" HEIGHT="28" WC="0.96" CONTENT="Stigzelius"/>
						</TextLine>
						<TextLine ID="line_3" HPOS="79" VPOS="268" WIDTH="830" HEIGHT="28">
							<String ID="string_24" HPOS="79" VPOS="275" WIDTH="63" HEIGHT="15" WC="0.95" CONTENT="anser"/><SP WIDTH="22" VPOS="275" HPOS="142"/>
							<String ID="string_25" HPOS="164" VPOS="270" WIDTH="30" HEIGHT="19" WC="0.93" CONTENT="att"/><SP WIDTH="22" VPOS="270" HPOS="194"/>
							<String ID="string_26" HPOS="216" VPOS="268" WIDTH="69" HEIGHT="27" WC="0.89" CONTENT="nägon"/><SP WIDTH="25" VPOS="268" HPOS="285"/>
							<String ID="string_27" HPOS="310" VPOS="268" WIDTH="180" HEIGHT="27" WC="0.89" CONTENT="reglementering"/><SP WIDTH="22" VPOS="268" HPOS="490"/>
							<String ID="string_28" HPOS="512" VPOS="268" WIDTH="22" HEIGHT="21" WC="0.93" CONTENT="af"/><SP WIDTH="14" VPOS="268" HPOS="534"/>
							<String ID="string_29" HPOS="548" VPOS="268" WIDTH="196" HEIGHT="28" WC="0.92" CONTENT="pantlänerörelsen"/><SP WIDTH="16" VPOS="268" HPOS="744"/>
							<String ID="string_30" HPOS="760" VPOS="269" WIDTH="38" HEIGHT="21" WC="0.96" CONTENT="hos"/><SP WIDTH="15" VPOS="269" HPOS="798"/>
							<String ID="string_31" HPOS="813" VPOS="276" WIDTH="35" HEIGHT="14" WC="0.93" CONTENT="oss"/><SP WIDTH="14" VPOS="276" HPOS="848"/>
							<String ID="string_32" HPOS="862" VPOS="269" WIDTH="47" HEIGHT="22" WC="0.92" CONTENT="icke"/>
						</TextLine>
						<TextLine ID="line_4" HPOS="80" VPOS="296" WIDTH="830" HEIGHT="29">
							<String ID="string_33" HPOS="80" VPOS="303" WIDTH="50" HEIGHT="15" WC="0.92" CONTENT="vore"/><SP WIDTH="15" VPOS="303" HPOS="130"/>
							<String ID="string_34" HPOS="145" VPOS="296" WIDTH="22" HEIGHT="21" WC="0.93" CONTENT="af"/><SP WIDTH="14" VPOS="296" HPOS="167"/>
							<String ID="string_35" HPOS="181" VPOS="296" WIDTH="70" HEIGHT="21" WC="0.93" CONTENT="nöden"/><SP WIDTH="16" VPOS="296" HPOS="251"/>
							<String ID="string_36" HPOS="267" VPOS="297" WIDTH="40" HEIGHT="20" WC="0.93" CONTENT="och"/><SP WIDTH="14" VPOS="297" HPOS="307"/>
							<String ID="string_37" HPOS="321" VPOS="296" WIDTH="90" HEIGHT="21" WC="0.93" CONTENT="föreslär"/><SP WIDTH="14" VPOS="296" HPOS="411"/>
							<String ID="string_38" HPOS="425" VPOS="296" WIDTH="72" HEIGHT="21" WC="0.95" CONTENT="därför"/><SP WIDTH="15" VPOS="296" HPOS="497"/>
							<String ID="string_39" HPOS="512" VPOS="298" WIDTH="30" HEIGHT="19" WC="0.96" CONTENT="att"/><SP WIDTH="15" VPOS="298" HPOS="542"/>
							<String ID="string_40" HPOS="557" VPOS="297" WIDTH="41" HEIGHT="20" WC="0.96" CONTENT="den"/><SP WIDTH="15" VPOS="297" HPOS="598"/>
							<String ID="string_41" HPOS="613" VPOS="297" WIDTH="120" HEIGHT="26" WC="0.96" CONTENT="föreslagna"/><SP WIDTH="16" VPOS="297" HPOS="733"/>
							<String ID="string_42" HPOS="749" VPOS="297" WIDTH="161" HEIGHT="28" WC="0.95" CONTENT="lagstiftningen"/>
						</TextLine>
						<TextLine ID="line_5" HPOS="79" VPOS="325" WIDTH="830" HEIGHT="29">
							<String ID="string_43" HPOS="79" VPOS="325" WIDTH="70" HEIGHT="21" WC="0.92" CONTENT="skulle"/><SP WIDTH="23" VPOS="325" HPOS="149"/>
							<String ID="string_44" HPOS="172" VPOS="325" WIDTH="87" HEIGHT="27" WC="0.89" CONTENT="afböjas."/><SP WIDTH="29" VPOS="325" HPOS="259"/>
							<String ID="string_45" HPOS="288" VPOS="325" WIDTH="210" HEIGHT="27" WC="0.92" CONTENT="Pantlänenäringen"/><SP WIDTH="23" VPOS="325" HPOS="498"/>
							<String ID="string_46" HPOS="521" VPOS="327" WIDTH="23" HEIGHT="19" WC="0.96" CONTENT="är"/><SP WIDTH="22" VPOS="327" HPOS="544"/>
							<String ID="string_47" HPOS="566" VPOS="325" WIDTH="55" HEIGHT="21" WC="0.96" CONTENT="dock"/><SP WIDTH="22" VPOS="325" HPOS="621"/>
							<String ID="string_48" HPOS="643" VPOS="325" WIDTH="8" HEIGHT="20" WC="0.96" CONTENT="i"/><SP WIDTH="20" VPOS="325" HPOS="651"/>
							<String ID="string_49" HPOS="671" VPOS="325" WIDTH="42" HEIGHT="21" WC="0.96" CONTENT="alla"/><SP WIDTH="21" VPOS="325" HPOS="713"/>
							<String ID="string_50" HPOS="734" VPOS="325" WIDTH="37" HEIGHT="21" WC="0.96" CONTENT="fall"/><SP WIDTH="15" VPOS="325" HPOS="771"/>
							<String ID="string_51" HPOS="786" VPOS="332" WIDTH="28" HEIGHT="15" WC="0.93" CONTENT="en"/><SP WIDTH="14" VPOS="332" HPOS="814"/>
							<String ID="string_52" HPOS="828" VPOS="327" WIDTH="81" HEIGHT="27" WC="0.92" CONTENT="näring,"/>
						</TextLine>
						<TextLine ID="line_6" HPOS="80" VPOS="353" WIDTH="829" HEIGHT="28">
							<String ID="string_53" HPOS="80" VPOS="353" WIDTH="93" HEIGHT="28" WC="0.91" CONTENT="hvilken,"/><SP WIDTH="15" VPOS="353" HPOS="173"/>
							<String ID="string_54" HPOS="188" VPOS="353" WIDTH="53" HEIGHT="22" WC="0.93" CONTENT="efter"/><SP WIDTH="15" VPOS="353" HPOS="241"/>
							<String ID="string_55" HPOS="256" VPOS="353" WIDTH="55" HEIGHT="21" WC="0.92" CONTENT="hvad"/><SP WIDTH="17" VPOS="353" HPOS="311"/>
							<String ID="string_56" HPOS="328" VPOS="353" WIDTH="36" HEIGHT="21" WC="0.96" CONTENT="det"/><SP WIDTH="15" VPOS="353" HPOS="364"/>
							<String ID="string_57" HPOS="379" VPOS="353" WIDTH="38" HEIGHT="21" WC="0.96" CONTENT="har"/><SP WIDTH="15" VPOS="353" HPOS="417"/>
							<String ID="string_58" HPOS="432" VPOS="354" WIDTH="56" HEIGHT="20" WC="0.97" CONTENT="visat"/><SP WIDTH="14" VPOS="354" HPOS="488"/>
							<String ID="string_59" HPOS="502" VPOS="353" WIDTH="33" HEIGHT="28" WC="0.93" CONTENT="sig"/><SP WIDTH="15" VPOS="353" HPOS="535"/>
							<String ID="string_60" HPOS="550" VPOS="353" WIDTH="95" HEIGHT="28" WC="0.92" CONTENT="öfveralt,"/><SP WIDTH="16" VPOS="353" HPOS="645"/>
							<String ID="string_61" HPOS="661" VPOS="356" WIDTH="23" HEIGHT="19" WC="0.96" CONTENT="är"/><SP WIDTH="15" VPOS="356" HPOS="684"/>
							<String ID="string_62" HPOS="699" VPOS="354" WIDTH="21" HEIGHT="21" WC="0.96" CONTENT="af"/><SP WIDTH="16" VPOS="354" HPOS="720"/>
							<String ID="string_63" HPOS="736" VPOS="354" WIDTH="40" HEIGHT="21" WC="0.93" CONTENT="den"/><SP WIDTH="16" VPOS="354" HPOS="776"/>
							<String ID="string_64" HPOS="792" VPOS="354" WIDTH="117" HEIGHT="23" WC="0.92" CONTENT="beskaffen-"/>
						</TextLine>
						<TextLine ID="line_7" HPOS="79" VPOS="382" WIDTH="831" HEIGHT="28">
							<String ID="string_65" HPOS="79" VPOS="383" WIDTH="37" HEIGHT="20" WC="0.96" CONTENT="het"/><SP WIDTH="15" VPOS="383" HPOS="116"/>
							<String ID="string_66" HPOS="131" VPOS="384" WIDTH="30" HEIGHT="20" WC="0.96" CONTENT="att"/><SP WIDTH="14" VPOS="384" HPOS="161"/>
							<String ID="string_67" HPOS="175" VPOS="382" WIDTH="36" HEIGHT="21" WC="0.96" CONTENT="vid"/><SP WIDTH="15" VPOS="382" HPOS="211"/>
							<String ID="string_68" HPOS="226" VPOS="382" WIDTH="49" HEIGHT="21" WC="0.93" CONTENT="dess"/><SP WIDTH="14" VPOS="382" HPOS="275"/>
							<String ID="string_69" HPOS="289" VPOS="382" WIDTH="117" HEIGHT="21" WC="0.92" CONTENT="utöfvande"/><SP WIDTH="15" VPOS="382" HPOS="406"/>
							<String ID="string_70" HPOS="421" VPOS="383" WIDTH="45" HEIGHT="20" WC="0.93" CONTENT="stor"/><SP WIDTH="14" VPOS="383" HPOS="466"/>
							<String ID="string_71" HPOS="480" VPOS="382" WIDTH="46" HEIGHT="21" WC="0.93" CONTENT="fara"/><SP WIDTH="14" VPOS="382" HPOS="526"/>
							<String ID="string_72" HPOS="540" VPOS="382" WIDTH="34" HEIGHT="21" WC="0.93" CONTENT="för"/><SP WIDTH="14" VPOS="382" HPOS="574"/>
							<String ID="string_73" HPOS="588" VPOS="382" WIDTH="107" HEIGHT="21" WC="0.92" CONTENT="missbruk"/><SP WIDTH="11" VPOS="382" HPOS="695"/>
							<String ID="string_74" HPOS="706" VPOS="383" WIDTH="118" HEIGHT="27" WC="0.92" CONTENT="föreligger."/><SP WIDTH="21" VPOS="383" HPOS="824"/>
							<String ID="string_75" HPOS="845" VPOS="384" WIDTH="65" HEIGHT="21" WC="0.92" CONTENT="Pant-"/>
						</TextLine>
						<TextLine ID="line_8" HPOS="79" VPOS="411" WIDTH="830" HEIGHT="27">
							<String ID="string_76" HPOS="79" VPOS="411" WIDTH="87" HEIGHT="21" WC="0.91" CONTENT="länaren"/><SP WIDTH="23" VPOS="411" HPOS="166"/>
							<String ID="string_77" HPOS="189" VPOS="417" WIDTH="98" HEIGHT="21" WC="0.95" CONTENT="opererar"/><SP WIDTH="22" VPOS="417" HPOS="287"/>
							<String ID="string_78" HPOS="309" VPOS="411" WIDTH="49" HEIGHT="20" WC="0.93" CONTENT="med"/><SP WIDTH="16" VPOS="411" HPOS="358"/>
							<String ID="string_79" HPOS="374" VPOS="411" WIDTH="90" HEIGHT="26" WC="0.96" CONTENT="kunder,"/><SP WIDTH="15" VPOS="411" HPOS="464"/>
							<String ID="string_80" HPOS="479" VPOS="417" WIDTH="47" HEIGHT="14" WC="0.96" CONTENT="som"/><SP WIDTH="14" VPOS="417" HPOS="526"/>
							<String ID="string_81" HPOS="540" VPOS="411" WIDTH="7" HEIGHT="20" WC="0.93" CONTENT="i"/><SP WIDTH="15" VPOS="411" HPOS="547"/>
							<String ID="string_82" HPOS="562" VPOS="411" WIDTH="117" HEIGHT="21" WC="0.96" CONTENT="allmänhet"/><SP WIDTH="15" VPOS="411" HPOS="679"/>
							<String ID="string_83" HPOS="694" VPOS="413" WIDTH="36" HEIGHT="19" WC="0.96" CONTENT="äro"/><SP WIDTH="15" VPOS="413" HPOS="730"/>
							<String ID="string_84" HPOS="745" VPOS="411" WIDTH="7" HEIGHT="20" WC="0.92" CONTENT="i"/><SP WIDTH="15" VPOS="411" HPOS="752"/>
							<String ID="string_85" HPOS="767" VPOS="413" WIDTH="75" HEIGHT="25" WC="0.93" CONTENT="ytterst"/><SP WIDTH="15" VPOS="413" HPOS="842"/>
							<String ID="string_86" HPOS="857" VPOS="413" WIDTH="52" HEIGHT="20" WC="0.93" CONTENT="nöd-"/>
						</TextLine>
						<TextLine ID="line_9" HPOS="80" VPOS="439" WIDTH="829" HEIGHT="29">
							<String ID="string_87" HPOS="80" VPOS="439" WIDTH="55" HEIGHT="21" WC="0.90" CONTENT="stäld"/><SP WIDTH="22" VPOS="439" HPOS="135"/>
							<String ID="string_88" HPOS="157" VPOS="439" WIDTH="126" HEIGHT="28" WC="0.91" CONTENT="belägenhet"/><SP WIDTH="21" VPOS="439" HPOS="283"/>
							<String ID="string_89" HPOS="304" VPOS="439" WIDTH="39" HEIGHT="20" WC="0.96" CONTENT="och"/><SP WIDTH="23" VPOS="439" HPOS="343"/>
							<String ID="string_90" HPOS="366" VPOS="445" WIDTH="46" HEIGHT="14" WC="0.93" CONTENT="som"/><SP WIDTH="18" VPOS="445" HPOS="412"/>
							<String ID="string_91" HPOS="430" VPOS="439" WIDTH="68" HEIGHT="21" WC="0.92" CONTENT="mäste"/><SP WIDTH="15" VPOS="439" HPOS="498"/>
							<String ID="string_92" HPOS="513" VPOS="445" WIDTH="27" HEIGHT="22" WC="0.97" CONTENT="ge"/><SP WIDTH="15" VPOS="445" HPOS="540"/>
							<String ID="string_93" HPOS="555" VPOS="439" WIDTH="33" HEIGHT="28" WC="0.96" CONTENT="sig"/><SP WIDTH="14" VPOS="439" HPOS="588"/>
							<String ID="string_94" HPOS="602" VPOS="439" WIDTH="27" HEIGHT="28" WC="0.93" CONTENT="pä"/><SP WIDTH="15" VPOS="439" HPOS="629"/>
							<String ID="string_95" HPOS="644" VPOS="439" WIDTH="42" HEIGHT="22" WC="0.93" CONTENT="näd"/><SP WIDTH="16" VPOS="439" HPOS="686"/>
							<String ID="string_96" HPOS="702" VPOS="440" WIDTH="40" HEIGHT="21" WC="0.93" CONTENT="och"/><SP WIDTH="15" VPOS="440" HPOS="742"/>
							<String ID="string_97" HPOS="757" VPOS="440" WIDTH="55" HEIGHT="21" WC="0.93" CONTENT="onäd"/><SP WIDTH="14" VPOS="440" HPOS="812"/>
							<String ID="string_98" HPOS="826" VPOS="441" WIDTH="8" HEIGHT="20" WC="0.93" CONTENT="i"/><SP WIDTH="15" VPOS="441" HPOS="834"/>
							<String ID="string_99" HPOS="849" VPOS="443" WIDTH="60" HEIGHT="25" WC="0.92" CONTENT="pant-"/>
						</TextLine>
						<TextLine ID="line_10" HPOS="80" VPOS="467" WIDTH="830" HEIGHT="30">
							<String ID="string_100" HPOS="80" VPOS="467" WIDTH="99" HEIGHT="22" WC="0.91" CONTENT="länarens"/><SP WIDTH="18" VPOS="467" HPOS="179"/>
							<String ID="string_101" HPOS="197" VPOS="467" WIDTH="85" HEIGHT="28" WC="0.92" CONTENT="händer,"/><SP WIDTH="16" VPOS="467" HPOS="282"/>
							<String ID="string_102" HPOS="298" VPOS="467" WIDTH="71" HEIGHT="21" WC="0.91" CONTENT="hvilka"/><SP WIDTH="16" VPOS="467" HPOS="369"/>
							<String ID="string_103" HPOS="385" VPOS="467" WIDTH="69" HEIGHT="21" WC="0.92" CONTENT="vilkor"/><SP WIDTH="14" VPOS="467" HPOS="454"/>
							<String ID="string_104" HPOS="468" VPOS="468" WIDTH="42" HEIGHT="21" WC="0.96" CONTENT="han"/><SP WIDTH="16" VPOS="468" HPOS="510"/>
							<String ID="string_105" HPOS="526" VPOS="469" WIDTH="28" HEIGHT="20" WC="0.96" CONTENT="än"/><SP WIDTH="15" VPOS="469" HPOS="554"/>
							<String ID="string_106" HPOS="569" VPOS="467" WIDTH="35" HEIGHT="22" WC="0.93" CONTENT="mä"/><SP WIDTH="16" VPOS="467" HPOS="604"/>
							<String ID="string_107" HPOS="620" VPOS="468" WIDTH="110" HEIGHT="27" WC="0.92" CONTENT="uppställa,"/><SP WIDTH="16" VPOS="468" HPOS="730"/>
							<String ID="string_108" HPOS="746" VPOS="469" WIDTH="39" HEIGHT="20" WC="0.96" CONTENT="och"/><SP WIDTH="16" VPOS="469" HPOS="785"/>
							<String ID="string_109" HPOS="801" VPOS="469" WIDTH="27" HEIGHT="20" WC="0.96" CONTENT="dä"/><SP WIDTH="14" VPOS="469" HPOS="828"/>
							<String ID="string_110" HPOS="842" VPOS="469" WIDTH="68" HEIGHT="28" WC="0.96" CONTENT="ligger"/>
						</TextLine>
						<TextLine ID="line_11" HPOS="80" VPOS="496" WIDTH="829" HEIGHT="28">
							<String ID="string_111" HPOS="80" VPOS="496" WIDTH="60" HEIGHT="21" WC="0.91" CONTENT="faran"/><SP WIDTH="23" VPOS="496" HPOS="140"/>
							<String ID="string_112" HPOS="163" VPOS="498" WIDTH="52" HEIGHT="19" WC="0.96" CONTENT="nära"/><SP WIDTH="20" VPOS="498" HPOS="215"/>
							<String ID="string_113" HPOS="235" VPOS="496" WIDTH="32" HEIGHT="21" WC="0.96" CONTENT="till"/><SP WIDTH="14" VPOS="496" HPOS="267"/>
							<String ID="string_114" HPOS="281" VPOS="496" WIDTH="68" HEIGHT="21" WC="0.96" CONTENT="hands"/><SP WIDTH="16" VPOS="496" HPOS="349"/>
							<String ID="string_115" HPOS="365" VPOS="497" WIDTH="31" HEIGHT="20" WC="0.93" CONTENT="att"/><SP WIDTH="14" VPOS="497" HPOS="396"/>
							<String ID="string_116" HPOS="410" VPOS="496" WIDTH="138" HEIGHT="27" WC="0.91" CONTENT="pantlänaren"/><SP WIDTH="16" VPOS="496" HPOS="548"/>
							<String ID="string_117" HPOS="564" VPOS="497" WIDTH="80" HEIGHT="20" WC="0.93" CONTENT="drifver"/><SP WIDTH="15" VPOS="497" HPOS="644"/>
							<String ID="string_118" HPOS="659" VPOS="503" WIDTH="42" HEIGHT="21" WC="0.93" CONTENT="upp"/><SP WIDTH="16" VPOS="503" HPOS="701"/>
							<String ID="string_119" HPOS="717" VPOS="497" WIDTH="145" HEIGHT="22" WC="0.92" CONTENT="länevilkoren"/><SP WIDTH="16" VPOS="497" HPOS="862"/>
							<String ID="string_120" HPOS="878" VPOS="497" WIDTH="31" HEIGHT="22" WC="0.96" CONTENT="till"/>
						</TextLine>
						<TextLine ID="line_12" HPOS="80" VPOS="525" WIDTH="829" HEIGHT="28">
							<String ID="string_121" HPOS="80" VPOS="525" WIDTH="85" HEIGHT="26" WC="0.92" CONTENT="ytterlig"/><SP WIDTH="23" VPOS="525" HPOS="165"/>
							<String ID="string_122" HPOS="188" VPOS="525" WIDTH="108" HEIGHT="27" WC="0.90" CONTENT="stränghet"/><SP WIDTH="21" VPOS="525" HPOS="296"/>
							<String ID="string_123" HPOS="317" VPOS="525" WIDTH="34" HEIGHT="20" WC="0.96" CONTENT="för"/><SP WIDTH="20" VPOS="525" HPOS="351"/>
							<String ID="string_124" HPOS="371" VPOS="526" WIDTH="31" HEIGHT="19" WC="0.96" CONTENT="att"/><SP WIDTH="14" VPOS="526" HPOS="402"/>
							<String ID="string_125" HPOS="416" VPOS="527" WIDTH="52" HEIGHT="25" WC="0.96" CONTENT="göra"/><SP WIDTH="15" VPOS="527" HPOS="468"/>
							<String ID="string_126" HPOS="483" VPOS="525" WIDTH="33" HEIGHT="21" WC="0.93" CONTENT="sin"/><SP WIDTH="16" VPOS="525" HPOS="516"/>
							<String ID="string_127" HPOS="532" VPOS="525" WIDTH="53" HEIGHT="21" WC="0.93" CONTENT="affär"/><SP WIDTH="15" VPOS="525" HPOS="585"/>
							<String ID="string_128" HPOS="600" VPOS="525" WIDTH="23" HEIGHT="21" WC="0.92" CONTENT="sä"/><SP WIDTH="15" VPOS="525" HPOS="623"/>
							<String ID="string_129" HPOS="638" VPOS="525" WIDTH="142" HEIGHT="28" WC="0.92" CONTENT="inbringande"/><SP WIDTH="15" VPOS="525" HPOS="780"/>
							<String ID="string_130" HPOS="795" VPOS="533" WIDTH="46" HEIGHT="14" WC="0.93" CONTENT="som"/><SP WIDTH="15" VPOS="533" HPOS="841"/>
							<String ID="string_131" HPOS="856" VPOS="527" WIDTH="53" HEIGHT="26" WC="0.92" CONTENT="möj-"/>
						</TextLine>
						<TextLine ID="line_13" HPOS="81" VPOS="553" WIDTH="828" HEIGHT="28">
							<String ID="string_132" HPOS="81" VPOS="553" WIDTH="43" HEIGHT="28" WC="0.89" CONTENT="ligt."/><SP WIDTH="30" VPOS="553" HPOS="124"/>
							<String ID="string_133" HPOS="154" VPOS="553" WIDTH="32" HEIGHT="21" WC="0.92" CONTENT="En"/><SP WIDTH="24" VPOS="553" HPOS="186"/>
							<String ID="string_134" HPOS="210" VPOS="553" WIDTH="184" HEIGHT="28" WC="0.84" CONTENT="samvetslös"/><SP WIDTH="-38" VPOS="553" HPOS="394"/>
							<String ID="string_135" HPOS="356" VPOS="549" WIDTH="39" HEIGHT="36" WC="0.92" CONTENT="och"/><SP WIDTH="20" VPOS="549" HPOS="395"/>
							<String ID="string_136" HPOS="415" VPOS="553" WIDTH="77" HEIGHT="22" WC="0.93" CONTENT="sniken"/><SP WIDTH="22" VPOS="553" HPOS="492"/>
							<String ID="string_137" HPOS="514" VPOS="553" WIDTH="124" HEIGHT="28" WC="0.92" CONTENT="pantlänare"/><SP WIDTH="23" VPOS="553" HPOS="638"/>
							<String ID="string_138" HPOS="661" VPOS="554" WIDTH="42" HEIGHT="21" WC="0.90" CONTENT="kan"/><SP WIDTH="21" VPOS="554" HPOS="703"/>
							<String ID="string_139" HPOS="724" VPOS="554" WIDTH="32" HEIGHT="21" WC="0.96" CONTENT="till"/><SP WIDTH="15" VPOS="554" HPOS="756"/>
							<String ID="string_140" HPOS="771" VPOS="554" WIDTH="35" HEIGHT="22" WC="0.93" CONTENT="det"/><SP WIDTH="14" VPOS="554" HPOS="806"/>
							<String ID="string_141" HPOS="820" VPOS="557" WIDTH="89" HEIGHT="24" WC="0.96" CONTENT="yttersta"/>
						</TextLine>
						<TextLine ID="line_14" HPOS="81" VPOS="579" WIDTH="828" HEIGHT="30">
							<String ID="string_142" HPOS="81" VPOS="584" WIDTH="77" HEIGHT="25" WC="0.92" CONTENT="utsuga"/><SP WIDTH="22" VPOS="584" HPOS="158"/>
							<String ID="string_143" HPOS="180" VPOS="582" WIDTH="46" HEIGHT="21" WC="0.96" CONTENT="sina"/><SP WIDTH="23" VPOS="582" HPOS="226"/>
							<String ID="string_144" HPOS="249" VPOS="581" WIDTH="56" HEIGHT="22" WC="0.93" CONTENT="offer."/><SP WIDTH="30" VPOS="581" HPOS="305"/>
							<String ID="string_145" HPOS="335" VPOS="579" WIDTH="96" HEIGHT="24" WC="0.24" CONTENT="OÖfveralt"/><SP WIDTH="13" VPOS="579" HPOS="431"/>
							<String ID="string_146" HPOS="444" VPOS="582" WIDTH="8" HEIGHT="21" WC="0.96" CONTENT="i"/><SP WIDTH="16" VPOS="582" HPOS="452"/>
							<String ID="string_147" HPOS="468" VPOS="582" WIDTH="42" HEIGHT="21" WC="0.93" CONTENT="den"/><SP WIDTH="15" VPOS="582" HPOS="510"/>
							<String ID="string_148" HPOS="525" VPOS="582" WIDTH="133" HEIGHT="21" WC="0.96" CONTENT="civiliserade"/><SP WIDTH="16" VPOS="582" HPOS="658"/>
							<String ID="string_149" HPOS="674" VPOS="583" WIDTH="87" HEIGHT="20" WC="0.97" CONTENT="världen"/><SP WIDTH="15" VPOS="583" HPOS="761"/>
							<String ID="string_150" HPOS="776" VPOS="585" WIDTH="24" HEIGHT="19" WC="0.96" CONTENT="är"/><SP WIDTH="14" VPOS="585" HPOS="800"/>
							<String ID="string_151" HPOS="814" VPOS="583" WIDTH="33" HEIGHT="21" WC="0.93" CONTENT="för"/><SP WIDTH="15" VPOS="583" HPOS="847"/>
							<String ID="string_152" HPOS="862" VPOS="585" WIDTH="47" HEIGHT="19" WC="0.92" CONTENT="när-"/>
						</TextLine>
						<TextLine ID="line_15" HPOS="82" VPOS="610" WIDTH="827" HEIGHT="28">
							<String ID="string_153" HPOS="82" VPOS="610" WIDTH="92" HEIGHT="21" WC="0.91" CONTENT="varande"/><SP WIDTH="23" VPOS="610" HPOS="174"/>
							<String ID="string_154" HPOS="197" VPOS="610" WIDTH="194" HEIGHT="27" WC="0.91" CONTENT="pantlänerörelsen"/><SP WIDTH="21" VPOS="610" HPOS="391"/>
							<String ID="string_155" HPOS="412" VPOS="610" WIDTH="175" HEIGHT="28" WC="0.91" CONTENT="reglementerad."/><SP WIDTH="37" VPOS="610" HPOS="587"/>
							<String ID="string_156" HPOS="624" VPOS="610" WIDTH="42" HEIGHT="28" WC="0.93" CONTENT="Jag"/><SP WIDTH="20" VPOS="610" HPOS="666"/>
							<String ID="string_157" HPOS="686" VPOS="613" WIDTH="44" HEIGHT="19" WC="0.93" CONTENT="tror"/><SP WIDTH="22" VPOS="613" HPOS="730"/>
							<String ID="string_158" HPOS="752" VPOS="611" WIDTH="46" HEIGHT="21" WC="0.92" CONTENT="icke"/><SP WIDTH="21" VPOS="611" HPOS="798"/>
							<String ID="string_159" HPOS="819" VPOS="613" WIDTH="31" HEIGHT="20" WC="0.96" CONTENT="att"/><SP WIDTH="24" VPOS="613" HPOS="850"/>
							<String ID="string_160" HPOS="874" VPOS="612" WIDTH="35" HEIGHT="21" WC="0.96" CONTENT="det"/>
						</TextLine>
						<TextLine ID="line_16" HPOS="81" VPOS="638" WIDTH="828" HEIGHT="28">
							<String ID="string_161" HPOS="81" VPOS="638" WIDTH="68" HEIGHT="22" WC="0.93" CONTENT="finnes"/><SP WIDTH="16" VPOS="638" HPOS="149"/>
							<String ID="string_162" HPOS="165" VPOS="638" WIDTH="63" HEIGHT="27" WC="0.92" CONTENT="nägot"/><SP WIDTH="16" VPOS="638" HPOS="228"/>
							<String ID="string_163" HPOS="244" VPOS="639" WIDTH="54" HEIGHT="20" WC="0.92" CONTENT="enda"/><SP WIDTH="15" VPOS="639" HPOS="298"/>
							<String ID="string_164" HPOS="313" VPOS="638" WIDTH="129" HEIGHT="27" WC="0.92" CONTENT="kulturland,"/><SP WIDTH="16" VPOS="638" HPOS="442"/>
							<String ID="string_165" HPOS="458" VPOS="639" WIDTH="38" HEIGHT="21" WC="0.93" CONTENT="där"/><SP WIDTH="10" VPOS="639" HPOS="496"/>
							<String ID="string_166" HPOS="506" VPOS="639" WIDTH="47" HEIGHT="21" WC="0.91" CONTENT="icke"/><SP WIDTH="11" VPOS="639" HPOS="553"/>
							<String ID="string_167" HPOS="564" VPOS="639" WIDTH="195" HEIGHT="27" WC="0.92" CONTENT="pantlänerörelsen"/><SP WIDTH="12" VPOS="639" HPOS="759"/>
							<String ID="string_168" HPOS="771" VPOS="646" WIDTH="49" HEIGHT="15" WC="0.93" CONTENT="vore"/><SP WIDTH="10" VPOS="646" HPOS="820"/>
							<String ID="string_169" HPOS="830" VPOS="640" WIDTH="79" HEIGHT="21" WC="0.90" CONTENT="under-"/>
						</TextLine>
						<TextLine ID="line_17" HPOS="81" VPOS="667" WIDTH="828" HEIGHT="28">
							<String ID="string_170" HPOS="81" VPOS="667" WIDTH="74" HEIGHT="21" WC="0.92" CONTENT="kastad"/><SP WIDTH="14" VPOS="667" HPOS="155"/>
							<String ID="string_171" HPOS="169" VPOS="674" WIDTH="46" HEIGHT="14" WC="0.96" CONTENT="mer"/><SP WIDTH="15" VPOS="674" HPOS="215"/>
							<String ID="string_172" HPOS="230" VPOS="667" WIDTH="52" HEIGHT="21" WC="0.96" CONTENT="eller"/><SP WIDTH="14" VPOS="667" HPOS="282"/>
							<String ID="string_173" HPOS="296" VPOS="667" WIDTH="83" HEIGHT="21" WC="0.93" CONTENT="mindre"/><SP WIDTH="15" VPOS="667" HPOS="379"/>
							<String ID="string_174" HPOS="394" VPOS="667" WIDTH="158" HEIGHT="21" WC="0.92" CONTENT="inskränkande"/><SP WIDTH="16" VPOS="667" HPOS="552"/>
							<String ID="string_175" HPOS="568" VPOS="668" WIDTH="164" HEIGHT="27" WC="0.91" CONTENT="bestämninger."/><SP WIDTH="22" VPOS="668" HPOS="732"/>
							<String ID="string_176" HPOS="754" VPOS="668" WIDTH="40" HEIGHT="21" WC="0.96" CONTENT="Till"/><SP WIDTH="16" VPOS="668" HPOS="794"/>
							<String ID="string_177" HPOS="810" VPOS="669" WIDTH="39" HEIGHT="21" WC="0.96" CONTENT="och"/><SP WIDTH="11" VPOS="669" HPOS="849"/>
							<String ID="string_178" HPOS="860" VPOS="669" WIDTH="49" HEIGHT="21" WC="0.96" CONTENT="med"/>
						</TextLine>
						<TextLine ID="line_18" HPOS="81" VPOS="696" WIDTH="828" HEIGHT="29">
							<String ID="string_179" HPOS="81" VPOS="696" WIDTH="36" HEIGHT="21" WC="0.95" CONTENT="det"/><SP WIDTH="14" VPOS="696" HPOS="117"/>
							<String ID="string_180" HPOS="131" VPOS="696" WIDTH="40" HEIGHT="20" WC="0.93" CONTENT="fria"/><SP WIDTH="15" VPOS="696" HPOS="171"/>
							<String ID="string_181" HPOS="186" VPOS="696" WIDTH="170" HEIGHT="20" WC="0.92" CONTENT="Nord-Amerika"/><SP WIDTH="14" VPOS="696" HPOS="356"/>
							<String ID="string_182" HPOS="370" VPOS="696" WIDTH="39" HEIGHT="20" WC="0.96" CONTENT="har"/><SP WIDTH="14" VPOS="696" HPOS="409"/>
							<String ID="string_183" HPOS="423" VPOS="696" WIDTH="33" HEIGHT="21" WC="0.97" CONTENT="för"/><SP WIDTH="15" VPOS="696" HPOS="456"/>
							<String ID="string_184" HPOS="471" VPOS="696" WIDTH="133" HEIGHT="21" WC="0.96" CONTENT="närvarande"/><SP WIDTH="16" VPOS="696" HPOS="604"/>
							<String ID="string_185" HPOS="620" VPOS="703" WIDTH="27" HEIGHT="14" WC="0.93" CONTENT="en"/><SP WIDTH="10" VPOS="703" HPOS="647"/>
							<String ID="string_186" HPOS="657" VPOS="697" WIDTH="109" HEIGHT="27" WC="0.93" CONTENT="preventiv"/><SP WIDTH="10" VPOS="697" HPOS="766"/>
							<String ID="string_187" HPOS="776" VPOS="697" WIDTH="133" HEIGHT="28" WC="0.96" CONTENT="lagstiftning"/>
						</TextLine>
						<TextLine ID="line_19" HPOS="81" VPOS="724" WIDTH="828" HEIGHT="29">
							<String ID="string_188" HPOS="81" VPOS="724" WIDTH="110" HEIGHT="27" WC="0.93" CONTENT="angäende"/><SP WIDTH="22" VPOS="724" HPOS="191"/>
							<String ID="string_189" HPOS="213" VPOS="724" WIDTH="193" HEIGHT="27" WC="0.92" CONTENT="pantlänerörelsen"/><SP WIDTH="23" VPOS="724" HPOS="406"/>
							<String ID="string_190" HPOS="429" VPOS="725" WIDTH="48" HEIGHT="21" WC="0.96" CONTENT="med"/><SP WIDTH="23" VPOS="725" HPOS="477"/>
							<String ID="string_191" HPOS="500" VPOS="725" WIDTH="81" HEIGHT="27" WC="0.93" CONTENT="ganska"/><SP WIDTH="19" VPOS="725" HPOS="581"/>
							<String ID="string_192" HPOS="600" VPOS="727" WIDTH="85" HEIGHT="25" WC="0.92" CONTENT="stränga"/><SP WIDTH="15" VPOS="727" HPOS="685"/>
							<String ID="string_193" HPOS="700" VPOS="725" WIDTH="158" HEIGHT="28" WC="0.92" CONTENT="bestämningar"/><SP WIDTH="15" VPOS="725" HPOS="858"/>
							<String ID="string_194" HPOS="873" VPOS="726" WIDTH="36" HEIGHT="21" WC="0.91" CONTENT="be-"/>
						</TextLine>
						<TextLine ID="line_20" HPOS="81" VPOS="752" WIDTH="827" HEIGHT="30">
							<String ID="string_195" HPOS="81" VPOS="752" WIDTH="102" HEIGHT="22" WC="0.91" CONTENT="träffande"/><SP WIDTH="23" VPOS="752" HPOS="183"/>
							<String ID="string_196" HPOS="206" VPOS="752" WIDTH="182" HEIGHT="28" WC="0.92" CONTENT="utläningsräntan"/><SP WIDTH="24" VPOS="752" HPOS="388"/>
							<String ID="string_197" HPOS="412" VPOS="753" WIDTH="39" HEIGHT="21" WC="0.93" CONTENT="och"/><SP WIDTH="15" VPOS="753" HPOS="451"/>
							<String ID="string_198" HPOS="466" VPOS="753" WIDTH="147" HEIGHT="21" WC="0.92" CONTENT="länevilkoren"/><SP WIDTH="15" VPOS="753" HPOS="613"/>
							<String ID="string_199" HPOS="628" VPOS="754" WIDTH="8" HEIGHT="20" WC="0.93" CONTENT="i"/><SP WIDTH="15" VPOS="754" HPOS="636"/>
							<String ID="string_200" HPOS="651" VPOS="754" WIDTH="68" HEIGHT="27" WC="0.93" CONTENT="öfrigt."/><SP WIDTH="30" VPOS="754" HPOS="719"/>
							<String ID="string_201" HPOS="749" VPOS="754" WIDTH="33" HEIGHT="21" WC="0.96" CONTENT="Hr"/><SP WIDTH="14" VPOS="754" HPOS="782"/>
							<String ID="string_202" HPOS="796" VPOS="754" WIDTH="112" HEIGHT="28" WC="0.96" CONTENT="Stigzelius"/>
						</TextLine>
						<TextLine ID="line_21" HPOS="81" VPOS="782" WIDTH="828" HEIGHT="27">
							<String ID="string_203" HPOS="81" VPOS="782" WIDTH="39" HEIGHT="19" WC="0.90" CONTENT="har"/><SP WIDTH="21" VPOS="782" HPOS="120"/>
							<String ID="string_204" HPOS="141" VPOS="783" WIDTH="46" HEIGHT="25" WC="0.88" CONTENT="sagt"/><SP WIDTH="22" VPOS="783" HPOS="187"/>
							<String ID="string_205" HPOS="209" VPOS="783" WIDTH="30" HEIGHT="19" WC="0.96" CONTENT="att"/><SP WIDTH="22" VPOS="783" HPOS="239"/>
							<String ID="string_206" HPOS="261" VPOS="782" WIDTH="38" HEIGHT="20" WC="0.96" CONTENT="hos"/><SP WIDTH="14" VPOS="782" HPOS="299"/>
							<String ID="string_207" HPOS="313" VPOS="788" WIDTH="35" HEIGHT="14" WC="0.96" CONTENT="oss"/><SP WIDTH="15" VPOS="788" HPOS="348"/>
							<String ID="string_208" HPOS="363" VPOS="783" WIDTH="58" HEIGHT="19" WC="0.93" CONTENT="ännu"/><SP WIDTH="16" VPOS="783" HPOS="421"/>
							<String ID="string_209" HPOS="437" VPOS="782" WIDTH="46" HEIGHT="21" WC="0.92" CONTENT="icke"/><SP WIDTH="16" VPOS="782" HPOS="483"/>
							<String ID="string_210" HPOS="499" VPOS="784" WIDTH="65" HEIGHT="25" WC="0.93" CONTENT="yppat"/><SP WIDTH="15" VPOS="784" HPOS="564"/>
							<String ID="string_211" HPOS="579" VPOS="782" WIDTH="33" HEIGHT="27" WC="0.93" CONTENT="sig"/><SP WIDTH="14" VPOS="782" HPOS="612"/>
							<String ID="string_212" HPOS="626" VPOS="782" WIDTH="66" HEIGHT="27" WC="0.93" CONTENT="nägra"/><SP WIDTH="15" VPOS="782" HPOS="692"/>
							<String ID="string_213" HPOS="707" VPOS="782" WIDTH="106" HEIGHT="21" WC="0.92" CONTENT="missbruk"/><SP WIDTH="15" VPOS="782" HPOS="813"/>
							<String ID="string_214" HPOS="828" VPOS="783" WIDTH="8" HEIGHT="20" WC="0.96" CONTENT="i"/><SP WIDTH="15" VPOS="783" HPOS="836"/>
							<String ID="string_215" HPOS="851" VPOS="783" WIDTH="58" HEIGHT="21" WC="0.96" CONTENT="detta"/>
						</TextLine>
						<TextLine ID="line_22" HPOS="81" VPOS="809" WIDTH="828" HEIGHT="30">
							<String ID="string_216" HPOS="81" VPOS="809" WIDTH="100" HEIGHT="21" WC="0.92" CONTENT="afseende"/><SP WIDTH="22" VPOS="809" HPOS="181"/>
							<String ID="string_217" HPOS="203" VPOS="810" WIDTH="40" HEIGHT="20" WC="0.96" CONTENT="och"/><SP WIDTH="21" VPOS="810" HPOS="243"/>
							<String ID="string_218" HPOS="264" VPOS="810" WIDTH="36" HEIGHT="27" WC="0.93" CONTENT="jag"/><SP WIDTH="20" VPOS="810" HPOS="300"/>
							<String ID="string_219" HPOS="320" VPOS="809" WIDTH="118" HEIGHT="28" WC="0.92" CONTENT="medgifver"/><SP WIDTH="20" VPOS="809" HPOS="438"/>
							<String ID="string_220" HPOS="458" VPOS="812" WIDTH="31" HEIGHT="19" WC="0.93" CONTENT="att"/><SP WIDTH="15" VPOS="812" HPOS="489"/>
							<String ID="string_221" HPOS="504" VPOS="810" WIDTH="64" HEIGHT="28" WC="0.92" CONTENT="nägra"/><SP WIDTH="16" VPOS="810" HPOS="568"/>
							<String ID="string_222" HPOS="584" VPOS="812" WIDTH="66" HEIGHT="19" WC="0.93" CONTENT="större"/><SP WIDTH="16" VPOS="812" HPOS="650"/>
							<String ID="string_223" HPOS="666" VPOS="811" WIDTH="112" HEIGHT="27" WC="0.92" CONTENT="missbruk,"/><SP WIDTH="15" VPOS="811" HPOS="778"/>
							<String ID="string_224" HPOS="793" VPOS="817" WIDTH="46" HEIGHT="15" WC="0.93" CONTENT="som"/><SP WIDTH="15" VPOS="817" HPOS="839"/>
							<String ID="string_225" HPOS="854" VPOS="811" WIDTH="55" HEIGHT="28" WC="0.91" CONTENT="bjärt"/>
						</TextLine>
						<TextLine ID="line_23" HPOS="81" VPOS="838" WIDTH="828" HEIGHT="29">
							<String ID="string_226" HPOS="81" VPOS="838" WIDTH="69" HEIGHT="21" WC="0.92" CONTENT="skulle"/><SP WIDTH="23" VPOS="838" HPOS="150"/>
							<String ID="string_227" HPOS="173" VPOS="838" WIDTH="55" HEIGHT="21" WC="0.92" CONTENT="trädt"/><SP WIDTH="14" VPOS="838" HPOS="228"/>
							<String ID="string_228" HPOS="242" VPOS="838" WIDTH="8" HEIGHT="20" WC="0.96" CONTENT="i"/><SP WIDTH="15" VPOS="838" HPOS="250"/>
							<String ID="string_229" HPOS="265" VPOS="838" WIDTH="74" HEIGHT="27" WC="0.96" CONTENT="dagen,"/><SP WIDTH="17" VPOS="838" HPOS="339"/>
							<String ID="string_230" HPOS="356" VPOS="839" WIDTH="45" HEIGHT="26" WC="0.93" CONTENT="mig"/><SP WIDTH="14" VPOS="839" HPOS="401"/>
							<String ID="string_231" HPOS="415" VPOS="839" WIDTH="117" HEIGHT="27" WC="0.92" CONTENT="veterligen"/><SP WIDTH="15" VPOS="839" HPOS="532"/>
							<String ID="string_232" HPOS="547" VPOS="839" WIDTH="47" HEIGHT="21" WC="0.92" CONTENT="icke"/><SP WIDTH="16" VPOS="839" HPOS="594"/>
							<String ID="string_233" HPOS="610" VPOS="839" WIDTH="140" HEIGHT="27" WC="0.91" CONTENT="förekommit,"/><SP WIDTH="16" VPOS="839" HPOS="750"/>
							<String ID="string_234" HPOS="766" VPOS="839" WIDTH="65" HEIGHT="22" WC="0.93" CONTENT="sedan"/><SP WIDTH="15" VPOS="839" HPOS="831"/>
							<String ID="string_235" HPOS="846" VPOS="841" WIDTH="63" HEIGHT="26" WC="0.91" CONTENT="pant-"/>
						</TextLine>
						<TextLine ID="line_24" HPOS="81" VPOS="866" WIDTH="827" HEIGHT="29">
							<String ID="string_236" HPOS="81" VPOS="866" WIDTH="142" HEIGHT="21" WC="0.92" CONTENT="länerörelsen"/><SP WIDTH="16" VPOS="866" HPOS="223"/>
							<String ID="string_237" HPOS="239" VPOS="867" WIDTH="38" HEIGHT="20" WC="0.96" CONTENT="hos"/><SP WIDTH="16" VPOS="867" HPOS="277"/>
							<String ID="string_238" HPOS="293" VPOS="873" WIDTH="34" HEIGHT="14" WC="0.93" CONTENT="oss"/><SP WIDTH="16" VPOS="873" HPOS="327"/>
							<String ID="string_239" HPOS="343" VPOS="867" WIDTH="164" HEIGHT="28" WC="0.92" CONTENT="omhändertogs"/><SP WIDTH="15" VPOS="867" HPOS="507"/>
							<String ID="string_240" HPOS="522" VPOS="867" WIDTH="22" HEIGHT="21" WC="0.96" CONTENT="af"/><SP WIDTH="15" VPOS="867" HPOS="544"/>
							<String ID="string_241" HPOS="559" VPOS="867" WIDTH="109" HEIGHT="28" WC="0.93" CONTENT="offentliga"/><SP WIDTH="15" VPOS="867" HPOS="668"/>
							<String ID="string_242" HPOS="683" VPOS="868" WIDTH="105" HEIGHT="21" WC="0.93" CONTENT="anstalter."/><SP WIDTH="16" VPOS="868" HPOS="788"/>
							<String ID="string_243" HPOS="804" VPOS="868" WIDTH="51" HEIGHT="21" WC="0.96" CONTENT="Men"/><SP WIDTH="10" VPOS="868" HPOS="855"/>
							<String ID="string_244" HPOS="865" VPOS="875" WIDTH="43" HEIGHT="20" WC="0.96" CONTENT="nog"/>
						</TextLine>
						<TextLine ID="line_25" HPOS="81" VPOS="895" WIDTH="828" HEIGHT="29">
							<String ID="string_245" HPOS="81" VPOS="896" WIDTH="39" HEIGHT="19" WC="0.88" CONTENT="har"/><SP WIDTH="15" VPOS="896" HPOS="120"/>
							<String ID="string_246" HPOS="135" VPOS="895" WIDTH="54" HEIGHT="21" WC="0.93" CONTENT="dock"/><SP WIDTH="15" VPOS="895" HPOS="189"/>
							<String ID="string_247" HPOS="204" VPOS="895" WIDTH="54" HEIGHT="21" WC="0.91" CONTENT="bäde"/><SP WIDTH="15" VPOS="895" HPOS="258"/>
							<String ID="string_248" HPOS="273" VPOS="895" WIDTH="46" HEIGHT="21" WC="0.93" CONTENT="frän"/><SP WIDTH="16" VPOS="895" HPOS="319"/>
							<String ID="string_249" HPOS="335" VPOS="895" WIDTH="89" HEIGHT="27" WC="0.96" CONTENT="tidigare"/><SP WIDTH="16" VPOS="895" HPOS="424"/>
							<String ID="string_250" HPOS="440" VPOS="896" WIDTH="40" HEIGHT="20" WC="0.96" CONTENT="och"/><SP WIDTH="15" VPOS="896" HPOS="480"/>
							<String ID="string_251" HPOS="495" VPOS="902" WIDTH="75" HEIGHT="15" WC="0.96" CONTENT="senare"/><SP WIDTH="16" VPOS="902" HPOS="570"/>
							<String ID="string_252" HPOS="586" VPOS="896" WIDTH="55" HEIGHT="21" WC="0.92" CONTENT="tider"/><SP WIDTH="10" VPOS="896" HPOS="641"/>
							<String ID="string_253" HPOS="651" VPOS="896" WIDTH="76" HEIGHT="27" WC="0.91" CONTENT="klagan"/><SP WIDTH="11" VPOS="896" HPOS="727"/>
							<String ID="string_254" HPOS="738" VPOS="897" WIDTH="100" HEIGHT="27" WC="0.93" CONTENT="försports"/><SP WIDTH="11" VPOS="897" HPOS="838"/>
							<String ID="string_255" HPOS="849" VPOS="897" WIDTH="60" HEIGHT="21" WC="0.96" CONTENT="öfver"/>
						</TextLine>
						<TextLine ID="line_26" HPOS="81" VPOS="924" WIDTH="827" HEIGHT="28">
							<String ID="string_256" HPOS="81" VPOS="925" WIDTH="31" HEIGHT="19" WC="0.92" CONTENT="att"/><SP WIDTH="22" VPOS="925" HPOS="112"/>
							<String ID="string_257" HPOS="134" VPOS="925" WIDTH="75" HEIGHT="19" WC="0.91" CONTENT="räntan"/><SP WIDTH="21" VPOS="925" HPOS="209"/>
							<String ID="string_258" HPOS="230" VPOS="924" WIDTH="35" HEIGHT="20" WC="0.92" CONTENT="vid"/><SP WIDTH="20" VPOS="924" HPOS="265"/>
							<String ID="string_259" HPOS="285" VPOS="924" WIDTH="193" HEIGHT="27" WC="0.92" CONTENT="pantlänerörelsen"/><SP WIDTH="16" VPOS="924" HPOS="478"/>
							<String ID="string_260" HPOS="494" VPOS="924" WIDTH="67" HEIGHT="21" WC="0.93" CONTENT="hälles"/><SP WIDTH="16" VPOS="924" HPOS="561"/>
							<String ID="string_261" HPOS="577" VPOS="924" WIDTH="90" HEIGHT="28" WC="0.91" CONTENT="oskäligt"/><SP WIDTH="14" VPOS="924" HPOS="667"/>
							<String ID="string_262" HPOS="681" VPOS="925" WIDTH="43" HEIGHT="27" WC="0.93" CONTENT="hög"/><SP WIDTH="15" VPOS="925" HPOS="724"/>
							<String ID="string_263" HPOS="739" VPOS="925" WIDTH="39" HEIGHT="21" WC="0.96" CONTENT="och"/><SP WIDTH="15" VPOS="925" HPOS="778"/>
							<String ID="string_264" HPOS="793" VPOS="926" WIDTH="30" HEIGHT="20" WC="0.96" CONTENT="att"/><SP WIDTH="15" VPOS="926" HPOS="823"/>
							<String ID="string_265" HPOS="838" VPOS="925" WIDTH="70" HEIGHT="21" WC="0.96" CONTENT="denna"/>
						</TextLine>
						<TextLine ID="line_27" HPOS="81" VPOS="952" WIDTH="827" HEIGHT="22">
							<String ID="string_266" HPOS="81" VPOS="952" WIDTH="79" HEIGHT="21" WC="0.92" CONTENT="rörelse"/><SP WIDTH="23" VPOS="952" HPOS="160"/>
							<String ID="string_267" HPOS="183" VPOS="952" WIDTH="98" HEIGHT="21" WC="0.88" CONTENT="särskildt"/><SP WIDTH="21" VPOS="952" HPOS="281"/>
							<String ID="string_268" HPOS="302" VPOS="952" WIDTH="8" HEIGHT="20" WC="0.93" CONTENT="i"/><SP WIDTH="19" VPOS="952" HPOS="310"/>
							<String ID="string_269" HPOS="329" VPOS="952" WIDTH="157" HEIGHT="22" WC="0.92" CONTENT="hufvudstaden"/><SP WIDTH="22" VPOS="952" HPOS="486"/>
							<String ID="string_270" HPOS="508" VPOS="953" WIDTH="78" HEIGHT="21" WC="0.92" CONTENT="sväller"/><SP WIDTH="15" VPOS="953" HPOS="586"/>
							<String ID="string_271" HPOS="601" VPOS="953" WIDTH="60" HEIGHT="21" WC="0.96" CONTENT="öfver"/><SP WIDTH="14" VPOS="953" HPOS="661"/>
							<String ID="string_272" HPOS="675" VPOS="953" WIDTH="43" HEIGHT="21" WC="0.93" CONTENT="alla"/><SP WIDTH="14" VPOS="953" HPOS="718"/>
							<String ID="string_273" HPOS="732" VPOS="953" WIDTH="95" HEIGHT="21" WC="0.90" CONTENT="bräddar."/><SP WIDTH="29" VPOS="953" HPOS="827"/>
							<String ID="string_274" HPOS="856" VPOS="953" WIDTH="52" HEIGHT="21" WC="0.96" CONTENT="Man"/>
						</TextLine>
						<TextLine ID="line_28" HPOS="81" VPOS="980" WIDTH="827" HEIGHT="29">
							<String ID="string_275" HPOS="81" VPOS="980" WIDTH="36" HEIGHT="20" WC="0.93" CONTENT="mä"/><SP WIDTH="21" VPOS="980" HPOS="117"/>
							<String ID="string_276" HPOS="138" VPOS="980" WIDTH="46" HEIGHT="21" WC="0.92" CONTENT="icke"/><SP WIDTH="20" VPOS="980" HPOS="184"/>
							<String ID="string_277" HPOS="204" VPOS="983" WIDTH="31" HEIGHT="18" WC="0.92" CONTENT="tro"/><SP WIDTH="17" VPOS="983" HPOS="235"/>
							<String ID="string_278" HPOS="252" VPOS="982" WIDTH="29" HEIGHT="19" WC="0.93" CONTENT="att"/><SP WIDTH="16" VPOS="982" HPOS="281"/>
							<String ID="string_279" HPOS="297" VPOS="980" WIDTH="45" HEIGHT="22" WC="0.93" CONTENT="värt"/><SP WIDTH="14" VPOS="980" HPOS="342"/>
							<String ID="string_280" HPOS="356" VPOS="981" WIDTH="51" HEIGHT="20" WC="0.93" CONTENT="land"/><SP WIDTH="16" VPOS="981" HPOS="407"/>
							<String ID="string_281" HPOS="423" VPOS="983" WIDTH="83" HEIGHT="19" WC="0.91" CONTENT="ensamt"/><SP WIDTH="15" VPOS="983" HPOS="506"/>
							<String ID="string_282" HPOS="521" VPOS="981" WIDTH="42" HEIGHT="21" WC="0.93" CONTENT="kan"/><SP WIDTH="15" VPOS="981" HPOS="563"/>
							<String ID="string_283" HPOS="578" VPOS="981" WIDTH="74" HEIGHT="28" WC="0.93" CONTENT="undgä"/><SP WIDTH="14" VPOS="981" HPOS="652"/>
							<String ID="string_284" HPOS="666" VPOS="982" WIDTH="27" HEIGHT="21" WC="0.93" CONTENT="de"/><SP WIDTH="15" VPOS="982" HPOS="693"/>
							<String ID="string_285" HPOS="708" VPOS="982" WIDTH="61" HEIGHT="27" WC="0.92" CONTENT="faror,"/><SP WIDTH="15" VPOS="982" HPOS="769"/>
							<String ID="string_286" HPOS="784" VPOS="982" WIDTH="72" HEIGHT="21" WC="0.91" CONTENT="hvilka"/><SP WIDTH="15" VPOS="982" HPOS="856"/>
							<String ID="string_287" HPOS="871" VPOS="984" WIDTH="37" HEIGHT="19" WC="0.92" CONTENT="nä-"/>
						</TextLine>
						<TextLine ID="line_29" HPOS="81" VPOS="1009" WIDTH="827" HEIGHT="29">
							<String ID="string_288" HPOS="81" VPOS="1010" WIDTH="47" HEIGHT="19" WC="0.83" CONTENT="stan"/><SP WIDTH="23" VPOS="1010" HPOS="128"/>
							<String ID="string_289" HPOS="151" VPOS="1009" WIDTH="89" HEIGHT="21" WC="0.83" CONTENT="öfveralt"/><SP WIDTH="20" VPOS="1009" HPOS="240"/>
							<String ID="string_290" HPOS="260" VPOS="1009" WIDTH="62" HEIGHT="21" WC="0.89" CONTENT="hafva"/><SP WIDTH="15" VPOS="1009" HPOS="322"/>
							<String ID="string_291" HPOS="337" VPOS="1009" WIDTH="55" HEIGHT="21" WC="0.96" CONTENT="visat"/><SP WIDTH="14" VPOS="1009" HPOS="392"/>
							<String ID="string_292" HPOS="406" VPOS="1010" WIDTH="33" HEIGHT="27" WC="0.93" CONTENT="sig"/><SP WIDTH="14" VPOS="1010" HPOS="439"/>
							<String ID="string_293" HPOS="453" VPOS="1010" WIDTH="77" HEIGHT="27" WC="0.96" CONTENT="uppstå"/><SP WIDTH="15" VPOS="1010" HPOS="530"/>
							<String ID="string_294" HPOS="545" VPOS="1010" WIDTH="21" HEIGHT="20" WC="0.96" CONTENT="af"/><SP WIDTH="15" VPOS="1010" HPOS="566"/>
							<String ID="string_295" HPOS="581" VPOS="1010" WIDTH="41" HEIGHT="21" WC="0.93" CONTENT="den"/><SP WIDTH="16" VPOS="1010" HPOS="622"/>
							<String ID="string_296" HPOS="638" VPOS="1010" WIDTH="194" HEIGHT="28" WC="0.92" CONTENT="oreglementerade"/><SP WIDTH="15" VPOS="1010" HPOS="832"/>
							<String ID="string_297" HPOS="847" VPOS="1013" WIDTH="61" HEIGHT="25" WC="0.93" CONTENT="pant-"/>
						</TextLine>
						<TextLine ID="line_30" HPOS="81" VPOS="1037" WIDTH="826" HEIGHT="29">
							<String ID="string_298" HPOS="81" VPOS="1037" WIDTH="149" HEIGHT="21" WC="0.89" CONTENT="länerörelsen."/><SP WIDTH="22" VPOS="1037" HPOS="230"/>
							<String ID="string_299" HPOS="252" VPOS="1038" WIDTH="82" HEIGHT="27" WC="0.89" CONTENT="Viktigt"/><SP WIDTH="15" VPOS="1038" HPOS="334"/>
							<String ID="string_300" HPOS="349" VPOS="1040" WIDTH="22" HEIGHT="18" WC="0.93" CONTENT="är"/><SP WIDTH="16" VPOS="1040" HPOS="371"/>
							<String ID="string_301" HPOS="387" VPOS="1038" WIDTH="63" HEIGHT="21" WC="0.92" CONTENT="äfven"/><SP WIDTH="16" VPOS="1038" HPOS="450"/>
							<String ID="string_302" HPOS="466" VPOS="1041" WIDTH="35" HEIGHT="24" WC="0.96" CONTENT="att,"/><SP WIDTH="17" VPOS="1041" HPOS="501"/>
							<String ID="string_303" HPOS="518" VPOS="1045" WIDTH="34" HEIGHT="14" WC="0.92" CONTENT="om"/><SP WIDTH="16" VPOS="1045" HPOS="552"/>
							<String ID="string_304" HPOS="568" VPOS="1038" WIDTH="84" HEIGHT="28" WC="0.92" CONTENT="engäng"/><SP WIDTH="15" VPOS="1038" HPOS="652"/>
							<String ID="string_305" HPOS="667" VPOS="1039" WIDTH="63" HEIGHT="21" WC="0.92" CONTENT="äfven"/><SP WIDTH="16" VPOS="1039" HPOS="730"/>
							<String ID="string_306" HPOS="746" VPOS="1039" WIDTH="38" HEIGHT="21" WC="0.96" CONTENT="hos"/><SP WIDTH="12" VPOS="1039" HPOS="784"/>
							<String ID="string_307" HPOS="796" VPOS="1045" WIDTH="34" HEIGHT="15" WC="0.93" CONTENT="oss"/><SP WIDTH="10" VPOS="1045" HPOS="830"/>
							<String ID="string_308" HPOS="840" VPOS="1039" WIDTH="67" HEIGHT="21" WC="0.93" CONTENT="mäste"/>
						</TextLine>
						<TextLine ID="line_31" HPOS="81" VPOS="1066" WIDTH="826" HEIGHT="29">
							<String ID="string_309" HPOS="81" VPOS="1066" WIDTH="82" HEIGHT="20" WC="0.93" CONTENT="skridas"/><SP WIDTH="22" VPOS="1066" HPOS="163"/>
							<String ID="string_310" HPOS="185" VPOS="1066" WIDTH="32" HEIGHT="20" WC="0.96" CONTENT="till"/><SP WIDTH="19" VPOS="1066" HPOS="217"/>
							<String ID="string_311" HPOS="236" VPOS="1072" WIDTH="27" HEIGHT="15" WC="0.93" CONTENT="en"/><SP WIDTH="22" VPOS="1072" HPOS="263"/>
							<String ID="string_312" HPOS="285" VPOS="1066" WIDTH="65" HEIGHT="21" WC="0.92" CONTENT="sädan"/><SP WIDTH="24" VPOS="1066" HPOS="350"/>
							<String ID="string_313" HPOS="374" VPOS="1067" WIDTH="186" HEIGHT="27" WC="0.92" CONTENT="reglementering,"/><SP WIDTH="22" VPOS="1067" HPOS="560"/>
							<String ID="string_314" HPOS="582" VPOS="1068" WIDTH="36" HEIGHT="20" WC="0.96" CONTENT="det"/><SP WIDTH="15" VPOS="1068" HPOS="618"/>
							<String ID="string_315" HPOS="633" VPOS="1068" WIDTH="48" HEIGHT="20" WC="0.96" CONTENT="sker"/><SP WIDTH="15" VPOS="1068" HPOS="681"/>
							<String ID="string_316" HPOS="696" VPOS="1068" WIDTH="7" HEIGHT="20" WC="0.96" CONTENT="i"/><SP WIDTH="16" VPOS="1068" HPOS="703"/>
							<String ID="string_317" HPOS="719" VPOS="1068" WIDTH="35" HEIGHT="27" WC="0.93" CONTENT="tid,"/><SP WIDTH="16" VPOS="1068" HPOS="754"/>
							<String ID="string_318" HPOS="770" VPOS="1068" WIDTH="70" HEIGHT="20" WC="0.92" CONTENT="förrän"/><SP WIDTH="16" VPOS="1068" HPOS="840"/>
							<String ID="string_319" HPOS="856" VPOS="1068" WIDTH="51" HEIGHT="21" WC="0.92" CONTENT="flere"/>
						</TextLine>
						<TextLine ID="line_32" HPOS="81" VPOS="1094" WIDTH="827" HEIGHT="29">
							<String ID="string_320" HPOS="81" VPOS="1097" WIDTH="57" HEIGHT="18" WC="0.96" CONTENT="stora"/><SP WIDTH="25" VPOS="1097" HPOS="138"/>
							<String ID="string_321" HPOS="163" VPOS="1095" WIDTH="40" HEIGHT="20" WC="0.93" CONTENT="och"/><SP WIDTH="22" VPOS="1095" HPOS="203"/>
							<String ID="string_322" HPOS="225" VPOS="1094" WIDTH="52" HEIGHT="27" WC="0.91" CONTENT="dyra"/><SP WIDTH="21" VPOS="1094" HPOS="277"/>
							<String ID="string_323" HPOS="298" VPOS="1095" WIDTH="248" HEIGHT="28" WC="0.89" CONTENT="pantläneinrättningar,"/><SP WIDTH="24" VPOS="1095" HPOS="546"/>
							<String ID="string_324" HPOS="570" VPOS="1096" WIDTH="72" HEIGHT="20" WC="0.92" CONTENT="hvilka"/><SP WIDTH="22" VPOS="1096" HPOS="642"/>
							<String ID="string_325" HPOS="664" VPOS="1096" WIDTH="36" HEIGHT="20" WC="0.96" CONTENT="vid"/><SP WIDTH="23" VPOS="1096" HPOS="700"/>
							<String ID="string_326" HPOS="723" VPOS="1096" WIDTH="32" HEIGHT="27" WC="0.93" CONTENT="sig"/><SP WIDTH="21" VPOS="1096" HPOS="755"/>
							<String ID="string_327" HPOS="776" VPOS="1096" WIDTH="54" HEIGHT="21" WC="0.92" CONTENT="fästa"/><SP WIDTH="21" VPOS="1096" HPOS="830"/>
							<String ID="string_328" HPOS="851" VPOS="1098" WIDTH="57" HEIGHT="19" WC="0.96" CONTENT="stora"/>
						</TextLine>
						<TextLine ID="line_33" HPOS="81" VPOS="1122" WIDTH="827" HEIGHT="30">
							<String ID="string_329" HPOS="81" VPOS="1122" WIDTH="84" HEIGHT="28" WC="0.90" CONTENT="kapital,"/><SP WIDTH="23" VPOS="1122" HPOS="165"/>
							<String ID="string_330" HPOS="188" VPOS="1123" WIDTH="66" HEIGHT="21" WC="0.91" CONTENT="hinna"/><SP WIDTH="22" VPOS="1123" HPOS="254"/>
							<String ID="string_331" HPOS="276" VPOS="1124" WIDTH="80" HEIGHT="27" WC="0.90" CONTENT="uppstä."/><SP WIDTH="31" VPOS="1124" HPOS="356"/>
							<String ID="string_332" HPOS="387" VPOS="1123" WIDTH="42" HEIGHT="22" WC="0.93" CONTENT="Det"/><SP WIDTH="20" VPOS="1123" HPOS="429"/>
							<String ID="string_333" HPOS="449" VPOS="1124" WIDTH="71" HEIGHT="21" WC="0.88" CONTENT="blefve"/><SP WIDTH="22" VPOS="1124" HPOS="520"/>
							<String ID="string_334" HPOS="542" VPOS="1124" WIDTH="30" HEIGHT="21" WC="0.93" CONTENT="alt"/><SP WIDTH="15" VPOS="1124" HPOS="572"/>
							<String ID="string_335" HPOS="587" VPOS="1124" WIDTH="84" HEIGHT="22" WC="0.93" CONTENT="svärare"/><SP WIDTH="16" VPOS="1124" HPOS="671"/>
							<String ID="string_336" HPOS="687" VPOS="1127" WIDTH="31" HEIGHT="18" WC="0.95" CONTENT="att"/><SP WIDTH="14" VPOS="1127" HPOS="718"/>
							<String ID="string_337" HPOS="732" VPOS="1125" WIDTH="65" HEIGHT="21" WC="0.93" CONTENT="sedan"/><SP WIDTH="14" VPOS="1125" HPOS="797"/>
							<String ID="string_338" HPOS="811" VPOS="1124" WIDTH="55" HEIGHT="21" WC="0.92" CONTENT="inslä"/><SP WIDTH="15" VPOS="1124" HPOS="866"/>
							<String ID="string_339" HPOS="881" VPOS="1124" WIDTH="27" HEIGHT="28" WC="0.97" CONTENT="pä"/>
						</TextLine>
						<TextLine ID="line_34" HPOS="80" VPOS="1151" WIDTH="827" HEIGHT="29">
							<String ID="string_340" HPOS="80" VPOS="1151" WIDTH="215" HEIGHT="27" WC="0.92" CONTENT="reglementerandets"/><SP WIDTH="23" VPOS="1151" HPOS="295"/>
							<String ID="string_341" HPOS="318" VPOS="1154" WIDTH="41" HEIGHT="26" WC="0.96" CONTENT="väg"/><SP WIDTH="14" VPOS="1154" HPOS="359"/>
							<String ID="string_342" HPOS="373" VPOS="1153" WIDTH="40" HEIGHT="20" WC="0.93" CONTENT="och"/><SP WIDTH="16" VPOS="1153" HPOS="413"/>
							<String ID="string_343" HPOS="429" VPOS="1152" WIDTH="71" HEIGHT="28" WC="0.93" CONTENT="tvinga"/><SP WIDTH="16" VPOS="1152" HPOS="500"/>
							<String ID="string_344" HPOS="516" VPOS="1153" WIDTH="62" HEIGHT="21" WC="0.93" CONTENT="dessa"/><SP WIDTH="14" VPOS="1153" HPOS="578"/>
							<String ID="string_345" HPOS="592" VPOS="1153" WIDTH="203" HEIGHT="27" WC="0.93" CONTENT="pantläneanstalter"/><SP WIDTH="15" VPOS="1153" HPOS="795"/>
							<String ID="string_346" HPOS="810" VPOS="1155" WIDTH="30" HEIGHT="19" WC="0.93" CONTENT="att"/><SP WIDTH="14" VPOS="1155" HPOS="840"/>
							<String ID="string_347" HPOS="854" VPOS="1159" WIDTH="53" HEIGHT="21" WC="0.92" CONTENT="upp-"/>
						</TextLine>
						<TextLine ID="line_35" HPOS="80" VPOS="1180" WIDTH="827" HEIGHT="29">
							<String ID="string_348" HPOS="80" VPOS="1180" WIDTH="52" HEIGHT="20" WC="0.91" CONTENT="höra"/><SP WIDTH="22" VPOS="1180" HPOS="132"/>
							<String ID="string_349" HPOS="154" VPOS="1180" WIDTH="49" HEIGHT="20" WC="0.96" CONTENT="med"/><SP WIDTH="22" VPOS="1180" HPOS="203"/>
							<String ID="string_350" HPOS="225" VPOS="1180" WIDTH="34" HEIGHT="20" WC="0.93" CONTENT="sin"/><SP WIDTH="22" VPOS="1180" HPOS="259"/>
							<String ID="string_351" HPOS="281" VPOS="1180" WIDTH="134" HEIGHT="22" WC="0.92" CONTENT="värksamhet"/><SP WIDTH="22" VPOS="1180" HPOS="415"/>
							<String ID="string_352" HPOS="437" VPOS="1181" WIDTH="53" HEIGHT="21" WC="0.96" CONTENT="eller"/><SP WIDTH="24" VPOS="1181" HPOS="490"/>
							<String ID="string_353" HPOS="514" VPOS="1183" WIDTH="30" HEIGHT="19" WC="0.93" CONTENT="att"/><SP WIDTH="22" VPOS="1183" HPOS="544"/>
							<String ID="string_354" HPOS="566" VPOS="1181" WIDTH="115" HEIGHT="21" WC="0.91" CONTENT="inskränka"/><SP WIDTH="23" VPOS="1181" HPOS="681"/>
							<String ID="string_355" HPOS="704" VPOS="1182" WIDTH="128" HEIGHT="20" WC="0.91" CONTENT="densamma."/><SP WIDTH="33" VPOS="1182" HPOS="832"/>
							<String ID="string_356" HPOS="865" VPOS="1181" WIDTH="42" HEIGHT="28" WC="0.96" CONTENT="Jag"/>
						</TextLine>
						<TextLine ID="line_36" HPOS="80" VPOS="1207" WIDTH="827" HEIGHT="30">
							<String ID="string_357" HPOS="80" VPOS="1207" WIDTH="69" HEIGHT="21" WC="0.97" CONTENT="skulle"/><SP WIDTH="15" VPOS="1207" HPOS="149"/>
							<String ID="string_358" HPOS="164" VPOS="1208" WIDTH="33" HEIGHT="20" WC="0.96" CONTENT="för"/><SP WIDTH="14" VPOS="1208" HPOS="197"/>
							<String ID="string_359" HPOS="211" VPOS="1208" WIDTH="45" HEIGHT="21" WC="0.96" CONTENT="min"/><SP WIDTH="15" VPOS="1208" HPOS="256"/>
							<String ID="string_360" HPOS="271" VPOS="1208" WIDTH="33" HEIGHT="21" WC="0.96" CONTENT="del"/><SP WIDTH="16" VPOS="1208" HPOS="304"/>
							<String ID="string_361" HPOS="320" VPOS="1209" WIDTH="71" HEIGHT="21" WC="0.93" CONTENT="därför"/><SP WIDTH="14" VPOS="1209" HPOS="391"/>
							<String ID="string_362" HPOS="405" VPOS="1209" WIDTH="57" HEIGHT="21" WC="0.92" CONTENT="hälla"/><SP WIDTH="14" VPOS="1209" HPOS="462"/>
							<String ID="string_363" HPOS="476" VPOS="1209" WIDTH="46" HEIGHT="22" WC="0.96" CONTENT="före"/><SP WIDTH="10" VPOS="1209" HPOS="522"/>
							<String ID="string_364" HPOS="532" VPOS="1211" WIDTH="31" HEIGHT="20" WC="0.96" CONTENT="att"/><SP WIDTH="10" VPOS="1211" HPOS="563"/>
							<String ID="string_365" HPOS="573" VPOS="1209" WIDTH="41" HEIGHT="22" WC="0.96" CONTENT="den"/><SP WIDTH="12" VPOS="1209" HPOS="614"/>
							<String ID="string_366" HPOS="626" VPOS="1210" WIDTH="120" HEIGHT="27" WC="0.93" CONTENT="föreslagna"/><SP WIDTH="9" VPOS="1210" HPOS="746"/>
							<String ID="string_367" HPOS="755" VPOS="1209" WIDTH="152" HEIGHT="28" WC="0.92" CONTENT="lagstiftnings-"/>
						</TextLine>
						<TextLine ID="line_37" HPOS="80" VPOS="1235" WIDTH="827" HEIGHT="30">
							<String ID="string_368" HPOS="80" VPOS="1235" WIDTH="101" HEIGHT="28" WC="0.96" CONTENT="åtgärden"/><SP WIDTH="22" VPOS="1235" HPOS="181"/>
							<String ID="string_369" HPOS="203" VPOS="1236" WIDTH="48" HEIGHT="21" WC="0.96" CONTENT="icke"/><SP WIDTH="19" VPOS="1236" HPOS="251"/>
							<String ID="string_370" HPOS="270" VPOS="1237" WIDTH="65" HEIGHT="21" WC="0.92" CONTENT="borde"/><SP WIDTH="16" VPOS="1237" HPOS="335"/>
							<String ID="string_371" HPOS="351" VPOS="1238" WIDTH="86" HEIGHT="27" WC="0.91" CONTENT="afböjas,"/><SP WIDTH="16" VPOS="1238" HPOS="437"/>
							<String ID="string_372" HPOS="453" VPOS="1239" WIDTH="53" HEIGHT="20" WC="0.96" CONTENT="utan"/><SP WIDTH="15" VPOS="1239" HPOS="506"/>
							<String ID="string_373" HPOS="521" VPOS="1240" WIDTH="30" HEIGHT="19" WC="0.93" CONTENT="att"/><SP WIDTH="17" VPOS="1240" HPOS="551"/>
							<String ID="string_374" HPOS="568" VPOS="1238" WIDTH="173" HEIGHT="27" WC="0.93" CONTENT="borgareständet"/><SP WIDTH="15" VPOS="1238" HPOS="741"/>
							<String ID="string_375" HPOS="756" VPOS="1238" WIDTH="64" HEIGHT="21" WC="0.96" CONTENT="borde"/><SP WIDTH="15" VPOS="1238" HPOS="820"/>
							<String ID="string_376" HPOS="835" VPOS="1238" WIDTH="72" HEIGHT="21" WC="0.96" CONTENT="lämna"/>
						</TextLine>
						<TextLine ID="line_38" HPOS="80" VPOS="1265" WIDTH="827" HEIGHT="28">
							<String ID="string_377" HPOS="80" VPOS="1265" WIDTH="33" HEIGHT="20" WC="0.91" CONTENT="sin"/><SP WIDTH="23" VPOS="1265" HPOS="113"/>
							<String ID="string_378" HPOS="136" VPOS="1265" WIDTH="129" HEIGHT="21" WC="0.91" CONTENT="medvärkan"/><SP WIDTH="22" VPOS="1265" HPOS="265"/>
							<String ID="string_379" HPOS="287" VPOS="1266" WIDTH="70" HEIGHT="21" WC="0.90" CONTENT="därtill"/><SP WIDTH="23" VPOS="1266" HPOS="357"/>
							<String ID="string_380" HPOS="380" VPOS="1268" WIDTH="30" HEIGHT="19" WC="0.93" CONTENT="att"/><SP WIDTH="22" VPOS="1268" HPOS="410"/>
							<String ID="string_381" HPOS="432" VPOS="1267" WIDTH="194" HEIGHT="26" WC="0.92" CONTENT="pantlänerörelsen"/><SP WIDTH="20" VPOS="1267" HPOS="626"/>
							<String ID="string_382" HPOS="646" VPOS="1267" WIDTH="39" HEIGHT="21" WC="0.96" CONTENT="hos"/><SP WIDTH="16" VPOS="1267" HPOS="685"/>
							<String ID="string_383" HPOS="701" VPOS="1273" WIDTH="34" HEIGHT="15" WC="0.93" CONTENT="oss"/><SP WIDTH="15" VPOS="1273" HPOS="735"/>
							<String ID="string_384" HPOS="750" VPOS="1267" WIDTH="64" HEIGHT="21" WC="0.92" CONTENT="mätte"/><SP WIDTH="15" VPOS="1267" HPOS="814"/>
							<String ID="string_385" HPOS="829" VPOS="1267" WIDTH="78" HEIGHT="21" WC="0.92" CONTENT="under-"/>
						</TextLine>
						<TextLine ID="line_39" HPOS="80" VPOS="1293" WIDTH="368" HEIGHT="29">
							<String ID="string_386" HPOS="80" VPOS="1293" WIDTH="70" HEIGHT="21" WC="0.91" CONTENT="kastas"/><SP WIDTH="15" VPOS="1293" HPOS="150"/>
							<String ID="string_387" HPOS="165" VPOS="1300" WIDTH="27" HEIGHT="14" WC="0.97" CONTENT="en"/><SP WIDTH="15" VPOS="1300" HPOS="192"/>
							<String ID="string_388" HPOS="207" VPOS="1294" WIDTH="89" HEIGHT="21" WC="0.96" CONTENT="särskild"/><SP WIDTH="15" VPOS="1294" HPOS="296"/>
							<String ID="string_389" HPOS="311" VPOS="1294" WIDTH="137" HEIGHT="28" WC="0.95" CONTENT="lagstiftning."/>
						</TextLine>
					</TextBlock>
					<TextBlock ID="block_2" HPOS="78" VPOS="1321" WIDTH="829" HEIGHT="230">
						<TextLine ID="line_40" HPOS="148" VPOS="1321" WIDTH="759" HEIGHT="24">
							<String ID="string_390" HPOS="148" VPOS="1321" WIDTH="63" HEIGHT="22" WC="0.96" CONTENT="Hvad"/><SP WIDTH="23" VPOS="1321" HPOS="211"/>
							<String ID="string_391" HPOS="234" VPOS="1323" WIDTH="119" HEIGHT="21" WC="0.92" CONTENT="sedermera"/><SP WIDTH="23" VPOS="1323" HPOS="353"/>
							<String ID="string_392" HPOS="376" VPOS="1323" WIDTH="133" HEIGHT="22" WC="0.91" CONTENT="vidkommer"/><SP WIDTH="21" VPOS="1323" HPOS="509"/>
							<String ID="string_393" HPOS="530" VPOS="1323" WIDTH="37" HEIGHT="21" WC="0.93" CONTENT="hrr"/><SP WIDTH="21" VPOS="1323" HPOS="567"/>
							<String ID="string_394" HPOS="588" VPOS="1323" WIDTH="102" HEIGHT="22" WC="0.71" CONTENT="Jusölius&#39;"/><SP WIDTH="23" VPOS="1323" HPOS="690"/>
							<String ID="string_395" HPOS="713" VPOS="1324" WIDTH="39" HEIGHT="21" WC="0.96" CONTENT="och"/><SP WIDTH="16" VPOS="1324" HPOS="752"/>
							<String ID="string_396" HPOS="768" VPOS="1330" WIDTH="41" HEIGHT="15" WC="0.93" CONTENT="von"/><SP WIDTH="16" VPOS="1330" HPOS="809"/>
							<String ID="string_397" HPOS="825" VPOS="1324" WIDTH="82" HEIGHT="21" WC="0.87" CONTENT="Pfalers"/>
						</TextLine>
						<TextLine ID="line_41" HPOS="79" VPOS="1350" WIDTH="827" HEIGHT="30">
							<String ID="string_398" HPOS="79" VPOS="1350" WIDTH="117" HEIGHT="28" WC="0.91" CONTENT="yrkanden,"/><SP WIDTH="23" VPOS="1350" HPOS="196"/>
							<String ID="string_399" HPOS="219" VPOS="1351" WIDTH="122" HEIGHT="22" WC="0.90" CONTENT="framstälda"/><SP WIDTH="22" VPOS="1351" HPOS="341"/>
							<String ID="string_400" HPOS="363" VPOS="1352" WIDTH="8" HEIGHT="21" WC="0.96" CONTENT="i"/><SP WIDTH="23" VPOS="1352" HPOS="371"/>
							<String ID="string_401" HPOS="394" VPOS="1352" WIDTH="41" HEIGHT="21" WC="0.96" CONTENT="den"/><SP WIDTH="21" VPOS="1352" HPOS="435"/>
							<String ID="string_402" HPOS="456" VPOS="1352" WIDTH="67" HEIGHT="21" WC="0.93" CONTENT="andra"/><SP WIDTH="15" VPOS="1352" HPOS="523"/>
							<String ID="string_403" HPOS="538" VPOS="1353" WIDTH="165" HEIGHT="27" WC="0.92" CONTENT="reservationen,"/><SP WIDTH="15" VPOS="1353" HPOS="703"/>
							<String ID="string_404" HPOS="718" VPOS="1353" WIDTH="23" HEIGHT="20" WC="0.93" CONTENT="sä"/><SP WIDTH="15" VPOS="1353" HPOS="741"/>
							<String ID="string_405" HPOS="756" VPOS="1353" WIDTH="62" HEIGHT="20" WC="0.93" CONTENT="hafva"/><SP WIDTH="15" VPOS="1353" HPOS="818"/>
							<String ID="string_406" HPOS="833" VPOS="1353" WIDTH="23" HEIGHT="26" WC="0.96" CONTENT="ju"/><SP WIDTH="16" VPOS="1353" HPOS="856"/>
							<String ID="string_407" HPOS="872" VPOS="1359" WIDTH="34" HEIGHT="14" WC="0.96" CONTENT="om"/>
						</TextLine>
						<TextLine ID="line_42" HPOS="80" VPOS="1379" WIDTH="827" HEIGHT="29">
							<String ID="string_408" HPOS="80" VPOS="1379" WIDTH="27" HEIGHT="20" WC="0.90" CONTENT="de"/><SP WIDTH="22" VPOS="1379" HPOS="107"/>
							<String ID="string_409" HPOS="129" VPOS="1379" WIDTH="36" HEIGHT="21" WC="0.90" CONTENT="tvä"/><SP WIDTH="20" VPOS="1379" HPOS="165"/>
							<String ID="string_410" HPOS="185" VPOS="1379" WIDTH="207" HEIGHT="29" WC="0.91" CONTENT="hufvudriktningar,"/><SP WIDTH="21" VPOS="1379" HPOS="392"/>
							<String ID="string_411" HPOS="413" VPOS="1381" WIDTH="8" HEIGHT="20" WC="0.93" CONTENT="i"/><SP WIDTH="21" VPOS="1381" HPOS="421"/>
							<String ID="string_412" HPOS="442" VPOS="1381" WIDTH="74" HEIGHT="20" WC="0.93" CONTENT="hvilka"/><SP WIDTH="21" VPOS="1381" HPOS="516"/>
							<String ID="string_413" HPOS="537" VPOS="1381" WIDTH="161" HEIGHT="27" WC="0.96" CONTENT="lagstiftningen"/><SP WIDTH="23" VPOS="1381" HPOS="698"/>
							<String ID="string_414" HPOS="721" VPOS="1381" WIDTH="37" HEIGHT="21" WC="0.91" CONTENT="bör"/><SP WIDTH="15" VPOS="1381" HPOS="758"/>
							<String ID="string_415" HPOS="773" VPOS="1381" WIDTH="26" HEIGHT="27" WC="0.92" CONTENT="gä"/><SP WIDTH="15" VPOS="1381" HPOS="799"/>
							<String ID="string_416" HPOS="814" VPOS="1381" WIDTH="39" HEIGHT="21" WC="0.96" CONTENT="och"/><SP WIDTH="15" VPOS="1381" HPOS="853"/>
							<String ID="string_417" HPOS="868" VPOS="1381" WIDTH="39" HEIGHT="21" WC="0.96" CONTENT="har"/>
						</TextLine>
						<TextLine ID="line_43" HPOS="80" VPOS="1407" WIDTH="827" HEIGHT="30">
							<String ID="string_418" HPOS="80" VPOS="1407" WIDTH="44" HEIGHT="27" WC="0.93" CONTENT="gätt"/><SP WIDTH="21" VPOS="1407" HPOS="124"/>
							<String ID="string_419" HPOS="145" VPOS="1407" WIDTH="8" HEIGHT="20" WC="0.96" CONTENT="i"/><SP WIDTH="22" VPOS="1407" HPOS="153"/>
							<String ID="string_420" HPOS="175" VPOS="1408" WIDTH="66" HEIGHT="21" WC="0.96" CONTENT="andra"/><SP WIDTH="22" VPOS="1408" HPOS="241"/>
							<String ID="string_421" HPOS="263" VPOS="1408" WIDTH="79" HEIGHT="28" WC="0.96" CONTENT="länder,"/><SP WIDTH="22" VPOS="1408" HPOS="342"/>
							<String ID="string_422" HPOS="364" VPOS="1409" WIDTH="57" HEIGHT="21" WC="0.93" CONTENT="olika"/><SP WIDTH="15" VPOS="1409" HPOS="421"/>
							<String ID="string_423" HPOS="436" VPOS="1409" WIDTH="111" HEIGHT="28" WC="0.92" CONTENT="meningar"/><SP WIDTH="15" VPOS="1409" HPOS="547"/>
							<String ID="string_424" HPOS="562" VPOS="1409" WIDTH="141" HEIGHT="28" WC="0.92" CONTENT="förekommit,"/><SP WIDTH="16" VPOS="1409" HPOS="703"/>
							<String ID="string_425" HPOS="719" VPOS="1410" WIDTH="107" HEIGHT="27" WC="0.93" CONTENT="nämligen"/><SP WIDTH="15" VPOS="1410" HPOS="826"/>
							<String ID="string_426" HPOS="841" VPOS="1409" WIDTH="66" HEIGHT="21" WC="0.92" CONTENT="huru-"/>
						</TextLine>
						<TextLine ID="line_44" HPOS="80" VPOS="1436" WIDTH="826" HEIGHT="29">
							<String ID="string_427" HPOS="80" VPOS="1436" WIDTH="49" HEIGHT="21" WC="0.93" CONTENT="vida"/><SP WIDTH="15" VPOS="1436" HPOS="129"/>
							<String ID="string_428" HPOS="144" VPOS="1436" WIDTH="194" HEIGHT="27" WC="0.91" CONTENT="pantlänerörelsen"/><SP WIDTH="15" VPOS="1436" HPOS="338"/>
							<String ID="string_429" HPOS="353" VPOS="1437" WIDTH="55" HEIGHT="21" WC="0.93" CONTENT="skall"/><SP WIDTH="13" VPOS="1437" HPOS="408"/>
							<String ID="string_430" HPOS="421" VPOS="1437" WIDTH="77" HEIGHT="22" WC="0.91" CONTENT="tillätas"/><SP WIDTH="16" VPOS="1437" HPOS="498"/>
							<String ID="string_431" HPOS="514" VPOS="1438" WIDTH="75" HEIGHT="21" WC="0.96" CONTENT="endast"/><SP WIDTH="15" VPOS="1438" HPOS="589"/>
							<String ID="string_432" HPOS="604" VPOS="1439" WIDTH="7" HEIGHT="20" WC="0.93" CONTENT="i"/><SP WIDTH="15" VPOS="1439" HPOS="611"/>
							<String ID="string_433" HPOS="626" VPOS="1438" WIDTH="141" HEIGHT="27" WC="0.92" CONTENT="filantropiskt"/><SP WIDTH="15" VPOS="1438" HPOS="767"/>
							<String ID="string_434" HPOS="782" VPOS="1439" WIDTH="60" HEIGHT="26" WC="0.96" CONTENT="syfte,"/><SP WIDTH="12" VPOS="1439" HPOS="842"/>
							<String ID="string_435" HPOS="854" VPOS="1439" WIDTH="52" HEIGHT="20" WC="0.96" CONTENT="utan"/>
						</TextLine>
						<TextLine ID="line_45" HPOS="79" VPOS="1465" WIDTH="827" HEIGHT="29">
							<String ID="string_436" HPOS="79" VPOS="1465" WIDTH="91" HEIGHT="26" WC="0.96" CONTENT="anspråk"/><SP WIDTH="20" VPOS="1465" HPOS="170"/>
							<String ID="string_437" HPOS="190" VPOS="1465" WIDTH="27" HEIGHT="27" WC="0.96" CONTENT="pä"/><SP WIDTH="15" VPOS="1465" HPOS="217"/>
							<String ID="string_438" HPOS="232" VPOS="1471" WIDTH="54" HEIGHT="21" WC="0.92" CONTENT="egen"/><SP WIDTH="15" VPOS="1471" HPOS="286"/>
							<String ID="string_439" HPOS="301" VPOS="1466" WIDTH="96" HEIGHT="27" WC="0.96" CONTENT="vinning,"/><SP WIDTH="15" VPOS="1466" HPOS="397"/>
							<String ID="string_440" HPOS="412" VPOS="1466" WIDTH="52" HEIGHT="21" WC="0.96" CONTENT="eller"/><SP WIDTH="15" VPOS="1466" HPOS="464"/>
							<String ID="string_441" HPOS="479" VPOS="1467" WIDTH="107" HEIGHT="20" WC="0.96" CONTENT="huruvida"/><SP WIDTH="15" VPOS="1467" HPOS="586"/>
							<String ID="string_442" HPOS="601" VPOS="1467" WIDTH="42" HEIGHT="20" WC="0.96" CONTENT="den"/><SP WIDTH="16" VPOS="1467" HPOS="643"/>
							<String ID="string_443" HPOS="659" VPOS="1467" WIDTH="38" HEIGHT="20" WC="0.93" CONTENT="bör"/><SP WIDTH="15" VPOS="1467" HPOS="697"/>
							<String ID="string_444" HPOS="712" VPOS="1467" WIDTH="68" HEIGHT="27" WC="0.82" CONTENT="gifvas"/><SP WIDTH="14" VPOS="1467" HPOS="780"/>
							<String ID="string_445" HPOS="794" VPOS="1467" WIDTH="27" HEIGHT="20" WC="0.96" CONTENT="fri"/><SP WIDTH="15" VPOS="1467" HPOS="821"/>
							<String ID="string_446" HPOS="836" VPOS="1465" WIDTH="70" HEIGHT="22" WC="0.96" CONTENT="såsom"/>
						</TextLine>
						<TextLine ID="line_46" HPOS="79" VPOS="1493" WIDTH="827" HEIGHT="28">
							<String ID="string_447" HPOS="79" VPOS="1493" WIDTH="84" HEIGHT="20" WC="0.92" CONTENT="enskild"/><SP WIDTH="15" VPOS="1493" HPOS="163"/>
							<String ID="string_448" HPOS="178" VPOS="1493" WIDTH="82" HEIGHT="28" WC="0.92" CONTENT="näring,"/><SP WIDTH="16" VPOS="1493" HPOS="260"/>
							<String ID="string_449" HPOS="276" VPOS="1500" WIDTH="50" HEIGHT="15" WC="0.93" CONTENT="men"/><SP WIDTH="14" VPOS="1500" HPOS="326"/>
							<String ID="string_450" HPOS="340" VPOS="1494" WIDTH="174" HEIGHT="27" WC="0.90" CONTENT="reglementeras."/><SP WIDTH="32" VPOS="1494" HPOS="514"/>
							<String ID="string_451" HPOS="546" VPOS="1494" WIDTH="69" HEIGHT="21" WC="0.90" CONTENT="Ocksä"/><SP WIDTH="15" VPOS="1494" HPOS="615"/>
							<String ID="string_452" HPOS="630" VPOS="1495" WIDTH="59" HEIGHT="20" WC="0.93" CONTENT="inom"/><SP WIDTH="15" VPOS="1495" HPOS="689"/>
							<String ID="string_453" HPOS="704" VPOS="1495" WIDTH="102" HEIGHT="21" WC="0.92" CONTENT="utskottet"/><SP WIDTH="14" VPOS="1495" HPOS="806"/>
							<String ID="string_454" HPOS="820" VPOS="1494" WIDTH="64" HEIGHT="21" WC="0.93" CONTENT="hafva"/><SP WIDTH="14" VPOS="1494" HPOS="884"/>
							<String ID="string_455" HPOS="898" VPOS="1495" WIDTH="8" HEIGHT="20" WC="0.96" CONTENT="i"/>
						</TextLine>
						<TextLine ID="line_47" HPOS="78" VPOS="1521" WIDTH="827" HEIGHT="30">
							<String ID="string_456" HPOS="78" VPOS="1521" WIDTH="58" HEIGHT="20" WC="0.92" CONTENT="detta"/><SP WIDTH="23" VPOS="1521" HPOS="136"/>
							<String ID="string_457" HPOS="159" VPOS="1521" WIDTH="100" HEIGHT="22" WC="0.96" CONTENT="afseende"/><SP WIDTH="23" VPOS="1521" HPOS="259"/>
							<String ID="string_458" HPOS="282" VPOS="1522" WIDTH="67" HEIGHT="27" WC="0.85" CONTENT="bägge"/><SP WIDTH="23" VPOS="1522" HPOS="349"/>
							<String ID="string_459" HPOS="372" VPOS="1523" WIDTH="139" HEIGHT="27" WC="0.96" CONTENT="meningarna"/><SP WIDTH="22" VPOS="1523" HPOS="511"/>
							<String ID="string_460" HPOS="533" VPOS="1523" WIDTH="45" HEIGHT="21" WC="0.96" CONTENT="haft"/><SP WIDTH="22" VPOS="1523" HPOS="578"/>
							<String ID="string_461" HPOS="600" VPOS="1523" WIDTH="46" HEIGHT="21" WC="0.93" CONTENT="sina"/><SP WIDTH="22" VPOS="1523" HPOS="646"/>
							<String ID="string_462" HPOS="668" VPOS="1523" WIDTH="150" HEIGHT="28" WC="0.95" CONTENT="förespråkare."/><SP WIDTH="37" VPOS="1523" HPOS="818"/>
							<String ID="string_463" HPOS="855" VPOS="1522" WIDTH="50" HEIGHT="22" WC="0.96" CONTENT="Man"/>
						</TextLine>
					</TextBlock>
				</ComposedBlock>
				<ComposedBlock ID="cblock_3" HPOS="814" VPOS="1562" WIDTH="22" HEIGHT="18">
					<TextBlock ID="block_3" HPOS="814" VPOS="1562" WIDTH="22" HEIGHT="18">
						<TextLine ID="line_48" HPOS="814" VPOS="1562" WIDTH="22" HEIGHT="18">
							<String ID="string_464" HPOS="814" VPOS="1562" WIDTH="22" HEIGHT="18" WC="0.96" CONTENT="29"/>
						</TextLine>
					</TextBlock>
				</ComposedBlock>
				<GraphicalElement ID="cblock_4" HPOS="1099" VPOS="456" WIDTH="3" HEIGHT="896"></GraphicalElement >
			</PrintSpace>
		</Page>
	</Layout>
</alto>
