1103 1811
199 140 40 21 590
424 146 95 17 Kvinnas
531 146 43 16 rätt
586 145 33 17 till
632 146 167 20 läraretjänster.
941 146 12 16 6
966 146 57 20 april.

198 215 77 21 nainen
306 215 51 21 kuin
388 215 58 23 mies,
473 216 62 19 antaa
562 214 72 21 virkaa
660 214 94 21 naiselle.
785 213 95 21 Minäkin.
906 214 117 27 puolestani

197 244 37 20 siis
249 244 105 20 kannatan
371 244 107 26 kolmatta,
493 243 73 27 hrojen
582 242 170 22 Wallensköldin
768 243 21 27 ja
804 242 139 22 Lönnbeckin
957 244 66 20 vasta-

197 272 96 21 lausetta.

266 329 33 20 Hr
320 329 153 20 Borenius:
504 328 92 21 Oaktadt
616 329 34 26 jag
673 328 47 21 icke
736 334 63 14 anser
814 327 36 22 det
865 327 114 22 önskvärdt
993 329 30 19 att

197 357 119 21 kvinnorna
339 358 7 19 i
369 359 66 19 större
453 357 51 27 grad
520 357 69 20 skulle
604 357 51 20 söka
670 357 32 26 sig
718 357 60 20 öfver
792 356 32 21 till
840 356 124 27 gosskolans
979 363 44 14 om-

197 385 50 22 räde
263 385 33 21 för
311 387 30 19 att
356 386 38 20 där
408 386 7 20 i
430 385 132 21 konkurrens
578 385 48 21 med
642 387 92 18 männen
750 385 52 20 söka
816 385 71 26 intaga
901 385 26 20 de
940 385 82 27 platser,

197 421 46 14 som
259 414 88 27 tidigare
363 414 54 21 varit
431 414 135 21 reserverade
581 414 33 20 för
628 413 26 21 de
670 419 81 21 senare,
767 413 27 21 dä
808 413 36 27 jag
859 413 46 21 icke
918 413 41 21 kan
972 419 50 15 anse

198 443 36 21 det
257 442 96 21 bevisadt
375 445 29 18 att
427 443 93 20 kvinnan
543 442 87 27 specielt
652 448 50 15 vore
724 442 68 27 egnad
816 442 33 21 för
862 442 133 21 lärarekallet
1015 441 7 20 i

198 471 115 27 gosskolor,
336 471 99 21 särskildt
456 471 26 27 pä
500 471 26 20 de
541 471 65 32 högre
620 470 114 27 stadierna,
750 471 39 20 och
806 471 26 20 dä
846 471 36 26 jag
896 470 67 21 håller
976 470 45 20 före

198 502 30 19 att
250 500 93 21 kvinnan
367 500 7 20 i
395 499 77 35 regeln
487 499 37 21 har
539 499 32 27 sig
586 505 26 15 en
629 499 48 20 vida
693 499 65 27 högre
773 499 39 20 och
829 499 128 26 naturligare
972 505 51 20 upp-

197 529 39 26 gift
251 529 95 26 förelagd
362 530 27 19 än
405 531 30 18 att
448 528 27 27 pä
490 528 41 21 alla
542 527 172 22 arbetsomräden
724 527 133 21 konkurrera
867 527 48 21 med
926 533 97 21 mannen,

197 545 86 32 hvarför
305 557 33 20 för
360 556 183 27 undantagsfallen
567 556 178 27 dispensutvägen
762 563 42 20 nog
819 556 72 21 kunde
906 562 61 15 anses
983 544 40 32 till”

198 585 163 27 fyllesgörande,
384 585 37 21 ber
442 586 36 26 jag
500 585 53 20 dock
576 587 30 18 att
628 584 21 21 få
672 585 88 20 omfatta
783 585 154 20 reservationen
954 591 33 14 n:o
1005 585 17 20 3.

196 614 42 27 Jag
258 614 69 20 skulle
342 614 106 27 nämligen
464 613 66 21 önska
544 615 30 19 att
589 613 18 27 ej
624 619 38 15 ens
673 613 41 21 den
724 613 92 27 ringaste
827 612 154 27 tillstymmelse
992 612 31 21 till

197 642 46 21 stöd
267 642 33 20 för
322 642 35 21 det
379 642 96 27 ständiga
497 642 51 20 talet
563 648 34 14 om
614 641 48 21 väld
678 642 40 20 och
733 641 94 27 förtryck
844 641 69 21 blefve
929 641 94 20 lämnadt

197 671 43 20 lika
265 671 46 21 litet
332 671 27 27 på
381 671 57 21 detta
457 677 45 26 som
517 670 27 27 på
558 670 65 27 något
638 672 65 18 annat
717 669 231 28 lagstiftningsområde
965 669 57 21 berö-

197 699 66 21 rande
287 699 100 21 kvinnan.
415 698 58 28 Då
467 699 35 27 jag
524 698 108 21 dessutom
648 700 44 19 tror
707 700 31 19 att
752 698 40 21 den
810 698 105 27 naturliga
931 698 91 20 konkur-

196 734 77 14 rensen
289 728 109 27 själfmant
413 728 53 20 skall
481 727 66 21 ordna
562 726 75 28 frågan
654 728 39 20 och
709 727 27 21 de
752 727 100 21 befarade
868 726 92 21 vådorna
975 726 44 21 där-

197 756 85 28 igenom
299 756 110 27 aflägsnas,
425 756 37 21 ber
476 756 34 27 jag
525 756 69 20 såsom
608 756 61 26 sagdt
679 758 30 18 att
721 755 22 21 få
753 756 89 20 omfatta
852 756 35 20 hrr
897 754 125 22 Lönnbecks

197 785 39 20 och
252 784 159 21 Wallenskölds
426 784 133 21 reservation.

240 844 2 2 "
266 841 33 21 Hr
321 841 144 21 Boisman:
495 840 33 21 Då
551 841 37 20 här
608 840 86 27 antydts
710 842 30 19 att
755 840 179 27 borgareständet,
949 841 7 19 i
971 841 50 20 hän-

197 869 59 21 delse
279 870 36 21 det
335 869 115 21 omfattade
465 869 112 21 utskottets
592 869 140 26 betänkande,
746 869 70 20 skulle
832 869 60 20 ställa
907 869 32 26 sig
954 869 26 27 på
995 875 25 14 en

197 898 84 20 mindre
303 898 74 21 liberal
400 898 129 27 ståndpunkt
550 900 26 18 än
593 898 55 20 1894
663 898 34 20 ärs
712 897 92 27 ständer,
820 897 38 20 vill
872 898 35 26 jag
922 899 57 19 ännu
995 903 25 15 en

197 926 57 27 gång
277 926 76 21 betona
373 928 31 19 att
425 926 201 27 ständerpetitionen
650 926 21 20 af
693 926 56 20 1894
772 925 119 21 innehåller
905 926 75 20 endast
994 932 27 14 en

197 955 100 21 anhållan
319 962 34 14 om
377 955 119 27 beviljande
511 955 21 20 af
547 954 151 21 vidsträcktare
714 956 40 19 rätt
770 954 32 21 för
817 954 93 20 kvinnan
926 956 30 19 att
971 956 49 19 utan

197 983 87 27 dispens
299 984 79 20 ansöka
393 984 161 26 läraretjänster,
564 983 110 21 hvaremot
685 982 21 21 åt
716 983 125 27 regeringen
854 982 167 22 öfverlämnades

197 1014 30 18 att
244 1012 115 21 bestämma
383 1012 55 20 huru
460 1012 59 26 långt
541 1012 125 27 rättigheten
687 1012 71 20 kunde
775 1011 126 26 utsträckas;
917 1012 39 20 och
972 1018 48 14 man

198 1040 64 21 visste
278 1040 62 21 altför
355 1040 40 28 väl,
410 1040 27 21 då
451 1047 49 14 man
515 1040 79 21 fattade
610 1040 57 21 detta
683 1040 75 26 beslut,
774 1042 31 19 att
817 1040 122 21 åsikterna
927 1036 12 36 i
950 1040 72 27 frågan

197 1069 59 21 inom
272 1069 196 21 administrationen
484 1069 46 21 icke
546 1076 50 14 voro
612 1068 93 22 liberala.

267 1126 33 21 Hr
314 1126 117 21 Heikel:
447 1126 49 20 Alla
512 1126 32 26 de,
560 1132 45 14 som
620 1126 64 20 hafva
699 1126 53 27 tagit
767 1126 113 20 utskottets
890 1125 133 22 betänkande

199 1155 6 20 i
220 1154 88 28 försvar,
324 1155 62 21 hafva
402 1155 54 27 gjort
471 1154 35 21 det
521 1154 25 28 på
562 1154 41 21 den
619 1154 68 27 grund
703 1156 31 19 att
749 1154 27 21 de
791 1160 51 15 anse
858 1156 29 19 att
899 1160 26 14 en
936 1154 86 28 petition

199 1184 6 19 i
221 1183 152 21 vidsträcktare
396 1184 54 25 syfte
473 1183 46 21 icke
542 1183 68 21 skulle
626 1183 63 20 hafva
704 1182 70 27 någon
790 1182 116 27 framgång.
935 1183 42 26 Jag
991 1182 32 21 för

199 1211 44 21 min
268 1211 34 21 del
324 1211 67 22 måste
413 1211 92 21 erkänna
520 1213 30 19 att
564 1212 36 26 jag
615 1211 21 20 af
651 1211 85 21 fullaste
751 1211 142 26 öfvertygelse
909 1217 49 14 vore
974 1211 48 26 böjd

199 1241 33 20 för
252 1242 31 19 att
305 1242 56 19 rösta
383 1241 32 20 för
430 1240 111 21 utskottets
556 1239 139 22 betänkande.
726 1239 48 21 Men
792 1239 38 21 där
844 1239 68 21 finnes
927 1239 54 21 dock
996 1245 27 15 en

199 1269 162 27 omständighet,
378 1275 45 14 som
439 1270 37 25 gör
490 1271 30 18 att
534 1269 36 26 jag
584 1269 34 20 för
632 1268 44 20 min
692 1268 35 21 del
742 1268 62 21 äfven
821 1268 98 21 omfattar
931 1274 92 14 reserva-

199 1297 73 21 tionen
288 1303 35 14 n:o
334 1298 19 25 2,
365 1297 41 21 den
417 1297 182 27 omständigheten
610 1297 108 26 nämligen
729 1298 31 19 att
771 1297 34 20 vid
816 1303 27 14 en
853 1296 79 27 mängd
943 1296 21 21 af
974 1296 49 20 våra

199 1325 181 27 elmentarskolor,
403 1325 119 28 egentligen
541 1325 87 21 afsedda
642 1325 33 20 för
689 1331 79 21 gossar,
784 1331 89 14 numera
888 1325 62 20 äfven
965 1326 58 25 tagas

199 1356 58 19 emot
279 1354 75 21 flickor
376 1354 39 21 och
438 1356 30 19 att
488 1354 27 21 de
537 1353 90 22 sålunda
641 1353 88 21 faktiskt
744 1355 36 19 äro
796 1353 122 21 samskolor.
947 1353 77 21 Därför

199 1383 41 20 kan
265 1383 35 20 det
322 1389 50 14 vara
396 1382 43 21 skäl
463 1385 30 18 att
515 1382 200 27 kollegatjänsterna
737 1382 79 27 jämväl
839 1382 34 20 vid
894 1381 48 22 dem
957 1381 66 21 hållas

199 1413 70 25 öppna
284 1411 33 21 för
331 1411 94 27 kvinliga
437 1411 151 21 lärarekrafter.
612 1411 72 20 Skulle
695 1411 125 26 regeringen
832 1410 112 27 godkänna
954 1410 69 21 denna

199 1440 90 27 petition
301 1439 40 22 och
356 1440 83 21 utfärda
454 1442 30 18 ett
498 1439 116 28 stadgande
629 1439 7 20 i
652 1439 57 21 detta
724 1439 63 26 syfte,
802 1439 23 20 så
840 1439 69 21 skulle
923 1439 35 27 jag
973 1444 50 15 anse

199 1469 31 19 att
251 1468 74 26 frågan
349 1474 34 14 om
406 1468 85 27 dispens
511 1468 47 20 från
580 1468 36 20 sitt
636 1468 43 20 kön
695 1467 87 21 därmed
798 1467 63 21 äfven
877 1468 70 20 kunde
962 1467 60 20 lösas.

198 1496 43 27 Jag
256 1498 23 18 är
294 1496 7 20 i
316 1496 116 21 allmänhet
446 1496 65 27 ingen
526 1498 41 18 vän
582 1496 22 20 af
619 1496 109 27 dispenser
744 1496 39 20 och
799 1502 63 14 anser
876 1498 29 19 att
916 1496 107 20 desamma

200 1524 50 21 böra
273 1525 125 20 inskränkas
420 1525 31 20 till
474 1525 34 20 det
530 1524 76 21 minsta
628 1524 92 27 möjliga.
750 1523 78 22 Därför
846 1526 24 19 är
884 1524 35 21 det
934 1523 45 21 skäl
994 1525 29 18 att
