1103 1811
71 146 28 17 30
110 147 43 19 jan.
412 138 145 31 Bankrörelse.
872 138 26 20 49

71 215 86 20 komma
172 218 23 16 ut
210 214 53 20 ifrän
280 214 41 20 den
337 214 184 27 ätervändsgränd,
536 214 8 20 i
559 213 86 21 hvilken
661 213 26 21 de
703 219 77 21 genom
791 212 41 21 den
844 212 54 21 orik-

70 243 43 27 tiga
139 242 124 27 tolkningen
291 242 21 21 af
334 242 120 26 banklagen
476 242 65 21 räkat.
571 242 42 20 Det
634 248 65 20 synes
720 241 44 27 mig
778 241 69 21 säsom
864 247 33 14 om

71 271 57 21 detta
150 271 62 21 äfven
235 271 54 21 varit
311 271 42 21 den
375 270 105 28 egentliga
496 270 90 22 afsikten
602 270 48 21 med
666 270 48 21 hela
729 269 169 28 propositionens

71 299 163 22 framställande.

141 327 63 22 Hvad
226 327 64 22 sedan
306 327 67 28 angär
386 327 73 28 frägan
476 335 35 13 om
527 327 211 28 bankinspektionen,
754 327 23 20 sä
792 326 41 21 kan
848 333 48 14 man

69 357 54 26 hysa
139 357 56 20 olika
210 357 111 27 meningar
335 357 106 20 huruvida
456 357 36 20 det
504 356 123 21 nuvarande
638 357 101 26 systemet
750 355 48 21 med
811 355 87 27 publika

70 385 80 21 ombud
171 385 32 20 för
223 385 52 20 hvar
297 385 56 21 bank
375 385 54 20 skall
448 385 116 21 bibehällas
585 385 52 20 eller
652 391 25 14 en
694 390 122 21 gemensam
832 383 65 22 bank-

69 414 108 27 inspektor
192 413 104 22 anställas.
326 413 41 22 För
382 413 44 21 min
446 413 34 22 del
495 415 23 19 är
532 414 36 27 jag
582 419 59 15 mera
656 413 49 27 böjd
721 413 33 20 för
769 412 129 21 bibehällan-

69 443 36 21 det
119 443 21 20 af
155 443 36 21 det
206 442 123 21 nuvarande
344 444 108 25 systemet.
481 442 41 27 Jag
538 442 98 21 omfattar
651 442 7 20 i
673 441 57 21 detta
746 441 99 21 afseende
856 441 41 21 den

70 471 129 22 reservation
220 477 46 15 som
281 471 22 20 af
321 471 26 20 hr
365 471 109 27 Wegelius
489 471 38 20 har
543 471 89 26 bifogats
649 470 161 21 bankkomitöns
826 469 71 22 betän-

70 499 75 22 kande.
175 499 70 22 Sedan
261 499 246 27 sedelutgifningsrätten
522 499 110 28 fräntagits
648 499 25 20 de
689 499 81 27 privata
785 498 112 24 bankerna,

70 528 37 21 har
129 528 99 21 behofvet
248 528 21 21 af
290 534 27 15 en
338 528 126 27 öfverhetlig
486 528 90 21 kontroll
594 527 130 27 väsentligen
742 527 108 25 minskats,
866 527 32 20 för

70 558 30 19 att
120 557 47 21 icke
188 558 50 25 säga
259 556 107 21 bortfallit.
396 556 107 27 Systemet
523 557 39 20 har
576 556 117 21 emellertid
711 555 75 21 vunnit
801 555 49 21 häfd
866 555 31 21 för

70 585 32 27 sig
117 585 38 21 och
171 585 68 28 ingätt
253 585 70 21 säsom
339 585 117 27 nägonting
474 585 130 27 nödvändigt
618 585 7 20 i
642 585 34 20 det
691 585 108 20 allmänna
814 584 83 21 betrak-

70 613 120 28 telsesättet,
217 614 38 20 och
283 615 50 19 utan
355 613 73 21 tvifvel
451 614 62 20 hafva
534 614 63 20 äfven
617 613 77 27 många
709 613 131 27 deponenter
854 612 43 28 lagt

70 642 44 21 vikt
135 642 35 21 vid
191 644 30 19 att
242 642 108 21 bankerna
371 642 32 21 stä
424 642 32 21 till
478 642 42 21 viss
538 642 51 27 grad
606 642 68 21 under
689 642 95 26 offentlig
799 641 97 21 kontroll.

69 670 31 22 På
115 671 70 21 denna
200 671 69 27 grund
285 671 37 20 vill
337 671 35 27 jag
388 671 47 21 icke
450 671 85 21 förorda
550 673 30 19 att
596 671 46 20 hela
658 670 70 21 denna
739 670 92 21 kontroll
843 670 53 21 skall

70 700 122 27 upphäfvas,
213 706 48 14 men
283 700 40 20 den
347 699 37 21 bör
405 700 47 20 icke
472 700 82 20 sträcka
570 700 32 26 six
618 699 70 21 vidare
704 701 26 18 än
747 699 83 21 absolut
846 698 50 21 nöd-

69 728 86 27 vändigt
176 730 27 19 är.
233 728 50 21 Man
305 728 35 20 mä
361 728 62 21 hafva
442 730 30 19 ett
487 728 83 27 publikt
585 728 79 20 ombud
680 728 34 20 vid
730 734 27 14 en
772 728 60 24 bank,
848 734 47 14 men

69 756 120 28 inspektion
211 757 21 21 af
253 763 26 15 en
296 756 55 21 bank
367 757 7 19 i
390 756 40 22 den
448 757 131 21 bemärkelse
594 757 58 21 detta
667 756 37 21 ord
720 756 99 27 vanligen
834 756 63 20 fattas

69 787 22 18 är
106 785 87 21 alldeles
209 786 46 20 icke
271 785 20 20 af
307 785 100 21 behofvet
422 785 98 27 päkallad
536 786 39 20 och
591 785 37 20 bör
643 785 46 21 icke
705 785 137 20 förekomma.
864 784 31 21 De

69 814 110 27 uppgifter,
195 820 45 15 som
257 813 68 28 äligga
341 814 138 27 regeringens
491 814 86 26 ombud,
590 815 34 19 äro
638 815 29 19 att
677 813 114 22 öfvervaka
804 815 29 19 att
845 813 51 20 ban-

69 842 41 21 ken
131 843 120 20 efterlefver
273 843 45 20 sina
336 843 132 26 stadganden
485 843 38 20 och
539 843 103 26 iakttager
658 842 124 27 banklagen,
798 844 54 18 samt
867 844 30 18 att

69 871 26 21 de
117 871 92 20 bilanser
230 871 39 21 och
290 871 186 27 ärsredogörelser,
498 878 45 14 som
565 871 84 21 banken
671 871 99 22 utfärdar,
790 871 106 20 öfverens-

69 901 87 19 stämma
173 899 47 21 med
236 900 49 20 dess
301 899 81 21 böcker.
412 900 40 20 Till
468 900 61 20 dessa
545 899 179 27 omständigheter
738 899 101 21 behöfvas
849 899 46 21 icke

69 927 69 28 nägon
161 928 88 20 särskild
272 928 198 21 fackmannainsikt.
501 928 32 20 En
556 928 70 27 vanlig
647 928 117 27 förständig
786 934 47 14 man
854 928 42 20 kan

68 956 85 27 mycket
179 956 32 21 väl
236 956 91 28 fullgöra
349 956 61 22 dessa
431 956 134 28 åligganden,
586 956 99 21 särskildt
701 963 33 14 om
751 957 41 20 han
808 956 89 21 innehar

67 985 103 27 juridiska
191 985 93 21 insikter.
314 985 41 21 För
377 985 133 21 bevakandet
533 986 21 20 af
575 986 169 27 deponenternas
764 987 42 19 rätt
825 985 70 21 kunde

68 1020 48 14 man
138 1014 101 27 möjligen
261 1014 86 27 tillägga
363 1014 40 20 den
420 1014 112 27 uppgiften
547 1014 32 20 för
595 1014 157 21 vederbörande
768 1014 128 20 kontrollent

68 1044 30 19 att
113 1042 50 27 följa
178 1042 49 21 med
243 1042 94 21 bankens
355 1042 134 22 värksamhet
503 1043 32 21 för
550 1045 31 19 att
595 1043 110 26 öfvertyga
720 1043 32 27 sig
767 1049 34 14 om
814 1044 31 19 att
855 1042 40 21 den

67 1070 70 22 skötes
153 1070 26 28 pä
194 1074 30 18 ett
239 1071 62 21 solidt
317 1071 39 21 och
372 1071 52 21 reelt
439 1074 42 26 sätt
496 1072 39 20 och
549 1072 47 20 icke
611 1071 76 21 inläter
699 1072 33 26 sig
742 1071 26 27 pä
780 1071 55 21 hvad
846 1078 48 13 man

67 1099 72 21 kunde
154 1099 55 21 kalla
224 1100 183 27 svindelgeschäft.
437 1100 73 21 Äfven
528 1100 70 21 denna
617 1100 87 27 uppgift,
722 1100 45 20 ifall
783 1100 41 20 den
842 1099 52 21 skall

68 1128 68 27 åligga
152 1128 162 27 kontrollenten,
329 1128 44 21 kan
388 1128 74 22 lättare
479 1129 63 26 fyllas
557 1129 21 21 af
594 1135 25 14 en
637 1135 81 21 person,
734 1135 45 14 som
796 1130 22 19 är
824 1124 12 36 i
854 1128 41 21 till-

67 1156 49 22 fälle
132 1159 29 19 att
176 1157 110 21 öfvervara
301 1157 116 27 styrelsens
432 1157 53 21 eller
500 1157 209 27 förvaltningsrädets
725 1157 169 21 sammanträden

67 1185 39 21 och
122 1185 37 21 där
174 1186 48 26 själf
237 1187 109 26 öfvertyga
361 1186 32 27 sig
409 1192 35 14 om
460 1186 26 21 de
502 1186 142 27 grundsatser,
660 1186 53 21 efter
728 1186 71 21 hvilka
812 1186 83 20 banken

67 1213 64 25 ledes,
146 1215 26 19 än
189 1214 21 21 af
225 1221 26 14 en
267 1220 123 21 gemensam
411 1214 171 28 bankinspektor,
597 1221 45 14 som
658 1214 133 27 tillfälligtvis
808 1214 88 21 besöker

67 1242 83 21 banken
167 1243 39 20 och
222 1243 121 20 öfvervarar
358 1243 26 20 de
400 1243 66 27 ärliga
482 1243 150 21 revisionerna.
662 1243 38 20 Om
718 1243 26 21 de
754 1243 87 27 publika
852 1249 43 14 om-

67 1271 70 21 buden
165 1271 18 27 ej
211 1273 86 19 uträttat
323 1271 138 28 synnerligen
483 1272 91 27 mycket,
596 1271 22 21 sä
633 1272 38 20 har
686 1272 60 21 deras
763 1271 133 21 värksamhet

67 1299 52 21 dock
143 1302 114 19 motsvarat
278 1300 119 21 ändamälet
419 1301 39 20 och
480 1300 7 21 i
508 1301 63 26 ingen
593 1300 100 21 händelse
710 1301 52 20 varit
777 1300 32 21 till
825 1300 69 21 skada.

66 1327 112 22 Huruvida
194 1329 57 20 detta
266 1329 53 20 skall
335 1329 73 20 kunna
423 1331 62 25 sägas
501 1336 35 13 om
550 1335 27 15 en
592 1335 122 21 gemensam
732 1329 163 26 bankinspektor

66 1356 62 21 beror
142 1357 21 20 af
177 1357 197 21 kvalifikationerna
389 1357 38 21 hos
443 1358 42 21 den
502 1364 82 21 person,
600 1364 45 14 som
658 1357 71 21 härtill
742 1359 63 19 utses.
829 1357 66 27 Tager

66 1385 41 21 han
130 1385 32 21 sin
178 1386 83 27 uppgift
279 1388 30 19 att
324 1386 121 27 inspektera
461 1386 110 21 bankerna
587 1386 120 27 bokstafligt
722 1387 39 20 och
776 1386 71 21 sköter
862 1387 31 20 sin

66 1414 63 27 tjänst
145 1414 78 26 nitiskt,
239 1414 23 21 sä
277 1414 41 21 kan
335 1415 41 20 han
392 1415 39 20 lätt
450 1415 146 21 ästadkomma
611 1415 136 21 trakasserier
762 1415 40 20 och
819 1415 76 20 blanda

66 1443 31 26 sig
118 1443 7 20 i
146 1443 67 26 saker,
234 1449 45 14 som
301 1443 39 20 alls
356 1443 19 27 ej
392 1443 119 21 tillkomma
527 1444 35 20 det
578 1443 85 27 publika
679 1443 105 21 ombudet.
816 1443 77 21 Vidare

65 1470 68 28 ligger
153 1471 41 21 den
211 1471 59 21 faran
287 1473 56 25 nära,
358 1478 44 14 som
420 1472 66 20 redan
504 1472 100 27 påpekats
619 1472 21 20 af
655 1472 24 20 hr
695 1471 155 27 Schybergson,
866 1474 29 18 att

66 1500 40 19 han
129 1500 40 20 kan
192 1500 97 20 meddela
311 1506 26 14 en
359 1500 176 21 konkurrerande
552 1500 55 21 bank
624 1500 110 27 uppgifter,
749 1506 45 14 som
811 1502 35 18 äro
863 1500 32 20 för

65 1534 27 15 en
113 1534 70 15 annan
205 1528 101 26 skadliga.
337 1528 39 21 Om
399 1535 49 14 man
464 1529 41 20 ock
520 1529 7 20 i
543 1529 115 21 allmänhet
674 1529 36 20 bör
725 1529 111 20 förutsätta
851 1529 45 20 takt

836 1569 11 16 4
