1103 1811
1 1174 2 7 J

185 143 41 21 536
538 142 130 33 Banklagen.
914 150 27 16 30
954 154 61 13 mars.

185 216 55 22 ifrän
256 217 71 21 denna
342 217 112 28 olägenhet
468 218 74 27 vädjar
557 218 103 21 utskottet
674 218 32 21 till
721 217 161 22 förhällandena
895 218 8 20 i
914 218 100 22 utlandet.

185 246 110 22 Utskottet
309 246 62 21 anför
385 246 69 22 siffror
468 246 47 21 frän
530 246 80 28 Sverge
626 247 39 21 och
679 246 115 27 Tyskland,
808 246 73 21 hvilka
895 247 69 21 siffror
979 247 36 21 be-

186 275 44 21 visa
246 276 31 20 att
291 274 141 22 förhällandet
446 275 91 21 emellan
554 275 36 21 det
604 282 56 20 egna
675 275 101 27 kapitalet
788 275 38 21 och
838 281 83 15 summa
931 276 83 27 passiva

184 303 39 21 hos
239 303 63 21 dessa
317 303 113 21 utländska
446 303 79 22 banker
539 303 48 21 icke
603 303 113 27 ätergifves
732 309 76 22 genom
821 309 81 15 samma
918 304 33 27 tal,
967 310 46 14 som

185 332 39 21 hos
239 338 35 14 oss
289 338 78 21 genom
382 332 35 27 lag
432 334 22 19 är
469 332 104 27 stadgadt,
588 332 40 21 och
643 332 77 27 drager
734 332 26 27 pä
775 332 69 27 grund
857 332 59 21 häraf
927 332 41 21 den
979 332 35 20 vä-

185 360 54 27 gade
255 360 92 27 slutsats,
363 367 45 14 som
424 363 23 18 är
462 361 79 20 uttalad
558 361 7 20 i
580 361 94 27 följande
695 361 97 26 mening:
824 361 51 20 »Att
890 361 34 20 vid
940 361 75 20 sådant

186 388 133 21 förhällande
335 389 115 21 bestämma
466 396 26 14 en
508 389 43 21 viss
570 389 121 28 proportion
707 389 78 21 mellan
802 389 26 20 de
843 395 54 21 egna
911 389 103 21 fonderna

185 417 39 22 och
241 417 169 22 förbindelserna
423 424 64 21 synes
501 418 102 21 utskottet
611 418 98 21 förenadt
716 417 49 22 med
774 417 123 28 synnerliga
909 418 105 27 vansklig-

185 447 79 20 heter».
294 445 59 22 Blott
373 446 27 27 pä
420 447 40 20 den
482 447 68 26 grund
573 448 30 19 att
618 446 64 27 nägot
697 446 85 21 absolut
797 446 28 21 tal
839 446 34 21 för
887 446 127 27 angifvande

185 475 22 20 af
229 475 58 20 detta
309 475 131 21 förhällande
460 475 46 21 icke
526 475 39 21 har
584 475 22 21 af
626 475 102 21 utskottet
743 475 82 20 kunnat
841 475 97 21 uttänkas
953 481 62 14 anser

186 503 103 21 utskottet
313 503 32 28 sig
370 504 72 21 kunna
463 504 43 21 helt
528 504 40 20 och
590 504 66 21 hället
670 504 94 21 förkasta
786 503 72 27 hvarje
881 503 133 27 bestämning

185 533 80 26 härom,
287 533 70 20 ehuru
378 533 100 20 utskottet
492 532 119 27 medgifver
626 535 30 18 att
671 539 26 14 en
712 532 87 21 fordran
814 532 7 20 i
837 532 70 21 denna
922 532 93 27 riktning

185 563 24 18 är
223 561 121 27 principielt
359 561 129 27 fullkomligt
502 561 123 26 berättigad.
657 561 97 21 Granska
769 561 20 20 vi
805 562 96 20 närmare
912 561 25 20 de
950 561 21 20 af
982 564 32 17 ut-

185 589 79 21 skottet
286 589 89 21 anförda
396 590 62 26 talen,
477 589 58 21 finna
550 590 22 20 vi
587 591 29 19 att
632 591 29 19 ett
676 589 100 21 medeltal
792 589 21 20 af
828 589 60 21 dessa
903 589 29 21 tal
947 589 68 27 gifver

186 619 30 19 ett
230 618 132 20 förhällande
378 618 21 20 af
415 618 37 20 1:9
467 618 32 20 för
509 618 26 20 de
546 618 22 20 af
579 618 102 21 utskottet
691 617 114 21 omnämda
816 617 113 21 bankerna.
951 617 62 21 Detta

185 646 133 21 förhållande
333 646 96 21 kommer
448 646 89 21 sålunda
557 646 86 27 mycket
659 648 50 19 nära
725 646 31 21 till
772 646 36 20 det
822 646 135 27 lagstadgade
972 646 42 20 för-

185 674 106 28 hällande,
307 681 46 15 som
375 675 38 21 hos
433 682 33 14 oss
488 681 49 21 eger
555 682 53 14 rum.
638 675 41 27 Jag
695 681 63 15 anser
772 674 71 21 därför
858 676 29 19 att
903 674 111 21 utskottets

185 704 129 27 motivering
335 704 38 20 och
396 704 47 20 hela
463 704 129 26 bevisföring
608 704 68 20 skulle
691 704 49 20 leda
755 704 7 20 i
778 710 26 14 en
820 703 44 21 helt
878 710 70 14 annan
963 703 50 20 rikt-

185 732 53 27 ning
261 732 39 21 och
320 732 32 21 till
367 734 65 19 annat
449 732 87 21 resultat
552 734 26 19 än
594 732 41 27 det,
651 732 84 21 hvartill
752 732 101 20 utskottet
867 732 38 20 har
919 732 94 20 kommit.

186 760 48 22 Stor
257 760 44 22 vikt
323 760 100 22 tillmäter
444 761 35 27 jag
500 760 118 22 emellertid
641 761 46 21 icke
704 761 41 21 den
761 760 115 26 utredning
890 760 123 21 utskottet
999 756 16 37 i

186 789 57 20 detta
259 789 122 21 hänseende
396 789 37 21 har
447 791 107 25 prästerat,
570 789 90 21 emedan
675 789 48 21 hela
735 789 146 26 utredningen,
893 789 52 20 efter
957 788 55 21 hvad

185 818 36 27 jag
236 817 42 21 kan
294 817 65 28 finna,
375 820 22 18 är
412 818 87 21 baserad
514 817 28 28 pä
557 817 90 28 oriktiga
662 818 118 27 premisser.
810 817 110 21 Storleken
936 817 21 20 af
972 817 40 20 den

186 846 103 27 säkerhet,
313 853 45 14 som
381 846 38 21 bör
440 848 103 25 prästeras
559 846 33 21 för
610 848 29 19 att
655 849 93 24 upptaga
763 847 29 20 ett
808 845 167 27 obligationslän,
990 847 23 18 är

185 875 118 26 ingalunda
321 875 133 21 uteslutande
471 875 105 20 beroende
592 875 20 20 af
628 874 196 27 obligationslänets
840 874 121 21 mominella
977 873 35 22 be-

185 903 56 27 lopp,
265 905 52 19 utan
341 903 69 27 spelar
428 903 71 21 härvid
515 905 81 25 räntan,
612 903 48 21 med
677 903 86 21 hvilken
779 903 166 26 obligationerna
960 903 53 26 löpa,

186 938 27 14 en
236 932 67 27 viktig
325 932 45 20 roll.
400 932 41 27 Jag
463 934 31 18 tar
515 932 45 27 mig
577 932 90 20 friheten
683 931 111 21 framhälla
810 933 28 19 ett
854 930 102 28 exempel.
987 930 26 20 Vi

186 962 77 25 antaga
279 963 30 18 att
324 966 26 15 en
367 960 61 28 bank,
443 960 29 21 lät
487 967 50 14 vara
553 960 48 21 med
618 960 35 21 det
667 960 169 26 minimikapital,
852 966 44 14 som
912 959 101 21 utskottet

186 988 95 27 föreslär,
296 989 21 20 af
333 990 11 19 1
361 989 73 27 miljon
450 989 64 27 mark,
530 989 71 27 börjar
617 989 95 21 bedrifva
726 988 128 21 länerörelse
866 988 46 20 med
925 988 88 26 tillhjälp

187 1017 21 21 af
222 1018 125 26 penningar,
364 1018 89 20 influtna
474 1024 76 20 genom
573 1017 92 21 försälda
684 1017 146 27 obligationer,
846 1016 39 21 och
900 1018 29 19 att
945 1016 69 21 denna

187 1046 56 20 bank
259 1046 69 21 skulle
350 1046 66 21 önska
438 1046 71 21 arbeta
524 1046 6 20 i
547 1052 27 15 en
596 1046 65 21 sädan
677 1046 101 26 riktning,
793 1047 29 19 att
838 1045 41 21 den
895 1045 70 21 kunde
982 1047 32 18 ut-

187 1074 82 21 sträcka
293 1075 31 20 sin
347 1075 126 21 länerörelse
488 1075 21 20 in
526 1074 108 22 infinitum
651 1077 49 19 utan
717 1074 131 27 utvidgande
863 1074 21 20 af
899 1074 34 20 sitt
949 1074 64 20 aktie-

186 1103 85 27 kapital.
301 1103 42 21 Det
365 1104 53 21 läter
440 1104 31 26 sig
493 1104 85 26 mycket
601 1103 34 21 väl
656 1105 50 25 göra
728 1103 59 21 säväl
809 1102 68 21 under
892 1102 122 20 nuvarande

186 1132 171 27 lagbestämning
379 1138 46 15 som
448 1132 67 21 under
536 1132 155 27 förhållanden,
714 1138 45 14 som
776 1131 102 21 utskottet
892 1131 37 20 har
944 1130 48 21 stält
1007 1130 7 20 i

187 1160 60 21 sikte.
276 1160 42 28 Jag
334 1160 36 21 vill
386 1163 75 25 antaga
476 1163 30 19 att
521 1160 41 22 den
579 1160 196 28 depositionsränta,
790 1166 46 14 som
852 1166 26 14 en
891 1159 123 27 privatbank

186 1189 33 20 för
229 1188 59 21 tiden
300 1189 85 27 batalar,
396 1191 23 18 är
428 1191 14 18 4
452 1190 32 25 9/,,
501 1189 40 20 Om
552 1189 70 20 denna
634 1189 55 20 bank
701 1191 103 25 upptager
814 1190 30 19 ett
854 1188 160 27 obligationslän

186 1217 27 27 pä
223 1217 132 28 exempelvis
372 1218 26 20 10
413 1217 97 28 miljoner
520 1217 60 21 mark
591 1217 48 21 med
651 1217 64 21 utfäst
725 1219 61 18 ränta
798 1217 21 20 af
830 1217 12 20 6
853 1217 33 26 9/,,
897 1216 22 21 sä
932 1218 83 19 noteras

187 1245 121 28 pätagligen
331 1246 62 21 dessa
415 1246 139 27 obligationer
575 1246 60 21 öfver
656 1246 44 27 pari
716 1246 39 21 och
771 1251 77 21 genom
864 1245 150 27 försäljningen

186 1274 87 27 inflyter
289 1277 29 18 ett
333 1275 76 27 belopp
425 1275 130 26 väsentligen
572 1275 157 26 öfverstigande
746 1274 26 21 10
789 1273 103 27 miljoner,
908 1273 107 27 exempel-

187 1303 32 20 vis
241 1303 27 20 13
291 1303 104 27 miljoner.
425 1303 71 27 Enligt
511 1310 29 14 nu
556 1303 97 28 gällande
675 1302 132 28 stadganden
823 1302 38 21 bör
876 1302 68 20 denna
960 1301 55 21 bank

186 1331 33 20 för
233 1331 38 21 sitt
281 1331 162 28 obligationslän
456 1332 60 21 ställa
531 1339 27 14 en
574 1332 102 26 säkerhet,
695 1338 46 14 som
757 1331 48 20 med
817 1331 26 20 10
854 1331 27 26 %)
892 1330 124 27 öfverstiger

187 1360 27 20 10
230 1360 105 27 miljoner,
351 1360 19 20 d.
386 1367 18 13 v.
420 1367 15 14 s.
451 1367 25 14 en
491 1367 85 14 summa
590 1361 22 20 af
628 1361 24 20 11
672 1361 100 26 miljoner
786 1359 66 21 mark.
881 1359 55 20 Hela
951 1358 65 21 aktie-

187 1388 102 27 kapitalet
311 1389 41 20 blir
372 1389 120 27 härigenom
508 1389 96 21 obundet
618 1389 40 20 och
673 1389 110 21 dessutom
798 1387 77 22 äterstä
890 1388 12 20 2
918 1387 98 27 miljoner

186 1417 67 26 mark,
270 1417 71 21 hvilka
356 1417 84 22 banken
456 1418 40 20 kan
512 1417 45 21 fritt
572 1417 117 28 disponera.
720 1417 37 20 Ett
772 1417 88 20 alldeles
874 1418 85 19 motsatt
974 1415 41 21 för-

187 1445 99 22 hällande
309 1446 99 27 inträder,
430 1453 33 14 om
486 1453 26 14 en
533 1446 56 21 bank
606 1446 36 20 vill
659 1446 81 26 utgifva
755 1445 140 27 obligationer
907 1451 45 14 som
967 1444 49 26 löpa

187 1473 48 21 med
251 1474 13 20 2
281 1475 28 25 %
323 1476 66 19 ränta.
421 1474 25 20 Vi
461 1474 59 21 skola
536 1477 76 24 antaga
628 1476 30 19 att
672 1473 215 28 obligationsstocken
903 1473 62 21 äfven
979 1472 37 20 här

187 1502 70 21 skulle
279 1502 128 21 bestämmas
428 1503 31 20 till
482 1503 26 20 10
531 1503 98 26 miljoner
643 1503 66 20 mark.
741 1502 81 21 Genom
838 1502 178 27 obligationernas

186 1530 127 28 försäljning
335 1531 85 27 inflyter
441 1533 29 19 ett
490 1531 105 27 betydligt
614 1531 82 21 mindre
713 1531 82 27 belopp,
810 1530 30 21 lät
855 1537 49 14 vara
919 1530 12 19 6
948 1529 68 27 miljo-
