1103 1811
70 146 25 16 21
108 144 58 21 april.
419 144 129 20 Banklagen.
858 139 36 20 667

193 275 152 34 Onsdagen
363 275 56 27 den
437 275 33 26 21
488 274 76 35 april
581 275 39 26 kl.
637 275 50 28 !/,7
707 282 21 19 e.
746 282 36 19 m.

140 355 42 21 Vid
206 355 117 21 värkstäldt
345 362 81 21 upprop
449 355 107 21 befunnos
579 355 94 21 ständets
695 355 139 22 medlemmar
851 358 48 19 när-

72 384 92 21 varande
173 385 92 20 förutom
273 384 36 20 hrr
323 383 123 22 Borenius,
454 384 140 28 Heikel,
610 384 138 27 Kerttula,
764 384 133 27 Levonius,

71 413 148 25 Relander,
260 412 167 27 Carlström,
468 413 150 26 Åkerman,
647 413 183 26 Aejmelaeus
859 413 39 21 och

73 441 102 27 Grahn,
198 441 41 21 alla
262 441 25 27 pä
310 441 68 27 grund
401 441 22 21 af
444 441 89 26 tidigare
548 441 113 21 utvärkadt
679 441 100 27 tillständ,
794 444 54 19 samt
863 442 36 20 hrr

71 470 150 21 Forselius
243 470 40 21 och
303 469 128 28 Löfgren,
447 470 72 21 hvilka
534 470 80 21 anmält
630 470 107 21 förhinder
751 470 27 27 pä
793 470 68 27 grund
877 470 21 21 af

71 499 104 27 sjukdom.

140 630 113 27 Upplästes
277 630 32 20 till
330 630 104 27 justering
456 630 40 20 och
518 630 123 26 godkändes
664 630 102 21 särskilda
781 630 75 28 utdrag
872 636 25 14 ur

72 658 183 28 borgareständets
271 659 34 20 vid
321 660 82 19 senaste
419 658 86 28 plenum
522 658 60 21 förda
597 658 110 28 protokoll.

139 801 152 21 Antecknades
314 804 29 18 att
365 801 47 20 från
434 801 140 21 medständen
598 801 87 21 anländt
708 801 102 21 särskilda
827 803 72 25 proto-

72 829 136 28 kollsutdrag.

141 973 118 27 Föredrogs
282 972 168 22 bankutskottets
474 972 34 21 vid
525 974 83 19 senaste
624 973 87 27 plenum
728 972 114 27 hbordlagda
857 972 41 21 för-

72 1002 47 26 slag
133 1002 8 20 i
156 1002 115 26 anledning
287 1002 20 20 af
323 1001 100 21 ständens
438 1001 121 27 skiljaktiga
575 1001 69 21 beslut
660 1001 34 20 vid
711 1000 156 28 behandlingen
878 1001 21 21 af

73 1030 112 21 utskottets
208 1030 133 20 betänkande
364 1036 34 14 n:o
422 1031 11 19 1
456 1030 7 20 i
482 1030 116 26 anledning
613 1030 22 20 af
649 1029 78 27 nådiga
742 1030 156 27 propositionen

73 1065 34 14 n:o
131 1059 26 20 10
181 1066 35 13 om
239 1058 79 21 ändrad
336 1058 82 27 lydelse
433 1058 21 21 af
470 1058 103 21 särskilda
590 1058 26 27 $$
632 1058 7 21 i
654 1058 152 27 förordningen
821 1058 21 20 af
858 1058 41 20 den

74 1088 26 20 10
116 1088 41 26 maj
175 1087 53 21 1886
245 1087 108 27 angäende
370 1086 167 28 bankrörelse,
553 1093 46 14 som
615 1087 21 20 af
651 1086 63 28 bolag
724 1086 69 26 idkas;
806 1087 38 21 och
856 1086 43 21 blef

73 1116 58 20 detta
152 1116 84 26 förslag,
258 1116 33 20 för
305 1116 24 20 sä
343 1116 44 20 vidt
403 1116 72 26 ätgärd
491 1116 6 20 i
514 1115 114 27 anledning
643 1116 59 20 däraf
717 1115 121 27 päkallades
852 1115 47 21 frän

74 1144 183 27 borgareständets
273 1144 50 27 sida,
339 1144 21 21 af
375 1144 83 21 ständet
473 1144 114 27 godkändt.

143 1309 118 28 Föredrogs
285 1309 44 27 lag-
352 1309 40 21 och
415 1309 213 21 ekonomiutskottets
651 1309 34 20 vid
709 1310 83 20 senaste
814 1309 85 27 plenum

75 1337 116 28 bordlagda
214 1338 77 27 förslag
314 1338 32 21 till
361 1338 207 27 sammanjämkning
582 1338 22 20 af
619 1337 100 21 ständens
731 1337 119 28 skiljaktiga
866 1337 35 20 be-

74 1366 44 21 slut
141 1366 35 21 vid
199 1367 157 26 behandlingen
372 1367 21 20 af
407 1367 113 20 utskottets
536 1366 134 21 betänkande
686 1373 34 14 n:o
737 1367 12 20 3
764 1366 8 20 i
786 1365 115 27 anledning

75 1395 22 20 af
111 1394 78 27 nädiga
204 1395 158 27 propositionen
377 1401 34 15 n:o
429 1396 25 20 18
465 1395 46 21 med
524 1395 79 27 förslag
613 1395 32 20 till
657 1395 124 27 förordning
792 1394 109 27 angäende

75 1423 84 26 inträng
181 1423 6 20 i
210 1424 136 27 patenträtt
368 1426 55 18 samt
443 1430 35 14 om
500 1424 110 26 rättegäng
633 1423 6 20 i
655 1423 42 21 mäl
713 1423 89 21 rörande
817 1424 84 26 patent;

75 1452 40 20 och
131 1451 44 21 blef
189 1451 117 21 detsamma
322 1455 51 17 utan
389 1452 141 27 anmärkning
544 1452 114 26 godkändt.
