1103 1811
196 146 41 21 570
427 152 95 16 Kvinnas
535 152 43 16 rätt
590 151 33 16 till
635 150 164 22 läraretjenster.
943 151 12 16 2
968 150 57 22 april.

196 220 21 21 af
232 226 94 16 samma
341 220 51 22 rätt
407 219 25 23 åt
442 219 92 22 kvinna
544 224 53 17 som
607 225 57 16 man
677 219 37 22 att
726 219 75 21 vinna
813 218 160 29 läraretjänst
984 217 41 23 vid

196 249 95 22 statens
307 248 85 22 skolor
407 248 47 22 och
468 248 157 26 seminarier;
641 250 55 18 samt

267 277 277 27 språkpetitionsutskottets
562 276 135 21 betänkande
712 276 7 20 i
735 276 116 26 anledning
866 276 21 20 af
901 278 78 19 tvänne
994 275 31 21 till

195 306 25 21 R.
243 312 18 14 o.
283 306 26 20 A.
329 307 54 19 samt
398 305 174 27 borgareständet
586 304 121 21 inlämnade
724 304 178 27 petitionsförslag
917 304 108 27 angående

197 333 106 22 svenska
324 333 47 23 och
392 333 78 22 finska
492 333 118 28 spräkens
625 333 167 27 likställighet
807 333 35 20 vid
858 333 114 21 domstolar
987 332 38 21 och

195 362 234 28 ämbetsmyndigheter
444 362 6 20 i
465 361 96 22 Finland.

267 499 32 21 Hr
315 499 122 21 talmannen
453 499 140 27 tillkännagaf
608 501 30 18 att
653 501 60 19 nästa
728 499 87 26 plenum
826 499 84 21 komme
921 501 30 18 att
961 499 65 20 hållas

197 529 7 20 i
219 535 90 20 morgon
329 528 73 27 fredag
423 528 26 20 kl.
466 528 12 20 3
494 534 16 14 e.
527 534 27 14 m.
570 529 54 19 samt
640 527 64 27 därpå
720 527 94 27 följande
829 527 86 28 plenum
931 527 95 28 tisdagen

197 557 42 21 den
255 557 12 20 6
284 557 51 27 april
353 557 27 20 kl.
397 557 45 26 1/,
437 553 10 35 7
460 563 16 14 e.
493 563 26 13 m.

266 687 33 21 Hr
314 680 160 28 Äkermans
490 687 98 21 anhällan
604 689 30 19 att
647 687 21 20 fä
686 687 33 21 för
738 687 96 21 enskilda
850 687 176 28 angelägenheter

197 722 50 14 vara
266 716 141 20 frånvarande
423 715 44 21 från
484 716 170 27 morgondagens
669 716 88 27 plenum
773 716 76 20 bifölls.

269 846 91 21 Plenum
376 846 106 27 upplöstes
497 847 27 20 kl.
542 848 18 19 7:
576 847 26 20 20
619 853 17 14 e.
652 853 26 14 m.

816 875 20 16 In
849 875 59 17 fidem:

746 909 27 21 A.
796 909 23 21 V.
836 909 117 27 Lindberg.

345 1075 146 34 Fredagen
509 1075 56 26 den
584 1075 16 26 2
620 1075 76 34 april
714 1074 40 27 kl.
772 1074 17 27 3
808 1082 22 19 e.
847 1082 36 18 m.

268 1144 41 20 Vid
326 1144 115 21 värkstäldt
456 1151 80 21 upprop
552 1144 106 21 befunnos
674 1144 96 21 ständets
780 1144 96 27 samtliga
887 1144 137 21 medlemmar

196 1173 135 21 närvarande
346 1173 92 21 förutom
452 1173 25 20 hr
520 1173 130 27 Holmberg,
667 1173 81 25 Axel,
761 1179 44 14 som
817 1173 79 28 anmält
906 1172 118 28 sjukdoms-

196 1201 43 27 fall,
265 1203 54 19 samt
341 1202 36 19 hrr
399 1201 137 27 Juselius,
557 1202 94 26 Artur,
674 1201 134 21 Brofeldt
823 1201 40 20 och
877 1201 146 26 Akerman,

196 1229 26 27 pä
238 1230 71 26 grund
325 1230 21 20 af
361 1230 87 27 tidigare
464 1230 112 21 utvärkadt
591 1230 100 21 tillstånd.

267 1361 60 21 Efter
345 1361 65 21 skedd
427 1361 97 20 anmälan
539 1361 97 20 inträdde
653 1367 26 14 en
695 1361 125 27 deputation
834 1361 46 20 från
896 1359 127 22 bondestän-

196 1389 41 26 det,
259 1389 74 21 anförd
349 1390 21 20 af
385 1389 202 27 landtdagsmannen
603 1389 26 21 K.
645 1389 117 28 Ojanen,
778 1396 45 14 som
840 1389 71 21 därvid
927 1389 95 27 yttrade:

240 1447 176 21 Kunnioitettava
431 1447 37 20 hra
482 1447 122 27 puhemies!
635 1447 158 26 Hyvinarvoisa
808 1446 166 28 porvarissääty
963 1442 13 37 !

267 1504 208 27 Talonpoikaissääty
493 1506 78 25 pyytää
594 1504 91 25 meidän,
708 1504 144 25 lähetystönsä
873 1504 72 20 kautta
961 1502 62 21 esiin-

195 1532 70 21 tuoda
289 1532 159 21 kunnioittavan
471 1532 181 26 tervehdyksensä
673 1532 112 21 arvoisalle
800 1531 188 28 porvarissäädylle
1003 1531 20 27 ja
