1103 1811
80 154 26 16 28
119 152 59 22 april.
405 152 101 17 Finlands
518 152 62 18 bank.
866 146 39 22 677

149 221 33 21 Hr
196 221 123 21 talmannen
333 221 141 27 tillkännagaf
488 223 30 20 att
532 223 60 19 nästa
605 221 87 28 plenum
704 222 85 20 komme
800 224 30 18 att
842 222 66 20 hållas

81 250 100 26 fredagen
203 250 42 20 den
267 250 27 20 23
317 250 53 27 april
393 250 27 20 kl.
443 250 47 26 1/,7
514 256 18 15 e.
553 257 33 20 m.
604 250 108 21 hvarefter
726 250 80 28 dagens
820 250 87 28 plenum

81 278 107 27 upplöstes
204 278 26 21 kl.
247 279 40 20 7:40
302 284 17 15 e.
334 285 27 13 m.

698 341 21 17 In
732 341 60 17 fidem:

638 376 27 21 A.
688 375 23 21 V.
726 375 116 29 Lindberg.

201 592 146 34 Fredagen
365 592 57 26 den
440 592 37 26 23
496 592 76 34 april
590 592 39 26 kl.
648 593 52 27 27
719 601 22 18 e.
758 601 36 18 m.

151 673 41 20 Vid
209 672 114 21 värkstäldt
338 679 81 21 upprop
435 672 106 22 befunnos
557 673 94 21 ständets
661 674 97 26 samtliga
770 674 138 21 medlemmar

83 702 130 27 närvarande
234 702 92 20 förutom
341 702 25 20 hr
381 701 132 27 Löfgren,
529 708 45 14 som
590 702 80 21 anmält
685 702 152 27 sjukdomsfall,
853 705 55 18 samt

83 730 36 20 hrr
141 730 142 21 Åkerman
306 730 39 20 och
367 730 87 27 Hjelt,
473 730 27 28 pä
514 731 70 27 grund
600 731 21 20 af
636 731 88 27 tidigare
741 732 111 20 utvärkadt
867 731 41 21 till-

84 758 67 21 ständ.

153 889 112 28 Upplästes
287 890 31 20 till
340 891 104 26 justering
467 891 39 20 och
529 891 123 27 godkändes
675 891 102 21 särskilda
793 891 75 27 utdrag
883 898 26 13 ur

85 918 183 27 borgareständets
283 919 35 20 vid
333 921 84 19 senaste
432 919 86 27 plenum
534 919 60 21 förda
610 920 109 26 protokoll.

152 1062 149 20 Antecknades
324 1064 29 19 att
376 1062 46 20 frän
445 1062 139 21 medständen
608 1062 87 21 anländt
717 1062 102 21 särskilda
838 1064 69 26 proto-

84 1090 137 27 kollsutdrag.

152 1221 116 28 Föredrogs
284 1221 168 22 bankutskottets
468 1222 35 21 vid
519 1224 83 19 senaste
613 1222 87 27 plenum
711 1222 115 27 bordlagda
836 1222 73 21 betän-

83 1249 70 21 kande
177 1256 35 15 n:o
237 1250 12 20 2
273 1251 6 20 i
303 1250 116 27 anledning
440 1251 22 20 af
484 1251 106 20 värkstäld
610 1251 130 27 granskning
754 1251 22 20 af
790 1251 118 22 Finlands

83 1277 77 22 banks
176 1279 103 27 styrelse
295 1279 46 22 och
356 1279 116 22 tillstånd
488 1279 68 21 under
572 1279 50 22 åren
638 1280 146 21 1894—1896.

153 1335 56 21 Utan
231 1335 120 22 diskussion
371 1336 122 27 godkändes
509 1336 112 21 utskottets
636 1337 103 20 klämmar
753 1337 27 27 pä
795 1336 85 21 sidorna
896 1337 12 20 9

84 1363 39 21 och
139 1363 26 20 16
181 1364 40 21 och
236 1365 26 20 31
278 1365 7 20 i
301 1365 147 20 betänkandet.

152 1420 133 22 Beträffande
308 1422 112 21 utskottets
438 1421 104 22 klämmar
556 1423 26 26 pä
598 1422 52 21 sidd.
670 1423 84 20 33—34
769 1422 7 21 i
793 1421 115 22 betänkan-

84 1449 35 21 det
134 1449 102 27 begärdes
252 1450 59 21 ordet
327 1451 21 19 af

153 1506 25 20 hr
201 1506 113 27 Heikel,
336 1513 45 14 som
405 1507 94 26 yttrade:
530 1508 41 27 Jag
593 1508 37 20 vill
653 1508 77 20 föreslä
752 1509 30 19 att
796 1507 55 21 ifrän
868 1507 40 20 den

83 1535 66 20 första
171 1534 105 22 klämmen
299 1535 27 27 pä
348 1535 61 21 sidan
429 1536 27 20 33
472 1535 68 22 skulle
556 1536 103 21 uteslutas
674 1536 66 21 orden
757 1536 152 21 »tillsammans
