1103 1811
84 153 13 17 2
109 157 61 12 mars.
365 152 97 20 Kyrkors
473 152 161 20 uppvärmande.
871 146 41 21 319

85 221 75 27 själfva
183 220 74 22 värket
278 220 71 27 aflätit,
366 220 144 21 behandlades
525 220 7 20 i
548 220 112 27 kejserliga
676 222 100 19 senatens
790 220 123 21 ekonomie-

85 250 150 27 departement,
257 249 153 21 framkastades
433 249 37 20 där
491 249 78 21 tanken
592 250 30 19 att
642 248 134 22 fastställelse
798 248 21 21 af
832 248 81 28 ritning

85 278 32 21 till
138 278 169 27 kyrkobyggnad
323 277 72 21 kunde
414 279 81 25 vägras,
510 277 45 21 ifall
571 277 81 26 kyrkan
669 277 67 27 enligt
751 277 100 28 förslaget
866 277 39 21 cke

85 307 84 20 komme
185 308 30 19 att
229 306 67 21 förses
311 305 49 22 med
376 305 167 28 värmeledning.
573 305 104 21 Häremot
691 305 109 21 framhölls
816 305 21 22 af
851 311 61 15 sena-

85 337 47 18 tens
152 335 107 26 majoritet
279 336 35 24 att,
335 334 66 27 enligt
422 334 99 27 gällande
542 334 35 27 lag
592 334 40 21 och
647 334 153 27 författningar,
816 335 35 20 det
865 334 48 21 icke

85 363 68 28 ligger
167 363 57 21 inom
240 365 99 19 senatens
354 363 128 26 befogenhet
497 365 31 18 att
539 363 83 27 ingripa
632 363 7 20 i
651 362 26 21 de
687 363 97 20 enskilda
794 363 117 20 församlin-

85 399 77 20 garnas
183 391 237 28 själfbestämmelserätt
441 397 76 21 genom
540 393 30 19 att
592 391 74 27 älägga
687 391 48 21 dem
751 393 30 19 att
795 391 55 21 förse
866 391 47 21 sina

85 421 80 26 kyrkor
179 421 48 21 med
243 422 187 25 värmeapparater.
460 419 46 22 Och
520 420 8 20 i
543 419 76 28 själfva
634 419 73 22 värket
722 420 99 21 förhåller
835 420 36 21 det
880 419 33 28 sig

85 450 70 21 säsom
171 449 289 27 ekonomiedepartementets
476 449 112 26 majoritet,
603 448 32 21 till
646 449 85 20 hvilken
743 449 63 20 hörde
817 449 96 26 departe-

85 481 91 18 mentets
191 478 97 26 samtliga
303 477 100 28 juridiskt
418 477 84 21 bildade
519 477 121 25 ledamöter,
650 477 120 21 framhållit.
786 477 81 27 Frågan
878 478 35 19 rör

86 507 52 26 icke,
153 507 69 20 såsom
238 507 25 20 hr
278 506 96 21 Brofeldt
389 506 85 27 antagit,
490 505 91 28 ändring
596 505 22 21 af
632 505 104 28 kyrkolag
757 509 49 17 utan
822 505 91 27 ändring

86 535 21 20 af
123 535 76 20 allmän
216 535 39 27 lag.
285 534 33 21 Hr
332 534 97 21 Brofeldt
444 535 38 20 har
498 534 78 23 citerat
588 535 41 20 292
645 534 39 21 och
699 535 42 20 455
757 535 27 26 $$
800 535 20 20 af
835 534 78 27 kyrko-

86 563 68 28 lagen.
184 563 48 21 Men
248 564 7 19 i
271 563 40 21 290
328 563 11 27 $
355 563 53 21 talas
424 565 94 18 närmast
533 569 34 15 om
584 563 174 26 kyrkobyggnad.
788 563 43 20 Där
851 564 62 25 säges

87 594 30 18 att
131 592 67 26 kyrka
213 591 52 21 skall
282 592 21 20 af
317 592 124 26 församling
456 591 82 27 byggas
554 592 39 20 och
609 591 142 27 underhållas,
766 591 27 27 på
807 593 40 19 sätt
855 591 56 21 stad-

87 620 50 27 gadt
154 622 23 19 är
191 620 7 21 i
215 620 77 21 allmän
315 620 34 27 lag
373 620 38 21 och
428 620 125 20 dithörande
569 620 154 27 författningar.
752 620 114 20 Allmänna
881 619 31 21 la-

87 655 40 21 gen
143 651 23 18 är
180 649 7 20 i
203 649 56 21 detta
274 648 37 21 fall
327 648 26 21 26
369 649 46 27 kap.
431 648 23 21 B.
471 648 31 27 B.,
518 655 46 14 som
580 648 89 21 handlar
685 655 33 14 om
735 648 55 20 huru
805 648 107 20 allmänna

86 678 41 20 hus
141 677 81 28 byggas
237 678 59 20 skola
312 678 38 20 och
365 677 81 21 hvilket
458 677 79 27 kapitel
548 677 84 21 erhållit
641 677 103 21 särskilda
755 677 71 27 tillägg
834 683 77 21 genom

86 712 74 15 senare
175 706 152 27 författningar.
358 705 128 28 Spörsmålet
508 706 106 20 huruvida
637 712 26 14 en
679 705 235 27 lagbestämning
856 701 13 37 i
879 701 38 37 det

87 735 54 27 syfte
170 735 139 27 petitionären
335 734 89 22 föreslår
442 734 73 21 kunde
534 734 84 28 påkalla
640 734 91 28 ändring
751 734 6 20 i
780 734 131 27 kyrkolagen

87 766 89 25 upptogs
191 764 62 20 äfven
269 763 21 21 af
305 763 106 27 utskottet,
427 770 49 14 men
489 763 66 26 ansåg
565 769 50 15 man
627 762 27 28 på
663 769 53 20 nyss
726 762 124 22 framhållna
866 762 46 21 skäl

86 794 31 19 att
131 792 73 26 frågan
220 791 87 22 berörde
323 791 75 22 endast
413 791 77 21 allmän
507 791 40 27 lag.

154 820 62 21 Hvad
232 820 66 21 sedan
313 820 98 21 beträffar
425 820 25 20 hr
464 820 119 21 Relanders
598 819 104 28 yttrande,
719 819 35 21 vill
769 820 35 26 jag
818 825 94 21 upprepa

86 849 55 20 hvad
162 849 41 27 jag,
223 849 64 27 jämte
309 849 65 20 andra
394 849 168 20 undertecknare
576 848 21 21 af
612 848 41 21 den
669 848 66 21 andra
750 848 165 26 reservationen,

86 877 120 28 framhållit,
226 877 105 27 nämligen
348 879 29 19 att
392 877 74 27 frågan
482 877 72 26 bragts
569 877 69 20 under
653 877 124 20 ständernas
792 876 98 27 pröfning
904 876 8 20 i

86 906 63 20 altför
169 906 84 21 outredt
274 906 63 20 skick.
367 905 34 21 Då
421 905 79 27 förslag
521 905 77 21 väckes
613 907 30 19 att
658 911 77 21 genom
750 905 34 26 lag
799 905 113 20 inskränka

86 934 186 28 församlingarnas
293 934 241 28 själfbestämningsrätt,
555 934 65 20 borde
642 934 114 26 utredning
770 934 73 20 främst
858 933 57 20 före-

87 963 85 27 bringas
187 963 105 21 huruvida
307 963 176 27 församlingarna
498 963 55 20 visat
568 962 32 27 sig
616 962 100 27 ovärdiga
726 962 42 21 den
778 961 136 21 beslutande-

87 993 41 19 rätt
147 998 50 14 man
213 992 36 20 vill
265 991 86 21 beröfva
366 992 58 25 dem;
440 991 40 21 och
496 991 70 27 nägon
582 991 66 21 sädan
663 991 114 26 utredning
791 990 69 21 finnes
874 990 38 26 eji

87 1020 205 28 petitionsförslaget.
321 1020 36 21 Mä
377 1026 50 14 man
448 1020 90 20 förhälla
560 1020 32 27 sig
613 1020 32 20 till
665 1019 77 27 själfva
757 1018 155 27 hufvudfrägan

87 1049 52 21 eller
159 1049 149 27 lämpligheten
329 1049 20 20 af
371 1048 174 28 tvängsätgärder
566 1048 56 20 huru
638 1054 43 15 som
699 1048 59 26 hälst,
773 1048 23 20 sä
811 1048 37 20 bör
863 1053 50 15 man

87 1078 34 20 väl
143 1078 53 20 dock
217 1078 74 20 främst
311 1077 71 21 fordra
404 1077 114 27 utredning
538 1083 35 14 om
594 1076 66 28 tväng
681 1076 39 21 alls
741 1078 23 19 är
778 1076 21 21 af
814 1076 101 20 behofvet

87 1106 113 27 päkalladt.
229 1105 42 21 Det
292 1108 23 18 är
335 1106 49 20 med
406 1106 116 27 anledning
538 1106 60 20 häraf
612 1106 36 26 jag
662 1106 7 20 i
684 1105 68 21 likhet
767 1105 46 21 med
829 1104 25 20 hr
868 1104 46 26 Ny-

88 1134 50 27 berg
159 1134 88 21 föreslär
267 1136 30 19 att
318 1134 174 27 borgareständet
516 1134 49 20 ville
581 1134 73 20 förena
669 1134 32 26 sig
718 1140 33 14 om
767 1134 64 20 andra
846 1139 66 14 reser-

87 1163 106 27 vationen,
214 1163 85 21 hvilken
321 1163 38 27 gär
379 1165 24 19 ut
423 1162 26 28 pä
464 1164 31 20 att
510 1162 114 21 ständerna
638 1162 66 21 mätte
720 1162 70 21 lämna
805 1161 107 28 petitions-

86 1191 101 27 förslaget
201 1194 51 18 utan
268 1192 105 20 afseende.

155 1277 33 20 Hr
208 1277 146 20 Brofeldt:
385 1277 33 20 Hr
437 1277 101 20 Boisman
560 1277 38 20 har
619 1276 101 27 äberopat
741 1282 26 14 en
788 1274 96 29 paragraf
905 1275 7 20 i

86 1305 138 28 kyrkolagen,
251 1312 44 14 som
311 1305 65 28 angär
391 1305 175 27 kyrkobyggnad.
596 1305 42 26 Jag
652 1305 33 20 för
700 1305 45 20 min
760 1304 34 21 del
809 1304 41 20 kan
865 1303 47 20 icke

86 1335 46 20 inse
148 1336 29 19 att
192 1334 129 21 inrättandet
335 1334 22 20 af
372 1335 183 26 värmeapparater
570 1333 76 20 hänför
660 1333 32 27 sig
703 1333 31 20 till
746 1331 165 28 kyrkobyggnad

87 1365 51 18 utan
158 1363 32 20 till
207 1363 104 26 »bättring
326 1362 52 21 eller
392 1362 134 27 inredning»,
541 1368 49 15 men
606 1362 62 20 äfven
685 1368 33 14 om
735 1361 22 21 sä
773 1361 67 21 skulle
857 1367 58 20 vara,

85 1391 93 28 framgär
193 1391 35 21 det
243 1391 22 20 af
279 1391 112 21 utskottets
402 1391 134 21 betänkande
547 1391 40 20 och
597 1389 230 29 petitionsmemorialet
837 1390 30 19 att
878 1389 35 20 det

87 1427 30 13 nu
133 1420 46 21 icke
195 1422 23 18 är
232 1419 59 28 fräga
307 1419 74 21 endast
397 1426 34 14 om
446 1419 130 21 inrättandet
588 1419 22 20 af
620 1419 197 27 värmeapparater
811 1413 10 38 i
828 1417 84 26 kyrkor,

86 1455 44 13 som
152 1448 117 27 nybyggas,
290 1450 50 18 utan
362 1448 63 20 ocksä
446 1448 7 20 i
474 1448 66 20 redan
556 1447 135 21 existerande
706 1447 83 26 kyrkor.
819 1445 93 22 Sälunda

85 1477 41 20 kan
143 1477 35 27 jag
192 1476 47 21 icke
254 1476 72 21 förena
341 1476 44 27 mig
400 1476 49 21 med
464 1476 27 20 hr
505 1476 108 27 Boisman,
629 1478 50 18 utan
695 1475 67 21 måste
777 1481 50 15 anse
842 1475 30 19 att
882 1480 30 14 nu

85 1507 24 18 är
129 1505 60 26 fråga
209 1511 34 14 om
264 1505 126 26 förbättring
412 1505 21 20 af
452 1505 86 26 kyrkor,
554 1504 39 21 och
608 1504 91 21 sålunda
714 1504 62 21 hafva
791 1504 25 20 de
832 1501 22 22 af
868 1502 47 27 mig

85 1533 119 28 åberopade
219 1533 149 28 paragraferna
383 1533 38 21 här
436 1533 31 20 sin
484 1533 141 27 tillämpning.
