1103 1811
75 151 15 17 8
102 150 58 21 april.
401 142 185 31 Döfstumsskolor.
863 144 40 20 637

77 221 58 24 tetty.
166 218 160 21 Vakuutettuna
347 218 48 21 siitä
417 220 42 19 että
481 218 92 24 hallitus,
596 218 45 20 kun
661 224 22 15 se
699 220 83 25 päättää
797 218 106 21 mainitse-

77 247 57 21 mani
150 247 72 21 uuden
237 247 82 20 koulun
334 247 171 27 sijoittamisesta,
521 249 56 18 ottaa
593 246 114 21 huomioon
720 246 51 21 mitä
781 246 122 21 valiokunta

77 276 164 20 mietinnössään
256 275 77 21 lausuu
349 275 82 21 koulun
446 275 75 27 paikan
538 275 96 27 suhteen,
649 275 107 21 kannatan
772 275 56 21 minä
839 275 65 21 valio-

77 304 88 21 kunnan
180 303 110 21 mietintöä
304 304 21 27 ja
340 305 79 26 pontta.

145 360 33 21 Hr
192 360 148 21 Relander:
363 360 72 21 Siihen
450 360 83 21 nähden
550 362 43 19 että
608 360 144 21 valiokunnan
767 360 137 21 mietinnössä

77 389 141 21 kannatetaan
241 395 87 14 samaan
349 391 105 18 suuntaan
471 391 103 18 menevää
588 389 130 20 toivomusta
732 389 51 20 kuin
800 389 104 20 vastalau-

76 418 114 26 seessakin,
213 417 106 21 nimittäin
341 419 42 19 että
398 417 79 21 ensiksi
492 419 144 26 perustettava
652 417 170 26 kuuromykkäin
837 417 67 21 koulu

76 446 48 21 olisi
143 448 114 19 asetettava
271 446 102 27 johonkin
390 446 132 27 kaupunkiin
538 445 71 22 Oulun
620 446 97 26 läänissä,
732 446 98 21 tahtoisin
847 447 57 20 minä

78 475 118 26 puolestani
211 476 78 25 pyytää
304 476 42 19 että
361 476 56 19 tämä
433 475 118 20 vastalause
567 474 181 27 hyväksyttäisiin.
776 474 93 21 Minusta
885 475 18 20 ei

77 503 48 20 olisi
146 506 75 19 muuta
243 503 52 20 kuin
317 503 60 21 asian
399 503 76 21 eduksi
497 505 43 19 että
561 503 96 27 säätyjen
678 503 94 27 puolelta
789 503 57 27 juuri
862 505 42 18 tätä

77 531 76 28 paikan
169 531 154 27 määräystäkin
340 531 177 28 kannatettaisiin,
533 532 43 20 kun
593 531 105 22 tiedetään
712 533 41 20 että
766 531 72 22 Oulun
848 531 56 21 lääni

77 562 43 19 tätä
135 561 72 26 nykyä
222 567 27 14 on
265 560 138 27 täydellisesti
419 561 95 20 tällaisen
530 560 87 21 tärkeän
633 560 81 21 koulun
730 562 127 25 puutteessa.

146 616 33 22 Hr
200 616 153 22 Sundvall:
383 617 42 27 Jag
444 616 92 28 begärde
558 616 66 28 ordet,
640 616 91 21 emedan
745 617 35 27 jag
796 619 64 25 antog
875 618 29 19 att

77 646 25 20 hr
116 645 106 21 Killinens
239 646 136 26 andragande
390 645 68 21 skulle
474 646 56 20 sluta
544 646 7 20 i
567 645 65 27 något
647 645 143 27 slutyrkande.
820 644 33 22 Då
869 645 35 21 det

76 674 117 21 emellertid
215 674 47 21 icke
285 674 37 20 har
344 674 55 27 gjort
421 674 28 26 sä,
472 674 68 21 skulle
562 674 36 27 jag
614 674 122 27 visserligen
751 674 47 20 icke
814 674 90 21 behöfva

77 702 83 21 bemöta
182 703 84 26 honom,
289 709 49 15 men
361 702 37 21 vill
421 702 53 22 dock
490 704 49 26 säga
554 702 66 27 nägra
636 702 37 21 ord
689 702 48 21 med
753 702 115 27 anledning
883 702 21 21 af

77 731 54 20 hvad
153 731 41 21 han
209 731 88 27 yttrade.
327 731 49 21 Han
391 731 69 21 skulle
476 731 50 27 vilja
542 731 60 21 ställa
618 731 284 27 döfstumsundervisningen

77 759 26 27 pä
125 766 81 14 samma
226 760 31 20 fot
279 766 45 14 som
347 760 176 27 folkbildningen,
546 760 23 20 sä
592 760 107 26 nämligen
724 761 28 19 att
775 760 41 20 den
834 759 69 21 skulle

77 788 65 20 blifva
157 788 84 20 allmän.
271 788 64 21 Detta
349 790 24 19 är
387 788 23 27 ju
426 788 86 21 alldeles
528 788 78 27 riktigt,
621 794 49 15 men
687 794 33 15 om
737 788 20 20 vi
770 788 63 20 ocksä
844 788 22 20 fä
876 794 27 15 en

76 816 35 27 lag
127 823 34 14 om
180 816 126 21 folkskolors
321 817 119 20 inrättande
456 817 94 25 öfveralt,
566 817 23 20 sä
604 817 73 20 kunna
693 817 21 20 vi
728 816 47 21 icke
791 816 63 21 tänka
869 822 34 15 oss

77 846 30 19 att
122 845 69 20 denna
206 845 35 27 lag
255 845 7 20 i
278 847 29 19 ett
322 852 29 14 nu
367 845 53 20 skall
435 845 73 21 kunna
524 845 85 27 bringas
624 845 7 20 i
647 845 157 27 värkställighet
819 845 39 20 och
874 847 29 18 att

77 873 21 20 vi
113 873 48 21 med
177 879 38 15 ens
230 873 68 21 skulle
314 873 21 21 fä
350 874 116 21 folkskolor
481 874 95 27 öfveralt,
592 874 21 20 af
628 874 35 21 det
679 873 63 22 enkla
751 873 67 21 skälet
829 873 74 21 nämli-

77 907 40 21 gen
141 904 29 18 att
191 902 21 20 vi
232 902 47 20 icke
301 902 63 20 hafva
386 903 122 26 tillräckligt
528 902 153 21 lärarekrafter.
711 901 46 21 Den
774 902 129 26 författning,

78 936 45 14 som
152 930 33 21 för
214 930 285 28 döfstumsundervisningen
524 932 24 19 är
569 930 131 27 utkommen,
727 930 121 22 förutsätter
874 932 29 18 att

78 958 175 22 döfstumsskolor
267 959 7 20 i
289 959 122 27 tillräckligt
431 959 57 21 antal
506 959 59 21 skola
584 959 49 21 med
650 959 35 21 det
700 960 94 20 snaraste
809 959 7 20 i
831 958 72 21 landet

78 986 93 27 inrättas,
193 994 50 14 men
261 988 61 20 dessa
338 988 176 20 döfstumsskolor
529 988 73 20 kunna
617 988 47 20 icke
679 988 88 20 inrättas
782 988 44 20 förr
840 988 26 20 än
883 987 20 20 vi

76 1014 22 22 få
119 1015 152 22 lärarekrafter,
300 1016 36 21 Nu
359 1018 60 25 säger
441 1016 124 28 visserligen
588 1016 25 21 hr
633 1016 95 21 Killinen
744 1018 30 18 att
789 1015 79 21 antalet
883 1016 21 20 af

78 1043 61 21 dessa
154 1044 147 22 lärarekrafter
316 1047 23 18 är
354 1045 106 21 beroende
476 1045 64 27 därpä
556 1047 30 19 att
601 1045 21 20 vi
637 1045 21 20 fä
673 1044 51 22 flere
740 1044 70 21 skolor
825 1044 39 21 och
875 1046 30 18 att

77 1072 50 21 flere
149 1072 85 22 komma
249 1075 30 19 att
294 1080 54 20 egna
363 1074 32 26 sig
411 1073 21 21 ät
446 1074 58 20 detta
518 1073 49 27 kall,
583 1073 23 21 sä
621 1076 58 18 snart
694 1080 49 14 man
759 1075 35 19 vet
809 1075 29 19 att
853 1072 51 21 flere

77 1100 72 21 skolor
169 1101 86 21 komma
277 1104 30 18 att
328 1102 93 21 inrättas.
451 1102 67 21 Fallet
540 1104 23 18 är
586 1102 116 20 emellertid
727 1104 29 18 att
778 1102 35 20 det
831 1101 73 21 räcker

77 1129 35 21 tvä
138 1130 28 27 är,
193 1130 68 21 under
289 1130 70 21 hvilka
382 1130 99 21 metoden
504 1131 32 20 för
562 1130 287 27 döfstumsundervisningen
872 1130 32 20 in-

78 1158 87 27 hämtas,
187 1158 85 21 hvarför
294 1159 32 27 de,
349 1166 46 14 som
416 1159 56 21 förut
487 1159 63 21 hafva
565 1159 123 27 genomgätt
702 1158 129 26 seminarier,
846 1160 58 18 ännu

79 1186 107 21 dessutom
192 1182 11 37 '
209 1187 34 21 två
265 1187 24 21 är
310 1190 36 18 äro
369 1188 121 20 nödsakade
512 1190 30 18 att
557 1188 122 20 auskultera
695 1188 35 20 vid
746 1189 29 19 ett
790 1186 114 21 döfstums-

78 1214 83 21 institut
175 1215 33 21 för
222 1217 30 19 att
267 1216 94 21 inhämta
376 1216 270 27 undervisningsmetoden.
669 1215 73 22 Skulle
758 1215 35 21 det
808 1221 30 14 nu
855 1221 49 14 vara

78 1242 29 27 sä,
121 1245 31 19 att
166 1243 128 22 inrättandet
309 1245 21 20 af
344 1244 147 21 läroanstalter
505 1245 33 20 för
553 1244 130 21 döfstumma
697 1251 30 14 nu
743 1244 31 21 till
786 1243 48 21 fullt
847 1243 57 21 antal

78 1271 106 28 päbjödes,
203 1272 22 21 sä
241 1272 100 21 behöfdes
357 1273 36 21 det
408 1273 7 20 i
430 1273 41 20 alla
486 1273 37 20 fall
539 1275 77 19 tvänne
632 1273 28 25 är,
675 1273 67 20 innan
758 1273 60 20 dessa
834 1271 71 22 skolor

77 1299 72 22 kunde
165 1301 59 20 träda
238 1301 7 20 i
261 1301 134 21 värksamhet
410 1301 31 21 till
456 1301 52 28 följd
524 1302 22 20 af
558 1301 79 21 bristen
648 1301 27 28 pä
685 1301 135 28 kompetenta
830 1301 74 26 lärare,

77 1335 46 14 som
145 1329 72 21 kunde
235 1329 60 22 sköta
311 1330 53 21 dem.
394 1330 33 21 Hr
441 1329 95 22 Killinen
552 1332 61 25 säger
628 1330 32 27 sig
674 1330 64 21 hafva
752 1329 104 22 framstält
871 1329 32 21 sin

77 1357 87 27 petition
187 1358 32 20 för
241 1360 30 19 att
285 1359 113 20 ständerna
413 1359 69 20 skulle
497 1359 85 20 komma
598 1360 30 19 att
643 1361 48 25 taga
706 1359 62 20 äfven
784 1359 70 20 denna
870 1357 34 22 del

78 1385 21 21 af
119 1385 267 29 undervisningsväsendet
408 1393 34 14 om
458 1387 62 21 hand.
550 1387 41 27 Jag
603 1390 44 18 tror
661 1389 31 19 att
707 1387 56 21 detta
778 1389 24 19 är
816 1386 88 21 alldeles

77 1414 92 27 onödigt.
184 1415 259 22 Abnormskoleväsendet
453 1417 23 19 är
486 1416 32 21 för
530 1416 131 21 närvarande
671 1416 7 20 i
689 1415 79 22 sädana
778 1415 86 24 händer,
874 1417 30 19 att

78 1449 49 14 man
149 1443 41 20 kan
212 1450 50 15 vara
277 1444 88 21 alldeles
380 1444 124 27 öfvertygad
520 1451 35 14 om
571 1446 30 19 att
616 1444 36 21 det
667 1444 54 21 skall
736 1445 99 20 utveckla
850 1444 32 27 sig
897 1445 7 20 i

77 1470 42 22 den
140 1471 52 21 allra
213 1474 94 19 snaraste
329 1472 85 21 framtid
436 1472 26 28 pä
485 1474 29 20 ett
535 1472 93 28 önskligt
642 1474 46 20 sätt.
718 1472 41 22 Det
774 1479 50 15 vore
838 1473 24 27 ju
878 1472 26 21 dä

77 1500 87 27 onödigt
186 1501 29 20 att
238 1500 113 21 ständerna
373 1500 106 22 blandade
502 1501 32 27 sig
555 1501 8 20 i
585 1508 27 13 en
628 1501 64 27 fräga,
708 1508 45 13 som
768 1501 84 21 ändock
867 1500 37 27 gär

77 1527 81 22 framät.
187 1528 33 21 Hr
233 1528 96 22 Killinen
351 1529 50 21 sade
417 1529 72 22 vidare
504 1531 30 19 att
549 1529 42 21 han
606 1529 55 21 hade
676 1529 49 22 stält
740 1529 32 21 sin
788 1529 57 21 kläm
861 1529 43 21 helt
