1103 1811
202 130 26 21 18
410 136 120 21 Tryckning
542 136 23 16 af
576 136 246 22 diskussionsprotokoll.
951 136 26 17 26
988 136 44 20 jan.

272 204 31 22 Pä
317 204 157 28 framställning
484 204 22 21 af
518 205 25 20 hr
554 204 124 22 talmannen
690 204 68 22 beslöt
768 204 84 22 ständet
864 206 30 20 att
902 204 130 22 beträffande

203 232 167 28 tryckningen
385 232 28 23 af
425 232 111 23 ständets
549 233 282 28 diskussionsprotokoll
846 233 93 27 iakttaga
949 240 82 14 samma

202 262 123 21 förfarande
346 268 46 14 som
413 262 35 20 vid
466 264 84 19 senaste
564 262 111 27 landtdag;
692 262 40 21 och
748 262 106 27 uppdrogs
869 262 56 26 förty
940 262 21 21 ät
975 261 59 21 stän-

202 290 47 21 dets
271 290 116 21 ekonomer
406 292 35 25 att,
456 290 70 21 under
540 290 104 21 förbehäll
660 290 21 21 af
695 290 166 21 statsutskottets
876 290 156 27 godkännande

201 319 7 20 i
228 318 61 27 fräga
311 325 34 14 om
366 319 71 27 priset,
457 318 50 21 med
529 318 65 28 nägot
614 319 93 26 tryckeri
728 319 7 20 i
750 318 75 21 staden
840 319 78 21 afsluta
933 319 101 21 kontrakt

201 353 35 15 om
256 347 144 27 tryckningen
423 347 20 21 af
464 347 94 21 ständets
573 347 106 28 protokoll
694 347 7 21 i
717 353 27 15 en
760 347 91 27 upplaga
866 347 21 21 af
903 347 40 21 300
959 353 73 15 exem-

201 375 52 28 plar,
274 376 66 27 jämte
355 375 36 22 det
406 375 21 22 ät
442 375 145 22 ekonomerna
602 376 69 21 tillika
686 375 171 22 öfverlämnades
872 377 30 20 att
917 375 114 22 öfvervaka

201 404 144 27 tryckningen
361 404 21 21 af
397 404 138 27 protokollen,
550 404 73 21 hvilka
638 404 65 21 borde
720 404 110 21 efterhand
847 404 82 21 utdelas
941 404 7 20 i
958 404 73 21 häften

202 439 34 15 om
254 433 41 21 1ä?2
339 433 42 20 ark.

271 559 96 21 Emedan
389 559 83 26 tryckta
492 559 110 27 exemplar
622 559 22 20 af
664 559 41 21 alla
727 559 27 21 de
775 558 77 27 nädiga
873 559 160 27 propositioner,

202 587 79 27 hvilka,
292 587 67 27 enligt
371 587 139 21 meddelande
521 587 34 21 vid
568 587 141 27 landtdagens
717 587 117 27 högtidliga
842 587 111 27 öppnande
962 587 71 21 under

202 616 115 28 gärdagen,
337 616 84 20 komme
443 617 30 19 att
493 616 105 20 tillställas
618 616 119 27 ständerna,
756 618 58 18 ännu
835 616 47 20 icke
904 615 69 21 blifvit
993 617 36 19 ut-

203 644 82 27 delade,
303 644 40 21 och
361 644 27 20 dä
403 644 108 21 dessutom
526 644 70 28 nägon
616 644 111 21 skrifvelse
743 644 90 21 rörande
848 644 27 21 de
889 644 66 21 redan
970 644 63 20 utde-

201 673 50 21 lade
267 672 137 28 exemplaren
419 672 47 22 icke
482 672 92 27 anländt,
598 672 65 28 ansäg
678 673 33 27 sig
726 673 25 21 hr
767 672 123 22 talmannen
900 672 47 21 icke
957 672 75 21 kunna

202 708 30 14 nu
248 701 72 21 skrida
335 701 32 21 till
382 701 154 27 bordläggning
554 702 20 20 af
590 701 188 28 propositionerna,
793 703 51 19 utan
860 703 77 19 utsatte
952 701 25 20 hr
992 701 41 21 tal-

202 736 95 15 mannen
312 730 34 21 för
361 729 74 22 sådant
450 730 98 21 ändamål
563 732 61 19 nästa
639 730 88 27 plenum
737 730 32 21 till
781 730 8 20 i
800 736 87 20 morgon
899 730 27 20 kl.
940 730 25 20 11
979 730 13 20 f.
1003 736 28 14 m.

272 873 33 21 Hr
320 873 122 21 talmannen
458 873 133 27 uppmanade
607 872 94 21 ständets
718 872 105 21 elektorer
838 873 30 20 att
878 878 50 14 vara
938 871 94 21 beredde

203 903 30 19 att
249 902 53 20 efter
317 901 64 28 nägot
395 901 22 21 af
432 901 26 21 de
473 903 106 19 närmaste
594 901 64 27 plena
673 901 158 21 sammanträda
846 901 7 19 i
868 901 39 20 och
922 900 33 20 för
965 899 34 21 val
1009 899 22 21 af

202 930 141 21 medlemmar
357 930 32 20 till
405 930 25 20 de
442 930 7 20 i
461 929 23 21 L.
497 929 23 21 O.
533 929 109 21 bestämda
655 930 114 20 utskotten.
790 928 113 22 Huruvida
914 928 65 27 nägra
994 934 39 14 an-

203 959 38 21 dra
258 958 80 22 utskott
352 958 84 21 komme
452 960 30 19 att
497 958 68 21 under
579 958 145 21 innevarande
733 957 103 28 landtdag
845 957 103 27 tillsättas,
958 956 74 21 kunde

202 989 26 19 hr
249 988 124 20 talmannen
394 988 57 20 ännu
471 986 47 22 icke
534 987 96 27 upplysa,
645 988 50 20 enär
710 986 77 21 sådant
802 985 94 22 berodde
911 985 26 27 pä
951 985 81 27 förslag

203 1016 22 21 af
241 1015 238 27 talmanskonferensen,
500 1015 92 27 hvilken,
608 1016 90 20 emedan
714 1015 98 27 samtliga
827 1014 62 21 stånd
903 1014 47 21 icke
966 1015 67 19 utsett

203 1044 119 22 ledamöter
336 1044 8 21 i
359 1044 128 28 densamma,
502 1046 58 18 ännu
575 1044 47 21 icke
638 1044 83 21 kunnat
736 1042 161 22 sammanträda.

274 1176 92 22 Plenum
381 1176 107 28 upplöstes
503 1176 27 21 kl.
547 1176 63 21 12:40
626 1182 17 15 e.
659 1182 27 14 m.

821 1231 21 17 In
854 1230 61 18 fidem:

751 1269 27 18 A.
800 1265 24 22 V.
841 1265 117 27 Lindberg.
