1103 1811
75 134 24 16 18
111 132 50 18 febr.
382 126 214 33 Stämpelbevillning.
862 128 40 20 237

74 201 62 21 också
158 201 7 21 i
187 200 78 27 länder,
285 201 38 21 där
343 201 77 21 folkets
441 201 165 27 skatteförmåga
627 203 23 19 är
669 203 81 25 strängt
765 201 85 27 anlitad,
867 202 38 20 har

74 230 63 26 tagits
158 230 86 26 mycket
264 230 7 20 i
290 230 95 26 anspråk,
401 230 38 20 hos
454 236 34 14 oss
504 232 59 18 ännu
578 232 24 18 är
617 230 21 20 af
654 230 100 20 behofvet
768 230 48 27 föga
832 230 71 27 påkal-

73 258 50 21 ladt.
153 258 42 21 Det
216 258 77 27 lägger,
316 258 69 21 såsom
407 258 34 20 vid
462 260 84 19 senaste
562 258 143 21 ständermöte
722 258 18 27 ej
757 258 67 21 sällan
840 258 63 21 fram-

74 286 60 26 hölls,
157 293 42 20 nog
220 288 66 25 tunga
306 286 78 21 bördor
404 287 27 26 på
452 286 156 27 affärsvärlden,
630 287 73 26 vänjer
718 287 123 20 densamma
857 287 46 20 från

75 317 30 18 att
120 315 97 20 använda
232 315 27 20 de
274 315 32 20 för
321 315 136 27 uppgörande
473 315 21 20 af
504 314 205 22 affärsförbindelser
719 315 131 27 lämpligaste
861 315 42 21 for-

74 349 74 15 merna
169 344 40 20 och
229 343 84 28 tvingar
333 343 40 21 den
395 344 7 19 i
423 343 70 22 stället
508 345 30 19 att
554 344 69 20 vända
638 344 33 27 sig
685 343 32 21 till
733 344 71 27 andra,
820 344 83 21 mindre

74 372 101 27 lämpliga
195 372 39 21 och
256 372 83 21 mindre
360 372 194 21 rekommendabla.
584 371 77 22 Denna
682 372 124 21 skatteform
821 373 83 20 medför

75 401 64 20 också
166 401 41 21 den
232 401 138 27 olägenheten
392 402 30 19 att
442 401 76 26 själfva
540 401 119 20 kontrollen
677 401 73 27 lägges
766 401 26 27 på
808 401 95 21 enskilda

74 435 101 22 personer
180 425 12 36 i
212 429 69 21 stället
295 429 33 21 för
343 431 30 18 att
388 429 41 21 den
444 429 35 20 vid
496 429 68 27 öfriga
578 429 150 21 skatteformer
739 431 23 18 är
772 429 131 21 förbehållen

74 458 235 27 statsmyndigheterna.
339 457 89 28 Följden
449 458 59 21 häraf
530 458 67 21 måste
615 458 107 27 själffallet
737 458 65 21 blifva
818 458 40 21 den
874 460 30 19 att

74 487 60 20 faran
155 487 33 20 för
208 486 108 21 underslef
337 486 58 21 alltid
411 488 24 19 är
449 488 73 25 större,
538 487 40 20 och
593 487 99 20 särskildt
706 487 68 20 måste
790 487 35 20 det
840 487 64 20 fram-

74 515 57 20 kalla
153 515 95 20 frästelse
269 515 38 20 hos
328 515 26 20 de
369 515 96 20 enskilda
481 515 157 21 affärsmännen
654 517 29 19 att
698 515 7 20 i
720 515 118 27 möjligaste
854 515 48 20 mån

75 543 139 28 undandraga
228 543 33 27 sig
276 543 70 21 denna
361 543 150 28 stämpelskatt.
542 543 88 22 Skatten
646 544 38 20 har
699 543 123 26 visserligen
836 544 69 21 under

75 573 30 19 ett
120 572 23 20 år
157 572 22 21 af
194 573 82 20 senaste
291 572 142 27 finansperiod
448 572 84 27 inbragt
547 573 7 20 i
570 573 36 20 det
621 574 105 19 närmaste
737 573 89 26 200,000
838 572 65 27 mark,

74 600 77 20 medan
173 601 41 20 den
236 601 21 20 af
277 601 114 20 ständerna
412 600 132 22 beräknades
564 601 85 20 komma
671 603 29 18 att
715 601 99 27 inbringa
829 601 75 20 endast

74 628 59 21 cirka
155 629 88 27 125,000
265 629 66 26 mark,
350 629 40 21 och
411 629 37 21 har
468 630 24 26 ju
507 630 7 19 i
530 629 58 21 detta
603 629 100 21 afseende
720 629 128 21 öfverträffat
862 629 42 21 för-

75 657 161 27 väntningarna.
266 657 50 21 Men
332 658 36 26 jag
383 660 43 18 tror
441 660 30 18 att
486 658 42 20 alla
544 658 32 27 de,
592 664 45 14 som
653 658 45 20 haft
708 658 48 20 med
768 658 71 20 denna
849 658 56 20 skatt

74 687 31 19 att
125 688 56 25 göra,
197 686 88 21 kommit
301 686 31 20 till
351 686 120 21 erfarenhet
486 693 34 14 om
536 688 30 19 att
581 686 178 26 förutsättningen
776 688 30 19 att
820 686 84 21 skatten

74 714 55 21 skall
143 715 51 21 ökas
209 715 7 20 i
231 721 80 15 samma
326 714 50 21 mån
393 721 44 15 som
454 715 247 21 affärstransaktionerna
714 715 30 21 als
760 715 46 21 icke
818 717 22 19 är
851 715 52 21 håll-

75 742 42 21 bar.
147 742 51 22 Man
219 750 34 14 ser
273 744 108 20 efterhand
397 744 7 20 i
419 744 87 20 hvilken
522 744 49 20 mån
588 744 151 20 affärsvärlden
754 744 95 20 försöker
864 750 40 14 un-

74 771 109 28 dandraga
203 772 33 27 sig
257 772 69 20 denna
347 772 141 27 beskattning,
509 772 39 21 och
569 772 27 20 då
611 772 98 27 beloppet
724 772 7 20 i
747 772 41 21 alla
803 772 38 20 fall
856 772 46 21 icke

73 801 24 19 är
118 801 57 26 stort,
196 800 23 21 så
240 806 64 21 synes
325 800 35 21 det
381 801 44 26 mig
446 803 30 18 att
497 801 36 20 det
548 807 50 14 vore
614 801 30 20 alt
658 801 45 20 skäl
719 801 32 20 för
766 800 137 27 bevillnings-

73 828 103 21 utskottet
197 830 29 19 att
247 829 56 20 hålla
325 829 70 20 denna
415 829 56 21 skatt
491 829 71 21 såsom
581 829 51 21 sista
647 835 77 21 reserv,
739 829 45 20 ifall
800 829 41 20 den
856 829 47 20 icke

74 856 42 21 kan
131 857 44 21 helt
190 857 38 21 och
244 857 65 21 hållet
323 859 134 19 utmönstras.

145 913 33 21 Hr
193 913 153 21 Grönroos:
377 914 31 21 På
423 914 68 27 grund
508 915 22 20 af
546 914 41 21 den
606 915 120 21 erfarenhet
740 915 36 27 jag
786 914 68 21 såsom
866 914 37 20 do-

76 948 58 15 mare
158 942 56 27 gjort
235 942 35 20 vid
285 942 162 28 tillämpningen
469 943 22 21 af
512 950 30 14 nu
565 943 98 27 gällande
684 942 219 28 stämpelförordning,

73 970 96 21 anhåller
183 971 36 27 jag
233 973 30 19 att
278 971 21 21 få
313 973 50 25 göra
379 978 27 14 en
422 972 142 27 anmärkning
579 972 7 20 i
602 972 116 26 anledning
732 972 22 20 af
768 972 41 20 den
826 971 77 27 nådiga

73 999 164 27 propositionen.
267 1000 117 26 Angående
399 1000 108 28 kartering
522 1000 22 21 af
558 1001 64 27 köpe-
634 1000 52 21 eller
699 1000 55 20 salu-
766 1002 54 19 samt
830 1000 72 27 gåfvo-

74 1028 40 20 och
136 1028 109 26 bytesbref
266 1028 119 21 innehåller
407 1028 146 21 densamma
541 1024 16 34 i
574 1029 220 21 öfverensstämmelse
809 1028 49 21 med
873 1034 30 14 nu

74 1056 98 26 gällande
188 1056 221 28 stämpelförordning:
442 1057 58 21 »Har
514 1058 106 27 fastighet,
636 1058 65 20 innan
712 1057 87 28 uppbud
810 1057 92 26 vunnits,

74 1084 52 22 eller
147 1085 76 27 fartyg,
244 1092 45 14 som
312 1086 94 20 anmäles
427 1086 32 20 till
474 1086 144 27 registrering,
634 1086 53 20 varit
702 1086 88 21 föremål
804 1086 34 20 för
852 1085 51 21 flere

74 1113 150 28 öfverlåtelser,
240 1114 53 20 skall
308 1114 73 27 hvarje
396 1114 245 28 öfverlätelsehandling,
658 1114 26 21 då
699 1114 76 28 lagfart
788 1114 52 21 eller
849 1114 54 26 regi-

75 1142 90 27 strering
187 1142 68 27 sökes,
267 1142 65 27 draga
347 1142 88 21 särskild
452 1143 89 27 stämpel
556 1143 71 21 såsom
641 1144 38 20 här
694 1145 23 18 är
732 1143 79 27 sagdt».
842 1142 62 21 Såväl

75 1170 22 20 af
118 1170 133 28 principiella
273 1171 45 20 skäl
341 1178 45 14 som
410 1172 64 20 också
489 1172 21 20 af
525 1172 109 27 praktiska
650 1178 61 14 anser
725 1172 35 27 jag
775 1172 57 20 detta
848 1171 55 21 stad-

74 1199 70 26 gande
160 1206 50 13 vara
224 1199 83 21 mindre
323 1200 100 27 lämpligt.
453 1200 45 20 Där
512 1200 191 27 lagfartsväsendet
717 1202 23 18 är
755 1200 96 25 ordnadt,
867 1200 37 20 där

75 1233 50 14 man
147 1227 8 20 i
179 1227 115 21 allmänhet
314 1228 97 27 lagföljer
431 1228 47 21 sina
492 1229 118 26 jordafång,
632 1230 24 19 är
679 1229 57 20 detta
751 1228 116 27 stadgande
883 1227 21 21 af

75 1256 60 27 ringa
159 1255 53 22 eller
231 1256 64 27 ingen
311 1256 115 27 betydelse,
441 1263 49 14 men
506 1257 28 27 på
548 1259 62 25 orter,
626 1257 37 20 där
677 1257 189 27 lagfartsväsendet
881 1258 23 19 är

75 1284 146 27 försummadt,
241 1287 38 24 gör
300 1285 35 21 det
355 1285 32 27 sig
402 1285 27 27 på
444 1287 30 19 ett
489 1285 137 28 synnerligen
642 1285 148 28 ofördelaktigt
805 1287 41 19 sätt
861 1285 42 27 gäl-

75 1313 68 20 lande.
173 1312 43 22 Det
230 1315 24 18 är
267 1313 108 28 nämligen
389 1313 112 28 ingenting
516 1314 100 27 ovanligt,
632 1316 51 19 utan
699 1314 65 27 torde,
776 1314 128 21 åtminstone

74 1341 56 21 hvad
146 1341 141 28 domsagorna
301 1342 59 21 inom
374 1342 59 21 Vasa
448 1343 40 20 och
504 1343 119 27 Uleåborgs
638 1343 35 20 län
686 1343 137 27 vidkommer,
834 1342 69 21 såsom

75 1369 59 28 regel
149 1370 56 27 gälla
220 1372 30 19 att
264 1371 47 20 icke
326 1371 79 27 hvarje,
421 1373 51 18 utan
484 1371 80 21 kanske
575 1371 63 27 högst
647 1371 62 21 hvart
718 1371 64 21 femte
792 1371 111 28 jordafång

73 1398 104 27 lagföljes.
214 1398 33 21 Dä
269 1405 30 14 nu
317 1405 27 15 en
359 1399 180 28 fastighetsegare,
555 1400 102 27 antingen
672 1400 32 21 till
719 1400 51 27 följd
786 1400 22 21 af
822 1399 81 21 önskan

74 1429 31 18 att
119 1427 81 27 lagfara
215 1427 49 21 med
280 1428 35 20 sitt
329 1428 113 27 jordafång
457 1428 53 21 eller
521 1428 65 21 också
595 1429 27 26 på
632 1428 70 27 grund
714 1428 58 21 däraf
782 1430 30 19 att
823 1427 81 21 inteck-

74 1455 53 27 ning
141 1455 62 21 sökes
221 1456 7 20 i
243 1456 54 20 hans
312 1456 104 27 fastighet,
431 1456 93 22 infinner
539 1457 33 27 sig
586 1457 33 20 för
634 1459 30 18 att
677 1457 80 20 erhålla
772 1456 94 28 uppbud,
881 1455 23 21 så

73 1484 73 20 ställer
161 1484 32 27 sig
207 1484 34 20 för
255 1485 77 20 honom
348 1485 7 20 i
371 1486 68 25 vägen
454 1487 57 19 stora
526 1485 131 27 svårigheter
672 1485 49 21 med
735 1484 121 22 hänseende
872 1484 32 20 till

73 1511 142 28 karteringen.
252 1513 39 20 Att
306 1513 82 20 kartera
403 1513 36 20 sitt
458 1515 48 25 eget
521 1513 103 28 köpebref
638 1513 39 21 och
693 1513 86 22 bekosta
795 1513 26 21 de
836 1512 68 27 öfriga
