1103 1811
80 148 27 17 30
120 152 61 13 mars.
442 148 20 16 11
475 148 43 22 $L.
532 148 22 16 0.
864 143 40 20 561

145 216 118 28 Föredrogs
282 223 26 14 en
325 216 111 21 skrifvelse
451 216 45 21 från
512 216 138 28 lagutskottet
665 216 22 21 af
702 216 93 28 följande
810 216 93 28 lydelse:

163 312 90 25 FINLANDS
273 309 100 28 STÄNDERS

137 369 263 28 LAGUTSKOTT

504 394 40 21 Till
560 395 105 27 vällofliga
682 394 178 28 borgareståndet.

113 435 110 24 Helsingfors
236 435 33 18 den
282 435 22 17 29
316 440 47 12 mars
377 435 50 18 1897.
830 436 2 2 :

232 486 26 18 JE
273 486 27 17 26.

145 578 96 21 Emedan
256 579 31 20 till
303 578 137 27 lagutskottet
454 578 133 27 hänskjutits,
603 580 57 19 utom
676 578 52 21 flere
741 578 76 27 nädiga
827 585 74 21 propo-

76 607 92 22 sitioner,
190 607 76 27 jämväi
290 613 25 14 en
339 606 77 27 mängd
439 607 101 20 motions-
559 607 38 20 och
614 606 177 28 petitionsförslag
806 611 54 17 samt
875 607 27 20 dä

77 636 107 20 dessutom
207 635 51 21 flere
281 635 76 27 nädiga
380 636 153 26 propositioner
554 637 58 19 ännu
634 635 49 21 med
706 635 97 21 säkerhet
821 638 35 18 äro
872 638 29 18 att

77 666 96 22 emotses,
196 664 37 20 har
256 664 101 20 utskottet
371 664 71 20 funnit
460 664 73 26 nödigt
548 666 36 24 att,
600 664 32 20 för
647 664 130 21 slutförande
792 664 58 20 inom
866 664 35 20 be-

77 693 60 26 hörig
159 693 29 20 tid
212 693 20 20 af
255 693 26 20 de
297 692 101 21 utskottet
413 692 138 21 ombetrodda
567 692 100 28 göromäl,
683 692 80 21 fördela
778 693 31 27 sig
825 692 26 27 pä
866 692 35 21 tvä

76 721 138 27 afdelningar,
236 721 71 21 hvilka
329 722 7 19 i
359 721 137 21 betraktande
520 721 20 21 af
563 721 117 21 ärendenas
697 721 44 21 vikt
756 723 78 19 ansetts
851 721 50 21 böra

75 749 59 21 bestä
149 750 102 20 hvardera
267 750 20 20 af
303 752 30 18 tre
348 749 117 21 ledamöter
479 750 48 20 frän
542 750 72 26 hvarje
630 749 73 26 ständ;
720 750 39 20 och
774 750 32 20 fär
822 750 79 20 utskot-

75 780 29 18 tet
126 778 62 27 förty,
211 778 47 21 med
275 778 45 21 stöd
336 778 21 20 af
373 779 26 20 30
416 779 12 26 $
444 778 22 21 L.
482 778 30 27 O.
528 778 107 21 vördsamt
650 778 84 20 anhålla
750 780 29 19 att
794 778 34 21 två
844 778 57 21 leda-

75 808 66 19 möter
163 807 38 20 och
224 807 35 20 tvä
279 807 136 27 suppleanter
437 807 69 20 blefve
528 807 59 20 inom
608 806 105 27 vällofliga
730 807 171 27 borgareständet

74 835 93 21 utsedde.

335 892 30 20 Pä
381 892 147 26 lagutskottets
544 894 91 24 vägnar:

376 948 84 21 Jaakko
475 948 118 22 Forsman.

618 1005 84 21 Kaarlo
718 1005 110 28 Ignatius.

139 1073 178 28 Borgareständet
340 1073 68 22 beslöt
423 1073 72 21 bifalla
510 1074 32 20 till
557 1074 148 27 lagutskottets
721 1074 30 20 uti
766 1074 132 21 förestäende

73 1102 109 21 skrifvelse
205 1102 122 21 framstälda
349 1102 84 27 förslag,
458 1102 39 21 och
513 1102 134 28 uppmanade
662 1102 25 21 hr
702 1102 122 21 talmannen
840 1103 6 20 i
862 1109 36 14 an-

73 1130 87 27 ledning
183 1131 60 21 häraf
265 1131 94 21 ständets
381 1131 104 21 elektorer
507 1133 30 19 att
560 1131 23 20 sä
604 1131 41 21 fort
663 1131 36 21 ske
716 1131 71 21 kunde
803 1133 45 19 utse
864 1131 35 21 tvä

72 1159 116 21 ledamöter
203 1160 39 20 och
257 1160 35 20 tvä
307 1160 135 27 suppleanter
457 1160 7 20 i
480 1160 142 27 lagutskottet.

137 1313 70 21 Bland
230 1313 94 22 ständets
347 1315 138 21 medlemmar
504 1315 54 20 hade
578 1313 91 22 utdelats
685 1314 39 21 och
739 1314 111 21 bordlades
866 1313 31 22 till

69 1344 59 19 nästa
143 1342 98 27 plenum:

137 1411 149 27 lagutskottets
307 1411 79 28 förslag
407 1411 32 21 till
460 1411 208 27 sammanjämkning
689 1411 21 20 af
732 1411 100 21 ständens
848 1411 49 20 skil-

70 1439 79 28 jaktiga
172 1439 70 21 beslut
265 1440 34 21 vid
321 1440 156 32 behandlingen
500 1440 21 21 af
536 1440 112 21 utskottets
664 1439 132 22 betänkande
812 1446 34 14 n:o
862 1440 12 20 2
890 1439 7 20 i

71 1468 115 27 anledning
207 1468 21 20 af
249 1468 78 27 nädiga
341 1468 158 28 propositionen
516 1475 34 14 n:o
567 1469 12 20 3
596 1468 108 27 angäende
720 1468 80 20 ändrad
815 1468 81 26 lydelse

71 1496 20 21 af
111 1496 25 21 11
158 1497 13 23 8
191 1496 10 21 i
222 1496 271 27 landtdagsordningen
509 1497 33 20 för
556 1496 200 21 storfurstendömet
770 1496 90 21 Finland
876 1496 21 20 af

70 1525 39 20 den
127 1525 26 20 15
167 1525 26 26 (3)
210 1525 53 27 april
279 1525 66 26 1869;

805 1564 23 18 36
