1103 1811
192 140 42 20 574
513 140 190 32 Pantlänerörelse.
936 148 12 16 6
961 148 58 21 april.

257 213 44 22 Hrr
315 214 233 22 Dahlströmsoch
559 214 125 28 Genetz”,
699 215 71 27 Atle,
784 215 101 21 anhållan
896 217 31 20 att
937 216 22 21 få
969 222 49 15 vara

190 242 140 22 frånvarande
346 243 45 21 från
408 245 59 19 nästa
483 244 86 26 plenum
586 243 75 21 bifölls.

261 373 90 21 Plenum
366 374 106 27 upplöstes
488 375 27 20 kl.
531 375 41 20 3:25
588 381 16 14 e.
621 382 27 14 m.
662 367 16 16 *

800 432 21 17 In
834 432 61 17 fidem:

741 467 26 21 A.
790 467 23 21 V.
830 467 117 28 Lindberg.

323 630 141 35 Tisdagen
482 631 56 27 den
556 631 17 27 6
592 631 75 35 april
685 632 39 26 kl.
741 632 51 28 !/;.7
810 640 22 18 e.
851 640 35 18 m.

260 699 42 21 Vid
318 700 115 21 värkstäldt
448 708 80 20 upprop
541 701 105 21 befunnos
658 701 140 21 fränvarande
808 702 36 20 hrr
860 701 155 27 Holmberg,

190 728 80 27 Axel,
294 729 38 20 och
354 728 164 28 Herckman,
544 730 71 21 hvilka
638 730 80 21 anmält
740 730 153 27 sjukdomsfall,
913 731 53 19 samt
980 730 36 20 hrr

189 756 160 22 Dahlström
373 758 38 20 och
434 758 109 27 Genetz,
566 758 70 28 Atle,
660 758 26 28 pä
708 759 70 27 grund
801 759 22 21 af
838 759 34 20 vid
888 758 127 28 föregäende

190 785 89 27 plenum
294 786 112 21 utvärkadt
421 786 99 21 tillständ.

260 928 113 27 Upplästes
395 928 32 21 till
448 929 104 27 justering
574 930 39 20 och
636 929 123 27 godkändes
781 930 104 20 särskilda
901 929 74 27 utdrag
991 936 26 14 ur

192 956 183 28 borgareständets
391 958 34 20 vid
440 960 83 18 senaste
539 964 78 21 penum
633 958 60 21 förda
708 958 111 28 protokoll.

259 1088 152 22 Antecknades
426 1091 30 19 att
471 1089 45 21 från
529 1089 140 21 medständen
680 1090 88 20 anländt
778 1090 104 21 särskilda
893 1090 124 27 protokolls-

190 1116 83 28 utdrag.

259 1214 118 28 Föredrogs
400 1215 42 28 lag-
466 1216 38 20 och
527 1215 212 22 ekonomiutskottets
762 1216 35 21 vid
820 1217 84 20 senaste
927 1216 86 27 plenum

190 1243 117 27 bordlagda
331 1243 79 28 förslag
435 1244 29 21 till
490 1245 207 26 sammanjämkning
722 1245 21 20 af
767 1245 101 20 ständens
894 1244 119 27 skiljaktiga

191 1271 70 22 beslut
284 1272 34 20 vid
341 1272 155 27 behandlingen
518 1273 22 20 af
561 1273 112 21 utskottets
692 1273 134 21 betänkande
840 1279 36 14 n:o
892 1273 12 20 2
919 1273 8 20 i
942 1273 71 21 anled-

190 1300 53 27 ning
259 1300 21 21 af
294 1300 78 28 nädiga
386 1301 156 27 propositionen
558 1308 35 14 n:o
605 1302 27 20 13
642 1301 110 28 angäende
764 1303 40 20 rätt
817 1303 30 20 att
859 1301 73 22 utöfva
943 1302 70 27 pant-

190 1328 152 23 länerörelse
357 1329 70 21 säsom
441 1330 58 26 yrke.

261 1385 66 22 Ordet
341 1386 102 28 begärdes
455 1387 21 20 af
491 1387 24 20 hr
530 1387 167 28 Stigzelius,
713 1394 46 14 som
770 1387 94 27 yttrade:
875 1387 34 21 Dä
919 1387 98 28 borgare-

190 1414 85 21 ständet
290 1415 88 27 tidigare
394 1416 74 21 uttalat
483 1415 69 22 säsom
568 1416 33 20 sin
616 1416 55 21 äsikt
685 1418 31 19 att
725 1417 64 26 ingen
799 1415 217 28 lagstiftningsätgärd

189 1443 28 27 pä
239 1443 59 21 detta
320 1443 86 22 omräde
429 1451 49 14 vore
500 1444 94 27 behöflig
616 1445 38 20 och
671 1445 71 20 därför
756 1445 109 27 föreslagit
880 1446 29 20 att
924 1444 93 28 proposi-

190 1471 73 21 tionen
279 1471 64 21 mätte
359 1472 82 21 lämnas
457 1474 50 19 utan
522 1472 107 28 afseende,
644 1479 63 15 anser
721 1474 35 26 jag
769 1473 36 21 det
817 1480 51 14 vara
880 1473 95 27 riktigast
987 1474 31 19 att

190 1499 65 21 ocksä
271 1500 57 21 detta
343 1501 295 27 sammanjämkningsförslag
652 1502 21 19 af
689 1501 173 28 borgareständet
874 1502 81 20 lämnas
965 1502 51 19 utan

190 1527 107 28 afseende,
313 1530 23 25 ty
351 1535 34 14 om
402 1529 35 21 det
452 1529 68 21 skulle
535 1530 21 20 af
568 1529 84 22 ständet
663 1531 94 26 antagas,
768 1529 24 22 sä
801 1530 82 21 skedde
894 1529 123 28 därigenom
