1103 1811
188 161 42 21 346
474 167 96 21 Kyrkors
582 168 161 20 uppvärmande.
937 168 12 16 5
962 171 56 13 mars

256 235 34 21 Hr
309 236 159 27 Tallqvist:
498 235 107 21 Eftersom
625 235 36 27 jag
683 235 36 21 vid
742 237 84 19 senaste
845 235 87 27 plenum
947 234 71 22 anhöll

186 270 36 15 om
245 264 98 22 ärendets
364 264 160 28 bordläggning,
544 270 63 15 anser
626 264 36 27 jag
677 264 45 26 mig
736 263 87 27 skyldig
838 265 30 19 att
882 266 56 25 yttra
952 264 66 26 några

186 292 39 21 ord
241 293 7 20 i
263 292 82 27 frågan.
375 293 44 20 Min
441 292 131 27 nyssnämda
591 292 99 21 anhållan
708 292 136 21 föranleddes
860 292 59 21 däraf
936 294 30 19 att
982 292 35 20 vid

186 322 86 19 senaste
293 321 88 26 plenum
403 321 109 21 utdelades
532 321 66 27 några
616 320 144 27 rättelseblad,
776 327 34 14 om
826 320 83 21 hvilkas
923 320 94 21 innehåll

185 350 37 26 jag
237 349 48 20 icke
301 349 54 21 hade
371 350 75 21 hunnit
459 352 48 25 taga
518 349 70 28 någon
599 351 97 19 närmare
707 349 122 20 kännedom
840 349 40 21 och
889 349 46 21 från
945 349 72 21 hvilka

186 378 37 27 jag
244 377 109 28 hoppades
368 378 78 21 erhålla
462 385 26 14 en
504 378 42 20 viss
562 377 131 28 upplysning
708 377 91 21 rörande
815 378 117 26 utskottets,
947 377 70 22 såsom

188 407 44 26 mig
251 408 80 25 syntes,
346 407 80 26 ganska
441 406 163 28 knapphändiga
620 406 140 21 betänkande.
790 406 38 21 Att
842 407 36 26 jag
893 406 6 20 i
915 406 56 21 detta
987 406 30 21 af-

188 435 79 21 seende
288 435 89 27 misstog
394 435 44 28 mig
455 435 41 21 kan
516 435 47 20 icke
584 435 109 26 bestridas,
708 436 23 26 ty
746 434 158 21 rättelsebladet
918 441 38 14 var
969 435 47 20 icke

187 465 67 19 annat
269 465 25 19 än
311 470 26 15 en
353 463 114 22 förbättrad
483 463 153 28 öfversättning
651 463 21 21 af
687 463 159 21 reservationen
856 470 34 14 n:o
903 463 17 27 1,
931 463 85 20 hvilken

187 492 166 27 ursprungligen
375 492 64 21 måtte
460 492 68 21 blifvit
543 492 94 21 skrifven
653 491 26 28 på
694 491 70 21 finska
779 491 89 28 språket.
898 491 63 22 Detta
975 493 41 19 rät-

186 520 105 21 telseblad
312 521 118 21 innehåller
450 521 54 20 dock
525 527 30 14 nu
575 527 27 14 en
623 520 64 26 kläm,
708 527 36 14 om
762 520 72 21 hvilka
849 520 93 21 ståndets
958 520 58 21 med-

186 549 91 21 lemmar
299 549 101 35 möjligen
421 549 73 21 kunna
514 549 73 21 förena
608 549 38 26 sig.
675 549 115 20 Klämmen
806 551 24 18 är
844 549 7 20 i
866 549 84 20 formelt
965 549 51 20 hän-

185 578 81 20 seende
287 577 65 28 något
367 578 24 21 så
405 580 37 19 när
457 578 69 27 riktig,
542 577 26 21 då
584 577 96 21 däremot
695 577 42 21 den
752 577 57 21 förra
824 584 37 14 var
876 579 29 20 ett
919 577 96 21 fullstän-

187 606 45 27 digt
254 606 106 32 pekorale.
375 618 28 4 —
424 606 62 21 Hvad
508 606 150 20 hufvudsaken
681 606 105 26 beträffar,
802 606 69 20 skulle
893 606 35 27 jag
950 608 65 24 gärna

187 634 62 21 ställa
272 634 44 27 mig
336 634 27 32 på
381 635 42 21 den
442 634 135 34 ståndpunkt,
595 640 46 15 som
660 634 141 27 petitionären
823 634 38 21 har
878 634 79 27 intagit,
976 634 39 21 och

187 662 70 22 skulle
273 663 33 21 för
320 670 43 14 min
381 663 34 21 del
430 664 83 26 mycket
527 665 66 25 gärna
608 669 22 14 se
646 664 30 20 att
685 663 54 21 hans
750 663 81 21 önskan
842 662 69 22 blefve
923 650 91 34 bifallen.

186 691 43 21 Det
249 691 42 21 kan
311 692 47 20 icke
380 692 102 21 bestridas
502 694 30 18 att
552 692 36 20 det
609 691 68 27 ligger
691 693 31 19 ett
737 691 84 21 barbari
836 692 45 20 däri
896 693 29 19 att
940 692 30 20 uti
986 693 29 19 ett

187 720 23 21 så
228 720 95 27 nordligt
339 720 50 21 land
408 720 48 21 med
472 722 28 19 ett
515 720 23 20 så
554 720 52 20 kallt
621 720 74 20 klimat
710 726 47 14 som
773 720 46 21 vårt
834 720 65 20 samla
915 726 100 20 personer

187 748 32 21 uti
240 748 89 21 oeldade
347 749 94 21 hörsalar
455 749 32 21 för
501 750 30 19 att
546 749 38 20 där
599 748 107 28 tillbringa
722 748 105 21 timmotal
842 748 32 21 för
889 748 125 28 deltagande

185 778 8 19 i
213 777 126 27 gudstjänst.
371 777 141 21 Petitionären
535 777 93 27 påpekar
650 777 64 20 också
730 777 26 20 de
772 777 80 26 ganska
867 776 60 21 svåra
941 777 74 26 hygie-

187 805 62 21 niska
271 805 205 27 missförhållanden,
499 812 45 14 som
568 805 62 21 dessa
652 805 57 21 kalla
731 805 81 28 kyrkor
839 805 38 21 hos
903 811 33 15 oss
952 805 62 20 hafva

187 834 156 21 åstadkommit.
373 833 42 22 Det
436 834 82 21 anföres
538 834 8 20 i
561 834 122 27 petitionen,
700 834 40 21 och
756 833 124 28 påståendet
895 833 58 22 torde
969 833 45 21 icke

185 862 45 21 lida
245 863 65 26 något
325 863 79 26 tvifvel,
419 865 30 18 att
464 863 105 26 åtskilliga
584 862 276 27 församlingsmedlemmar
870 864 7 19 i
887 862 60 21 dessa
959 862 55 21 kalla

186 891 81 26 kyrkor
284 891 63 20 hafva
367 891 81 27 ådragit
462 891 32 27 sig
509 891 128 27 förkylning,
653 891 99 27 sjukdom
769 891 39 20 och
824 897 26 14 en
866 891 85 27 förtidig
966 891 47 20 död.

183 918 12 21 I
217 919 26 21 de
264 919 160 27 reservationer,
445 926 45 14 som
511 921 35 19 äro
566 919 85 27 bilagda
665 919 115 21 utskottets
796 919 138 27 betänkande,
950 919 64 20 fram-

184 947 67 21 hålles
273 948 124 26 visserligen
419 950 30 19 att
463 954 49 14 man
528 954 78 21 genom
622 950 30 18 att
667 948 84 20 villfara
766 948 151 27 petitionärens
933 948 80 20 önskan

183 976 71 21 skulle
271 978 50 25 göra
336 976 85 28 intrång
437 977 29 21 uti
482 976 186 27 församlingarnas
683 976 187 27 själfstyrelserätt.
891 976 62 21 Detta
968 976 45 20 skäl

183 1010 66 21 synes
271 1005 44 27 mig
337 1005 54 20 dock
411 1005 47 21 icke
478 1005 96 27 hållbart,
589 1007 24 25 ty
628 1005 32 21 för
675 1005 84 21 mindre
774 1004 197 22 missförhållanden
987 1006 27 19 än

184 1039 30 14 nu
229 1033 96 27 antydda
340 1034 63 20 hafva
417 1034 137 20 kommuners
570 1034 39 20 och
624 1033 140 28 föreningars,
780 1034 21 26 ja
816 1033 32 21 till
863 1034 38 20 och
917 1033 48 21 med
977 1039 36 15 en-

183 1061 70 21 skilda
269 1068 112 21 personers
396 1062 238 27 själfbestämmelserätt
650 1062 38 21 och
704 1062 124 27 rättigheter
843 1062 38 20 fått
892 1062 56 27 gifva
960 1062 53 20 vika.

183 1090 78 21 Likaså
276 1096 65 21 synes
357 1091 43 27 mig
415 1091 45 21 icke
476 1090 66 21 häller
558 1091 36 21 det
608 1090 52 27 skäl,
675 1097 46 14 som
737 1090 81 21 anförts
833 1092 44 19 mot
892 1090 120 27 petitionen,

183 1120 31 19 att
236 1119 41 21 full
299 1119 115 27 utredning
437 1126 33 14 om
492 1119 66 21 saken
579 1119 47 21 icke
642 1119 70 21 skulle
727 1119 110 27 föreligga,
853 1126 50 14 vara
917 1118 95 21 hållbart.

183 1146 49 22 Man
249 1148 39 20 har
303 1148 33 26 sig
350 1148 23 26 ju
390 1148 77 20 bekant
481 1150 35 24 att,
527 1148 143 26 synnerligast
680 1148 27 27 på
718 1154 75 15 senare
806 1148 60 26 tider,
877 1147 56 21 såväl
944 1147 70 27 gamla

182 1182 47 14 som
251 1182 44 21 nya
309 1176 80 27 kyrkor
404 1176 69 21 blifvit
487 1176 99 21 försedda
601 1176 49 21 med
666 1178 190 26 värmeapparater.
885 1176 76 20 Likaså
976 1176 38 20 har

183 1210 50 15 man
249 1205 33 26 sig
297 1205 79 20 bekant
389 1207 30 18 att
429 1207 29 18 ett
470 1205 80 27 ganska
560 1207 53 18 stort
625 1205 57 20 antal
693 1205 81 26 kyrkor
784 1206 58 19 ännu
853 1204 66 21 sakna
929 1204 84 21 sådana.

183 1232 57 21 Ville
256 1239 49 14 man
321 1233 64 20 hafva
400 1239 26 15 en
442 1235 96 19 närmare
554 1233 98 26 statistik,
667 1235 45 19 tror
726 1233 36 27 jag
777 1233 47 21 icke
837 1233 35 20 det
884 1233 69 20 skulle
963 1239 50 14 vara

183 1261 98 27 omöjligt
303 1263 30 19 att
353 1261 99 21 förskaffa
473 1268 26 15 en
522 1261 72 21 sådan.
628 1261 50 21 Men
700 1262 57 20 hvad
779 1268 45 14 som
846 1261 116 21 emellertid
984 1267 29 14 nu

182 1289 86 28 tvingar
288 1290 45 27 mig
353 1292 31 19 att
404 1290 61 21 ställa
486 1290 43 27 mig
543 1290 27 27 på
586 1297 81 14 samma
682 1290 133 27 ståndpunkt
830 1296 46 15 som
891 1289 41 22 den
947 1289 66 21 andra

183 1318 160 21 reservationen
365 1320 23 19 är
410 1321 98 18 senatens
530 1325 49 14 svar
601 1319 27 26 på
650 1319 42 20 den
713 1319 163 26 framställning,
897 1325 44 14 som
963 1318 50 21 sista

182 1346 127 27 kyrkomöte
329 1347 74 27 gjorde
418 1347 7 20 i
441 1347 78 28 frågan.
550 1347 92 21 Senaten
661 1347 90 21 svarade
768 1349 30 19 att
813 1347 42 21 den
869 1347 46 20 icke
931 1347 41 20 kan
987 1346 27 27 gå

182 1375 8 20 i
205 1375 126 28 författning
346 1382 35 14 om
397 1375 125 28 vidtagande
538 1376 22 20 af
575 1375 65 28 några
656 1375 104 27 åtgärder,
776 1375 90 22 emedan
881 1375 132 28 lagförslag
1001 1371 16 37 i

182 1403 67 22 saken
270 1403 47 22 icke
335 1403 118 28 föreligger.
482 1404 41 27 Jag
544 1404 41 21 kan
601 1404 47 21 icke
663 1404 66 21 förstå
744 1404 58 21 detta
818 1411 48 14 svar
881 1403 133 22 annorlunda

182 1433 27 20 än
233 1434 31 19 att
285 1432 113 27 kejserliga
421 1435 86 19 senaten
530 1439 64 14 anser
615 1435 30 18 att
666 1433 58 20 detta
740 1433 79 20 ärende
835 1433 39 20 hör
887 1432 32 21 till
934 1431 79 22 sådana

182 1461 101 26 ärenden,
304 1467 35 14 om
359 1461 72 21 hvilka
445 1461 125 27 kyrkomöte
585 1461 39 21 bör
638 1463 51 25 göra
704 1461 162 27 framställning,
882 1461 19 20 d.
917 1467 18 13 v.
951 1467 15 13 s.
982 1460 31 20 till

182 1488 102 28 ärenden,
306 1495 46 15 som
375 1489 51 21 falla
448 1489 69 21 under
538 1489 132 27 kyrkolagen
693 1490 40 20 och
751 1496 36 14 om
802 1489 72 21 hvilka
889 1489 124 26 kyrkomöte

181 1516 92 21 sålunda
296 1517 67 21 måste
383 1517 109 22 inkomma
512 1517 49 22 med
582 1517 79 28 förslag
676 1517 31 21 till
723 1520 95 19 senaten.
848 1517 118 28 Kejserliga
981 1523 32 14 se-

181 1547 66 19 naten
262 1545 39 22 har
315 1546 24 27 ju
354 1547 41 20 rätt
410 1548 30 20 att
454 1547 7 20 i
476 1546 154 21 administrativ
643 1548 40 25 väg
696 1546 85 21 utfärda
791 1545 172 28 lagstadganden,
974 1545 40 21 och
