1103 1811
201 149 27 21 64
546 147 140 36 Utskottsval.
954 158 12 16 8
979 158 50 16 febr.

269 224 34 20 Hr
323 224 124 22 talmannen
469 224 139 28 tillkännagaf
630 228 30 18 att
682 226 232 22 talmanskonferensen
939 227 90 21 bestämt

200 254 30 20 att
251 252 63 28 plena
337 253 68 21 under
423 255 59 19 nästa
498 253 66 21 vecka
581 254 84 21 komme
681 256 30 20 att
726 261 38 21 ega
780 261 46 14 rum
843 261 34 14 om
893 255 81 28 onsdag
989 255 38 21 och

200 281 80 27 fredag,
296 281 36 22 det
347 282 56 20 förra
418 282 27 20 kl.
462 282 10 20 7
490 288 16 15 e.
523 288 27 14 m.

270 395 91 21 Plenum
378 395 106 28 upplöstes
500 395 27 21 kl.
544 397 26 20 10
586 403 17 14 e.
620 403 26 14 m.

818 453 20 17 In
851 453 60 17 fidem:

756 488 26 20 A.
804 487 22 21 V.
844 487 115 28 Lindberg.

317 692 150 34 Onsdagen
487 693 55 26 den
562 693 16 26 3
598 693 126 27 februari
743 693 38 26 kl.
800 694 15 25 7
834 701 22 18 e.
875 701 34 18 m.

269 778 41 21 Vid
327 778 115 21 värkstälät
458 786 80 20 upprop
554 780 106 20 befunnos
675 780 95 20 ständets
780 780 98 26 samtliga
889 780 138 20 medlommar

1 815 2 10 |
198 807 132 20 närvarande
349 807 91 20 förutom
459 807 25 20 hr
502 808 142 26 Brofeldt,
663 815 44 14 som
730 808 21 21 af
769 808 98 27 sjukdom
885 815 36 14 var
936 807 89 22 hindrad

197 837 30 19 att
243 835 33 28 sig
291 835 86 21 infinna.

269 950 114 28 Upplästes
404 950 30 21 till
455 950 103 28 justering
580 950 39 21 och
642 950 122 28 godkändes
785 950 103 21 särskilda
910 950 75 28 utdrag
1002 958 25 14 ur

199 978 185 28 borgareständets
401 979 33 21 vid
450 981 83 19 senaste
549 979 87 27 plenum
652 979 60 21 förda
727 979 111 27 protokoll.

268 1122 55 21 Från
349 1122 93 26 ståndets
467 1122 125 22 elektorer
616 1123 53 21 hade
693 1124 118 20 ankommit
835 1125 30 19 ett
886 1124 23 20 så
932 1123 93 27 lydande

198 1151 113 27 protokoll:

477 1237 111 26 Protokoll,
604 1238 56 20 fördt
675 1238 33 20 vid
726 1238 183 27 bLorgareständets
925 1237 100 22 elektors-

405 1266 155 21 sammanträde
576 1266 42 21 den
634 1267 26 20 30
675 1267 83 26 januari
776 1267 53 20 1897
846 1266 26 21 kl.
891 1267 24 20 10
932 1273 17 14 c.
965 1273 27 14 m.

268 1340 70 21 Sedan
357 1341 172 26 borgareständet
550 1341 70 20 denna
641 1341 40 27 dag
699 1341 86 20 beslutit
800 1342 35 21 att,
851 1341 91 20 förutom
955 1340 25 21 de
995 1341 29 20 uti

198 1370 26 26 29
244 1370 11 25 $
275 1369 22 21 L.
312 1369 23 21 O.
353 1369 107 21 bestämda
481 1369 85 27 utskott,
587 1369 69 21 under
672 1369 145 21 innevarande
836 1369 101 28 landtdag
956 1369 69 21 skulle

197 1398 99 21 tillsättas
311 1400 30 19 ett
356 1398 43 27 lag-
412 1398 38 21 och
464 1398 186 27 ekonomiutskott,
662 1401 30 18 ett
704 1398 212 27 kommunalutskott,
929 1399 30 20 ett
968 1398 57 27 järn-

198 1427 133 27 vägsutskott
352 1427 38 20 och
412 1429 29 18 ett
462 1427 86 20 allmänt
568 1427 187 27 petitionsutskott,
777 1426 114 21 bestående
910 1427 61 20 hvart
986 1426 39 21 och

197 1457 29 19 ett
245 1456 22 20 af
285 1455 47 27 fyra
350 1455 116 21 ledamöter
481 1455 39 21 och
536 1455 34 21 tvä
586 1455 141 27 suppleanter.
742 1455 173 21 sammanträdde
931 1455 94 20 ständets

197 1484 106 21 elektorer
318 1484 53 21 efter
385 1484 79 20 slutadt
479 1484 86 26 plenum
581 1484 33 20 för
629 1484 155 20 värkställande
801 1484 21 20 af
832 1483 133 27 ifrägarande
979 1483 44 26 val;

197 1513 133 20 närvarande
352 1512 72 21 härvid
446 1512 97 27 samtliga
564 1512 104 21 elektorer
690 1515 58 18 utom
765 1512 35 20 hrr
814 1511 103 28 Hallberg
933 1512 39 20 och
987 1511 37 21 Sö-

197 1541 97 21 derlund.
