1103 1811
197 132 41 22 176
437 138 194 18 Elementarkurser
642 138 33 18 för
686 139 101 17 arbetare.
940 138 23 17 12
975 137 50 18 febr.

267 206 32 22 Hr
319 207 147 21 Borenius
486 207 72 21 anhöll
574 214 35 14 om
624 208 60 21 ordet
699 207 40 21 och
754 207 94 27 yttrade:
874 206 42 28 Jag
931 206 95 21 inskrän-

196 235 39 21 ker
255 236 45 26 mig
319 236 33 20 till
367 238 30 19 att
412 236 26 27 på
453 236 35 21 det
504 238 105 19 varmaste
624 236 128 21 understöda
767 236 122 27 petitionen,
905 234 58 22 såväl
978 234 49 22 dess

196 264 131 27 motivering
342 270 46 15 som
404 264 47 21 dess
466 264 63 28 kläm,
545 265 39 20 och
600 264 57 22 detta
672 264 23 21 så
710 264 86 27 mycket
807 264 67 21 hällre
887 270 45 14 som
942 264 24 26 ju
979 263 48 21 dess

196 292 57 26 syfte
273 293 7 19 i
301 292 42 21 allo
365 293 157 20 sammanfaller
541 293 49 21 med
612 293 41 21 den
669 293 86 27 princip,
774 299 46 14 som
834 293 39 20 hos
888 298 35 15 oss
937 292 30 21 alt
981 298 46 15 mer

197 320 39 21 och
258 327 47 14 mer
320 321 57 27 gjort
391 321 32 27 sig
438 321 97 27 gällande
551 321 129 21 beträffande
696 321 36 22 det
746 321 59 21 såväl
820 321 7 20 i
842 321 40 21 och
897 321 32 20 för
944 321 32 26 sig
991 320 36 21 be-

196 349 105 26 rättigade
321 350 40 20 och
380 349 133 28 nödvändiga
528 356 46 15 som
590 350 62 21 äfven
667 350 33 21 för
715 349 111 22 samhället
841 349 82 27 nyttiga
945 349 31 20 uti
997 350 30 19 att

197 377 127 28 kunskapen
344 378 82 27 sprides
446 378 32 21 till
493 378 41 21 alla
550 379 164 27 samhällslager.
743 378 78 21 Härtill
836 378 97 21 kommer
947 379 30 19 att
992 383 35 22 pe-

197 406 90 21 titionen
308 407 31 20 till
360 407 36 21 sitt
415 407 93 20 innehåll
530 409 23 19 är
573 407 137 26 synnerligen
732 407 104 27 objektivt
850 407 40 20 och
905 405 76 27 sakligt
997 405 30 21 af-

197 435 74 20 fattad.
300 434 42 22 För
362 435 41 21 den
419 435 100 22 händelse
534 437 31 19 att
579 435 58 21 inom
654 435 173 28 borgareståndet
842 435 101 27 möjligen
958 433 69 22 skulle

197 463 116 21 förefinnas
337 470 27 15 en
387 464 92 27 opinion,
502 471 45 14 som
570 464 78 27 ansåge
669 466 30 19 att
719 471 49 14 man
784 463 50 22 med
848 463 71 28 frågor
934 462 21 21 af
970 462 57 21 detta

196 491 47 28 slag
253 492 47 21 icke
311 492 66 21 borde
388 493 68 20 vända
466 493 32 27 sig
508 493 33 21 till
551 493 118 26 ständerna,
682 495 51 18 utan
746 493 67 20 hällre
825 492 49 27 såge
883 493 30 20 att
921 497 50 15 man
978 491 49 21 med

197 519 81 22 sådana
298 521 143 27 ansökningar
461 521 62 28 ginge
539 521 81 21 direkte
641 521 31 21 till
687 521 133 28 regeringen,
835 521 40 20 och
890 527 45 14 som
951 519 76 28 därför,

197 548 27 21 då
240 555 31 14 nu
286 549 174 27 mordlystnaden
476 550 6 20 i
498 549 84 22 ståndet
596 550 74 27 tyckes
685 550 63 21 hafva
764 549 83 27 vaknat,
864 555 49 15 vore
929 549 49 26 böjd
995 548 33 21 för

197 579 31 19 att
247 577 62 28 lägga
329 578 116 27 petitionen
465 578 32 21 till
512 579 160 27 handlingarna,
688 578 38 21 ber
740 579 36 26 jag
791 578 21 21 få
827 578 90 27 upplysa
933 579 30 19 att
977 583 50 15 man

197 605 8 21 i
221 605 58 22 detta
294 606 38 20 fall
347 606 55 21 dock
417 606 45 22 icke
479 607 86 21 därmed
578 607 68 21 skulle
659 607 85 21 komma
757 606 32 21 till
802 606 35 21 det
849 606 96 27 åsyftade
958 605 70 26 målet,

197 634 138 21 alldenstund
359 641 27 15 en
407 636 87 26 petition
516 635 8 21 i
546 642 81 14 samma
650 636 55 26 syfte
726 635 66 21 redan
808 634 21 21 af
844 634 23 21 R.
883 641 18 14 o.
917 635 25 20 A.
958 634 70 21 blifvit

197 663 123 20 remitterad
343 663 32 21 till
398 664 106 20 allmänna
525 664 207 27 petitionsutskottet.
767 664 41 26 Jag
831 663 38 21 ber
891 664 30 20 att
941 662 22 21 få
986 662 41 21 till-

197 691 74 27 styrka
287 692 80 20 remiss.

269 747 70 22 Sedan
353 748 147 22 diskussionen
513 750 87 20 härmed
613 750 111 21 förklarats
737 749 97 27 afslutad,
848 749 43 21 blef
903 748 124 21 förenämda

197 776 182 28 petitionsförslag
394 778 21 20 af
427 778 173 27 borgareständet
612 778 132 21 remitteradt
755 778 33 21 till
800 778 108 20 allmänna
918 777 109 27 petitious-

198 804 109 28 utskottet,
323 811 46 15 som
384 805 7 21 i
406 806 192 28 protokollsutdrag
613 807 68 20 skulle
697 807 81 20 erhålla
793 806 34 21 del
842 806 22 21 af
879 806 24 20 hr
915 805 112 21 Borenius

197 833 107 26 yttrande.

268 976 119 28 Föredrogs
408 977 35 21 vid
464 980 82 19 senaste
562 978 87 27 plenum
666 978 115 27 bordlagda
796 976 232 29 petitionsmemorialet

198 1010 35 15 n:o
243 1005 34 27 32,
290 1005 168 22 undertecknadt
469 1006 21 21 af
499 1007 25 20 hr
536 1006 81 28 Kyan
624 1007 54 27 der,
689 1014 35 14 om
735 1006 97 28 åtgärder
842 1006 32 21 till
885 1004 142 29 skyddande

198 1032 28 22 af
238 1032 192 28 kyrkoarkiven.

267 1090 34 21 Hr
319 1090 84 28 Hjelt
418 1092 70 20 anhöll
504 1099 34 14 om
554 1092 60 22 ordet
630 1093 38 21 och
683 1092 93 28 yttrade:
807 1090 153 28 Föreliggande
976 1090 52 28 peti-

197 1118 170 22 tionsmemorial
388 1122 23 19 är
432 1121 76 27 egnadt
524 1128 26 14 en
566 1121 75 27 frägra,
657 1117 45 25 som
718 1121 62 27 länge
796 1120 41 21 och
852 1120 91 27 pinsamt
958 1118 71 22 berört

198 1146 43 22 alla
256 1147 55 28 dem,
327 1148 72 22 hvilka
415 1150 75 26 sysslat
505 1150 49 20 med
570 1150 171 27 arkivforskning
756 1150 7 20 i
774 1149 37 21 vär
820 1148 112 22 inhemska
941 1148 87 20 historia

198 1175 53 21 eller
273 1178 35 19 äro
330 1177 33 21 för
384 1178 122 21 densamma
521 1178 146 22 intresserade.
697 1178 47 22 Den
764 1176 195 27 eldsvädsstatistik,
975 1176 53 21 hvil-

197 1203 43 21 ken
257 1204 41 21 den
314 1206 63 20 ärade
393 1206 138 27 petitionären
547 1207 113 27 meddelat,
675 1207 107 20 bekräftar
797 1207 7 19 i
818 1206 33 20 sin
862 1206 50 20 män
920 1207 30 18 att
958 1205 71 20 denna

198 1231 61 28 fräga
281 1239 34 15 om
331 1234 134 27 skyddandet
480 1235 21 20 af
515 1235 49 21 vära
580 1235 128 27 kyrkoarkiv
724 1237 24 19 är
762 1235 7 20 i
785 1234 71 21 ordets
872 1233 105 28 egentliga
993 1233 35 20 be-

198 1261 106 31 märkelse
320 1262 129 23 brännande.
479 1263 154 22 Erfarenheten
648 1264 47 21 frän
711 1263 26 22 de
753 1265 83 19 senaste
852 1263 51 20 ären
918 1262 38 21 har
963 1263 66 25 ytter-

197 1288 68 28 ligare
287 1290 54 21 visat
356 1293 30 19 att
401 1291 61 22 dessa
478 1292 90 27 dyrbara
586 1292 66 27 arkiv,
667 1293 36 20 det
719 1299 40 14 ena
774 1292 54 21 efter
844 1291 35 21 det
894 1290 71 27 andra,
981 1289 48 22 blit-

198 1317 30 21 vit
243 1317 100 28 lägornas
358 1320 33 21 rof
406 1320 51 21 eller
472 1321 26 27 pä
514 1327 70 14 annan
600 1323 40 25 väg
655 1321 102 21 förstörts.

237 1374 4 4 =
268 1347 154 28 Föreliggande
437 1349 58 28 fråga
510 1350 43 27 har,
569 1356 35 14 om
620 1351 26 19 än
662 1349 29 22 alt
709 1351 59 19 ännu
788 1349 116 27 oreglerad,
918 1348 54 21 dock
982 1347 47 21 icke

198 1376 55 19 varit
275 1375 125 28 bortglömd.
429 1377 48 22 Den
498 1378 26 21 15
545 1379 42 26 maj
611 1379 54 20 1889
684 1378 75 21 väckte
774 1377 84 22 landets
873 1376 156 22 statsarkivarie

197 1402 39 21 hos
257 1405 128 28 regeringen
406 1405 78 28 förslag
505 1413 34 14 om
561 1407 27 20 bl.
607 1413 17 14 a.
641 1408 30 19 att
686 1407 26 21 de
728 1406 58 21 äldre
802 1406 87 21 delarna
905 1405 21 21 af
946 1405 83 21 landets

198 1431 131 27 kyrkoarkiv
350 1434 69 21 skulle
437 1435 153 21 sammanföras
604 1435 8 20 i
628 1435 141 21 statsarkivet.
800 1434 92 21 Senaten
907 1433 122 29 infordrade

197 1461 116 24 yttranden
334 1463 74 20 härom
429 1463 20 21 af
469 1463 83 21 landets
574 1464 133 27 domkapitel.
738 1464 30 20 Af
787 1463 61 21 dessa
864 1463 102 27 afstyrkte
982 1462 47 20 Åbo

198 1487 131 30 domkapitel
350 1491 182 22 statsarkivariens
553 1492 79 27 förslag
651 1492 70 21 under
740 1492 156 20 framhållande
913 1493 35 24 att,
964 1490 67 27 enligt

198 1515 56 22 hvad
260 1518 35 21 vid
303 1518 220 29 biskopsvisitationen
530 1521 88 27 erfarits,
626 1520 34 21 »åt
665 1521 157 26 kyrkoarkiven
830 1519 201 28 öfverhufvudtaget
