1103 1811
86 147 12 17 6
111 147 58 21 april.
310 146 96 17 Kvinnas
419 147 41 16 rätt
473 146 33 17 till
519 147 166 21 läraretjänster.
872 143 40 21 591

86 217 104 25 noggrant
211 215 117 21 bestämma
351 215 72 20 hvilka
442 215 158 27 läraretjänster
616 215 20 21 få
652 216 91 20 besättas
758 216 48 21 med
822 217 91 21 kvinnor

86 244 39 21 och
143 243 72 21 hvilka
229 244 53 26 icke,
297 244 90 20 likasom
404 244 35 20 det
454 250 34 14 om
504 250 26 15 en
547 244 34 20 del
597 244 79 27 platser
691 246 23 19 är
728 245 98 27 stadgadt
841 248 30 18 att
886 246 26 21 de

85 272 22 21 få
122 272 91 21 besättas
235 272 76 21 endast
332 272 49 21 med
406 272 90 21 kvinnor
518 272 41 21 och
574 272 47 22 icke
637 273 48 21 med
701 275 54 19 män.
786 274 82 21 Införes
883 277 29 19 ett

85 301 75 20 sådant
175 300 122 27 stadgande,
312 300 23 21 så
351 300 66 21 borde
432 303 30 18 ett
476 300 44 21 slut
534 303 63 24 göras
612 301 26 27 på
654 301 187 27 dispensväsendet
857 303 54 20 däri-

85 335 77 21 genom
185 331 30 18 att
237 329 64 27 ingen
325 329 79 20 kvinna
427 329 92 21 därefter
533 329 70 21 skulle
619 329 79 21 erhålla
714 330 85 27 dispens
814 331 47 20 från
876 331 36 22 sitt

85 358 48 26 kön,
148 357 67 21 likaså
229 357 46 21 litet
290 364 45 14 som
350 357 36 28 jag
402 357 46 21 hört
464 359 30 19 att
509 357 69 28 någon
596 364 49 14 man
661 358 97 27 beviljats
769 359 85 28 dispens
864 360 47 21 från

85 386 36 21 sitt
135 385 48 28 kön,
199 386 79 21 kanske
294 386 71 21 därför
380 388 30 19 att
425 386 63 27 ingen
505 393 48 14 man
571 386 73 27 begärt
659 387 40 20 det.
721 388 38 20 Att
774 388 27 27 gå
815 388 23 21 så
853 388 58 28 långt

85 421 45 14 som
145 415 158 21 reservationen
318 421 34 14 n:o
369 415 12 20 3
397 414 69 21 skulle
481 415 36 27 jag
532 415 34 20 för
582 415 43 20 min
642 415 34 21 del
691 415 33 21 för
738 416 65 27 ingen
815 417 35 21 del
861 417 50 27 vilja

85 443 84 21 förorda
188 443 26 28 på
230 443 26 21 de
271 443 51 27 skäl,
338 449 45 15 som
400 443 21 20 af
436 443 25 20 hr
476 443 104 21 Sundvall
595 443 131 28 framhållits,
741 451 51 14 men
806 445 64 22 också
884 446 27 27 på

85 473 30 19 ett
129 476 70 17 annat.
221 471 42 22 Det
285 473 23 19 är
317 478 30 14 nu
358 471 23 21 så
391 472 38 20 här
439 472 7 20 i
456 472 88 21 världen
556 474 30 19 att
596 472 119 21 kvinnorna
725 475 35 18 äro
772 474 85 26 mycket
867 474 43 27 bra,

85 507 48 14 men
148 501 98 20 karlarna
261 502 35 19 äro
313 500 63 21 också
391 501 85 26 mycket
492 501 43 26 bra,
551 501 103 20 hvardera
669 501 54 21 dock
735 501 27 28 på
772 502 36 21 sitt
819 502 90 21 område.

85 529 45 20 Och
151 529 33 20 för
206 529 43 20 min
273 529 34 21 del
329 529 66 21 måste
418 529 41 27 jag,
479 529 55 20 hvad
550 529 176 28 lärareplatserna
741 530 103 28 beträffar,
859 537 50 15 anse

85 559 29 19 att
136 558 7 19 i
165 557 110 27 gosskolor
297 557 38 21 bör
357 564 50 14 man
425 558 149 21 företrädesvis
590 558 64 21 hafva
668 559 92 27 manliga
775 559 67 21 lärare
858 559 51 21 lika-

85 592 44 14 som
145 586 6 20 i
166 586 122 20 flickskolor
302 586 148 21 företrädesvis
465 586 95 27 kvinliga
575 586 153 21 lärarekrafter.
750 587 33 21 Då
801 588 26 20 de
845 588 64 27 högre

85 614 108 21 klasserna
209 614 34 21 vid
259 614 50 21 våra
323 614 72 27 lyceer
411 614 135 22 uteslutande
562 615 63 20 hafva
640 615 94 27 manliga
748 616 76 27 elever,
837 616 23 21 så
873 616 37 21 bör

84 650 49 14 man
149 643 62 21 äfven
226 643 33 21 för
273 645 49 19 män
338 649 108 15 reservera
461 643 197 27 lektorstjänsterna
673 644 36 20 vid
719 644 113 21 desamma.
854 644 55 28 Följ-

85 672 39 20 den
146 672 21 20 af
187 674 30 19 att
231 672 70 20 lämna
317 672 48 20 dem
381 674 69 25 öppna
465 672 33 20 för
512 672 95 21 kvinnan
624 684 26 3 —
666 672 71 21 därom
753 675 23 19 är
790 673 36 27 jag
841 674 68 20 öfver-

84 700 64 28 tygad
171 713 28 3 —
221 707 50 14 vore
294 700 41 21 den
356 702 30 19 att
405 702 30 20 ett
449 700 69 21 flertal
534 700 72 27 dylika
622 701 87 27 tjänster
724 702 57 20 inom
797 702 47 21 kort
859 708 49 15 vore

85 728 80 22 besatta
180 729 48 21 med
245 729 95 27 kvinnor,
353 731 22 25 ty
387 729 36 21 det
438 731 22 19 är
470 730 24 26 ju
504 729 120 27 uppenbart
634 731 29 19 att
674 736 48 14 man
734 730 26 27 på
770 730 36 21 det
816 730 93 28 kvinliga

84 757 65 21 hållet
171 758 148 20 företrädesvis
341 758 70 20 skulle
433 758 31 20 slå
486 758 33 27 sig
541 757 27 28 på
590 758 79 20 sådana
685 758 85 28 studier,
786 759 71 21 hvilka
873 759 34 21 be-

85 786 101 27 rättigade
205 786 31 21 till
252 786 60 21 dessa
328 786 93 27 tjänster,
437 786 27 21 då
479 786 26 21 de
521 788 35 19 äro
572 786 101 21 förenade
690 787 47 20 med
753 787 155 21 löneförmåner

85 814 86 21 afsedda
186 817 30 18 att
230 815 58 26 tjäna
302 815 32 20 till
349 815 112 20 underhåll
476 815 33 20 för
524 821 28 14 en
567 821 49 14 man
632 815 49 20 med
696 815 66 28 familj
776 816 39 21 och
826 816 82 21 således

85 843 85 26 mycket
185 843 66 27 dryga
266 843 33 21 för
313 845 30 19 ett
357 843 163 21 ensamstående
532 843 141 21 fruntimmer.
696 843 41 28 Jag
752 846 44 19 tror
805 844 103 27 knappast

84 873 30 19 att
136 871 36 21 det
192 872 54 21 varit
266 872 151 27 petitionärens
439 872 87 27 mening
547 874 31 19 att
592 874 69 25 öppna
677 872 61 21 dessa
752 873 78 26 platser
845 873 62 21 äfven

83 900 32 20 för
138 900 63 27 fruar,
219 906 46 14 som
280 900 49 21 med
343 901 121 20 inkomsten
480 901 21 20 af
516 901 49 20 dem
580 900 70 21 skulle
665 901 125 21 underhålla
804 908 48 14 man
869 902 39 20 och

84 928 57 20 barn.
171 928 42 28 Jag
228 928 37 21 ber
280 928 67 21 såsom
364 929 61 27 sagdt
440 930 30 20 att
485 929 21 21 få
521 928 130 22 understöda
666 930 156 20 reservationen
839 936 34 14 n:o
889 930 18 20 2.

153 990 68 22 Sedan
241 991 148 21 diskussionen
405 991 86 21 härmed
507 992 112 20 förklarats
634 992 98 27 afslutad,
746 992 122 21 framstälde
883 993 25 20 hr

84 1018 121 22 talmannen
222 1019 53 21 efter
289 1020 119 21 hvarandra
423 1020 94 27 följande
533 1020 307 28 omröstningspropositioner:

152 1081 39 27 De,
215 1082 74 21 hvilka
310 1082 73 21 såsom
405 1082 217 28 kontraproposition
643 1084 46 20 mot
703 1083 112 21 utskottets
831 1084 74 20 betän-

84 1110 68 21 kande
175 1110 53 28 vilja
249 1112 82 26 antaga
353 1111 42 21 den
418 1111 72 21 andra
508 1111 36 21 till
560 1111 145 21 betänkandet
718 1112 77 28 fogade
810 1119 95 14 reserva-

85 1139 80 26 tionen,
181 1140 59 20 rösta
249 1140 41 26 ja;
306 1140 31 26 de,
353 1140 36 20 det
403 1140 45 20 icke
462 1142 60 25 göra,
538 1142 60 19 rösta
613 1140 50 28 nej;

152 1168 80 20 vinner
246 1168 43 27 nej,
304 1168 43 21 har
362 1168 176 28 borgareståndet
552 1168 10 21 i
576 1168 83 22 sådant
673 1168 100 28 afseende
787 1169 121 27 föredragit

83 1196 42 20 den
140 1196 65 27 tredje
220 1196 169 21 reservationen.

151 1257 42 22 Vid
209 1259 97 27 votering
321 1259 127 21 besvarades
462 1259 159 28 propositionen
635 1259 51 22 med
701 1259 27 21 40
743 1260 21 27 ja
779 1260 40 21 och
830 1260 26 20 19
867 1261 40 26 nej.

152 1320 39 26 De,
212 1321 76 21 hvilka
309 1321 74 21 såsom
405 1321 245 28 kontrapropositionen
673 1324 46 19 mot
740 1323 112 20 utskottets
874 1322 33 21 be-

84 1349 108 21 tänkande
213 1349 55 28 vilja
290 1352 83 25 antaga
395 1350 42 21 den
458 1351 73 20 andra
551 1350 171 27 reservationen,
744 1353 60 19 rösta
818 1351 43 27 ja;
876 1351 31 25 de,

83 1377 34 22 det
131 1377 45 21 icke
189 1380 61 25 göra,
265 1380 60 19 rösta
340 1379 50 27 nej;

151 1405 81 22 vinner
246 1407 43 27 nej,
305 1407 42 21 har
362 1407 177 28 borgareståndet
552 1407 10 21 i
576 1407 82 22 sådant
672 1407 101 28 afseende
787 1408 121 27 föredragit

83 1435 104 27 förslaget
208 1436 33 19 att
261 1436 42 21 den
326 1435 35 22 till
380 1436 75 27 grund
475 1436 37 27 för
533 1436 145 21 betänkandet
701 1437 64 27 lagda
784 1436 123 28 petitionen

83 1463 66 21 måtte
165 1463 88 21 lämnas
267 1466 57 19 utan
339 1464 107 27 afseende.

151 1525 161 28 Propositionen
327 1526 127 21 besvarades
469 1527 49 21 med
534 1527 156 27 öfvervägande
705 1527 27 27 ja.
