1103 1811
187 138 43 20 224
485 143 236 22 Uppfostringsanstalt.

932 144 22 17 15
967 144 52 17 febr.

257 212 32 20 Hr
305 212 133 21 Killinen
454 212 70 21 anhöll
541 219 34 14 om
592 213 60 21 ordet
667 213 40 21 och
722 212 92 27 yttrade:
846 212 55 21 Joka
912 212 106 21 vähänkin

187 247 28 15 on
236 240 54 22 ollut
313 241 136 21 tekemisessä
470 241 68 21 lasten
560 242 143 21 kasvatuksen
719 242 83 26 kanssa,
818 241 53 21 ollut
886 241 132 21 esimerkiksi

187 270 102 26 jäsenenä
312 270 308 27 kansakoulujohtokunnassa,
645 270 248 21 vaivaishoitokunnassa
916 270 14 26 j.
952 276 19 14 n.
995 276 22 19 e,

188 304 28 14 on
236 298 130 20 suruksensa
386 298 64 21 tullut
465 298 161 27 huomaamaan,
642 298 80 21 kuinka
738 298 70 27 paljon
828 298 40 21 sitä
883 298 48 27 lajia
946 298 72 27 lapsia,

187 326 63 27 joista
265 328 56 19 tässä
337 327 242 20 anomusehdotuksessa
594 327 122 26 mainitaan,
732 327 100 26 ilmestyy
845 327 108 20 varsinkin
968 327 50 20 kau-

188 354 179 28 punkipaikoissa.
402 355 162 27 Pahantapaiset
579 355 67 28 lapset
662 356 42 20 tahi
721 355 109 21 alaikäiset
846 355 173 27 rikoksentekijät

188 385 76 24 täytyy
280 385 81 19 erottaa
376 383 94 28 yleisistä
485 383 113 28 kouluista,
614 385 32 26 jos
661 385 26 20 he
703 384 60 21 siellä
776 384 92 26 ovatkin,
879 384 86 20 etteivät
975 386 43 18 tur-

187 411 71 21 melisi
280 412 21 27 ja
323 413 128 20 saastuttaisi
473 412 147 21 tovereitansa.
656 413 25 20 Ja
705 413 70 20 silloin
797 412 26 21 he
837 412 96 21 useinkin
949 413 70 26 jäävät

188 440 113 21 sellaiseen
316 441 71 26 tilaan,
403 441 48 20 ettei
467 441 47 20 siitä
530 442 34 19 voi
580 441 41 20 olla
636 448 52 13 muu
704 441 144 21 seurauksena
862 441 49 20 kuin
924 441 94 20 vankeus

189 469 132 27 lopullisesti.
344 465 9 36 —
359 469 112 21 Tällaisten
492 469 98 22 laitosten
614 472 96 25 puutetta
726 476 28 14 on
770 469 88 27 kipeästi
874 469 53 21 tultu
949 471 69 18 tunte-

189 504 62 14 maan
268 497 137 28 Kuopionkin
422 498 105 21 seuduilla
541 499 21 26 ja
574 498 220 27 paikkakuntalaisten
808 498 158 21 kehoituksesta
981 497 38 21 oli-

189 526 32 21 sin
243 526 96 21 minäkin
362 527 74 26 tehnyt
458 527 95 20 tällaisen
571 527 138 26 anomuksen,
724 527 32 26 jos
772 533 27 14 en
819 527 46 20 olisi
886 527 133 20 huomannut

189 556 43 19 että
255 555 52 20 niitä
328 555 57 21 tulee
401 555 110 20 muiltakin
527 555 92 21 tahoilta.
650 555 122 21 Sentähden
787 555 86 27 pyydän
889 555 64 20 saada
968 555 51 20 kan-

189 585 71 19 nattaa
276 585 43 19 tätä
333 584 117 26 ehdotusta,
467 584 111 21 kuitenkin
594 584 47 21 sillä
657 584 182 21 muodostuksella
858 584 26 20 eli
898 583 121 27 lisäyksellä

191 613 42 19 että
249 612 90 20 tällaisia
353 612 96 20 laitoksia
464 612 165 27 perustettaisiin
644 614 87 25 tarpeen
742 612 92 20 mukaan
846 612 173 26 kulkuneuvojen

190 640 91 21 suhteen
297 641 89 27 sopiviin
403 640 120 28 paikkoihin
539 643 75 19 maata.
645 640 51 22 Sillä
707 641 48 21 olen
766 641 173 27 pahantapaisten
951 640 68 21 lasten

189 668 28 22 eli
232 671 90 19 nuorten
339 669 187 27 rikoksentekijäin
541 669 200 21 kasvatuslaitosten
758 669 105 27 johtajilta
877 669 85 20 kuullut
978 670 42 19 että

191 698 171 20 kasvattaminen
383 698 65 20 niissä
463 698 102 20 onnistuu
580 698 117 27 paremmin
714 698 108 20 sellaisten
838 698 117 20 kasvattien
971 698 49 20 suh-

189 729 55 23 teen,
259 726 59 26 jotka
333 726 56 21 eivät
404 726 33 21 ole
452 726 47 21 siltä
514 726 187 27 paikkakunnalta,
717 727 64 20 missä
792 726 62 21 laitos
864 733 33 13 on.
920 726 100 20 Suurem-

191 754 35 27 pia
248 754 109 21 vastuksia
377 755 105 21 kuuluvat
503 757 111 19 tuottavan
636 762 27 14 ne
679 755 97 26 kasvatit,
791 755 58 27 jotka
865 756 49 19 ovat
929 754 90 21 kotoisin

190 783 104 20 laitoksen
317 783 163 27 läheisyydestä.
519 784 104 20 Niinkuin
646 784 81 26 sanoin,
752 784 107 26 pyytäisin
881 783 61 20 lisätä
957 783 62 20 tähän

190 811 236 21 anomusehdotukseen
442 818 37 14 sen
496 812 148 21 toivomuksen
667 814 42 19 että
731 812 89 21 tällaisia
838 811 97 21 laitoksia
948 817 71 22 perus-

190 840 101 21 tettaisiin
307 842 86 25 tarpeen
407 841 91 20 mukaan
501 835 17 36 ja
542 841 101 20 sellaisiin
656 841 123 26 paikkoihin
791 843 74 22 maata,
876 840 56 27 jotka
944 839 76 21 kulku-

190 869 108 26 neuvojen
315 869 21 26 ja
358 869 86 20 muiden
466 869 110 27 seikkojen
598 869 89 21 suhteen
710 869 159 20 huomattaisiin
892 869 57 20 niille
965 868 55 27 sopi-

190 897 60 20 viksi.
280 897 141 27 Epäilemättä
435 897 47 21 olisi
496 897 52 27 joku
564 898 76 26 paikka
656 897 159 21 Satakunnassa
825 897 110 21 tällaiselle
946 897 74 20 Jaitok-

190 925 51 21 selle
265 925 90 21 sovelias
376 926 81 20 samoin
479 926 51 20 kuin
546 928 62 25 myös
623 926 96 27 Savossa,
735 926 49 27 joka
800 926 112 20 kokonaan
928 928 92 24 puuttuu

190 953 90 21 tällaisia
295 954 102 20 laitoksia.

259 1010 33 22 Hr
313 1011 176 21 Söderlund:
525 1012 42 27 Jag
590 1012 37 20 ber
642 1014 30 18 att
687 1012 21 20 få
724 1012 74 20 förena
814 1011 43 27 mig
872 1011 48 21 med
936 1011 25 21 hr
975 1010 45 21 Eck

189 1046 35 14 om
250 1039 71 21 denna
342 1040 94 26 petition.
473 1040 41 27 Jag
534 1042 39 24 gör
588 1040 35 21 det
639 1040 23 21 sä
677 1040 87 27 mycket
780 1040 66 21 hällre
862 1046 44 14 som
922 1040 35 27 jag
972 1039 49 27 själf

189 1068 54 20 varit
259 1068 87 21 betänkt
361 1068 26 27 pä
403 1071 29 18 att
446 1068 126 22 framlämna
589 1075 26 15 en
632 1069 101 21 liknande
750 1069 94 27 petition,
856 1075 47 14 men
915 1068 51 20 fann
977 1068 44 26 mig

190 1096 146 22 förekommen
351 1097 22 20 af
388 1097 44 20 min
446 1104 80 20 granne
542 1098 32 20 till
590 1100 89 18 vänster.

258 1154 33 20 Hr
306 1154 144 21 Brofeldt:
466 1154 60 21 Hvar
541 1155 39 20 och
596 1161 33 20 en,
644 1161 46 14 som
706 1155 70 26 nägon
787 1154 30 21 tid
829 1154 77 26 sysslat
916 1154 48 20 med
975 1153 45 21 fän-

190 1189 66 20 garna
277 1183 58 20 inom
358 1182 49 21 vära
423 1183 92 25 tukthus,
531 1183 37 21 har
584 1183 88 21 kommit
687 1183 123 21 underfund
826 1182 49 21 med
891 1185 30 19 att
935 1189 28 14 en
978 1185 43 18 stor

190 1211 40 27 del,
251 1211 22 27 ja
296 1217 26 14 en
346 1211 85 26 mycket
454 1213 43 19 stor
515 1214 88 24 procent
618 1211 21 21 af
655 1211 49 21 vära
720 1211 164 27 tukthusfängar
899 1213 23 18 är
938 1211 83 20 hemma

190 1239 55 20 ifrån
261 1239 108 21 trakterna
384 1239 97 28 omkring
494 1239 138 28 Björneborg.
662 1239 42 22 Det
717 1242 23 18 är
757 1240 47 21 icke
816 1239 92 21 endast
898 1235 10 37 i
921 1239 99 21 afseende

191 1267 12 21 å
225 1268 85 26 antalet,
329 1274 45 15 som
391 1268 60 21 dessa
473 1269 79 20 trakter
567 1271 50 24 göra
633 1271 30 18 ett
677 1269 89 26 sorgligt
780 1268 90 27 intryck,
886 1270 50 19 utan
959 1268 62 20 äfven

190 1296 49 21 med
267 1296 99 21 afseende
389 1297 12 20 å
424 1297 25 20 de
472 1297 62 27 brott,
555 1297 34 21 för
603 1297 71 20 hvilka
693 1297 62 21 dessa
771 1303 101 21 personer
886 1299 36 18 äro
939 1296 82 21 dömda.

190 1324 78 21 Likaså
283 1327 35 18 vet
332 1325 23 26 ju
370 1325 53 20 hvar
438 1325 39 21 och
492 1331 32 21 en,
540 1332 46 14 som
602 1326 38 20 har
655 1325 77 27 sysslat
747 1325 50 21 med
812 1324 208 28 fångvårdsärenden

191 1353 39 21 och
243 1353 124 27 isynnerhet
378 1353 48 21 med
437 1353 75 28 fångar
524 1355 39 20 och
574 1355 38 20 har
623 1355 50 20 reda
683 1354 27 27 på
723 1354 61 21 deras
796 1353 152 27 antecedentia,
957 1355 30 19 att
995 1359 26 15 en

191 1381 122 22 vanvårdad
335 1382 123 27 uppfostran
480 1383 8 20 i
509 1383 130 20 barndomen
663 1383 31 20 till
716 1384 76 19 största
815 1382 63 21 delen
893 1384 23 19 är
931 1381 90 22 orsaken

191 1410 33 21 till
239 1410 166 28 brottsligheten.
435 1411 41 27 Jag
491 1411 37 21 har
544 1411 56 21 velat
610 1413 55 25 yttra
676 1411 64 28 detta,
753 1411 96 26 emedan,
860 1411 68 20 såvidt
937 1411 36 27 jag
983 1410 39 21 fat-

191 1441 36 24 tat,
243 1439 7 20 i
266 1439 116 27 petitionen
399 1439 46 21 icke
460 1439 122 22 framhålles
597 1440 87 27 specielt
694 1439 86 22 hvarför
791 1439 139 28 petitionären
945 1439 77 20 önskar

191 1467 64 21 hafva
271 1474 26 14 en
313 1467 66 21 sådan
395 1468 221 27 uppfostringsanstalt
631 1468 6 20 i
654 1468 122 21 Satakunta.
806 1467 42 21 Det
862 1467 69 21 finnes
947 1467 74 20 nämli-

191 1502 41 20 gen
255 1496 8 19 i
278 1489 48 27 Åbo
341 1496 42 26 län,
398 1496 69 21 såsom
483 1496 36 21 det
534 1497 94 26 nämdes,
643 1497 66 20 redan
721 1496 73 27 Käyrä
809 1495 214 28 uppfosringsanstalt

192 1524 39 20 och
247 1524 41 21 den
305 1525 38 20 har
358 1530 45 15 mer
418 1527 26 18 än
460 1525 122 27 tillräckligt
596 1525 99 21 interner.
726 1525 42 27 Jag
782 1524 50 21 ville
842 1524 129 21 understöda
987 1530 35 21 pe-
