1103 1811
194 129 47 34 442
521 131 189 33 Hästutskrifning.
932 138 23 17 16
967 142 61 13 mars.

199 206 65 21 näillä
289 206 151 28 valtiopäivillä
464 205 99 21 niinkuin
588 206 160 21 edellisilläkin:
774 206 149 28 valtiopäivien
948 206 80 28 lopulla

199 235 57 21 tulee
273 234 123 21 valiokunta
411 234 122 21 esittämään
547 234 73 28 pitkän
632 235 103 21 luettelon
747 235 62 21 niistä
819 235 208 27 pyyntöesityksistä,

199 264 52 26 joita
271 270 23 14 se
314 263 20 21 ei
349 263 33 21 ole
398 265 125 24 ennättänyt
537 263 102 21 käsitellä.
665 264 146 20 Tuommoiset
826 264 143 20 valiokunnan
985 264 42 20 kir-

198 292 103 27 joitukset
315 294 50 18 ovat
379 292 47 20 aina
441 292 90 20 minuun
542 292 86 20 tehneet
638 292 142 21 erinomaisen
791 292 77 20 ikävän
881 292 146 21 vaikutuksen.

198 319 51 22 Kun
273 320 98 27 ajattelee
393 321 42 20 että
457 320 95 27 säätyjen
571 320 153 27 alkuunpanon
746 321 42 26 yhä
803 320 133 21 edelleenkin
953 322 74 25 täytyy

199 348 101 27 tapahtua
323 348 158 27 pääasiallisesti
503 349 185 26 pyyntöesitysten
711 349 79 27 kautta,
806 349 45 20 niin
866 349 119 22 mielestäni
1000 355 26 14 on

199 377 85 20 erittäin
299 377 94 21 tärkeätä
407 379 42 19 että
464 377 75 26 säädyt
554 377 98 21 valvovat
670 377 39 21 sitä
731 379 43 20 että
793 383 27 15 ne
838 377 189 28 pyyntöesitykset,

198 405 51 28 joita
265 405 76 27 säädyt
354 406 114 21 lähettävät
483 405 147 27 valiokuntiin,
648 408 67 25 myös,
730 406 74 21 mikäli
818 406 140 26 mahdollista,
974 406 53 21 tule-

199 436 35 19 vat
257 434 144 27 käsitellyiksi.
425 434 51 21 Sillä
497 435 32 26 jos
552 434 75 27 säädyt
648 435 44 20 niin
714 435 56 20 eivät
793 435 119 27 menettele,
935 435 44 20 niin
999 441 28 14 ne

199 463 134 28 epäilemättä
353 463 39 21 itse
413 463 95 21 toimivat
530 463 66 20 siihen
619 466 106 19 suuntaan
748 465 42 20 että
813 464 96 27 säätyjen
928 463 99 21 vaikutus

199 491 216 28 lainsäätämistyössä
437 492 98 20 vähenee.
566 491 124 22 Puolestani
709 492 109 21 rohkenen
833 498 38 15 sen
886 492 56 21 takia
957 491 70 21 toivoa

199 522 43 19 että
267 521 81 26 säädyt,
373 520 45 21 kun
442 520 97 21 tilaisuus
564 520 68 21 siihen
658 521 116 26 tarjoutuu,
798 522 103 19 asettavat
926 520 101 27 erityisen

199 549 145 20 valiokunnan
367 550 42 19 tätä
432 551 38 24 nyt
491 549 165 26 kysymyksessä
680 549 75 21 olevaa
780 549 57 21 asiaa
862 549 163 21 käsittelemään.

199 577 62 21 Vielä
280 577 79 21 tahdon
375 577 60 21 lisätä
450 579 42 19 että
506 583 28 15 m.
549 583 27 14 m.
592 577 155 27 porvarissääty
763 584 29 14 on
810 578 117 26 lähettänyt
941 577 84 21 ainakin

199 606 114 20 useimmat
334 607 91 25 työväen
448 606 65 20 asiata
539 605 103 21 koskevat
663 606 186 27 pyyntöesitykset
870 606 57 27 juuri
947 606 79 20 talous-

201 634 142 21 valiokunnan
366 634 156 21 käsiteltäviksi.
552 634 39 20 Jos
614 636 38 24 nyt
671 636 57 19 tämä
748 634 126 22 armollinen
890 635 65 26 esitys
969 634 56 21 lähe-

199 664 71 20 tetään
286 662 98 27 myöskin
401 663 65 23 sinne,
478 662 44 21 niin
538 662 72 21 kaikki
625 664 63 19 nämä
703 665 91 25 työväen
811 663 54 21 asiat
879 663 69 27 jäävät
963 663 63 20 näillä

199 691 152 27 valtiopäivillä
365 691 166 21 käsittelemättä.
555 690 92 28 Lopuksi
663 698 26 14 en
702 692 34 20 voi
748 692 42 20 olla
801 692 162 20 mainitsematta
977 693 48 24 että,

199 720 73 20 mikäli
293 720 57 26 juuri
371 720 74 20 kuulin
467 722 130 24 sanottavan,
618 726 27 14 on
666 720 125 27 valtio-opin
812 720 113 27 professori
940 720 85 26 yliopis-

198 750 122 25 tossamme,
343 748 112 28 professori
477 748 141 27 Hermanson,
642 749 65 20 äsken
730 749 174 27 pappissäädyssä
924 748 101 21 lausunut

199 777 49 20 ettei
264 778 43 19 tätä
321 778 58 19 asiaa
389 777 47 20 olisi
453 777 126 20 lähetettävä
594 777 228 26 talousvaliokuntaan,
838 777 66 20 koska
916 783 23 14 se
956 777 69 20 hänen

197 805 196 26 ymmärtääksensä
407 805 25 20 V.
445 805 35 21 J:n
497 805 92 20 mukaan
606 805 19 21 ei
640 805 61 21 sinne
714 805 75 21 kuulu.
813 805 78 21 Kaikki
905 807 62 18 nämä
977 808 48 23 syyt

199 833 118 22 mielestäni
339 834 95 27 puhuvat
452 833 85 21 selvästi
558 833 66 21 siihen
647 836 106 19 suuntaan
770 836 42 19 että
827 836 43 19 tätä
884 834 57 20 asiaa
953 835 72 19 varten

198 862 47 21 olisi
268 862 105 27 erityinen
398 862 122 21 valiokunta
544 864 120 19 asetettava.
701 863 53 20 Siitä
776 863 47 20 olisi
846 862 59 21 sekin
927 864 35 19 etu
983 864 42 19 että

197 891 107 20 voitaisiin
324 893 79 18 asettaa
428 891 148 20 valiokuntaan
598 892 81 26 samoja
699 891 122 27 henkilöitä,
840 891 58 27 jotka
919 891 21 27 jo
961 891 64 20 viime

197 918 152 28 valtiopäivillä
371 919 125 21 käsittelivät
519 921 42 19 tätä
582 919 62 21 asiaa.
682 919 27 21 Ja
733 920 66 20 sehän
822 920 133 27 epäilemättä
977 918 48 21 olisi

197 947 73 21 asialle
286 947 110 27 hyödyksi.

266 1004 33 21 Hr
314 1010 51 15 von
385 1004 110 21 Pfaler:
526 1004 41 28 Jag
582 1004 38 22 ber
635 1006 30 20 att
679 1004 22 21 fä
716 1005 106 27 tillstyrka
838 1005 154 27 godkännande
1003 1005 22 21 af

196 1033 245 21 talmanskonferensens
466 1033 78 27 förslag
569 1033 129 21 beträffande
724 1034 36 20 det
782 1034 86 26 utskott,
890 1034 32 20 till
945 1033 79 21 hvilket

197 1061 70 21 denna
283 1062 128 26 proposition
425 1062 67 20 skulle
504 1062 125 22 remitteras.
644 1062 42 27 Jag
702 1064 38 26 gör
756 1062 57 21 detta
824 1062 59 21 desto
894 1062 71 26 hällre,
978 1068 45 15 som

195 1090 37 27 jag
249 1090 48 21 icke
319 1090 40 20 kan
375 1092 65 19 annat
454 1090 57 21 finna
527 1092 27 19 än
570 1092 30 19 att
614 1091 170 27 propositionens
800 1090 93 22 innehäll
909 1093 23 18 är
947 1091 20 20 af
983 1090 39 22 den

197 1121 31 18 art
251 1120 31 20 att
305 1118 35 21 det
362 1119 34 20 väl
418 1119 133 27 sammangär
574 1120 49 20 med
646 1119 214 21 ekonomiutskottets
881 1119 88 28 uppgift,
984 1120 39 20 och

196 1147 100 21 särskildt
311 1147 70 21 därför
396 1149 30 19 att
440 1147 51 21 flere
506 1148 22 20 af
542 1148 26 20 de
584 1148 145 26 medlemmar,
744 1154 46 14 som
806 1148 35 20 vid
857 1150 82 19 senaste
955 1148 68 21 landt-

197 1176 41 26 dag
260 1176 132 21 behandlade
412 1176 56 21 detta
487 1176 84 27 ärende,
590 1176 44 27 just
653 1182 30 15 nu
697 1176 64 21 hafva
776 1176 34 21 sin
824 1176 55 28 plats
893 1177 7 20 i
915 1176 109 22 ekonomi-

196 1204 108 21 utskottet.
330 1204 33 21 En
379 1204 74 21 remiss
468 1204 32 21 till
516 1205 202 20 ekonomiutskottet
734 1205 41 20 kan
790 1205 24 27 ju
828 1205 86 26 mycket
929 1205 34 20 väl
973 1207 50 25 göra

197 1232 35 21 det
255 1233 82 26 möjligt
358 1234 31 19 att
408 1233 72 27 frägan
502 1233 116 21 behandlas
639 1233 64 21 ocksä
720 1233 48 21 frän
783 1233 90 27 juridisk
888 1233 135 28 ständpunkt.

195 1260 49 21 Ifall
260 1261 108 27 nämligen
383 1261 201 21 ekonomiutskottet
594 1261 69 21 finner
673 1261 46 21 skäl
730 1264 31 19 att
772 1262 94 21 inhämta
876 1261 147 28 lagutskottets

195 1289 89 28 mening
304 1290 7 19 i
331 1289 71 28 saken,
421 1289 23 21 sä
462 1290 42 21 kan
517 1290 36 21 det
568 1290 85 27 mycket
668 1290 34 21 väl
717 1290 38 21 ske
770 1290 27 27 pä
812 1290 69 27 grund
897 1291 21 20 af
932 1290 22 21 L.
971 1290 29 26 O,
1016 1291 6 20 i

195 1317 68 22 likhet
277 1317 49 22 med
342 1318 54 21 hvad
412 1319 289 26 hästutskrifningsutskottet
716 1319 74 27 gjorde
808 1319 34 20 vid
860 1320 83 19 senaste
955 1319 68 20 landt-

195 1346 47 27 dag.
272 1346 42 27 Jag
335 1347 123 27 uppskattar
480 1347 32 21 till
532 1347 53 20 fullo
608 1347 126 27 betydelsen
755 1347 21 21 af
797 1347 26 21 de
844 1347 117 28 petitioner,
977 1353 46 15 som

195 1375 71 21 blifvit
286 1375 32 21 till
333 1375 203 22 ekonomiutskottet
553 1375 141 28 remitterade,
710 1376 40 21 och
766 1375 69 22 skulle
850 1376 47 21 icke
912 1376 66 21 önska
993 1377 30 20 att

195 1403 26 21 de
229 1403 111 21 lämnades
350 1403 112 28 beroende,
470 1411 48 14 men
528 1404 36 21 det
571 1410 64 21 synes
645 1404 44 27 mig
699 1405 55 20 dock
764 1404 100 28 riktigare
875 1406 30 19 att
914 1404 109 21 ekonomi-

195 1432 108 27 utskottet,
326 1439 34 14 om
381 1433 35 20 det
435 1439 63 14 anser
518 1433 32 26 sig
570 1433 48 20 icke
633 1433 66 20 hinna
714 1433 49 20 med
780 1433 61 21 dessa
856 1433 112 28 petitioner
983 1433 39 20 och

195 1467 34 13 om
245 1461 36 20 det
296 1467 63 15 anser
373 1461 48 21 dem
437 1461 50 21 böra
502 1461 85 21 komma
602 1461 69 21 under
685 1461 127 21 ständernas
827 1461 120 27 afgörande,
963 1461 60 20 kom-

193 1494 48 16 mer
255 1489 22 20 in
292 1489 49 21 med
356 1489 79 28 förslag
450 1496 34 14 om
500 1489 63 21 ökadt
578 1489 57 21 antal
649 1490 141 20 medlemmar
804 1490 34 20 för
852 1492 29 19 att
896 1490 73 20 kunna
981 1489 41 21 för-

194 1516 48 21 dela
257 1517 33 27 sig
305 1517 26 27 pä
346 1519 77 20 tvänne
439 1517 138 28 afdelningar.
602 1517 44 28 Mig
661 1524 64 21 synes
741 1518 107 27 nämligen
864 1520 35 25 att,
915 1518 26 21 dä
957 1517 65 21 redan
