1103 1811
186 141 41 21 332
411 147 69 17 Skada
494 147 30 17 till
537 147 53 21 följd
602 147 23 17 af
635 146 159 22 järnvägsdrift.
932 146 13 16 5
957 150 65 12 mars.

187 215 104 27 angriper.
321 215 31 27 Ty
373 215 48 21 icke
435 217 24 19 är
473 215 36 21 det
524 215 34 21 väl
573 215 147 27 lagförslagets
736 214 152 28 förefintlighet
908 216 51 20 utan
974 214 47 27 lag-

186 244 113 26 förslagets
314 244 101 26 innehåll,
431 250 45 14 som
493 244 90 20 kritiken
599 244 68 20 skulle
683 244 62 27 gälla.

256 272 64 21 Hvad
335 272 26 21 hr
375 272 104 27 Federley
494 274 64 25 yttrat
573 272 131 21 beträffande
720 272 132 27 påföljderna
868 272 21 20 af
903 271 57 21 detta
974 271 49 27 lag-

187 300 80 27 förslag
281 300 8 20 i
304 300 100 21 afseende
420 300 12 21 å
446 301 215 26 järnvägsstyrelsens
675 300 134 21 förhållande
824 300 32 21 till
878 300 141 21 allmänheten

188 334 65 21 synes
267 328 45 27 mig
326 329 47 20 icke
389 335 50 15 vara
454 329 137 27 synnerligen
607 329 57 20 svårt
679 331 30 19 att
724 329 90 20 bemöta.
845 328 113 27 Exemplet
972 328 47 21 från

181 357 104 21 -utlandet
301 357 56 20 visar
371 359 30 20 att
416 357 59 28 långt
490 359 65 19 större
571 358 83 26 hänsyn
673 357 32 22 till
721 357 154 21 allmänhetens
889 357 133 27 bekvämlig-

188 386 42 27 het,
253 385 83 21 trefnad
358 386 39 20 och
420 386 91 21 fördelar
533 386 42 21 kan
598 388 65 25 tagas,
683 393 35 14 om
734 386 40 21 ock
789 385 35 28 lag
839 385 108 28 angående
962 385 59 27 järn-

189 416 142 25 vägsegarens
353 421 78 14 ansvar
444 415 34 20 för
492 415 144 27 uppkommen
652 415 66 20 skada
734 414 121 27 förefinnes,
870 416 25 19 än
912 413 55 21 hvad
982 413 41 21 vår

188 443 112 20 inhemska
315 443 188 27 järnvägsstyrelse
518 443 39 20 har
571 443 83 26 lyckats
669 443 147 21 åstadkomma
827 443 68 20 under
905 443 40 20 den
956 441 64 28 långa

189 471 30 21 tid
235 477 26 15 en
278 471 65 21 sådan
359 471 35 28 lag
409 472 37 20 hos
461 478 34 15 oss
510 472 47 21 icke
572 472 38 20 har
625 472 107 21 existerat.
831 483 3 3 :

257 527 34 21 Hr
313 527 213 28 Schybergson:
556 528 42 27 Jag
620 528 57 21 inser
699 528 49 21 hela
771 527 159 27 vanskligheten
949 527 22 20 af
990 528 32 19 att

189 556 120 27 vederväga
330 558 30 19 ett
380 557 145 27 uppträdande
540 557 7 20 i
564 557 70 20 denna
652 557 60 27 fråga
726 558 110 26 gentemot
851 556 41 21 den
907 555 31 22 till
954 555 66 22 andra

189 585 118 26 digniteten
324 585 107 27 upphöjda
444 585 107 27 juridiken
567 585 7 20 i
589 585 55 21 form
660 585 21 21 af
691 585 154 27 lagberedning
856 585 38 20 och
905 584 117 27 lagutskott

189 613 8 21 i
212 620 81 14 samma
309 620 76 20 person
400 614 39 20 och
454 615 108 26 gentemot
577 614 42 20 den
635 613 128 27 vältalighet,
779 620 46 14 som
841 613 21 21 af
876 613 25 20 hr
914 612 109 21 Borenius

190 648 30 14 nu
243 644 72 18 senast
337 642 117 21 utvecklats
475 642 39 21 och
532 648 46 15 som
599 642 70 21 säkert
686 642 50 21 vida
754 641 131 21 öfverträffar
899 642 40 20 den
955 641 65 21 första

190 670 93 21 talarens
306 670 21 21 af
350 670 41 21 den
414 672 82 20 senaste
511 671 7 20 i
534 671 58 21 detta
614 670 100 22 afseende
737 670 120 21 vitsordade
880 670 142 26 andragande.

189 698 52 22 Men
255 699 37 27 jag
307 699 54 20 skall
376 699 83 21 försöka
474 700 32 26 pä.

259 727 34 21 Hr
315 727 103 27 Nybergh
440 728 85 26 började
548 728 36 20 sitt
607 727 137 27 andragande
765 727 49 21 med
836 728 30 19 att
881 726 86 21 förväna
982 726 39 27 sig.

191 755 64 21 Detta
270 758 24 18 är
309 758 29 18 ett
353 756 86 26 mycket
453 756 80 27 vanligt
548 756 40 20 och
603 756 86 26 mycket
705 756 128 26 öfverlägset
848 757 44 19 sätt.
914 754 11 21 I
935 755 32 20 sin
979 755 42 20 för-

191 784 81 27 våning
292 784 71 21 inlade
385 785 26 20 hr
429 784 100 27 Nybergh
545 785 63 20 äfven
623 784 162 21 insinuationer.
816 783 112 21 Gentemot
942 783 25 20 hr
982 783 38 20 Fe-

192 812 74 26 derley
289 813 51 20 sade
362 813 51 20 han:
437 813 27 27 ja,
485 813 37 20 där
537 813 63 20 hafva
616 813 21 20 vi
652 813 203 26 statsjärnvägarnas
871 813 152 26 representant,

192 847 46 14 som
253 841 48 20 icke
316 841 31 21 uti
363 847 26 15 en
405 841 78 21 allmän
498 841 60 28 fråga
573 848 34 14 ser
621 841 119 27 någonting
754 842 66 19 annat
835 842 27 19 än
876 840 60 21 deras
946 839 74 22 fördel.

193 869 114 21 Gentemot
328 869 25 21 hr
373 869 103 28 Hallberg
498 870 93 27 antydde
612 870 41 21 han
675 871 30 19 att
721 870 70 20 denne
807 875 37 14 var
858 868 126 21 intresserad
1000 868 23 21 af

193 899 30 19 ett
238 897 133 22 förestående
386 899 205 26 privatbaneföretag
606 899 39 20 och
660 898 72 20 därför
747 897 69 21 talade
832 904 46 14 som
889 897 42 21 han
941 896 80 28 gjorde.

193 926 42 26 Jag
250 926 37 20 vill
303 926 90 28 upplysa
408 927 25 20 hr
444 926 102 28 Nybergh
556 933 35 14 om
602 928 30 19 att
642 926 57 21 detta
709 926 206 28 privatbaneföretag
926 925 97 21 kommer

194 956 30 19 att
239 954 60 21 ledas
315 955 134 21 uteslutande
464 962 77 20 genom
557 962 53 20 egen
626 955 66 27 mark,
707 957 31 19 att
753 954 91 21 sålunda
859 954 79 20 skadan
954 954 12 20 å
981 960 40 14 ena

194 982 61 21 sidan
276 985 117 19 motsvarar
413 986 78 25 gagnet
508 984 12 20 å
542 984 42 20 den
599 984 70 26 andra,
685 985 31 19 att
730 984 8 20 i
754 983 57 21 detta
826 982 37 21 fall
878 982 81 21 således
973 982 49 21 icke

193 1010 71 22 finnes
284 1012 70 27 någon
375 1012 154 27 tillstymmelse
545 1012 32 21 till
593 1012 35 21 det
642 1012 97 27 intresse,
754 1018 46 14 som
816 1012 25 20 hr
855 1011 101 27 Nybergh
971 1010 51 21 ville

194 1040 88 27 anspela
302 1040 32 28 på.
364 1040 50 22 Men
435 1041 35 21 det
490 1041 42 21 kan
550 1040 70 22 finnas
635 1041 66 20 andra
717 1040 100 28 grunder,
832 1046 46 14 som
893 1039 85 27 betinga
993 1040 31 20 att

193 1074 56 21 man,
273 1068 27 21 då
323 1076 48 14 man
394 1069 102 27 praktiskt
512 1071 41 19 satt
574 1070 32 26 sig
621 1069 22 21 in
658 1069 7 21 i
681 1076 26 14 en
722 1069 66 27 fråga,
804 1068 47 21 icke
867 1068 100 20 bedömer
981 1068 41 20 den

193 1096 47 21 från
256 1097 94 21 abstrakt
364 1098 196 21 kammarteoretisk
575 1098 114 27 synpunkt,
704 1098 48 20 icke
768 1097 54 21 blott
832 1097 40 21 och
881 1096 46 21 bart
937 1096 32 21 för
979 1096 45 27 lag-

194 1125 121 22 stiftandets
337 1126 62 20 skull.
429 1126 41 21 Det
492 1126 144 28 föreliggande
659 1126 137 28 lagförslaget
817 1126 38 20 har
870 1125 54 27 gjort
939 1125 26 27 på
980 1125 45 27 mig

195 1154 35 20 det
245 1154 84 27 intryck
345 1156 30 20 att
391 1155 35 21 det
440 1155 7 21 i
462 1155 75 27 själfva
552 1155 74 21 värket
640 1155 90 21 kommit
746 1154 32 22 till
794 1154 71 21 därför
877 1156 29 18 att
917 1153 34 21 det
961 1154 63 27 prak-

194 1182 55 21 tiska
264 1183 101 21 behofvet
379 1183 69 21 skulle
462 1184 63 20 hafva
540 1184 93 27 påkallat
648 1184 40 20 det.

265 1211 42 22 Det
328 1211 41 21 kan
390 1218 50 14 vara
454 1211 100 28 likgiltigt
570 1218 34 14 om
620 1211 36 22 det
670 1214 23 18 är
709 1211 42 21 den
767 1210 134 29 germaniska
916 1211 51 20 eller
982 1211 41 20 den

194 1240 110 21 romerska
325 1242 76 25 rätten,
423 1247 45 14 som
489 1240 61 27 gifvit
572 1247 34 14 oss
629 1240 37 21 vår
689 1240 125 21 nuvarande
832 1239 193 27 rättsuppfattning,

195 1269 39 20 och
255 1269 56 20 huru
334 1275 50 14 man
407 1269 54 20 skall
483 1269 57 20 tolka
562 1269 73 26 regeln
655 1270 30 19 att
708 1269 56 20 »den
779 1268 54 21 skall
848 1267 74 21 stånda
937 1267 87 27 skadan,

195 1303 47 14 som
263 1297 90 27 profiten
375 1297 89 27 njuter».
494 1297 50 21 Men
565 1297 36 27 jag
622 1297 49 21 ville
690 1297 47 21 föra
752 1296 149 21 diskussionen
916 1296 22 20 in
953 1295 27 28 på
995 1297 30 20 ett

195 1325 87 21 enklare
305 1325 92 27 område,
419 1325 106 28 nämligen
548 1325 27 28 på
596 1325 72 28 frågan
691 1332 36 15 om
750 1325 154 21 allmänhetens
927 1326 40 19 rätt
985 1325 38 20 och

194 1354 97 27 intresse,
314 1354 62 20 hvars
399 1354 123 27 skyddande
545 1354 26 21 hr
592 1354 102 27 Nybergh
717 1354 52 21 bedt
790 1353 172 27 borgareståndet
983 1359 41 14 om.

195 1382 42 27 Jag
252 1382 87 21 träffade
355 1382 65 27 några
435 1383 112 26 ögonblick
562 1383 67 20 innan
644 1383 35 26 jag
695 1383 49 20 kom
761 1389 43 20 upp
820 1382 32 21 till
868 1382 56 21 detta
937 1381 88 28 plenum

196 1417 25 14 en
238 1413 45 19 stor
297 1411 122 27 godsegare,
435 1411 47 21 med
498 1411 86 20 hvilken
601 1411 35 27 jag
651 1411 117 22 samtalade
784 1411 90 20 rörande
886 1409 139 22 förevarande

195 1439 122 28 lagförslag.
340 1439 49 21 Han
404 1439 86 28 medgaf
504 1441 30 19 att
550 1439 35 21 det
600 1439 83 22 föreföll
694 1440 80 20 honom
784 1441 87 25 strängt,
882 1445 49 15 men
943 1438 81 21 tillade:

195 1469 66 25 antag
282 1474 30 14 nu
335 1469 30 19 att
387 1467 70 21 banan
478 1467 37 27 går
532 1467 56 21 förbi
602 1468 59 20 mina
675 1468 90 20 hölador
781 1468 40 20 och
836 1469 30 19 att
881 1467 26 21 de
923 1467 103 20 antändas

195 1502 79 19 genom
295 1496 81 27 gnistor
391 1496 46 21 från
452 1496 144 27 lokomotivet,
616 1496 53 21 skall
683 1496 37 27 jag
734 1496 48 21 icke
798 1502 50 14 vara
864 1495 116 27 berättigad
995 1496 30 19 att

195 1523 22 21 få
232 1524 132 27 ersättning?
387 1524 73 28 Nåväl,
470 1524 88 21 svarade
573 1525 41 26 jag,
628 1531 51 14 men
695 1531 34 14 om
741 1524 30 21 du
780 1525 40 20 har
830 1526 30 19 att
870 1524 54 27 välja
935 1523 90 21 emellan
