1103 1811
77 145 26 17 26
115 148 62 13 mars.
415 142 27 17 24
454 142 47 21 kap.
514 142 23 16 B.
549 142 23 17 B.
866 136 41 20 509

77 220 50 14 vara
142 219 27 14 en
184 212 29 21 för
220 204 78 34 sträng
305 211 92 21 fordran.
423 212 42 27 Jag
474 212 86 20 förenar
570 211 44 27 mig
626 210 71 21 därför
706 216 35 14 om
752 210 155 27 godkännande

76 242 23 21 af
113 241 111 22 utskottets
240 240 139 21 betänkande.

145 297 152 21 Diskussionen
313 297 130 21 förklarades
458 297 88 21 härmed
562 296 98 27 afslutad,
675 296 106 21 hvarefter
796 296 111 21 ekonomi-

78 327 111 21 utskottets
205 326 132 21 betänkande
353 325 129 28 godkändes.

147 470 116 27 Föredrogs
286 469 213 21 ekonomiutskottets
522 469 35 20 vid
580 472 84 17 senaste
687 468 87 27 plenum
793 467 115 27 bordlagda

80 499 133 21 betänkande
228 505 34 14 n:o
279 498 25 20 11
321 498 7 20 i
343 497 117 28 anledning
475 497 21 21 af
511 499 30 20 ett
556 498 7 20 i
578 497 24 21 R.
614 504 18 14 o.
642 497 26 21 A.
679 496 119 21 framstäldt
808 496 100 21 motions-

79 527 79 28 förslag
180 529 54 19 samt
257 528 29 19 ett
309 527 58 20 inom
390 526 156 27 prästeståndet
569 526 63 21 väckt
651 525 184 28 petitionsförslag,
854 524 53 21 båda

79 556 112 27 äsyftando
211 557 29 19 att
257 555 24 27 4,
299 555 14 21 5
329 554 47 23 och
391 554 15 22 6
422 556 28 23 88
466 555 32 22 24
512 555 57 28 kap.
584 554 28 22 B.
629 555 26 21 B.
671 553 76 23 mätte
763 553 143 29 upphäfvas.

148 612 33 21 Hr
196 612 159 21 Stenström
371 612 94 26 yttrade:
493 611 48 21 Den
556 610 224 28 lagstiftningsätgärd,
795 617 45 15 som
856 610 6 20 i
878 616 29 14 nu

79 641 145 27 föreliggande
236 640 225 21 utskottsbetänkande
472 640 94 27 föresläs,
577 642 23 19 är
613 640 155 26 otvifvelaktigt
778 639 21 21 af
809 638 99 22 behofvet

80 670 97 27 päkallad
193 670 39 20 och
247 670 26 20 de
288 669 65 21 motiv
368 669 7 20 i
391 669 122 21 hufvudsak
528 669 82 27 riktiga,
626 675 45 14 som
688 668 78 21 anförts
782 668 31 20 till
825 667 82 21 förmän

80 699 33 20 för
133 698 123 21 densamma
277 698 57 20 säväl
354 698 21 20 af
395 698 103 20 utskottet
518 704 46 14 som
586 698 21 20 af
628 697 208 27 förslagsställarena.
866 696 41 27 Jag

80 727 43 21 kan
137 727 33 21 för
185 727 41 21 den
241 726 56 21 skull
311 726 47 21 icke
370 728 66 19 annat
448 728 26 19 än
486 726 9 21 i
505 726 121 21 hufvudsak
637 726 113 27 godkänna
760 724 148 28 betänkandet,

81 762 49 14 men
146 755 107 27 samtidigt
267 762 46 14 som
327 755 36 27 jag
377 756 38 26 gör
431 755 64 27 detta,
511 755 43 21 kan
563 756 36 26 jag
609 755 47 21 icke
666 754 112 21 underläta
788 755 30 19 att
828 753 80 27 päpeka

81 784 102 20 hurusom
198 784 100 20 utskottet
313 784 66 27 enligt
393 784 45 19 min
454 784 64 21 tanke
534 784 32 20 uti
581 789 27 15 en
623 783 69 27 punkt
709 782 75 21 uttalat
800 782 32 27 sig
845 782 64 26 något

80 812 69 21 oklart
170 813 39 20 och
230 812 121 27 därigenom
374 811 128 22 ätminstone
518 812 38 21 hos
572 812 44 26 mig
631 811 120 21 framkallat
766 811 92 20 ovisshet
874 817 34 14 om

81 841 56 20 hvad
159 841 102 20 utskottet
283 841 120 26 egentligen
427 840 86 27 äsyftar.
544 841 42 26 Jag
608 840 56 21 afser
687 839 85 22 härmed
796 839 112 21 utskottets

81 869 108 21 uttalande
212 869 127 21 beträffande
362 869 26 21 de
410 875 15 15 s.
448 869 20 21 k.
490 869 235 27 sockneföreningarna.
754 869 38 20 Att
810 868 63 20 döma
887 867 22 21 af

80 898 93 26 följande
196 897 107 21 uttalande
325 897 26 27 pä
373 898 78 26 pagina
473 899 12 19 3
508 898 7 20 i
538 897 149 27 betänkandet,
710 899 83 18 senaste
815 896 92 26 stycket:

82 926 164 27 »förordningen
266 926 21 20 af
309 926 40 27 den
370 927 14 19 4
403 926 53 27 april
473 926 56 21 1864
544 926 7 20 i
567 926 26 21 de
609 926 59 20 delar
683 926 123 20 densamma
821 924 88 21 handlar

79 961 36 14 om
137 954 325 28 häradsbrandstodsföreningar
486 954 38 21 bör
544 954 108 28 samtidigt
670 954 49 21 med
734 954 19 27 4,
770 954 12 20 5
798 954 39 20 och
853 953 12 20 6
881 953 27 27 $$

81 984 28 20 24
131 983 46 27 kap.
200 983 23 21 B.
243 983 24 21 B.
287 983 123 27 upphäfvas,
428 990 50 14 men
494 984 7 20 i
517 983 69 27 öfrigt,
601 983 52 21 eller
668 982 69 21 sävidt
752 982 37 20 där
803 981 105 28 ingäende

80 1012 131 26 stadganden
226 1012 73 20 beröra
315 1012 235 27 sockneföreningarna,
566 1012 117 20 bibehällas
698 1012 7 20 i
720 1011 97 27 gällande
832 1010 75 26 kraft»,

81 1040 37 20 vill
133 1040 36 21 det
183 1040 106 28 nämligen
304 1047 64 21 synas
383 1047 46 14 som
445 1047 35 14 om
496 1040 103 21 utskottet
614 1040 93 21 önskade
721 1038 157 22 bibehällandet
887 1038 22 21 af

81 1068 228 28 sockneföreningarna
331 1069 52 21 eller
398 1069 128 21 ätminstone
542 1068 159 21 bibehällandet
716 1068 21 21 af
752 1067 97 28 gällande
865 1067 44 27 lag-

81 1098 156 27 bestämningar
259 1097 128 21 beträffande
409 1098 115 20 desamma.
555 1097 53 21 Kort
631 1097 57 21 förut
704 1097 51 21 eller
769 1096 8 21 i
792 1098 48 18 näst
854 1096 54 20 före-

80 1126 83 27 gående
178 1126 72 28 stycke
265 1126 59 21 heter
339 1126 35 21 det
389 1126 46 21 åter
449 1128 31 19 att
496 1126 102 21 utskottet
613 1126 102 27 enhälligt
730 1125 87 21 anslutit
832 1124 33 28 sig
877 1124 32 21 till

79 1155 27 20 de
121 1154 138 28 synpunkter,
273 1154 71 21 hvilka
359 1155 21 20 af
395 1154 205 28 förslagsställarena
615 1154 131 21 framhållits.
777 1153 132 21 Motionären

81 1189 42 15 von
137 1182 107 27 Knorring
259 1184 60 20 anför
333 1184 119 20 emellertid
468 1184 26 27 pä
509 1184 77 27 pagina
602 1184 12 20 2
630 1183 8 20 i
650 1183 201 26 motionsförslaget:
870 1187 39 15 »en

81 1211 92 27 naturlig
193 1211 52 27 följd
267 1212 20 20 af
307 1211 56 22 detta
383 1212 118 27 stadgande
517 1212 40 21 och
572 1212 42 20 den
630 1211 123 26 anslutning
768 1209 141 28 nyssberörda

80 1239 63 28 bolag
158 1239 83 22 erhållit
255 1240 38 21 har
307 1240 70 21 blifvit
391 1242 31 19 att
437 1240 43 21 den
495 1240 12 21 å
522 1241 14 20 4
552 1241 39 20 och
607 1241 12 20 5
636 1240 26 27 $$
675 1240 7 20 i
698 1239 117 28 åberopade
831 1238 78 27 kapitel

81 1268 40 21 och
145 1268 50 21 balk
215 1269 109 26 grundade
347 1269 165 27 ansvarigheten
532 1269 58 20 inom
614 1269 26 20 de
663 1269 109 20 häradsvis
794 1267 115 22 bestående

80 1296 148 28 föreningarna
251 1297 91 21 fördelar
364 1297 32 27 sig
418 1297 28 28 på
469 1299 30 20 ett
514 1297 105 27 betydligt
634 1297 82 21 mindre
732 1297 55 20 antal
803 1296 106 21 hemman.

80 1325 64 21 Detta
162 1326 89 21 innebär
266 1333 26 14 en
307 1326 45 21 fara
367 1327 41 20 och
422 1327 39 20 har
475 1326 77 27 jämväl
568 1326 7 20 i
590 1326 51 21 flere
657 1325 37 21 fall
709 1326 53 21 visat
777 1325 32 27 sig
824 1325 85 26 mycket

79 1354 127 27 ödesdigert.
239 1354 45 21 Och
309 1355 104 26 själfklart
435 1356 23 19 är
481 1356 31 19 att
534 1355 58 20 detta
613 1354 183 21 missförhällande
819 1353 90 22 erhåller

79 1384 68 19 större
169 1383 127 27 omfattning
317 1383 39 21 och
372 1383 111 27 betydelse
498 1383 8 21 i
521 1390 81 14 samma
617 1383 50 20 mån
683 1389 26 15 en
725 1383 89 27 lifligare
829 1381 80 22 anslut-

81 1411 52 27 ning
153 1411 33 21 till
207 1411 35 21 det
263 1411 106 22 allmänna
384 1411 214 28 brandstodsbolaget
614 1418 50 21 eger
678 1418 66 14 rum.>
776 1411 39 21 Om
832 1417 29 14 nu
877 1411 33 20 ut-

78 1439 81 22 skottet
173 1440 104 21 erkänner
290 1441 126 26 riktigheten
428 1441 22 20 af
460 1447 52 20 nyss
522 1440 94 21 citerade
628 1440 114 27 uttalande,
753 1440 80 21 hvilket
845 1445 64 20 synes

80 1468 44 27 mig
142 1468 49 21 fullt
209 1468 104 28 befogadt,
331 1469 23 20 så
369 1468 109 22 förefaller
492 1469 36 21 det
542 1475 46 15 som
604 1475 34 14 om
654 1468 102 21 utskottet
770 1467 69 22 skulle
854 1467 55 27 gjort

79 1496 34 27 sig
134 1496 93 28 skyldigt
247 1497 32 20 till
297 1504 26 14 en
338 1498 134 26 motsägelse,
488 1497 27 21 då
530 1497 102 21 utskottet
648 1497 35 20 det
698 1497 85 20 oaktadt
798 1496 37 20 vill
850 1495 59 21 bibe-

80 1525 57 20 hålla
159 1525 26 21 de
208 1525 130 28 stadganden
360 1525 8 21 i
391 1525 56 22 1864
470 1525 34 22 års
524 1525 130 28 förordning,
673 1525 71 21 hvilka
759 1527 47 19 röra
820 1523 89 22 söckne-
