1103 1811
183 140 43 22 296
477 139 249 34 Expeditionsutskottet.
923 148 27 16 26
962 148 51 17 febr.

253 215 43 21 Hrr
307 215 158 28 Borenius',
475 215 149 21 Brofeldts
634 217 38 19 och
682 215 150 27 Jusölius',
842 215 171 27 Ferdinand,

184 243 100 22 anhällan
307 246 30 19 att
358 244 21 21 fä
402 250 50 15 vara
474 244 141 21 fränvarande
637 244 47 21 frän
707 246 61 20 nästa
789 244 89 27 plenum
901 244 70 22 bifölls
993 244 21 21 af

184 272 90 22 ständet.

255 414 61 21 Efter
331 415 36 21 det
381 415 26 21 hr
421 415 123 21 talmannen
554 415 166 28 tillkännagifvit
728 417 30 20 att
765 417 61 20 nästa
835 415 87 28 plenum
931 415 84 22 komme

186 445 31 19 att
239 443 67 21 hällas
329 443 101 28 fredagen
452 443 42 22 den
515 444 27 20 26
561 444 81 21 dennes
658 444 27 21 kl.
701 444 13 20 6
730 450 18 15 e.
764 450 33 21 m.,
813 444 107 27 upplöstes
936 444 79 27 dagens

185 472 89 27 plenum
289 472 28 21 kl.
333 473 41 20 8:20
388 479 17 14 e.
421 479 27 14 m.

808 529 20 17 In
842 529 59 17 fidem:

737 563 27 22 A.
787 563 24 22 V.
828 563 117 28 Lindberg.

297 739 147 35 Fredagen
462 740 55 26 den
536 740 37 26 26
592 740 128 26 februari
737 739 39 27 kl.
795 740 17 26 6
832 747 22 19 e.
872 748 35 18 m.

258 815 40 20 Vid
314 815 115 20 värkstäldt
443 821 81 21 upprop
540 815 106 21 befunnos
661 815 95 21 ständets
772 815 98 27 samtliga
880 815 137 20 medlemmar

188 843 133 21 närvarande
341 843 92 21 förutom
454 843 36 21 hrr
509 843 145 27 Jusölius,
675 843 179 27 Ferdinand,
875 843 142 21 Borenius

189 871 38 21 och
243 871 152 28 Brofeldt,
411 872 41 21 alla
467 871 26 28 pä
508 872 70 27 grund
588 872 22 21 af
620 872 88 27 tidigare
719 872 123 21 meddeladt
852 871 100 28 tillständ,
963 873 53 20 samt

188 900 25 20 hr
227 900 149 27 Nybergh,
391 901 125 27 August,
531 907 46 14 som
593 901 79 20 anmält
687 900 155 28 sjukdomsfall.

259 1054 112 28 Upplästes
394 1055 32 21 till
446 1055 104 27 justering
572 1055 40 21 och
634 1055 122 27 godkändes
778 1054 103 22 särskilda
903 1054 74 28 utdrag
992 1061 26 14 ur

189 1082 185 28 borgareständets
390 1084 35 20 vid
440 1086 83 19 senaste
538 1084 87 27 plenum
640 1084 61 20 förda
716 1084 111 27 protokoll.

258 1231 152 22 Antecknades
433 1234 29 19 att
484 1232 45 21 frän
551 1232 140 21 medständen
713 1232 88 21 anländt
823 1231 102 22 särskilda
948 1233 69 26 proto-

189 1259 138 28 kollsutdrag.

259 1396 56 21 Frän
336 1397 235 27 expeditionsutskottet
585 1397 55 22 hade
655 1397 119 22 ankommit
786 1404 27 15 en
828 1397 116 28 skrifvelse,
960 1397 58 21 hvari

189 1425 138 22 meddelades
350 1427 30 19 att
402 1426 101 21 utskottet
524 1426 30 21 till
579 1426 126 21 ordförande
728 1428 66 19 utsett
817 1425 112 22 statsrådet
950 1425 22 22 L.
995 1425 22 22 L.

189 1453 144 22 Lindelöf.
