1100 1781
181 106 163 23 Verohuojennus
357 107 93 21 Halikon,
463 107 94 18 Piikkiön
570 113 19 18 y.
603 113 24 12 m.
641 107 177 18 tuomiokunnissa.
890 107 40 21 251

100 186 28 15 on
146 179 102 28 pöydälle
267 181 69 25 pantu
351 179 188 22 samanlaatuinen
555 180 183 21 anomusehdotus
754 180 100 21 koskeva
868 185 63 16 vero-

99 209 145 27 huojennusta
259 208 128 27 Pyhämaan
402 209 114 28 pitäjässä.

168 265 142 22 Edusmiehet
332 265 83 23 Eklund
436 266 25 28 ja
480 266 107 23 Forsman
603 266 142 21 kannattivat
761 267 81 20 edusm.
858 265 72 21 Meur-

99 294 73 22 manin
187 295 102 20 tekemää
304 295 123 21 ehdotusta.

169 352 115 21 Edusmies
300 352 92 23 Reuter:
409 352 34 22 Då
457 353 40 27 jag
513 352 102 27 förutsåg
631 353 71 20 denna
717 352 99 27 begäran
828 351 24 22 af
861 351 68 22 landt-

99 381 83 27 dagsm.
206 381 120 27 Meurman,
350 381 24 21 så
396 382 41 21 har
456 382 41 27 jag
520 382 51 21 sökt
595 381 63 27 fram,
680 381 60 22 hvad
755 381 33 21 uti
803 381 71 21 denna
889 380 40 21 och

99 409 104 22 liknande
226 409 76 28 frågor
324 410 8 21 i
352 409 90 22 ståndet
463 410 76 22 blifvit
561 410 96 21 beslutet
673 410 41 21 och
729 410 40 21 ber
785 411 33 20 att
834 409 22 22 få
871 409 58 22 med-

100 438 50 22 dela
165 438 107 28 följande:

168 467 11 22 I
195 467 87 22 ståndet
297 467 134 22 inlemnades
449 469 56 20 1894
520 467 98 28 följande
633 467 130 27 petitioner:

169 498 20 23 1)
208 495 26 22 af
250 497 212 27 landtdagsmännen
477 496 104 22 Zefanias
597 496 110 27 Suutarla,
723 496 49 21 Uno
788 496 96 25 Bremer,
902 495 25 21 K.

99 524 26 22 V.
142 525 100 22 Hollmén
258 526 49 21 med
322 525 97 29 följande
434 526 69 21 kläm:

376 584 33 20 att
431 584 38 20 det
491 582 68 22 måtte
582 582 106 22 tillsättas
708 588 27 16 en
756 582 88 27 komité,
860 581 68 22 som
915 577 17 37 i

306 612 87 21 samråd
417 612 49 21 med
489 611 7 21 i
519 611 215 22 ortsförhållandena
750 610 116 28 förtrogna
880 616 48 21 per-

305 647 65 15 soner
380 641 71 21 skulle
462 641 125 21 undersöka
596 640 170 28 lägenheternas
775 639 153 28 egoförmåner

306 670 40 20 och
369 670 145 27 skattetunga
535 669 59 21 inom
616 670 67 20 södra
705 669 177 21 kustsocknarna
904 668 26 21 af

326 698 28 22 bo
371 699 40 21 och
425 698 151 27 Björneborgs
596 698 42 27 län,
657 698 93 26 specielt
764 697 59 22 inom
838 697 88 26 Vehmo,

305 727 104 27 Halikko,
425 728 82 20 Masku
525 728 40 20 och
583 726 87 22 Piikkis
686 727 124 27 domsagor,
826 726 41 21 och
882 732 44 15 som

305 755 90 22 försedd
418 756 49 21 med
489 756 68 27 nödig
579 755 134 22 instruktion
736 756 72 20 skulle
828 756 98 26 uppgöra

305 784 112 28 sakenligt
427 784 86 28 förslag
524 785 34 21 till
566 784 208 27 skatteförmedling
783 784 41 22 och
832 790 28 20 ny
869 790 57 14 man-

304 813 145 28 talssättning
464 813 25 21 af
501 814 26 20 de
538 814 135 26 lägenheter,
685 813 77 21 hvilka
772 812 8 22 i
791 812 135 22 förhållande

304 842 34 21 till
353 842 48 22 sina
416 842 154 28 egoförmåner
585 848 54 16 voro
655 841 148 23 öfverhöfvan
814 842 66 26 drygt
891 841 35 21 be-

305 871 109 27 skattade,
430 873 57 19 samt

374 929 34 19 att
422 927 29 27 på
467 928 71 27 grund
554 927 25 21 af
592 927 93 22 sålunda
701 934 86 15 vunnen
803 926 122 28 utredning,

304 956 78 27 hvarje
405 956 104 28 lägenhet
531 956 74 22 blefve
628 956 82 28 pålagd
731 962 27 16 en
778 956 73 27 skälig
866 956 60 21 skatt

305 986 48 21 med
369 987 24 26 ty
407 985 122 28 åtföljande
544 985 92 27 mantal;

167 1043 21 24 2)
204 1042 25 21 af
242 1042 169 28 landtdagsman
427 1043 51 21 Carl
493 1043 148 21 Fredriksson
656 1043 49 20 med
721 1042 69 21 kläm:

376 1101 34 20 att
432 1100 123 21 rubeltalen
578 1100 41 21 och
642 1099 110 29 mantalen
772 1099 13 22 å
802 1099 124 28 jordlägen-

305 1129 92 20 heterna
418 1128 57 22 inom
491 1128 86 22 Piikkis
592 1129 71 21 härad
677 1128 25 21 af
714 1129 50 21 Åbo
780 1129 41 21 och
835 1128 91 27 Björne-

305 1157 67 27 borgs
395 1157 42 27 län,
461 1157 76 22 hvilka
559 1157 56 22 bära
631 1157 147 22 öfverhöfvan
793 1159 61 20 stora
866 1157 60 27 jord-

305 1186 92 26 skatter,
414 1185 68 22 måtte
497 1185 25 22 så
538 1185 46 22 fort
599 1192 46 16 som
655 1186 87 27 möjligt
752 1186 41 21 och
804 1186 122 21 oberoende

305 1214 25 21 af
350 1214 74 28 någon
447 1215 79 21 allmän
545 1214 214 28 skatteförmedling,
775 1214 8 21 i
798 1214 128 27 proportion

304 1243 34 21 till
350 1243 106 28 jordvidd
471 1244 41 21 och
527 1243 155 28 egoförmåner
697 1243 127 27 förmedlas;

96 1301 58 20 samt
175 1301 123 25 yttermera
313 1300 25 22 af
351 1301 169 28 landtdagsman
541 1301 22 21 C.
580 1301 26 22 G.
623 1301 131 27 Rosenberg
769 1307 27 15 en
811 1301 93 26 petition
919 1301 7 21 i

96 1334 83 15 samma
194 1328 66 28 syfte,
276 1335 49 15 men
341 1329 118 27 åsyftande
474 1330 79 28 Åland.

165 1357 51 21 Alla
239 1358 65 21 dessa
326 1358 120 26 petitioner
467 1358 154 22 remitterades
639 1358 34 21 till
691 1358 173 27 statsutskottet,
880 1365 46 15 som

95 1385 138 22 behandlade
252 1387 49 20 dem
314 1386 69 27 jemte
399 1393 26 15 en
440 1387 8 21 i
463 1387 168 21 Presteståndet
647 1387 40 21 och
703 1393 27 22 en
745 1387 7 21 i
767 1387 159 27 Borgarestån-

96 1415 38 21 det
149 1414 110 22 inlemnad
274 1415 93 27 petition
383 1422 35 15 om
433 1416 208 26 skatteförmedling
655 1415 29 27 pä
699 1416 79 21 Äland.
805 1416 121 26 Utskottet,

95 1448 48 16 som
165 1443 35 21 till
222 1444 53 21 tullo
296 1444 69 27 insäg,
387 1446 34 20 att
435 1446 33 20 ett
483 1444 146 28 aflägsnande
645 1444 26 21 af
683 1444 221 22 missförhällandena
919 1444 8 22 i

96 1472 65 21 dessa
183 1472 88 21 trakter
294 1472 133 28 oafvisligen
450 1472 92 28 föreläg,
566 1473 103 27 föreslog,
690 1474 33 20 att
742 1474 118 20 ständerna
875 1473 51 21 ville

95 1500 87 22 besluta
198 1500 127 22 aflätandet
340 1501 25 22 af
379 1508 27 15 en
421 1502 137 27 underdänig
573 1501 93 27 petition
683 1502 81 27 derom,
