1100 1750
325 102 69 19 Uudet
407 102 225 19 rautatierakennukset.
869 104 41 21 441

85 174 120 22 rautateitä
227 174 132 22 hallituksen
382 174 110 22 rautatien
509 174 286 28 rakentamisjärjestelmän
811 176 100 27 mukaan,

86 203 95 28 erittäin,
195 203 36 27 jos
246 210 43 15 nuo
304 204 66 21 radat
385 203 125 28 sijaitsevat
524 203 114 22 sellaisilla
653 204 112 27 paikoilla,
781 204 67 21 mihin
863 210 49 15 rau-

85 231 152 23 tatiekomitea
257 231 24 28 jo
305 238 28 15 on
355 232 132 22 ehdottanut
501 231 133 23 hallituksen
650 232 179 27 toimenpiteestä
843 233 69 21 radan

85 260 202 28 rakennettavaksi,
304 260 112 27 vaikkapa
428 262 53 20 tuon
491 261 170 22 toteuttaminen
671 261 138 22 ehdotuksen
818 262 95 21 mukaan

86 289 66 22 onkin
173 291 65 20 vasta
260 289 142 27 pitemmässä
423 289 197 27 tulevaisuudessa,
633 290 26 27 ja
678 289 76 29 joiden
769 290 143 22 rakentamis-

85 319 196 27 lupa-pyyteeseen
301 324 27 16 on
343 318 120 27 sisältynyt
477 324 24 16 se
517 319 51 21 ehto
581 318 25 27 ja
616 320 139 26 myönnytys,
767 320 47 20 että
824 319 88 22 hallitus

86 347 78 28 silloin,
180 348 44 21 kun
247 353 24 16 se
290 346 100 22 itselleen
406 347 113 27 sopivaksi
533 347 86 26 katsoo,
636 353 28 16 on
679 347 122 22 oikeutettu
817 349 96 20 samasta

85 377 162 22 korvauksesta
268 376 152 21 lunastamaan
443 377 53 20 tuon
518 375 166 28 yksityisradan
698 376 24 27 ja
737 376 122 22 liittämään
875 382 38 16 sen

86 411 63 16 oman
164 407 91 20 ratansa
269 405 127 27 yhteyteen.

155 461 114 23 Edusmies
292 461 96 29 Torppa:
424 462 156 22 Välttääkseni
601 462 218 21 lähetekeskustelun
839 461 73 28 jatka-

86 491 65 22 mista
165 491 89 27 pyydän
270 497 58 15 vaan
343 491 109 21 ilmoittaa
467 491 108 28 yhtyväni
590 491 77 22 kaikin
682 491 74 27 puolin
771 491 82 22 edusm.
869 491 44 21 Da-

86 519 106 23 nielsonin
210 519 136 22 lausuntoon.
378 519 95 22 Samalla
487 521 90 26 pyydän
591 522 63 25 myös
669 519 96 22 ilmaista
779 519 134 22 kunnioitta-

88 555 41 16 van
151 548 168 22 tunnustukseni
340 548 52 22 siitä
411 549 219 28 jalomielisyydestä,
654 548 59 22 mikä
735 548 73 22 ilmeni
831 549 80 21 edusm.

85 577 104 23 Hildenin
203 577 149 22 lausunnosta.

155 634 114 22 Edusmies
295 634 105 23 Starcke:
438 635 50 22 Den
512 636 128 21 nuvarande
662 635 251 28 penningeknappheten

84 663 38 22 fär
136 664 119 27 ingalunda
271 663 119 22 afskräcka
406 670 35 15 oss
457 663 50 22 frän
523 664 76 21 vidare
607 664 246 27 järnvägsbyggnader,
864 669 49 16 sna-

86 699 50 15 rare
151 694 102 20 tvärtom.
284 692 258 28 Penningeknappheten
556 693 41 21 har
615 693 108 27 nemligen
739 693 59 21 varit
812 699 27 15 en
854 693 59 21 med-

86 721 113 22 verkande
222 721 66 21 orsak
310 721 34 22 till
367 722 43 21 den
432 722 69 21 under
520 723 89 20 senaste
625 721 25 22 är
665 721 7 22 i
688 722 153 21 oroväckande
857 721 56 28 grad

86 751 71 20 ökade
179 749 165 28 emigrationen,
360 750 107 21 särskildt
482 750 69 22 bland
567 751 26 21 de
609 749 46 22 små
671 749 242 29 lägenhetsinnehafva-

86 785 59 16 rene.
175 779 11 21 I
209 778 51 22 vårt
281 779 58 27 land,
355 779 68 21 hvars
443 779 211 28 penningeresurser
670 781 38 20 äro
723 779 26 22 så
763 780 83 26 ytterst
860 778 52 28 små,

86 808 41 21 har
142 807 74 22 krisen
231 807 60 28 gjort
303 807 35 28 sig
348 807 97 28 tidigare
455 808 102 21 kännbar
567 810 27 19 än
606 808 7 21 i
624 808 27 21 de
662 809 61 20 stora
733 808 180 26 verldsstaterna,

87 836 25 22 af
133 836 76 22 hvilka
231 836 177 22 Nord-Amerika
429 837 49 21 med
501 837 49 21 sina
565 836 109 28 ofantliga
689 843 100 15 resurser
803 837 111 26 knappast

86 865 43 22 alls
144 866 63 21 torde
222 864 23 22 få
261 865 98 28 känning
375 865 26 22 af
413 865 192 28 penningekrisen.
627 865 65 22 Efter
707 865 40 22 sitt
756 865 97 28 lyckliga
863 865 52 27 krig

86 895 41 20 har
149 894 176 21 Nord-Amerika
347 894 80 21 endast
449 894 68 22 visat:
531 896 32 20 ett
581 894 111 27 betydligt
707 894 138 22 ekonomiskt
859 900 54 21 upp-

86 923 71 28 sving,
172 923 101 27 industri,
288 923 81 21 handel
384 923 41 21 och
441 923 70 21 andra
525 923 112 28 näringar,
648 929 46 15 som
710 923 69 21 under
793 922 73 28 kriget
876 929 38 15 na-

86 951 96 28 turligen
200 951 34 22 till
253 957 27 16 en
299 953 48 20 stor
362 951 36 22 del
412 951 51 28 lågo
479 958 58 21 nere,
554 951 69 23 hafva
639 951 97 22 derefter
750 951 99 22 utöfvats
864 952 50 21 med

87 980 131 22 fördubblad
233 979 58 23 ifver
306 980 36 22 för
358 981 34 20 att
408 981 37 20 det
460 980 147 22 försummade
623 981 71 21 skulle
709 981 74 21 kunna
794 979 119 28 återtagas.

86 1009 75 22 Häraf
173 1009 40 21 har
229 1015 26 15 en
271 1009 98 28 naturlig
384 1009 55 28 följd
454 1009 76 22 blifvit
545 1011 33 20 ett
588 1009 69 22 ökadt
667 1009 69 22 behof
744 1009 25 22 af
778 1008 137 22 arbetskraft

87 1038 41 21 och
148 1038 103 33 stegrade
273 1038 68 21 löner.
372 1038 66 21 Hvad
453 1038 41 21 har
510 1038 27 21 då
552 1038 61 21 varit
627 1038 185 33 naturligare
780 1034 29 41 än
827 1039 34 20 att
876 1037 38 22 all-

87 1073 77 21 mogen
186 1066 8 22 i
218 1066 52 22 vårt
292 1067 58 26 land,
366 1067 93 26 specielt
481 1067 27 22 de
530 1066 47 23 små
600 1067 113 21 bönderna
734 1067 8 21 i
764 1067 150 26 Österbotten,

86 1102 47 15 som
154 1096 68 20 redan
244 1095 55 21 känt
321 1079 253 54 penningeknappheten
589 1096 86 33 trycka,
691 1096 52 21 sökt
757 1096 109 21 utvandra
881 1079 33 48 till

87 1124 38 22 det
146 1126 61 20 stora
229 1124 76 21 landet
323 1124 7 21 i
350 1126 81 25 vester,
448 1124 39 21 der
503 1125 26 20 de
544 1124 29 33 på
587 1130 42 21 par
644 1124 25 22 år
685 1124 73 22 kunna
773 1126 55 26 göra
843 1125 71 20 större

86 1152 145 29 besparingar
253 1154 28 20 än
303 1152 8 22 i
333 1137 126 48 hemlandet
481 1152 36 34 på
530 1152 122 23 årtionden.
683 1152 74 23 Skulle
772 1159 29 16 nu
817 1153 98 21 deremot

87 1183 33 20 ett
134 1183 72 20 större
221 1181 115 22 utländskt
348 1181 147 28 järnvägslån
511 1181 7 22 i
533 1182 76 21 landet
623 1182 106 34 indragas
744 1183 41 20 och
798 1181 116 33 järnvägs-

86 1211 130 28 byggnader
231 1210 8 22 i
254 1210 67 28 något
337 1211 59 21 ökad
411 1211 64 21 skala
489 1206 150 43 påbegynnas,
656 1211 25 21 så
695 1211 70 21 skulle
777 1210 13 21 å
801 1216 41 15 ena
852 1209 63 22 sidan

87 1239 180 27 arbetsförtjenst
289 1239 105 28 erbjudas
415 1239 166 28 befolkningen,
597 1239 13 22 å
630 1240 70 21 andra
718 1239 63 22 sidan
797 1238 117 28 penninge-

86 1269 141 26 knappheten
241 1267 70 22 blifva
327 1267 144 28 förminskad,
487 1269 41 20 och
544 1269 41 21 den
597 1268 151 28 emigrerande
758 1267 157 28 befolkningen

86 1297 71 22 skulle
179 1297 78 21 bindas
280 1296 37 23 vid
333 1285 155 39 fosterjorden,
505 1297 58 22 intill
578 1298 50 21 dess
643 1297 185 27 penningekrisen
844 1296 70 21 skulle

86 1325 69 22 hafva
173 1325 49 22 nått
240 1325 67 22 äfven
322 1325 184 28 Nord-Amerika,
523 1326 54 21 eller
592 1326 71 22 denna
678 1325 121 22 verldsdels
815 1325 35 21 för
865 1327 50 20 när-

87 1355 97 21 varande
206 1353 141 28 feberaktiga
366 1354 143 22 verksamhet
528 1354 29 27 pä
577 1355 44 20 alla
636 1354 103 22 omräden
755 1354 26 21 af
794 1354 69 21 andra
877 1359 38 16 na-

86 1383 83 27 turliga
191 1383 92 21 orsaker
302 1383 116 22 afstannat
433 1383 41 22 och
490 1383 38 21 det
542 1383 113 22 minskade
671 1383 106 22 behofvet
793 1382 24 22 af
830 1382 84 22 arbets-

86 1411 87 22 krafter
195 1411 66 22 sänkt
283 1411 168 22 arbetslönerna
473 1411 35 22 till
528 1418 26 15 en
569 1412 59 27 nivä,
643 1418 46 15 som
705 1411 49 22 icke
769 1411 77 22 vidare
861 1417 54 16 vore

86 1440 26 22 sä
134 1440 103 22 lofvande
260 1440 35 21 för
317 1440 267 27 emigrationslystnaden.
615 1440 119 35 Antagligt
755 1442 26 19 är
800 1439 66 22 äfven
881 1441 34 20 att

86 1475 36 16 om
136 1468 262 29 emigrationsströmmen
412 1469 74 22 kunde
501 1469 78 28 hejdas
595 1469 35 22 för
640 1469 70 27 nägra
721 1469 31 27 är,
763 1469 28 21 de
802 1468 112 27 farhägor,

86 1504 47 16 som
148 1498 42 21 den
204 1498 127 21 nuvarande
345 1497 106 28 politiska
461 1498 134 27 ställningen
605 1498 69 21 väckt
684 1498 39 21 hos
733 1486 86 33 landets
830 1496 85 23 befolk-
