1098 1759
172 103 41 20 184
374 102 199 24 Talonpoikaissääty
586 102 22 18 10
619 104 46 22 p:nä
677 102 80 18 helmik.
772 102 50 18 1900.

168 174 181 28 järjestyksessä.
380 174 93 22 Viimein
492 174 147 23 vakinaisesti
655 175 81 22 koossa
751 175 67 22 olleet
832 175 81 27 säädyt
928 174 73 28 pyysi-

171 204 40 20 vät
233 203 85 22 asiassa
342 204 121 22 armollista
486 204 100 27 esitystä.
616 204 136 28 Nyttemmin
775 205 54 20 ovat
850 204 152 27 toimenpiteet

171 233 62 21 tässä
248 233 115 21 suhteessa
378 232 89 22 ainakin
482 232 46 22 niin
540 232 93 28 pitkälle
644 233 130 27 edistyneet,
787 234 47 20 että
844 239 42 15 nuo
897 232 105 22 rautatie-

172 262 95 20 suunnat
282 263 53 20 ovat
349 262 151 21 koneellisesti
514 262 95 21 tutkitut
620 262 26 28 ja
661 261 198 22 kustannusarviot
873 262 84 27 tehdyt.

241 289 51 22 Kun
317 290 93 21 viittaan
434 290 60 22 vielä
519 291 102 27 säätyjen
645 292 123 26 pyytämän
793 290 208 22 rautatiekomitean

171 317 166 28 laajaperäisiin
359 319 160 28 tutkimuksiin,
540 319 159 22 arvosteluihin
710 319 26 28 ja
751 319 167 27 selontekoihin,
932 319 71 27 jonka

171 346 112 23 komitean
305 347 136 22 toiminnalla
462 348 88 27 tietysti
571 348 60 21 tulee
653 348 100 22 olemaan
772 347 61 22 suuri
849 354 53 16 arvo
918 347 84 22 näitten

172 375 70 22 asiain
255 376 125 28 juoksussa,
394 377 25 27 ja
433 377 59 22 vielä
504 377 121 27 erityisesti
635 378 91 26 pyydän
736 377 81 22 viitata
827 378 53 21 tuon
891 377 111 22 komitean

172 404 120 23 mietinnön
313 411 35 16 n:o
371 408 35 19 2:n
428 405 88 23 sivuilla
536 407 34 26 90,
587 407 26 19 91
627 406 25 28 ja
667 407 28 20 92
710 405 139 28 esitettyihin
864 406 69 21 asiain
948 411 53 21 puo-

171 433 46 27 liin,
225 433 55 22 mitä
290 434 82 22 koskee
383 435 69 21 radan
462 435 178 26 pääte-sataman
651 436 198 26 etevämmyyteen,
857 435 46 21 niin
912 435 90 27 pyydän

173 462 104 23 arvoisan
291 464 84 27 säädyn
389 463 121 28 yhtymään
525 463 80 22 siihen:

448 517 44 20 että
513 515 80 28 säädyt
613 515 109 22 anmoisivat
739 515 112 22 rautatien
866 515 136 22 rakennetta-

379 544 61 22 vaksi
454 544 141 22 koneellisesti
609 544 104 22 tutkittua
722 546 98 21 suuntaa
832 544 115 27 Seinäjoen
957 551 46 15 ase-

379 573 67 22 malta
473 573 86 22 Vaasan
581 573 87 22 radalla
687 572 120 23 Kaskisten
825 573 139 28 kaupunkiin
975 572 28 29 ja

380 602 143 22 osoittaisivat
537 603 44 21 sitä
594 604 77 20 varten
686 603 126 21 tarvittavat
826 603 68 20 varat.

241 659 145 28 Helsingissä,
402 660 133 22 Helmikuun
551 661 12 20 6
580 662 51 25 p:nä
648 661 62 20 1900.

764 717 23 22 0.
805 717 27 22 E.
847 717 84 22 Könni.

241 747 77 22 Tähän
333 748 79 27 yhtyy:

703 781 26 22 F.
750 781 30 22 W.
797 781 133 28 Lagerstedt.

246 844 36 27 12)
298 844 115 22 Edusmies
429 844 110 23 Starcken
555 845 89 21 tekemä
659 845 44 27 (n:o
720 845 46 25 64):

397 901 43 22 Till
455 902 139 22 hedervärda
609 901 174 22 Bondeständet.

244 952 91 29 Frågan
357 959 34 16 om
413 953 119 28 byggande
555 953 26 22 af
601 959 28 16 en
645 953 98 28 järnväg
759 952 51 22 från
826 952 129 27 Ostermyra
968 952 35 22 till

171 981 151 22 Kristinestad
345 982 54 21 eller
418 983 76 21 Kaskö
509 983 42 21 har
566 982 37 22 vid
618 982 53 21 flere
686 982 135 27 landtdagar
836 981 59 22 varit
910 981 92 22 föremäl

172 1009 35 23 för
230 1011 130 24 ständernas
378 1011 111 27 pröfning.
520 1011 89 22 Banans
627 1011 115 27 betydelse
756 1011 42 21 har
813 1011 76 20 städse
904 1010 98 27 erkänts,

171 1045 49 16 men
243 1039 30 27 pä
295 1040 72 27 grund
389 1039 26 22 af
435 1046 47 15 mer
503 1039 141 22 brådskande
661 1039 243 28 järnvägsbyggnader
919 1040 84 20 ansetts

171 1068 55 21 böra
241 1068 123 22 tillsvidare
381 1068 23 21 fä
420 1068 96 22 förfalla.

243 1097 44 21 Vid
302 1098 88 21 senaste
406 1098 150 21 ständermöte
571 1097 84 22 beslöts
669 1097 41 22 hos
725 1097 63 21 Hans
799 1095 125 28 Kejserliga
934 1096 70 27 Maje-

171 1127 46 20 stät
230 1125 88 22 anhålla
334 1132 34 15 om
379 1126 128 22 ekonomisk
517 1126 165 27 undersökning
694 1125 25 22 af
730 1125 140 28 lämpligaste
881 1125 123 22 sträcknin-

172 1160 43 21 gen
231 1153 36 22 för
283 1161 26 15 en
322 1155 161 27 järnvägslinje
499 1155 50 21 från
565 1155 131 27 Ostermyra
710 1154 84 22 station
807 1154 34 21 till
851 1153 73 28 någon
933 1154 72 26 punkt

171 1182 26 21 af
210 1183 149 28 Björneborgs
372 1184 98 27 järnväg
484 1185 50 20 med
549 1183 82 22 bibana
645 1183 35 22 till
695 1183 151 22 Kristinestad
857 1183 53 20 eller
920 1183 83 26 Kaskö,

171 1213 58 20 samt
253 1213 34 20 att
309 1213 42 20 den
373 1212 58 28 linje,
455 1219 45 15 som
522 1212 39 22 vid
583 1219 27 15 en
633 1212 69 22 sädan
716 1211 167 27 undersökning
897 1211 107 22 befunnes

171 1239 179 29 fördelaktigast,
362 1241 71 22 skulle
443 1241 164 22 instrumentalt
616 1241 144 25 undersökas,
773 1241 41 20 och
825 1241 33 20 att
866 1239 138 28 proposition

170 1269 69 21 mätte
255 1269 127 28 föreläggas
399 1271 119 26 ständerna
534 1270 37 21 vid
588 1271 55 20 1900
658 1270 36 21 ärs
705 1270 109 27 landtdag
825 1268 113 28 angäende
949 1269 54 26 byg-

171 1298 83 27 gandet
277 1297 25 22 af
323 1299 42 20 den
389 1299 80 21 mellan
494 1299 130 27 Ostermyra
647 1299 40 22 och
709 1298 159 26 Kristinestad,
892 1297 112 22 eventuelt

170 1327 84 26 Kaskö,
271 1327 97 22 fallande
385 1327 63 22 delen
464 1327 25 22 af
501 1327 74 28 linjen.

243 1355 78 28 Enligt
336 1357 131 21 ständernas
483 1356 73 21 beslut
570 1357 41 20 har
627 1355 66 22 äfven
708 1357 90 20 senaste
812 1360 96 16 sommar
922 1355 81 27 ekono-

170 1384 57 21 misk
251 1385 42 21 och
315 1385 153 21 instrumental
488 1384 165 28 undersökning
667 1384 123 22 verkstälts
806 1383 26 22 af
844 1383 68 27 linjen
928 1383 74 22 Oster-

170 1413 356 27 myra—Kristinestad—Kaskö.
549 1413 52 22 Alla
616 1413 35 22 för
664 1414 70 21 saken
744 1413 150 21 intresserade
905 1412 97 21 väntade

170 1441 67 22 äfven
261 1442 91 22 derföre
376 1444 33 20 att
432 1443 119 21 ständerna
566 1449 30 14 nu
611 1442 71 21 skulle
698 1441 129 27 föreläggas
842 1441 138 26 proposition
994 1440 9 21 i

170 1470 99 28 enlighet
290 1472 50 20 med
363 1471 65 21 deras
450 1470 152 28 underdäniga
622 1470 103 22 anhällan
741 1476 36 16 om
793 1469 136 23 omedelbart
947 1469 56 27 byg-

169 1500 72 26 gande
258 1499 25 22 af
297 1500 41 21 den
353 1500 218 26 sydösterbottniska
582 1500 132 27 järnvägen.
