1109 1795
205 137 41 21 396
407 139 167 19 Presteständet.
600 141 55 17 1867.
680 142 12 16 3
705 141 64 22 April.

245 227 92 21 Prosten
353 226 143 27 Grönberg:
512 226 225 27 Kyrkolagsförslaget
752 227 111 21 bekänner
878 227 34 21 väl
923 227 84 21 evident

175 255 113 22 Jutherska
303 255 93 27 kyrkans
413 255 88 26 princip,
517 261 48 14 men
582 261 26 14 en
624 261 70 14 annan
711 254 60 27 fräga
787 257 30 22 är,
834 262 34 14 om
879 255 127 27 principen
993 250 15 36 i

176 284 119 21 detsamma
317 283 33 21 till
373 283 43 21 alla
439 283 59 21 delar
521 285 24 18 är
560 282 125 27 genomförd
701 283 52 22 eller
769 284 7 20 i
791 283 53 22 vära
859 284 147 21 förhällanden

177 318 36 15 ens
235 312 7 20 i
264 311 42 22 allo
329 311 42 21 kan
394 311 115 26 tillämpas.
532 311 124 21 Tvärtemot
671 311 66 26 nägra
752 312 67 21 värde
834 313 80 20 talares
929 313 77 20 förme-

176 340 70 21 nande
262 341 24 19 är
302 340 39 21 och
357 339 76 22 förblir
447 339 39 21 vär
501 339 68 21 finska
585 340 118 21 territorial
718 340 70 27 kyrka
803 341 62 20 äfven
882 347 34 15 om
927 341 79 26 kyrko-

177 368 150 27 lagsförslaget
341 370 95 25 antages,
452 368 130 26 statskyrka.
613 368 40 26 Jag
666 368 49 21 ville
725 368 68 27 fräga,
806 369 104 21 huruvida
920 370 7 20 i
938 370 68 20 henne

177 397 71 21 säsom
271 397 66 21 sädan
360 397 186 27 frihetsprincipen
569 396 74 22 stricte
666 397 43 21 kan
729 397 145 26 genomföras.
904 397 102 22 Detäri

177 426 116 26 synnerhet
314 425 37 21 tvä
373 425 64 26 högst
458 425 80 26 vigtiga
559 424 40 22 och
621 425 110 26 önskeliga
746 426 182 26 omständigheter
942 426 8 20 i
965 426 41 20 den

177 454 99 27 kyrkliga
298 454 97 25 friheten,
417 453 37 26 jag
476 453 38 21 ber
537 454 32 19 att
587 453 22 20 fä
624 453 56 21 fästa
695 453 132 27 högvördiga
842 454 96 21 ständets
954 459 52 20 upp-

178 482 147 21 märksamhet
346 482 45 21 vid:
414 481 92 22 friheten
522 483 31 19 att
568 481 22 21 fä
605 483 110 25 emottaga
730 482 44 21 alla
789 482 57 27 slags
861 483 57 20 inom
934 482 73 21 landet

178 511 110 26 befintliga
302 510 130 21 fremmande
447 509 178 24 trosförvandter,
640 515 46 16 som
703 510 68 21 önska
786 511 84 21 inträde
885 511 7 21 i
908 511 36 20 vär
956 510 50 27 kyr-

177 539 40 21 kas
239 539 130 26 gemenskap
391 539 40 20 och
452 538 92 21 friheten
566 539 33 20 att
621 537 55 22 ifrän
697 538 32 27 sig
749 539 64 26 skilja
828 539 54 26 dem,
899 545 45 15 som
959 539 47 20 icke

178 567 50 27 vilja
251 567 63 21 ställa
335 567 32 26 sig
382 567 94 26 kyrkans
491 567 145 20 institutioner
651 567 32 20 till
699 567 155 21 efterrättelse*
879 568 69 20 Bland
963 567 43 21 för-

178 595 125 26 fattningar,
319 601 46 15 som
379 595 6 20 i
401 595 147 20 förstnämnde
563 595 122 20 hänseende
699 595 66 26 jemte
781 595 68 26 öfriga
860 596 31 20 uti
902 596 104 21 inlednin-

179 630 40 20 gen
234 623 139 28 uppräknade
389 623 66 21 borde
470 623 125 26 upphäfvas,
611 623 78 21 saknas
705 624 41 20 den
757 623 22 21 af
789 623 24 21 är
825 624 53 20 1812
891 624 39 21 och
938 624 68 21 andra

179 653 88 20 dermed
289 651 215 26 sammanhängande.
521 663 26 3 —
563 651 70 21 Häraf
651 657 68 20 synes,
736 654 33 19 att
784 652 110 26 principen
909 652 7 21 i
931 651 75 28 frägan

179 681 19 26 ej
214 681 69 20 blifvit
298 679 131 28 genomförd.
458 680 41 21 Väl
515 679 38 21 har
568 679 71 26 någon
654 680 135 26 högtvördad
805 681 68 20 talare
888 681 69 26 yrkat,
973 682 33 19 att

179 715 49 15 man
244 715 28 14 nu
288 709 45 20 icke
349 708 54 27 finge
419 708 53 21 orda
487 714 34 15 om
536 708 113 26 principer,
665 714 48 15 men
729 715 45 14 som
791 709 71 20 dertill
877 709 47 21 icke
936 709 70 26 giltigt

180 737 47 21 skäl
242 737 131 26 förebragtes
389 737 39 20 och
441 736 37 27 jag
493 743 62 14 anser
571 737 77 20 sådant
661 737 45 26 just
721 743 29 14 nu
766 743 51 14 vara
831 737 29 27 på
870 737 64 25 tiden,
945 739 61 24 tager

177 766 38 26 jag
237 766 42 26 mig
301 765 90 21 friheten
407 765 109 20 vördsamt
530 765 93 25 anhålla,
639 765 36 21 det
690 765 133 27 högvördiga
838 765 95 22 ståndets
948 766 58 21 med-

180 795 89 20 lemmar
285 793 107 22 oförtäckt
407 793 48 21 ville
471 793 68 21 uttala
555 793 31 21 sin
603 793 55 26 åsigt
672 793 7 21 i
695 793 140 22 förenämnda
850 794 105 21 afseende.

249 850 125 21 Professorn
395 849 96 22 Geitlin
514 849 48 22 ville
584 850 28 26 på
635 849 136 27 domprosten
794 850 68 27 Borgs
878 850 58 26 fråga
952 850 54 21 hvad

181 880 67 20 mötet
263 879 6 20 i
285 878 74 21 Kassel
382 878 54 21 hade
451 880 33 19 att
498 877 66 22 skaffa
580 878 48 21 med
643 878 155 27 granskningen
814 878 22 22 af
851 878 155 28 kyrkolagsför-

180 907 68 26 slaget
263 907 56 26 gifva
334 909 31 18 ett
379 906 49 21 kort
443 913 54 14 svar.
527 906 10 21 I
556 906 76 21 sådant
647 905 98 22 afseende
761 907 48 21 ville
825 907 81 21 talaren
922 907 62 21 ställa
999 907 6 20 i

180 935 88 27 parallel
284 935 40 21 den
339 934 116 22 förnämsta
470 936 69 19 satsen
555 934 7 21 i
578 934 115 21 Kasselska
703 936 78 20 mötets
791 941 109 21 program:
912 937 32 19 att
954 937 51 24 göra

179 963 113 21 förnuftets
307 963 63 21 frihet
385 963 31 20 till
431 963 103 26 grundval
549 962 32 21 för
596 963 194 26 protestantismen,
807 963 40 22 och
858 963 147 27 domprostens

180 997 54 21 egna
249 991 48 22 ord:
313 991 63 21 frihet
391 993 24 19 är
430 991 92 27 kyrkans
536 991 30 26 lif,
583 991 39 21 och
642 991 64 21 frihet
721 991 6 20 i
743 992 41 21 den
800 991 53 22 allra
868 992 137 21 vidsträckta-

180 1022 33 19 ste
234 1019 115 27 betydelse.
378 1019 67 22 Dessa
467 1019 65 27 begge
554 1022 69 19 satser
645 1019 71 21 kunde
733 1019 86 22 komma
835 1021 27 26 på
877 1022 31 19 ett
923 1022 32 23 ut;
972 1021 33 21 så-

180 1047 65 22 lunda
267 1047 117 22 existerade
402 1054 26 15 en
443 1047 42 22 viss
500 1047 218 22 öfverensstämmelse
733 1048 77 21 mellan
826 1050 68 19 mötet
908 1049 6 20 i
929 1049 76 21 Kassel

181 1077 39 20 och
240 1076 155 27 granskningen
411 1076 22 21 af
446 1076 221 27 kyrkolagsförslaget.
699 1076 48 21 Men
763 1077 67 21 under
846 1083 26 15 en
887 1077 65 21 sådan
967 1077 37 24 tid,

181 1105 27 21 då
230 1105 42 21 alla
295 1105 66 21 andra
380 1105 140 20 auktoriteter
535 1107 27 18 än
578 1104 58 21 Guds
652 1104 38 21 ord
705 1104 59 22 lades
779 1105 32 20 till
827 1105 68 26 grund
910 1105 32 21 för
957 1105 48 22 reli-

180 1133 83 26 gionen,
286 1139 50 15 vore
356 1133 36 21 det
414 1133 45 21 icke
474 1132 97 27 lämpligt
587 1135 31 19 att
633 1132 143 27 åvägabringa
791 1133 98 27 kyrkliga
903 1133 102 22 reformer

180 1161 39 21 hos
234 1161 68 21 finska
317 1161 72 24 folket,
406 1161 38 21 hos
459 1161 80 21 hvilket
554 1161 91 21 friheten
660 1167 51 15 vore
725 1163 44 19 satt
778 1162 68 21 under
854 1164 71 19 trones
934 1162 71 27 lydno.

180 1189 34 21 Då
237 1189 82 22 således
342 1189 40 21 den
401 1189 68 21 hårda
483 1189 80 21 striden
579 1189 6 21 i
601 1189 92 22 Luthers
709 1189 98 22 hemland
823 1192 57 19 ännu
894 1190 46 21 icke
956 1197 48 14 vore

180 1217 123 27 utkämpad,
326 1217 39 21 och
388 1223 47 15 man
458 1217 69 22 kunde
550 1217 81 22 förutse
651 1219 32 20 att
698 1217 139 22 förnekarene
853 1218 23 21 af
888 1218 51 21 Jesu
954 1219 51 26 gud-

181 1245 56 26 dom,
253 1246 71 21 hvilka
339 1252 28 14 nu
383 1246 117 26 uppträdde
516 1246 6 20 i
537 1252 70 15 massa
623 1246 39 21 och
677 1246 48 21 med
741 1246 83 27 väldiga
839 1253 73 20 vapen,
922 1247 82 21 komme

180 1276 33 19 att
227 1274 72 21 kastas
315 1273 31 21 till
363 1274 86 21 marken
465 1274 20 21 af
499 1274 54 26 dem,
569 1274 24 21 åt
611 1274 70 21 hvilka
697 1274 29 21 all
742 1275 59 20 makt
815 1275 7 20 i
837 1275 113 20 himmelen
966 1275 38 21 och

180 1303 28 26 på
227 1303 76 26 jorden
325 1301 69 27 gifven
418 1304 29 24 är,
471 1303 23 20 så
510 1302 65 21 borde
591 1309 49 14 man
655 1302 33 21 till
704 1302 41 21 den
761 1303 58 21 tiden
835 1303 113 26 uppskjuta
963 1303 43 22 alla

180 1330 107 22 reformer.
310 1342 29 3 —
360 1331 11 20 I
393 1330 96 21 afseende
512 1331 12 20 å
547 1337 26 14 en
593 1337 69 15 annan
678 1331 139 26 anmärkning
833 1331 22 21 af
868 1331 137 27 domprosten

180 1358 64 27 Borg,
267 1360 32 20 att
320 1358 54 22 intet
396 1358 45 21 skäl
464 1358 74 21 funnes
561 1358 32 21 för
615 1360 86 25 prosten
717 1358 104 22 Hofdahls
837 1358 78 26 förslag
930 1361 32 19 att
977 1366 28 14 nu

180 1386 55 22 blott
257 1386 92 27 granska
371 1386 26 22 de
419 1386 22 22 af
461 1387 59 21 Hans
540 1386 119 27 Kejserliga
679 1387 100 26 Majestät
795 1388 5 20 i
816 1387 76 22 sådant
907 1387 97 22 afseende

180 1415 127 21 framhållna
329 1417 32 19 tre
383 1415 125 26 punkterna,
532 1415 49 21 ville
603 1415 82 21 talaren
705 1415 74 21 anföra
794 1417 32 20 att
842 1416 27 21 då
884 1415 121 27 kyrkolags-

181 1443 74 27 frågan
278 1443 82 28 tycktes
375 1443 86 21 komma
475 1446 32 18 att
522 1446 95 24 upptaga
631 1443 48 22 hela
695 1443 40 22 den
751 1444 135 21 återstående
901 1445 57 20 tiden
973 1444 33 21 för

181 1471 136 27 landtdagen,
341 1472 36 21 det
397 1478 49 15 vore
461 1471 46 22 skäl
522 1474 33 19 att
569 1471 116 22 inskränka
700 1472 31 26 sig
747 1471 32 22 till
792 1472 26 21 de
833 1474 33 19 tre
881 1473 125 26 punkterna,

181 1500 134 27 synnerligen
330 1506 46 15 som
391 1500 125 27 kyrkomöte
532 1506 51 15 vore
598 1499 22 22 af
633 1500 44 27 vigt
692 1500 61 21 äfven
769 1500 90 26 derföre,
876 1502 31 19 att
918 1501 26 20 då
955 1502 51 19 utan
