1109 1795
327 123 166 18 Presteståndet.
520 124 55 17 1867.
599 125 26 16 22
637 125 62 16 Mars.
863 120 38 21 281

103 209 82 21 kronan
201 209 75 20 endast
291 209 135 21 förskottsvis
442 209 68 21 skulle
526 209 95 21 bestrida
633 209 118 22 storskiftes
763 210 40 21 och
814 211 119 27 skattlägg-

102 237 211 27 ningskostnaderne.
331 253 4 5 .
351 253 4 4 .
373 253 4 4 .

172 293 90 21 Talaren
285 293 85 21 afbröts
393 299 75 20 genom
492 293 126 21 ankomsten
641 293 23 21 af
685 300 25 15 en
734 295 126 26 deputation
885 295 46 22 från

104 321 182 27 borgareständet,
312 321 76 21 anförd
413 321 23 22 af
457 322 162 26 borgmästaren
643 322 113 27 Nylander,
780 324 86 21 hvilken
889 324 42 21 till-

104 350 108 26 kännagaf
234 352 32 19 att
289 350 177 27 borgareståndet
488 350 84 27 antagit
593 351 244 22 talmanskonferensens
852 353 80 26 förslag

104 385 34 14 om
153 378 133 27 underdånig
300 379 89 26 petition
405 378 109 27 angående
530 379 142 26 landtdagens
686 379 137 27 förlängning
835 381 48 20 med
896 387 36 15 sex

104 407 84 25 veckor,
209 407 90 21 räknadt
314 407 47 21 från
377 407 40 21 den
433 407 26 21 22
476 407 61 26 april,
553 409 56 19 samt
625 409 32 19 att
672 408 117 26 petitionen
804 415 76 20 genom
897 415 35 15 ex-

104 436 212 26 peditionsutskottet
331 436 68 20 skulle
414 436 138 26 ombesörjas.

174 491 69 22 Sedan
259 492 152 26 deputationen
426 491 105 27 aflägsnat
548 492 38 26 sig,
603 493 99 20 fortsatte
718 493 123 26 professorn
852 493 80 22 Geitlin

105 520 37 21 sitt
157 520 142 26 andragande.
328 521 125 20 Professorn
469 521 124 26 upprepade
609 521 37 20 sitt
657 521 102 26 yrkande,
771 523 32 20 att
814 523 118 26 skattlägg-

104 548 78 27 ningen
204 549 67 21 skulle
294 549 37 21 ske
354 549 27 26 pä
403 549 288 26 lägenhetsinnehafvarenas
714 550 126 24 bekostnad,
862 553 22 24 ty
905 551 27 21 dä

105 577 116 21 ständerna
243 577 90 27 pälägga
355 578 130 21 statsverket
501 577 23 22 sä
540 579 60 19 stora
615 577 143 28 uppoffringar
774 578 33 21 för
823 579 63 21 deras
901 580 31 20 in-

105 605 67 27 lösen,
195 605 66 22 blefve
285 606 35 21 det
343 612 26 15 en
389 606 68 21 börda
480 606 39 25 till,
542 612 46 15 som
604 606 103 26 svårligen
723 607 71 21 kunde
810 607 70 26 bäras,
898 614 34 15 om

106 634 41 21 950
168 634 81 21 mantal
269 634 68 21 blefve
353 634 123 27 skattlagda
491 635 39 20 och
547 634 92 21 skiftade
654 635 27 26 pä
696 635 93 22 kronans
805 636 126 21 bekostnad.

106 662 73 21 Redan
202 669 29 14 nu
249 663 90 26 uppgick
355 663 40 21 ref-
412 663 39 21 och
467 663 291 26 skattlägeningskostnaden
773 664 34 21 för
823 666 30 19 ett
864 664 24 21 är
899 665 33 20 till

106 697 58 14 mera
180 693 27 18 än
223 691 90 26 300,000
329 692 67 25 mark,
412 691 27 26 pä
455 697 25 15 en
496 692 30 20 tid
543 691 28 21 dä
585 692 81 25 ganska
681 692 46 21 litet
742 693 73 26 gjorts.
846 693 31 20 Pä
890 693 42 20 950

106 719 80 21 manta]
201 719 23 21 af
235 720 41 20 350
291 715 27 36 []
326 720 48 21 mils
390 720 85 26 omfång
485 720 70 21 blefve
567 720 36 21 det
613 720 83 21 således
707 727 26 14 en
744 721 87 26 ofantlig
843 727 88 15 summa.

106 747 42 21 För
171 749 32 19 att
226 748 64 21 likväl
312 749 121 20 underlätta
455 748 162 27 svärigheterna
639 748 34 21 för
696 749 162 26 lägenheternas
874 750 58 21 inne-

106 775 94 27 hafvare,
223 777 65 26 ansäg
307 777 130 26 professorn,
453 777 6 20 i
475 777 68 21 likhet
559 777 48 20 med
622 777 132 21 kanslirädet
766 778 61 23 Rein,
838 779 32 20 att
882 778 50 21 kro-

106 810 41 15 nan
169 804 71 21 kunde
262 805 105 26 förskjuta
389 805 48 21 dem
453 806 69 20 denna
537 805 99 24 kostnad,
654 811 33 15 om
704 806 25 20 de
745 806 18 25 ej
781 806 74 26 sjelfva
870 807 62 26 ginge

106 834 24 19 ut
153 833 95 26 dermed;
270 833 77 27 mänga
369 833 76 22 funnes
467 834 55 21 dock
543 840 46 15 som
604 834 110 21 förmädde
729 836 52 24 göra
798 835 42 20 det.
871 835 61 20 Hvad

106 861 119 21 beträffade
247 864 86 24 prosten
356 863 110 20 Borenius'
489 863 108 26 yttrande,
619 864 33 19 att
667 863 69 20 denna
752 863 77 20 handel
845 869 51 14 vore
911 863 23 20 af

106 891 90 25 säregen
218 890 152 27 beskaffenhet,
393 891 90 21 sälunda
506 893 32 19 att
554 891 26 20 de
595 891 59 20 förra
669 891 217 26 frälselägenheterna
902 897 31 15 er-

106 917 57 22 hålla
186 918 133 22 skattenatur
343 920 39 20 och
405 919 121 26 derigenom
547 919 57 21 lösas
619 919 32 21 till
667 920 48 26 dyrt
731 920 49 25 pris,
797 919 24 22 sä
836 920 97 21 motsade

107 947 36 20 det
166 947 47 21 4:de
236 953 62 15 mom.
322 949 97 24 prostens
441 947 145 27 förmenande,
602 948 45 26 ithy
663 950 32 19 att
710 948 164 26 lägenheternas
889 949 44 25 pris

107 975 54 20 skall
177 977 107 20 motsvara
299 977 36 20 det
350 977 65 20 värde
431 977 26 20 de
473 977 86 20 komma
575 977 32 20 att
622 978 40 25 äga
677 977 7 20 i
699 977 40 20 den
755 977 107 20 blifvande
875 977 58 20 inne-

106 1003 114 22 hafvarens
242 1004 63 21 hand.
335 1005 42 20 Det
399 1005 62 20 fanns
484 1005 91 24 derföre,
599 1005 65 26 enligt
686 1005 134 26 professorns
841 1005 91 26 mening,

107 1032 53 21 intet
176 1033 46 20 skäl
238 1035 32 18 att
286 1033 128 21 härutinnan
430 1033 76 26 frångå
522 1034 39 20 den
578 1033 119 27 Kejserliga
713 1033 167 27 propositionen.

175 1089 33 21 En
224 1089 124 26 deputation
364 1090 90 21 anlände
469 1090 48 21 frän
533 1090 164 26 bondeständet,
707 1090 111 21 företrädd
829 1089 24 21 af
864 1090 69 20 landt-

107 1117 144 26 dagsmannen
267 1118 164 27 Kumpulainen,
446 1119 48 20 med
510 1119 203 26 tillkännagifvande
729 1120 32 19 att
777 1118 61 21 äfven
854 1118 79 21 bonde-

108 1145 85 22 ständet
215 1145 84 22 förenat
314 1147 32 25 sig
361 1153 34 14 om
412 1153 25 14 en
453 1147 90 26 petition
560 1147 109 26 angäende
685 1147 140 26 landtdagens
840 1147 92 26 förläng-

106 1174 51 27 ning
172 1174 28 27 pä
215 1181 36 14 sex
267 1175 82 20 veckor.

175 1231 70 21 Sedan
276 1232 152 25 —deputationen
442 1227 10 37 =
459 1232 87 27 afträdt,
571 1233 85 26 yttrade
682 1233 30 26 sig
733 1232 201 26 kontraktsprosten

106 1259 142 27 Ehrström,
272 1266 51 19 som,
347 1260 28 21 dä
398 1261 36 20 det
449 1260 20 21 af
486 1261 148 20 diskussionen
649 1261 6 20 i
671 1260 74 27 frägan
761 1260 173 25 ovedersägligen

106 1288 72 20 visade
194 1289 31 24 sig
241 1290 32 19 att
288 1288 86 21 ständet
389 1289 144 21 understödde
549 1295 26 15 en
586 1289 78 27 lycklig
677 1289 82 26 lösning
772 1289 23 20 af
804 1289 130 25 densamma,

106 1316 105 26 nemligen
227 1317 234 22 donationsböndernas
476 1317 122 26 frigörande
615 1317 38 22 och
670 1317 133 26 förvandling
813 1316 33 21 till
857 1316 78 21 skatte-

106 1345 87 23 bönder,
209 1345 66 25 ansåg
291 1345 34 21 det
341 1346 102 20 innebära
459 1352 25 14 en
501 1346 133 26 egendomlig
649 1346 161 25 inkonsegvens,
827 1350 34 15 om
878 1345 57 20 stän-

106 1373 36 21 det
164 1379 77 20 genom
259 1375 32 19 att
305 1374 46 21 icke
367 1376 78 25 antaga
461 1374 118 21 utskottets
594 1374 134 21 betänkande
744 1375 6 20 i
767 1374 59 20 detta
842 1374 94 20 moment

106 1401 68 21 skulle
190 1402 55 21 bäde
260 1402 96 21 försvära
371 1403 40 20 och
426 1403 94 26 fördröja
535 1403 86 26 frägans
637 1403 88 26 lösning.
754 1402 111 21 Utskottet
881 1401 54 21 hade

105 1429 28 27 pä
148 1432 31 18 ett
188 1430 187 27 behjertansvärdt
387 1433 44 19 sätt
441 1431 86 26 upplyst
538 1437 41 18 om,
593 1433 32 19 att
634 1431 223 21 donationsbönderna
868 1429 68 21 under

105 1458 58 21 tiden
179 1457 33 22 för
227 1459 162 26 lägenheternas
405 1460 81 21 inlösen
503 1461 36 19 äro
556 1459 123 26 tillräckligt
696 1459 109 21 belastade
814 1458 48 21 med
870 1457 66 26 utgif-

105 1489 39 24 ter,
160 1486 34 21 för
209 1489 33 19 att
257 1487 61 21 äfven
333 1488 72 21 kunna
421 1488 90 21 bekosta
524 1487 239 27 skattläggningen,
726 1482 38 37 och
772 1486 164 26 kontraktspro-

105 1517 46 19 sten
168 1516 83 25 trodde,
267 1516 75 21 herrar
357 1516 134 21 landmätare
494 1511 9 36 i
516 1517 28 20 all
553 1519 44 24 ära,
606 1518 32 19 att
648 1517 83 20 arbetet
740 1516 68 21 skulle
818 1515 61 26 dröja
886 1515 49 20 vida
