1109 1795
211 112 42 21 320
421 115 168 18 Presteståndet.
615 116 55 17 1867.
695 117 26 16 30
734 116 63 17 Mars.

182 202 97 22 ståndets
300 201 124 27 inbjudning
439 201 7 20 i
462 201 153 26 sammanhang
631 201 47 21 med
694 201 152 26 lagutskottets
861 201 153 27 framställning

183 231 6 20 i
205 237 82 15 samma
302 230 65 26 fråga.

254 371 207 27 Kontraktsprosten
477 371 73 21 Sirén
565 371 66 26 ansåg
646 372 31 19 att
693 370 132 27 vicepastorn
841 371 121 21 Putkonens
978 377 36 14 an-

185 400 108 28 dragande
317 406 34 16 om
371 399 118 27 ängsbroar
504 399 65 21 redan
585 399 68 21 blifvit
668 399 123 26 tillräckligt
805 399 83 21 bemött
904 399 22 22 af
938 399 77 21 doktor

185 429 84 22 Hellén.
294 428 136 22 Beträffande
445 428 48 21 åter
509 428 77 20 doktor
596 428 81 26 Berghs
689 428 120 31 yttranden,
823 428 24 21 så
859 428 53 21 hade
924 428 90 20 doktorn

185 457 49 27 sjelf
248 457 109 26 medgifvit
372 459 33 18 att
419 456 128 21 hithörande
562 455 159 32 bestämningar
736 455 6 20 i
759 456 55 21 1734
829 456 35 21 års
880 456 33 27 lag
926 455 88 21 behöfde

186 485 117 26 förklaring
320 485 39 21 och
375 486 32 19 att
423 485 60 20 detta
499 483 65 22 behof
577 484 7 20 i
600 484 40 21 den
655 484 78 26 nådiga
748 484 158 26 propositionen
923 490 49 15 vore
984 483 30 21 af-

186 514 53 21 sedt.
270 513 11 21 I
295 513 36 21 fall
348 513 91 21 doktorn
456 513 94 20 önskade
565 513 65 25 något
645 512 76 25 bättre,
738 513 24 20 så
777 512 94 22 önskade
888 512 80 21 talaren
983 513 32 20 att

186 542 43 21 han
252 542 66 21 måtte
343 541 76 26 afgifva
442 540 202 27 redaktionsförslag
664 529 76 32 dertill.
757 553 28 2 —
801 541 89 21 Prosten
906 541 109 26 Grönberg

187 570 56 21 hade
263 571 68 25 yttrat
353 569 99 26 farhågor
467 569 32 21 för
515 571 31 19 att
561 569 113 21 tvisternas
690 569 58 21 antal
764 569 67 20 skulle
847 569 91 21 förökas.
968 569 46 21 Tvi-

187 601 45 18 ster
248 598 55 21 hade
319 597 54 22 dock
389 597 60 21 äfven
465 604 28 14 nu
509 603 44 15 mer
569 599 26 19 än
610 603 42 20 nog
667 597 141 21 förekommit.
839 597 103 26 Slutligen
957 597 57 21 hem-

187 626 76 21 ställde
285 626 88 25 talaren,
398 632 33 15 om
448 625 19 26 ej
483 625 98 22 afseende
596 625 71 22 kunde
681 625 66 21 fästas
763 625 34 21 vid
813 625 53 22 hans
886 625 128 21 reservation

188 655 34 20 vid
244 656 5 25 $
266 655 18 20 2.
315 655 42 20 Det
380 660 50 15 vore
453 653 34 22 väl
510 653 56 22 klart
586 655 33 20 att
633 654 62 26 ingen
711 660 69 15 annan
797 655 26 20 än
840 653 90 22 domstol
946 653 69 22 kunde

188 685 94 24 upptaga
297 682 126 21 hithörande
439 682 81 25 tvister,
536 688 47 15 men
599 682 36 21 det
650 682 66 21 borde
731 682 76 27 tydligt
823 682 78 21 uttalas
912 683 31 20 att
952 681 63 22 hvars

189 711 39 21 och
251 717 38 15 ens
312 713 61 25 nytta
395 710 68 21 skulle
485 710 86 21 utredas
593 717 76 20 genom
692 717 38 20 syn
753 710 40 21 och
808 709 206 28 domstolspröfning,

187 739 138 26 hvarigenom
341 739 76 26 många
433 739 75 20 tvister
522 738 71 21 kunde
608 739 147 21 förekommas.

259 807 154 27 Kyrkoherden
429 806 130 22 Juselius
573 807 90 26 yttrade,
680 807 48 20 med
739 807 112 26 anledning
864 806 22 21 af
896 806 54 21 hvad
963 806 53 21 dok-

189 838 34 19 tor
238 835 77 22 Hellén
331 835 69 21 anfört
415 841 35 15 om
466 837 10 23 $
491 836 20 25 5,
528 837 32 19 att
575 835 36 21 det
627 835 16 26 ej
661 841 49 15 vore
723 836 70 25 någon
806 835 116 26 väsendtlig
934 834 82 22 skilnad

189 863 77 22 mellan
289 869 80 21 granne
391 863 40 21 och
455 863 157 27 öfverbyggare.
643 863 48 22 Men
713 863 28 21 dä
763 863 32 21 för
811 869 25 15 en
852 865 67 19 större
934 865 82 19 vatten-

189 898 70 15 massa
274 891 60 22 äfven
350 891 101 22 behöfdes
467 891 86 27 djupare
570 892 39 21 och
625 893 68 20 större
709 892 70 26 diken,
794 892 24 21 sä
834 897 50 16 vore
900 891 36 22 det
948 891 68 26 billigt

189 922 32 19 att
236 927 94 20 grannen
346 920 51 21 eller
413 919 165 28 öfverbyggaren
593 920 7 21 i
616 920 107 21 desamma
739 920 90 27 deltoge.

258 988 140 27 Vicepastorn
414 988 136 21 Putkonen
567 988 84 27 yttrade
667 989 38 25 att,
721 989 24 20 sä
759 987 80 22 barock
854 990 27 19 än
896 988 64 26 nägra
970 987 45 21 fun-

190 1017 32 20 nit
237 1016 53 21 hans
306 1016 61 27 äsigt,
383 1017 24 20 sä
422 1016 108 27 nödgades
545 1016 42 21 han
598 1017 54 20 dock
663 1005 100 32 vidblifva
774 1016 127 21 densamma.
926 1015 89 22 Talaren

190 1045 55 21 hade
260 1045 6 20 i
282 1044 91 27 Nyland,
389 1045 37 21 der
442 1045 99 26 tegskifte
556 1051 51 15 vore
623 1045 85 26 vanligt,
725 1045 43 21 ofta
783 1047 42 19 sett
841 1051 44 14 mer
900 1046 26 19 än
942 1044 28 21 tio
986 1044 30 21 in-

191 1075 116 19 tressenter
329 1072 62 22 hafva
409 1072 32 22 del
461 1073 2 20 i
479 1079 80 15 samma
574 1075 47 24 äng.
651 1073 34 21 Då
701 1073 36 21 det
752 1079 28 15 nu
795 1079 50 15 vore
860 1073 88 21 allmänt
962 1072 55 21 bruk

191 1103 32 19 att
238 1101 52 21 söka
305 1101 138 26 vitesförbud,
460 1101 23 21 sä
499 1102 67 20 mäste
582 1107 25 15 en
624 1101 39 21 och
674 1101 57 26 hvar,
743 1108 46 15 som
800 1101 17 27 ej
830 1101 48 21 ville
890 1101 56 26 böta,
960 1100 57 21 hälla

191 1129 31 26 sig
237 1129 55 21 skild
308 1131 45 25 väg.
384 1130 10 21 I
409 1129 51 27 följd
476 1129 61 22 häraf
551 1129 101 22 behöfdes
667 1129 60 22 äfven
743 1130 44 21 lika
802 1130 76 26 många
893 1129 63 21 broar
971 1135 45 15 som

191 1157 83 21 skiften.
305 1157 49 22 Men
378 1158 59 21 detta
459 1157 69 27 gällde
543 1158 18 26 ej
578 1158 75 21 endast
673 1160 74 24 ängar;
769 1158 28 27 på
819 1159 67 20 andra
908 1157 58 21 sidan
982 1163 34 15 om

191 1188 93 24 ängarne
305 1185 47 27 låge
375 1186 59 21 äfven
457 1186 44 21 ofta
522 1186 70 25 åkrar,
615 1186 30 21 dit
666 1188 64 25 vägar
750 1193 49 14 vore
814 1185 139 27 nödvändiga.
984 1185 33 21 Då

191 1213 62 28 ingen
269 1214 101 21 utstakad
385 1216 40 25 väg
440 1213 74 22 funnes
529 1214 32 21 till
578 1215 67 26 dessa,
661 1216 23 20 så
700 1215 65 21 borde
781 1215 79 21 enhvar
875 1214 21 21 få
915 1214 55 26 sörja
985 1213 32 22 för

191 1241 46 27 bro,
253 1242 48 21 bäst
317 1242 41 21 han
374 1243 76 20 kunde.
481 1243 90 21 Talaren
593 1243 66 26 ansåg
675 1243 81 21 derföre
772 1246 32 18 att
818 1243 53 21 sista
885 1242 110 27 meningen
1010 1242 6 21 i

191 1271 11 25 $
221 1272 8 19 1
247 1271 66 21 borde
337 1271 56 26 utgå,
417 1271 52 21 eller
491 1273 33 19 att
538 1272 7 19 i
561 1271 70 21 stället
647 1271 32 21 för
694 1273 40 24 väg
749 1271 67 22 skulle
831 1273 67 20 sättas
914 1270 103 27 ,,lagligen

191 1299 100 21 utstakad
307 1301 59 24 väg".

261 1360 70 22 Sedan
355 1360 145 22 diskussionen
516 1361 113 21 förklarats
645 1361 98 27 afslutad,
759 1361 48 24 blef,
823 1362 28 26 på
866 1361 22 21 af
901 1361 49 21 herr
964 1361 53 22 tale-

191 1395 91 15 mannen
304 1388 117 22 framställd
444 1390 138 26 proposition,
599 1391 10 24 $
627 1392 9 19 1
654 1390 22 21 af
690 1390 85 21 ståndet
792 1390 98 26 godkänd
906 1390 47 21 med
969 1390 49 21 obe-

191 1417 68 22 stridd
274 1417 160 27 röstpluralitet.

261 1474 13 28 s
285 1459 24 50 2.
