1109 1795
316 114 167 19 Presteståndet.
508 115 57 17 1867.
589 115 26 17 25
629 115 48 17 Jan.
869 116 12 20 vå

83 207 51 15 vore
148 201 33 21 för
197 201 71 28 dryga,
284 201 50 21 herr
349 203 94 24 prosten,
459 201 7 21 i
482 201 197 21 öfvensstämmelse
695 201 47 21 med
765 201 40 21 den
828 202 82 26 princip

82 229 24 21 af
120 230 138 26 sparsamhet,
275 235 45 16 som
336 229 23 22 af
373 229 161 27 presterskapet
548 230 35 21 vid
600 230 26 21 de
641 236 29 15 nu
684 229 150 27 försiggångna
849 230 62 21 valen

84 258 116 27 iakttagits,
216 258 65 26 ansåg
297 259 36 20 det
348 260 57 20 orätt
421 260 32 19 att
469 258 83 21 belasta
568 259 96 21 ståndets
679 259 160 21 kommittenter
861 259 49 21 med

83 287 55 27 höga
152 287 92 27 afgifter.

151 345 56 20 Herr
224 344 207 26 erkebiskopen
446 344 100 27 upplyste
561 345 33 20 att
610 344 78 21 doktor
703 344 113 27 Hornborg
839 345 71 20 såsom

83 373 68 21 vilkor
174 373 94 26 uppstält
283 372 135 27 åtnjutandet
437 373 22 20 af
480 379 83 14 samma
585 372 107 21 förmåner
715 379 44 14 som
774 373 35 20 vid
825 375 85 19 senaste

83 401 102 26 landtdag
200 401 89 21 kommit
304 401 79 21 honom
398 401 33 21 till
446 401 41 26 del,
504 401 53 22 eller
572 403 32 19 ett
624 401 77 21 arvode
725 401 22 21 af
765 403 61 19 tusen
849 401 61 21 mark

82 430 8 21 i
104 430 110 21 månaden.

153 487 90 21 Prosten
266 487 82 27 Hjelt
370 487 66 26 ansåg
458 487 32 26 sig
506 487 127 21 förhindrad
648 488 33 20 att
695 487 73 21 bifalla
783 487 33 21 till
831 487 79 21 doktor

84 515 125 27 Hornborgs
224 516 100 21 kallande
339 516 34 21 till
388 516 133 21 sekreterare
536 515 29 28 på
579 516 70 26 grund
664 515 23 22 af
708 517 23 18 11
748 516 12 27 $
776 516 7 20 i
800 516 54 21 1723
874 515 35 22 års

84 544 195 27 riksdagsordning,
305 550 44 15 som
377 544 86 27 stadgar
488 546 33 19 att
552 544 289 27 sekreterare-befattningen
869 544 40 21 bör

84 573 131 21 handhafvas
236 573 23 20 af
279 579 25 15 en
328 573 215 24 konsistoriinotarie,
567 573 40 21 och
627 572 123 22 förmenade
769 575 33 19 att
817 573 91 21 nämnde

84 601 239 27 grundlagsstadgande,
339 601 68 21 ehuru
417 608 76 20 genom
507 602 55 21 1772
574 601 35 22 års
620 601 162 27 regeringsform
795 601 113 27 upphäfdt,

83 629 54 22 dock
153 629 60 22 äfven
229 630 92 21 derefter
335 629 21 22 in
371 631 60 26 praxi
445 630 114 26 iakttagits
575 630 40 21 och
630 630 82 21 således
728 630 65 27 enligt
810 631 26 20 14
852 631 12 26 &
887 630 23 21 af

84 659 54 20 1779
154 658 35 21 års
204 659 169 26 riksdagsbeslut
387 665 50 15 vore
452 659 105 26 gällande.

151 715 90 22 Prosten
263 716 144 27 Alopaeus
429 716 66 27 ansåg
520 716 36 21 det
579 717 57 20 orätt
657 718 34 19 att
710 715 103 26 hushålla,
829 715 28 22 då
872 715 36 22 det

82 744 70 26 gällde
169 746 32 19 att
215 746 78 25 antaga
309 750 26 15 en
350 745 95 20 utmärkt
461 745 141 23 sekreterare,
619 744 62 21 äfven
697 750 33 15 om
746 744 96 21 vilkoren
856 750 52 15 vore

82 772 73 27 högre,
177 775 54 18 samt
254 773 98 26 upplyste
373 773 36 21 det
431 773 35 20 vid
481 773 72 26 Borgå
569 773 104 26 landtdag
692 773 101 21 likaledes
809 779 25 15 en
849 779 59 20 gym-

82 801 124 21 nasiilektor
221 801 53 21 varit
289 801 170 27 prestaständets
475 802 140 21 sekreterare.

151 859 205 26 Kontraktsprosten
377 859 106 21 Hellén
506 859 103 20 förenade
631 859 32 26 sig
685 859 47 20 med
751 860 86 25 prosten
857 859 51 20 Alo-

81 893 73 20 paeus,
170 887 23 21 så
208 887 84 27 mycket
307 893 45 16 mer
367 893 46 15 som
429 887 85 21 ståndet
530 887 71 21 kunde
613 887 94 21 belastas
722 887 48 21 med
781 887 49 21 vida
840 887 67 26 högre

82 915 93 27 utgifter,
192 922 34 15 om
242 917 35 20 det
293 917 44 20 mot
351 916 59 27 lägre
426 916 78 21 arvode
520 916 106 21 anställde
641 922 26 15 en
682 916 81 21 mindre
779 922 40 15 van
835 916 73 21 sekre-

81 945 77 23 terare,
174 950 44 15 som
234 944 55 21 hade
302 945 65 21 behof
380 944 23 21 af
416 944 51 22 flere
483 944 106 22 biträden.

150 1001 206 26 Kontraktsprosten
379 1001 79 22 Sirén
481 1001 51 22 sade
556 1001 31 27 sig
609 1001 34 21 för
667 1001 32 21 sin
714 1007 51 21 egen
784 1001 34 21 del
833 1001 19 26 ej
868 1001 39 26 sky

82 1029 69 26 någon
166 1029 126 27 uppoffring,
308 1036 48 15 men
371 1030 66 26 ansåg
453 1030 31 26 sig
499 1030 54 21 böra
568 1030 95 21 undvika
678 1030 55 26 höga
755 1029 152 22 omkostnader

82 1057 33 21 för
138 1058 45 21 sina
205 1058 149 21 komittenters
374 1059 61 25 skull,
452 1065 46 14 som
514 1059 72 20 kunde
602 1059 113 20 bedömma
730 1058 65 21 saken
811 1058 44 26 illa,
872 1064 34 15 om

80 1086 40 21 ock
135 1085 62 22 skeft.

148 1143 92 21 Prosten
262 1143 167 27 Rosengren
452 1143 103 22 förenade
577 1145 32 25 sig
630 1144 49 21 med
699 1144 207 27 Kontraktsprosten

81 1171 67 26 Sirén,
164 1172 87 21 emedan
267 1172 41 21 han
325 1172 22 21 af
361 1173 45 20 sina
421 1172 162 22 kommittenter
599 1173 69 21 blifvit
681 1173 63 26 ålagd
756 1174 33 19 att
800 1172 106 21 hushålla.

148 1228 111 21 Professor
275 1229 100 21 emeritus
396 1229 108 22 Geitlin
528 1229 66 27 ansåg
610 1231 32 20 att
658 1229 27 22 då
700 1230 77 21 doktor
793 1229 113 26 Hornborg

80 1257 19 26 ej
115 1257 82 21 fordrat
212 1258 69 20 större
297 1257 107 22 förmåner
419 1260 28 19 än
462 1258 48 21 dem
527 1259 42 20 han
584 1259 36 20 vid
635 1259 99 20 sednaste
749 1259 102 25 landtdag
874 1257 32 22 ät-

80 1285 70 27 njutit,
166 1285 53 21 hans
235 1286 92 25 anspråk
342 1287 19 26 ej
377 1293 50 15 vore
443 1286 137 27 öfverdrifna,
596 1289 53 19 utan
665 1287 65 21 borde
750 1287 86 20 ståndet
858 1286 49 21 med

80 1316 48 23 nöje
143 1314 58 21 kalla
217 1315 76 20 honom
310 1315 31 20 till
357 1315 144 26 sekreterare;
518 1315 133 22 beträffande
670 1317 87 25 prosten
780 1315 70 26 Hjelts
871 1321 36 20 yr-

80 1342 69 21 kande
172 1345 32 19 att
226 1344 33 20 till
276 1344 131 20 sekreterare
423 1344 67 20 borde
506 1345 91 25 antagas
613 1350 26 14 en
653 1343 214 27 konsistoriinotarie,
883 1343 24 21 så

80 1370 70 22 kunde
166 1371 26 21 hr
207 1371 122 27 professorn
345 1372 73 21 dervid
434 1372 18 27 ej
469 1372 56 22 fästa
540 1372 107 27 afseende,
659 1372 88 22 emedan
758 1372 46 21 icke
815 1371 92 22 allenast

79 1400 244 27 grundlagsstadgandet
345 1401 75 21 härom
442 1407 51 15 vore
520 1401 112 27 upphäfdt,
658 1404 51 18 utan
735 1401 61 21 äfven
821 1401 85 20 ståndet

80 1428 123 27 härigenom
219 1429 69 21 blefve
307 1429 112 22 inskränkt
434 1430 6 20 i
457 1430 32 21 sin
512 1429 103 28 rättighet
637 1432 32 19 att
691 1430 56 26 välja
765 1429 141 24 sekreterare,

79 1459 55 18 samt
156 1457 62 22 äfven
240 1458 35 21 vid
298 1458 55 21 1809
376 1458 35 21 års
430 1458 104 27 landtdag
550 1458 159 27 prestaståndet
724 1459 33 20 till
772 1458 134 21 sekreterare

79 1485 67 21 kallat
161 1493 70 14 annan
246 1493 49 14 man
311 1488 26 19 än
353 1493 26 14 en
394 1487 224 21 konsistorii-notarie.
