1109 1795
353 126 165 17 Presteståndet.
543 127 56 16 1867.
622 128 12 16 4
648 127 62 21 April.
877 123 42 21 429

120 214 92 19 tvärtom
235 213 52 25 göra
310 211 117 21 detsamma
451 211 153 26 missledande;
627 211 108 22 äfvensom
759 213 32 20 att
814 213 52 21 sista
884 219 63 15 mom.

120 247 76 20 genom
219 241 40 20 den
277 239 126 22 förändrade
419 239 96 27 lydelsen
531 239 67 27 deraf,
614 240 85 21 komme
715 242 32 19 att
762 240 108 28 tillämpas
886 241 12 21 &
914 241 34 21 så-

120 269 55 21 dane
191 268 232 25 öfverenskommelser,
439 274 45 15 som
501 268 115 21 framdeles
629 267 73 22 träffas
713 269 90 20 emellan
814 269 83 22 moder-
908 269 40 22 och

120 296 221 27 kapellförsamlingar
356 303 34 14 om
406 296 125 26 ömsesidigt
546 296 83 21 biträde
645 297 35 20 vid
695 296 111 27 byggande
821 298 40 21 och
872 298 76 21 under-

121 325 44 21 håll
181 325 23 20 af
218 325 61 20 deras
301 324 86 27 kyrkor,
407 324 68 21 ehuru
490 325 49 20 med
556 325 36 20 det
607 324 121 27 föreslagna
743 325 127 26 stadgandet
885 327 7 20 i
908 327 40 20 den

121 353 78 26 nådiga
221 353 165 26 propositionen,
409 353 66 26 enligt
497 352 124 22 Utskottets
645 353 141 26 uppfattning,
809 353 91 27 åsyftats
916 356 33 20 att

122 381 107 20 bibehålla
244 380 58 21 förut
317 381 104 26 ingångna
437 380 53 21 aftal
507 387 34 14 om
558 381 67 26 dylikt
641 381 83 21 biträde
736 381 38 21 vid
790 381 38 21 full
840 382 58 21 kraft
908 383 40 21 och

121 409 86 27 verkan,
231 409 118 21 oberoende
372 409 23 21 af
411 409 40 21 den
473 409 126 27 förändring
614 409 6 21 i
636 409 164 27 lagstiftningen,
824 416 45 15 som
884 411 8 20 i
908 411 40 21 den

122 438 77 26 nådiga
213 438 159 26 propositionen
387 437 102 26 föreslås;
506 438 40 20 och
562 438 27 20 då
605 438 36 21 det
651 438 76 20 främst
737 440 92 24 antagna
840 440 108 25 uttrycket

121 465 216 27 kapellförsamling,
361 471 45 15 som
429 465 138 21 underbåller
590 472 52 20 egen
663 466 82 27 kyrka"
767 466 85 27 återger
868 473 80 15 samma

123 495 90 26 mening,
237 500 45 15 som
305 494 40 21 den
360 494 6 20 i
382 494 147 20 betänkandet
544 493 173 22 förekommande
733 495 147 26 omställning:
897 495 51 26 ,,ka-

121 522 174 27 pellförsamling,
316 522 85 21 hvilken
424 522 23 21 åt
469 522 32 26 sig
525 522 65 27 byggt
610 523 40 20 och
665 523 131 21 fortfarande
812 523 136 22 underhåller

123 551 88 25 kyrka",
227 550 40 21 har
282 550 111 21 Utskottet
409 550 38 21 hos
462 550 159 27 Ridderskapet
636 551 40 20 och
691 551 67 21 Adeln
774 553 55 19 samt
844 552 104 27 Borgare-

124 578 85 21 ståndet
224 579 109 20 hemställt
348 579 105 20 huruvida
467 579 48 20 icke
531 579 62 20 dessa
609 579 67 20 Stånd
692 579 109 26 behagade
816 582 79 25 antaga
910 580 38 21 Ut-

123 607 97 24 skottets,
243 607 22 20 af
285 607 85 21 Presta-
393 607 39 20 och
455 607 165 20 Bondestånden
641 607 78 26 gillade
735 608 141 24 betänkande,
892 609 56 20 helst

122 635 59 21 detta
197 635 60 21 äfven
273 635 6 20 i
294 635 165 26 väsendtligaste
476 635 60 21 delar
552 635 198 21 öfverensstämmer
760 637 48 20 med
819 637 40 20 den
870 637 78 26 nådiga

123 663 168 26 propositionen;
308 663 87 21 hvarom
410 663 113 21 Utskottet
538 663 65 21 bordt
618 664 161 21 Prestaståndet
791 665 109 21 vördsamt
909 671 38 15 un-

122 692 117 21 derrätta**.

191 742 50 21 Som
257 743 142 21 antecknades

191 873 121 21 Fortsattes
333 873 156 26 behandlingen
506 873 22 21 af
542 873 231 27 kyrkolagsutskottets
790 874 135 21 betänkande
940 875 6 20 i

122 901 114 27 anledning
258 901 23 21 af
300 902 59 20 Hans
381 902 120 26 Kejserliga
522 902 113 26 Majestäts
657 902 77 26 nädiga
756 902 139 27 proposition,
912 909 36 14 an-

122 930 82 25 gäende
227 936 27 20 ny
275 930 104 27 kyrkolag
401 929 34 22 för
451 930 25 21 de
493 930 242 26 evangelisk-lutherska
750 930 175 27 församlingarne
941 931 7 20 i

123 958 78 21 landet.

191 1009 50 27 81.
271 1009 79 27 (forts.)

191 1059 94 22 Lektorn
301 1060 77 21 doktor
393 1060 117 26 Lampö6n
525 1061 94 25 yttrade:
637 1061 10 20 I
657 1060 120 21 hufvudsak
787 1060 39 21 har
834 1060 37 27 jag
880 1061 68 25 yttrat

123 1087 43 22 min
182 1089 84 25 mening
281 1089 39 20 och
336 1089 39 20 har
391 1089 118 20 tillsvidare
525 1088 18 27 ej
560 1089 115 26 anledning
689 1090 32 19 att
736 1088 27 27 gä
775 1088 61 26 ifrän,
848 1089 56 20 hvad
912 1089 36 26 jag

124 1115 54 22 efter
192 1116 110 27 längvarig
318 1117 159 26 öfverläggning
492 1118 54 25 sagt.
577 1117 42 20 Det
635 1123 38 14 var
688 1117 82 20 säledes
785 1117 18 26 ej
821 1117 82 20 derföre
911 1117 37 26 jag

123 1144 91 27 begärde
230 1145 67 26 ordet,
312 1147 52 18 utan
379 1145 34 20 för
427 1147 32 19 att
475 1145 97 21 försvara
587 1145 43 26 mig
645 1147 57 19 emot
717 1151 25 14 en
758 1145 23 20 af
795 1145 50 21 herr
856 1145 92 21 doktorn

122 1173 40 20 och
186 1173 137 26 domprosten
345 1173 57 26 Borg
423 1173 68 21 under
513 1173 119 26 gärdagens
655 1174 85 26 plenum
759 1173 133 21 framkastad
912 1173 36 21 be-

123 1201 104 26 skyllning
242 1201 33 20 för
290 1201 129 27 likgiltighet
434 1202 6 20 i
457 1201 99 21 afseende
572 1201 13 21 å
600 1201 38 21 vär
653 1202 78 26 kyrkas
747 1201 135 21 bekännelse.
907 1202 41 25 Jag

121 1229 110 21 bekänner
251 1231 64 24 öppet
335 1231 33 19 att
381 1230 36 26 jag
433 1229 58 21 fasar
506 1229 34 21 för
555 1236 26 15 en
597 1229 160 23 bekännelselös
772 1230 75 26 kyrka,
860 1229 38 27 jag
912 1230 36 21 vill

123 1257 38 20 och
185 1257 67 22 mäste
275 1257 64 21 hafva
361 1264 26 15 en
407 1258 109 21 bestämdt
530 1258 131 21 formulerad
676 1258 134 21 bekännelse.
841 1257 49 22 Men
903 1258 45 26 just

96 1309 2 2 .
122 1285 84 21 derföre
229 1286 35 21 vill
283 1286 36 26 jag
341 1286 65 21 hafva
429 1292 25 15 en
477 1286 67 21 sådan
566 1286 135 27 bekännelse,
717 1287 32 20 till
765 1285 85 22 hvilken
865 1286 82 27 kyrkan

122 1313 42 20 kan
187 1314 31 26 sig
239 1314 102 21 bekänna.
371 1315 42 26 Jag
435 1315 39 20 har
496 1314 73 21 vidare
591 1314 88 27 pästätt,
700 1316 33 20 att
753 1315 53 20 vära
824 1315 124 20 nuvarande

121 1341 228 27 partikulär-symbola
364 1343 19 25 ej
398 1344 110 19 motsvara
527 1343 107 25 behofvet,
651 1343 97 21 hvarföre
761 1343 37 26 jag
813 1343 62 20 äfven
891 1343 56 20 oför-

122 1369 59 21 täckt
197 1370 77 21 önskat
289 1371 36 21 det
339 1370 83 27 kyrkan
438 1370 69 22 skulle
522 1370 27 27 gå
564 1371 7 20 i
586 1370 126 27 författning
727 1377 33 15 om
776 1377 42 21 nya
830 1370 117 27 symbolers

120 1396 125 23 affattande.
276 1399 48 21 Men
340 1399 27 21 dä
379 1399 38 26 jag
432 1402 41 22 vet,
489 1401 34 19 att
538 1399 60 21 detta
613 1399 40 21 har
668 1400 49 26 föga
729 1400 66 26 utsigt
805 1399 34 21 för
852 1399 31 26 sig
893 1399 7 21 i
911 1399 37 21 vär

121 1426 38 24 tid,
176 1425 39 22 har
227 1427 37 26 jag
278 1427 45 21 valt
338 1427 41 22 den
399 1427 62 21 bästa
476 1429 72 24 utväg,
562 1428 37 26 jag
613 1427 82 22 kunnat
710 1427 91 27 päfinna,
817 1428 42 21 den
874 1427 74 21 nemli-

121 1460 41 20 gen
183 1456 32 19 att
236 1454 87 23 förorda
343 1456 131 26 antagandet
489 1456 23 21 af
526 1455 109 22 Confessio
651 1456 132 27 Augustana,
799 1455 46 26 och,
861 1461 35 15 om
911 1455 37 22 det

119 1489 65 14 anses
199 1483 136 27 nödvändigt,
351 1483 60 22 äfven
427 1484 106 26 Epitome.
559 1484 127 21 Grunderna
701 1484 73 21 härför
789 1486 61 25 tager
858 1483 37 27 jag
904 1484 43 27 mig

119 1510 93 23 friheten
227 1513 57 19 ännu
299 1518 25 15 en
339 1512 56 27 gäng
411 1518 101 21 upprepa.
