1109 1795
209 123 42 21 368
413 127 166 18 Presteständet.
606 129 56 17 1867.
686 130 13 16 2
712 129 61 21 April.

250 213 133 21 Besvarades
406 213 48 21 med
477 214 25 20 15
522 213 27 27 ja
573 213 39 21 och
629 214 12 21 8
657 214 42 27 nej.
730 214 103 21 Häremot
856 213 107 22 anmäldes
978 220 33 15 re-

181 241 107 22 servation
305 241 22 21 af
341 241 78 22 doktor
442 241 113 27 Alopaeus,
576 243 87 25 prosten
686 242 66 25 Sirén,
776 244 86 24 prosten
882 242 128 26 Rosengren,

183 270 78 21 doktor
276 269 79 26 Bergh,
369 271 87 25 prosten
472 269 59 27 Hjelt
546 270 40 21 och
602 270 121 27 professorn
739 270 77 21 doktor
831 270 84 21 Geitlin.

255 327 25 19 14
302 327 116 20 momentet
433 326 24 21 af
469 327 116 20 utskottets
608 326 135 22 betänkande
765 327 123 26 godkändes
904 327 106 26 enhälligt,

183 354 68 21 likaså
266 353 22 22 af
303 355 26 20 15
352 357 117 19 momentet
491 355 27 26 a),
534 354 31 27 b),
581 355 27 26 c),
625 355 32 27 d);
673 355 34 21 vid
723 355 94 27 punkten
833 355 18 27 €)
867 355 91 27 uppstod
974 355 36 21 föl-

181 383 65 26 jande
263 382 127 22 diskussion:

254 440 91 21 Prosten
368 440 77 21 doktor
460 440 90 26 Bergh
566 440 58 26 sade,
640 442 32 19 att
687 442 40 19 han
742 440 45 21 icke
803 440 71 21 kunde
888 440 56 21 finna
959 440 31 26 sig
1005 440 6 20 i

185 468 116 21 utskottets
322 468 136 21 uteslutande
473 467 21 22 af
509 468 170 27 propositionens
700 468 134 27 slutmening,
858 470 32 20 att
910 467 102 22 bankfull-

185 497 94 25 mäktige
295 496 52 26 egde
363 498 32 19 att
410 497 6 20 i
432 496 180 22 diskontrörelsen
629 497 38 20 och
683 497 94 21 vilkoren
788 497 31 20 för
830 497 121 21 densamma
961 497 52 25 göra

187 525 25 20 de
228 525 183 26 inskränkningar,
435 531 46 15 som
497 525 47 21 med
560 524 203 22 tidsförhällandena
779 525 38 21 och
833 525 93 21 bankens
942 525 71 21 säker-

186 553 37 20 het
238 552 105 21 befunnos
359 555 54 19 mest
428 553 108 26 förenliga.
563 553 91 21 Ständet
669 553 54 21 hade
739 553 53 21 först
807 553 39 21 och
860 553 74 22 främst
949 553 65 27 byggt

187 581 146 21 sedelstocken
349 582 27 25 pä
391 581 41 21 luft
448 581 39 22 och
502 582 71 24 väder,
589 581 66 22 sedan
671 583 84 20 voterat
769 581 49 21 bort
829 581 134 26 regeringens
974 581 39 22 och

187 609 126 21 ständernas
328 609 83 26 garanti
426 610 33 21 för
475 609 135 27 möjligheten
627 612 31 19 att
673 610 7 20 i
697 609 105 27 trångmål
823 609 81 22 erhålla
924 609 44 26 län;
980 615 33 16 om

188 644 48 15 man
252 644 29 14 nu
296 637 70 22 dertill
383 637 48 22 ville
447 638 112 21 instämma
574 639 7 20 i
597 638 78 21 doktor
685 638 87 21 Helléns
785 637 106 22 öfvermod
903 637 39 22 och
953 637 61 22 sköta

190 666 82 20 banken
288 667 30 25 så,
334 668 32 19 att
382 666 187 27 bankfullmäktige
584 666 47 21 icke
647 666 53 21 efter
716 666 207 27 omständigheterna
945 666 70 21 kunde

188 694 62 27 stäfja
271 694 206 27 silfverutvexlingen
495 701 76 20 genom
587 695 124 20 diskontens
726 695 96 26 höjande,
838 695 23 21 så
876 695 54 25 ägde
945 700 48 15 man
1008 695 7 20 i

188 722 89 27 sanning
293 729 25 14 en
334 723 57 20 bank
407 723 57 21 öfver
480 723 42 21 alla
536 723 98 21 verldens
650 723 87 21 banker.
762 723 41 21 Vid
819 725 83 19 senaste
914 723 101 26 landtdag

189 751 54 20 hade
267 757 48 15 man
331 753 70 19 ansett
417 751 172 22 modifikationer
603 751 7 21 i
627 751 161 21 diskonträntan
803 751 83 26 nödiga,
902 751 32 20 för
949 753 31 18 att
996 751 18 26 ej

189 779 80 25 nödgas
284 781 77 25 stoppa
376 779 213 27 silfverutvexlingen,
605 786 29 15 nu
650 779 48 22 ville
714 786 49 15 man
777 779 98 26 borttaga
886 779 68 21 denna
964 779 52 21 sista

189 809 70 24 utväg.
290 807 155 27 Stipulationen
469 814 33 15 om
525 807 159 22 bibehällandet
706 808 22 21 af
749 808 26 21 de
795 809 13 19 8
824 807 124 27 miljonerna
966 813 50 15 vore

189 835 86 22 dåmera
291 836 22 21 af
326 836 63 27 ingen
405 836 115 27 betydelse;
541 836 85 21 banken
642 837 67 20 måste
725 836 69 21 lemna
809 837 24 20 ut
848 836 31 21 sin
895 835 51 22 sista
960 835 56 22 slant

189 864 40 21 och
243 864 100 27 slutligen
359 865 55 21 ändå
430 864 45 21 bita
489 865 6 20 i
511 867 76 24 gräset.

257 921 207 27 Kontraktsprosten
487 921 78 21 doktor
587 921 97 21 Hellén
705 921 84 27 yttrade
807 922 33 20 att
855 921 77 20 doktor
946 920 70 26 Bergh

190 950 56 26 gjort
266 955 25 16 en
313 951 45 20 stor
380 950 38 21 sak
433 949 21 22 af
469 956 25 15 en
510 949 151 28 obetydlighet.
692 949 31 22 På
738 955 47 21 pag.
803 950 26 20 10
844 949 54 21 hade
914 949 103 20 utskottet

190 978 113 21 motiverat
326 978 40 21 den
388 978 122 26 förändring
532 978 37 21 det
590 978 97 27 vidtagit,
704 978 87 21 emedan
807 978 41 21 den
864 977 130 26 bestämning
1010 977 6 20 i

189 1006 160 27 propositionen
364 1006 142 21 förekommer
522 1007 44 20 dels
582 1006 106 21 befunnits
705 1006 77 27 onödig
797 1006 48 21 med
856 1005 97 22 afseende
965 1005 13 21 å
991 1005 25 21 de

191 1034 107 27 generella
313 1034 136 27 föreskrifter,
465 1041 45 15 som
525 1035 50 26 ingå
589 1035 7 20 i
612 1041 62 15 mom.
691 1035 20 26 h,
728 1035 45 21 dels
783 1034 89 21 ledande
885 1033 31 22 till
926 1033 90 27 menliga

192 1063 87 27 ingrepp
295 1063 7 21 i
318 1063 199 21 bankdirektionens
532 1063 77 26 nödiga
625 1063 180 26 handlingsfribet.
836 1062 67 21 Förut
913 1062 54 21 hade
978 1062 38 20 hos

192 1097 34 15 oss
250 1091 35 21 det
308 1093 78 24 system
409 1091 69 21 blifvit
493 1091 67 27 följdt,
577 1093 32 20 att
624 1097 49 16 man
688 1097 77 21 genom
779 1091 35 21 lån
830 1090 32 21 till
878 1091 35 20 det
928 1092 89 25 yttersta

192 1119 127 22 understödt
334 1119 111 27 industrin,
461 1125 45 16 som
522 1126 49 15 man
587 1119 49 22 ville
651 1120 116 27 importera
777 1119 68 26 färdig
855 1118 46 22 från
912 1118 104 25 utlandet;

192 1153 48 16 man
256 1147 37 27 gaf
306 1148 90 21 sålunda
411 1147 35 22 lån
461 1149 22 20 åt
498 1154 102 21 personer
615 1150 51 19 utan
682 1148 119 27 tillgångar.
826 1147 34 21 Då
875 1153 48 15 man
940 1146 77 26 derige-

192 1182 49 15 nom
262 1176 49 21 kom
327 1176 7 21 i
349 1176 99 26 klämma,
471 1176 53 21 hade
545 1183 49 14 man
610 1183 27 14 nu
654 1176 78 27 begynt
749 1175 113 27 öfvergifva
877 1175 59 21 detta
950 1174 68 21 falska

192 1206 79 25 system
287 1206 32 19 att
334 1205 143 26 understödja.
503 1205 81 21 Genom
600 1205 77 25 många
691 1204 126 27 lappningar
831 1204 55 21 hade
901 1203 7 20 i
923 1203 95 21 ständer-

192 1238 38 15 nas
251 1234 84 20 senaste
356 1239 49 14 svar
426 1233 111 21 inkommit
561 1233 78 21 dubbla
661 1233 163 26 bestämningar,
840 1238 46 15 som
901 1237 28 15 nu
944 1231 74 21 endast

193 1260 67 22 blifvit
275 1261 132 26 förenklade;
424 1261 26 22 de
466 1267 50 15 voro
532 1261 54 22 dock
601 1261 47 21 icke
664 1261 119 26 borttagna.

261 1318 91 21 Prosten
369 1318 76 21 doktor
460 1318 86 27 Bergh
562 1318 52 21 sade
629 1318 32 26 sig
676 1317 62 22 hafva
753 1317 54 22 talat
819 1317 45 26 just
878 1316 33 21 för
927 1316 92 21 bankens

193 1346 189 26 handlingsfrihet;
399 1346 39 22 Om
454 1346 40 22 den
510 1346 141 26 bestämning,
666 1352 46 15 som
727 1346 40 20 här
782 1345 120 26 borttagits,
917 1345 83 25 inginge
1013 1344 6 20 i

193 1380 62 15 mom,
273 1374 19 26 h,
306 1374 23 21 så
345 1380 50 16 vore
411 1374 38 22 allt
465 1375 42 26 väl;
527 1374 93 22 doktorn
643 1374 54 21 hade
721 1374 54 21 dock
796 1374 17 26 ej
838 1373 64 21 insett
922 1372 36 21 det
981 1372 39 21 och

193 1403 76 21 trodde
284 1403 18 26 ej
319 1402 68 22 heller
402 1405 31 19 att
449 1409 25 16 en
485 1403 133 26 bestämning
631 1403 21 20 in
664 1403 78 26 dupplo
753 1402 74 21 funnes
838 1401 7 21 i
856 1401 164 27 propositionen,

193 1431 88 22 emedan
302 1431 47 21 dess
372 1431 111 22 författare
505 1432 27 21 då
552 1431 51 21 bort
623 1431 45 21 inse
689 1431 41 21 det.
761 1430 59 21 Blott
835 1429 100 27 implicite
950 1429 70 21 kunde

193 1465 48 16 man
257 1462 77 23 antaga
349 1461 32 20 att
397 1466 80 15 samma
492 1459 134 27 bestämning
641 1459 60 21 fanns
715 1459 6 20 i
736 1465 62 15 mom.
812 1458 21 25 h,
847 1464 47 15 men
907 1458 35 21 det
952 1457 68 21 blefve

193 1487 54 22 dock
269 1487 55 22 tutal
347 1488 79 26 derom,
448 1488 103 21 huruvida
572 1494 26 15 en
621 1488 23 21 så
665 1487 65 27 vigtig
749 1487 103 26 rättighet
874 1486 62 21 derur
951 1485 70 21 kunde

193 1516 121 21 deduceras.
