1109 1795
321 129 166 18 Presteståndet.
513 130 57 17 1867.
595 131 26 16 22
633 131 60 16 Mars.
856 126 41 21 287

167 215 100 21 Härefter
291 215 110 26 föredrogs
425 216 12 20 6
460 217 117 19 momentet
601 215 22 20 af
643 215 116 22 utskottets
784 216 143 25 betänkande;

98 243 74 22 härom
188 244 83 26 yttrade
287 243 32 26 sig
334 243 53 21 först

167 300 204 27 Kontraktsprosten
388 300 77 21 doktor
487 301 112 22 Hellön,
620 306 45 15 som
681 301 64 26 ansåg
761 303 32 19 att
809 302 60 21 detta
884 308 44 14 mo-

99 331 57 18 ment
171 329 36 20 illa
223 329 177 26 sammanhängde
416 329 48 20 med
480 329 157 21 betänkandets
652 329 113 26 inledning,
783 330 44 21 deri
843 331 36 20 det
891 330 37 21 he-

98 359 33 18 ter
146 359 33 19 att
194 357 114 21 ständerna
324 357 17 26 ej
357 357 82 21 kunnat
455 358 49 26 ingå
519 358 28 25 på
563 363 26 15 en
605 357 130 21 omfattande
746 358 100 26 pröfning
856 358 23 21 af
887 359 41 20 frå-

98 391 47 20 gan,
162 386 27 21 då
204 386 95 21 deremot
315 385 38 21 här
368 388 60 24 säges
444 387 32 20 att
492 386 26 21 de
534 386 49 21 med
599 385 88 27 mycken
702 386 147 26 noggrannhet
865 393 63 20 gran-

98 414 48 21 skat
169 415 93 21 ärendet.
292 414 97 21 Doktorn
413 415 94 21 önskade
524 414 83 21 derföre
623 416 32 19 att
670 415 111 26 uttrycken
798 417 74 24 ,äger*
889 416 39 20 och

98 443 97 24 »beslut''
212 443 67 20 skulle
294 443 116 25 förändras,
427 443 24 20 sä
466 445 31 19 att
513 443 147 26 ordalydelsen
677 443 75 20 blefve:
771 445 32 18 att
818 443 109 26 styrelsen,

98 471 32 20 till
146 471 63 21 hvars
224 471 163 26 landsfaderliga
403 477 84 21 omsorg
503 478 48 14 man
567 471 94 26 ständigt
677 473 83 24 tryggat
773 471 38 26 sig,
823 471 49 21 ville
882 471 46 21 vid-

98 501 49 25 taga
163 499 26 21 de
205 499 104 27 åtgärder,
327 506 43 14 som
387 499 22 21 af
424 500 61 21 dessa
501 500 80 26 äsigter
597 505 18 15 0.
632 505 16 15 s.
664 505 19 15 v.

167 555 89 22 Prosten
273 556 78 21 doktor
371 556 144 26 Alopaeus
532 557 66 25 ansåg
614 557 25 20 de
655 556 87 21 anförda
757 557 66 20 orden
840 557 17 26 ej
874 559 32 18 stä
921 557 7 20 i

99 584 52 20 strid
169 585 47 20 med
233 584 54 21 hvad
303 585 105 20 utskottet
424 585 98 26 föröfrigt
538 585 119 26 föreslagit:
674 585 64 20 orden
753 591 50 14 vore
820 586 107 20 dessutom

99 613 106 20 desamma
221 619 44 14 som
281 614 6 19 i
303 613 125 21 ständernas
444 613 70 21 beslut
529 613 48 21 från
593 613 52 21 sista
660 613 135 26 landtdagen.

167 669 88 21 Prosten
271 669 132 21 Borenius
419 670 117 23 anmärkte,
553 671 32 20 att
601 676 34 14 om
651 670 76 21 doktor
742 670 76 21 Hellén
830 677 38 14 var
878 670 50 26 nöjd

98 697 48 21 med
161 697 24 21 så
200 698 47 20 litet
262 704 44 15 som
324 699 61 20 ordet
401 698 83 28 ,,ville',
500 699 72 20 kunde
588 705 48 14 man
645 698 24 27 ju
680 698 153 21 tillfredsställa
843 699 85 20 honom.

166 754 32 21 På
213 754 22 21 af
249 754 48 21 herr
314 755 133 20 talemannen
462 755 121 21 framställd
599 755 132 26 proposition
747 755 123 26 godkändes
884 761 42 14 mo-

99 784 91 19 mentets
206 783 131 26 ordalydelse
353 783 134 21 oförändrad.

170 874 118 27 Föredrogs
304 875 51 20 sista
370 877 117 18 momentet
502 875 23 20 af
538 875 117 20 utskottets
670 874 139 21 betänkande.

170 931 204 26 Kontraktsprosten
398 931 77 21 doktor
498 931 101 21 Hellön
624 931 65 26 ansåg
707 931 72 20 denna
801 931 128 26 slutmening

101 965 51 15 vara
174 959 128 21 formulerad
323 960 70 20 säsom
411 966 26 14 en
453 960 87 24 motion,
557 959 86 21 hvartill
659 959 113 21 ständerna
788 959 18 26 ej
823 959 54 21 hade
892 959 36 21 nä-

101 994 41 20 gon
165 989 52 24 rätt;
237 988 90 21 doktorn
343 988 91 27 föreslog
450 988 84 21 derföre
549 990 33 19 att
598 988 39 21 den
653 988 6 20 i
676 988 76 21 doktor
767 987 113 27 Alopaeus'
897 994 31 14 re-

101 1017 106 20 servation
223 1016 112 21 förordade
351 1016 136 21 formulation
503 1017 67 20 mätte
586 1019 94 24 antagas.
706 1016 89 21 Talaren
811 1016 117 23 anmärkte,

102 1046 31 19 att
148 1045 40 20 den
204 1045 7 20 i
226 1045 143 21 betänkandet
391 1045 120 26 föreslagna
533 1045 214 26 preskriptionstiden
769 1050 38 15 var
822 1045 32 20 för
870 1044 58 26 längt

101 1073 104 26 tilltagen,
228 1074 88 20 emedan
340 1073 149 21 donatarierne
511 1074 122 25 derigenom
649 1073 70 20 kunde
735 1075 70 24 stegra
820 1073 66 26 priset
901 1072 28 26 pä

101 1101 45 21 sina
170 1101 127 27 lägenheter,
321 1102 27 20 dä
371 1102 25 20 de
419 1102 54 20 hade
496 1102 24 21 sä
535 1102 50 26 läng
600 1102 31 20 tid
646 1102 28 26 pä
689 1102 40 25 sig;
746 1101 21 21 af
781 1101 69 20 denna
866 1101 63 20 orsak

101 1136 50 15 vore
167 1130 36 21 det
218 1130 92 27 önskligt
325 1132 32 19 att
371 1130 133 27 proposition
520 1131 7 20 i
543 1132 71 19 ämnet
629 1130 69 21 blefve
713 1129 90 27 afgifven
819 1129 65 21 redan
896 1129 32 20 till

101 1160 61 19 nästa
177 1159 107 26 landtdag.

170 1215 10 20 I
196 1215 103 21 anseende
313 1215 32 20 till
361 1215 257 21 talemanskonferensens
633 1221 28 14 nu
672 1215 91 20 skeende
773 1214 156 21 sammanträde

102 1243 81 22 afbröts
199 1243 152 25 diskussionen,
368 1243 39 22 och
423 1243 68 21 skulle
507 1244 112 21 fortsättas
633 1243 28 26 pä
677 1243 171 26 eftermiddagen.

170 1301 178 26 Kyrkoherdarne
371 1301 88 21 Castrén
483 1301 40 20 och
546 1301 57 20 Roos
627 1300 80 21 erhöllo
724 1299 158 27 tjenstledighet
897 1298 32 21 till

102 1329 39 21 och
157 1329 48 21 med
221 1329 140 26 nästföljande
377 1329 76 26 tisdag.

171 1420 88 21 Ständet
275 1419 108 27 ätskiljdes
399 1419 90 22 klockan
506 1420 20 20 2.

685 1457 22 17 In
720 1457 59 17 fidem:

588 1493 58 20 And.
662 1492 60 21 John
737 1491 124 26 Hornborg.
