1109 1795
344 125 166 18 Presteständet.
536 125 55 18 1867.
616 126 12 16 3
640 125 63 22 April.
874 119 39 20 411

114 211 194 22 Konkordieboken
329 211 41 20 kan
391 210 84 21 derföre
491 210 96 26 omöjligt
603 216 52 15 vara
669 211 32 20 ett
715 211 91 26 adegvat
821 211 86 26 uttryck
922 211 23 21 af

114 240 38 21 vär
167 240 42 21 tids
225 239 196 27 kyrkobekännelse
437 239 40 20 och
493 238 147 21 trosinnehäli.

183 268 40 21 3:0.
254 267 139 26 Paragrafens
416 266 139 27 formulering
576 269 25 18 är
621 267 61 26 gjord
697 268 51 20 utan
763 267 137 28 aktgifvande
915 267 29 27 pä

114 296 113 21 historiens
243 295 155 27 fingervisning.
429 295 50 21 Man
495 297 36 19 vet
546 297 32 18 att
594 295 36 21 det
647 295 61 21 15:de
723 295 156 22 ärhundradets
894 298 49 19 män

114 326 96 25 mottogo
235 323 208 22 konkordieformeln
465 324 49 20 med
536 325 92 25 yttersta
650 323 146 22 misstroende.
833 325 11 20 I
866 325 78 26 många

115 352 242 27 evangelisk-lutherska
379 352 74 21 länder
475 351 46 22 blef
542 352 42 21 den
606 351 69 27 aldrig
697 354 97 24 antagen.
828 353 51 21 Man
901 354 41 24 vet,

116 381 72 20 hvilka
203 380 130 27 svärigheter
349 381 133 20 densammas
497 381 47 20 lära
556 380 129 21 framkallat.
715 380 49 21 Man
780 383 35 18 vet
831 381 68 24 äfven,
911 383 32 19 att

115 411 52 19 nära
187 409 28 27 pä
234 409 42 21 alla
294 408 241 27 evangelisk-lutherska
557 408 142 27 landskyrkor
715 409 93 26 ätergätt
823 409 32 21 till
871 409 71 27 Augu-

114 440 69 21 stana,
206 438 48 20 med
277 437 136 21 förkastande
433 437 24 20 af
475 437 26 20 de
517 437 68 26 öfriga
600 437 129 26 symboliska
744 437 112 24 böckerna,
873 444 47 14 men
935 438 7 19 i

115 466 47 21 värt
177 466 50 21 land
241 465 36 21 vill
294 471 47 15 man
357 465 106 21 bibehälla
478 465 50 21 hela
544 465 40 21 den
600 467 67 24 tunga
681 467 122 24 apparaten.

183 495 41 20 4:0.
254 493 225 27 Kyrkolagsutskottet
493 493 39 27 går
548 493 61 21 äfven
629 493 28 26 pä
676 495 65 20 annat
759 495 43 20 sätt
817 493 126 22 ohistoriskt

115 522 92 27 tillväga.
238 522 91 21 Männen
351 522 48 21 frän
420 522 54 21 1686
494 522 81 26 insägo,
595 524 32 19 att
643 522 74 21 endast
732 522 125 27 Augustana
870 522 72 21 kunde

116 557 51 14 vara
182 550 88 27 symbol,
286 557 47 14 men
350 551 26 20 dä
391 557 49 14 man
456 551 77 20 trodde
548 550 33 26 sig
596 550 91 21 behöfva
702 552 97 20 närmare
814 551 128 21 bestämnin-

115 585 37 20 gar
173 581 56 18 emot
250 579 93 26 irrläror,
365 580 89 25 antogos
477 579 62 21 äfven
561 579 26 20 de
607 579 68 26 öfriga
691 579 106 21 såkallade
813 579 129 27 symboliska

115 607 111 24 böckerna,
243 607 54 21 dock
312 608 75 20 endast
402 607 69 21 säsom
487 607 149 26 förklaringar,
652 613 48 15 men
715 613 28 15 nu
758 607 37 21 vill
810 614 49 14 man
875 608 18 25 ej
905 613 37 15 ens

116 635 106 21 bibehälla
238 635 65 26 detta,
318 637 51 19 utan
385 635 124 22 dekreterar
524 635 45 21 helt
585 635 78 26 enkelt,
680 637 31 19 att
727 635 40 22 alla
783 635 63 22 hafva
861 642 81 15 samma

115 663 118 21 normativa
249 664 70 20 värde.

183 719 153 28 Kyrkoherden
357 720 132 21 Bäckvall:
518 720 43 21 Vid
579 720 136 21 erkännande
730 720 39 21 och
785 721 119 26 antagande
920 721 23 20 af

115 748 72 27 hvarje
203 749 37 20 sak
255 748 67 21 mäste
337 755 49 14 man
401 748 54 22 först
470 750 52 25 göra
537 748 32 27 sig
580 749 40 20 den
632 748 80 27 frägan,
723 755 33 14 om
767 749 41 20 den
818 749 122 26 verkeligen

116 779 23 18 är
154 777 72 24 sädan,
241 783 46 14 som
303 777 39 20 den
357 777 115 21 benämnes
488 777 40 20 och
543 777 91 26 utgifves
649 783 58 15 vara.
737 777 31 20 Dä
783 783 48 15 man
844 784 29 14 nu
886 777 54 21 skall

116 805 93 21 erkänna
227 805 39 20 och
281 807 77 24 antaga
374 807 10 19 1
401 806 12 27 &
428 805 31 22 uti
475 805 139 21 förevarande
637 805 199 27 kyrkolagsförslag,
852 806 86 26 päträn-

115 839 37 21 ger
166 833 32 26 sig
214 833 39 21 den
268 833 83 27 frägan:
367 835 23 19 är
405 833 116 22 innehället
537 833 70 21 deruti
622 833 7 21 i
645 833 42 21 allo
703 833 22 21 af
737 834 40 21 den
787 834 151 26 beskaffenhet,

115 863 31 19 att
169 861 40 22 den
231 861 65 26 enligt
314 862 39 21 den
374 863 116 26 principen,
506 864 32 19 att
554 861 79 25 ,frihet
647 864 24 19 är
686 862 92 26 kyrkans
793 863 92 20 väsende
900 862 40 21 och

115 891 32 19 att
162 890 81 26 kyrkan
259 890 45 21 fritt
319 891 77 26 skapar
411 891 32 21 sin
459 890 191 26 lifsverksamhet*,
666 890 42 21 kan
719 891 94 26 edeligen
824 890 115 21 bekräftas.

114 918 129 26 Paragrafen
266 918 122 26 innehäller,
411 921 60 19 utom
495 919 25 20 de
541 920 34 19 tre
597 919 161 26 hufvdsymbola
779 919 40 20 och
835 919 103 21 confessio

114 948 123 25 augustana,
261 947 60 20 äfven
342 947 26 20 de
384 947 67 27 öfriga
466 947 7 20 i
489 947 40 21 den
545 947 109 21 säkallade
676 947 194 21 Konkordieboken
886 953 54 20 upp-

114 977 64 24 tagna
193 975 219 27 bekännelseskrifter,
429 977 56 20 samt
500 975 139 21 tillerkänner
655 976 106 20 desamma
773 975 117 26 symbolisk
903 975 37 22 be-

114 1003 80 26 tydelse
213 1003 38 21 och
270 1003 105 22 bindande
397 1004 63 21 kraft.
491 1003 39 21 Att
553 1004 62 21 dessa
629 1003 204 22 Konkordiebokens
854 1003 86 22 skrifter

114 1031 46 21 icke
175 1033 37 19 äro
228 1031 104 27 symboler
347 1035 48 18 veta
410 1033 21 20 vi
446 1032 51 25 alla;
515 1032 25 21 de
556 1034 77 25 utgöra
648 1033 75 20 endast
737 1032 109 26 försvars-,
861 1032 78 21 förkla-

115 1060 67 25 rings-
205 1059 38 21 och
262 1060 137 27 läroskrifter,
416 1061 39 20 och
471 1062 37 19 äro
521 1060 82 21 således
619 1060 24 21 af
656 1061 40 20 den
712 1063 68 23 natur,
789 1067 45 14 som
850 1060 68 21 andra
932 1060 7 20 i

115 1087 57 27 dylik
194 1087 63 27 afsigt
278 1088 114 22 författade
415 1089 155 26 afhandlingar.
601 1089 47 21 Den
672 1092 7 17 1
697 1089 12 26 8
725 1089 82 20 fordrar
829 1088 54 21 dock
907 1090 32 19 att

116 1117 60 20 dessa
198 1116 52 21 böra
272 1123 60 14 anses
353 1117 39 21 och
411 1119 89 24 antagas
515 1123 52 15 vara
581 1117 78 21 likaväl
675 1117 106 27 symboler
796 1123 45 15 som
858 1117 39 20 ock
913 1117 26 21 de

114 1144 53 21 först
183 1145 126 20 omnämnda
324 1147 37 19 äro
377 1146 42 25 det,
436 1146 40 21 den
491 1145 90 26 fordrar,
598 1147 32 19 att
646 1146 40 20 den
701 1145 118 26 subjektiva
834 1147 49 18 tron
899 1145 40 21 och

114 1173 141 20 bekännelsen
273 1173 54 21 skall
342 1174 7 20 i
365 1174 41 21 allo
425 1173 146 22 sammanfalla
589 1174 49 21 med
654 1174 46 25 den,
716 1180 44 14 som
777 1174 61 21 dessa
854 1173 85 21 skrifter

114 1202 75 22 uttala,
212 1201 87 21 emedan
321 1201 75 22 härvid
414 1202 66 21 finnes
495 1203 55 20 intet
565 1203 109 26 undantag
689 1202 76 27 gjordt,
783 1202 16 26 ej
817 1208 36 15 ens
868 1201 70 27 någon

115 1229 130 26 häntydning
264 1230 32 20 till
312 1230 75 21 sådant
403 1231 86 26 antydd.
520 1231 130 20 Prestaeden
667 1231 54 20 skall
737 1230 53 21 dock
805 1230 86 26 besegla
905 1230 33 20 till

116 1257 141 22 efterrättelse
271 1257 12 28 $
299 1258 48 21 hela
361 1259 99 21 innehåll.

181 1286 50 21 Men
245 1287 8 20 i
268 1287 58 26 &:ens
341 1289 84 19 senaste
441 1287 33 21 del
487 1287 44 21 står
544 1287 31 26 ju,
592 1289 45 23 ,,att
649 1287 58 22 Guds
717 1287 69 26 heliga
796 1287 38 20 ord
846 1288 24 19 är
884 1286 54 21 enda

114 1315 134 24 rättesnöret,
264 1315 106 21 hvarefter
385 1316 29 20 all
429 1316 46 20 lära
489 1316 7 20 i
512 1315 83 27 kyrkan
610 1316 54 21 skall
675 1321 61 16 anses
747 1315 39 21 och
796 1315 140 20 bedömmas".

113 1342 10 20 I
139 1342 40 20 den
201 1343 67 20 första
290 1343 59 21 delen
365 1344 7 20 i
387 1345 34 24 $:n
443 1344 39 20 har
504 1350 49 14 man
575 1344 54 20 dock
644 1344 66 20 redan
725 1344 87 26 antagit,
829 1344 32 20 att
876 1343 62 19 äfven

113 1370 31 20 uti
160 1370 26 21 de
201 1370 7 21 i
223 1371 194 22 Konkordieboken
437 1374 93 25 antagna
545 1372 87 21 skrifter
648 1372 57 21 Guds
721 1372 38 21 ord
774 1374 24 19 är
813 1370 125 27 obetingadt

113 1399 103 25 uttaladt;
240 1399 81 22 således
343 1401 156 20 sammanfaller
518 1402 57 25 $:ens
593 1407 74 14 senare
683 1401 34 20 del
732 1400 85 21 alldeles
833 1399 48 21 med
897 1399 40 20 den

114 1427 57 20 förra
193 1429 55 19 samt
270 1428 81 21 lemnar
372 1429 62 26 ingen
454 1429 64 20 frihet
534 1431 32 18 att
581 1431 52 24 göra
648 1429 83 21 skilnad
747 1429 88 20 emellan
852 1428 36 20 det
902 1429 35 18 vä-

114 1455 110 26 sendtliga,
240 1462 44 15 som
300 1457 54 21 skall
369 1457 117 21 bestämma
501 1459 60 19 trons
576 1457 98 27 innehåll,
690 1457 39 21 och
745 1457 35 21 det
795 1456 47 21 icke
853 1457 84 18 väsent-

114 1484 42 25 liga
171 1484 32 20 uti
219 1484 59 21 dessa
294 1485 91 21 skrifter.
417 1485 12 27 &
445 1485 75 21 binder
536 1485 83 21 derföre
635 1485 28 22 all
677 1485 73 21 vidare
765 1484 115 26 forskning,
894 1483 43 21 till-

114 1512 88 21 ochmed
217 1513 183 26 symbolbildning,
416 1516 22 22 ty
453 1513 84 22 utöfver
552 1514 40 21 den
608 1513 33 22 får
655 1520 49 15 man
717 1514 24 26 ju
756 1513 17 27 ej
790 1513 32 26 gå.
