1109 1795
88 421 20 45 I
130 445 113 26 anledning
262 444 22 22 af
298 451 25 15 en
339 444 31 21 uti
386 444 156 27 Ridderskapet
557 444 40 22 och
612 445 68 21 Adeln
697 445 35 20 vid
747 446 84 20 senaste
848 444 70 22 landt-

89 473 41 27 dag
145 473 62 22 väckt
222 473 90 27 petition
327 473 100 22 anvisade
443 473 120 22 Ständerna
578 473 68 22 medel
662 473 33 21 till
711 473 111 28 tryckning
834 473 24 22 af
869 473 49 22 här-

88 502 43 21 tills
152 502 47 22 icke
219 502 84 26 tryckta
320 502 108 27 protokoll
443 502 39 21 och
498 502 127 27 handlingar
641 502 47 21 från
703 502 155 27 landtdagarne
873 503 45 21 före

88 531 24 21 är
130 531 59 22 1885.
219 531 70 22 Sedan
311 531 130 21 Ständernas
463 531 202 27 Bankfullmäktige,
684 531 23 21 åt
722 531 71 22 hvilka
809 531 109 22 öfverlem-

88 561 48 20 nats
152 561 31 20 att
198 559 97 22 meddela
308 561 98 20 närmare
416 559 134 22 föreskrifter
561 560 108 27 angående
680 560 117 27 ordningen
807 560 33 21 för
853 560 65 21 hand-

88 589 105 26 lingarnes
216 588 113 27 tryckning
348 588 38 22 och
407 588 68 27 öfriga
497 589 90 26 detaljer
603 589 22 20 af
639 588 94 22 arbetets
747 589 120 26 utförande,
883 589 35 21 be-

88 619 65 19 stämt
169 619 31 19 att
215 617 48 22 med
279 617 26 22 de
320 617 23 22 af
356 617 119 22 Ständerna
489 617 33 21 för
538 617 171 27 finansperioden
727 618 141 21 1892—1894
884 617 34 22 för

88 646 120 21 ändamälet
230 645 101 28 anslagna
352 646 69 21 medel
443 646 69 21 skulle
531 646 32 21 till
579 646 61 27 tryck
655 646 110 21 befordras
780 649 82 24 preste-
878 647 39 21 och

87 675 171 21 bondeständens
273 675 108 26 protokoll
396 677 55 19 samt
467 675 68 26 öfriga
550 677 57 19 ännu
623 675 98 27 otryckta
734 675 126 27 handlingar
870 675 47 22 frän

87 704 128 27 landtdagen
230 704 8 21 i
253 703 70 28 Borgä
345 704 24 21 är
386 704 53 21 1809
463 703 108 22 äfvensom
588 704 25 21 de
629 704 78 21 ofrälse
729 704 100 21 ständens
845 706 71 25 proto-

87 733 44 21 koll
146 733 36 20 vid
203 733 128 26 landtdagen
347 733 24 20 är
388 733 60 25 1867,
465 733 64 20 hafva
544 732 195 27 Bankfullmäktige
755 733 22 21 ät
792 733 126 21 underteck-

87 761 42 22 nad
144 761 113 27 uppdragit
273 763 31 19 att
319 761 120 26 ombesörja
453 761 134 27 utgifvandet
603 761 22 22 af
638 761 39 21 här
690 761 145 28 föreliggande
845 763 73 26 proto-

86 790 44 21 koll
145 789 47 22 frän
207 790 160 21 Presteständet
382 790 34 21 vid
431 790 106 27 sistsagda
552 791 151 20 ständermöte.

156 819 138 21 Protokollen
317 819 62 21 hafva
398 819 7 20 i
423 819 100 21 afseende
541 819 13 21 å
572 818 102 28 ortografi
697 826 26 14 m.
743 825 26 16 m.
793 819 96 27 utgifvits
909 819 9 20 i

87 849 107 20 närmaste
215 847 216 22 öfverensstämmelse
451 848 48 21 med
521 848 40 21 den
577 847 149 28 omsorgsfulla
737 848 119 27 affattning,
871 854 47 15 som

88 877 107 21 desamma
211 876 84 21 erhållit
310 876 34 21 vid
360 876 57 21 tiden
433 876 33 21 för
481 877 62 21 deras
559 877 110 21 tillkomst.

151 905 144 28 Helsingfors,
316 905 2 21 i
333 905 120 22 November
470 906 61 21 1892.

629 963 29 21 N.
675 963 26 20 B.
719 963 128 28 Grotenfelt.
