1109 1795
328 147 166 18 Presteståndet.
520 148 55 17 1867.
600 148 27 17 80
639 149 62 16 Mars.
864 143 41 21 315

106 233 202 27 tillkännagifvande
324 233 33 20 att
371 232 150 27 ridderskapet
537 232 40 21 och
593 233 62 20 adeln
671 233 88 21 beslutit
774 235 33 19 att
823 233 111 22 remittera

106 261 78 26 nådiga
204 261 160 26 propositionen
387 260 110 27 angående
513 261 120 20 ordnandet
648 261 23 20 af
685 261 193 27 hållskjutsningen
894 262 40 20 och

105 289 177 27 gästgifverierna
304 291 55 19 samt
374 291 50 24 väg-
440 289 39 21 och
496 289 166 27 brobyggnaden
677 290 115 21 successivt
808 290 33 21 till
856 290 79 27 grund-

106 318 153 27 lagsutskottet
275 319 54 19 samt
344 318 45 26 lag-
404 317 41 21 och
460 317 226 22 ekonomieutskottet.

175 346 154 21 Antecknades.

175 488 120 25 Föredrogs
315 487 43 27 lag-
374 487 40 22 och
430 487 217 22 ekonomiutskottets
663 487 119 27 bordlagda
798 487 136 21 betänkande

107 517 7 20 i
130 516 112 27 anledning
265 515 22 21 af
309 515 59 22 Hans
390 515 120 27 Kejserliga
529 516 112 27 Majestäts
656 516 78 27 nådiga
749 516 133 27 proposition
898 521 36 16 an-

108 545 83 26 gående
206 545 184 26 vattenledningar
405 544 40 21 och
461 544 134 21 vattenverk.

176 600 30 21 På
227 601 156 26 framställning
397 600 24 21 af
434 600 49 21 herr
506 601 143 24 talemannen,
672 600 66 27 ansåg
761 600 86 22 ståndet
864 600 70 27 någon

108 628 119 22 diskussion
242 630 47 20 med
305 629 114 26 anledning
434 629 22 21 af
470 629 41 21 den
526 629 23 21 af
563 629 106 21 utskottet
683 629 7 20 i
705 629 75 26 början
795 629 24 21 af
832 629 49 21 dess
896 629 38 20 be-

107 657 107 21 tänkande
236 657 74 26 gjorda
331 658 97 20 resumén
443 657 24 21 af
480 659 85 20 senaste
581 657 113 26 landtdags
709 657 79 27 åsigter
802 657 7 21 i
824 657 76 26 frågan
915 656 19 27 ej

107 692 52 14 vara
174 685 23 21 af
210 686 76 26 nöden,
302 687 52 20 utan
370 685 108 26 öfvergick
494 686 134 21 omedelbart
643 686 34 21 till
692 685 128 28 behandling
835 685 23 22 af

176 742 46 27 81.

176 799 90 21 Prosten
287 799 77 20 doktor
387 798 85 27 Bergh
495 799 38 26 såg
556 799 32 26 sig
611 799 109 20 nödsakad
739 800 33 19 att
787 800 53 25 göra
855 804 26 15 en
897 804 37 15 an-

108 827 118 26 märkning,
248 833 45 15 som
315 827 70 26 gällde
407 827 18 26 ej
447 827 45 26 just
513 827 12 26 $
543 827 18 26 1,
577 828 52 20 utan
645 833 26 14 en
686 827 86 26 princip.
803 827 42 20 Det
859 827 75 26 gjorde

110 855 123 26 visserligen
249 855 83 22 talaren
348 856 52 21 ondt
415 857 33 19 att
463 855 81 27 nödgas
560 855 104 21 anmärka
679 857 44 19 mot
738 855 140 26 principerna,
889 861 45 15 som

109 884 35 20 vid
159 887 83 18 senaste
258 884 102 26 landtdag
377 884 68 21 blifvit
459 884 122 26 godkända,
597 890 48 15 men
661 883 40 21 den
717 883 109 21 tilltänkta
834 883 101 21 anmärk-

108 912 77 26 ningen
207 918 50 15 vore
280 912 54 21 dock
350 912 18 27 ej
384 912 24 21 så
424 912 61 27 djupt
504 912 132 27 ingripande,
652 914 33 19 att
699 911 70 27 någon
783 912 129 26 motsägelse
928 911 6 21 i

109 941 40 20 den
164 940 121 26 föreslagna
299 940 153 27 författningen
467 941 124 26 derigenom
607 941 69 20 skulle
691 940 129 21 förorsakas.
850 940 11 21 I
876 940 27 26 $8
915 941 18 24 1,

108 970 13 19 2
137 968 39 21 och
192 969 12 20 5
219 969 84 26 inginge
318 975 26 15 en
359 969 140 26 bestämning,
516 975 45 15 som
577 969 111 26 grundade
703 969 31 26 sig
748 969 28 26 på
787 975 25 14 en
825 969 6 20 i
843 968 38 21 vår
890 969 44 26 lag-

108 997 95 26 stiftning
226 1003 27 21 ny
275 997 88 27 princip.
394 998 43 20 Det
451 997 60 22 hette
526 998 7 20 i
550 998 12 26 $
581 1001 20 16 1:
617 997 181 27 ,,Underbyggare
814 997 53 20 skall
883 1003 52 14 vara

107 1025 76 27 pligtig
204 1027 33 19 att
258 1026 70 21 tillåta
350 1025 67 22 sådan
439 1027 104 26 gräfning,
565 1032 46 15 som
626 1025 34 22 för
675 1025 122 21 ändamålet
813 1025 121 21 erfordras"

108 1056 55 19 samt
178 1054 6 20 i
200 1054 12 26 $
229 1055 21 20 2:
268 1054 91 26 ,,Finnes
375 1054 59 22 diket
448 1055 64 21 lända
527 1055 78 20 honom
622 1054 195 27 (underbvggaren)
829 1053 31 21 till
872 1053 62 21 verk-

108 1082 38 26 ligt
161 1088 54 21 gagn
231 1094 28 3 —
275 1095 27 2 —
318 1095 27 2 —
361 1095 35 12 —,
411 1089 51 14 vare
483 1083 84 27 skyldig
591 1084 32 19 att
638 1083 7 20 i
660 1082 135 21 förhållande
817 1081 71 22 dertill
903 1081 31 21 uti

106 1110 125 27 gräfningen
252 1111 39 20 och
314 1111 135 22 underhållet
465 1112 106 26 deltaga',
588 1111 108 21 äfvensom
712 1111 47 20 hela
775 1111 13 26 $
804 1111 12 20 5
832 1110 56 21 hade
904 1111 31 20 ett

108 1139 99 21 liknande
229 1139 54 26 syfte
304 1139 133 21 beträffande
457 1146 87 20 granne.
575 1139 68 21 Alltsä
661 1139 67 21 mäste
743 1138 191 27 öfverbyggaren
923 1134 15 36 i

107 1169 69 19 större
192 1167 51 21 eller
258 1167 82 22 mindre
355 1168 49 21 män
421 1169 102 26 deltaga
517 1163 12 36 i
539 1168 146 21 kostnaderna
699 1167 34 21 för
747 1167 187 26 underbyggarens

107 1195 70 26 diken,
193 1195 56 21 huru
264 1196 133 27 nödvändiga
413 1197 62 20 dessa
490 1199 27 18 än
534 1197 70 20 kunde
620 1203 52 14 vara
687 1195 32 22 för
735 1195 40 21 den
796 1195 138 21 sistnämnde.

108 1223 73 26 Enligt
203 1224 76 21 hittills
302 1225 99 25 gällande
416 1225 170 26 lagstadganden
602 1225 6 20 i
624 1225 13 20 2
653 1224 40 21 och
709 1225 12 20 3
736 1224 24 27 $$
777 1224 12 20 6
805 1224 49 25 kap.
870 1223 24 21 B.
910 1223 24 21 B.

107 1252 56 21 hade
185 1252 42 21 alla
247 1252 113 27 jordägare
377 1254 56 20 varit
447 1253 88 27 pligtige
551 1255 33 19 att
599 1253 58 21 hälla
672 1252 131 27 afloppsdike
819 1252 55 21 efter
889 1251 46 21 sina

106 1281 59 25 ägor,
189 1287 48 15 men
260 1281 151 27 öfverbyggare
435 1283 55 20 varit
513 1281 140 22 oförhindrad
668 1283 33 19 att
715 1281 70 20 atleda
800 1282 72 19 vatten
887 1279 47 21 från

106 1309 46 20 sina
168 1310 52 25 ägor
234 1309 7 20 i
257 1309 174 28 underbyggarns
445 1310 85 27 färdiga
545 1310 70 21 diken.
642 1310 49 20 Men
707 1309 65 26 enligt
787 1309 41 21 den
840 1315 29 14 nu
880 1307 55 22 före-

107 1336 76 26 slagna
201 1337 153 27 författningen
376 1338 85 21 komme
483 1339 168 26 öfverbyggaren
667 1338 7 20 i
689 1338 132 20 sistnämnda
842 1336 38 21 fall
903 1338 32 19 att

106 1364 111 22 ähvälfvas
232 1366 251 28 ersättningsskyldighet
499 1366 33 22 till
548 1366 183 27 underbyggaren.
756 1366 92 20 Talaren
858 1364 77 22 trodde

106 1394 33 19 att
154 1393 69 22 denna
242 1395 252 27 ersättningsskyldighet
513 1396 3 20 i
532 1395 77 26 mänga
632 1395 37 20 fall
685 1395 84 20 komme
784 1396 33 19 att
831 1394 66 21 blifva
911 1393 24 21 sä

106 1421 141 29 betungande,
270 1425 33 19 att
325 1423 189 27 jordegendomens
537 1424 66 21 värde
626 1423 121 26 derigenom
763 1423 68 20 skulle
848 1421 86 22 rubbas.

105 1449 11 21 I
131 1455 65 16 norra
218 1451 145 26 Österbotten,
387 1454 14 18 t.
418 1458 31 15 ex.
465 1452 28 26 pä
509 1453 97 25 Limingo
622 1453 93 25 storäng,
731 1451 76 21 funnes
823 1449 113 27 milslånga

105 1478 70 21 diken.
206 1478 39 22 Om
262 1480 167 27 öfverbyggarne
445 1480 70 21 blefve
531 1480 92 27 älaggda
638 1482 33 19 att
687 1480 86 26 deltaga
787 1480 7 21 i
809 1478 126 27 gräfningen

106 1506 39 21 och
167 1507 136 22 underhället
325 1508 22 21 af
369 1509 72 26 dylika
463 1509 64 21 diken
542 1511 8 19 i
565 1509 49 21 hela
637 1509 62 20 deras
721 1508 71 26 längd,
812 1507 24 21 sä
850 1506 85 22 komme

104 1534 119 22 kostnaden
246 1539 33 18 att
298 1537 65 21 blifva
378 1537 24 21 sä
416 1537 104 26 kännbar,
537 1539 33 19 att
585 1543 27 21 ny
629 1537 159 26 skattläggning
803 1535 54 22 efter
872 1536 62 25 ägor-
