1109 1795
207 119 42 21 258
407 123 168 18 Presteståndet.
600 124 56 17 1867.
682 124 23 17 19
718 124 61 17 Mars.

178 209 51 26 ning
251 207 34 22 till
303 209 66 20 slutet
385 210 56 19 samt
457 208 175 27 omformulering
648 208 33 21 till
696 209 90 26 petition
802 208 56 21 hade
874 210 31 20 ett
920 209 90 26 mäktigt

179 237 49 26 mål,
245 237 108 21 äfvensom
368 238 33 19 att
417 237 139 26 domprosten
572 237 18 26 ej
605 237 56 20 talat
676 243 35 14 om
721 237 90 20 klander
822 237 40 21 och
874 237 72 26 dylikt,
958 239 52 19 utan

179 265 61 22 alltid
261 267 53 19 utan
329 265 94 27 fruktan,
440 267 65 24 öppet
521 265 40 21 och
576 265 65 26 enligt
656 265 49 21 med
721 265 38 21 sitt
774 267 95 19 samvete
884 266 78 21 uttalat
978 266 31 20 sin

179 294 92 25 mening.

247 349 91 21 Prosten
359 349 147 27 Grönberg
520 349 49 21 ville
585 349 56 22 fästa
656 349 218 27 uppmärksamheten
890 351 72 26 derpå,
977 352 32 19 att

180 378 67 21 redan
262 378 35 21 vid
313 380 84 19 senaste
412 379 93 26 plenum,
521 378 106 26 afgjordes
643 379 32 20 att
689 378 66 26 något
771 378 66 21 borde
852 380 63 25 göras
928 379 33 20 för
972 379 37 20 do-

179 406 208 22 nationsböndernes
408 406 106 26 befrielse,
537 406 68 21 ehuru
621 406 78 21 sådant
714 413 28 15 nu
757 406 24 21 af
794 407 66 26 några
876 407 69 21 blifvit
960 407 49 21 ifrå-

180 437 77 25 gasatt.
288 435 61 21 Hvad
365 435 118 21 utskottets
498 435 80 26 förslag
593 435 32 20 till
636 435 82 26 ingress
729 434 125 25 beträffade,
866 435 23 21 så
900 435 48 21 ville
960 442 49 19 pro-

180 465 46 20 sten
251 463 114 21 oförstäldt
381 463 70 21 uttala
467 463 32 21 sin
514 463 187 21 tillfredsställelse
718 463 93 21 dermed.
843 464 9 20 I
867 463 22 21 få
904 463 39 22 ord
959 469 49 16 vore

179 492 40 21 här
241 491 84 28 mycket
347 492 68 26 sagdt,
439 491 40 22 och
502 491 36 21 det
561 491 117 21 historiska
699 491 176 27 sammanhanget
890 492 48 21 med
954 491 54 22 före-

178 520 82 25 gående
282 520 113 25 landtdags
417 520 144 26 tillgöranden
577 519 87 27 lyckligt
679 521 82 25 antydt,
777 519 100 22 hvarföre
893 521 69 20 denna
976 520 33 21 in-

179 555 66 20 gress,
269 548 70 21 såsom
363 555 26 14 en
412 548 92 21 relation
520 547 59 22 öfver
593 547 88 27 frågans
696 548 117 21 historiska
829 549 127 26 utveckling,
971 555 38 14 var

179 577 34 20 för
228 576 195 27 framställningens
439 576 146 27 helgjutenhet
600 576 43 21 lika
659 577 72 26 nödig,
743 583 46 14 som
801 577 7 20 i
818 577 74 26 hvarje
903 577 105 26 organism

179 605 70 26 någon
272 605 48 21 dess
340 604 144 22 beståndsdel.
514 605 111 20 Utskottet
640 604 56 21 hade
712 605 128 26 ådagalaggt
855 605 28 21 all
899 605 41 21 den
955 605 54 21 und-

179 633 110 25 fallenhet,
309 639 45 15 som
376 633 113 26 rimligtvis
509 633 71 21 kunde
595 633 103 26 begäras;
715 633 18 27 ej
750 633 67 21 heller
833 633 55 21 hade
903 633 105 21 utskottet

179 662 32 21 uti
232 662 109 26 ingressen
364 661 120 22 öfverträdt
506 661 125 21 ständernes
649 661 127 27 värdighet;
799 661 100 22 hvarföre
921 663 87 25 prosten

179 690 126 26 obetingadt
320 690 86 21 röstade
421 689 34 22 för
470 690 119 26 ingressens
605 690 122 26 antagande
742 690 7 21 i
765 690 48 21 dess
829 690 79 21 helhet.

247 746 156 27 Kyrkoherden
426 745 120 22 Castrén
568 746 87 27 yrkade,
678 746 71 21 såsom
765 746 35 21 vid
821 746 129 27 föregående
965 747 43 26 ple-

179 781 57 18 num,
259 776 34 19 att
307 775 109 26 ingressen
432 774 67 21 borde
513 774 115 26 försvinna,
645 776 56 19 samt
716 775 87 20 röstade
817 775 34 20 för
867 777 31 19 ett
913 775 73 26 tillägg
1001 775 7 20 i

179 803 36 22 det
237 803 54 26 syfte
313 803 138 26 domprosten
474 803 57 26 Borg
551 803 116 26 föreslagit,
684 803 137 26 hvarigenom
837 809 27 15 en
879 803 65 26 vigtig
959 803 48 21 bom

179 838 50 15 vore
245 833 44 20 satt
303 832 46 21 mot
364 831 162 22 donatariernas
542 831 130 21 öfverdrifna
687 831 94 27 anspråk
796 831 40 21 och
852 831 125 27 fordringar.

247 887 207 27 Kontraktsprosten
478 888 77 21 doktor
577 887 122 22 Andelin
721 887 92 28 yttrade,
837 889 32 20 att
888 894 34 15 om
938 888 70 21 denna

178 917 82 26 ingress
283 917 68 20 skulle
371 922 63 15 anses
450 916 70 21 såsom
536 916 95 27 klander,
647 916 24 21 så
687 916 104 21 förblefve
807 917 40 20 den
864 916 39 21 ock
918 917 90 20 klander

179 951 34 15 om
236 945 41 20 den
298 945 99 26 flyttades
413 945 7 20 i
435 945 66 20 slutet
516 944 22 21 af
551 945 127 20 ständernas
694 951 49 14 svar
758 944 71 21 såsom
844 945 90 26 petition
949 945 7 20 i
972 945 35 20 det

178 973 121 26 föreslagna
319 973 72 27 syftet,
407 973 102 21 hvarmed
524 973 98 26 föröfrigt
637 973 55 21 intet
707 975 67 19 annat
789 973 127 26 uträttades,
933 975 27 18 än
975 975 32 19 att

178 1008 49 15 man
250 1001 147 22 åstadkomme
421 1001 95 26 uppskof
536 1001 49 21 med
607 1001 88 26 frågans
712 1001 84 26 lösning
811 1001 40 21 och
867 1001 93 21 erkände
974 1003 33 19 att

178 1030 114 21 ständerne
307 1030 19 26 ej
342 1030 71 21 kunde
428 1031 84 20 uträtta
526 1029 66 27 något
607 1030 65 21 innan
685 1030 26 21 de
723 1029 94 22 önskade
827 1029 180 28 upplysningarna

178 1059 103 21 erhållits.

245 1115 88 21 Doktor
355 1115 122 26 Lampén
492 1115 51 20 sade
559 1115 31 26 sig
605 1114 65 21 hafva
684 1115 77 26 begärt
777 1114 63 21 ordet
855 1114 33 21 för
902 1116 33 19 att
949 1115 58 26 yttra

176 1144 32 26 sig
229 1143 8 21 i
259 1149 82 16 samma
364 1143 54 26 syfte
442 1149 45 15 som
510 1143 32 26 de,
561 1143 73 21 hvilka
649 1143 112 26 föreslagit
776 1143 120 26 ingressens
912 1142 94 21 bibehål-

176 1172 70 21 lande.
275 1171 113 22 Utskottet
403 1171 54 21 hade
474 1171 39 21 här
527 1172 80 20 uttalat
622 1171 27 21 de
664 1172 114 25 principer,
794 1171 28 26 på
837 1171 73 21 hvilka
922 1171 38 20 allt
972 1171 35 20 det

175 1199 150 27 efterföljande
346 1199 93 25 hvilade,
463 1201 55 20 samt
541 1200 57 21 velat
617 1199 86 27 påpeka
717 1201 40 23 att,
776 1200 3 20 i
795 1200 82 20 saknad
892 1199 24 21 af
929 1199 26 21 de
970 1201 36 19 nö-

176 1229 49 26 diga
240 1228 187 27 upplysningarna,
444 1229 31 20 ett
489 1228 8 21 i
512 1228 65 27 detalj
591 1227 48 22 fullt
650 1228 199 21 tillfredsställande
862 1234 48 14 svar
922 1227 20 27 ej
954 1227 52 21 kun-

175 1259 38 19 nat
234 1256 101 27 afgifvas;
358 1256 67 26 något
447 1263 45 14 som
516 1257 37 20 vår
569 1257 47 20 ädle
633 1256 40 21 och
689 1257 134 20 storsinnade
840 1256 91 21 Monark
946 1256 59 26 inga-

175 1286 66 21 lunda
255 1285 72 21 kunde
343 1284 123 27 misstycka.

243 1341 92 21 Prosten
350 1341 138 21 Borenius
504 1341 52 21 sade
571 1341 32 26 sig
618 1341 66 21 redan
700 1341 64 21 hafva
780 1340 70 21 blifvit
860 1340 146 21 förekommen

175 1370 23 21 af
218 1370 51 21 herr
291 1369 105 27 biskopen
419 1369 128 26 Schauman,
570 1369 49 21 med
641 1369 86 21 hvilken
750 1370 88 25 prosten
867 1369 7 20 i
900 1369 42 20 allo
964 1368 41 21 för-

175 1399 67 21 enade
258 1398 39 27 sig.

242 1455 91 21 Prosten
356 1454 78 21 doktor
457 1454 152 26 Alopaeus:
640 1448 114 32 Åtskillige
777 1453 69 21 talare
861 1452 63 21 hafva
940 1453 64 21 redan

173 1483 107 22 försvarat
295 1483 122 26 ingressen;
431 1482 38 27 jag
483 1483 37 20 vill
536 1481 84 22 derföre
636 1483 76 20 endast
727 1482 95 26 tillägga,
838 1483 33 19 att
886 1481 28 21 då
921 1481 37 26 jag
970 1481 35 20 så-

174 1517 46 16 som
241 1512 95 21 ledamot
359 1511 7 21 i
388 1512 64 20 stats-
474 1511 40 21 och
536 1510 236 27 bevillningsutskottet
787 1510 18 26 ej
822 1509 56 22 blott
894 1509 110 26 deltagit
993 1505 14 36 i
