1109 1795
342 149 166 18 Presteståndet.
534 150 55 17 1867.
614 151 10 16 2
639 150 63 21 April.
867 145 41 21 369

176 235 206 26 Kontraktsprosten
405 235 78 21 doktor
504 234 99 21 Hellön
627 234 98 27 uppläste
745 241 64 15 mom.
831 235 21 24 h,
873 236 64 26 päpe-

107 265 70 21 kande
199 265 40 20 den
264 263 129 22 vidsträckta
415 263 103 26 rättighet
540 269 45 15 som
609 262 45 22 deri
677 269 38 15 var
736 263 70 26 gifven
830 263 108 22 bankfull-

108 293 99 26 mäktige.

178 355 90 20 Prosten
291 354 79 26 Hjelt
391 353 143 22 understödde
550 353 77 21 doktor
643 353 77 27 Bergh,
735 353 154 24 framhällande
905 356 33 20 att

108 383 27 21 de
155 382 161 27 ifrägavarande
339 384 145 19 momenterna
506 381 151 27 genomgingos
681 381 22 22 af
723 384 31 19 ett
777 383 52 20 visst
852 385 85 25 system.

108 411 95 21 Sålunda
222 410 82 22 talades
319 410 7 21 i
342 410 94 27 punkten
451 409 22 27 b)
489 416 35 15 om
538 410 118 27 insättning
671 409 22 22 af
707 411 122 26 penningar,
845 411 7 21 i
868 413 18 23 c)
903 418 35 14 om

109 439 145 27 dyrbarheter,
271 439 6 20 i
293 439 22 23 d)
337 445 34 14 om
393 438 118 27 hypoteker
534 438 40 21 och
589 439 43 26 ie)
656 444 34 15 om
712 439 170 26 diskonteringar
898 440 39 20 och

110 467 168 22 diskonträntan.
309 467 42 21 Det
373 473 46 15 som
440 473 37 14 var
487 468 104 25 upptaget
606 467 6 20 i
629 467 68 21 denna
712 467 69 26 punkt
795 473 38 15 var
848 467 90 22 sålunda

108 495 111 27 ingenting
233 497 53 25 nytt,
303 497 51 19 utan
369 501 26 15 en
411 501 148 20 noggrannare
574 494 133 27 bestämning
722 497 27 19 än
764 495 7 21 i
786 495 31 27 hb),
833 495 38 22 der
883 495 56 21 blott

109 524 7 20 i
132 524 117 21 allmänhet
264 525 60 25 säges
339 525 32 20 att
387 523 190 27 bankfullmäktige
592 523 63 22 hafva
669 525 33 19 att
717 523 65 22 värda
797 524 32 27 sig
844 530 34 15 om
888 523 51 22 ban-

109 552 52 21 kens
177 551 179 28 ändamälsenliga
371 551 133 27 förvaltning.

179 614 204 27 Kontraktsprosten
406 613 77 22 doktor
506 613 91 22 Hellen
621 613 86 26 vidhöll,
729 616 32 19 att
776 614 163 22 bankutskottet

110 643 71 20 ansett
195 642 55 21 hvad
266 649 44 14 som
326 642 95 21 förekom
436 642 7 21 i
457 642 95 27 punkten
569 643 20 24 e)
605 648 51 15 vara
671 645 102 24 upptaget
787 643 7 20 i
809 643 31 26 h),
851 643 38 21 der
901 643 38 21 allt

112 676 38 15 var
165 670 159 27 sammonfördt,
340 677 45 15 som
400 670 76 27 angick
491 670 164 22 bankrörelsens
670 671 174 23 säkerställande.

180 727 99 21 Härefter
294 727 141 22 framställdes
451 727 23 21 af
485 727 50 22 herr
547 727 135 22 talemannen
694 727 91 27 följande
797 727 140 28 proposition:

182 783 131 22 Godkännes
337 783 170 22 bankutskottets
523 783 137 21 betänkande
675 784 9 20 i
696 784 99 27 punkten
810 786 17 24 e)
844 785 96 26 oförän-

111 812 72 26 dradt,
207 813 52 20 eller
281 812 79 21 önskas
383 813 47 20 deri
453 819 26 14 en
501 812 168 27 modifikation?
692 813 25 20 de
739 819 45 14 som
808 816 82 25 antaga
905 813 35 20 det

111 841 151 26 oförändradt
277 847 65 14 svara
354 841 39 26 ja;
415 841 26 20 de
460 847 45 14 som
521 841 70 20 önska
606 848 25 13 en
647 841 151 27 modifikation
813 848 65 14 svara
896 843 43 25 nej.

181 897 131 22 Besvarades
328 897 48 22 med
393 898 26 21 13
430 897 29 27 ja
474 897 40 22 och
530 898 28 21 10
574 898 42 27 nej.

180 954 99 21 Punkten
294 954 23 27 f).
348 954 81 21 Härom
444 955 85 27 yttrade
544 954 33 27 sig

180 1011 90 21 Prosten
294 1011 77 21 doktor
392 1011 93 26 Bergh,
509 1013 33 19 att
564 1017 48 15 man
635 1011 45 21 ofta
701 1011 68 21 anfört
784 1011 156 21 betänkandets

112 1039 90 21 motiver
223 1039 70 21 såsom
316 1039 127 26 tillräckliga
463 1039 47 21 skäl
531 1039 34 21 för
588 1039 26 21 de
637 1039 146 26 förändringar
805 1045 45 16 som
866 1039 73 27 gjorts.

112 1068 76 21 Denna
203 1066 122 28 förändring
340 1073 37 15 var
392 1067 118 21 motiverad
526 1067 93 25 dermed,
636 1069 32 20 att
682 1067 134 27 provisionen
831 1074 38 15 var
884 1067 57 21 inbe-

113 1095 83 22 räknad
210 1096 7 20 i
232 1095 66 27 priset
320 1095 33 21 för
375 1096 26 21 de
421 1095 114 22 utländska
550 1095 107 22 vexlarne.
688 1096 97 21 Doktorn
801 1096 70 21 kunde
887 1095 55 22 dock

112 1124 18 27 ej
147 1124 46 21 inse
215 1123 97 22 hvarföre
328 1124 25 21 de
369 1123 113 22 utländska
506 1123 99 22 vexlarne
623 1124 70 21 skulle
708 1130 50 15 vara
772 1124 108 21 uteslutna
895 1123 47 22 från

112 1154 33 19 att
166 1151 72 22 betala
261 1152 56 21 skild
331 1152 118 26 provision;
472 1152 69 21 denna
556 1152 71 21 kunde
642 1153 19 26 ej
677 1152 49 27 ingå
741 1152 6 21 i
762 1153 73 26 priset,
852 1158 34 15 om
902 1152 40 21 den

113 1181 17 26 ej
142 1181 61 27 finge
219 1180 42 21 det.

182 1242 205 27 Kontraktsprosten
408 1243 77 21 doktor
500 1243 91 21 Hellén
607 1243 118 26 anmärkte,
741 1245 32 19 att
789 1244 69 20 denna
872 1243 72 27 provi-

112 1270 47 21 sion
175 1271 17 26 ej
209 1271 70 21 kunde
294 1271 27 26 på
336 1271 89 21 förhand
441 1271 21 22 af
477 1271 84 22 banken
577 1271 135 26 bestämmas,
729 1271 87 22 emedan
827 1272 41 21 den
879 1271 64 22 beror

113 1298 22 21 af
149 1299 136 26 vexelprisets
309 1299 128 27 omvexling;
459 1301 40 20 den
522 1299 62 22 fanns
604 1300 55 21 dock
673 1300 8 21 i
696 1300 71 26 hvarje
790 1299 98 27 notering
904 1299 39 22 och

112 1327 148 21 inkasserades
276 1327 22 21 af
311 1327 90 22 banken.

182 1388 84 22 Doktor
281 1388 82 27 Bergh
379 1390 65 26 ansåg
460 1392 33 19 att
508 1390 24 21 så
547 1389 84 28 mycket
643 1391 70 20 större
723 1389 45 22 skäl
780 1389 122 22 förefunnes
912 1391 32 20 att

112 1417 103 21 särskildt
231 1417 117 21 bestämma
364 1418 68 21 denna
447 1418 114 27 provision,
577 1418 40 21 och
628 1420 31 19 att
671 1418 189 27 bankfullmäktige
870 1418 74 27 gjorde

113 1445 42 21 det.
186 1445 44 21 För
245 1445 63 27 öfrigt
323 1452 50 15 vore
388 1446 67 21 saken
471 1446 116 28 obetydlig.

183 1507 90 22 Prosten
294 1508 135 21 Borenius
451 1508 106 21 instämde
582 1508 51 26 deri,
649 1510 32 19 att
697 1508 64 21 saken
777 1514 37 15 var
829 1507 116 28 obetydlig,

114 1541 48 15 men
177 1535 71 22 kunde
263 1535 46 22 icke
325 1536 66 21 förstå
405 1536 99 22 hvarföre
520 1543 49 15 man
583 1536 17 27 ej
615 1536 48 22 ville
675 1536 58 22 hålla
745 1537 31 26 sig
787 1536 32 21 till
832 1535 40 22 den
883 1536 63 22 enkla

856 1575 22 18 24
