1109 1795
195 147 41 21 312
399 151 167 18 Presteståndet.
592 152 55 17 1867.
671 153 27 16 80
711 153 62 16 Mars.

166 238 61 21 detta
247 237 84 22 utskott
351 237 33 21 till
406 237 51 27 följe
473 237 23 21 af
509 238 48 21 dess
580 237 64 26 insigt
659 237 7 21 i
681 237 87 27 frågans
784 237 91 27 detaljer
890 238 48 21 bäst
953 238 42 21 kan

166 266 93 22 bedöma
274 266 56 21 hvad
341 272 45 15 som
398 265 39 22 har
450 267 80 20 största
542 265 67 27 utsigt
621 267 33 19 att
666 265 24 22 af
701 266 90 21 stånden
804 265 66 22 blifva
880 266 115 27 godkändt.

236 295 41 20 Vid
293 294 63 21 ofvan
372 294 141 21 omförmälda
528 293 133 22 förhållande
677 300 63 21 synas
755 294 78 27 många
848 295 46 21 skäl
907 295 44 21 tala
963 294 33 22 för

167 324 32 20 att
222 323 26 20 de
271 322 108 21 allmänna
399 323 90 23 utskott,
512 322 73 21 hvilka
607 322 246 27 landtdagsärendernas
880 323 116 27 beredning

166 351 70 21 blifvit
251 350 24 21 af
289 350 119 22 Ständerna
428 351 131 26 anförtrodd,
575 357 76 20 genom
667 351 199 27 protokollsutdrag
881 351 65 22 undfå
962 352 33 21 del

167 379 24 22 af
211 379 101 21 ståndens
335 379 45 21 deri
401 379 102 26 vidtagna
526 379 75 26 beslut,
617 379 7 20 i
639 379 73 21 stället
735 381 38 20 att.
797 379 71 22 såsom
890 380 107 21 härintills

167 408 64 26 skett,
255 407 67 22 sådan
345 407 158 22 underrättelse
525 407 108 22 meddelas
649 408 254 26 Expeditionsutskottet.
932 408 64 21 Näst-

167 436 92 21 nämnde
274 436 123 21 förfarande
412 436 83 21 medför
510 436 105 26 nemligen
631 436 40 21 den
688 436 115 27 olägenhet
817 438 34 19 att
866 437 33 26 då,
915 436 27 27 på
952 438 44 19 sätt

168 465 100 21 stundom
283 464 102 27 inträffat,
401 465 70 26 någon
486 464 60 27 fråga
561 463 24 22 af
598 466 31 19 ett
644 464 53 21 eller
712 466 66 19 annat
788 465 64 21 stånd
863 465 31 21 till
907 465 89 20 Utskott

169 493 174 26 återremitteras,
366 499 48 15 men
437 493 23 21 af
481 493 66 20 andra
570 492 62 21 stånd
655 493 101 26 slutligen
771 493 94 26 afgöres;
881 493 54 21 både
960 493 36 21 det

167 521 98 24 Utskott,
288 527 45 15 som
356 521 91 26 tidigare
470 521 103 26 handlagt
587 521 83 26 frågan,
687 521 40 21 och
743 521 252 26 Expeditionsutskottet,

168 550 107 21 hvardera
290 549 47 21 från
353 550 58 21 olika
425 549 52 26 håll,
492 549 78 21 anlitas
581 555 34 15 om
626 550 100 21 ärendets
736 550 126 27 ytterligare
872 549 123 28 beredning,

169 579 52 20 utan
237 579 32 20 att
284 578 118 26 någotdera
417 578 113 21 Utskottet
544 578 43 21 kan
603 578 99 26 slutligen
718 578 63 26 lägga
795 578 58 21 hand
869 578 78 21 dervid.

238 606 43 21 För
297 608 32 19 att
346 606 145 27 åvägabringa
512 606 65 27 nödig
593 606 64 21 enhet
673 606 129 21 härutinnan
817 607 40 20 och
873 607 101 26 derjemte
989 607 7 20 i

169 634 70 27 någon
261 635 49 21 mån
330 635 111 26 påskynda
463 635 130 20 ärendernas
617 634 130 27 behandling
767 635 33 21 får
823 635 173 26 Expeditionsut-

170 663 81 22 skottet
272 663 63 26 förty,
351 664 7 20 i
374 663 219 21 öfverensstämmelse
609 663 79 25 jemväl
704 663 48 21 med
768 663 55 21 hvad
840 663 26 21 68
882 663 11 27 &
909 663 31 20 uti
956 663 39 21 den

170 691 121 22 Ständerna
313 692 34 20 vid
372 692 69 20 denna
455 691 103 27 landtdag
573 691 70 21 såsom
659 691 65 27 nådig
739 692 133 26 proposition
887 691 110 27 förelagda

169 719 216 27 Landtdagsordning
411 719 123 24 innehåller,
561 720 110 21 vördsamt
696 719 79 22 föreslå
800 722 33 19 att
859 720 137 26 Högvördiga

169 748 164 21 Prestaståndet
347 749 49 20 ville
412 748 7 21 i
434 748 72 26 hvarje
522 749 85 21 ärende,
622 754 46 15 som
684 748 71 21 blifvit
769 748 24 21 af
807 748 89 21 allmänt
908 748 89 21 Utskott

170 776 123 27 handlagdt,
316 783 77 20 genom
413 777 197 26 protokollsutdrag
632 777 127 20 underrätta
775 777 59 20 detta
849 783 34 14 om
898 776 98 27 Högvör-

171 805 48 26 diga
234 805 172 21 Prestaståndets
421 805 71 21 beslut
507 807 55 19 samt
577 807 32 19 att
625 805 36 21 det
675 805 56 26 finge
743 805 12 21 å
765 805 132 21 sistnämnda
908 805 89 21 Utskott

170 833 114 21 ankomma
299 835 38 22 att,
354 833 27 21 då
396 833 109 26 pluralitet
520 833 23 21 af
557 833 101 21 ståndens
674 833 110 27 meningar
799 839 51 15 vore
865 833 83 26 utredd,
964 833 32 21 till

170 861 246 27 Expeditionsutskottet
437 862 34 21 för
488 861 86 27 frågans
589 862 87 26 slutliga
692 861 118 27 beredning
826 861 129 22 öfverlemna
970 862 27 21 de

171 890 45 21 deri
231 890 112 21 tillkomna
359 890 148 27 handlingar".

240 946 62 21 Hvad
324 946 239 27 expeditionsutskottet
583 946 90 21 sålunda
693 946 116 27 föreslagit,
826 945 49 25 blef,
890 945 28 27 på
933 945 65 22 fram-

171 974 64 21 ställd
251 975 139 26 proposition,
406 975 23 20 af
443 975 84 20 ståndet
540 975 103 26 enhälligt
653 975 94 21 bifallet:
761 975 103 20 skolande
875 981 54 19 resp.
941 975 56 20 med-

171 1003 91 21 stånden
276 1009 76 20 genom
369 1003 124 26 deputation
510 1003 38 21 och
564 1003 205 26 protokollsutdrag,
785 1005 57 18 samt
857 1003 141 26 expeditions-

171 1031 106 22 utskottet
292 1031 124 22 förmedelst
431 1031 202 27 protokollsutdrag,
650 1031 75 22 härom
741 1031 144 22 underrättas.

241 1172 120 27 Föredrogs
372 1173 233 27 kyrkolagsutskottets
617 1173 136 22 betänkande
766 1174 7 20 i
786 1173 113 26 anledning
910 1173 22 20 af
940 1173 60 20 Hans

173 1201 120 26 Kejserliga
308 1201 113 27 Majestäts
436 1202 77 26 nådiga
528 1202 139 26 proposition,
683 1202 110 27 angående
809 1209 27 20 ny
852 1201 102 27 kyrkolag
966 1201 34 21 för

173 1229 25 22 de
214 1229 243 27 evangelisk-lutherska
472 1230 178 27 församlingarna
665 1231 7 20 i
688 1231 79 21 landet.

241 1287 118 20 Bordlades
375 1287 32 20 till
423 1289 62 19 nästa
500 1287 93 26 plenum.

241 1343 30 21 På
287 1343 157 27 framställning
459 1344 23 20 af
494 1343 50 21 herr
559 1344 143 24 talemannen,
718 1344 83 20 beslöts
815 1345 33 18 att
861 1343 139 31 nästnämnde

172 1370 135 23 betänkande
322 1372 69 21 skulle
407 1372 33 21 till
455 1372 130 26 behandling
595 1372 116 27 företagas,
723 1372 85 21 såsnart
818 1371 78 26 nådiga
906 1376 94 21 proposi-

172 1400 72 21 tionen
266 1399 109 27 angående
398 1401 185 26 vattenledningar
605 1401 40 20 och
660 1400 127 22 vattenverk
802 1399 76 21 hunnit
894 1399 107 24 slutföras,

173 1428 38 21 och
227 1427 46 22 före
289 1428 175 22 bankutskottets
481 1429 142 21 betänkande.
