1109 1795
324 122 167 19 Presteståndet.
516 123 57 18 1867.
597 124 26 16 22
635 124 60 16 Mars.
864 121 39 20 271

173 209 143 26 Domprosten
338 209 74 26 Borg
435 209 96 21 uttalade
546 209 33 26 sig
594 208 34 21 för
644 209 36 20 det
695 209 23 20 af
732 209 79 22 doktor
825 210 109 27 Alopaeus

104 237 75 27 gjorda
200 237 87 26 förslag,
305 237 71 21 såsom
399 237 78 26 enkelt,
500 237 59 21 klart
581 237 39 21 och
643 237 148 27 fullkomligen
812 239 120 22 ändamäls-

104 266 73 26 enligt.

172 322 126 21 Professorn
314 321 77 22 doktor
406 321 110 22 Geitlin
531 321 95 28 yttrade:
643 321 72 22 ibland
727 323 25 20 de
763 323 79 27 många
852 323 80 28 förslag

104 357 45 15 som
165 349 132 23 beträffande
313 350 40 21 här
368 350 163 26 ifrågavarande
546 351 70 25 punkt
631 349 68 22 finnas
714 350 142 28 framställda,
872 352 60 22 såväl

103 379 57 21 inom
176 379 149 26 ridderskapet
340 378 39 21 och
395 378 62 21 adeln
473 384 46 15 som
534 378 167 27 prestaståndet,
718 385 62 15 anser
798 380 37 26 jag
853 381 79 20 doktor

103 407 88 22 Helléns
206 407 81 26 förslag
301 414 51 14 vara
368 407 36 21 det
419 407 178 27 fullständigaste.
627 407 50 21 Alla
692 408 183 26 omständigheter
893 410 37 20 äro

104 436 46 21 deri
165 436 135 27 ihågkomna,
317 435 61 21 äfven
394 436 47 25 den,
457 436 33 20 att
504 436 105 20 frånskild
624 436 63 20 maka
703 436 73 25 finnes,
793 442 45 15 som
854 438 19 25 ej
891 437 40 20 har

103 463 70 28 någon
189 464 103 27 rättighet
307 464 6 20 i
329 463 34 26 bo,
379 465 56 19 samt
449 465 33 20 att
497 464 55 21 enka
565 464 52 21 eller
628 464 86 27 enkling
723 464 33 21 får
766 465 64 21 ställa
842 465 88 26 borgen,

103 491 74 22 hvilka
190 493 7 20 i
212 492 67 27 några
293 492 68 21 andra
376 492 80 27 förslag
472 492 19 27 ej
506 492 57 27 ingå.

171 549 85 21 Doktor
277 549 92 26 Bergh:
388 549 37 26 jag
447 555 64 15 anser
531 549 35 20 för
581 549 43 20 min
640 549 35 20 del
691 549 76 20 doktor
783 549 90 27 Alopaei
888 550 43 21 för-

103 577 52 26 slag,
171 577 56 21 hvad
243 579 97 24 prestens
355 577 135 21 förhållande
506 576 109 27 beträffar,
632 577 90 26 kortast,
739 577 84 22 enklast
838 578 40 21 och
898 579 33 20 äf-

102 611 40 15 ven
158 607 55 19 mest
227 606 118 26 praktiskt;
360 611 49 15 men
425 605 27 21 då
473 605 36 22 det
531 605 54 21 lider
603 605 24 21 af
647 605 182 27 ofullständighet,
853 607 78 21 under-

103 633 82 27 stödjer
205 633 37 27 jag
263 634 7 21 i
293 634 42 21 allo
355 634 37 21 det
415 633 23 22 af
458 633 78 22 doktor
559 634 76 21 Hellén
659 633 149 22 formulerade.
840 635 91 21 Prosten

102 662 71 27 Hjelts
188 662 80 27 förslag
283 663 54 20 lider
351 662 28 21 af
389 663 37 20 två
441 661 212 28 ofullständigheter;
670 662 37 21 det
728 663 69 21 heter:
821 669 35 15 om
879 663 51 21 tvist

102 690 97 27 uppstår,
214 697 45 15 som
275 697 19 15 o.
311 697 15 14 s.
343 697 26 19 v.;
384 697 49 14 men
448 691 76 20 hinder
540 691 42 20 kan
597 690 68 21 finnas
681 693 51 18 utan
747 693 33 19 att
803 692 52 21 tvist
876 698 54 20 upp-

103 719 54 26 står;
173 719 40 21 och
227 719 34 21 för
277 719 36 21 det
327 719 68 21 andra
409 719 43 21 kan
474 719 140 21 tillställande
636 718 22 21 af
681 719 249 27 afvittringsinstrument

102 747 18 27 ej
137 747 62 22 alltid
213 747 134 27 verkställas,
363 747 90 22 emedan
469 747 69 26 öfriga
553 747 108 27 arfvingar
681 747 44 21 ofta
749 749 36 20 äro
809 748 121 26 skingrade,

103 775 58 24 eller,
185 775 70 22 säsom
277 775 60 22 fallet
356 777 24 20 är
395 776 7 21 i
417 776 112 27 sjöstäder,
546 775 29 27 pä
589 782 60 15 resor
664 776 33 20 till
711 776 104 21 utlandet.
846 776 84 21 Doktor

102 803 88 22 Hellöns
205 803 80 28 förslag
301 806 24 19 är
341 805 36 20 det
391 804 181 27 fullständigaste,
589 810 25 15 en
630 804 39 21 sak
685 810 44 15 som
745 810 50 15 vore
810 805 34 20 väl
855 804 75 21 behöf-

102 832 36 26 lig,
154 833 89 20 emedan
259 832 149 22 erfarenheten
423 833 56 21 visat
493 834 33 19 att
540 833 89 26 jurister
644 832 47 22 icke
707 834 36 19 äro
767 833 163 21 hemmastadda

102 861 6 20 i
124 860 209 27 äktenskapsfrägor.

169 917 85 21 Doktor
275 917 101 21 Hellön
398 917 56 26 ville,
474 918 3 20 i
492 917 103 22 händelse
620 917 50 22 herr
693 917 131 22 Grotenfelts
848 917 81 27 förslag

101 947 88 25 antoges
205 946 48 21 med
269 946 74 26 tillägg
358 945 23 22 af
395 945 78 22 doktor
487 945 85 27 Alopxi
582 945 153 27 modifikation,
746 945 57 22 fästa
812 946 117 26 uppmärk-

100 974 111 21 samheten
226 974 36 21 vid
277 980 26 15 en
318 974 144 27 misskrifning
477 975 7 20 i
502 976 9 19 1
528 975 12 26 &
557 974 23 21 af
593 974 152 26 betänkandet,
758 975 37 20 der
809 974 36 21 det
857 974 71 21 heter:

101 1002 67 25 »hvar
191 1008 45 15 som
258 1002 99 21 häremot
378 1003 74 26 bryter
474 1003 64 21 hafve
560 1003 110 21 förverkat
693 1009 26 14 en
740 1003 104 26 tredjedel
859 1002 23 21 af
896 1003 32 20 sin

100 1030 98 27 giftorätt
213 1031 7 20 i
235 1031 51 21 boet
307 1031 33 20 till
360 1031 41 21 den
417 1031 68 21 andra
500 1031 85 22 maken.
614 1031 67 21 Detta
696 1037 50 15 vore
760 1030 170 27 uppenbarligen

100 1061 31 19 ett
153 1059 22 20 af
194 1059 106 21 utskottet
319 1059 40 21 och
374 1061 138 20 reservanten
527 1059 107 26 begänget
649 1059 141 25 förbiseende,
807 1059 7 21 i
830 1059 36 21 det
880 1059 50 21 med

100 1087 108 27 uttrycket
231 1088 78 27 yandra
331 1087 88 22 maken”
442 1088 137 27 naturligtvis
601 1087 47 22 icke
670 1087 70 27 någon
760 1093 69 16 annan
845 1089 27 19 än
888 1087 41 21 den

100 1121 75 16 senare
197 1116 76 21 maken
295 1116 72 21 kunde
387 1116 86 21 förstås.
502 1116 11 21 I
528 1117 63 20 ställe
605 1116 34 21 för
655 1116 91 26 ,andra*
761 1116 67 21 borde
844 1115 85 22 derföre

99 1144 91 21 insättas
205 1144 62 21 ordet
281 1144 90 27 ,förra.*

167 1200 92 21 Prosten
273 1200 127 21 Hofdahl
416 1201 99 22 biträdde
532 1201 78 22 doktor
625 1201 89 21 Helléns
729 1201 86 26 förslag,
825 1206 49 15 men
885 1200 43 21 för-

99 1228 80 22 ordade
201 1229 109 26 derjemte,
326 1231 33 19 att
381 1229 26 22 de
425 1229 59 22 bevis
503 1231 71 20 rätten
591 1229 51 22 eller
657 1229 48 22 dess
721 1229 129 21 ordförande
866 1229 62 20 skola

97 1256 77 27 lemna,
195 1257 53 21 böra
271 1257 151 22 kostnadsfritt
445 1257 96 28 afgifvas,
558 1258 89 21 emedan
671 1264 78 15 annars
770 1257 29 27 på
821 1257 107 26 allmogen

97 1285 41 21 blir
153 1285 50 27 lagd
219 1291 26 15 en
260 1292 27 21 ny
302 1285 62 27 afgift
379 1285 24 22 af
418 1287 9 20 1
445 1293 27 16 m.
489 1287 13 20 8
518 1293 26 21 p.,
561 1286 87 22 hvilken
663 1286 45 21 förr
723 1286 46 21 icke
786 1285 88 22 funnits.

166 1341 85 22 Doktor
266 1343 142 25 Alopaeus
423 1343 96 21 bemötte
536 1342 78 22 doktor
629 1343 79 25 Bergh,
722 1348 45 16 som
783 1343 48 25 sagt
846 1343 32 19 att
894 1343 33 19 ta-

96 1370 70 21 larens
186 1370 80 27 förslag
280 1376 51 16 vore
347 1371 154 26 ofullständigt.
533 1372 33 21 De
582 1371 188 26 omständigheter,
786 1370 74 21 hvilka
875 1370 51 20 dok-

95 1400 34 19 tor
145 1399 77 21 Hellén
238 1399 77 25 anfört,
332 1399 70 22 såsom
417 1400 97 26 görande
529 1400 110 27 afvittring
654 1399 93 27 omöjlig,
760 1401 15 19 t.
787 1405 32 15 ex.
831 1398 27 22 då
868 1397 58 22 från-

95 1426 56 21 skild
166 1427 63 21 make
244 1428 37 20 vill
296 1428 62 21 träda
373 1429 7 20 i
395 1429 48 26 nytt
457 1429 59 26 gifte,
532 1435 52 15 voro
599 1429 7 20 i
621 1429 103 25 förslaget
739 1427 97 25 afsedda;
852 1428 24 25 ty
891 1432 34 14 om

96 1455 74 21 hvilka
192 1455 117 22 hindrande
333 1457 184 26 omständigheter
540 1463 45 15 som
605 1457 56 21 helst
675 1457 138 25 förekomma,
829 1455 25 21 så
868 1454 58 27 pröf-

92 1483 54 22 vade
162 1485 71 20 rätten
249 1485 116 21 desamma.
