1109 1795
346 127 166 18 Presteståndet.
537 127 56 18 1867.
617 128 12 16 4
642 127 63 22 April.
868 123 41 20 463

115 213 104 22 öfvertala
234 214 30 19 ett
279 212 52 21 barn
347 214 32 19 att
394 212 52 27 följa
461 213 49 20 med
527 212 39 21 och
582 212 89 21 sålunda
687 212 135 27 undanrycka
838 213 36 21 det
890 213 46 26 kyr-

114 242 53 21 kans
182 241 58 21 vård.
270 241 47 20 Ifall
332 241 82 26 kyrkan
430 241 19 26 ej
465 241 104 20 hindrade
585 241 82 24 sådant,
689 240 23 21 så
730 241 67 21 skulle
816 242 44 21 hon
878 241 58 21 likna

115 271 40 21 den
178 270 79 25 moder,
281 275 44 15 som
347 269 96 26 frivilligt
466 269 157 21 öfverlemnade
646 270 38 20 sitt
706 269 53 21 barn
779 269 23 21 åt
817 271 119 26 zigenarne.

114 299 90 21 Talaren
220 297 65 27 ansåg
301 298 82 21 derföre
399 299 32 20 att
447 298 12 27 &
476 298 66 21 borde
558 298 7 20 i
581 298 64 21 slutet
657 297 82 22 erhålla
749 298 92 27 följande
853 299 82 27 tillägg:

115 327 91 26 »Derest
221 327 42 20 han
278 327 84 26 myndig
377 328 43 19 är".

183 383 204 27 Kontraktsprosten
411 383 78 21 doktor
512 383 90 21 Hellén
625 383 77 21 trodde
720 385 37 24 att,
773 383 54 22 efter
850 385 42 20 den
915 384 22 21 af

115 414 137 24 domprosten
274 412 55 26 Borg
352 411 81 27 afgifna
455 411 125 28 förklaring,
596 411 21 22 få
640 412 71 21 kunde
731 411 27 21 ha
773 411 65 27 något
853 414 33 20 att
901 420 35 14 an-

114 442 75 19 märka
212 442 56 19 emot
291 441 68 20 denna
381 441 24 26 $;
426 446 48 15 men
491 440 28 21 då
534 440 41 21 den
591 441 22 20 af
627 440 24 21 så
667 440 76 25 många
758 440 69 21 blifvit
842 442 94 20 missför-

115 469 68 26 stådd,
199 469 74 21 funnes
289 469 70 20 dertill
374 468 90 27 troligen
480 469 70 26 någon
567 469 70 20 orsak.
659 469 50 20 Man
720 469 69 21 kunde
800 469 40 21 lätt
851 469 85 21 komma

115 497 27 26 pä
158 498 39 21 den
214 498 77 20 tanken
306 499 32 19 att
354 497 37 21 här
407 497 60 21 äfven
482 503 51 15 vore
549 497 60 26 fråga
625 503 34 15 om
675 497 54 24 dem,
741 503 44 15 som
797 498 138 26 ,utspridde'*

115 526 124 21 villfarande
255 526 113 26 meningar.
398 526 53 21 1845
468 525 35 21 års
518 525 198 27 kyrkolagsförslag
731 532 49 15 vore
795 527 6 20 i
817 526 70 21 denna
902 527 33 20 del

115 555 134 21 bestämdare
265 555 37 20 och
318 555 109 26 tydligare.

183 611 152 27 Kyrkoherden
355 611 67 21 Roos
441 611 85 26 yttrade
547 611 36 21 det
601 611 42 20 han
662 611 69 21 blifvit
751 611 148 22 missförstådd
914 612 23 21 af

115 640 134 26 domprosten
265 640 60 26 Borg.
356 639 131 22 Prestmötet
502 640 7 20 i
525 634 46 27 Åbo
588 639 55 22 hade
659 640 46 21 icke
719 642 70 19 ansett
799 640 135 21 uteslutande

114 668 47 21 från
184 669 91 26 kyrkans
297 669 128 26 gemenskap
447 668 54 21 höra
524 668 33 21 till
575 668 146 27 kyrkotukten
737 669 39 20 och
789 668 44 27 just
850 669 84 21 derföre

114 697 55 21 hade
191 697 81 20 talaren
296 696 26 27 på
341 697 58 20 detta
417 697 62 20 ställe
494 697 100 26 upptagit
608 697 81 26 frågan.
720 697 142 26 Domprosten
878 698 56 26 Borg

114 725 39 22 och
169 725 132 27 vicepastorn
316 725 105 21 Johnsson
437 725 55 21 hade
512 727 71 19 ansett
606 725 135 21 uteslutande
765 725 96 27 omöjligt
876 726 7 21 i
898 733 36 13 an-

114 756 37 19 nat
173 754 36 21 fall
233 755 26 19 än
282 755 31 19 att
335 753 69 27 någon
420 753 115 27 sjelfvilligt
550 754 49 20 ville
613 754 94 21 utträda.
738 753 42 22 För
795 754 69 21 denna
880 754 54 27 åsigt

113 783 76 20 funnes
212 782 53 21 dock
288 782 48 26 inga
358 782 65 21 bevis.
453 782 86 21 Kristus
562 782 49 26 sjelf
627 782 55 21 hade
698 783 53 25 tagit
766 783 63 26 gissel
846 783 39 21 och
900 785 33 18 ut-

114 811 72 21 drifvit
201 817 25 14 ur
241 811 87 26 templet
343 811 47 20 dem
407 817 44 14 som
467 810 60 21 sålde
543 811 40 20 och
598 811 72 26 köpte,
690 811 39 20 och
748 811 122 26 apostlarne
888 813 45 19 ute-

114 839 56 21 slöto
193 839 26 21 de
243 839 132 26 obotfärdiga
397 839 54 21 ifrån
473 839 153 26 församlingen
650 839 39 21 och
712 839 155 22 öfverlemnade
886 840 47 21 dem

114 869 61 19 satan
190 868 7 21 i
213 867 54 22 väld.
297 867 49 22 Man
361 868 70 21 kunde
447 868 125 26 visserligen
587 868 92 21 invända
691 870 32 19 att
734 868 123 26 apostlarna
867 868 66 21 hörde

113 896 33 21 till
169 896 113 21 katholska
304 896 81 27 kyrkan
409 896 39 21 och
471 896 18 27 ej
506 896 33 21 till
554 896 248 27 evangelisk-lutherska.
832 897 11 20 I
858 897 76 20 sådant

113 924 37 21 fall
171 925 69 20 kunde
261 925 38 20 här
313 925 19 26 ej
348 924 65 21 blifva
427 924 60 27 fräga
503 930 34 15 om
553 925 70 26 nägon
638 925 137 26 uteslutning,
791 926 52 20 utan
859 925 75 21 endast

114 959 33 15 om
162 953 187 21 excommunicatio
365 953 68 21 minor
448 953 7 21 i
471 953 49 26 kap.
538 953 33 21 13.

172 1010 212 26 Kontraktsprosten
401 1010 71 21 Siren
487 1010 86 27 yttrade
589 1010 37 21 det
641 1009 70 27 någon
719 1010 105 25 anmärkt,
836 1012 32 19 att
884 1017 48 14 man

113 1039 19 25 ej
146 1038 87 21 förstätt
248 1039 131 26 paragrafen.
404 1039 90 20 Rättare
510 1039 56 20 hade
582 1039 54 20 dock
652 1039 55 20 varit
723 1040 31 19 att
769 1040 56 25 säga,
838 1039 36 20 det
885 1045 48 14 man

113 1067 18 26 ej
147 1067 57 21 velat
218 1067 67 21 förstä
300 1067 45 25 den,
363 1067 87 21 emedan
466 1073 50 15 man
532 1067 18 26 ej
570 1069 43 19 satt
636 1067 77 21 andras
736 1067 38 21 ord
796 1067 27 26 pä
846 1067 86 21 minnet.

113 1095 48 21 Man
177 1095 54 21 hade
247 1095 68 21 funnit
330 1095 36 22 det
381 1095 106 26 underligt
503 1097 32 19 att
550 1096 65 20 ställa
629 1096 68 20 under
709 1095 117 27 kyrkotukt
837 1096 40 20 den
888 1102 44 15 som

112 1124 48 21 ville
183 1124 46 21 frän
252 1124 81 27 kyrkan
356 1124 62 27 skilja
440 1125 38 25 sig.
510 1124 78 21 Derom
611 1124 55 21 hade
689 1124 55 21 dock
763 1124 18 26 ej
797 1124 55 21 varit
866 1123 66 28 fräga,

112 1155 51 18 utan
186 1153 55 20 blott
263 1153 54 20 huru
340 1153 35 20 det
398 1153 68 20 skulle
489 1152 92 21 förfaras
602 1153 46 20 med
669 1153 54 24 dem,
739 1159 45 14 som
800 1153 72 26 sjelfve
887 1153 45 20 icke

112 1181 48 21 ville
177 1181 92 20 utträda.
299 1181 45 20 Här
359 1181 49 21 ville
423 1181 62 26 ingen
502 1181 97 26 tillämpa
614 1183 81 19 satsen:
721 1181 64 20 Nulla
801 1181 57 21 salus
873 1183 60 19 extra

113 1209 116 25 ecclesiam,
245 1209 46 21 icke
305 1209 66 22 heller
387 1209 54 22 hade
457 1209 70 27 någon
542 1210 33 21 för
591 1209 64 27 afsigt
671 1211 32 19 att
724 1209 107 27 upphäfva
846 1211 12 24 $
876 1211 17 20 1.
923 1210 10 20 I

112 1238 69 21 denna
197 1239 10 25 &
223 1237 81 22 talades
327 1244 34 15 om
386 1239 54 24 dem,
460 1244 46 15 som
522 1238 85 27 ,hyste*
623 1237 125 22 villfarande
763 1239 119 26 meningar;
898 1238 7 21 i
920 1239 12 24 8

113 1267 40 20 104
169 1266 46 21 åter
230 1273 33 14 om
279 1267 46 20 dem
341 1273 45 14 som
403 1267 119 26 ,yttrade'.
554 1266 49 21 Men
621 1267 56 20 huru
701 1267 67 20 skulle
790 1273 49 14 man
861 1267 72 20 kunna

112 1297 48 19 veta
175 1296 32 19 att
222 1295 69 26 någon
314 1295 60 26 hyste
395 1295 127 21 villfarande
543 1296 110 26 meningar
676 1295 44 21 ifall
742 1295 42 21 han
807 1295 18 26 ej
848 1296 84 26 yttrade

112 1324 54 20 dem.
195 1323 34 20 Nu
245 1326 69 24 syntes
330 1323 23 21 af
369 1324 39 20 104
423 1324 39 21 och
480 1324 40 21 105
537 1324 25 26 $$
578 1325 32 20 att
629 1324 47 25 den,
693 1330 44 15 som
760 1324 84 26 yttrade
866 1323 66 21 villfa-

112 1351 65 21 rande
192 1352 115 26 meningar,
322 1358 51 14 vore
388 1352 114 21 hemtallen
512 1352 68 20 under
590 1352 123 26 kyrkotukt.
739 1352 32 20 De
781 1352 57 21 facto
849 1352 83 20 komme

112 1380 81 21 således
208 1380 143 27 kyrkotukten
366 1380 62 21 äfven
443 1382 34 20 att
492 1380 109 27 tillämpas
616 1380 27 27 på
659 1381 54 25 dem,
730 1386 45 15 som
796 1380 136 22 omnämndes

110 1409 8 20 i
133 1409 69 20 denna
213 1409 18 25 8.
263 1409 88 21 Derföre
366 1409 66 21 borde
448 1409 40 21 ock
504 1409 39 20 här
558 1409 99 21 hänvisas
672 1409 32 21 till
720 1410 11 25 $
748 1410 45 20 105.
824 1409 43 21 Det
882 1415 50 14 vore

111 1438 31 19 ett
165 1438 47 20 rent
235 1437 146 22 missförstånd
404 1439 32 19 att
459 1440 33 18 tro
516 1438 37 21 det
571 1439 9 19 1
597 1439 12 24 &
625 1438 123 27 härigenom
767 1437 28 27 på
809 1437 65 26 något
890 1439 42 18 sätt

111 1465 67 21 skulle
194 1465 128 27 upphäfvas;
339 1468 90 19 tvertom
445 1465 69 22 skulle
530 1466 41 21 den
587 1465 100 26 befästas,
703 1466 28 21 då
740 1472 49 15 man
801 1466 55 21 hade
867 1467 65 24 utväg

111 1495 32 20 att
158 1493 93 27 aflägsna
267 1494 53 26 dem,
336 1501 45 14 som
397 1495 99 20 bestredo
513 1495 48 20 dess
577 1495 94 26 sanning.
703 1495 37 20 Ett
760 1495 74 26 tillägg
850 1494 6 21 i
872 1494 60 21 detta

111 1521 53 27 syfte
180 1529 49 14 vore
245 1523 46 21 icke
306 1523 86 26 vådligt,
408 1525 52 18 utan
475 1523 138 26 nödvändigt.
