1109 1795
339 134 165 18 Presteståndet.
530 135 55 16 1867.
610 135 12 16 8
635 135 63 21 April
862 129 41 21 393

106 221 99 22 afseende
221 221 70 20 lemna
306 220 36 21 det
357 219 12 21 å
385 220 52 24 sido,
453 219 24 21 så
493 219 95 22 önskade
601 219 38 27 jag
654 219 60 26 dock,
727 221 33 20 att
771 221 36 21 det
817 220 116 21 ständerna

106 256 29 15 nu
149 249 112 26 förelagda
275 248 138 27 lagförslaget
428 248 18 26 ej
463 248 69 21 skulle
548 248 81 21 lemnas
644 248 107 21 beroende
766 249 33 21 till
815 255 25 15 en
857 248 76 21 osäker

106 278 93 25 framtid,
215 279 52 19 utan
282 283 29 14 nu
325 276 115 27 genomgäs
456 276 39 21 och
511 277 6 20 i
534 277 32 20 sin
582 276 72 21 helhet
669 277 127 21 diskuteras.
826 277 106 20 Hvarföre

104 307 38 26 jag
164 306 61 21 äfven
241 305 120 26 ödmjukast
377 304 96 21 anhåller
487 306 33 19 att
536 304 21 21 få
572 306 58 25 yttra
645 305 42 26 mig
703 311 34 14 om
752 305 134 26 principerna
900 305 33 21 för

108 335 59 20 detta
189 333 122 26 lagförslag.
341 333 33 21 Då
396 333 38 21 vår
449 333 69 21 Herre
534 333 40 20 och
590 333 99 21 Frälsare
705 333 62 21 Jesus
781 334 87 21 Kristus
878 333 55 22 inför

106 362 90 21 Pontius
211 362 82 21 Pilatus
308 361 106 21 bekände:
430 361 59 26 ,mitt
505 361 45 21 rike
567 363 24 19 är
607 361 47 21 icke
669 361 24 21 af
706 361 69 21 denna
790 362 103 24 verlden*.
906 362 28 21 dä

108 391 107 20 uttalades
239 391 26 20 de
288 391 44 25 ord,
355 396 46 15 som
423 389 73 22 fullast
518 390 101 26 uttrycka
635 389 110 22 skilnaden
761 390 90 21 emellan
867 390 67 21 Kristi

108 419 39 21 och
171 420 42 20 alla
227 419 98 21 verldens
341 419 67 25 riken,
425 419 91 20 emellan
531 418 83 27 kyrkan
630 418 39 21 och
685 420 76 20 staten.
792 419 10 21 I
818 418 62 21 dessa
895 419 39 20 ord

108 448 66 26 ligger
190 448 63 21 äfven
268 447 66 21 redan
349 447 76 26 antydt
440 447 40 20 den
496 446 133 26 väsendtliga
645 446 86 26 olikhet,
748 453 45 14 som
809 448 24 19 är
844 446 90 21 emellan

107 475 94 28 kyrkans
217 476 40 21 och
272 477 81 19 statens
368 474 138 27 lagstiftning.
538 475 77 21 Medan
630 475 73 26 hvarje
719 477 81 19 statens
815 475 41 26 lag,
867 475 33 20 för
911 474 23 21 sä

108 505 45 20 vidt
175 505 41 20 den
239 504 54 21 skall
308 510 51 14 vara
373 503 88 26 lämplig
476 503 40 21 och
532 503 173 26 ändamälsenlig,
721 503 130 26 nödvändigt
866 502 69 21 mäste

108 533 83 26 grunda
213 533 32 26 sig
268 532 39 21 och
328 538 52 15 vara
403 531 230 22 öfverensstämmande
656 532 48 20 med
727 531 78 22 folkets
821 531 113 22 rättsmed-

108 561 97 25 vetande,
222 561 48 20 dess
285 561 37 20 sed
338 561 39 20 och
389 560 204 21 rättsförhällanden
604 560 7 21 i
623 559 71 27 öfrigt,
705 560 70 21 säsom
786 561 26 20 de
823 560 112 21 historiskt

109 589 102 26 gestaltat
233 589 37 26 sig,
287 589 24 21 sä
325 589 53 21 skall
395 589 95 20 deremot
506 588 101 27 kyrkans,
623 588 40 21 och
679 589 100 21 särskildt
795 589 40 21 den
851 595 83 20 evang.-

110 617 111 22 lutherska
235 617 93 27 kyrkans
344 617 131 26 lagstiftning
491 617 19 26 ej
527 617 78 26 byggas
621 617 28 26 pä
664 617 69 26 nägon
748 623 69 15 annan
828 617 69 26 grund
908 618 27 19 än

110 646 59 21 Guds
192 646 38 21 ord
250 647 7 20 i
279 645 92 26 enlighet
386 645 48 21 med
449 645 71 21 denna
534 645 79 26 kyrkas
628 645 137 26 uppfattning
781 657 24 3 —
822 647 22 25 ty
860 645 75 21 endast

110 675 36 20 det
169 674 42 21 kan
233 674 57 27 gälla
309 680 45 15 som
371 674 34 27 lag
420 674 7 20 i
442 673 88 27 kyrkan,
548 673 81 22 hvilket
643 674 94 26 grundar
752 674 31 26 sig
799 673 26 27 pä
841 673 94 27 kyrkans

110 703 77 26 högsta
205 702 142 27 uppfattning,
369 703 48 20 dess
432 704 33 19 tro
482 702 40 21 och
538 702 135 21 bekännelse.
704 702 104 21 Hvarföre
821 702 38 27 jag
874 702 61 21 äfven

111 731 18 26 ej
145 731 42 21 kan
202 733 65 19 annat
283 732 26 19 än
323 731 123 26 allvarligen
457 731 65 26 ogilla
532 730 51 21 herr
596 731 137 26 domprosten
746 731 67 26 Borgs
825 730 109 27 yttrande:

110 761 33 20 att
157 759 130 27 kyrkolagen
303 759 18 26 ej
338 759 39 20 har
392 761 33 19 att
439 761 52 24 göra
507 759 96 20 hvarken
618 759 48 20 med
682 759 93 26 kyrkans
787 759 51 21 eller
848 759 41 20 den
900 764 34 15 en-

110 788 80 21 skildes
205 790 34 19 tro
255 787 51 21 eller
315 787 135 26 bekännelse;
460 789 23 24 ty
491 793 26 15 en
526 787 67 21 sädan
601 787 104 27 kyrkolag
713 793 49 15 vore
773 788 6 20 i
790 787 90 26 sanning
891 787 45 20 vid-

111 816 102 27 underlig.
244 816 49 21 Men
309 816 67 21 ehuru
391 816 60 21 detta
464 815 117 27 lagförslag
596 815 191 26 omisskänneligen
801 816 57 21 velat
873 815 63 21 ställa

111 844 60 22 Guds
192 844 38 21 ord
252 844 69 21 såsom
337 844 33 21 sin
385 846 92 25 yttersta
491 845 77 26 grund,
584 844 23 21 sä
622 844 39 21 har
677 845 36 20 det
728 844 64 21 likväl
808 845 6 20 i
830 843 105 22 anseende

111 873 31 21 till
166 873 48 21 dess
236 872 147 27 ursprungliga
406 872 135 21 förbiseende
564 872 23 21 af
601 873 93 26 kyrkans
710 873 134 25 bekännelse,
860 872 76 21 ätmin-

111 903 60 19 stone
187 901 19 26 ej
222 900 46 22 frän
283 900 94 27 kyrkans
392 907 53 21 egen
461 900 108 27 synpunkt
579 900 83 27 lyckats
675 900 86 22 dermed
775 901 18 26 ej
805 900 67 22 heller
884 900 52 21 kon-

112 931 88 25 segvent
221 929 89 21 förmätt
331 930 124 25 genomföra
478 929 60 21 detta
561 929 47 21 dess
623 935 42 20 nog
680 930 76 26 tydligt
771 929 88 21 afsedda
874 928 62 27 syfte.

111 957 30 27 Ty
157 958 27 21 dä
199 957 59 22 Guds
273 958 38 21 ord
327 957 28 27 pä
365 958 82 26 mänga,
459 958 126 25 oändeligen
597 958 57 20 olika
665 959 42 20 sätt
717 958 42 20 kan
769 957 116 27 uppfattas,
897 957 39 20 och

112 986 26 21 dä
149 986 66 27 enligt
226 987 54 20 1863
289 986 34 21 års
332 987 147 26 ursprungliga
487 985 81 27 förslag
576 986 94 26 kyrkans
678 986 127 21 bekännelse
814 985 122 27 betydligen

111 1014 69 21 blifvit
202 1014 64 21 ställd
288 1015 27 26 pä
331 1015 59 20 sidan
407 1015 39 20 och
462 1015 70 20 denna
547 1021 29 14 nu
592 1021 34 14 oss
641 1015 110 26 förelagda
766 1014 77 27 nådiga
858 1019 79 21 propo-

112 1043 63 20 sition
190 1043 49 20 med
254 1043 37 20 sitt
307 1042 79 27 förslag
402 1043 54 21 dock
472 1043 19 26 ej
508 1045 24 18 är
547 1046 66 17 annat
629 1045 26 18 än
672 1049 26 15 en
713 1043 136 26 omlappning
865 1042 23 21 af
902 1042 35 21 det

111 1071 150 26 ursprungliga
275 1071 108 26 förslaget,
399 1073 22 25 ty
437 1078 25 15 en
479 1071 143 27 sjelfständigt
637 1071 40 21 och
693 1071 48 21 fullt
756 1070 124 27 genomförd
894 1076 43 14 om-

112 1099 112 26 arbetning
239 1099 22 21 af
276 1100 36 21 det
327 1100 149 27 ursprungliga
491 1100 62 21 torde
570 1100 18 26 ej
605 1100 69 26 nägon
690 1106 37 15 ens
742 1099 49 27 vilja
804 1099 61 27 pästä
878 1098 60 21 detta

112 1129 115 20 ständerna
249 1134 28 14 nu
299 1128 110 26 förelagda
431 1128 139 27 lagförslaget
592 1135 57 17 vara,
672 1128 24 21 sä
718 1127 93 27 framgår
828 1127 25 27 ju
872 1127 65 20 redan

112 1156 67 25 deraf,
200 1158 32 19 att
252 1162 26 15 en
293 1157 64 26 nödig
373 1157 45 20 inre
433 1157 134 26 konsegvens
583 1157 68 21 mäste
667 1157 78 20 saknas
760 1157 6 20 i
781 1157 60 20 detta
857 1155 80 21 arbete.

112 1184 29 27 Ty
166 1183 95 28 omöjligt
283 1184 54 21 skall
360 1185 36 20 det
416 1185 29 20 bli
467 1185 33 21 för
516 1185 71 26 nägon
602 1187 32 19 att
649 1185 58 21 finna
722 1191 25 14 en
763 1184 102 26 tillbörlig
880 1183 59 27 prin-

112 1213 128 26 cipenlighet
259 1213 6 20 i
286 1214 31 19 ett
339 1213 122 26 lagförslag,
485 1219 46 15 som
548 1214 101 26 antingen
665 1213 42 21 kan
722 1219 51 15 vara
787 1212 109 27 grundadt
911 1211 28 27 pä

112 1242 41 20 den
168 1241 111 21 lutherska
294 1241 93 26 kyrkans
402 1242 6 20 i
425 1242 46 21 sina
486 1241 217 22 bekännelseskrifter
719 1241 108 22 bestämdt
842 1240 96 21 uttalade

112 1269 135 27 bekännelse,
269 1269 52 21 eller
341 1269 53 26 icke,
410 1276 45 15 som
471 1271 102 26 antingen
589 1270 123 27 godkänner
728 1276 25 15 en
769 1269 119 27 kyrkotukt
903 1274 35 15 en-

112 1298 38 25 ligt
165 1304 82 15 samma
261 1298 129 21 bekännelse
405 1299 52 20 eller
473 1299 40 20 ock
528 1298 101 21 förordar
644 1305 26 14 en
686 1305 76 19 annan,
778 1304 45 15 som
839 1299 24 18 är
874 1296 65 21 ställd

111 1325 28 27 pä
156 1325 44 22 helt
215 1333 70 14 annan
300 1325 137 27 uppfattning
452 1333 27 14 m.
495 1333 29 15 m.

181 1354 11 21 I
208 1354 112 26 anledning
331 1354 63 21 häraf
402 1355 69 21 måste
479 1355 37 27 jag
527 1355 112 21 frändöma
649 1356 61 20 detta
720 1354 80 27 förslag
811 1354 40 21 den
862 1353 78 26 nödiga

112 1382 139 27 konsegvens,
267 1389 46 15 som
329 1383 54 22 dock
399 1385 32 20 ett
447 1383 77 22 sädant
540 1384 74 21 arbete
630 1383 139 27 ovilkorligen
784 1383 67 21 borde
867 1383 46 24 äga.

181 1467 90 22 Prosten
294 1467 78 22 doktor
394 1468 103 27 Bergh:
521 1468 73 26 Några
614 1468 67 21 värda
703 1468 68 21 talare
791 1467 64 21 hafva
874 1467 44 19 satt
934 1466 6 20 i

111 1495 68 28 fråga,
202 1495 105 22 huruvida
327 1496 26 21 K.
376 1496 150 27 Lagförslaget
549 1503 28 14 nu
600 1497 66 20 borde
687 1497 7 20 i
713 1497 47 20 dess
775 1495 72 21 helhet
863 1494 77 21 under-

111 1524 74 21 kastas
208 1524 139 27 granskning;
367 1524 38 27 jag
427 1525 99 21 anhåller
548 1525 110 21 vördsamt
678 1526 33 19 att
725 1524 22 21 få
761 1525 95 26 upptaga
870 1523 71 20 denna
