1109 1795
334 136 167 18 Presteståndet.
526 137 56 17 1867.
607 138 12 15 4
633 137 59 17 Febr.
873 134 27 20 45

98 223 231 27 grundlags-utskottet
351 223 128 24 remitteras,
504 222 40 21 och
560 223 63 20 deras
638 222 158 27 handläggning
812 223 117 26 derstädes,

98 251 88 22 hvarom
209 251 36 21 det
268 250 105 27 vällofliga
397 250 86 21 ståndet
506 251 65 20 redan
594 251 59 21 förut
670 257 76 20 genom
762 258 25 13 en
804 252 126 26 deputation

98 280 109 22 meddelat
223 279 158 27 presteståndet
396 279 164 21 underrättelse.

167 410 208 27 Kontraktsprosten
391 410 78 21 doktor
485 410 99 21 Hellén
600 409 127 25 inlemnade,
739 410 84 27 jemlikt
835 411 95 21 ståndets

100 439 35 20 vid
158 439 112 20 sisthållna
291 439 84 26 plenum
398 439 72 20 derom
494 438 97 21 uttalade
608 439 89 24 önskan,
713 439 25 20 de
754 439 22 20 af
790 439 92 22 doktorn
898 440 33 21 till

100 467 140 21 medstånden
262 467 73 20 hållna
357 467 174 26 helsningstalen,
552 467 73 20 hvilka
641 467 108 26 upplästes
765 467 40 21 och
820 468 40 21 här
875 469 56 20 inta-

100 502 43 20 gas,
160 495 23 21 så
199 496 99 26 lydande:

170 552 53 25 Till
240 551 119 28 Höglofliga
374 552 158 26 Ridderskapet
548 553 40 20 och
604 552 69 21 Adeln
689 552 20 21 få
724 553 20 20 vi
760 554 51 19 äran
822 553 110 21 frambära

101 581 35 21 det
159 581 31 20 till
213 581 138 26 Landtdagen
372 580 129 21 församlade
517 581 170 26 presteständets
703 581 170 21 vördsnadsfulla
888 582 44 20 väl-

101 609 185 26 komstshelsning,
303 609 115 21 förenande
435 609 87 20 dermed
538 609 41 20 den
595 609 104 26 innerliga
715 609 88 25 önskan,
819 612 33 19 att
863 611 69 20 landt-

101 639 80 26 dagens
205 644 28 14 nu
248 637 103 27 börjande
367 637 163 27 förhandlingar
545 637 74 25 mätte,
636 638 67 20 under
718 637 120 28 Försynens
855 639 77 26 nädiga

101 667 61 26 hägn,
180 666 29 21 bli
224 666 87 21 utförda
326 666 32 21 till
373 665 54 21 Värt
442 666 129 21 fosterlands
588 672 67 15 sanna
666 666 87 21 bätnad!
777 667 76 20 Denna
863 667 68 21 landt-

102 695 41 26 dag
166 697 25 19 är
207 695 22 20 af
243 696 44 19 stor
303 695 109 26 betydelse
427 695 66 20 redan
510 695 77 25 deruti,
604 696 32 19 att
652 695 40 20 den
709 695 37 20 har
761 697 33 18 att
809 696 67 21 ordna
892 696 40 21 och

102 724 103 26 betrygga
223 723 32 20 sin
271 729 52 21 egen
339 723 91 25 tillvaro,
446 735 27 2 —
490 725 32 18 att
537 729 26 20 ge
580 723 31 26 sig
627 723 80 21 sädana
721 723 84 22 former,
822 730 45 15 som
883 725 48 20 med

102 752 83 21 landets
201 751 148 27 egendomliga
364 751 148 21 förhällanden
528 757 51 15 vore
591 752 235 21 öfverensstämmande.
853 752 78 21 Medan

102 787 24 14 en
150 780 67 21 sädan
240 780 105 26 reglering
363 779 22 21 af
399 780 130 26 landtdagen
545 780 95 25 saknats,
657 781 39 20 har
711 780 159 26 prestaständet
885 781 47 21 icke

102 809 67 21 heller
192 809 81 20 kunnat
292 809 85 26 vidtaga
393 808 67 26 nägon
477 808 77 27 ätgärd
570 809 32 20 till
618 809 137 20 anskaffande
771 809 22 20 af
807 813 125 22 permanent

102 837 56 21 lokal
180 837 33 20 för
235 837 46 20 sina
304 837 181 26 sammanträden;
510 837 55 21 dock
587 837 39 21 har
649 838 60 20 detta
729 837 70 24 behof,
814 838 33 20 för
863 838 69 21 denna

102 865 102 26 landtdag
221 877 24 2 —
263 865 89 21 likasom
375 866 32 20 för
430 865 40 22 den
489 865 186 27 nästföregäende,
692 865 68 21 blifvit
775 865 23 21 af
811 866 121 27 Höglotliga

102 894 157 26 Ridderskapet
280 894 39 21 och
335 894 67 21 Adeln
419 893 89 28 afhjelpt
524 894 49 21 med
588 894 173 21 förekommande
777 895 93 26 välvilja,
886 900 46 16 som

102 923 12 20 å
129 922 169 27 prestaständets
314 922 46 21 sida
374 922 98 27 päkallar
488 925 32 18 ett
535 923 107 20 tacksamt
657 923 141 20 erkännande.
825 923 49 21 Men
885 929 47 20 pre-

102 951 117 21 steständet
235 950 102 21 tillförser
353 951 30 26 sig
394 957 25 14 en
431 952 56 19 ännu
498 951 143 26 väsentligare
653 951 88 26 förmän,
753 964 28 2 —
791 951 111 22 förmänen
912 951 23 22 af

102 979 120 27 Höglofliga
237 979 167 26 Ridderskapets
420 979 39 21 och
476 980 80 20 Adelns
572 980 99 27 upplysta
687 979 128 22 medverkan
827 980 39 21 och
877 980 55 21 före-

102 1015 37 20 syn
156 1008 34 20 vid
207 1007 155 26 behandlingen
377 1007 23 21 af
414 1007 25 21 de
455 1007 85 27 mänga,
556 1007 34 22 för
607 1009 73 20 Staten
697 1008 39 21 och
751 1008 88 26 Kyrkan
854 1010 79 25 ytterst

102 1037 78 26 vigtiga
204 1036 185 27 angelägenheter,
411 1042 45 15 som
479 1037 36 20 vid
538 1037 70 20 denna
631 1037 102 26 landtdag
750 1036 139 21 förekomma.
905 1049 27 2 —

101 1065 59 21 Ifrån
184 1066 83 19 senaste
290 1064 109 27 landtdag,
420 1064 22 27 ja
461 1065 57 21 ifrån
533 1065 60 26 långt
608 1065 95 27 aflägsna
718 1065 61 25 tider,
797 1065 38 20 har
851 1067 80 24 presta-

102 1093 85 21 ständet
209 1093 88 20 bevarat
317 1093 112 26 glädjande
451 1093 86 21 minnen
561 1094 22 20 af
603 1093 91 27 Höglofl.
710 1093 167 27 Ridderskapets
893 1093 40 22 och

101 1121 80 22 Adelns
192 1121 91 26 välvilja,
295 1121 40 21 och
345 1121 159 26 prestaständet
516 1122 128 26 uppskattar
655 1122 51 26 högt
717 1123 40 20 den
770 1121 162 27 förhoppnings-

101 1150 49 21 fullt
172 1150 111 21 motsedda
305 1150 82 26 lyckan,
411 1152 32 19 att
459 1150 40 21 ock
515 1150 33 21 för
564 1150 116 21 framtiden
695 1151 30 20 bli
740 1151 6 20 i
762 1150 112 21 enahanda
889 1150 43 21 väl-

100 1179 51 26 vilja
166 1178 137 21 bibehållet."

323 1263 8 9 »
336 1247 40 21 Till
392 1246 114 27 Vällofiiga
521 1247 191 27 Borgareständet:

171 1304 42 21 Det
235 1305 33 20 till
290 1304 129 26 landtdagen
438 1304 130 21 församlade
585 1304 158 27 prestaständet
757 1303 33 22 fär
805 1310 76 21 genom
897 1310 35 15 oss

102 1332 32 20 till
149 1332 83 21 Vällofi.
249 1333 182 25 Borgareständet
443 1333 110 20 frambära
567 1333 32 20 sin
611 1332 195 26 högaktningsfulla
817 1332 115 20 välkomst-

101 1360 98 27 hälsning
222 1361 39 21 och
285 1362 30 19 sin
336 1367 72 14 varma
425 1361 80 20 önskan
522 1361 33 21 för
571 1360 51 21 vära
637 1367 157 19 gemensamma
809 1360 124 26 landtdags-

102 1389 100 21 arbetens
224 1389 91 27 lyckliga
337 1389 107 27 fortgäng!
476 1390 75 21 Denna
568 1389 103 26 landtdag
685 1389 39 21 har
738 1388 69 27 ingätt
823 1388 68 21 under
906 1395 26 14 en

101 1417 33 21 för
150 1417 48 21 värt
213 1417 50 21 land
279 1418 169 26 bekymmersam
465 1418 107 27 tidpunkt,
589 1424 48 15 men
653 1418 36 21 det
704 1419 23 19 är
743 1418 54 20 dock
812 1417 120 27 glädjande,

101 1447 33 20 att
157 1446 84 21 landets
265 1447 86 20 ständer
373 1453 29 14 nu
425 1446 46 21 äter
495 1453 39 20 ega
557 1446 101 27 förnyadt
673 1446 82 21 tillfälle
771 1448 38 24 att,
825 1445 6 20 i
848 1446 85 20 samräd

101 1475 48 20 med
171 1475 111 26 styrelsen,
305 1475 60 26 söka,
387 1481 77 20 genom
481 1477 31 18 ett
528 1475 109 26 tidsenligt
653 1475 108 20 ordnande
777 1474 23 21 af
813 1474 46 21 sina
874 1474 59 26 lagar

102 1503 39 20 och
165 1503 152 26 institutioner,
337 1503 133 26 grundlägga
486 1503 40 21 och
542 1503 105 26 befrämja
663 1509 25 15 en
704 1503 78 26 ljusare
797 1502 88 21 framtid
899 1502 34 21 för

102 1531 36 20 det
160 1537 35 15 oss
217 1531 53 21 kära
290 1531 147 22 fosterlandet.
469 1532 32 21 De
522 1531 85 27 mänga,
623 1532 7 20 i
645 1531 93 27 kyrkans
754 1531 39 21 och
809 1530 125 22 samhällets
