1109 1795
188 103 41 20 326
391 107 167 17 Presteståndet.
583 108 55 17 1867.
663 108 27 17 30
703 108 63 17 Mars.

159 193 146 27 uppdämning
320 193 71 21 kunde
407 193 122 21 förorsakas
544 193 28 27 på
587 193 50 22 flere
656 196 69 19 versts
748 194 92 25 afstånd,
862 196 71 21 kunde
954 203 37 19 ge-

159 228 50 15 nom
225 222 63 26 ingen
305 228 37 20 syn
357 222 94 21 utredas.
483 222 187 27 Tidsbestämning
690 229 49 15 vore
763 223 85 22 derföre
871 224 23 21 af
914 224 76 25 nöden,

160 251 135 26 synnerligen
319 256 45 15 som
388 251 91 20 naturen
502 250 23 20 af
545 251 32 26 sig
600 250 49 27 sjelf
671 251 26 26 på
713 251 77 21 hösten
806 254 99 25 nogsamt
920 253 70 27 sörjde

159 279 34 21 för
209 278 158 26 bevattningen.

231 335 56 21 Herr
323 335 135 22 talemannen
489 335 134 21 framställde
653 342 29 15 nu
712 335 95 28 följande
838 338 153 26 omröstnings-

160 363 144 27 proposition:

233 421 134 21 Godkänner
388 420 131 28 högvördiga
542 421 85 21 ståndet
649 421 238 23 utskottsbetänkandet
909 422 82 28 beträf-

157 449 74 27 fande
246 450 15 26 $
276 451 21 25 7,
313 450 52 20 eller
377 449 62 20 icke?

232 507 132 20 Besvarades
380 506 48 21 med
445 506 108 21 obestridd
569 506 113 26 pluralitet
697 507 106 20 nekande.

232 563 91 21 Prosten
339 563 78 26 Hjelt
432 563 66 25 ansåg
514 563 35 20 det
565 569 50 14 vara
631 563 100 26 orimligt,
748 565 33 18 att
803 563 66 27 enligt
892 564 40 20 den
955 563 37 22 nä-

164 592 49 26 diga
229 591 161 26 propositionen
407 597 81 14 samma
504 593 72 18 vatten
592 591 68 21 skulle
676 591 59 21 ledas
752 591 90 22 tillbaka
857 592 32 21 till
906 592 31 20 sin
955 599 37 14 na-

164 621 80 25 turliga
259 620 120 21 strömfåra.

234 677 155 26 Kyrkoherden
405 676 120 21 Juselius
536 676 76 21 trodde
627 678 32 19 att
670 677 111 26 meningen
793 677 88 21 härmed
892 677 18 27 ej
922 677 70 21 kunde

164 711 51 14 vara
231 705 70 26 någon
317 711 69 14 annan
402 707 27 18 än
447 705 40 20 den
503 706 31 19 att
549 704 39 21 allt
604 706 73 19 vatten
693 705 67 21 måste
781 705 62 21 hafva
867 707 31 20 ett
919 707 73 19 natur-

164 734 39 26 ligt
219 733 69 21 utfall.

234 790 207 26 Kontraktsprosten
467 789 82 22 Sirén
575 789 114 21 förordade
712 790 140 21 redaktionen
875 791 6 20 i
904 791 32 20 sin
959 797 32 14 re-

165 819 114 21 servation.

236 875 207 26 Kontraktsprosten
466 874 91 21 Hellén
582 874 65 26 ansåg
671 875 141 25 stiliseringen
836 875 6 20 i
863 875 130 20 utskottsbe-

167 904 117 21 tänkandet
300 904 90 26 ledigast
412 903 38 21 och
473 902 93 27 föreslog
588 902 33 21 för
644 902 216 27 tidsbestämningens
883 902 110 22 införande

167 932 94 26 följande
285 931 255 26 redaktionsförändringz:
565 944 26 1 —
610 943 27 3 —
660 931 68 26 ,hälla
751 931 62 22 fältet
836 931 158 22 öfvervattnadt

167 961 55 20 intill
241 961 124 26 September
380 960 89 21 månads
485 959 85 27 utgång,
586 959 101 22 såframt"
703 962 40 18 etc.

238 1017 139 27 Vicepastorn
394 1017 135 20 Putkonen
544 1017 50 20 ville
606 1019 32 18 att
649 1017 118 26 uttrycket:
784 1017 53 26 ,Det
848 1016 82 21 afledda
940 1017 54 20 vatt-

168 1047 47 20 net"
231 1046 68 21 skulle
315 1046 86 26 utbytas
417 1047 52 19 mot:
501 1045 110 26 ,Vattnets
627 1045 122 26 afledning*,
766 1045 136 26 hvarigenom
913 1051 80 15 samma

169 1075 38 20 sak
223 1075 68 20 skulle
308 1076 61 25 sägas
385 1074 48 21 med
449 1074 71 20 bättre
536 1073 45 22 ord.

239 1131 126 21 Professorn
380 1131 98 20 Geitlin
495 1130 65 27 ansäg
576 1131 82 20 enklast
674 1132 32 19 att
722 1130 107 21 bibehälla
848 1130 77 27 nädiga
947 1136 47 20 pro-

169 1159 119 26 positionen
312 1160 47 21 med
383 1159 39 21 den
445 1159 6 20 i
471 1159 202 26 kontraktsprosten
693 1159 71 21 Sirens
788 1159 130 21 reservation
941 1159 54 20 före-

169 1188 74 26 slagna
259 1187 254 26 redaktionsförändring.

239 1245 143 27 Domprosten
398 1245 73 26 Borg,
488 1246 86 24 prosten
590 1244 136 26 Grönberg
742 1244 39 21 och
794 1243 202 27 kontraktsprosten

171 1274 78 21 doktor
265 1273 93 22 Hellen
374 1273 101 21 förenade
491 1273 31 26 sig
538 1273 48 20 med
602 1273 121 26 professorn
739 1272 85 21 Geitlin.

239 1331 56 20 Herr
324 1331 133 20 talemannen
484 1329 133 22 framställde
643 1329 52 21 härä
722 1329 94 26 följande
844 1329 153 25 omröstnings-

171 1359 141 26 proposition:

241 1415 133 22 Godkänner
393 1415 131 27 högrördiga
547 1415 85 20 ståndet
648 1415 14 27 $
678 1416 13 19 7
707 1415 8 20 i
731 1415 82 26 nådiga
832 1414 165 27 propositionen

170 1445 48 20 med
244 1445 40 20 den
306 1444 145 27 förändring,
478 1450 43 14 som
545 1443 99 27 föreslås
668 1444 7 19 i
695 1443 201 26 kontraktsprosten
922 1442 76 21 Sirens

171 1473 150 20 reservation?
