1109 1795
207 121 42 20 318
410 125 169 17 Presteståndet.
604 126 53 17 1867.
683 126 26 17 80
723 126 61 17 Mars.

248 210 142 27 Vicepastorn
415 210 137 21 Putkonen
582 210 55 25 ville,
663 211 28 20 då
716 211 149 21 diskussionen
890 211 118 27 egentligen

177 239 72 26 gällde
265 239 11 26 $
293 239 18 25 1,
328 238 62 21 äfven
406 239 116 20 inskränka
538 239 31 26 sig
585 239 32 20 till
633 239 70 20 denna
718 239 39 21 och
768 239 112 26 godkände
889 234 13 37 $
910 241 13 26 i
938 239 68 27 öfrigt,

178 273 49 15 men
243 267 67 25 ansåg
325 267 52 20 sista
392 267 112 26 meningen
520 267 6 20 i
543 267 77 26 högsta
638 267 67 21 måtto
722 267 106 27 olämplig.
860 269 95 20 Emedan
972 268 36 21 det

178 295 46 21 ofta
246 294 114 21 inträffade
383 296 32 19 att
433 297 32 19 ett
479 295 125 21 utfallsdike
619 296 62 25 ginge
697 301 76 21 genom
789 295 50 22 flere
855 297 61 20 tiotal
931 297 76 20 intres-

177 325 84 19 senters
283 325 73 24 ängar,
379 323 72 22 hvilka
473 323 137 26 naturligtvis
631 323 204 28 höbergningstiden
853 325 67 21 måste
936 325 72 21 färdas

179 351 59 21 öfver
259 351 66 25 diket,
345 351 24 21 så
392 351 71 21 kunde
483 351 42 21 alla
541 352 62 21 dessa
618 352 145 26 intressenter,
780 353 47 20 med
844 353 116 26 påstående
975 356 32 18 att

179 380 26 21 de
221 379 76 27 sjelfva
312 380 18 26 ej
347 380 55 21 hade
417 382 62 24 nytta
494 379 22 21 af
530 380 67 27 diket,
612 380 74 21 fordra
701 381 36 20 det
753 381 167 27 öfverbyggarne
938 381 70 21 skulle

177 408 94 27 uppföra
293 409 56 27 skild
370 408 39 21 bro
432 408 33 21 för
489 414 25 15 en
538 409 39 21 och
601 409 52 20 hvar
668 409 23 21 af
705 409 54 27 dem,
782 409 82 21 hvilket
878 416 50 15 vore
944 409 63 27 högst

178 437 90 26 obilligt.
299 434 68 23 Äfven
382 437 7 20 i
405 437 67 20 andra
494 436 37 21 fall
549 437 71 20 kunde
636 438 176 25 underbyggaren
827 438 100 21 förebära
942 438 66 21 behof

179 465 22 21 af
215 465 46 21 bro.
291 465 47 20 Den
361 471 46 14 som
429 465 92 21 behöfde
542 465 45 25 bro,
610 465 67 21 borde
692 465 49 26 sjelf
754 466 75 27 bygga,
846 468 22 25 ty
884 467 35 20 det
934 472 50 15 vore
999 467 7 20 i

178 493 43 21 alla
243 493 38 21 fall
304 493 116 26 skaparens
444 493 112 26 orubbliga
579 493 118 27 anordning
719 495 32 20 att
774 496 83 20 vattnet
872 495 68 20 skulle
955 494 51 27 flyta

177 521 77 22 nedför
270 521 73 26 backe,
360 522 48 20 dess
423 521 72 22 bättre
511 528 34 14 om
561 521 69 27 någon
646 521 47 22 fåra
708 522 81 22 funnes.
819 523 91 21 Talaren
925 523 80 27 yrkade

179 549 84 22 derföre
279 549 28 27 på
322 550 53 21 sista
389 551 124 25 meningens
528 550 113 26 utgående.

247 691 48 20 Den
317 690 90 21 utsedda
429 691 159 26 deputationen,
604 691 74 21 anförd
696 691 23 21 af
733 692 123 26 professorn
872 692 85 21 Geitlin,
973 693 32 20 af-

178 719 48 26 gick
248 725 29 14 nu
298 719 33 20 för
353 720 33 19 att
407 719 18 26 ej
449 720 82 20 mindre
554 719 32 21 till
609 720 148 27 ridderskapet
773 721 39 20 och
827 721 63 20 adeln
905 720 100 22 framföra

178 747 171 27 prestaståndets
370 747 125 27 inbjudning
510 749 6 20 i
532 748 99 21 afseende
647 748 12 21 å
674 748 131 27 frångående
827 749 24 20 af
871 749 69 21 forum
963 750 42 26 pri-

178 776 131 25 vilegiatum,
326 777 26 19 än
369 775 39 21 ock
424 777 97 20 meddela
537 776 97 26 samtlige
649 777 139 21 medstånden
803 777 157 22 underrättelse
971 784 33 15 om

179 804 108 26 åtskilliga
310 804 67 20 under
399 805 80 26 dagens
501 805 85 26 plenum
609 805 82 21 fattade
714 805 40 21 och
775 805 62 22 ofvan
853 806 7 20 i
874 806 131 26 protokollet

178 832 133 21 antecknade
327 831 76 22 beslut.

246 974 91 21 Prosten
360 974 78 21 doktor
459 975 88 26 Bergh
571 975 84 26 yttrade
671 977 32 19 att
719 975 36 20 det
769 975 74 27 gjorde
859 975 77 21 honom
952 976 52 21 ondt

177 1004 32 19 att
232 1002 95 21 hvarken
349 1002 202 27 kontraktsprosten
575 1003 60 22 Sirén
658 1004 52 21 eller
733 1003 77 22 doktor
825 1004 77 21 Hellén
916 1004 88 21 förstått

177 1030 54 21 hans
246 1031 91 26 mening.
365 1031 90 21 Talaren
472 1031 54 22 hade
542 1032 57 21 velat
609 1031 70 22 såsom
691 1038 25 15 en
728 1031 144 27 principfråga
884 1032 118 27 framhålla,

177 1061 33 19 att
232 1059 177 26 underbyggaren
425 1060 18 26 ej
459 1060 56 21 blott
535 1060 68 21 skulle
619 1066 52 15 vara
686 1061 74 26 pligtig
775 1063 32 18 att
823 1060 70 21 tillåta
908 1061 95 26 gräfning

179 1087 24 20 af
217 1087 48 21 dike
281 1094 76 20 genom
373 1088 45 20 sina
434 1090 58 24 ägor,
509 1090 52 19 utan
576 1088 60 21 äfven
652 1088 87 27 åläggas
754 1090 33 19 att
802 1089 45 20 deri
863 1089 83 26 deltaga
957 1089 46 25 och,

177 1115 45 21 ifall
245 1116 58 21 diket
326 1122 49 15 vore
396 1116 33 21 för
451 1117 77 20 honom
552 1116 23 21 af
596 1117 91 26 verkligt
709 1123 62 20 gagn,
795 1117 117 21 detsamma
932 1123 72 16 ensam

176 1143 74 26 gräfva
265 1145 40 20 och
321 1145 132 20 underhålla.
483 1145 47 20 Den
545 1145 78 26 nådiga
638 1145 159 26 propositionen
813 1146 61 21 sköte
888 1146 58 21 öfver
960 1145 44 22 må-

177 1172 35 21 let.
243 1172 91 21 Talaren
349 1173 92 26 föreslog
456 1173 83 21 derföre
554 1175 33 19 att
603 1173 155 27 slutmeningen
770 1174 29 27 i$
815 1177 12 17 %
844 1175 68 20 skulle
924 1173 80 22 erhålla

176 1200 94 27 följande
286 1201 90 26 lydelse:
394 1213 27 2 —
437 1214 28 3 —
482 1208 64 19 ,,vare
562 1202 83 27 skyldig
661 1204 32 19 att
708 1203 100 26 antingen
824 1203 45 20 helt
884 1202 39 21 och
939 1202 65 21 hållet

176 1229 91 21 bekosta
282 1229 124 26 gräfningen
423 1230 39 21 och
477 1230 136 21 underhållet
628 1231 51 20 eller
691 1231 7 20 i
709 1230 133 22 förhållande
858 1231 32 20 till
900 1231 32 20 sin
943 1232 60 25 nytta

177 1257 45 21 deri
238 1257 105 27 deltaga".
374 1258 33 20 En
423 1259 58 26 dylik
496 1259 124 26 förändring
639 1259 67 20 borde
721 1258 62 22 äfven
799 1260 37 20 ske
851 1259 7 20 i
874 1259 12 26 8
903 1259 18 25 5,
938 1261 22 24 ty
976 1259 28 21 dä

176 1286 177 27 underbyggaren
376 1287 66 20 redan
461 1287 34 20 för
517 1293 52 20 egen
592 1289 61 24 nytta
675 1287 55 26 gräft
754 1287 55 25 dike,
826 1287 24 21 så
864 1287 75 21 funnes
950 1288 53 21 intet

176 1314 47 21 skäl
247 1315 99 20 hvarföre
368 1315 42 20 han
426 1315 67 21 skulle
510 1315 83 21 erhålla
607 1316 125 25 ersättning,
748 1315 27 22 då
791 1315 167 27 öfverbyggaren
973 1316 31 20 in-

176 1342 61 21 ledde
259 1345 84 18 vattnet
365 1343 47 21 från
435 1344 47 20 sina
504 1345 52 25 ägor
572 1344 6 20 i
595 1350 80 14 samma
691 1344 54 20 dike.
776 1344 42 20 Det
834 1349 50 15 vore
900 1344 56 20 klart
972 1346 32 18 att

177 1370 179 27 öfverbyggarens
379 1372 87 26 dikning
484 1371 61 22 äfven
562 1378 49 15 vore
628 1372 177 27 underbyggaren
820 1372 33 21 till
868 1378 62 21 gagn,
948 1378 56 15 eme-

176 1399 42 20 dan
234 1399 40 21 den
290 1400 141 21 sistnämndes
446 1402 53 25 ägor
514 1401 122 26 derigenom
651 1401 79 20 lättare
745 1401 72 20 kunde
828 1400 68 21 hållas
906 1401 40 20 fria
956 1400 47 21 från

175 1429 73 19 vatten
272 1428 40 21 och
328 1428 18 26 ej
362 1428 91 21 behöfde
473 1428 68 21 förses
557 1429 49 20 med
621 1429 125 20 nackdiken.
777 1429 91 20 Talaren
884 1429 66 26 ansåg
965 1431 38 23 att,

176 1456 27 21 då
225 1457 162 26 underbyggare
407 1456 55 22 hade
484 1456 40 22 full
546 1459 61 25 nytta
622 1457 23 20 af
659 1457 120 27 dikningen,
803 1457 41 21 han
867 1457 19 26 ej
902 1457 66 21 borde
983 1457 21 21 få

176 1485 125 27 ersättning,
325 1491 44 15 som
393 1485 75 22 endast
490 1485 67 21 borde
579 1485 86 21 komma
687 1486 6 21 i
716 1485 67 27 fråga,
807 1485 27 21 då
856 1487 76 25 nyttan
954 1491 50 15 vore

175 1513 93 26 partiell.
