1109 1795
217 129 41 20 286
422 132 167 18 Presteständet.
614 133 55 17 1867.
693 134 27 16 22
731 133 62 17 Mars.

188 219 47 24 den,
252 218 39 21 och
307 218 50 21 herr
372 219 71 24 Reins,
461 219 32 20 att
507 218 93 21 förskott
615 218 68 21 skulle
695 218 68 26 gifvas
774 219 23 20 af
806 219 90 25 kronan;
909 218 38 22 och
959 219 59 21 detta

187 247 67 21 borde
277 247 38 20 ske
338 247 53 21 efter
416 247 26 20 10
465 247 60 20 rubel
547 253 38 19 per
607 247 88 25 mantal,
719 247 70 21 såsom
813 249 86 24 prosten
918 247 99 21 Hackzell

187 275 114 25 rätteligen
323 277 54 23 sagt.
408 275 127 26 Uppenbart
550 275 73 26 ligger,
640 275 74 21 tillade
731 276 142 26 domprosten,
889 275 50 21 herr
954 276 64 20 Reins

188 303 80 25 förslag
291 303 90 20 emellan
405 303 35 20 två
460 303 154 26 ytterligheter,
631 303 40 20 och
687 304 159 21 sammanfaller
862 304 92 21 hvarken
970 305 47 20 med

188 331 167 26 propositionen,
373 331 18 27 ej
409 331 66 22 heller
492 331 38 21 och
546 333 26 19 än
589 332 82 20 mindre
687 333 49 20 med
747 333 117 20 utskottets
875 333 141 20 betänkande.

188 360 49 20 Med
253 359 79 21 doktor
347 360 108 26 Alopaeus
471 360 71 21 kunde
558 360 138 26 domprosten
711 361 46 20 icke
773 361 75 20 förena
861 361 37 26 sig,
910 363 22 24 ty
942 367 74 20 genom

189 389 102 20 doktorns
314 388 80 27 förslag
417 389 69 20 skulle
509 388 77 26 uppstå
609 389 84 24 trassel,
715 395 45 14 som
776 389 46 20 icke
839 389 69 21 kunde
925 389 91 26 utredas,

189 418 88 20 emedan
300 423 49 15 man
369 418 54 20 först
439 416 77 22 efteråt
532 417 69 20 kunde
618 417 76 21 erfara,
711 418 85 20 hvilken
813 417 204 27 lägenhetsinnehaf-

188 452 49 14 vare
261 445 109 21 förmådde
394 446 91 20 bekosta
500 446 108 19 storskifte
625 445 39 20 och
681 446 166 26 skattläggning,
864 446 84 20 hvilken
964 446 51 20 icke.

189 486 26 3 —
230 474 43 20 För
289 473 64 26 öfrigt
369 480 49 15 vore
435 474 65 21 redan
516 473 32 21 för
564 473 83 26 mycket
665 474 68 21 taladt
749 475 6 20 i
771 475 69 20 denna
856 474 43 21 sak.

257 529 84 22 Doktor
356 530 118 26 Lampön
491 530 92 21 erkände
598 531 32 19 att
641 530 83 27 mycket
735 530 69 21 blifvit
814 531 68 20 taladt
892 530 39 21 och
942 530 75 26 många

188 558 79 26 förslag
289 558 146 26 framkastats;
459 558 42 21 alla
524 558 53 21 hade
597 558 62 21 äfven
675 559 119 26 begrundat
810 559 31 20 sin
858 559 91 26 mening;
966 559 50 20 dok-

188 589 48 18 torn
252 586 96 21 bekände
364 587 54 20 dock
434 589 31 18 att
481 587 72 20 skälen
569 587 38 20 hos
623 587 78 20 honom
717 587 68 26 vägde
800 587 50 24 lika,
866 587 96 22 hvarföre
975 587 41 20 han

188 615 32 20 för
243 615 132 21 närvarande
398 615 71 20 kunde
491 615 88 21 omfatta
595 615 94 21 hvarken
705 615 36 21 det
756 622 40 15 ena
811 616 51 21 eller
877 616 72 23 andra,
965 617 51 19 utan

188 644 49 20 ville
259 643 78 21 föreslå
359 650 26 14 en
405 643 117 27 jemkning,
544 645 32 19 att
598 649 49 15 man
663 644 105 26 nemligen
784 644 68 21 skulle
867 644 56 21 hålla
939 645 31 25 sig
985 643 31 21 till

189 672 40 21 den
245 672 44 25 sed,
306 678 44 15 som
367 674 23 18 är
405 672 94 21 rådande
515 672 6 20 i
536 671 99 27 Wiborgs
646 672 41 20 län.
711 673 32 20 En
754 672 95 27 betydlig
859 672 81 21 skilnad
952 673 64 20 rådde

188 700 33 21 väl
236 707 29 14 nu
281 701 76 20 mellan
373 700 233 21 kronohemmansåbor
621 701 39 20 och
676 701 25 20 de
717 701 123 20 nuvarande
854 701 162 21 donationsbön-

189 729 70 23 derna,
275 735 48 14 men
339 729 36 20 det
390 735 37 14 var
443 735 26 14 en
485 735 74 14 senare
574 729 41 20 tids
627 729 79 26 kultur,
718 735 45 15 som
775 729 110 27 upphjelpt
897 729 118 21 kronobön-

189 757 74 21 dernas
286 757 105 26 ställning.
423 757 34 20 Då
480 757 221 21 donationsbönderna
721 757 72 21 blifvit
816 757 94 22 befriade
928 757 46 22 från
990 758 25 20 de

188 785 67 26 bojor,
272 785 71 21 hvilka
358 792 29 13 nu
402 786 75 25 trycka
493 786 52 25 dem,
561 791 51 15 vore
628 786 40 20 den
684 792 88 20 summa,
789 786 183 27 skattläggningen
988 793 28 13 nu

188 814 96 21 kommer
299 816 32 18 att
345 814 69 25 kosta,
430 814 33 21 för
480 814 46 21 dem
541 813 48 27 föga
605 814 102 21 kännbar.

257 870 56 21 Herr
335 870 135 21 talemannen
493 870 119 21 refererade
633 871 94 20 härefter
743 871 26 20 de
788 871 84 26 äsigter,
889 877 45 14 som
949 871 67 20 under

190 898 145 21 diskussionen
351 898 96 27 uttalats,
464 900 54 19 samt
533 898 132 21 framställde
680 898 93 27 följande
788 899 141 26 proposition:

263 954 43 21 Vill
328 955 85 20 ståndet
437 957 81 25 antaga
534 955 175 27 ifrågavarande
725 957 13 18 5
754 958 92 18 moment
861 956 154 26 oförändradt,

189 983 51 20 eller
255 989 63 14 anses
334 990 25 13 en
376 983 150 27 modifikation
542 984 8 19 i
565 986 28 17 ett
609 984 52 20 eller
677 987 68 17 annat
756 984 57 27 syfte
824 984 81 27 nödig?
928 984 32 20 De
971 991 44 14 som

186 1011 88 27 påyrka
297 1011 47 20 dess
365 1012 125 27 antagande
513 1012 156 27 oförändradt,
691 1019 64 14 svara
767 1013 39 26 ja;
821 1012 26 21 de
862 1019 44 14 som
919 1013 96 26 förorda

257 1097 131 21 Besvarades
404 1097 47 21 med
469 1098 24 20 17
510 1097 36 27 nej
561 1097 39 21 och
617 1098 12 20 6
641 1098 38 26 ja;
695 1097 32 21 till
742 1097 53 27 följd
811 1098 76 21 hvaraf
900 1098 48 21 herr
964 1098 52 21 tale-

190 1131 89 14 mannen
294 1126 53 26 ånyo
361 1125 131 21 framställde
508 1125 92 27 följande
615 1126 143 26 proposition:

257 1183 98 26 Antager
369 1183 86 20 ståndet
472 1182 109 21 utskottets
597 1182 134 21 betänkande
747 1183 48 20 med
812 1183 69 20 vilkor
894 1185 31 18 att
935 1183 80 26 nödiga

189 1210 294 28 handtlangaredagsverken
506 1211 30 26 af
554 1211 229 20 donationsbönderna
808 1213 87 24 utgöras
910 1211 36 20 vid
961 1213 55 18 stor-

189 1238 92 27 skiftet?

257 1295 131 21 Besvarades
404 1296 47 20 med
469 1296 107 20 obestridd
591 1296 111 25 pluralitet
713 1295 107 27 jakande.

257 1351 46 21 Mot
325 1352 93 21 beslutet
439 1352 135 21 reserverade
590 1352 31 26 sig
637 1352 137 26 domprosten
790 1352 63 26 Borg,
869 1352 147 26 kyrkoherden

189 1380 94 27 Castrén,
305 1382 86 25 prosten
414 1380 129 27 Rosengren,
567 1383 55 18 samt
644 1382 87 25 prosten
754 1380 77 22 doktor
847 1380 112 27 Alopaeus,
976 1380 41 21 alla

188 1409 47 21 med
251 1409 136 26 åberopande
403 1409 22 20 af
439 1409 45 20 sina
499 1409 120 27 yttranden.
