1109 1795
197 107 42 20 330
396 110 167 17 Presteståndet.
589 111 55 16 1867.
669 111 26 16 80
708 111 62 17 Mars.

239 196 11 28 s
269 197 30 20 12,

239 253 156 26 Kyrkoherden
419 252 120 21 Castrén
562 253 85 26 yttrade
671 253 36 21 det
729 253 78 27 nådiga
829 255 170 26 propositionens

170 281 135 26 bestämning
328 283 32 19 att
383 281 46 21 båt-
453 281 39 20 och
515 281 82 20 flottled
613 281 7 20 i
635 281 83 21 mindre
733 283 128 26 vattendrag
876 283 124 21 erfordrade

171 311 74 20 endast
267 309 47 21 åtta
336 309 72 21 alnars
432 309 74 26 bredd,
530 309 85 21 hvilken
636 309 133 28 bestämning
786 310 106 22 utskottet
906 311 94 26 frångått

169 338 48 21 med
233 337 150 22 fastställande
399 338 23 21 af
435 337 134 27 kungsådras
584 337 68 22 bredd
668 339 6 19 i
690 338 73 27 hvarje
779 339 37 21 fall
833 339 33 21 till
882 340 40 21 tolf
932 340 66 25 alnar,

170 373 51 14 vore
244 365 23 22 af
286 366 77 27 högsta
385 367 44 26 vigt
451 368 33 19 att
499 366 108 21 bibehålla
622 367 32 20 för
669 366 114 27 fiskfänget
798 368 7 20 i
820 368 82 21 mindre
918 370 81 19 vatten-

171 395 59 27 drag.
261 395 112 21 Utskottet
389 395 54 21 hade
459 397 71 19 ansett
546 401 26 15 en
588 395 91 21 smalare
691 395 122 27 kungsådra
823 396 95 22 medföra
930 399 68 19 större

171 424 132 26 svårigheter
317 424 33 20 för
366 424 115 26 flötningen
497 424 24 20 af
534 423 137 27 skogsalster.
702 425 94 21 Härmed
808 431 50 15 vore
872 426 54 20 dock
936 426 62 25 ingen

171 453 52 24 fara,
246 453 22 25 ty
290 451 149 22 erfarenheten
462 451 55 21 hade
539 452 55 20 visat
612 454 33 19 att
663 452 75 26 15,000
755 453 61 21 stock
831 453 70 21 kunde
918 453 26 27 på
960 459 39 20 par

171 481 66 26 dagar
253 481 128 26 nedsläppas
396 486 76 21 genom
489 486 25 15 en
531 480 75 21 endast
622 480 36 21 två
673 481 61 21 alnar
749 481 54 21 bred
816 481 119 22 damlucka.
959 481 39 22 Om

171 509 62 21 äfven
249 509 116 26 flötningen
381 509 66 25 något
462 509 48 21 litet
524 509 127 26 fördröjdes,
669 509 24 20 så
707 516 50 15 vore
774 510 36 21 det
825 510 82 21 mindre
923 510 77 21 förlust

171 539 26 19 än
221 543 34 15 om
278 537 62 21 fisket
363 537 125 21 förstördes.
519 537 10 20 I
552 537 25 21 de
601 537 98 26 nordliga
720 537 94 22 elfvarne
829 545 50 14 vore
895 538 103 28 laxfisket,

172 572 45 15 som
233 565 31 21 till
281 567 79 19 största
384 566 60 21 delen
460 565 101 21 tillhörde
577 566 83 20 kronan
676 566 39 21 och
731 567 179 20 utarrenderades
926 567 22 21 åt
964 574 35 14 en-

171 593 76 27 skilda,
264 593 23 22 af
301 594 106 27 synnerlig
418 594 44 26 vigt
473 594 40 21 och
525 594 124 25 inbringade
661 595 48 20 vida
721 601 46 15 mer
777 597 26 18 än
817 595 104 26 skogarne
932 595 7 20 i
950 595 48 21 hela

171 623 84 25 landet;
272 623 35 20 det
322 629 51 14 vore
389 623 18 26 ej
423 622 32 21 för
471 622 85 27 mycket
571 629 34 14 om
622 622 149 27 afkastningen
787 623 22 21 af
819 624 118 20 detsamma
948 630 51 20 upp-

172 651 111 20 skattades
299 651 31 20 till
346 657 26 15 en
388 651 79 26 miljon.
499 651 78 26 Hvarje
593 651 106 26 hemman,
715 658 45 15 som
776 652 55 21 hade
842 652 34 21 del
887 653 6 20 i
904 651 94 28 laxfiske,

171 679 55 21 hade
242 679 101 21 särskildt
358 679 123 25 laxmantal,
498 679 38 21 och
552 679 56 27 vissa
623 679 99 22 hemman
737 681 72 20 kunde
824 680 63 22 hafva
902 687 26 14 en
945 681 54 26 ärlig

171 708 94 21 inkomst
283 707 23 21 af
320 714 39 20 par
374 709 63 19 tusen
453 708 67 20 rubel.
550 708 67 21 Afven
634 708 158 27 öfverbysgare,
809 711 14 18 t.
840 715 31 15 ex.
888 710 6 19 i
910 709 89 21 Tervola

171 736 78 26 kapell,
273 736 70 21 kunde
366 736 27 26 pä
413 736 121 21 hemmanet
557 736 64 21 hafva
637 743 24 14 en
678 737 123 27 behållning
816 737 24 20 af
853 737 98 21 laxfisket
966 738 32 21 till

173 765 41 20 500
230 764 12 21 å
259 765 40 20 600
315 765 61 20 rubel
392 766 51 19 utan
459 766 33 19 att
507 767 52 24 göra
575 765 45 20 strå
635 765 7 20 i
658 765 57 21 kors.

241 833 206 26 Kontraktsprosten
471 833 77 21 doktor
571 833 91 21 Hellön
679 834 65 25 ansäg
760 833 19 26 ej
794 833 63 22 fisket
872 833 76 22 hotadt
963 840 35 20 ge-

172 868 49 14 nom
245 861 68 21 denna
336 863 19 25 $,
378 861 27 21 dä
423 862 39 20 här
481 862 75 21 endast
571 867 50 15 vore
641 861 60 27 fråga
717 868 34 15 om
766 862 83 21 mindre
865 863 133 25 vattendrag,

172 896 48 15 men
241 890 47 21 icke
306 897 33 14 om
359 891 26 20 de
401 890 73 25 elfvar,
491 890 37 21 der
543 890 52 21 fiske
610 890 8 20 i
633 892 69 19 större
718 891 48 20 män
782 891 94 20 idkades.
907 891 48 20 Tolf
969 891 29 20 al-

172 925 39 14 nar
226 925 51 14 vore
293 919 107 20 dessutom
417 925 25 14 en
458 919 24 20 sä
497 919 112 20 inskränkt
624 919 74 24 bredd,
715 921 32 18 att
762 919 63 21 fisket
836 919 62 20 deraf
909 919 17 26 ej
938 919 60 21 häm-

172 947 79 23 mades,
269 947 39 21 och
324 947 36 21 det
375 953 50 15 vore
442 947 121 26 lämpligast
579 949 33 19 att
624 947 108 20 bibehälla
743 947 122 27 kungsädra
876 947 31 21 till
918 954 80 15 samma

172 975 66 21 bredd
261 975 33 21 för
317 976 42 20 alla
381 975 105 21 ändamål.
517 975 41 21 Det
578 975 78 27 nödiga
674 975 132 22 korrektivet
825 976 75 21 funnes
915 976 61 21 äfven
992 977 6 20 i

171 1003 93 27 följande
281 1004 17 27 $,
315 1004 36 21 der
368 1004 79 21 enhvar
463 1003 116 22 bibehälles
595 1004 35 21 vid
646 1004 31 21 sin
693 1004 57 21 förut
767 1005 91 26 lagligen
874 1011 69 14 vunna
955 1006 43 19 rät-

172 1032 68 26 tighet
255 1034 32 19 att
302 1033 116 20 inskränka
433 1032 128 27 kungsädra.

241 1095 89 21 Prosten
353 1095 77 21 doktor
450 1095 81 26 Bergh
551 1095 54 21 hade
621 1095 148 22 förekommits
785 1095 22 21 af
822 1095 77 22 doktor
915 1095 83 21 Hellen.

172 1124 9 20 I
197 1123 127 26 föregående
340 1125 11 26 $
367 1130 50 15 vore
433 1124 36 21 det
485 1123 60 26 fråga
558 1130 34 15 om
603 1123 81 22 sådana
697 1124 72 24 elfvar,
781 1125 37 20 der
828 1124 88 21 laxfiske
927 1123 71 21 kunde

171 1152 86 21 komma
272 1151 74 27 ifråga,
364 1153 39 20 och
419 1152 123 27 kungsådra
558 1158 49 15 vore
621 1152 46 27 just
681 1153 121 26 nödvändig
817 1152 33 21 för
865 1153 78 20 fiskens
958 1152 40 21 fria

171 1180 105 27 uppgång.

241 1243 155 26 Kyrkoherden
419 1243 123 21 Bäckvall
565 1243 88 20 anförde
676 1244 32 19 att
723 1243 8 20 i
747 1243 24 21 de
793 1243 97 26 nordliga
906 1242 92 21 elfvarne

171 1271 26 26 på
216 1271 107 26 grundare
345 1271 77 21 ställen
444 1272 107 20 användes
574 1273 128 24 tvärspator,
719 1277 45 16 som
779 1272 62 26 ginge
858 1271 58 21 öfver
932 1271 67 22 eltven

171 1299 39 21 och
233 1300 97 20 lemnade
354 1299 93 26 öppning
470 1300 32 21 till
524 1299 69 22 farled
615 1300 27 25 på
661 1306 40 15 ena
720 1300 67 21 sidan.
818 1299 40 21 Om
876 1299 27 27 på
919 1300 80 21 sådana

171 1328 76 20 ställen
269 1328 122 25 kungsådra
410 1328 69 20 skulle
495 1330 88 24 öppnas,
599 1328 24 20 så
638 1328 84 21 komme
737 1328 63 21 fisket
815 1329 33 19 att
864 1327 134 22 förminskas.

171 1356 89 20 Talaren
277 1356 74 20 trodde
368 1356 54 21 dock
433 1357 32 20 att
475 1356 74 21 härom
561 1362 75 20 genom
648 1356 77 27 nådiga
737 1356 141 21 resolutioner
891 1362 49 15 vore
954 1357 44 19 sär-

171 1384 64 21 skildt
251 1384 107 27 stadgadt,
375 1390 48 15 men
439 1384 61 22 äfven
516 1391 34 15 om
566 1386 18 23 ej
601 1384 70 21 skilda
681 1384 163 27 medgifvanden
856 1384 80 27 funnes,
948 1390 50 16 vore

171 1413 36 21 det
223 1413 58 20 svårt
296 1415 33 19 att
343 1413 27 27 gå
385 1413 48 20 från
449 1413 108 21 allmänna
573 1414 73 26 lagens
662 1413 139 26 stadganden.

238 1475 31 21 På
291 1475 156 26 framställning
463 1476 22 21 af
499 1476 49 21 herr
571 1475 142 26 talemannen,
736 1475 124 27 godkändes
882 1475 116 21 utskottets

171 1503 134 22 betänkande
321 1504 91 21 rörande
429 1504 69 21 denna
514 1505 16 25 $,
548 1504 47 21 med
611 1504 110 21 obestridd
737 1504 117 26 pluralitet.
