1109 1795
333 113 167 18 Presteståndet.
525 114 56 17 1867.
605 115 26 16 26
644 115 61 16 Mars.
865 111 41 20 305

105 200 224 27 grundlagsutskottet
344 199 55 21 hade
414 199 150 26 ridderskapet
579 199 40 21 och
634 199 74 21 adelns
723 199 163 28 ifrågavarande
900 202 36 21 be-

108 229 42 21 slut
166 228 123 21 framkallat
303 228 77 26 många
395 227 39 22 och
450 229 59 19 stora
524 227 140 27 svårigheter,
679 228 40 21 och
735 230 30 19 ett
775 229 80 21 ärende
865 229 71 22 kunde

107 257 18 26 ej
150 257 130 26 handläggas
301 256 71 21 förrän
394 256 59 21 detta
468 256 71 21 beslut
553 255 126 27 upphäfdes.
709 256 228 29 Grundlagsutskottet

107 285 55 21 hade
179 285 83 21 derföre
278 285 48 26 hyst
341 285 36 20 det
391 284 58 27 hopp
465 286 39 22 att,
522 285 66 20 sedan
604 284 141 26 lagutskottet
759 285 115 22 inkommit
888 287 49 21 med

107 313 129 22 hemställan
259 319 34 15 om
317 315 32 19 att
363 313 88 26 inbjuda
465 313 150 26 ridderskapet
631 313 39 20 och
685 313 61 21 adeln
762 316 33 19 att
809 315 75 27 frångå
899 315 38 21 sitt

108 342 71 21 beslut
201 341 92 22 rörande
313 341 138 21 konkursmål
474 341 40 21 och
537 341 67 21 andra
625 341 86 21 dermed
729 343 208 27 sammanhängande

108 371 78 27 frågor,
209 370 90 22 stånden
321 370 67 21 skulle
406 370 88 26 utvidga
510 369 69 22 denna
593 369 126 28 inbjudning
733 370 32 21 till
781 370 48 22 hela
844 371 92 22 beslutet

108 400 92 21 rörande
215 399 69 21 forum
299 398 164 27 privilegiatum.

178 456 144 26 Domprosten
347 455 66 26 Borg
434 455 55 20 hade
512 454 69 21 blifvit
605 454 144 22 förekommen
772 455 23 21 af
814 456 122 26 professorn

109 484 86 25 Geitlin,
211 484 49 20 med
276 483 84 22 hvilken
375 483 42 21 han
432 483 101 21 förenade
548 483 38 26 sig.

179 540 206 27 Kontraktsprosten
408 539 77 22 doktor
507 539 94 22 Hellén
624 540 65 26 ansåg
712 540 35 21 det
767 540 105 22 indiskret
892 543 45 20 mot

110 569 148 26 ridderskapet
281 569 39 21 och
343 568 61 21 adeln
423 570 32 19 att
469 568 86 21 sträcka
570 568 152 27 inbjudningen
738 569 72 26 längre
825 571 28 19 än
868 570 69 27 lagut-

110 597 81 21 skottet
207 597 115 27 föreslagit.

179 653 92 22 Prosten
286 653 146 26 Rosengren
447 653 101 21 förenade
565 653 32 26 sig
611 653 48 21 med
675 653 121 26 professorn
808 654 79 22 Geitlin
898 654 39 22 och

112 682 66 27 ansåg
193 684 32 19 att
240 682 86 21 ståndet
341 682 66 21 borde
425 681 89 22 omfatta
530 681 167 22 bondeståndets
712 682 79 27 förslag
805 683 33 21 till
853 683 85 26 inbjud-

112 711 55 26 ning,
184 717 45 14 som
245 710 70 27 gällde
331 710 48 21 hela
393 710 69 21 forum
477 710 164 26 privilegiatum.

181 767 56 21 Herr
251 767 135 21 talemannen
401 767 121 21 förklarade
538 767 36 21 det
589 767 42 21 han
647 767 18 26 ej
681 767 76 27 tydligt
764 767 108 27 uppfattat
882 768 56 21 hvad

112 795 167 22 bondeståndets
295 795 123 27 deputation
433 795 122 24 framställt,
570 795 99 22 hvarföre
679 796 84 21 ståndet
774 796 17 26 ej
803 797 28 26 på
842 798 31 19 ett
884 797 54 26 möj-

112 824 38 27 ligt
165 824 150 21 missförstånd
331 824 65 21 borde
410 824 82 27 grunda
508 825 32 20 ett
555 823 77 22 beslut.

181 881 144 26 Domprosten
343 881 66 26 Borg
424 881 92 26 föreslog
531 882 33 19 att
579 881 86 20 afvakta
680 881 197 27 protokollsutdrag
892 881 46 21 från

114 909 163 26 bondeståndet,
301 909 51 22 eller
373 915 76 20 genom
473 915 25 15 en
522 909 126 26 deputation
671 911 51 25 göra
738 910 31 26 sig
785 909 104 22 förvissad
904 916 34 15 om

114 938 46 21 dess
176 938 90 26 mening.

183 994 91 21 Prosten
294 994 136 21 Borenius
453 994 65 27 ansåg
541 996 32 19 att
595 996 70 25 steget
687 994 66 21 borde
769 995 61 26 tagas
845 994 49 21 fullt
909 997 29 24 ut,

114 1022 80 21 hvilket
210 1023 18 26 ej
245 1029 50 14 vore
310 1023 109 26 indiskret,
436 1023 27 20 då
478 1023 149 26 ridderskapet
642 1023 40 21 och
696 1023 71 21 adelns
778 1023 161 27 ifrågavarande

114 1051 71 21 beslut
200 1051 123 21 tillkommit
338 1057 75 20 genom
429 1057 26 15 en
470 1053 56 19 rösts
541 1051 116 26 pluralitet.

183 1107 31 21 På
236 1107 155 27 framställning
411 1107 22 22 af
453 1107 49 22 herr
517 1108 142 26 talemannen,
675 1108 68 21 beslöt
758 1107 85 22 ståndet
858 1109 32 19 att
905 1113 35 21 ge-

115 1142 49 15 nom
186 1142 25 15 en
235 1136 124 26 deputation
379 1138 52 25 göra
445 1137 32 26 sig
492 1137 141 20 underrättad
649 1143 33 15 om
698 1136 166 21 bondeståndets
879 1136 61 21 verk-

114 1164 43 27 liga
172 1164 90 26 mening.

187 1221 33 20 En
244 1221 131 26 deputation,
398 1221 75 21 anförd
494 1221 24 21 af
535 1221 122 26 professorn
673 1221 84 25 Geitlin,
773 1221 69 27 afgick
858 1221 83 22 derföre

115 1249 33 20 till
164 1249 157 21 bondeståndet
336 1249 7 21 i
358 1249 133 22 förenämndt
507 1250 104 21 ändamål.

184 1306 125 21 Emellertid
325 1306 132 27 föredrogos:

187 1363 39 21 1:o.
257 1362 38 22 Ett
317 1363 68 21 under
408 1363 40 21 den
467 1364 28 20 23
511 1363 58 21 Mars
584 1363 117 21 inkommet
715 1363 77 26 utdrag
807 1362 22 22 af
842 1362 99 27 borgare-

116 1391 96 22 ståndets
227 1391 108 27 protokoll
351 1391 32 22 för
399 1392 40 21 den
458 1393 25 20 19
499 1392 65 25 Mars,
580 1398 46 15 som
641 1392 39 21 här
695 1392 75 27 intogs,
787 1391 23 22 så
825 1391 100 27 lydande:

185 1448 144 27 »Föredrogs:
345 1448 68 22 Stats-
429 1449 38 21 och
483 1449 248 26 Bevillningsutskottets
741 1448 134 22 betänkande
888 1448 6 20 i
906 1454 36 15 an-

116 1477 86 26 ledning
218 1477 23 21 af
255 1477 59 21 Hans
329 1477 118 27 Kejserliga
462 1477 112 26 Majestäts
589 1477 83 27 Nädiga
685 1477 138 27 proposition,
834 1476 109 27 angäende

116 1505 82 21 inlösen
215 1505 22 22 af
251 1505 191 27 donationsgodsen
457 1506 7 20 i
479 1506 99 26 Wiborgs
593 1505 40 22 och
649 1505 32 23 S:t
697 1506 88 21 Michels
800 1506 41 20 län.

876 1544 22 17 20
