1109 1795
192 110 41 21 446
399 114 165 17 Presteståndet.
589 115 54 17 1867.
667 117 13 15 4
693 116 64 21 April.

162 199 82 22 hvilket
267 199 22 21 af
309 199 54 22 hans
385 201 68 26 syster
473 199 141 26 Hertiginnan
629 200 62 21 Anna
706 200 110 23 tillsändes
831 201 79 22 honom
926 203 64 26 1580;

163 228 40 21 och
226 227 71 26 likväl,
320 227 101 22 behöfver
441 227 38 27 jag
497 227 58 22 inom
571 228 59 21 detta
645 229 69 25 stånd,
730 229 33 20 för
778 229 80 22 hvilket
873 231 119 21 Danmarks

162 255 136 27 theologiska
321 255 112 24 litteratur,
455 255 93 22 särdeles
565 256 40 21 den
620 256 142 27 homiletiska,
779 259 23 19 är
817 259 25 20 så
856 259 34 20 väl
906 259 84 26 bekant,

163 284 49 21 med
227 284 76 26 många
319 284 39 21 ord
373 283 136 28 ådagalägga,
524 286 33 19 att
572 284 219 23 konkordieformelns
803 286 94 22 innehåll
907 293 85 20 genom-

162 313 73 26 trängt
251 312 69 21 denna
335 311 78 28 kyrkas
426 312 139 21 medvetande
577 312 43 21 lika
631 313 61 26 djupt
707 319 45 15 som
765 314 102 26 någonsin
881 315 39 21 den
931 321 61 16 sven-

162 341 40 21 ska
225 340 99 27 kyrkans.
355 341 118 26 Tysklands
495 341 95 26 exempel
613 341 142 27 ådagalägger
769 342 87 27 klarast,
874 343 54 22 huru
943 343 49 22 obe-

162 369 63 20 tänkt
241 369 69 20 denna
325 368 154 27 symbolskrifts
491 369 180 21 underkännande
681 375 57 16 vore.
769 370 46 21 Allt
825 377 51 20 mer,
885 371 23 26 ju
919 371 72 27 längre

163 397 40 21 har
218 397 47 21 dess
281 397 105 21 anseende
401 397 58 26 stigit
474 396 61 22 äfven
550 397 7 20 i
573 397 26 21 de
614 397 141 27 landskyrkor
771 399 37 21 der
823 399 42 21 hon
881 399 110 27 formligen

162 426 47 20 icke
224 425 55 22 varit
295 427 97 24 antagen,
409 425 38 21 och
464 425 36 21 det
515 426 27 25 på
559 425 35 21 det
610 426 54 21 enda
674 427 56 20 rätta
742 426 39 22 och
792 426 114 27 afgörande
916 428 74 26 grund,

162 453 76 27 skälet,
260 455 33 19 att
312 453 115 22 innehållet
441 453 8 21 i
463 453 69 21 henne
548 453 55 21 varit
618 453 230 23 öfverensstämmande
863 456 48 21 med
926 455 64 22 Skrif-

163 483 54 20 tens.
247 481 41 27 Jag
311 481 91 27 beropar
424 481 41 26 mig
483 481 7 20 i
506 481 73 26 frågan
595 488 34 15 om
645 482 136 22 erkännande
796 483 22 21 af
831 483 160 22 konkordiefor-

163 509 67 22 melns
245 509 130 27 symboliska
390 509 51 26 halt,
457 510 28 26 på
501 510 39 21 den
556 509 22 21 af
592 510 43 27 mig
649 511 66 20 redan
728 510 44 22 ofta
781 512 93 21 nämnda
884 512 106 21 Thomasii

163 538 140 26 vittnesbörd,
319 537 28 21 då
362 538 42 21 han
419 540 70 24 säger:
505 538 72 26 ,Huru
593 539 76 26 många
685 541 26 18 än
727 539 34 21 må
773 540 114 21 smädande
898 541 48 26 höja
959 541 31 21 sin

163 567 45 20 röst
227 567 57 20 emot
300 566 69 21 denna
385 567 37 20 vår
437 566 134 24 bekännelse,
586 566 62 26 ingen
665 567 22 20 af
701 567 48 21 dem
765 567 38 21 har
819 568 55 21 dock
888 569 102 26 någonsin

163 594 88 21 förmått
266 594 131 27 ådagalägga
412 596 32 19 att
459 594 49 21 dess
520 594 149 22 hufvudsatser
679 601 50 15 vore
742 595 108 22 stridande
862 599 58 18 emot
930 597 60 20 skrif-

162 625 43 18 ten.
236 622 90 21 Derföre
349 622 62 21 blifva
433 622 20 21 vi
476 622 53 21 faste
551 622 35 21 vid
608 623 92 21 Luthers
722 623 75 26 gamla,
823 624 106 21 välkända
945 626 44 25 ord,

164 651 48 20 med
228 651 82 20 mindre
325 650 20 21 vi
360 657 25 14 ur
401 650 93 21 Skriften
509 650 64 21 blifva
589 650 136 28 öfvertygade
741 657 35 16 om
791 654 66 19 annat
872 653 48 26 vilje
935 653 19 21 vi
970 654 18 26 ej

163 679 49 20 vika
230 678 89 22 tillbaka
335 685 18 14 o.
370 685 16 14 s.
403 685 17 14 v.
451 679 81 20 Endast
548 678 23 22 af
584 679 36 21 det
635 679 121 27 gudomliga
772 680 60 21 ordet
848 681 48 26 vilje
911 681 20 20 vi
946 681 43 22 låta

162 706 49 22 leda
227 713 34 15 oss
278 707 7 20 i
300 707 132 26 sanningen".

233 831 113 22 Härunder
369 831 76 21 ankom
466 831 39 21 och
526 833 93 24 mottogs
635 838 25 15 en
677 832 124 26 deputation
816 832 47 22 från
878 833 111 27 höglofliga

163 861 148 26 ridderskapet
326 860 39 21 och
381 859 68 26 adeln,
465 859 74 21 anförd
554 859 24 22 af
590 860 67 21 baron
669 860 66 27 Boije,
749 867 44 15 som
806 861 138 27 tillkännagaf
954 862 35 21 det

162 889 149 26 ridderskapet
333 888 40 21 och
396 888 68 26 adeln,
485 888 65 26 jemte
573 888 154 26 godkännande
747 889 22 21 af
787 889 155 22 instruktionen
957 890 33 21 för

162 916 197 27 bankfullmäktige,
378 915 33 22 för
431 916 31 21 sin
484 915 33 22 del
532 916 87 21 beslutit
635 918 32 19 att
682 917 32 20 till
731 917 121 22 densamma
867 918 122 27 ytterligare

162 945 71 26 bifoga
256 944 107 21 föreskrift
385 944 79 26 derom,
487 946 33 19 att
540 944 189 27 bankfullmäktige
745 945 60 27 ålåge
821 947 32 20 att
868 945 44 22 före
928 948 61 19 nästa

162 973 102 26 landtdag
280 973 65 26 draga
360 972 83 27 försorg
458 979 34 15 om
508 973 137 26 uppgörande
661 973 22 20 af
697 973 78 27 ritning
790 973 39 22 och
844 974 144 21 kostnadsför-

162 1001 47 27 slag
231 1001 32 21 till
285 1003 32 19 ett
340 1001 95 21 bankhus
457 1001 39 21 och
518 1001 77 20 föreslå
617 1003 65 24 utväg
701 1001 31 20 till
748 1001 120 22 beredande
883 1002 22 21 af
918 1003 71 20 härtill

162 1030 77 26 nödiga
255 1029 74 26 medel,
347 1028 106 22 äfvensom
469 1029 76 26 afgifva
561 1029 78 26 förslag
655 1029 32 21 till
703 1029 94 22 bankens
812 1030 130 27 ombildning
957 1031 32 20 till

162 1059 36 20 två
220 1057 69 22 skilda
312 1057 216 26 kreditinrättningar,
550 1057 22 21 af
593 1057 72 21 hvilka
688 1057 40 21 den
748 1065 45 18 ena,
809 1059 68 20 under
891 1065 62 14 namn
970 1059 22 21 af

162 1085 202 24 cirkulationsbank,
387 1085 67 21 skulle
477 1085 92 26 grundas
591 1086 28 25 på
641 1085 182 28 hypoteksfonden
839 1087 38 20 och
894 1087 95 21 enskilda

162 1114 70 21 aktier
247 1115 55 20 samt
317 1120 39 20 ega
371 1113 224 27 sedelutgifningsrätt,
612 1113 39 22 och
668 1114 41 21 den
724 1115 72 26 andra,
812 1115 67 21 under
894 1121 63 15 namn
969 1115 22 21 af

159 1141 181 27 jordbruksbank,
356 1142 69 21 bildas
437 1141 21 22 af
469 1142 40 21 den
520 1142 121 21 nuvarande
652 1142 106 27 primitiva
768 1143 77 21 fonden
856 1143 48 21 med
915 1143 73 27 bidrag

159 1170 79 27 jemväl
254 1170 21 21 af
290 1170 95 21 enskilda
399 1170 76 25 aktier,
491 1176 47 15 men
553 1170 47 21 icke
616 1176 38 21 ega
665 1170 224 27 sedelutgifningsrätt,
900 1171 88 21 hvarom

162 1198 39 21 allt
223 1198 157 27 prestaståndet
401 1204 75 21 genom
496 1198 197 27 protokollsutdrag
713 1199 67 21 skulle
796 1199 81 22 erhålla
892 1201 96 19 närmare

162 1227 162 26 underrättelse,
346 1228 56 19 samt
417 1226 72 27 inbjöd
504 1227 85 20 ståndet
605 1228 32 19 att
651 1227 7 20 i
673 1226 124 22 förberörda
812 1227 70 22 beslut
898 1227 89 27 deltaga.

162 1255 70 20 Sedan
248 1255 50 21 herr
313 1255 132 21 talemannen
461 1254 66 21 lofvat
542 1254 129 22 öfverlemna
686 1254 150 28 inbjudningen
852 1255 32 21 till
894 1255 95 22 ståndets

162 1283 140 26 ompröfning,
318 1283 120 26 aflägsnade
453 1283 32 26 sig
501 1283 157 26 deputationen,
675 1283 128 27 beledsagad
818 1284 69 21 såsom
903 1284 35 21 vid
953 1290 35 15 an-

162 1311 104 21 komsten.

231 1441 91 20 Prosten
338 1440 77 22 doktor
430 1441 146 26 Alopaeus
591 1441 84 26 yttrade
690 1441 61 21 härå:
767 1441 40 26 Jag
823 1441 92 26 begärde
928 1442 61 21 ordet

162 1468 33 21 för
217 1471 32 19 att
271 1470 57 25 yttra
351 1469 42 26 mig
415 1469 6 20 i
441 1475 81 15 samma
544 1468 53 27 syfte
621 1475 45 15 som
689 1471 72 25 pastor
776 1469 114 22 Helander.
920 1469 28 22 Af
963 1470 26 21 de

162 1497 77 26 många
261 1497 78 26 förslag
361 1503 46 15 som
429 1497 66 27 gjorts
518 1497 32 21 till
571 1497 112 22 redaktion
704 1497 21 22 af
739 1497 68 22 denna
824 1499 10 20 1
852 1499 11 25 8
878 1503 62 16 anser
952 1498 37 27 jag
