1109 1795
197 119 42 21 280
397 121 167 18 Presteståndet.
590 122 56 17 1867.
669 122 27 17 22
709 122 62 17 Mars.

167 210 81 21 herden
265 209 91 27 ogillade
372 208 85 21 derföre
473 208 117 21 utskottets
606 207 136 22 betänkande
754 208 39 21 och
804 208 49 21 ville
864 208 138 27 understödja

168 239 40 21 den
224 237 119 27 Kejserliga
358 237 167 27 propositionen.

237 294 90 20 Prosten
351 293 121 21 Hofdahl
495 291 95 28 yttrade:
613 292 205 21 Nationalkärleken
844 295 23 19 är
882 300 25 14 en
923 294 77 21 vacker

169 323 55 27 dygd
247 323 40 20 hos
309 322 74 26 hvarje
406 321 50 21 folk.
487 321 25 20 Vi
536 323 36 18 äro
596 327 81 14 samma
700 321 46 20 folk
769 321 78 21 likaväl
870 322 25 20 de
911 328 45 15 som
971 323 29 20 bo

169 353 58 20 öster
242 357 46 14 som
305 351 39 20 ock
360 350 25 21 de
401 351 71 20 vester
488 355 34 15 om
536 349 119 26 Kymmene
671 349 29 21 elf
714 349 89 25 boende,
819 350 68 21 ehuru
903 351 26 20 de
942 351 58 20 östli-

168 381 61 25 gaste
245 379 98 21 delarnes
358 378 101 21 invånare
475 378 55 20 varit
544 377 160 21 underkastade
720 384 26 14 en
757 378 93 21 särskild
861 379 139 26 lagstiftning.

169 408 63 22 Hvad
247 409 25 20 är
287 407 92 22 orsaken
394 406 87 22 härtill?
497 406 47 21 Den
559 407 33 20 att
608 406 25 21 de
647 405 77 27 ostliga
737 406 86 21 delarne
840 406 7 21 i
858 406 75 22 fordna
944 407 57 21 tider

169 437 98 26 utgjorde
287 436 69 21 finska
371 435 78 21 folkets
465 435 174 26 gränspostering
654 437 45 18 mot
713 436 32 19 ett
760 434 106 27 fiendtligt
882 436 55 20 land.
967 435 33 20 Då

170 465 36 21 det
228 471 29 14 nu
273 466 24 19 är
312 464 61 27 fråga
389 470 33 15 om
439 465 32 19 att
487 462 88 27 utplåna
591 463 78 26 spåren
684 462 64 22 häraf
762 463 39 20 och
817 463 95 22 likställa
927 463 73 21 allmo-

169 500 41 20 gen
225 493 7 21 i
249 493 69 21 denna
334 492 112 26 betryckta
461 491 97 21 landsdel
573 491 49 20 med
639 491 68 26 öfriga
722 491 84 21 trakter
821 492 23 20 af
858 492 72 21 landet
946 494 54 19 samt

169 522 57 26 gifva
246 521 23 21 åt
289 521 40 21 den
345 521 90 20 tillbaka
451 520 154 26 äganderätten
621 519 33 21 till
670 519 36 21 det
721 525 46 15 som
783 526 77 20 genom
876 520 124 27 maktspråk

170 550 65 26 tagits
258 550 50 20 bort
330 549 54 21 ifrån
409 549 47 24 den,
481 554 61 15 anser
556 548 35 26 jag
607 549 116 20 tvärtemot
737 548 151 26 kyrkoherden
904 549 96 25 Castrén,

170 579 107 20 utskottet
297 577 64 21 hafva
383 577 90 20 handlat
491 577 7 20 i
513 576 208 21 nationalkärlekens
737 577 61 20 anda.
828 577 66 21 Detta
910 583 48 15 vore
975 583 25 16 en

170 608 60 25 ringa
251 606 53 27 gärd
322 606 23 21 af
359 605 134 22 tacksamhet
508 607 44 19 mot
568 604 55 27 Gud,
640 611 45 14 som
701 605 78 21 skonat
794 605 36 21 det
846 605 68 26 öfriga
928 606 73 21 landet

170 635 47 21 från
234 635 25 20 de
279 635 100 20 lidanden
397 634 62 20 dessa
475 634 76 25 ostliga
567 633 60 21 delar
643 633 22 21 af
678 633 74 21 landet
766 634 55 20 varit
837 634 162 26 underkastade,

172 663 100 21 hvarföre
286 663 36 26 jag
337 662 28 26 på
381 663 36 20 det
432 663 106 20 varmaste
553 661 100 21 förordar
668 661 117 22 utskottets
800 662 85 27 förslag.

240 719 91 21 Prosten
355 719 136 20 Borenius
514 718 98 27 föreslog,
635 718 8 20 i
665 719 92 20 motsats
781 720 45 19 mot
852 719 148 26 kyrkoherden

172 749 96 22 Castrén,
289 750 32 18 att
337 748 42 20 5:te
394 748 118 20 momentet
527 747 67 20 skulle
610 748 89 24 antagas
715 747 70 20 såsom
801 747 106 21 utskottet
922 747 78 21 formu-

172 777 55 20 lerat
250 776 125 21 detsamma.
405 775 80 21 Finska
507 775 78 21 folkets
607 775 203 25 rättsmedvetande,
833 776 51 20 sade
906 777 93 25 prosten,

171 805 101 21 fordrade
289 804 48 21 dess
353 803 150 22 bibehållande
519 803 144 21 oförändradt.
695 803 47 21 Den
757 803 86 26 handel,
859 810 45 14 som
920 810 28 14 nu
963 810 37 15 var

171 834 7 20 i
193 833 67 26 fräga,
275 839 38 14 var
328 833 105 25 nemligen
449 832 23 21 af
483 833 88 25 säregen
583 831 156 26 beskaffenhet;
751 838 49 15 man
811 832 90 27 köpslog
912 833 89 20 sälunda

172 863 32 20 att
226 867 66 15 varan
313 861 6 20 i
334 861 107 26 köparens
456 860 57 21 hand
528 860 46 21 icke
589 866 60 15 mera
664 866 38 15 var
718 860 123 21 densamma
856 867 46 14 som
917 861 6 20 i
939 861 61 26 sälja-

172 896 55 19 rens,
250 891 33 19 att
303 889 76 26 jorden
400 889 41 20 blir
456 889 23 20 af
493 889 140 23 skattenatur,
650 888 27 21 dä
693 889 39 20 den
749 889 56 20 varit
820 889 23 20 af
856 889 72 21 frälse.
959 889 41 21 Det

172 919 108 20 allmänna
302 917 66 21 borde
391 917 84 21 derföre
498 917 63 20 träda
583 917 96 26 emellan,
703 919 32 18 att
757 917 18 26 ej
791 923 66 15 varan
873 917 6 20 i
896 917 104 26 köparens

172 947 57 20 hand
245 946 69 21 blefve
330 946 39 21 allt
379 945 34 21 för
423 946 85 25 mycket
519 947 76 20 sämre.
626 945 42 21 För
679 946 116 21 rättvisans
808 946 56 20 skull
874 945 66 26 ansäg
952 952 48 20 pro-

172 977 47 19 sten
232 975 35 21 det
287 975 82 20 derföre
383 974 52 21 böra
451 974 104 26 tilläggas,
567 975 32 20 att
611 974 43 21 alla
665 973 80 22 sädana
756 974 123 25 kostnader,
893 980 44 15 som
949 980 51 15 voro

172 1003 121 21 förbundna
317 1003 48 21 med
389 1003 212 26 jordlägenheternas
628 1002 115 27 öfvergäng
769 1003 32 20 till
823 1003 177 26 skattehemman,

173 1032 67 21 skulle
256 1031 105 22 bestridas
377 1031 22 21 af
414 1031 36 21 det
465 1031 114 21 allmänna.

242 1088 155 27 Kyrkoherden
413 1088 113 21 Juselius
541 1087 112 26 godkände
669 1088 6 19 i
691 1087 42 21 allo
745 1089 86 24 prosten
842 1087 70 28 Hjelts
926 1088 75 21 andra-

174 1117 68 26 gande
266 1123 34 14 om
323 1116 125 26 förändring
463 1115 23 21 af
498 1116 140 26 jordnaturen
655 1116 38 21 och
709 1116 66 26 ansäg
790 1117 6 20 i
812 1117 85 26 analogi
912 1117 48 20 med
976 1117 25 20 de

173 1145 93 26 grunder
289 1145 68 21 denne
381 1145 76 24 anfört,
481 1147 32 18 att
535 1144 81 21 kronan
632 1144 67 21 borde
716 1144 90 21 bekosta
821 1145 55 20 bäde
892 1145 108 21 storskifte

174 1173 39 22 och
236 1173 159 26 skattläggning
410 1173 23 20 af
447 1173 157 25 lägenheterna.
635 1172 155 27 Kyrkoherden
806 1174 82 24 trodde,
904 1175 32 18 att
952 1173 48 26 inga

173 1202 124 26 lägenheter
312 1202 6 20 i
334 1201 90 21 Finland
440 1201 100 21 bekostat
555 1201 40 21 den
611 1201 68 20 första
695 1201 185 26 skattläggningen
896 1201 38 20 och
947 1203 53 19 stor-

172 1230 80 25 skiftet,
276 1232 51 19 utan
350 1231 39 22 att,
411 1229 26 21 dä
453 1229 110 27 nybyggen
578 1229 108 26 anläggas,
702 1230 152 25 lägenheterna
870 1229 131 27 skattläggas

173 1259 39 20 och
236 1259 76 20 skiftas
334 1258 23 21 af
378 1258 89 21 kronan.
497 1258 42 21 Det
561 1264 45 15 som
628 1264 29 14 nu
678 1258 104 26 föreslogs
797 1265 37 14 var
850 1257 82 22 säledes
947 1259 53 20 intet

173 1287 109 26 undantag
297 1287 47 20 frän
361 1293 25 14 en
402 1287 78 20 allmän
497 1287 63 26 regel,
576 1286 99 21 hvarföre
691 1286 149 27 kyrkoherden
857 1286 27 26 pä
897 1287 35 20 det
943 1287 57 21 kraf-

173 1315 76 26 tigaste
265 1315 97 21 biträdde
378 1315 116 20 utskottets
510 1315 85 26 förslag.

241 1371 127 21 Professorn
392 1371 77 21 doktor
493 1370 113 22 Geitlin
629 1371 91 26 yttrade,
744 1373 32 19 att
794 1373 88 25 prosten
897 1371 103 21 Borenius

173 1402 71 19 ansett
260 1400 36 21 det
311 1406 52 15 vara
379 1400 108 21 stridande
504 1402 44 18 mot
563 1399 68 22 finska
647 1400 79 20 folkets
742 1400 138 23 rättskänsla,
894 1402 33 18 att
943 1400 56 21 hem-

173 1435 76 15 manen
273 1428 74 27 själfva
369 1428 68 21 skulle
453 1428 89 21 bekosta
558 1428 191 27 skattläggningen.
782 1428 71 26 Enligt
868 1427 133 27 professorns

173 1458 64 21 tanke
254 1463 50 16 vore
321 1457 35 21 det
373 1456 82 27 obilligt
471 1457 39 20 och
524 1457 107 20 stridande
648 1458 44 19 mot
704 1457 69 20 finska
783 1457 78 20 folkets
872 1457 128 20 rättskänsla

173 1487 32 19 att
221 1486 76 26 ålägga
313 1485 88 26 kronan,
419 1485 19 21 d.
454 1491 17 15 v.
488 1491 16 14 s.
520 1485 49 21 hela
584 1485 75 26 folket,
675 1485 68 21 denna
759 1485 98 21 kostnad.
888 1485 8 20 I
901 1485 100 26 enlighet

172 1514 49 21 med
236 1514 133 21 kanslirädet
385 1514 64 21 Reins
465 1514 131 20 reservation
612 1513 114 21 förordade
739 1513 121 26 professorn
874 1513 82 21 derföre
969 1515 32 20 att
