1109 1795
197 144 41 21 360
400 149 167 17 Presteståndet.
593 149 53 17 1867.
671 150 12 16 2
695 149 64 21 April.

237 234 85 21 Doktor
345 234 104 21 Hellén
473 235 95 25 svarade,
591 236 34 19 att
644 234 42 21 han
705 234 64 21 visste
785 236 32 19 att
833 234 59 21 detta
906 239 50 15 vore
971 233 27 21 fri

167 263 147 24 bankrörelse,
330 268 49 15 men
394 262 58 22 tiden
468 269 50 26 vore
534 263 71 21 dertill
621 263 39 21 hos
675 268 35 15 oss
725 264 58 19 ännu
798 262 18 27 ej
832 263 56 20 inne.

239 329 72 21 Sedan
335 330 147 21 diskussionen
497 330 95 21 härefter
608 329 107 27 afslutats,
730 329 134 22 framställde
879 329 49 22 herr
943 329 55 22 tale-

169 363 91 16 mannen
276 357 93 28 följande
385 358 141 27 proposition:

239 427 71 20 Anser
320 426 86 21 ståndet
417 429 31 18 att
459 427 71 27 någon
537 426 140 27 förändring
688 426 115 27 erfordras
813 426 9 20 i
832 426 57 20 hvad
899 426 99 20 sednaste

169 455 96 25 ständer,
289 454 116 28 kejserliga
425 455 165 26 propositionen
606 454 39 21 och
660 454 113 21 utskottets
789 453 133 22 betänkande
934 453 64 27 före-

170 483 66 28 slagit
251 483 113 27 angående
377 483 115 27 primitiva
504 483 99 27 fondens
619 482 120 21 ändamål?

239 551 132 20 Besvarades
392 551 48 21 med
458 551 25 21 18
499 551 37 26 nej
550 551 39 20 och
606 551 12 20 5
631 551 33 26 ja.
695 550 104 21 Häremot
815 550 135 21 reserverade
966 549 32 27 sig

171 581 88 24 prosten
276 579 64 26 Hjelt,
357 579 202 26 kontraktsprosten
571 579 61 21 Sirén
643 579 40 21 och
695 581 88 24 prosten
793 578 131 27 Rosengren.
946 578 54 21 Der-

171 607 54 22 efter
239 607 145 21 framställdes
399 607 92 27 följande
507 607 142 27 proposition:

242 669 131 20 Godkännes
398 669 7 20 i
427 669 69 27 öfrigt
518 671 29 19 12
569 675 62 15 mom.
654 669 67 27 enligt
740 669 111 20 utskottets
867 668 133 21 betänkande

172 698 51 21 eller
243 698 67 26 enligt
326 697 41 20 den
383 697 115 28 kejserliga
511 697 181 28 propositionen?
707 697 35 21 De
758 704 45 13 som
817 697 117 27 godkänna
950 697 50 20 här-

172 727 94 20 utinnan
283 725 112 21 utskottets
411 725 134 22 betänkande
561 732 65 14 svara
638 726 34 27 ja,
689 725 25 21 de
730 732 45 14 som
791 728 81 25 antaga
884 725 115 28 kejserliga

169 754 172 28 propositionen,
357 761 65 14 svara
438 755 42 26 nej.

241 817 133 21 Besvarades
389 817 48 21 med
455 817 25 20 16
492 817 28 27 ja
536 817 40 21 och
592 818 12 19 7
620 817 47 26 nej;
683 817 32 20 till
730 817 53 26 följd
797 816 77 21 hvaraf
884 816 116 21 utskottets

172 845 135 22 betänkande
320 845 6 20 i
339 845 70 21 denna
423 845 68 26 punkt
503 845 134 21 förklarades
647 845 71 21 såsom
729 846 92 25 antaget.
852 845 46 20 Mot
908 845 92 20 beslutet

171 873 138 22 reserverade
332 873 31 26 sig
385 873 128 22 doktorerne
528 873 71 27 Bergh
615 873 39 22 och
669 873 116 26 Alopaeus,
800 873 201 26 kontraktsprosten

173 902 60 21 Sirén
249 901 39 22 och
304 904 87 23 prosten
407 901 59 27 Hjelt
482 902 47 21 med
544 901 135 28 åberopande
691 902 22 21 af
723 902 46 21 sina
779 901 114 27 yttranden
904 901 6 21 i
919 902 82 24 ämnet;

172 930 108 21 äfvensom
296 932 87 24 prosten
399 930 129 27 Rosengren.

242 991 115 27 Angående
374 992 26 21 13
416 998 63 15 mom.
495 992 6 20 i
516 992 117 21 utskottets
649 992 136 21 betänkande
800 991 85 27 yttrade
900 992 38 26 sig.

242 1054 89 21 Prosten
355 1053 78 22 doktor
452 1054 96 26 Bergh,
564 1060 45 15 som
625 1054 66 27 ansåg
707 1054 36 21 det
759 1060 51 15 vara
825 1054 111 26 högeligen
952 1053 50 21 våd-

172 1083 39 26 ligt
227 1085 32 18 att
269 1083 121 20 utmönstra
404 1083 24 20 13
440 1089 62 14 mom.
516 1083 5 20 i
534 1083 41 20 den
588 1083 115 26 kejserliga
715 1082 165 27 propositionen.
911 1082 90 21 Talaren

173 1111 102 25 undrade,
299 1111 55 20 huru
374 1110 85 21 banken
474 1111 68 20 skulle
558 1111 72 20 kunna
645 1111 115 26 uppehälla
775 1111 94 20 rörelsen
886 1111 38 20 och
940 1117 61 20 gvar-

173 1139 58 21 hålla
253 1139 26 21 de
302 1139 48 21 med
373 1139 60 26 skryt
456 1139 115 21 omordade
594 1140 13 21 8
629 1139 134 21 millionerna
783 1139 6 21 i
812 1139 90 25 banken,
926 1139 27 20 då
968 1138 34 21 för

174 1168 81 20 nödens
278 1167 63 21 stund
365 1167 46 21 icke
433 1167 62 21 fanns
510 1170 65 18 annat
590 1168 6 20 i
613 1168 71 21 stället
700 1169 27 19 än
742 1168 118 21 utskottets
875 1167 79 26 förslag
970 1168 32 19 att

174 1195 34 22 för
230 1195 180 21 säkerställandet
432 1196 23 20 af
476 1196 108 21 sedlarnes
607 1196 105 25 inlösning
727 1195 191 27 bankfullmäktige
934 1195 68 21 skulle

173 1224 56 21 tillse
244 1226 32 19 att
291 1223 194 22 bankdirektionen
500 1224 6 21 i
522 1225 30 20 tid
568 1224 75 21 träffar
659 1225 78 25 nödiga
753 1224 100 27 åtgärder
868 1224 32 21 för
914 1225 32 19 att
956 1223 46 21 hin-

173 1253 39 20 dra
235 1252 40 21 den
298 1252 121 21 metalliska
442 1252 88 21 kassans
553 1253 162 26 nedsjunkande
737 1253 33 20 till
791 1253 12 20 8
818 1253 112 20 millioner.
960 1252 42 20 Det

173 1281 102 21 behöfdes
291 1280 134 27 sannerligen
441 1287 25 14 en
483 1281 110 20 tröstande
609 1281 133 26 upplysning,
759 1281 59 21 hvari
830 1281 62 20 dessa
902 1280 100 27 åtgärder

173 1309 68 21 skulle
257 1309 66 21 bestå.
355 1309 99 20 Bankens
471 1309 107 26 farligaste
594 1309 68 21 fiende
678 1315 50 15 vore
741 1310 62 26 lyxen
816 1309 39 20 och
868 1309 75 26 nöden,
954 1315 48 14 men

172 1337 77 21 främst
264 1338 160 24 missvexterna,
440 1337 72 21 hvilka
527 1337 154 21 åstadkommit
697 1344 25 14 en
738 1337 142 26 utströmning
893 1337 23 20 af
924 1337 78 25 silfver,

173 1371 44 15 som
241 1365 19 26 ej
284 1365 61 21 stode
367 1365 7 20 i
390 1365 81 26 någons
486 1366 60 20 makt
561 1368 32 18 att
609 1366 81 20 hindra.
721 1366 43 20 Det
779 1366 70 20 kunde
865 1365 34 21 väl
914 1365 90 21 föreslås

173 1393 64 27 något
253 1393 46 25 lån;
315 1399 47 15 men
379 1393 36 21 det
430 1400 50 15 vore
496 1394 119 27 obetydligt
630 1394 55 21 hvad
702 1394 84 21 banken
797 1393 119 26 förmådde;
928 1394 76 21 endast

172 1422 61 21 Hans
248 1421 111 26 Majestäts
375 1428 63 14 namn
454 1428 50 15 vore
520 1429 26 14 en
561 1423 85 26 garanti
662 1422 34 21 för
711 1425 32 18 ett
758 1422 111 21 utländskt
884 1422 43 25 lån;
941 1422 63 21 hvar-

172 1450 42 21 ken
237 1449 84 22 banken
344 1450 53 21 eller
420 1451 130 20 statsverket
565 1451 70 21 kunde
651 1451 58 26 gifva
723 1451 70 26 någon
809 1450 74 21 sådan.
913 1451 90 20 Talaren

173 1478 82 21 förstod
272 1477 85 22 derföre
373 1478 46 21 icke
436 1479 98 21 hvarföre
550 1485 26 15 en
592 1479 24 21 så
632 1479 120 26 nödvändig
767 1479 86 21 klausul
868 1485 38 14 var
921 1481 83 18 utmön-

173 1507 59 20 strad
248 1507 7 20 i
270 1507 154 26 betänkandet,
440 1507 38 21 och
495 1507 66 27 ansåg
577 1507 49 21 dess
638 1507 142 27 qvarstående
791 1507 150 26 oundvikligen
952 1507 52 20 nöd-

171 1535 84 26 vändig,
272 1535 55 20 huru
343 1537 26 18 än
386 1535 37 21 det
437 1535 62 27 ginge
514 1536 49 21 med
579 1535 156 22 betänkandets
751 1536 80 26 tillägg.
