1109 1795
340 121 166 18 Presteståndet.
531 122 55 17 1867.
611 123 23 16 12
646 122 62 17 Mars.
868 117 42 22 215

111 207 79 27 dröjas.
220 207 48 20 Men
292 207 32 20 ett
347 206 76 21 sådant
446 206 118 27 stadgande
585 212 51 15 vore
659 206 62 21 äfven
741 207 137 27 ogrannlaga,
893 208 46 21 ifall

112 235 137 27 arfvingarna
271 241 51 14 vore
344 235 105 26 myndiga.
480 234 31 27 Ty
533 241 35 14 om
591 234 143 23 förhållandet
748 241 51 16 vore
814 235 77 22 sådant
906 238 33 19 att

111 264 53 21 barn
181 264 18 26 ej
214 263 49 21 ville
279 269 99 20 processa
393 263 48 21 med
457 263 47 21 sina
519 263 112 25 föräldrar,
648 263 24 21 så
687 263 49 21 ville
751 269 42 21 nog
803 263 135 23 föräldrarne

111 292 62 21 äfven
196 292 91 21 barnens
309 291 68 21 bästa.
407 291 57 21 Barn
483 291 91 27 plägade
590 291 18 26 ej
625 291 67 21 önska
707 294 33 19 att
755 291 62 23 deras
832 293 107 22 föräldrar

110 320 52 27 gifte
179 326 34 15 om
228 320 41 26 sig;
285 319 132 21 föräldrarne
433 320 55 26 finge
504 319 85 22 derföre
604 326 42 20 nog
661 320 53 21 söka
727 320 86 26 jemnka
824 321 39 21 och
874 322 65 21 ställa

111 349 33 20 till
166 350 64 19 rätta.
247 361 27 2 —
288 348 11 21 I
319 348 99 21 afseende
439 348 12 21 å
467 348 41 21 den
523 348 75 27 gjorda
613 349 166 26 anmärkningen
796 355 34 15 om
846 350 92 27 förmyn-

112 377 50 22 dare
182 377 39 21 och
237 376 90 21 kurator
341 377 52 20 eller
408 377 41 26 god
465 383 56 14 man,
537 377 98 26 upplyste
651 377 82 20 talaren
749 379 32 18 att
796 377 107 22 utskottet
919 378 19 26 ej

111 405 111 27 föreslagit
237 405 65 27 något
317 405 107 21 bestämdt
439 405 118 26 stadgande
573 411 34 15 om
622 405 103 21 utseende
739 405 23 21 af
775 405 40 21 den
831 411 41 15 ena
887 405 52 22 eller

111 434 74 25 andra,
207 436 52 19 utan
282 433 48 21 låtit
345 433 76 21 sådant
443 434 52 20 bero
511 434 23 20 af
547 433 162 21 förhållandena
724 434 21 20 in
758 440 57 14 casu.
831 446 29 3 —
875 434 62 21 Hvad

111 461 250 27 straffbestämningarne
383 461 96 27 anginge,
504 462 66 26 ansåg
588 462 83 21 talaren
687 463 31 19 att
734 461 26 21 då
775 464 60 24 prest
850 469 89 14 numera

111 491 19 26 ej
146 490 71 21 kunde
232 489 56 22 förse
303 490 32 26 sig
349 492 52 19 utan
417 490 22 21 af
453 490 42 21 ond
510 490 57 27 vilja,
584 489 23 22 så
623 489 66 22 borde
704 490 41 21 han
761 490 61 21 äfven
837 491 58 20 hålla
906 491 33 21 till

110 519 56 26 godo
182 518 49 21 med
246 518 55 27 höga
317 518 67 25 böter,
401 524 44 15 som
461 518 63 21 äfven
540 518 132 27 rättvisligen
688 518 65 21 borde
769 525 52 14 vara
831 521 69 19 större
911 519 27 21 då

111 547 37 21 det
162 547 71 26 gällde
248 548 31 19 ett
292 547 69 21 rikare
374 547 34 20 bo.
439 547 45 21 Och
497 547 28 21 då
535 547 141 21 förseelserna
686 553 49 15 vore
748 547 23 20 så
782 547 155 26 mångahanda,

112 575 67 21 borde
201 575 19 26 ej
243 575 66 21 heller
331 575 126 26 suspension
479 575 49 22 med
551 581 26 15 en
599 575 43 21 viss
658 575 78 21 latitud
751 575 34 21 för
799 575 87 22 svårare
901 576 38 21 fall

111 604 107 21 klandras.
249 603 89 21 Talaren
362 603 116 27 tillstyrkte
501 603 121 27 antagande
645 603 23 21 af
691 604 247 21 utskottsbetänkandet.

111 627 128 26 Äterremiss
254 631 68 22 skulle
337 632 54 21 intet
406 633 89 25 uträtta,
512 634 52 19 utan
580 632 56 21 blott
651 631 22 22 få
688 633 103 20 utseende
806 633 23 20 af
840 635 31 19 ett
884 633 55 21 äter-

111 661 92 26 tagande
219 660 22 21 af
254 661 123 26 petitionen.

179 717 90 21 Prosten
292 716 149 27 Grönberg
463 716 103 22 förenade
589 717 31 26 sig
643 717 47 20 med
713 718 86 25 prosten
814 717 124 26 Rosengren

111 745 39 22 och
165 745 51 21 fann
231 745 95 21 hvarken
341 745 36 21 det
392 745 122 26 föreslagna
530 745 128 26 stadgandet
673 745 87 26 onödigt
776 745 51 22 eller
843 745 37 22 det
895 751 43 16 om-

111 774 80 21 ordade
213 773 102 21 förökade
338 773 98 22 besväret
458 773 34 22 för
510 773 105 26 allmogen
631 773 24 21 af
667 773 70 27 nägon
752 773 116 27 betydelse.
898 773 41 22 Till

110 802 128 21 bemötande
260 801 23 22 af
301 801 77 22 doktor
394 802 87 21 Hellöns
497 802 142 26 anmärkning
654 804 45 19 mot
713 801 161 27 upphäfvandet
888 802 24 21 af
924 803 14 20 2

111 830 13 27 $
140 831 26 20 12
182 830 49 26 kap.
247 829 25 22 G.
287 830 26 21 B.
328 830 90 21 anförde
433 831 84 20 talaren
534 832 33 19 att
582 830 93 21 nämnda
691 830 12 27 &
718 829 23 22 af
754 830 88 21 domare
852 830 86 21 betrak-

110 860 44 20 tats
176 858 69 21 säsom
265 859 125 26 antigverad
406 859 39 20 och
461 860 32 19 att
508 859 83 20 talaren
607 859 18 26 ej
641 859 56 21 varit
712 859 7 20 i
735 858 62 21 ständ
813 858 23 21 af
850 858 88 21 härads-

110 887 87 26 höfding
220 887 52 21 eller
294 887 146 26 borgmästare
464 887 83 21 erhälla
569 887 66 21 sädan
658 887 133 21 verifikation
814 887 24 21 af
851 887 87 26 borgen,

110 921 45 16 som
171 915 90 21 berörde
277 915 12 27 &
305 915 144 25 föreskrifver,
465 917 53 20 utan
533 915 92 27 nödgats
637 915 90 22 besvära
737 915 86 26 enkling
833 915 40 22 och
884 915 54 22 enka

110 943 48 22 med
180 943 89 28 idkeligt
293 944 96 26 löpande.
407 956 27 3 —
450 943 129 28 Omyndiges
601 945 44 20 rätt
660 950 51 15 vore
725 949 77 21 genom
817 950 65 21 nyare
896 944 43 21 för-

109 972 118 26 fattningar
249 972 134 26 säkerställd,
405 972 27 21 dä
447 973 36 20 det
499 972 102 27 tillhörde
616 972 145 27 förmyndare-
776 971 51 22 eller
842 973 96 20 kommu-

109 1001 116 20 nalnämnd
247 1002 32 19 att
294 1000 67 21 vårda
377 1001 32 26 sig
425 1001 79 21 derom.
535 1001 69 21 Äfven
619 1001 47 21 från
682 1001 68 21 denna
765 1000 109 27 synpunkt
888 1006 50 16 vore

110 1029 82 21 således
215 1028 80 27 borgen
317 1029 82 21 mindre
415 1029 71 26 nödig.
505 1041 23 3 —
546 1029 85 21 Doktor
646 1029 87 21 Helléns
747 1028 141 27 anmärkning
903 1035 35 15 om

109 1057 104 22 frånskild
227 1057 70 26 maka,
313 1063 45 15 som
374 1057 91 22 förlorat
481 1057 33 21 sin
526 1057 99 27 giftorätt
635 1057 40 22 och
686 1057 83 22 derföre
779 1057 67 21 borde
856 1057 82 21 undan-

109 1088 62 24 tagas
185 1085 48 21 frän
248 1085 148 27 skyldigheten
411 1087 34 20 att
459 1085 96 27 afvittra,
571 1092 50 15 vore
637 1085 88 22 alldeles
740 1084 131 27 öfverflödig,
887 1087 51 19 enär

109 1115 37 20 det
167 1114 47 21 icke
234 1119 51 16 vore
309 1113 60 26 fräga
388 1120 35 15 om
438 1116 33 19 att
486 1114 69 21 ändra
569 1114 117 21 bestäende
699 1114 34 27 lag
748 1114 7 21 i
770 1113 36 22 det
821 1113 117 22 afseendet.

109 1142 78 27 Många
209 1142 55 21 hade
287 1142 124 21 beskärmat
431 1143 32 26 sig
479 1142 60 21 öfver
554 1145 33 19 att
602 1149 109 20 processer
726 1142 90 21 emellan
831 1141 107 22 föräldrar

109 1171 40 21 och
165 1171 53 20 barn
232 1176 76 21 genom
323 1171 37 20 det
375 1177 42 20 nya
431 1171 138 26 lagförslaget
581 1171 68 21 skulle
660 1171 136 27 uppkomma.
826 1171 67 26 Ingen
904 1170 34 27 lag

108 1199 71 21 kunde
202 1199 54 21 dock
279 1198 74 27 afböja
377 1199 43 21 alla
441 1199 136 27 möjligheter
591 1200 33 20 till
639 1199 82 21 sådant.
752 1199 68 21 Afven
836 1199 103 26 anhöriga

108 1227 72 22 kunde
202 1227 48 22 frän
271 1227 33 21 sin
326 1227 47 21 sida
396 1228 108 27 uppställa
526 1228 76 21 hinder
623 1229 45 20 mot
683 1227 128 27 äktenskaps
827 1227 111 26 ingäende.

109 1255 82 22 Sädant
212 1262 50 15 vore
283 1255 18 27 ej
317 1255 67 22 heller
400 1256 45 21 bra.
475 1256 76 27 Nägon
567 1256 55 21 hade
638 1258 71 19 ansett
723 1257 33 20 att
771 1257 86 25 presten
873 1255 66 21 borde

108 1284 128 21 underrätta
251 1284 110 26 domaren,
376 1284 70 21 säsom
462 1285 7 20 i
484 1285 79 26 nädiga
578 1285 160 26 propositionen
749 1283 128 27 föreslagits.
900 1283 38 21 Ut-

108 1312 81 21 skottet
204 1311 55 22 hade
274 1312 71 21 funnit
359 1313 37 21 det
411 1319 59 15 mera
486 1313 232 22 öfverensstämmande
733 1313 49 20 med
797 1312 91 21 rättvisa
898 1311 40 22 och

108 1340 98 26 billighet
229 1342 32 19 att
283 1341 121 27 skyldighet
426 1341 35 21 till
481 1342 100 20 anmälan
597 1341 38 21 hos
651 1342 102 20 domaren
769 1340 72 21 älades
856 1341 83 25 parten.

108 1368 54 21 Hela
187 1368 64 27 syftet
273 1375 51 15 vore
339 1372 33 18 att
387 1369 68 21 befria
470 1371 112 26 presterna
597 1370 47 21 från
660 1369 129 27 heterogena
805 1368 133 27 åligganden.

108 1397 91 21 Talaren
221 1397 102 22 förenade
338 1399 32 25 sig
385 1398 7 21 i
408 1398 42 21 allo
467 1399 48 20 med
531 1400 87 25 prosten
634 1398 123 26 Rosengren
773 1397 40 22 och
827 1397 68 26 ansåg
910 1396 28 21 all

107 1425 111 22 rättsvåda
233 1432 76 21 genom
324 1426 243 22 utskottsbetänkandet
581 1426 122 28 förebyggd.

176 1482 140 27 Vicepastorn
353 1483 125 22 Johnsson
495 1483 66 27 ansåg
577 1485 32 19 att
625 1483 40 22 den
680 1489 41 21 nya
736 1481 152 27 förordningen
904 1487 35 16 om

107 1509 218 28 förmyndarevården
347 1511 70 22 blifvit
441 1511 34 22 för
497 1512 47 21 litet
563 1511 75 22 afsedd
653 1511 35 22 vid
703 1509 148 29 uppgörandet
866 1509 23 22 af
903 1509 37 22 det
