<?xml version="1.0" encoding="UTF-8"?>
<alto xmlns="http://www.loc.gov/standards/alto/ns-v3#" xmlns:xlink="http://www.w3.org/1999/xlink" xmlns:xsi="http://www.w3.org/2001/XMLSchema-instance" xsi:schemaLocation="http://www.loc.gov/standards/alto/ns-v3# http://www.loc.gov/alto/v3/alto-3-0.xsd">
	<Description>
		<MeasurementUnit>pixel</MeasurementUnit>
		<sourceImageInformation>
			<fileName>/tmp/tess_3wdgb4xq_input.PNG</fileName>
		</sourceImageInformation>
		<OCRProcessing ID="OCR_0">
			<ocrProcessingStep>
				<processingSoftware>
					<softwareName>tesseract 5.3.4</softwareName>
				</processingSoftware>
			</ocrProcessingStep>
		</OCRProcessing>
	</Description>
	<Layout>
		<Page WIDTH="1109" HEIGHT="1795" PHYSICAL_IMG_NR="0" ID="page_0">
			<PrintSpace HPOS="0" VPOS="0" WIDTH="1109" HEIGHT="1795">
				<GraphicalElement ID="cblock_0" HPOS="0" VPOS="295" WIDTH="6" HEIGHT="782"></GraphicalElement >
				<ComposedBlock ID="cblock_1" HPOS="222" VPOS="131" WIDTH="567" HEIGHT="22">
					<TextBlock ID="block_0" HPOS="222" VPOS="131" WIDTH="567" HEIGHT="22">
						<TextLine ID="line_0" HPOS="222" VPOS="131" WIDTH="567" HEIGHT="22">
							<String ID="string_0" HPOS="222" VPOS="131" WIDTH="28" HEIGHT="20" WC="0.96" CONTENT="48"/><SP WIDTH="184" VPOS="131" HPOS="250"/>
							<String ID="string_1" HPOS="434" VPOS="135" WIDTH="166" HEIGHT="18" WC="0.91" CONTENT="Presteståndet."/><SP WIDTH="26" VPOS="135" HPOS="600"/>
							<String ID="string_2" HPOS="626" VPOS="137" WIDTH="56" HEIGHT="16" WC="0.93" CONTENT="1867."/><SP WIDTH="23" VPOS="137" HPOS="682"/>
							<String ID="string_3" HPOS="705" VPOS="137" WIDTH="12" HEIGHT="16" WC="0.92" CONTENT="4"/><SP WIDTH="14" VPOS="137" HPOS="717"/>
							<String ID="string_4" HPOS="731" VPOS="137" WIDTH="58" HEIGHT="16" WC="0.91" CONTENT="Febr."/>
						</TextLine>
					</TextBlock>
				</ComposedBlock>
				<GraphicalElement ID="cblock_2" HPOS="198" VPOS="173" WIDTH="826" HEIGHT="6"></GraphicalElement >
				<ComposedBlock ID="cblock_3" HPOS="195" VPOS="221" WIDTH="832" HEIGHT="78">
					<TextBlock ID="block_1" HPOS="195" VPOS="221" WIDTH="832" HEIGHT="78">
						<TextLine ID="line_1" HPOS="265" VPOS="221" WIDTH="762" HEIGHT="26">
							<String ID="string_5" HPOS="265" VPOS="221" WIDTH="93" HEIGHT="21" WC="0.96" CONTENT="Prosten"/><SP WIDTH="15" VPOS="221" HPOS="358"/>
							<String ID="string_6" HPOS="373" VPOS="221" WIDTH="147" HEIGHT="26" WC="0.96" CONTENT="Grönberg"/><SP WIDTH="16" VPOS="221" HPOS="520"/>
							<String ID="string_7" HPOS="536" VPOS="221" WIDTH="108" HEIGHT="26" WC="0.86" CONTENT="framhöll,"/><SP WIDTH="17" VPOS="221" HPOS="644"/>
							<String ID="string_8" HPOS="661" VPOS="223" WIDTH="32" HEIGHT="19" WC="0.96" CONTENT="att"/><SP WIDTH="15" VPOS="223" HPOS="693"/>
							<String ID="string_9" HPOS="708" VPOS="221" WIDTH="86" HEIGHT="22" WC="0.96" CONTENT="ståndet"/><SP WIDTH="15" VPOS="221" HPOS="794"/>
							<String ID="string_10" HPOS="809" VPOS="221" WIDTH="35" HEIGHT="21" WC="0.96" CONTENT="vid"/><SP WIDTH="16" VPOS="221" HPOS="844"/>
							<String ID="string_11" HPOS="860" VPOS="223" WIDTH="83" HEIGHT="20" WC="0.93" CONTENT="senaste"/><SP WIDTH="14" VPOS="223" HPOS="943"/>
							<String ID="string_12" HPOS="957" VPOS="221" WIDTH="70" HEIGHT="22" WC="0.92" CONTENT="landt-"/>
						</TextLine>
						<TextLine ID="line_2" HPOS="195" VPOS="249" WIDTH="832" HEIGHT="27">
							<String ID="string_13" HPOS="195" VPOS="250" WIDTH="42" HEIGHT="26" WC="0.96" CONTENT="dag"/><SP WIDTH="16" VPOS="250" HPOS="237"/>
							<String ID="string_14" HPOS="253" VPOS="249" WIDTH="55" HEIGHT="22" WC="0.93" CONTENT="först"/><SP WIDTH="17" VPOS="249" HPOS="308"/>
							<String ID="string_15" HPOS="325" VPOS="249" WIDTH="103" HEIGHT="26" WC="0.91" CONTENT="afgjorde,"/><SP WIDTH="16" VPOS="249" HPOS="428"/>
							<String ID="string_16" HPOS="444" VPOS="256" WIDTH="33" HEIGHT="15" WC="0.96" CONTENT="om"/><SP WIDTH="18" VPOS="256" HPOS="477"/>
							<String ID="string_17" HPOS="495" VPOS="250" WIDTH="36" HEIGHT="21" WC="0.96" CONTENT="det"/><SP WIDTH="15" VPOS="250" HPOS="531"/>
							<String ID="string_18" HPOS="546" VPOS="252" WIDTH="65" HEIGHT="24" WC="0.95" CONTENT="antog"/><SP WIDTH="16" VPOS="252" HPOS="611"/>
							<String ID="string_19" HPOS="627" VPOS="256" WIDTH="26" HEIGHT="15" WC="0.95" CONTENT="en"/><SP WIDTH="16" VPOS="256" HPOS="653"/>
							<String ID="string_20" HPOS="669" VPOS="250" WIDTH="90" HEIGHT="26" WC="0.95" CONTENT="petition"/><SP WIDTH="14" VPOS="250" HPOS="759"/>
							<String ID="string_21" HPOS="773" VPOS="250" WIDTH="70" HEIGHT="21" WC="0.96" CONTENT="såsom"/><SP WIDTH="16" VPOS="250" HPOS="843"/>
							<String ID="string_22" HPOS="859" VPOS="251" WIDTH="37" HEIGHT="23" WC="0.96" CONTENT="sin,"/><SP WIDTH="16" VPOS="251" HPOS="896"/>
							<String ID="string_23" HPOS="912" VPOS="251" WIDTH="56" HEIGHT="20" WC="0.93" CONTENT="samt"/><SP WIDTH="12" VPOS="251" HPOS="968"/>
							<String ID="string_24" HPOS="980" VPOS="250" WIDTH="47" HEIGHT="21" WC="0.92" CONTENT="der-"/>
						</TextLine>
						<TextLine ID="line_3" HPOS="195" VPOS="278" WIDTH="727" HEIGHT="21">
							<String ID="string_25" HPOS="195" VPOS="278" WIDTH="56" HEIGHT="21" WC="0.96" CONTENT="efter"/><SP WIDTH="16" VPOS="278" HPOS="251"/>
							<String ID="string_26" HPOS="267" VPOS="278" WIDTH="140" HEIGHT="21" WC="0.96" CONTENT="remitterade"/><SP WIDTH="16" VPOS="278" HPOS="407"/>
							<String ID="string_27" HPOS="423" VPOS="279" WIDTH="125" HEIGHT="20" WC="0.96" CONTENT="densamma"/><SP WIDTH="15" VPOS="279" HPOS="548"/>
							<String ID="string_28" HPOS="563" VPOS="279" WIDTH="32" HEIGHT="20" WC="0.96" CONTENT="till"/><SP WIDTH="16" VPOS="279" HPOS="595"/>
							<String ID="string_29" HPOS="611" VPOS="279" WIDTH="97" HEIGHT="20" WC="0.93" CONTENT="enskilda"/><SP WIDTH="15" VPOS="279" HPOS="708"/>
							<String ID="string_30" HPOS="723" VPOS="279" WIDTH="199" HEIGHT="20" WC="0.91" CONTENT="besvärsutskottet."/>
						</TextLine>
					</TextBlock>
				</ComposedBlock>
				<ComposedBlock ID="cblock_4" HPOS="197" VPOS="333" WIDTH="831" HEIGHT="199">
					<TextBlock ID="block_2" HPOS="197" VPOS="333" WIDTH="831" HEIGHT="199">
						<TextLine ID="line_4" HPOS="266" VPOS="333" WIDTH="761" HEIGHT="28">
							<String ID="string_31" HPOS="266" VPOS="333" WIDTH="57" HEIGHT="22" WC="0.93" CONTENT="Herr"/><SP WIDTH="16" VPOS="333" HPOS="323"/>
							<String ID="string_32" HPOS="339" VPOS="335" WIDTH="138" HEIGHT="20" WC="0.92" CONTENT="talemannen"/><SP WIDTH="22" VPOS="335" HPOS="477"/>
							<String ID="string_33" HPOS="499" VPOS="335" WIDTH="83" HEIGHT="20" WC="0.96" CONTENT="fästade"/><SP WIDTH="24" VPOS="335" HPOS="582"/>
							<String ID="string_34" HPOS="606" VPOS="335" WIDTH="216" HEIGHT="26" WC="0.93" CONTENT="uppmärksamheten"/><SP WIDTH="23" VPOS="335" HPOS="822"/>
							<String ID="string_35" HPOS="845" VPOS="335" WIDTH="72" HEIGHT="26" WC="0.92" CONTENT="derpå,"/><SP WIDTH="23" VPOS="335" HPOS="917"/>
							<String ID="string_36" HPOS="940" VPOS="335" WIDTH="32" HEIGHT="20" WC="0.96" CONTENT="att"/><SP WIDTH="20" VPOS="335" HPOS="972"/>
							<String ID="string_37" HPOS="992" VPOS="335" WIDTH="35" HEIGHT="20" WC="0.96" CONTENT="vid"/>
						</TextLine>
						<TextLine ID="line_5" HPOS="197" VPOS="363" WIDTH="831" HEIGHT="27">
							<String ID="string_38" HPOS="197" VPOS="365" WIDTH="86" HEIGHT="19" WC="0.93" CONTENT="senaste"/><SP WIDTH="23" VPOS="365" HPOS="283"/>
							<String ID="string_39" HPOS="306" VPOS="363" WIDTH="103" HEIGHT="26" WC="0.89" CONTENT="landtdag"/><SP WIDTH="16" VPOS="363" HPOS="409"/>
							<String ID="string_40" HPOS="425" VPOS="363" WIDTH="7" HEIGHT="20" WC="0.96" CONTENT="i"/><SP WIDTH="17" VPOS="363" HPOS="432"/>
							<String ID="string_41" HPOS="449" VPOS="363" WIDTH="60" HEIGHT="21" WC="0.96" CONTENT="detta"/><SP WIDTH="22" VPOS="363" HPOS="509"/>
							<String ID="string_42" HPOS="531" VPOS="363" WIDTH="100" HEIGHT="21" WC="0.93" CONTENT="afseende"/><SP WIDTH="19" VPOS="363" HPOS="631"/>
							<String ID="string_43" HPOS="650" VPOS="363" WIDTH="97" HEIGHT="21" WC="0.92" CONTENT="förfarits"/><SP WIDTH="23" VPOS="363" HPOS="747"/>
							<String ID="string_44" HPOS="770" VPOS="363" WIDTH="28" HEIGHT="27" WC="0.96" CONTENT="på"/><SP WIDTH="22" VPOS="363" HPOS="798"/>
							<String ID="string_45" HPOS="820" VPOS="363" WIDTH="58" HEIGHT="21" WC="0.96" CONTENT="olika"/><SP WIDTH="20" VPOS="363" HPOS="878"/>
							<String ID="string_46" HPOS="898" VPOS="365" WIDTH="48" HEIGHT="24" WC="0.95" CONTENT="sätt,"/><SP WIDTH="20" VPOS="365" HPOS="946"/>
							<String ID="string_47" HPOS="966" VPOS="363" WIDTH="7" HEIGHT="20" WC="0.97" CONTENT="i"/><SP WIDTH="19" VPOS="363" HPOS="973"/>
							<String ID="string_48" HPOS="992" VPOS="363" WIDTH="36" HEIGHT="21" WC="0.96" CONTENT="det"/>
						</TextLine>
						<TextLine ID="line_6" HPOS="197" VPOS="391" WIDTH="831" HEIGHT="27">
							<String ID="string_49" HPOS="197" VPOS="391" WIDTH="146" HEIGHT="22" WC="0.96" CONTENT="förhållandet"/><SP WIDTH="16" VPOS="391" HPOS="343"/>
							<String ID="string_50" HPOS="359" VPOS="392" WIDTH="6" HEIGHT="20" WC="0.96" CONTENT="i"/><SP WIDTH="16" VPOS="392" HPOS="365"/>
							<String ID="string_51" HPOS="381" VPOS="391" WIDTH="74" HEIGHT="27" WC="0.96" CONTENT="början"/><SP WIDTH="17" VPOS="391" HPOS="455"/>
							<String ID="string_52" HPOS="472" VPOS="391" WIDTH="23" HEIGHT="21" WC="0.93" CONTENT="af"/><SP WIDTH="15" VPOS="391" HPOS="495"/>
							<String ID="string_53" HPOS="510" VPOS="392" WIDTH="128" HEIGHT="26" WC="0.91" CONTENT="landtdagen"/><SP WIDTH="16" VPOS="392" HPOS="638"/>
							<String ID="string_54" HPOS="654" VPOS="392" WIDTH="56" HEIGHT="20" WC="0.96" CONTENT="varit"/><SP WIDTH="15" VPOS="392" HPOS="710"/>
							<String ID="string_55" HPOS="725" VPOS="392" WIDTH="76" HEIGHT="21" WC="0.96" CONTENT="sådant"/><SP WIDTH="15" VPOS="392" HPOS="801"/>
							<String ID="string_56" HPOS="816" VPOS="394" WIDTH="87" HEIGHT="24" WC="0.96" CONTENT="prosten"/><SP WIDTH="13" VPOS="394" HPOS="903"/>
							<String ID="string_57" HPOS="916" VPOS="391" WIDTH="112" HEIGHT="27" WC="0.96" CONTENT="Grönberg"/>
						</TextLine>
						<TextLine ID="line_7" HPOS="199" VPOS="420" WIDTH="829" HEIGHT="28">
							<String ID="string_58" HPOS="199" VPOS="420" WIDTH="130" HEIGHT="27" WC="0.92" CONTENT="omförmält,"/><SP WIDTH="22" VPOS="420" HPOS="329"/>
							<String ID="string_59" HPOS="351" VPOS="426" WIDTH="48" HEIGHT="16" WC="0.96" CONTENT="men"/><SP WIDTH="23" VPOS="426" HPOS="399"/>
							<String ID="string_60" HPOS="422" VPOS="427" WIDTH="74" HEIGHT="15" WC="0.96" CONTENT="senare"/><SP WIDTH="17" VPOS="427" HPOS="496"/>
							<String ID="string_61" HPOS="513" VPOS="421" WIDTH="40" HEIGHT="20" WC="0.96" CONTENT="den"/><SP WIDTH="19" VPOS="421" HPOS="553"/>
							<String ID="string_62" HPOS="572" VPOS="420" WIDTH="126" HEIGHT="26" WC="0.96" CONTENT="förändring"/><SP WIDTH="15" VPOS="420" HPOS="698"/>
							<String ID="string_63" HPOS="713" VPOS="421" WIDTH="108" HEIGHT="27" WC="0.96" CONTENT="vidtagits,"/><SP WIDTH="17" VPOS="421" HPOS="821"/>
							<String ID="string_64" HPOS="838" VPOS="423" WIDTH="32" HEIGHT="19" WC="0.97" CONTENT="att"/><SP WIDTH="16" VPOS="423" HPOS="870"/>
							<String ID="string_65" HPOS="886" VPOS="421" WIDTH="42" HEIGHT="21" WC="0.93" CONTENT="alla"/><SP WIDTH="15" VPOS="421" HPOS="928"/>
							<String ID="string_66" HPOS="943" VPOS="421" WIDTH="85" HEIGHT="26" WC="0.92" CONTENT="petitio-"/>
						</TextLine>
						<TextLine ID="line_8" HPOS="198" VPOS="449" WIDTH="829" HEIGHT="25">
							<String ID="string_67" HPOS="198" VPOS="455" WIDTH="38" HEIGHT="14" WC="0.96" CONTENT="ner"/><SP WIDTH="23" VPOS="455" HPOS="236"/>
							<String ID="string_68" HPOS="259" VPOS="449" WIDTH="134" HEIGHT="20" WC="0.96" CONTENT="omedelbart"/><SP WIDTH="22" VPOS="449" HPOS="393"/>
							<String ID="string_69" HPOS="415" VPOS="450" WIDTH="148" HEIGHT="19" WC="0.95" CONTENT="remitterades"/><SP WIDTH="24" VPOS="450" HPOS="563"/>
							<String ID="string_70" HPOS="587" VPOS="450" WIDTH="32" HEIGHT="20" WC="0.95" CONTENT="till"/><SP WIDTH="26" VPOS="450" HPOS="619"/>
							<String ID="string_71" HPOS="645" VPOS="449" WIDTH="97" HEIGHT="20" WC="0.93" CONTENT="enskilda"/><SP WIDTH="25" VPOS="449" HPOS="742"/>
							<String ID="string_72" HPOS="767" VPOS="449" WIDTH="199" HEIGHT="25" WC="0.89" CONTENT="besvärsutskottet,"/><SP WIDTH="22" VPOS="449" HPOS="966"/>
							<String ID="string_73" HPOS="988" VPOS="449" WIDTH="39" HEIGHT="21" WC="0.96" CONTENT="och"/>
						</TextLine>
						<TextLine ID="line_9" HPOS="198" VPOS="477" WIDTH="829" HEIGHT="27">
							<String ID="string_74" HPOS="198" VPOS="477" WIDTH="94" HEIGHT="24" WC="0.96" CONTENT="ståndet,"/><SP WIDTH="17" VPOS="477" HPOS="292"/>
							<String ID="string_75" HPOS="309" VPOS="477" WIDTH="65" HEIGHT="21" WC="0.96" CONTENT="sedan"/><SP WIDTH="17" VPOS="477" HPOS="374"/>
							<String ID="string_76" HPOS="391" VPOS="477" WIDTH="26" HEIGHT="21" WC="0.96" CONTENT="de"/><SP WIDTH="16" VPOS="477" HPOS="417"/>
							<String ID="string_77" HPOS="433" VPOS="477" WIDTH="37" HEIGHT="21" WC="0.96" CONTENT="der"/><SP WIDTH="16" VPOS="477" HPOS="470"/>
							<String ID="string_78" HPOS="486" VPOS="477" WIDTH="135" HEIGHT="25" WC="0.93" CONTENT="behandlats,"/><SP WIDTH="16" VPOS="477" HPOS="621"/>
							<String ID="string_79" HPOS="637" VPOS="477" WIDTH="97" HEIGHT="26" WC="0.92" CONTENT="afgjorde"/><SP WIDTH="16" VPOS="477" HPOS="734"/>
							<String ID="string_80" HPOS="750" VPOS="477" WIDTH="104" HEIGHT="21" WC="0.96" CONTENT="huruvida"/><SP WIDTH="16" VPOS="477" HPOS="854"/>
							<String ID="string_81" HPOS="870" VPOS="478" WIDTH="36" HEIGHT="20" WC="0.96" CONTENT="det"/><SP WIDTH="15" VPOS="478" HPOS="906"/>
							<String ID="string_82" HPOS="921" VPOS="477" WIDTH="49" HEIGHT="27" WC="0.92" CONTENT="ville"/><SP WIDTH="22" VPOS="477" HPOS="970"/>
							<String ID="string_83" HPOS="992" VPOS="484" WIDTH="35" HEIGHT="15" WC="0.92" CONTENT="an-"/>
						</TextLine>
						<TextLine ID="line_10" HPOS="199" VPOS="505" WIDTH="268" HEIGHT="27">
							<String ID="string_84" HPOS="199" VPOS="508" WIDTH="50" HEIGHT="24" WC="0.96" CONTENT="taga"/><SP WIDTH="17" VPOS="508" HPOS="249"/>
							<String ID="string_85" HPOS="266" VPOS="505" WIDTH="47" HEIGHT="22" WC="0.96" CONTENT="dem"/><SP WIDTH="17" VPOS="505" HPOS="313"/>
							<String ID="string_86" HPOS="330" VPOS="505" WIDTH="70" HEIGHT="22" WC="0.96" CONTENT="såsom"/><SP WIDTH="16" VPOS="505" HPOS="400"/>
							<String ID="string_87" HPOS="416" VPOS="506" WIDTH="51" HEIGHT="20" WC="0.96" CONTENT="sina."/>
						</TextLine>
					</TextBlock>
				</ComposedBlock>
				<ComposedBlock ID="cblock_5" HPOS="199" VPOS="562" WIDTH="829" HEIGHT="141">
					<TextBlock ID="block_3" HPOS="199" VPOS="562" WIDTH="829" HEIGHT="141">
						<TextLine ID="line_11" HPOS="268" VPOS="562" WIDTH="760" HEIGHT="27">
							<String ID="string_88" HPOS="268" VPOS="563" WIDTH="143" HEIGHT="26" WC="0.91" CONTENT="Domprosten"/><SP WIDTH="16" VPOS="563" HPOS="411"/>
							<String ID="string_89" HPOS="427" VPOS="563" WIDTH="78" HEIGHT="20" WC="0.96" CONTENT="doktor"/><SP WIDTH="15" VPOS="563" HPOS="505"/>
							<String ID="string_90" HPOS="520" VPOS="563" WIDTH="71" HEIGHT="26" WC="0.96" CONTENT="Borg"/><SP WIDTH="15" VPOS="563" HPOS="591"/>
							<String ID="string_91" HPOS="606" VPOS="562" WIDTH="67" HEIGHT="27" WC="0.96" CONTENT="ansåg"/><SP WIDTH="15" VPOS="562" HPOS="673"/>
							<String ID="string_92" HPOS="688" VPOS="565" WIDTH="39" HEIGHT="24" WC="0.96" CONTENT="att,"/><SP WIDTH="14" VPOS="565" HPOS="727"/>
							<String ID="string_93" HPOS="741" VPOS="563" WIDTH="67" HEIGHT="21" WC="0.96" CONTENT="ehuru"/><SP WIDTH="13" VPOS="563" HPOS="808"/>
							<String ID="string_94" HPOS="821" VPOS="563" WIDTH="83" HEIGHT="21" WC="0.96" CONTENT="ståndet"/><SP WIDTH="11" VPOS="563" HPOS="904"/>
							<String ID="string_95" HPOS="915" VPOS="563" WIDTH="33" HEIGHT="20" WC="0.95" CONTENT="väl"/><SP WIDTH="10" VPOS="563" HPOS="948"/>
							<String ID="string_96" HPOS="958" VPOS="563" WIDTH="70" HEIGHT="26" WC="0.96" CONTENT="aldrig"/>
						</TextLine>
						<TextLine ID="line_12" HPOS="199" VPOS="591" WIDTH="828" HEIGHT="27">
							<String ID="string_97" HPOS="199" VPOS="591" WIDTH="70" HEIGHT="21" WC="0.96" CONTENT="såsom"/><SP WIDTH="16" VPOS="591" HPOS="269"/>
							<String ID="string_98" HPOS="285" VPOS="591" WIDTH="33" HEIGHT="20" WC="0.96" CONTENT="sin"/><SP WIDTH="15" VPOS="591" HPOS="318"/>
							<String ID="string_99" HPOS="333" VPOS="591" WIDTH="71" HEIGHT="20" WC="0.96" CONTENT="kunde"/><SP WIDTH="16" VPOS="591" HPOS="404"/>
							<String ID="string_100" HPOS="420" VPOS="593" WIDTH="78" HEIGHT="24" WC="0.96" CONTENT="antaga"/><SP WIDTH="21" VPOS="593" HPOS="498"/>
							<String ID="string_101" HPOS="519" VPOS="591" WIDTH="164" HEIGHT="26" WC="0.96" CONTENT="ifrågavarande"/><SP WIDTH="21" VPOS="591" HPOS="683"/>
							<String ID="string_102" HPOS="704" VPOS="592" WIDTH="97" HEIGHT="26" WC="0.96" CONTENT="petition,"/><SP WIDTH="21" VPOS="592" HPOS="801"/>
							<String ID="string_103" HPOS="822" VPOS="592" WIDTH="123" HEIGHT="21" WC="0.95" CONTENT="densamma"/><SP WIDTH="21" VPOS="592" HPOS="945"/>
							<String ID="string_104" HPOS="966" VPOS="592" WIDTH="61" HEIGHT="25" WC="0.95" CONTENT="dock,"/>
						</TextLine>
						<TextLine ID="line_13" HPOS="200" VPOS="619" WIDTH="827" HEIGHT="27">
							<String ID="string_105" HPOS="200" VPOS="619" WIDTH="70" HEIGHT="21" WC="0.96" CONTENT="såsom"/><SP WIDTH="16" VPOS="619" HPOS="270"/>
							<String ID="string_106" HPOS="286" VPOS="619" WIDTH="21" HEIGHT="21" WC="0.96" CONTENT="af"/><SP WIDTH="16" VPOS="619" HPOS="307"/>
							<String ID="string_107" HPOS="323" VPOS="626" WIDTH="25" HEIGHT="14" WC="0.92" CONTENT="en"/><SP WIDTH="16" VPOS="626" HPOS="348"/>
							<String ID="string_108" HPOS="364" VPOS="619" WIDTH="153" HEIGHT="22" WC="0.92" CONTENT="ståndsbroder"/><SP WIDTH="15" VPOS="619" HPOS="517"/>
							<String ID="string_109" HPOS="532" VPOS="620" WIDTH="99" HEIGHT="26" WC="0.91" CONTENT="ingifven,"/><SP WIDTH="17" VPOS="620" HPOS="631"/>
							<String ID="string_110" HPOS="648" VPOS="619" WIDTH="18" HEIGHT="26" WC="0.96" CONTENT="ej"/><SP WIDTH="17" VPOS="619" HPOS="666"/>
							<String ID="string_111" HPOS="683" VPOS="620" WIDTH="66" HEIGHT="21" WC="0.93" CONTENT="borde"/><SP WIDTH="17" VPOS="620" HPOS="749"/>
							<String ID="string_112" HPOS="766" VPOS="620" WIDTH="80" HEIGHT="21" WC="0.91" CONTENT="lemnas"/><SP WIDTH="22" VPOS="620" HPOS="846"/>
							<String ID="string_113" HPOS="868" VPOS="620" WIDTH="86" HEIGHT="21" WC="0.96" CONTENT="alldeles"/><SP WIDTH="22" VPOS="620" HPOS="954"/>
							<String ID="string_114" HPOS="976" VPOS="622" WIDTH="51" HEIGHT="19" WC="0.96" CONTENT="utan"/>
						</TextLine>
						<TextLine ID="line_14" HPOS="199" VPOS="648" WIDTH="829" HEIGHT="27">
							<String ID="string_115" HPOS="199" VPOS="648" WIDTH="94" HEIGHT="25" WC="0.92" CONTENT="afsende,"/><SP WIDTH="24" VPOS="648" HPOS="293"/>
							<String ID="string_116" HPOS="317" VPOS="650" WIDTH="58" HEIGHT="23" WC="0.96" CONTENT="utan,"/><SP WIDTH="26" VPOS="650" HPOS="375"/>
							<String ID="string_117" HPOS="401" VPOS="648" WIDTH="68" HEIGHT="21" WC="0.96" CONTENT="såsom"/><SP WIDTH="23" VPOS="648" HPOS="469"/>
							<String ID="string_118" HPOS="492" VPOS="649" WIDTH="23" HEIGHT="20" WC="0.96" CONTENT="af"/><SP WIDTH="21" VPOS="649" HPOS="515"/>
							<String ID="string_119" HPOS="536" VPOS="649" WIDTH="139" HEIGHT="25" WC="0.95" CONTENT="domprosten"/><SP WIDTH="22" VPOS="649" HPOS="675"/>
							<String ID="string_120" HPOS="697" VPOS="649" WIDTH="128" HEIGHT="26" WC="0.95" CONTENT="föreslagits,"/><SP WIDTH="26" VPOS="649" HPOS="825"/>
							<String ID="string_121" HPOS="851" VPOS="648" WIDTH="119" HEIGHT="21" WC="0.96" CONTENT="remitteras"/><SP WIDTH="26" VPOS="648" HPOS="970"/>
							<String ID="string_122" HPOS="996" VPOS="649" WIDTH="32" HEIGHT="20" WC="0.96" CONTENT="till"/>
						</TextLine>
						<TextLine ID="line_15" HPOS="200" VPOS="677" WIDTH="227" HEIGHT="26">
							<String ID="string_123" HPOS="200" VPOS="677" WIDTH="227" HEIGHT="26" WC="0.91" CONTENT="kyrkolagsutskottet."/>
						</TextLine>
					</TextBlock>
				</ComposedBlock>
				<ComposedBlock ID="cblock_6" HPOS="200" VPOS="733" WIDTH="828" HEIGHT="110">
					<TextBlock ID="block_4" HPOS="200" VPOS="733" WIDTH="828" HEIGHT="110">
						<TextLine ID="line_16" HPOS="270" VPOS="733" WIDTH="758" HEIGHT="27">
							<String ID="string_124" HPOS="270" VPOS="733" WIDTH="155" HEIGHT="27" WC="0.96" CONTENT="Kyrkoherden"/><SP WIDTH="16" VPOS="733" HPOS="425"/>
							<String ID="string_125" HPOS="441" VPOS="733" WIDTH="121" HEIGHT="22" WC="0.90" CONTENT="Castrén"/><SP WIDTH="20" VPOS="733" HPOS="562"/>
							<String ID="string_126" HPOS="582" VPOS="733" WIDTH="81" HEIGHT="21" WC="0.90" CONTENT="vidblef"/><SP WIDTH="14" VPOS="733" HPOS="663"/>
							<String ID="string_127" HPOS="677" VPOS="733" WIDTH="38" HEIGHT="21" WC="0.96" CONTENT="sitt"/><SP WIDTH="15" VPOS="733" HPOS="715"/>
							<String ID="string_128" HPOS="730" VPOS="733" WIDTH="59" HEIGHT="22" WC="0.95" CONTENT="förra"/><SP WIDTH="14" VPOS="733" HPOS="789"/>
							<String ID="string_129" HPOS="803" VPOS="733" WIDTH="102" HEIGHT="27" WC="0.93" CONTENT="yrkande,"/><SP WIDTH="21" VPOS="733" HPOS="905"/>
							<String ID="string_130" HPOS="926" VPOS="733" WIDTH="102" HEIGHT="21" WC="0.92" CONTENT="framhål-"/>
						</TextLine>
						<TextLine ID="line_17" HPOS="200" VPOS="761" WIDTH="828" HEIGHT="28">
							<String ID="string_131" HPOS="200" VPOS="763" WIDTH="70" HEIGHT="25" WC="0.95" CONTENT="lande,"/><SP WIDTH="16" VPOS="763" HPOS="270"/>
							<String ID="string_132" HPOS="286" VPOS="763" WIDTH="7" HEIGHT="20" WC="0.96" CONTENT="i"/><SP WIDTH="16" VPOS="763" HPOS="293"/>
							<String ID="string_133" HPOS="309" VPOS="763" WIDTH="90" HEIGHT="20" WC="0.96" CONTENT="motsats"/><SP WIDTH="24" VPOS="763" HPOS="399"/>
							<String ID="string_134" HPOS="423" VPOS="763" WIDTH="32" HEIGHT="20" WC="0.96" CONTENT="till"/><SP WIDTH="23" VPOS="763" HPOS="455"/>
							<String ID="string_135" HPOS="478" VPOS="763" WIDTH="203" HEIGHT="26" WC="0.96" CONTENT="kontraktsprosten"/><SP WIDTH="22" VPOS="763" HPOS="681"/>
							<String ID="string_136" HPOS="703" VPOS="762" WIDTH="78" HEIGHT="21" WC="0.92" CONTENT="doktor"/><SP WIDTH="16" VPOS="762" HPOS="781"/>
							<String ID="string_137" HPOS="797" VPOS="762" WIDTH="82" HEIGHT="25" WC="0.92" CONTENT="Hellén,"/><SP WIDTH="16" VPOS="762" HPOS="879"/>
							<String ID="string_138" HPOS="895" VPOS="764" WIDTH="33" HEIGHT="19" WC="0.96" CONTENT="att"/><SP WIDTH="15" VPOS="764" HPOS="928"/>
							<String ID="string_139" HPOS="943" VPOS="761" WIDTH="85" HEIGHT="22" WC="0.96" CONTENT="ståndet"/>
						</TextLine>
						<TextLine ID="line_18" HPOS="200" VPOS="791" WIDTH="826" HEIGHT="26">
							<String ID="string_140" HPOS="200" VPOS="793" WIDTH="45" HEIGHT="18" WC="0.96" CONTENT="mot"/><SP WIDTH="16" VPOS="793" HPOS="245"/>
							<String ID="string_141" HPOS="261" VPOS="791" WIDTH="66" HEIGHT="20" WC="0.96" CONTENT="slutet"/><SP WIDTH="22" VPOS="791" HPOS="327"/>
							<String ID="string_142" HPOS="349" VPOS="791" WIDTH="23" HEIGHT="20" WC="0.93" CONTENT="af"/><SP WIDTH="22" VPOS="791" HPOS="372"/>
							<String ID="string_143" HPOS="394" VPOS="791" WIDTH="112" HEIGHT="20" WC="0.92" CONTENT="sisthällna"/><SP WIDTH="15" VPOS="791" HPOS="506"/>
							<String ID="string_144" HPOS="521" VPOS="791" WIDTH="103" HEIGHT="26" WC="0.92" CONTENT="Jandtdag"/><SP WIDTH="20" VPOS="791" HPOS="624"/>
							<String ID="string_145" HPOS="644" VPOS="791" WIDTH="18" HEIGHT="26" WC="0.96" CONTENT="ej"/><SP WIDTH="16" VPOS="791" HPOS="662"/>
							<String ID="string_146" HPOS="678" VPOS="791" WIDTH="71" HEIGHT="21" WC="0.96" CONTENT="såsom"/><SP WIDTH="16" VPOS="791" HPOS="749"/>
							<String ID="string_147" HPOS="765" VPOS="791" WIDTH="46" HEIGHT="20" WC="0.96" CONTENT="sina"/><SP WIDTH="16" VPOS="791" HPOS="811"/>
							<String ID="string_148" HPOS="827" VPOS="797" WIDTH="53" HEIGHT="20" WC="0.96" CONTENT="egna"/><SP WIDTH="16" VPOS="797" HPOS="880"/>
							<String ID="string_149" HPOS="896" VPOS="792" WIDTH="64" HEIGHT="25" WC="0.93" CONTENT="antog"/><SP WIDTH="14" VPOS="792" HPOS="960"/>
							<String ID="string_150" HPOS="974" VPOS="791" WIDTH="52" HEIGHT="26" WC="0.92" CONTENT="peti-"/>
						</TextLine>
						<TextLine ID="line_19" HPOS="200" VPOS="819" WIDTH="826" HEIGHT="24">
							<String ID="string_151" HPOS="200" VPOS="819" WIDTH="77" HEIGHT="24" WC="0.96" CONTENT="tioner,"/><SP WIDTH="16" VPOS="819" HPOS="277"/>
							<String ID="string_152" HPOS="293" VPOS="819" WIDTH="64" HEIGHT="20" WC="0.96" CONTENT="innan"/><SP WIDTH="16" VPOS="819" HPOS="357"/>
							<String ID="string_153" HPOS="373" VPOS="819" WIDTH="108" HEIGHT="21" WC="0.96" CONTENT="desamma"/><SP WIDTH="15" VPOS="819" HPOS="481"/>
							<String ID="string_154" HPOS="496" VPOS="820" WIDTH="148" HEIGHT="21" WC="0.96" CONTENT="remitterades"/><SP WIDTH="16" VPOS="820" HPOS="644"/>
							<String ID="string_155" HPOS="660" VPOS="819" WIDTH="32" HEIGHT="21" WC="0.95" CONTENT="till"/><SP WIDTH="16" VPOS="819" HPOS="692"/>
							<String ID="string_156" HPOS="708" VPOS="819" WIDTH="97" HEIGHT="21" WC="0.93" CONTENT="enskilda"/><SP WIDTH="22" VPOS="819" HPOS="805"/>
							<String ID="string_157" HPOS="827" VPOS="819" WIDTH="199" HEIGHT="21" WC="0.91" CONTENT="besvärsutskottet."/>
						</TextLine>
					</TextBlock>
				</ComposedBlock>
				<ComposedBlock ID="cblock_7" HPOS="197" VPOS="876" WIDTH="831" HEIGHT="83">
					<TextBlock ID="block_5" HPOS="197" VPOS="876" WIDTH="831" HEIGHT="83">
						<TextLine ID="line_20" HPOS="270" VPOS="876" WIDTH="758" HEIGHT="27">
							<String ID="string_158" HPOS="270" VPOS="876" WIDTH="57" HEIGHT="21" WC="0.93" CONTENT="Herr"/><SP WIDTH="14" VPOS="876" HPOS="327"/>
							<String ID="string_159" HPOS="341" VPOS="876" WIDTH="137" HEIGHT="21" WC="0.92" CONTENT="talemannen"/><SP WIDTH="15" VPOS="876" HPOS="478"/>
							<String ID="string_160" HPOS="493" VPOS="876" WIDTH="94" HEIGHT="27" WC="0.96" CONTENT="frågade,"/><SP WIDTH="16" VPOS="876" HPOS="587"/>
							<String ID="string_161" HPOS="603" VPOS="877" WIDTH="106" HEIGHT="20" WC="0.96" CONTENT="huruvida"/><SP WIDTH="16" VPOS="877" HPOS="709"/>
							<String ID="string_162" HPOS="725" VPOS="876" WIDTH="18" HEIGHT="26" WC="0.96" CONTENT="ej"/><SP WIDTH="20" VPOS="876" HPOS="743"/>
							<String ID="string_163" HPOS="763" VPOS="877" WIDTH="34" HEIGHT="20" WC="0.96" CONTENT="vid"/><SP WIDTH="22" VPOS="877" HPOS="797"/>
							<String ID="string_164" HPOS="819" VPOS="878" WIDTH="84" HEIGHT="19" WC="0.93" CONTENT="senaste"/><SP WIDTH="23" VPOS="878" HPOS="903"/>
							<String ID="string_165" HPOS="926" VPOS="876" WIDTH="102" HEIGHT="26" WC="0.91" CONTENT="landtdag"/>
						</TextLine>
						<TextLine ID="line_21" HPOS="200" VPOS="904" WIDTH="827" HEIGHT="27">
							<String ID="string_166" HPOS="200" VPOS="904" WIDTH="115" HEIGHT="27" WC="0.92" CONTENT="petitioner"/><SP WIDTH="16" VPOS="904" HPOS="315"/>
							<String ID="string_167" HPOS="331" VPOS="905" WIDTH="100" HEIGHT="20" WC="0.96" CONTENT="stundom"/><SP WIDTH="16" VPOS="905" HPOS="431"/>
							<String ID="string_168" HPOS="447" VPOS="905" WIDTH="135" HEIGHT="21" WC="0.96" CONTENT="förkastades"/><SP WIDTH="16" VPOS="905" HPOS="582"/>
							<String ID="string_169" HPOS="598" VPOS="907" WIDTH="51" HEIGHT="18" WC="0.96" CONTENT="utan"/><SP WIDTH="19" VPOS="907" HPOS="649"/>
							<String ID="string_170" HPOS="668" VPOS="905" WIDTH="81" HEIGHT="24" WC="0.96" CONTENT="remiss,"/><SP WIDTH="24" VPOS="905" HPOS="749"/>
							<String ID="string_171" HPOS="773" VPOS="904" WIDTH="81" HEIGHT="22" WC="0.96" CONTENT="hvilket"/><SP WIDTH="23" VPOS="904" HPOS="854"/>
							<String ID="string_172" HPOS="877" VPOS="905" WIDTH="22" HEIGHT="20" WC="0.96" CONTENT="af"/><SP WIDTH="20" VPOS="905" HPOS="899"/>
							<String ID="string_173" HPOS="919" VPOS="904" WIDTH="50" HEIGHT="21" WC="0.93" CONTENT="flere"/><SP WIDTH="23" VPOS="904" HPOS="969"/>
							<String ID="string_174" HPOS="992" VPOS="905" WIDTH="35" HEIGHT="20" WC="0.92" CONTENT="be-"/>
						</TextLine>
						<TextLine ID="line_22" HPOS="197" VPOS="933" WIDTH="97" HEIGHT="26">
							<String ID="string_175" HPOS="197" VPOS="933" WIDTH="97" HEIGHT="26" WC="0.87" CONTENT="jakades."/>
						</TextLine>
					</TextBlock>
				</ComposedBlock>
				<ComposedBlock ID="cblock_8" HPOS="201" VPOS="990" WIDTH="827" HEIGHT="113">
					<TextBlock ID="block_6" HPOS="201" VPOS="990" WIDTH="827" HEIGHT="113">
						<TextLine ID="line_23" HPOS="270" VPOS="990" WIDTH="758" HEIGHT="27">
							<String ID="string_176" HPOS="270" VPOS="990" WIDTH="144" HEIGHT="26" WC="0.92" CONTENT="Domprosten"/><SP WIDTH="16" VPOS="990" HPOS="414"/>
							<String ID="string_177" HPOS="430" VPOS="991" WIDTH="78" HEIGHT="20" WC="0.96" CONTENT="doktor"/><SP WIDTH="15" VPOS="991" HPOS="508"/>
							<String ID="string_178" HPOS="523" VPOS="991" WIDTH="73" HEIGHT="26" WC="0.95" CONTENT="Borg"/><SP WIDTH="15" VPOS="991" HPOS="596"/>
							<String ID="string_179" HPOS="611" VPOS="990" WIDTH="48" HEIGHT="21" WC="0.96" CONTENT="ville"/><SP WIDTH="17" VPOS="990" HPOS="659"/>
							<String ID="string_180" HPOS="676" VPOS="991" WIDTH="47" HEIGHT="20" WC="0.96" CONTENT="icke"/><SP WIDTH="12" VPOS="991" HPOS="723"/>
							<String ID="string_181" HPOS="735" VPOS="992" WIDTH="33" HEIGHT="19" WC="0.96" CONTENT="att"/><SP WIDTH="15" VPOS="992" HPOS="768"/>
							<String ID="string_182" HPOS="783" VPOS="990" WIDTH="161" HEIGHT="27" WC="0.93" CONTENT="ifrågavarande"/><SP WIDTH="22" VPOS="990" HPOS="944"/>
							<String ID="string_183" HPOS="966" VPOS="990" WIDTH="62" HEIGHT="21" WC="0.90" CONTENT="skrif-"/>
						</TextLine>
						<TextLine ID="line_24" HPOS="201" VPOS="1019" WIDTH="826" HEIGHT="26">
							<String ID="string_184" HPOS="201" VPOS="1019" WIDTH="56" HEIGHT="20" WC="0.92" CONTENT="velse"/><SP WIDTH="17" VPOS="1019" HPOS="257"/>
							<String ID="string_185" HPOS="274" VPOS="1019" WIDTH="69" HEIGHT="20" WC="0.96" CONTENT="skulle"/><SP WIDTH="16" VPOS="1019" HPOS="343"/>
							<String ID="string_186" HPOS="359" VPOS="1019" WIDTH="117" HEIGHT="21" WC="0.96" CONTENT="behandlas"/><SP WIDTH="15" VPOS="1019" HPOS="476"/>
							<String ID="string_187" HPOS="491" VPOS="1019" WIDTH="70" HEIGHT="21" WC="0.96" CONTENT="såsom"/><SP WIDTH="16" VPOS="1019" HPOS="561"/>
							<String ID="string_188" HPOS="577" VPOS="1019" WIDTH="96" HEIGHT="26" WC="0.95" CONTENT="petition,"/><SP WIDTH="17" VPOS="1019" HPOS="673"/>
							<String ID="string_189" HPOS="690" VPOS="1021" WIDTH="52" HEIGHT="19" WC="0.96" CONTENT="utan"/><SP WIDTH="18" VPOS="1021" HPOS="742"/>
							<String ID="string_190" HPOS="760" VPOS="1021" WIDTH="32" HEIGHT="19" WC="0.96" CONTENT="att"/><SP WIDTH="23" VPOS="1021" HPOS="792"/>
							<String ID="string_191" HPOS="815" VPOS="1019" WIDTH="122" HEIGHT="21" WC="0.95" CONTENT="densamma"/><SP WIDTH="23" VPOS="1019" HPOS="937"/>
							<String ID="string_192" HPOS="960" VPOS="1019" WIDTH="67" HEIGHT="20" WC="0.95" CONTENT="skulle"/>
						</TextLine>
						<TextLine ID="line_25" HPOS="201" VPOS="1047" WIDTH="826" HEIGHT="26">
							<String ID="string_193" HPOS="201" VPOS="1047" WIDTH="108" HEIGHT="21" WC="0.93" CONTENT="meddelas"/><SP WIDTH="24" VPOS="1047" HPOS="309"/>
							<String ID="string_194" HPOS="333" VPOS="1047" WIDTH="221" HEIGHT="26" WC="0.91" CONTENT="kyrkolagsutskottet"/><SP WIDTH="23" VPOS="1047" HPOS="554"/>
							<String ID="string_195" HPOS="577" VPOS="1048" WIDTH="27" HEIGHT="21" WC="0.90" CONTENT="ad"/><SP WIDTH="24" VPOS="1048" HPOS="604"/>
							<String ID="string_196" HPOS="628" VPOS="1048" WIDTH="104" HEIGHT="25" WC="0.90" CONTENT="notitiam,"/><SP WIDTH="23" VPOS="1048" HPOS="732"/>
							<String ID="string_197" HPOS="755" VPOS="1047" WIDTH="81" HEIGHT="22" WC="0.96" CONTENT="hvilket"/><SP WIDTH="21" VPOS="1047" HPOS="836"/>
							<String ID="string_198" HPOS="857" VPOS="1047" WIDTH="121" HEIGHT="21" WC="0.95" CONTENT="förfarande"/><SP WIDTH="15" VPOS="1047" HPOS="978"/>
							<String ID="string_199" HPOS="993" VPOS="1047" WIDTH="34" HEIGHT="21" WC="0.96" CONTENT="vid"/>
						</TextLine>
						<TextLine ID="line_26" HPOS="201" VPOS="1076" WIDTH="526" HEIGHT="27">
							<String ID="string_200" HPOS="201" VPOS="1078" WIDTH="85" HEIGHT="18" WC="0.93" CONTENT="senaste"/><SP WIDTH="15" VPOS="1078" HPOS="286"/>
							<String ID="string_201" HPOS="301" VPOS="1076" WIDTH="102" HEIGHT="26" WC="0.91" CONTENT="landtdag"/><SP WIDTH="16" VPOS="1076" HPOS="403"/>
							<String ID="string_202" HPOS="419" VPOS="1076" WIDTH="56" HEIGHT="21" WC="0.96" CONTENT="inom"/><SP WIDTH="16" VPOS="1076" HPOS="475"/>
							<String ID="string_203" HPOS="491" VPOS="1077" WIDTH="43" HEIGHT="20" WC="0.96" CONTENT="alla"/><SP WIDTH="14" VPOS="1077" HPOS="534"/>
							<String ID="string_204" HPOS="548" VPOS="1076" WIDTH="62" HEIGHT="21" WC="0.96" CONTENT="stånd"/><SP WIDTH="17" VPOS="1076" HPOS="610"/>
							<String ID="string_205" HPOS="627" VPOS="1076" WIDTH="100" HEIGHT="27" WC="0.96" CONTENT="iakttogs."/>
						</TextLine>
					</TextBlock>
				</ComposedBlock>
				<ComposedBlock ID="cblock_9" HPOS="269" VPOS="1133" WIDTH="758" HEIGHT="27">
					<TextBlock ID="block_7" HPOS="269" VPOS="1133" WIDTH="758" HEIGHT="27">
						<TextLine ID="line_27" HPOS="269" VPOS="1133" WIDTH="758" HEIGHT="27">
							<String ID="string_206" HPOS="269" VPOS="1133" WIDTH="124" HEIGHT="20" WC="0.95" CONTENT="Professorn"/><SP WIDTH="9" VPOS="1133" HPOS="393"/>
							<String ID="string_207" HPOS="402" VPOS="1133" WIDTH="77" HEIGHT="21" WC="0.93" CONTENT="doktor"/><SP WIDTH="12" VPOS="1133" HPOS="479"/>
							<String ID="string_208" HPOS="491" VPOS="1133" WIDTH="110" HEIGHT="21" WC="0.90" CONTENT="Geitlin"/><SP WIDTH="12" VPOS="1133" HPOS="601"/>
							<String ID="string_209" HPOS="613" VPOS="1133" WIDTH="101" HEIGHT="21" WC="0.96" CONTENT="förenade"/><SP WIDTH="9" VPOS="1133" HPOS="714"/>
							<String ID="string_210" HPOS="723" VPOS="1134" WIDTH="32" HEIGHT="26" WC="0.95" CONTENT="sig"/><SP WIDTH="8" VPOS="1134" HPOS="755"/>
							<String ID="string_211" HPOS="763" VPOS="1133" WIDTH="48" HEIGHT="21" WC="0.96" CONTENT="med"/><SP WIDTH="9" VPOS="1133" HPOS="811"/>
							<String ID="string_212" HPOS="820" VPOS="1133" WIDTH="136" HEIGHT="26" WC="0.96" CONTENT="domprosten"/><SP WIDTH="8" VPOS="1133" HPOS="956"/>
							<String ID="string_213" HPOS="964" VPOS="1133" WIDTH="63" HEIGHT="26" WC="0.96" CONTENT="Borg."/>
						</TextLine>
					</TextBlock>
				</ComposedBlock>
				<ComposedBlock ID="cblock_10" HPOS="201" VPOS="1189" WIDTH="828" HEIGHT="51">
					<TextBlock ID="block_8" HPOS="201" VPOS="1189" WIDTH="828" HEIGHT="51">
						<TextLine ID="line_28" HPOS="270" VPOS="1189" WIDTH="759" HEIGHT="28">
							<String ID="string_214" HPOS="270" VPOS="1189" WIDTH="57" HEIGHT="22" WC="0.93" CONTENT="Herr"/><SP WIDTH="16" VPOS="1189" HPOS="327"/>
							<String ID="string_215" HPOS="343" VPOS="1190" WIDTH="135" HEIGHT="21" WC="0.91" CONTENT="talemannen"/><SP WIDTH="15" VPOS="1190" HPOS="478"/>
							<String ID="string_216" HPOS="493" VPOS="1190" WIDTH="127" HEIGHT="21" WC="0.91" CONTENT="hemställde"/><SP WIDTH="21" VPOS="1190" HPOS="620"/>
							<String ID="string_217" HPOS="641" VPOS="1191" WIDTH="106" HEIGHT="20" WC="0.96" CONTENT="huruvida"/><SP WIDTH="15" VPOS="1191" HPOS="747"/>
							<String ID="string_218" HPOS="762" VPOS="1190" WIDTH="19" HEIGHT="27" WC="0.96" CONTENT="ej"/><SP WIDTH="15" VPOS="1190" HPOS="781"/>
							<String ID="string_219" HPOS="796" VPOS="1191" WIDTH="7" HEIGHT="20" WC="0.96" CONTENT="i"/><SP WIDTH="13" VPOS="1191" HPOS="803"/>
							<String ID="string_220" HPOS="816" VPOS="1190" WIDTH="77" HEIGHT="21" WC="0.96" CONTENT="sådant"/><SP WIDTH="20" VPOS="1190" HPOS="893"/>
							<String ID="string_221" HPOS="913" VPOS="1189" WIDTH="37" HEIGHT="21" WC="0.93" CONTENT="fall"/><SP WIDTH="22" VPOS="1189" HPOS="950"/>
							<String ID="string_222" HPOS="972" VPOS="1190" WIDTH="57" HEIGHT="21" WC="0.92" CONTENT="med-"/>
						</TextLine>
						<TextLine ID="line_29" HPOS="201" VPOS="1217" WIDTH="580" HEIGHT="23">
							<String ID="string_223" HPOS="201" VPOS="1217" WIDTH="90" HEIGHT="22" WC="0.96" CONTENT="stånden"/><SP WIDTH="18" VPOS="1217" HPOS="291"/>
							<String ID="string_224" HPOS="309" VPOS="1219" WIDTH="64" HEIGHT="20" WC="0.96" CONTENT="borde"/><SP WIDTH="18" VPOS="1219" HPOS="373"/>
							<String ID="string_225" HPOS="391" VPOS="1225" WIDTH="33" HEIGHT="14" WC="0.92" CONTENT="om"/><SP WIDTH="16" VPOS="1225" HPOS="424"/>
							<String ID="string_226" HPOS="440" VPOS="1219" WIDTH="96" HEIGHT="21" WC="0.92" CONTENT="ståndets"/><SP WIDTH="16" VPOS="1219" HPOS="536"/>
							<String ID="string_227" HPOS="552" VPOS="1219" WIDTH="71" HEIGHT="20" WC="0.96" CONTENT="beslut"/><SP WIDTH="16" VPOS="1219" HPOS="623"/>
							<String ID="string_228" HPOS="639" VPOS="1219" WIDTH="142" HEIGHT="21" WC="0.96" CONTENT="underrättas."/>
						</TextLine>
					</TextBlock>
				</ComposedBlock>
				<ComposedBlock ID="cblock_11" HPOS="200" VPOS="1275" WIDTH="830" HEIGHT="83">
					<TextBlock ID="block_9" HPOS="200" VPOS="1275" WIDTH="830" HEIGHT="83">
						<TextLine ID="line_30" HPOS="269" VPOS="1275" WIDTH="760" HEIGHT="27">
							<String ID="string_229" HPOS="269" VPOS="1275" WIDTH="91" HEIGHT="20" WC="0.96" CONTENT="Prosten"/><SP WIDTH="23" VPOS="1275" HPOS="360"/>
							<String ID="string_230" HPOS="383" VPOS="1275" WIDTH="145" HEIGHT="27" WC="0.95" CONTENT="Grönberg"/><SP WIDTH="24" VPOS="1275" HPOS="528"/>
							<String ID="string_231" HPOS="552" VPOS="1275" WIDTH="66" HEIGHT="27" WC="0.95" CONTENT="ansåg"/><SP WIDTH="23" VPOS="1275" HPOS="618"/>
							<String ID="string_232" HPOS="641" VPOS="1276" WIDTH="69" HEIGHT="21" WC="0.96" CONTENT="naken"/><SP WIDTH="23" VPOS="1276" HPOS="710"/>
							<String ID="string_233" HPOS="733" VPOS="1276" WIDTH="75" HEIGHT="20" WC="0.96" CONTENT="remiss"/><SP WIDTH="20" VPOS="1276" HPOS="808"/>
							<String ID="string_234" HPOS="828" VPOS="1275" WIDTH="24" HEIGHT="21" WC="0.91" CONTENT="af"/><SP WIDTH="13" VPOS="1275" HPOS="852"/>
							<String ID="string_235" HPOS="865" VPOS="1275" WIDTH="116" HEIGHT="26" WC="0.91" CONTENT="petitionen"/><SP WIDTH="15" VPOS="1275" HPOS="981"/>
							<String ID="string_236" HPOS="996" VPOS="1275" WIDTH="33" HEIGHT="21" WC="0.96" CONTENT="till"/>
						</TextLine>
						<TextLine ID="line_31" HPOS="201" VPOS="1303" WIDTH="829" HEIGHT="27">
							<String ID="string_237" HPOS="201" VPOS="1303" WIDTH="223" HEIGHT="26" WC="0.92" CONTENT="kyrkolagsutskottet"/><SP WIDTH="15" VPOS="1303" HPOS="424"/>
							<String ID="string_238" HPOS="439" VPOS="1304" WIDTH="81" HEIGHT="21" WC="0.96" CONTENT="mindre"/><SP WIDTH="16" VPOS="1304" HPOS="520"/>
							<String ID="string_239" HPOS="536" VPOS="1304" WIDTH="93" HEIGHT="26" WC="0.96" CONTENT="lämplig,"/><SP WIDTH="17" VPOS="1304" HPOS="629"/>
							<String ID="string_240" HPOS="646" VPOS="1306" WIDTH="51" HEIGHT="19" WC="0.96" CONTENT="utan"/><SP WIDTH="17" VPOS="1306" HPOS="697"/>
							<String ID="string_241" HPOS="714" VPOS="1304" WIDTH="66" HEIGHT="21" WC="0.96" CONTENT="borde"/><SP WIDTH="14" VPOS="1304" HPOS="780"/>
							<String ID="string_242" HPOS="794" VPOS="1304" WIDTH="122" HEIGHT="21" WC="0.96" CONTENT="densamma"/><SP WIDTH="16" VPOS="1304" HPOS="916"/>
							<String ID="string_243" HPOS="932" VPOS="1303" WIDTH="6" HEIGHT="21" WC="0.96" CONTENT="i"/><SP WIDTH="16" VPOS="1303" HPOS="938"/>
							<String ID="string_244" HPOS="954" VPOS="1303" WIDTH="76" HEIGHT="22" WC="0.96" CONTENT="sådant"/>
						</TextLine>
						<TextLine ID="line_32" HPOS="200" VPOS="1331" WIDTH="570" HEIGHT="27">
							<String ID="string_245" HPOS="200" VPOS="1331" WIDTH="37" HEIGHT="21" WC="0.92" CONTENT="fall"/><SP WIDTH="18" VPOS="1331" HPOS="237"/>
							<String ID="string_246" HPOS="255" VPOS="1331" WIDTH="136" HEIGHT="21" WC="0.90" CONTENT="derförinnan"/><SP WIDTH="16" VPOS="1331" HPOS="391"/>
							<String ID="string_247" HPOS="407" VPOS="1332" WIDTH="23" HEIGHT="20" WC="0.96" CONTENT="af"/><SP WIDTH="14" VPOS="1332" HPOS="430"/>
							<String ID="string_248" HPOS="444" VPOS="1333" WIDTH="84" HEIGHT="20" WC="0.96" CONTENT="ståndet"/><SP WIDTH="16" VPOS="1333" HPOS="528"/>
							<String ID="string_249" HPOS="544" VPOS="1333" WIDTH="61" HEIGHT="25" WC="0.96" CONTENT="gillas"/><SP WIDTH="16" VPOS="1333" HPOS="605"/>
							<String ID="string_250" HPOS="621" VPOS="1333" WIDTH="52" HEIGHT="20" WC="0.95" CONTENT="eller"/><SP WIDTH="16" VPOS="1333" HPOS="673"/>
							<String ID="string_251" HPOS="689" VPOS="1333" WIDTH="81" HEIGHT="25" WC="0.96" CONTENT="ogillas."/>
						</TextLine>
					</TextBlock>
				</ComposedBlock>
				<ComposedBlock ID="cblock_12" HPOS="200" VPOS="1388" WIDTH="830" HEIGHT="78">
					<TextBlock ID="block_10" HPOS="200" VPOS="1388" WIDTH="830" HEIGHT="78">
						<TextLine ID="line_33" HPOS="270" VPOS="1388" WIDTH="759" HEIGHT="28">
							<String ID="string_252" HPOS="270" VPOS="1388" WIDTH="143" HEIGHT="27" WC="0.91" CONTENT="Domprosten"/><SP WIDTH="22" VPOS="1388" HPOS="413"/>
							<String ID="string_253" HPOS="435" VPOS="1389" WIDTH="78" HEIGHT="21" WC="0.95" CONTENT="doktor"/><SP WIDTH="21" VPOS="1389" HPOS="513"/>
							<String ID="string_254" HPOS="534" VPOS="1389" WIDTH="74" HEIGHT="26" WC="0.95" CONTENT="Borg"/><SP WIDTH="23" VPOS="1389" HPOS="608"/>
							<String ID="string_255" HPOS="631" VPOS="1389" WIDTH="66" HEIGHT="27" WC="0.96" CONTENT="ansåg"/><SP WIDTH="25" VPOS="1389" HPOS="697"/>
							<String ID="string_256" HPOS="722" VPOS="1390" WIDTH="36" HEIGHT="21" WC="0.96" CONTENT="det"/><SP WIDTH="24" VPOS="1390" HPOS="758"/>
							<String ID="string_257" HPOS="782" VPOS="1389" WIDTH="18" HEIGHT="27" WC="0.92" CONTENT="ej"/><SP WIDTH="16" VPOS="1389" HPOS="800"/>
							<String ID="string_258" HPOS="816" VPOS="1389" WIDTH="75" HEIGHT="26" WC="0.92" CONTENT="nödigt"/><SP WIDTH="15" VPOS="1389" HPOS="891"/>
							<String ID="string_259" HPOS="906" VPOS="1390" WIDTH="32" HEIGHT="19" WC="0.92" CONTENT="att"/><SP WIDTH="15" VPOS="1390" HPOS="938"/>
							<String ID="string_260" HPOS="953" VPOS="1389" WIDTH="76" HEIGHT="21" WC="0.92" CONTENT="under-"/>
						</TextLine>
						<TextLine ID="line_34" HPOS="200" VPOS="1417" WIDTH="830" HEIGHT="27">
							<String ID="string_261" HPOS="200" VPOS="1418" WIDTH="58" HEIGHT="19" WC="0.93" CONTENT="rätta"/><SP WIDTH="23" VPOS="1418" HPOS="258"/>
							<String ID="string_262" HPOS="281" VPOS="1417" WIDTH="146" HEIGHT="26" WC="0.90" CONTENT="medstånden,"/><SP WIDTH="24" VPOS="1417" HPOS="427"/>
							<String ID="string_263" HPOS="451" VPOS="1418" WIDTH="28" HEIGHT="20" WC="0.95" CONTENT="då"/><SP WIDTH="23" VPOS="1418" HPOS="479"/>
							<String ID="string_264" HPOS="502" VPOS="1424" WIDTH="26" HEIGHT="15" WC="0.95" CONTENT="en"/><SP WIDTH="16" VPOS="1424" HPOS="528"/>
							<String ID="string_265" HPOS="544" VPOS="1418" WIDTH="89" HEIGHT="26" WC="0.96" CONTENT="petition"/><SP WIDTH="21" VPOS="1418" HPOS="633"/>
							<String ID="string_266" HPOS="654" VPOS="1419" WIDTH="137" HEIGHT="20" WC="0.96" CONTENT="meddelades"/><SP WIDTH="18" VPOS="1419" HPOS="791"/>
							<String ID="string_267" HPOS="809" VPOS="1420" WIDTH="31" HEIGHT="19" WC="0.94" CONTENT="ett"/><SP WIDTH="16" VPOS="1420" HPOS="840"/>
							<String ID="string_268" HPOS="856" VPOS="1417" WIDTH="84" HEIGHT="21" WC="0.96" CONTENT="utskott"/><SP WIDTH="15" VPOS="1417" HPOS="940"/>
							<String ID="string_269" HPOS="955" VPOS="1418" WIDTH="75" HEIGHT="21" WC="0.96" CONTENT="endast"/>
						</TextLine>
						<TextLine ID="line_35" HPOS="200" VPOS="1445" WIDTH="147" HEIGHT="21">
							<String ID="string_270" HPOS="200" VPOS="1445" WIDTH="27" HEIGHT="21" WC="0.93" CONTENT="ad"/><SP WIDTH="15" VPOS="1445" HPOS="227"/>
							<String ID="string_271" HPOS="242" VPOS="1446" WIDTH="105" HEIGHT="20" WC="0.90" CONTENT="notitiam."/>
						</TextLine>
					</TextBlock>
				</ComposedBlock>
				<ComposedBlock ID="cblock_13" HPOS="201" VPOS="1503" WIDTH="829" HEIGHT="56">
					<TextBlock ID="block_11" HPOS="201" VPOS="1503" WIDTH="829" HEIGHT="56">
						<TextLine ID="line_36" HPOS="270" VPOS="1503" WIDTH="760" HEIGHT="26">
							<String ID="string_272" HPOS="270" VPOS="1503" WIDTH="209" HEIGHT="26" WC="0.92" CONTENT="Kontraktsprosten"/><SP WIDTH="16" VPOS="1503" HPOS="479"/>
							<String ID="string_273" HPOS="495" VPOS="1503" WIDTH="81" HEIGHT="22" WC="0.96" CONTENT="Sirén"/><SP WIDTH="16" VPOS="1503" HPOS="576"/>
							<String ID="string_274" HPOS="592" VPOS="1503" WIDTH="66" HEIGHT="26" WC="0.95" CONTENT="ansåg"/><SP WIDTH="16" VPOS="1503" HPOS="658"/>
							<String ID="string_275" HPOS="674" VPOS="1505" WIDTH="39" HEIGHT="19" WC="0.92" CONTENT="att."/><SP WIDTH="16" VPOS="1505" HPOS="713"/>
							<String ID="string_276" HPOS="729" VPOS="1503" WIDTH="46" HEIGHT="21" WC="0.96" CONTENT="ifall"/><SP WIDTH="12" VPOS="1503" HPOS="775"/>
							<String ID="string_277" HPOS="787" VPOS="1503" WIDTH="141" HEIGHT="21" WC="0.96" CONTENT="förevarande"/><SP WIDTH="13" VPOS="1503" HPOS="928"/>
							<String ID="string_278" HPOS="941" VPOS="1503" WIDTH="89" HEIGHT="26" WC="0.96" CONTENT="petition"/>
						</TextLine>
						<TextLine ID="line_37" HPOS="201" VPOS="1530" WIDTH="829" HEIGHT="29">
							<String ID="string_279" HPOS="201" VPOS="1530" WIDTH="152" HEIGHT="22" WC="0.96" CONTENT="remitterades"/><SP WIDTH="16" VPOS="1530" HPOS="353"/>
							<String ID="string_280" HPOS="369" VPOS="1531" WIDTH="82" HEIGHT="22" WC="0.95" CONTENT="direkte"/><SP WIDTH="16" VPOS="1531" HPOS="451"/>
							<String ID="string_281" HPOS="467" VPOS="1531" WIDTH="33" HEIGHT="22" WC="0.93" CONTENT="till"/><SP WIDTH="16" VPOS="1531" HPOS="500"/>
							<String ID="string_282" HPOS="516" VPOS="1532" WIDTH="228" HEIGHT="27" WC="0.91" CONTENT="kyrkolagsutskottet,"/><SP WIDTH="17" VPOS="1532" HPOS="744"/>
							<String ID="string_283" HPOS="761" VPOS="1532" WIDTH="23" HEIGHT="21" WC="0.96" CONTENT="så"/><SP WIDTH="15" VPOS="1532" HPOS="784"/>
							<String ID="string_284" HPOS="799" VPOS="1538" WIDTH="51" HEIGHT="15" WC="0.96" CONTENT="vore"/><SP WIDTH="23" VPOS="1538" HPOS="850"/>
							<String ID="string_285" HPOS="873" VPOS="1532" WIDTH="60" HEIGHT="21" WC="0.96" CONTENT="detta"/><SP WIDTH="21" VPOS="1532" HPOS="933"/>
							<String ID="string_286" HPOS="954" VPOS="1537" WIDTH="26" HEIGHT="15" WC="0.96" CONTENT="en"/><SP WIDTH="22" VPOS="1537" HPOS="980"/>
							<String ID="string_287" HPOS="1002" VPOS="1538" WIDTH="28" HEIGHT="20" WC="0.90" CONTENT="ny"/>
						</TextLine>
					</TextBlock>
				</ComposedBlock>
			</PrintSpace>
		</Page>
	</Layout>
</alto>
