1109 1795
331 133 164 18 Presteståndet.
519 134 55 17 1867.
598 134 27 17 30
637 135 62 16 Mars.
859 127 41 21 337

174 218 32 21 På
227 218 154 26 framställning
402 217 23 22 af
443 217 50 22 herr
514 218 143 26 talemannen,
672 219 123 26 godkändes
810 225 76 16 senare
901 221 29 20 al-

105 247 115 21 ternativet
235 247 6 20 i
256 246 241 21 utskottsbetänkandet
512 247 49 20 med
577 246 155 27 öfvervägande
747 247 115 26 pluralitet.

175 309 13 26 $
204 309 34 20 27.
269 309 12 20 2
297 314 62 15 mom.

175 365 90 21 Prosten
280 364 159 27 Rosengr&n
455 363 65 27 ansåg
536 365 32 20 att
583 364 81 21 skadan
681 365 18 26 ej
715 365 66 21 borde
794 365 82 22 drabba
886 368 45 19 vat-

106 393 123 22 tenverkets
251 395 70 25 ägare,
344 395 51 19 utan
416 393 41 20 den
472 392 103 26 ingeniör,
592 399 45 15 som
652 393 103 27 tillstyrkt
770 394 161 26 anläggningen,

106 422 90 21 emedan
211 423 78 26 ägaren
303 422 70 20 kunde
389 420 72 22 förlita
475 421 33 26 sig
523 421 28 26 pä
565 422 135 26 ingeniörens
715 422 100 26 yttrande
826 422 40 21 och
877 422 54 21 deri-

108 456 76 21 genom
200 450 79 26 ädraga
295 450 31 25 sig
341 450 81 20 förlust.

177 512 90 21 Prosten
289 511 82 27 Hjelt
391 511 86 26 medgaf
498 511 129 26 riktigheten
646 511 23 21 af
689 512 172 26 anmärkningen,
884 517 48 16 men

108 539 67 27 ansäg
192 541 32 20 att
239 542 32 19 ett
283 539 117 27 stadgande
415 540 7 20 i
437 539 77 21 sädant
530 540 55 26 syfte
600 539 69 21 skulle
685 540 66 21 strida
765 541 45 20 mot
825 540 109 21 allmänna

108 567 248 28 rättegängsordningen,
372 568 89 21 emedan
476 569 101 20 ansvaret
591 568 7 20 i
613 568 68 21 första
696 568 56 21 hand
767 568 68 21 mäste
851 568 82 21 drabba

109 596 124 26 sakägaren,
256 596 85 21 hvilken
362 596 121 21 sedermera
498 597 67 26 enligt
579 595 151 27 förordningen
745 596 22 21 af
782 597 40 20 den
840 597 25 20 17
881 597 51 26 Sep-

109 624 82 21 tember
209 625 52 20 1860
277 625 54 26 finge
347 624 57 21 hälla
419 624 31 27 sig
465 624 32 21 till
514 625 226 25 distriktsingeniören.

178 686 31 21 Pä
229 686 156 26 framställning
403 685 24 22 af
443 686 50 21 herr
511 686 142 26 talemannen,
671 687 124 26 godkändes
813 687 60 21 detta
890 693 44 15 mo-

110 717 58 19 ment
183 715 48 21 med
247 715 108 21 obestridd
370 714 115 27 pluralitet.

179 778 23 25 $$
217 777 85 21 28—32
317 777 122 26 godkändes
455 777 104 26 enhälligt
574 777 65 26 enligt
655 777 245 21 utskottsbetänkandet.

179 839 24 26 $$
219 839 34 20 33.
284 839 9 20 1
310 845 61 15 mom.
387 839 123 26 godkändes
525 839 109 26 enhälligt.

180 897 12 24 $
208 896 33 20 33.
272 896 13 19 2
301 901 62 15 mom.

181 952 207 26 Kontraktsprosten
410 951 77 22 doktor
504 951 102 22 Hellön
622 952 89 21 anförde
726 953 32 20 att
773 952 107 21 utskottet
894 951 42 22 för-

114 980 77 21 ändrat
207 980 40 20 den
262 979 78 27 nådiga
354 979 159 27 propositionen
528 980 88 26 derhän,
633 982 32 19 att
675 980 95 21 tillstånd
782 980 6 20 i
799 980 40 21 här
849 980 89 21 anförda

113 1007 37 22 fall
165 1008 91 21 behöfde
271 1008 101 21 utverkas
388 1008 74 21 endast
478 1007 28 22 dä
516 1008 202 27 vattendämningen
728 1008 145 21 förändrades.
896 1008 42 21 Det

113 1036 55 21 hade
191 1036 32 21 sin
244 1036 101 26 riktighet
367 1037 32 20 att
415 1036 134 27 ombyggnad
565 1036 22 21 af
602 1038 32 19 ett
648 1037 53 20 verk
716 1036 66 21 borde
797 1036 21 21 fä
833 1036 38 21 ske
886 1037 52 20 utan

114 1064 102 26 tillstånd,
240 1070 48 15 men
307 1064 23 21 sä
348 1070 50 15 vore
413 1065 19 26 ej
448 1064 60 21 fallet
522 1065 50 21 med
587 1065 124 26 utvidgning
726 1065 51 20 eller
791 1064 111 27 byggande
917 1063 23 21 af

114 1094 32 20 ett
161 1094 48 25 nytt
223 1093 52 20 verk
290 1093 48 20 med
357 1093 56 20 olika
429 1093 99 20 ändamäl
544 1093 7 20 i
567 1093 36 20 det
617 1093 82 26 gamlas
715 1093 67 26 ställe,
798 1092 90 21 emedan
903 1092 37 21 det

114 1121 7 20 i
137 1121 62 21 dessa
221 1121 37 20 fall
281 1121 68 21 blefve
371 1120 62 27 fräga
448 1127 33 14 om
498 1127 27 20 ny
542 1121 64 21 skatt.
637 1121 90 21 Talaren
742 1121 98 20 biträdde
855 1119 84 22 derföre

114 1149 51 21 herr
185 1155 41 14 von
241 1149 70 20 Borns
325 1149 131 21 reservation
472 1150 33 19 att
520 1149 42 21 den
577 1149 78 27 nädiga
669 1149 170 26 propositionens
854 1148 86 27 ordaly-

113 1177 58 22 delse
188 1177 68 21 skulle
271 1177 119 21 bibehållas
400 1177 48 21 med
459 1177 137 22 uteslutande
609 1177 23 21 af
641 1178 76 21 orden:
733 1177 62 27 ,eller
806 1176 133 27 ombyggas*.

183 1233 90 21 Prosten
291 1233 70 26 Hjelt
381 1233 82 22 förstod
481 1233 27 27 ej,
524 1234 99 21 hvarföre
640 1234 141 27 ,ombyggas'
799 1233 69 22 skulle
882 1233 57 26 utgå,

114 1261 28 21 dä
154 1261 25 26 ju
195 1261 241 22 utskottsbetänkandet
451 1262 111 27 medgäfve
577 1263 103 25 rättighet
696 1264 32 19 att
743 1261 110 28 ombygga.

183 1318 156 26 Kyrkoherden
361 1318 112 21 Juselius
497 1318 67 27 ansåg
586 1318 63 22 äfven
668 1320 33 20 att
720 1317 136 28 ,ombyggas*
874 1317 67 22 borde

114 1345 48 21 frän
177 1345 78 27 nädiga
270 1346 158 26 propositionen
443 1346 59 26 utgä.

184 1402 57 21 Herr
259 1403 135 20 talemannen
416 1403 134 21 framställde
570 1403 53 21 härä
641 1403 92 26 följande
749 1402 193 26 omröstningspro-

114 1429 103 26 position:

188 1485 133 22 Godkänner
343 1487 132 27 högvördiga
500 1487 87 21 ståndet
609 1487 138 27 beträffande
768 1487 58 20 detta
852 1488 92 18 moment

115 1513 242 23 utskottsbetänkandet
379 1515 50 21 eller
451 1515 42 21 den
516 1515 84 28 nådiga
619 1515 165 28 propositionen
799 1513 49 22 med
862 1514 82 21 uteslu-

854 1557 22 18 22
