1109 1795
243 106 12 20 4
452 104 167 18 Presteständet.
644 105 56 16 1867.
724 105 27 16 25
763 104 47 17 Jan.

285 207 9 9 »
299 191 158 26 Högvördigste
472 190 51 21 herr
538 190 79 21 doktor
632 190 40 21 och
694 189 83 28 biskop,
799 190 135 27 högvördige,
954 191 91 27 högäre-

215 219 96 28 vördige,
333 219 205 26 högvälärevördige
561 219 40 20 och
622 219 160 26 välärevördige
804 219 76 21 herrar
902 219 141 27 domprostar,

216 248 92 27 teologie
323 247 133 28 professorer
471 247 40 21 och
526 247 108 26 doktorer,
644 247 208 27 kontraktsprostar,
862 250 91 25 prostar,
965 248 79 27 kyrko-

215 277 80 22 herdar
310 276 39 21 och
365 277 150 25 vicepastorer,
531 276 58 21 mina
603 275 88 22 älskade
707 275 40 22 och
763 276 52 26 dyre
829 276 91 21 bröder!

285 305 12 21 I
312 304 220 22 öfverensstämmelse
555 304 49 21 med
626 303 38 22 vär
681 304 141 27 högtälskade
838 305 40 21 och
893 304 151 27 allernädigste

216 333 101 28 Kejsares
333 333 40 22 och
387 333 129 21 Storfurstes
537 333 35 20 vid
593 332 113 22 sisthällna
728 333 103 27 landtdag
853 333 96 22 uttalade
968 333 77 27 nädiga

217 361 64 28 afsigt
296 364 37 19 äro
349 362 101 21 Finlands
465 361 87 22 ständer
567 367 29 15 nu
611 361 46 21 äter
673 361 32 21 till
721 361 102 27 landtdag
838 361 85 28 nädigst
939 368 105 16 samman-

217 391 92 24 kallade,
325 390 39 21 och
380 390 43 27 mig
437 392 24 19 är
476 389 106 22 förunnad
599 390 40 21 den
654 389 109 22 hedrande
785 390 39 21 och
847 390 34 21 för
902 391 42 27 mig
966 391 79 27 glädje-

217 419 54 21 fulla
285 419 146 21 utmärkelsen
450 420 33 20 att
499 419 7 20 i
520 418 107 27 egenskap
643 418 23 21 af
685 418 94 22 taleman
802 420 57 20 ännu
882 420 81 26 engäng
985 420 60 21 helsa

217 448 84 21 landets
316 448 131 25 högvördiga
463 447 136 26 prestaständ
615 447 130 21 välkommet
760 448 33 20 till
808 448 134 25 fullgörande
960 448 23 21 af
997 448 47 21 dess

217 476 76 21 härvid
309 475 112 28 äliggande
435 475 81 27 vigtiga
531 476 51 21 kall.

286 504 74 27 Tunga
376 504 39 21 och
431 503 178 28 bekymmerfulla
623 503 64 22 hafva
702 504 122 27 visserligen
841 505 26 21 de
884 504 124 27 pröfningar
1023 504 23 22 af

217 533 105 26 flerfaldig
337 534 34 20 art
386 533 62 23 varit,
464 539 45 15 som
524 532 73 21 landet
612 533 67 20 under
695 533 26 20 de
737 532 141 22 sistförflutna
896 535 75 19 trenne
994 533 51 21 åren

217 562 42 21 fätt
273 562 125 23 vidkännas,
414 561 40 21 och
469 561 94 21 särdeles
579 561 99 26 betryckt
693 563 25 18 är
733 561 41 21 den
789 561 107 27 ställning,
912 562 84 21 hvaruti
1019 568 25 15 en

217 591 83 26 ganska
315 590 94 27 betydlig
425 590 34 21 del
474 589 23 21 af
511 590 83 21 landets
610 589 124 27 befolkning
749 589 33 22 för
797 591 133 20 närvarande
950 590 94 21 befinner

218 619 38 26 sig,
273 625 47 15 men
337 619 86 20 svärare
438 618 123 27 pröfningar
576 618 39 21 har
631 618 54 21 dock
701 618 48 21 värt
768 619 88 21 älskade
878 619 68 21 finska
968 619 76 21 foster-

217 648 52 22 folk,
285 648 7 20 i
307 647 42 21 fast
364 647 119 21 förtröstan
497 647 28 26 pä
540 646 59 22 Guds
615 646 77 27 nädiga
705 646 92 26 biständ,
811 647 137 21 härförinnan
958 653 86 21 genom-

217 676 98 26 kämpat;
331 675 40 22 och
387 675 19 21 vi
421 675 51 27 vilja
487 675 84 21 derföre
586 675 83 26 hoppas
684 677 33 19 att
732 676 36 20 det
783 675 61 21 äfven
860 682 29 14 nu
904 676 54 21 skall
976 675 68 22 förmä

219 705 133 26 ädagalägga
367 704 31 27 sig
413 703 65 22 hafva
492 704 58 21 kraft
565 706 33 19 att
613 704 48 21 med
676 704 176 27 undergifvenhet
868 704 62 27 tåligt
941 705 52 20 bära
1004 704 40 21 den

219 733 117 27 tryckande
351 733 90 24 bördan,
457 733 104 20 intilldess
577 733 54 25 Han,
648 739 46 14 som
709 732 74 27 pälagt
798 733 48 26 den,
861 733 7 21 i
884 733 36 21 Sin
942 732 43 21 näd
1007 732 37 21 fin-

219 768 38 15 ner
271 761 47 22 skäl
334 763 32 19 att
381 761 54 21 lätta
452 761 133 26 densamma;
601 761 118 26 hvarjemte
739 762 21 20 vi
780 761 62 22 torde
862 761 72 21 kunna
955 761 90 21 tillförse

219 797 34 15 oss
269 790 23 21 af
305 790 26 21 de
347 789 100 27 ätgärder
462 789 111 22 sisthällna
588 789 103 27 landtdag
707 790 66 21 redan
792 790 88 21 beslutit
902 790 107 21 äfvensom
1024 789 23 22 af

219 819 48 21 dem
283 825 46 15 som
345 819 40 20 den
401 825 29 14 nu
444 818 107 27 ingängna
566 819 130 26 landtdagen
712 819 43 20 kan
770 818 21 21 fä
807 819 31 26 sig
848 819 32 21 till
892 818 153 27 öfvervägande

219 848 7 21 i
241 847 67 21 näder
330 847 110 26 förelagda
461 847 33 20 till
516 847 137 24 jordbrukets
673 847 40 21 och
729 847 69 26 öfriga
818 847 111 27 näringars
949 847 96 27 upphjel-

219 876 70 26 pande
304 877 56 20 samt
375 875 177 27 folkbildningens
568 875 153 26 befrämjande,
737 877 33 20 att
786 876 25 21 de
827 875 61 22 skola
902 876 7 21 i
924 876 67 21 sinom
1014 875 31 21 tid

219 905 28 26 pä
270 906 31 19 ett
320 904 117 21 önskvärdt
459 905 43 20 sätt
520 904 45 21 dels
586 904 117 27 förebygga
725 905 44 21 dels
785 904 95 27 afhjelpa
890 900 43 36 ett:
943 904 103 21 likartadt

217 933 102 22 framtida
334 933 95 26 betryck.

288 961 47 22 Den
355 961 124 22 erfarenhet
499 961 84 21 landets
599 961 87 21 ständer
709 961 35 22 vid
763 961 111 21 sisthällen
889 961 101 27 landtdag
1006 961 40 22 och

219 991 68 21 under
303 991 120 20 sedermera
439 989 100 22 förflutna
554 990 31 21 tid
600 990 106 21 inhemtat
721 996 34 15 om
768 990 84 21 landets
864 989 65 22 behof
938 990 39 21 och
988 990 58 21 med-

220 1019 35 21 len
270 1021 32 19 att
318 1019 178 26 ändamälsenligt
510 1018 95 27 afhjelpa
621 1019 109 20 desamma
746 1019 55 20 skall
823 1019 71 20 säkert
914 1018 46 21 icke
982 1018 65 21 blifva

220 1049 52 20 utan
287 1054 55 20 gagn
357 1047 34 21 för
407 1047 156 26 behandlingen
578 1047 23 21 af
615 1047 26 21 de
657 1047 97 26 ärender,
771 1053 46 15 som
832 1047 24 21 af
869 1047 36 21 vär
915 1047 131 21 landsfader-

219 1076 43 26 liga
285 1076 39 21 och
345 1075 100 28 upplysta
467 1075 96 22 öfverhet
585 1082 29 15 nu
636 1075 86 22 komma
745 1077 31 20 att
794 1076 141 26 landtdagens
950 1075 96 22 öfvervä-

218 1105 69 26 gande
304 1105 148 20 underställas.

289 1133 62 21 Hvad
367 1133 102 21 särskildt
483 1133 102 21 beträffar
601 1133 32 26 de,
648 1133 53 21 vära
720 1133 99 27 kyrkliga
840 1132 148 22 förhällanden
1010 1139 36 14 an-

220 1161 89 27 gående,
324 1162 80 26 vigtiga
419 1161 78 27 frågor,
514 1167 46 15 som
575 1161 179 26 nästföregäende
769 1161 103 26 landtdag
894 1161 153 27 underdänigst

220 1190 73 21 anhöll
309 1192 32 19 att
356 1190 67 21 mätte
438 1196 29 15 nu
481 1190 128 21 församlade
625 1191 87 20 ständer
728 1190 54 27 änyo
797 1190 127 27 föreläggas,
940 1190 23 21 sä
984 1190 62 27 hyser

217 1219 38 26 jag
271 1219 36 20 det
322 1219 56 26 hopp
394 1221 39 22 att,
450 1219 71 20 derest
536 1219 26 20 de
577 1219 7 20 i
600 1219 66 21 näder
681 1219 66 21 blifva
763 1219 113 21 ständerne
892 1219 116 26 förelagda,
1020 1218 26 21 de

221 1247 40 22 ock
283 1247 62 22 skola
366 1247 141 26 samdrägtigt
528 1247 135 26 genomföras
686 1247 28 27 pä
737 1249 31 19 ett
790 1249 50 24 sätt,
863 1253 45 16 som
927 1250 119 18 motsvarar

220 1276 93 27 kyrkans
336 1276 66 21 behof
423 1276 40 21 och
487 1275 106 26 aflägsnar
614 1276 26 21 de
655 1275 207 25 missförhällanden,
878 1276 72 21 hvilka
964 1277 82 20 ansetts

220 1305 102 20 störande
337 1304 88 21 inverka
440 1304 27 27 pä
483 1305 35 20 det
533 1304 178 21 förtroendefulla
725 1304 135 21 förhällande
878 1304 78 21 mellan
976 1304 70 21 lärare

220 1333 40 21 och
276 1333 97 25 ähörare,
389 1333 81 21 hvilket
485 1333 36 21 det
536 1332 151 22 företrädesvis
704 1333 39 21 bör
758 1333 56 27 ligga
829 1332 160 27 presterskapet
1012 1339 34 15 om

219 1361 80 26 hjertat
314 1363 33 19 att
361 1361 28 26 pä
403 1361 40 21 allt
458 1363 43 19 sätt
516 1360 110 28 befrämja.

289 1389 50 22 Med
355 1390 62 21 dessa
431 1389 168 27 förhoppningar
615 1390 65 21 beder
693 1390 37 27 jag
745 1396 30 15 nu
790 1390 36 21 det
841 1390 131 27 högvördiga
988 1389 58 22 stän-

220 1419 47 20 dets
289 1419 111 26 samteliga
416 1417 74 22 herrar
506 1419 119 20 ledamöter
644 1425 51 14 vara
714 1419 32 20 till
768 1419 131 26 landtdagen
920 1419 126 26 hjerteligen

219 1447 120 25 välkomna,
354 1447 7 20 i
377 1447 36 20 det
427 1447 36 26 jag
478 1447 118 21 innesluter
611 1447 43 26 mig
669 1447 7 21 i
693 1447 35 22 det
744 1447 130 27 högvördiga
894 1447 95 22 ständets
1012 1447 34 21 för

219 1475 44 26 mig
279 1475 92 26 dyrbara
386 1475 86 27 välvilja
487 1475 39 22 och
542 1475 131 25 förtroende,
689 1482 46 15 som
747 1475 38 28 jag
805 1476 71 21 städse
896 1475 37 22 vill
955 1475 91 22 bemöda

219 1504 44 26 mig
277 1506 33 19 att
324 1504 113 27 förtjena.*
