1109 1795
343 141 166 18 Presteståndet.
534 142 57 17 1867.
614 143 12 16 2
639 143 63 21 April.
866 138 41 21 347

177 226 127 27 Vicepastor
339 226 127 21 Johnsson
481 226 102 22 förenade
599 227 32 26 sig
646 227 81 21 härom.

178 289 90 20 Prosten
283 288 138 21 Borenius
435 288 107 21 instämde
557 288 102 21 likaledes
675 289 40 21 och
730 289 99 22 framhöll
840 290 96 21 nödvän-

110 317 100 26 digheten
226 316 65 26 deraf,
307 317 33 20 att
355 317 185 26 inventeringarna
559 317 80 21 skedde
654 317 116 27 samtidigt,
787 319 23 20 så
825 320 33 20 att
874 318 19 27 ej
908 324 26 16 en

111 345 72 26 möjlig
199 344 53 22 brist
266 344 7 21 i
289 351 26 14 en
330 344 63 21 kassa
408 345 71 21 kunde
494 344 62 27 fyllas
571 351 27 15 ur
613 345 41 21 den
670 345 73 22 andra.

177 406 32 22 På
224 406 23 22 af
260 406 51 22 herr
325 407 135 21 talemannen
475 406 122 22 framställd
611 406 61 28 fråga
686 407 124 27 godkändes
825 408 109 27 enhälligt,

110 436 32 20 att
157 435 7 20 i
180 436 66 20 slutet
261 435 23 20 af
298 435 125 20 ständernas
439 441 48 14 svar
502 435 70 21 skulle
587 435 71 21 såsom
674 436 158 26 önskningsmål
847 436 87 26 uttalas,

110 464 32 20 att
156 463 260 21 amortissementsfonden
431 463 69 21 skulle
516 463 108 21 revideras
639 463 24 22 af
676 463 95 22 bankens
779 464 105 21 revisorer
895 464 39 21 och

109 497 27 14 en
158 491 100 26 samtidig
280 491 131 27 inventering
433 491 23 21 af
475 491 44 22 alla
541 491 83 26 kassor,
651 491 61 22 äfven
734 492 147 26 statsverkets,
903 492 32 21 fö-

110 522 90 24 retagas.

178 580 101 22 Härefter
293 581 123 27 godkändes
432 581 102 27 enhälligt
550 582 19 25 9,
587 582 26 21 10
629 581 40 22 och
686 582 23 21 11
727 584 152 20 momenterna.

177 642 42 21 Vid
241 643 27 20 12
287 644 116 20 momentet
418 643 93 26 uppstod
527 649 26 15 en
569 643 73 26 längre
658 643 131 26 diskussion;
805 644 73 21 dervid
892 645 42 26 ytt-

110 671 50 20 rade
176 671 42 26 sig:

177 733 90 20 Prosten
290 733 89 26 Hjelt,
401 739 46 15 som
466 733 94 26 föreslog
575 739 25 14 en
616 733 124 27 förändring
755 734 92 21 rörande
862 733 72 26 primi-

110 761 44 21 tiva
175 760 89 22 fondens
279 761 140 26 användning.
449 761 76 21 Denna
540 761 58 24 fond,
614 761 51 22 sade
681 764 90 23 prosten,
788 761 55 22 hade
858 761 76 22 hittills

110 789 54 21 varit
187 789 40 21 den
243 789 60 26 enda,
319 795 46 15 som
380 789 128 21 understödt
520 789 166 27 jordbrukaren,
702 790 85 21 hvilken
801 790 47 21 icke
863 790 71 21 kunde

111 823 51 15 vara
177 817 51 26 nöjd
243 817 48 21 med
306 817 64 22 korta
385 823 86 21 papper,
488 818 49 21 dem
553 818 76 21 endast
640 818 105 21 industrin
756 818 39 21 och
805 819 130 26 näringarna

110 851 51 15 voro
186 845 95 27 betjenta
303 845 28 21 af.
362 846 42 21 Det
425 851 51 16 vore
499 845 86 22 derföre
600 846 75 27 nödigt
690 847 32 20 att
740 847 2 20 i
758 846 85 21 banken
858 846 76 21 funnes

111 880 25 15 en
151 873 58 25 fond,
224 873 85 22 hvilken
325 873 143 22 understödde
482 874 129 26 jordbruket
626 880 76 20 genom
717 874 35 21 lån
767 874 130 21 åtminstone
908 874 27 26 på

111 903 31 20 ett
164 901 30 21 år.
225 902 50 21 Man
297 902 72 21 talade
391 908 34 15 om
446 902 141 27 jordbrukets
601 902 92 27 lyftning
709 902 38 21 och
763 902 100 22 tillrådde
879 902 55 27 jord-

110 929 107 22 brukaren
239 932 33 19 att
293 930 116 21 inskränka
428 931 31 20 sin
475 931 194 26 sädesproduktion
685 931 39 21 och
739 931 7 20 i
761 931 48 21 dess
825 931 62 21 ställe
903 930 32 21 slå

110 958 32 26 sig
163 957 28 27 på
213 958 174 27 boskapsskötsel
409 958 69 21 såsom
501 965 60 15 mera
584 959 99 21 lönande.
713 959 90 21 Prosten
817 959 50 21 ville
882 959 52 21 visst

111 986 45 21 icke
179 986 94 21 bestrida
288 987 137 26 möjligheten
440 987 64 20 häraf
517 987 24 20 så
557 987 32 21 till
605 988 48 20 vida
669 993 45 16 som
729 987 66 21 åkern
810 987 39 21 och
866 988 68 25 ängen

111 1015 64 20 borde
194 1014 34 21 stå
242 1015 7 20 i
265 1015 188 26 proportionerligt
468 1015 135 22 förhållande
618 1016 32 21 till
666 1015 127 26 hvarandra,
808 1021 49 15 men
873 1015 61 21 äfven

110 1043 71 20 härtill
204 1043 101 21 behöfdes
327 1043 82 26 kapital
432 1043 39 21 och
493 1043 76 27 förlag.
600 1044 68 21 Innan
688 1045 31 20 ett
732 1043 106 26 jordbruk
853 1043 81 26 egnade

111 1071 30 26 sig
162 1070 23 21 åt
207 1071 180 26 boskapsskötsel,
410 1071 69 22 måste
502 1072 67 26 derpå
591 1073 74 26 läggas
687 1072 108 27 betydliga
810 1071 124 24 kostnader,

110 1105 45 15 som
178 1099 46 21 icke
247 1099 23 21 så
293 1102 59 19 snart
375 1100 66 25 fingos
464 1100 98 25 tillbaka,
579 1102 22 25 ty
617 1101 76 20 endast
708 1102 31 19 ett
752 1100 106 27 jordbruk
873 1099 7 21 i
895 1099 39 21 full

110 1127 107 21 växtkraft
240 1128 80 25 egnade
343 1128 31 27 sig
396 1128 78 21 härtill.
504 1128 43 21 Det
563 1134 50 15 vore
629 1129 82 21 således
726 1127 165 27 rörelsekapital
906 1139 27 3 —

110 1156 115 26 penningar
247 1167 28 3 —
298 1162 45 15 som
364 1156 158 27 jordbrukaren
538 1156 99 25 behöfde,
652 1159 23 24 ty
690 1157 55 21 hade
760 1157 43 20 han
818 1156 56 21 huru
889 1157 45 19 stor

110 1184 101 26 egendom
235 1189 44 16 som
302 1184 61 25 helst,
387 1184 62 21 äfven
471 1186 53 19 utan
547 1191 26 14 en
596 1185 75 26 pennis
691 1185 68 26 skuld,
776 1190 48 15 men
839 1184 95 21 saknade

110 1212 65 26 detta,
198 1211 23 22 så
243 1218 50 15 vore
316 1212 53 21 hans
389 1213 47 26 jord
459 1212 33 21 för
516 1213 79 21 honom
611 1215 32 19 ett
659 1213 52 21 dödt
725 1213 88 26 kapital.
844 1212 90 21 Derföre

109 1240 66 21 borde
198 1240 106 26 primitiva
318 1240 78 21 fonden
413 1241 119 20 bibehållas
547 1241 34 21 för
597 1247 82 15 samma
693 1241 99 21 ändamål
808 1247 46 15 som
869 1240 64 25 förut,

110 1268 51 21 eller
184 1269 69 20 såsom
276 1275 25 15 en
321 1269 180 21 understödsfond
517 1269 33 21 för
564 1269 135 27 jordbruket.
729 1269 62 21 Hvad
807 1269 68 21 andra
890 1274 44 15 mo-

109 1297 80 20 mentet
205 1297 22 20 af
243 1298 25 20 12
284 1297 126 27 paragrafen
426 1297 125 25 beträffade,
567 1298 51 21 sade
634 1298 32 26 sig
681 1300 93 24 prosten,
791 1297 27 21 då
830 1297 54 20 hvar
894 1296 40 21 och

109 1330 26 15 en
156 1324 67 22 måste
239 1325 101 26 erkänna,
356 1327 33 20 att
403 1325 89 27 mycken
508 1326 100 26 trygghet
624 1327 57 25 legat
695 1327 7 20 i
715 1326 35 21 det
765 1327 43 20 sätt
824 1325 32 20 att
872 1325 63 20 sköta

109 1352 94 22 bankens
226 1352 83 27 affärer,
333 1360 44 14 som
401 1355 36 25 ägt
459 1360 47 14 rum
522 1354 66 20 sedan
603 1354 124 21 nuvarande
742 1352 145 22 finanschefen
902 1352 33 21 öf-

109 1381 92 26 vertagit
215 1381 121 27 portföljen,
352 1382 46 21 icke
414 1382 88 26 begripa
517 1382 100 21 hvarföre
633 1388 49 15 man
697 1382 114 21 förordade
827 1387 26 15 en
864 1386 70 15 annan

109 1409 124 26 proportion
248 1410 77 21 mellan
341 1411 70 20 sedlar
427 1410 40 21 och
483 1410 73 21 silfver
572 1412 26 19 än
615 1411 40 21 den
671 1410 76 21 hittills
762 1410 106 27 gällande.
898 1409 36 20 Se-

108 1437 157 26 delutgifvande
281 1439 80 20 banker
376 1438 71 21 kunde
463 1445 51 14 vara
530 1439 69 24 säkra,
616 1445 48 15 men
680 1439 74 21 endast
770 1439 41 20 den
826 1443 50 15 vore
886 1437 48 20 full-

108 1465 90 27 komligt
213 1466 68 25 säker,
297 1473 46 14 som
358 1467 46 20 icke
419 1467 62 26 utgaf
495 1467 72 20 sedlar
582 1467 84 21 utöfver
681 1467 32 21 sin
728 1466 123 25 behållning
862 1464 23 21 af
894 1465 40 20 den

108 1494 73 21 metall
197 1493 80 27 hvarpå
293 1495 97 21 sedlarne
406 1495 68 26 lydde.
506 1495 30 26 Ty
552 1501 49 15 man
617 1496 71 21 kunde
703 1495 46 21 icke
765 1495 42 21 öka
819 1493 114 22 sedelstoc-

108 1521 40 22 ken
164 1523 52 20 utan
231 1525 33 18 att
279 1523 108 22 sedlarnes
402 1523 65 21 värde
482 1523 58 26 fölle,
557 1524 20 21 d.
593 1530 18 14 v.
628 1530 15 15 s.
660 1526 32 19 att
707 1523 68 21 andra
785 1527 74 16 varors
869 1521 65 21 värde
