1109 1795
212 137 41 21 242
416 141 166 18 Presteståndet.
607 142 56 17 1867.
689 143 22 16 15
723 142 63 17 Mars.

183 235 26 14 en
232 227 195 27 egendomshandel
448 227 23 20 åt
487 233 25 14 en
527 227 164 21 kommissionär
706 229 53 19 utan
775 229 32 19 att
821 229 55 25 göra
890 228 32 27 sig
937 229 76 20 under-

182 256 80 25 rättad,
279 262 34 15 om
329 255 39 22 och
384 255 28 27 på
427 255 72 21 hvilka
515 255 69 21 vilkor
599 255 92 26 säljaren
706 255 49 21 ville
767 255 56 22 afstå
833 257 130 25 egendomen
974 257 39 20 och

182 285 56 20 huru
260 284 85 26 mycket
367 284 124 21 densamma
511 289 50 16 vore
576 284 59 20 värd.
666 284 10 21 I
692 284 100 21 afseende
807 284 13 21 å
836 285 69 20 denna
921 287 92 19 omstän-

184 313 80 26 dighet,
288 317 45 15 som
356 312 72 20 kunde
447 311 58 26 gälla
524 312 62 21 tiotal
601 312 104 26 miljoner,
722 312 65 21 borde
804 313 116 21 ständerna
934 314 19 26 ej
969 313 45 22 låta

181 341 50 21 leda
246 340 33 27 sig
295 339 22 21 af
331 340 96 25 känslan,
443 341 52 19 utan
512 339 22 21 af
548 340 125 21 förståndet.
704 341 43 20 Det
762 347 51 15 vore
828 341 74 26 nödigt
917 344 32 19 att
964 344 50 19 veta

183 375 34 15 om
236 369 151 20 donatarierne
403 368 48 21 ville
467 368 56 21 afstä
538 369 87 26 godsen,
642 375 34 15 om
693 369 25 20 de
734 369 49 20 ville
799 369 54 26 sälja
868 370 47 21 dem
931 371 7 20 i
954 372 58 19 stora

183 397 52 22 eller
258 397 45 21 små
325 397 82 27 partier
430 397 39 21 och
485 396 32 21 till
532 397 81 21 hvilket
628 397 50 27 pris.
709 397 80 21 Likaså
804 397 67 22 borde
886 404 49 15 man
950 398 64 21 hafva

183 427 31 26 sig
229 426 81 22 bekant
325 432 34 15 om
376 425 223 21 donationsbönderne
614 432 51 14 vore
681 426 98 25 benägna
794 428 33 18 att
842 426 46 21 lösa
898 427 45 20 sina
955 426 57 21 hem-

182 461 49 14 man
255 454 39 21 och
310 460 34 15 om
361 453 26 22 de
403 453 53 26 egde
471 453 97 26 förmåga
584 453 77 21 dertill.
692 454 39 21 Att
747 454 26 21 de
789 454 95 21 saknade
899 454 113 26 tillgångar

181 489 51 15 vore
256 482 123 26 visserligen
401 481 86 26 bekant,
512 487 47 15 men
581 482 26 21 de
622 482 71 21 kunde
709 488 40 20 ega
764 482 32 21 flit
811 483 40 20 och
867 483 145 21 arbetsamhet

182 511 71 21 såsom
275 511 110 26 garantier
406 510 34 21 för
454 509 74 22 lånens
543 509 163 28 återbetalning.
737 511 78 26 Dylika
830 511 181 27 omständigheter

181 539 56 26 finge
258 540 7 20 i
288 539 159 26 lagstiftningen
471 538 18 26 ej
513 538 96 21 förbises.
640 539 42 20 Det
697 539 63 20 sades
776 539 123 26 visserligen
915 542 32 19 att
961 545 49 15 man

181 568 66 21 borde
263 568 71 20 lemna
348 567 40 21 full
403 567 64 20 frihet
483 568 33 19 att
530 566 80 21 handla
621 566 22 21 åt
654 567 132 26 regeringen.
816 567 90 22 Talaren
918 568 93 21 vördade

181 596 132 27 regeringen,
336 601 48 15 men
407 595 48 20 ville
471 595 18 26 ej
505 595 71 20 inleda
591 595 124 21 densamma
729 595 7 20 i
752 601 26 15 en
793 595 55 21 falsk
865 596 98 26 ställning
979 596 31 21 till

181 624 161 21 undersåtarne.
373 623 120 22 Ständerna
511 623 54 21 hade
581 623 50 26 sjelf
643 623 193 26 beskattningsrätt
852 624 39 21 och
907 624 65 21 borde
988 631 23 14 se

180 653 33 20 till
229 653 55 20 huru
300 652 25 21 de
341 651 104 26 anslagna
460 651 82 21 medlen
559 651 114 22 användes.
703 652 50 21 Men
769 652 7 21 i
792 658 25 15 en
833 652 23 21 så
871 652 66 27 vigtig
947 659 64 20 ange-

180 681 107 26 lägenhet,
311 681 37 20 der
364 680 36 21 det
415 679 71 26 gällde
502 680 62 20 tiotal
579 680 104 26 miljoner,
699 680 49 21 ville
764 686 47 15 man
827 682 53 25 göra
895 681 114 26 undantag.

181 709 109 26 Styrelsen
312 708 129 21 klandrades
465 708 60 21 äfven
540 708 34 21 för
589 709 96 24 rättvisa,
701 708 186 21 konstitutionella
902 708 106 27 åtgärder.

181 737 40 21 Om
237 737 40 21 den
293 737 40 20 här
347 736 159 27 misslyckades,
523 737 68 20 skulle
607 737 40 20 den
663 737 30 20 bli
707 736 92 22 föremål
813 737 34 20 för
862 739 31 19 ett
908 737 102 22 oerhördt

180 766 96 21 klander.
306 765 91 21 Talaren
419 765 49 20 ville
491 765 18 26 ej
525 765 48 20 med
589 765 32 20 sin
637 767 46 19 röst
697 765 90 26 bidraga
803 767 33 19 att
850 765 113 21 framkalla
979 767 31 19 ett

180 794 77 21 sådant
280 794 97 21 resultat.
407 793 94 21 Landets
524 793 158 26 skuldsättning
704 799 50 15 vore
770 793 66 21 redan
852 795 51 19 stor.
934 793 74 22 Staten

180 829 51 14 vore
253 822 90 27 skyldig,
365 821 85 22 banken
466 821 83 26 skyldig
565 821 39 21 och
619 822 98 21 enskilda
731 822 105 26 skyldiga.
866 822 38 21 Att
919 829 29 14 nu
962 822 47 21 åter

180 853 32 19 ett
234 850 35 21 lån
284 850 28 27 på
328 851 26 20 12
369 849 98 27 miljoner
482 849 62 21 mark
559 849 68 22 skulle
643 852 106 24 upptagas
765 853 52 18 utan
833 852 33 19 att
880 857 49 14 man
945 851 64 20 visste

181 879 23 21 åt
219 879 61 21 hvem
297 879 25 20 de
337 879 78 20 inlöste
431 878 156 26 egendomarna
603 878 68 21 skulle
688 878 147 26 öfverlemnas,
852 879 71 20 dertill
939 879 69 20 kunde

180 908 83 21 talaren
286 907 19 26 ej
328 907 73 26 tvinga
423 907 37 20 sitt
483 908 94 19 samvete
599 908 32 19 att
649 907 79 20 bifalla.
759 907 43 20 Det
816 913 51 14 vore
882 907 79 21 bekant
976 909 33 19 att

181 935 222 22 donationsbönderne
419 935 69 20 bodde
504 935 7 20 i
527 935 97 26 eländiga
638 935 77 26 kyften,
732 937 33 19 att
781 935 26 21 de
818 935 89 21 lifnärde
918 935 32 26 sig
960 935 48 21 med

179 964 128 26 fraktföring
323 963 39 22 och
377 963 38 21 illa
430 963 76 21 odlade
522 963 30 21 sin
566 963 55 26 jord.
651 963 68 21 Hvem
735 963 71 21 kunde
821 963 27 26 gå
864 963 6 21 i
886 963 78 27 borgen
975 964 33 20 för

179 995 33 18 att
234 993 25 20 de
275 992 70 21 såsom
361 992 91 21 besutna
467 991 68 21 skulle
552 991 85 26 öfvergå
652 991 33 21 till
701 993 31 19 ett
747 991 70 21 bättre
834 993 43 19 sätt
892 994 32 19 att
940 992 68 21 bruka

180 1021 31 21 sin
225 1021 49 26 jord
290 1021 51 20 eller
357 1022 32 19 att
405 1020 25 21 de
446 1019 18 26 ej
481 1019 68 21 skulle
565 1021 64 25 vägra
645 1022 32 19 att
692 1022 53 24 göra
760 1020 27 21 de
799 1020 68 26 årliga
879 1020 129 21 afbetalnin-

178 1056 72 20 garne,
273 1049 76 21 liksom
372 1049 26 20 de
419 1048 83 26 hittills,
519 1048 48 21 med
582 1049 81 20 minnet
679 1048 22 21 af
716 1049 41 20 den
772 1048 31 21 tid
819 1049 26 20 de
861 1049 54 21 varit
930 1049 77 20 krono-

179 1078 87 26 bönder,
283 1079 75 25 vägrat
373 1078 33 20 att
417 1076 50 27 ingå
482 1077 28 26 på
525 1077 130 20 kontrakter.
687 1077 91 20 Talaren
789 1077 80 26 yrkade
880 1077 84 21 derföre
974 1078 33 19 att

179 1107 26 20 de
218 1106 23 21 af
251 1109 72 18 senast
334 1105 129 22 församlade
474 1105 87 21 ständer
571 1105 95 26 begärda
676 1105 153 27 upplysningar
840 1111 33 15 om
885 1105 121 22 donations-

179 1135 91 26 godsens
289 1135 44 26 pris
349 1134 40 21 och
405 1133 234 21 donationsböndernas
655 1134 50 26 vilja
721 1133 40 21 och
775 1133 98 26 förmåga
888 1136 32 19 att
935 1133 73 22 betala

179 1165 56 19 ännu
259 1163 67 21 måtte
348 1162 114 26 infordras,
486 1163 52 20 enär
560 1161 95 22 hvarken
677 1162 78 26 nådiga
774 1161 160 26 propositionen
955 1161 51 22 eller

178 1191 117 22 utskottets
312 1191 134 21 betänkande
462 1196 33 15 om
512 1190 48 21 dem
573 1192 74 19 nämnt
658 1190 123 27 någonting.
812 1189 89 22 Talaren
912 1190 94 21 önskade

177 1220 102 25 innerligt
291 1221 32 19 att
337 1219 148 21 frälsebönder
499 1219 62 20 äfven
576 1219 7 20 i
599 1219 68 20 andra
682 1219 34 20 län
727 1218 68 21 måtte
805 1219 83 26 hjelpas
898 1220 33 19 att
942 1218 64 21 blifva

177 1248 136 27 sjelfegande.
336 1247 49 21 Men
401 1247 95 21 deremot
512 1247 48 20 ville
576 1247 83 20 talaren
675 1247 19 26 ej
710 1249 33 19 att
753 1247 115 21 ständerna
879 1247 68 20 skulle
958 1247 48 21 leka

178 1276 115 21 blindbock
303 1275 27 28 på
341 1278 31 19 ett
383 1277 49 24 sätt,
444 1281 45 15 som
501 1275 18 26 ej
531 1275 135 21 motsvarade
677 1275 62 21 deras
751 1275 113 26 värdighet
873 1275 39 20 och
920 1276 86 20 röstade

178 1305 83 21 derföre
277 1305 33 20 för
326 1303 93 28 uppskof
433 1303 48 22 med
497 1303 86 27 frågans
599 1303 119 27 afgörande
733 1304 32 20 till
781 1305 63 19 nästa
859 1303 107 27 landtdag.

246 1360 90 21 Prosten
359 1360 78 26 Hjelt
459 1359 105 27 afstyrkte
588 1359 60 21 äfven
672 1359 39 21 dev
735 1359 78 27 nådiga
835 1359 171 26 propositionens

176 1389 80 26 förslag
271 1390 32 20 att
319 1388 33 21 för
367 1388 206 26 donationsgodsens
588 1388 83 21 inlösen
687 1389 94 25 upptaga
797 1389 32 20 ett
844 1387 34 21 lån
894 1387 28 26 på
934 1388 14 19 4
958 1388 48 20 mil-

173 1419 63 26 joner
251 1417 68 26 mark,
335 1417 89 21 emedan
441 1417 123 26 derigenom
579 1416 84 21 landets
679 1416 78 21 handel
773 1416 40 21 och
826 1416 100 26 näringar
937 1416 68 21 skulle

175 1447 112 20 förstöras.
317 1445 51 21 Man
391 1445 68 21 måste
480 1451 56 20 noga
551 1445 94 20 betänka
660 1446 33 19 att
707 1446 80 19 största
804 1444 61 21 delen
881 1445 22 20 af
916 1445 89 20 donata-

175 1476 69 20 rierne
260 1474 70 21 bodde
345 1474 7 20 i
368 1473 111 27 Ryssland,
496 1473 136 26 hvarigenom
649 1473 26 21 de
691 1473 120 26 upplånade
827 1472 83 21 medlen
920 1472 85 21 komme

175 1505 32 19 att
230 1503 51 27 utgå
304 1509 25 14 ur
344 1501 79 26 landet,
439 1501 81 22 hvilket
535 1507 50 15 vore
601 1501 23 21 så
639 1501 86 27 mycket
739 1501 93 21 hårdare
849 1507 44 14 som
909 1501 95 20 löseskil-

175 1531 70 26 lingen
266 1531 69 21 måste
350 1530 108 21 utbetalas
473 1530 7 21 i
495 1530 152 21 silfvervaluta.
678 1529 49 22 Men
743 1529 27 22 då
785 1529 96 21 bankens
896 1529 110 21 silfverva-
