1109 1795
203 140 42 21 314
401 143 167 18 Presteståndet.
593 145 56 16 1887.
673 145 26 17 80
712 145 62 17 Mars.

244 231 13 20 5
273 236 64 15 mom.
360 229 68 22 skulle
452 230 144 26 omredigeras
611 230 7 21 i
634 230 77 21 sådant
733 231 54 26 syfte
809 232 33 19 att
860 231 144 21 kostnaderna

175 259 33 21 för
223 258 110 22 storskifte
349 259 40 20 och
405 259 160 26 skattläggning
577 258 22 21 af
611 259 26 20 de
648 259 79 21 inlösta
738 259 266 27 donationslägenheterna

175 287 66 21 borde
257 287 117 26 förskjutas
390 286 23 21 af
426 287 84 21 kronan
526 287 47 21 med
589 287 70 21 vilkor
674 289 31 19 att
727 287 277 27 lägenhetsinnehafvarene

175 315 68 22 skulle
259 315 33 20 till
307 315 82 21 kronan
404 315 64 27 gälda
483 315 81 21 hälften
579 315 24 21 af
616 315 62 21 dessa
693 315 123 26 kostnader,
832 322 48 15 men
896 317 41 20 den
948 316 56 21 åter-

175 343 88 21 stående
279 343 81 22 hälften
376 344 63 21 deraf
451 345 78 19 stanna
543 344 82 21 kronan
641 344 33 21 till
689 344 51 26 last;
757 344 55 21 dock
827 344 69 21 skulle
907 344 97 21 ståndets

175 371 91 22 sålunda
280 372 97 21 uttalade
392 373 85 25 mening
493 372 75 21 endast
583 373 6 20 i
605 372 54 21 form
676 372 25 21 af
714 374 32 19 ett
761 373 159 26 önskningsmål
935 373 68 26 ingå
991 367 15 37 i

176 401 36 21 det
227 400 146 27 underdåniga
389 403 72 19 svaret
476 401 28 26 på
519 401 40 21 den
575 400 77 27 nådiga
669 401 160 27 propositionen
845 402 7 20 i
868 403 76 20 ämnet.

245 458 12 20 6
273 463 62 15 mom.
352 459 76 25 antogs
443 459 52 19 utan
511 457 95 26 ändring,
623 463 48 15 men
687 457 36 21 det
733 457 24 21 af
766 457 112 22 Utskottet
888 457 114 22 förordade

176 486 141 26 sluttillägget
332 492 35 15 om
383 486 244 26 expropriationslagens
642 486 136 26 tillämpning
794 486 12 21 å
817 486 185 26 donationslägen-

175 514 90 21 heterna
279 514 144 22 förkastades.
448 515 102 20 Deremot
565 514 69 21 skulle
649 514 8 21 i
673 514 94 26 enlighet
781 515 49 20 med
846 515 55 20 hvad
913 514 90 21 Prosten

175 543 107 26 Alopaeus
303 543 32 20 uti
357 543 49 20 dess
428 543 122 20 Utskottets
573 542 136 21 betänkande
735 542 113 27 vidfogade
873 543 130 21 reservation

175 571 110 26 föreslagit
308 571 39 20 och
367 572 54 19 Herr
437 571 111 21 Molander
563 571 70 20 såsom
649 571 149 21 amendement
813 571 70 21 dertill
899 571 103 26 förordat,

175 599 32 21 uti
230 599 36 21 det
289 599 146 26 underdåniga
457 601 70 19 svaret
549 600 81 20 uttalas
653 600 41 20 den
717 599 81 21 önskan
815 601 38 25 att,
869 605 33 15 om
919 599 40 22 den
974 606 29 15 nu

175 627 114 21 förordade
305 627 78 27 nådiga
398 628 159 26 propositionen
572 627 47 21 icke
636 627 69 22 skulle
721 628 48 21 leda
785 628 32 21 till
829 629 31 20 ett
870 628 133 26 fullständigt

175 655 166 27 genomförande
366 656 23 20 af
409 656 234 21 donationsböndernes
667 656 105 25 befrielse,
799 656 59 21 Hans
883 656 120 27 Kejserliga

175 684 101 27 Majestät
291 684 138 26 allernådigst
446 685 47 20 ville
509 684 31 21 till
556 685 83 20 landets
655 685 89 20 ständer
759 684 91 22 aflemna
864 686 48 25 nytt
923 684 79 27 förslag

175 713 32 20 till
223 712 83 27 slutligt
321 712 165 27 genomförande
503 712 22 21 af
539 713 70 20 denna
623 713 90 20 allmänt
728 713 156 26 efterlängtade
905 713 97 21 befrielse

177 741 39 20 och
232 741 66 21 redan
313 741 34 20 för
362 741 273 21 nästsammankommande
651 741 89 21 ständer
755 741 117 27 framlägga
887 741 115 21 berättelse

177 775 34 15 om
226 769 127 26 fortgången
368 769 23 21 af
405 769 204 27 donationsgodsens
624 769 118 21 inlösande.

244 826 33 21 Då
293 826 40 21 den
348 826 7 21 i
370 826 39 26 går
424 826 130 26 uppskjutna
569 826 74 27 frågan
659 833 35 14 om
710 827 109 26 ingressen
835 826 32 21 till
879 826 36 21 det
926 826 76 21 under-

177 854 76 27 dåniga
269 856 70 19 svaret
355 855 13 20 å
382 855 162 26 ifrågavarande
560 855 78 26 nådiga
653 855 134 26 proposition
802 861 29 14 nu
846 855 48 21 åter
909 855 93 26 företogs

176 883 32 20 till
224 883 134 26 behandling,
375 885 76 24 antogs
467 885 31 19 ett
513 883 23 20 af
549 883 100 21 Friherre
665 883 27 21 de
708 884 21 20 la
745 883 101 26 Chapelle
862 883 86 26 afgifvet
959 883 43 20 för-

176 911 52 27 slag,
245 911 66 26 enligt
325 911 81 22 hvilket
421 912 32 20 uti
468 911 109 26 ingressen
593 911 68 21 skulle
677 911 81 22 införas
773 917 26 15 en
815 911 24 21 så
853 911 91 27 lydande
960 911 42 21 för-

175 939 94 26 klaring:
293 955 5 10 ,
300 940 76 25 ehuru
395 940 115 21 ständerna
531 939 47 22 icke
602 940 87 21 beredts
711 940 84 21 tillfälle
817 941 33 20 att
866 939 81 22 erhålla
962 939 40 21 den

175 967 94 27 begärda
285 968 140 27 utredningen
441 969 6 20 i
463 970 77 23 ämnet,
557 968 64 21 hafva
636 969 117 20 ständerna
767 968 65 21 likväl
848 969 54 20 trott
912 968 32 26 sig
956 968 46 21 icke

175 996 53 21 böra
250 996 44 21 låta
317 997 108 21 saknaden
446 996 62 22 deraf
528 997 111 21 föranleda
662 997 33 20 till
718 997 73 26 längre
807 997 131 26 tidsutdrägt
953 996 48 21 med

175 1024 85 27 frågans
278 1025 103 26 lösning'.

243 1081 40 21 Om
299 1081 156 28 Ridderskapet
471 1082 39 21 och
525 1082 80 21 Adelns
621 1081 90 22 sålunda
721 1082 6 21 i
738 1082 89 21 ärendet
839 1081 81 22 fattade
932 1081 70 21 beslut

176 1109 68 22 skulle
260 1109 58 22 såväl
334 1110 146 25 medstånden,
497 1117 45 14 som
558 1111 141 26 Expeditions
714 1110 112 21 Utskottet
841 1116 75 21 genom
929 1111 73 25 proto-

173 1138 134 27 kollsutdrag
322 1139 157 21 underrättas''.

245 1282 119 27 Föredrogs
387 1285 32 19 ett
440 1283 68 20 under
530 1283 41 21 den
595 1283 26 21 29
645 1283 80 21 dennes
747 1283 118 21 inkommet
888 1282 78 27 utdrag
981 1281 23 22 af

175 1310 148 27 ridderskapet
338 1311 40 21 och
393 1311 74 21 adelns
481 1311 109 26 protokoll
605 1311 34 21 för
654 1312 42 20 den
711 1312 27 20 22
754 1311 65 25 Mars,
835 1311 23 21 af
866 1310 93 21 innehåll
970 1312 32 19 att

175 1339 36 21 det
233 1339 115 26 höglofliga
371 1339 85 21 ståndet
478 1341 51 19 utan
546 1340 121 20 diskussion
682 1340 96 26 godkänt
793 1341 64 19 stats-
873 1339 39 21 och
929 1339 73 21 bevill-

174 1367 180 26 ningsutskottets
375 1368 135 21 betänkande
532 1368 7 20 i
563 1368 114 27 anledving
699 1368 24 21 af
744 1368 77 26 nådiga
844 1368 158 26 propositionen

176 1395 110 26 angående
301 1395 70 22 finska
386 1396 164 21 militiefondens
567 1397 123 21 ersättande
705 1397 34 20 för
755 1396 148 27 minskningen
918 1397 24 20 af
955 1396 47 21 dess

174 1424 119 21 inkomster
311 1430 77 20 genom
412 1425 138 26 upphörande
573 1425 24 21 af
616 1425 267 26 bränvinsförpaktningen
905 1425 31 20 uti
952 1423 50 22 fäst-

174 1453 103 26 ningarne
292 1453 7 21 i
313 1453 103 26 Finland;
432 1453 80 22 hvilket
528 1453 151 22 antecknades.

243 1510 121 26 Föredrogs
387 1511 31 20 ett
439 1510 101 21 likaledes
559 1510 68 21 under
643 1511 41 20 den
700 1511 27 20 29
743 1510 80 21 dennes
838 1509 118 22 inkommet
970 1511 34 19 ut-

174 1537 53 26 drag
242 1539 23 20 af
279 1538 149 27 ridderskapet
449 1539 40 21 och
512 1538 74 21 adelns
601 1539 110 26 protokoll
726 1539 34 20 för
776 1538 39 21 den
833 1539 26 20 19
875 1538 65 25 Mars,
956 1538 47 21 med
