1109 1795
315 135 168 19 Presteståndet.
508 136 56 17 1867.
589 137 23 16 31
625 136 46 17 Jan.
852 131 28 20 29

165 290 172 32 Torsdagen
355 290 58 26 den
431 289 33 27 31
483 289 130 27 Januari
633 289 42 26 kl.
693 289 31 27 11
744 289 21 26 f.
783 297 39 20 m.

148 360 90 21 Plenum
254 359 107 26 öppnades
377 358 49 21 med
441 358 23 21 af
477 360 88 24 prosten
581 358 104 21 Borenius
700 357 71 22 hållen
787 358 48 21 bön.

148 494 44 21 Vid
207 495 63 20 skedt
285 501 82 20 upprop
384 494 158 21 tillstädesvoro
556 494 99 26 samtlige
667 494 240 21 ståndsmedlemmarne

81 523 48 21 med
144 523 110 26 undantag
269 523 22 21 af
305 523 102 26 biskopen
421 523 127 26 Schauman,
560 523 149 26 kyrkoherden
720 523 57 20 Roos
789 525 55 19 samt
853 523 55 21 vice-

80 553 125 25 pastorerne
220 551 112 22 Putkonen
349 551 39 21 och
403 551 113 26 Johnsson,
534 551 72 21 hvilka
621 551 23 21 af
657 551 58 21 förut
731 551 32 21 till
778 551 130 27 protokollet

80 580 132 21 antecknade
229 580 86 21 orsaker
330 586 51 15 voro
397 579 147 22 frånvarande.

148 637 135 21 Protokollet
298 637 34 20 för
347 637 39 20 den
399 637 26 20 30
437 637 78 21 dennes
524 637 131 26 justerades;
667 636 80 21 hvilket
757 637 150 21 antecknades.

148 694 91 21 Prosten
261 694 80 26 Hjelt
364 693 72 21 anhöll
459 695 32 19 att
506 694 26 20 de
548 693 23 21 af
585 693 201 26 kontraktsprosten
801 694 83 25 Hellén,
900 694 7 20 i

80 723 106 26 egenskap
201 723 24 20 af
239 722 128 21 ordförande
377 722 7 21 i
395 721 96 22 ståndets
502 722 243 27 helsningsdeputation,
757 723 31 20 till
800 722 107 21 medstån-

80 751 41 21 den
143 751 73 21 hållna
239 751 57 20 talen
319 751 66 20 måtte
407 751 6 20 i
429 751 131 26 protokollet
575 751 90 26 intagas,
682 751 6 20 i
704 751 112 26 anledning
832 750 77 21 hvaraf

80 779 50 21 herr
152 779 136 22 talemannen
303 779 48 21 med
367 779 48 26 nöje
431 779 93 20 erkände
540 781 32 19 att
588 779 42 21 han
645 779 24 21 af
683 781 85 24 prosten
784 779 59 26 Hjelt
859 779 49 20 blif-

80 808 30 20 vit
125 807 47 21 häri
188 807 156 26 förekommen;
360 807 107 21 hvarefter
483 807 93 26 ståndet,
587 807 28 27 på
625 808 50 20 herr
686 808 144 21 talemannens
843 807 64 21 fram-

80 836 106 27 ställning,
210 837 102 26 enhälligt
333 836 102 21 förenade
459 836 31 26 sig
512 836 32 21 uti
563 836 162 27 ifrågavarande
741 836 109 25 anhållan;
867 836 40 21 och

80 864 82 22 lofvade
185 865 202 26 kontraktsprosten
410 864 75 21 Hellén
506 865 35 20 vid
557 866 63 19 nästa
635 865 85 26 plenum
735 865 92 20 inlemna
842 865 64 26 sagde

80 893 29 21 tal
124 893 33 21 för
172 895 33 19 att
219 893 8 21 i
241 893 131 27 protokollet
385 893 56 27 ingå.

148 1029 70 21 Sedan
238 1029 115 26 höglofliga
369 1029 150 26 ridderskapet
534 1029 41 21 och
591 1029 62 21 adeln
669 1029 67 21 under
751 1029 92 21 förliden
859 1029 48 26 gär-

80 1057 41 26 dag
142 1063 77 20 genom
243 1058 124 26 deputation
390 1058 108 21 meddelat
521 1058 166 26 prestaståndet,
709 1059 33 20 att
758 1057 150 26 ridderskapet

80 1085 38 22 och
134 1086 62 21 adeln
212 1086 89 21 beslutit
317 1086 31 21 till
365 1086 224 27 grundlagsutskottet
604 1087 19 26 ej
639 1087 91 20 allenast
746 1086 110 21 remittera
864 1085 43 21 för-

80 1114 68 26 slaget
166 1114 33 21 till
214 1114 206 27 landtdagsordning
435 1117 55 18 samt
506 1115 68 20 andra
589 1115 195 26 grundlagsfrågor,
800 1117 51 18 utan
867 1114 40 21 ock

79 1144 32 19 att
126 1143 31 20 till
172 1143 91 21 nämnde
279 1143 82 20 utskott
376 1143 184 26 förberedelsevis,
576 1143 40 21 och
632 1143 64 21 innan
712 1143 25 21 de
750 1143 6 20 i
769 1149 55 20 resp.
840 1143 67 20 andra

79 1171 83 21 utskott
184 1171 33 22 till
241 1171 128 26 behandling
391 1171 137 26 förekomme,
548 1172 111 21 remittera
675 1172 42 21 alla
733 1171 79 22 sådana
827 1171 79 26 frågor,

78 1205 46 15 som
139 1199 7 20 i
161 1201 32 19 ett
208 1199 52 22 eller
275 1202 66 19 annat
355 1200 98 21 afseende
470 1200 91 21 berörde
576 1201 143 26 grundlagen;
730 1200 24 21 så
763 1200 102 21 förenade
876 1200 31 26 sig

78 1227 159 27 prestaståndet
252 1235 35 19 nu,
303 1228 28 27 på
345 1228 81 27 förslag
441 1228 23 21 af
478 1229 49 20 herr
542 1229 144 26 talemannen,
696 1229 7 20 i
714 1228 111 22 enahanda
836 1228 71 21 beslut

79 1262 44 15 som
147 1256 150 27 ridderskapet
321 1257 38 20 och
383 1257 61 21 adeln
468 1257 31 21 uti
522 1257 165 26 ifrågavarande
709 1257 100 21 afseende
831 1257 75 24 fattat;

77 1285 88 20 hvarom
187 1290 56 21 resp.
263 1285 140 22 medstånden
425 1285 68 22 skulle
514 1292 77 20 genom
613 1286 197 26 protokollsutdrag
827 1285 79 20 under-

77 1314 75 19 rättas.

146 1449 41 22 Vid
203 1451 32 20 ett
250 1450 23 21 af
286 1450 203 27 kontraktsprosten
505 1450 84 21 Sirén
603 1449 64 22 väckt
677 1449 81 27 förslag
768 1451 33 20 att
809 1448 98 21 använda

76 1483 27 15 en
125 1477 87 22 kortare
235 1479 71 20 metod
329 1479 36 20 vid
379 1478 214 27 protokollföringen,
610 1480 27 19 än
653 1479 35 20 vid
704 1480 84 19 senaste
803 1477 103 26 landtdag

76 1506 118 27 iakttagits,
211 1506 23 21 sä
250 1509 32 18 att
297 1507 76 21 endast
390 1507 25 20 de
431 1507 166 26 hufvudsakliga
611 1507 120 20 motiverna
742 1506 34 21 för
786 1511 55 20 resp.
852 1505 54 21 tala-

76 1539 34 16 res
125 1535 111 26 yrkanden
252 1535 69 21 skulle
336 1536 7 20 i
358 1535 132 27 protokollet
505 1537 113 25 upptagas,
633 1535 25 21 sä
672 1535 65 22 framt
753 1535 18 26 ej
788 1533 119 27 andragan-
