1109 1795
343 148 167 18 Presteståndet.
535 149 55 16 1867.
615 149 12 16 2
640 149 63 20 April.
868 144 41 21 363

112 233 23 22 så
157 240 50 16 vore
231 234 35 20 det
289 233 39 21 ock
343 233 58 21 klart
415 235 33 19 att
463 233 85 21 banken
564 233 71 21 kunde
651 233 67 22 anlita
733 234 114 27 styrelsens
862 235 78 21 förtro-

111 263 53 21 ende
186 263 5 20 i
214 261 106 26 utlandet;
344 261 36 21 det
401 267 39 15 var
455 261 18 27 ej
490 261 91 27 banken,
598 267 45 16 som
659 262 6 20 i
681 261 68 22 första
764 263 57 21 hand
836 263 56 21 hade
908 264 32 26 sig

111 291 73 26 ålagdt
199 292 32 19 att
246 290 61 21 träda
323 290 96 21 emellan.

179 347 206 26 Kontraktsprosten
408 346 77 21 doktor
508 346 99 21 Hellén
629 347 73 20 anhöll
725 348 32 20 att
778 354 49 15 man
848 348 91 21 rörande

111 375 77 27 frågan
203 375 55 21 hvad
273 381 46 14 som
333 381 51 15 vore
400 376 32 19 att
447 377 59 24 göra,
515 375 67 21 måtte
590 375 57 26 gifva
655 375 38 21 akt
702 375 71 26 derpå,
782 378 32 19 att
823 376 84 22 banken
916 377 24 20 år

112 404 56 21 1813
179 403 40 21 fått
233 405 9 20 1
257 403 80 21 million
349 403 226 25 bankoassignationer
587 403 34 22 till
632 403 127 27 grundfond.
784 404 66 21 Detta
860 405 79 25 grund-

109 432 41 26 frö,
172 438 44 15 som
231 432 129 26 längesedan
375 432 133 24 återbetalts,
524 432 56 20 hade
596 433 23 20 så
634 432 123 26 förkofrats,
773 434 32 19 att
820 439 30 14 nu
865 432 12 21 8
894 434 46 20 mil-

111 461 68 20 lioner
195 461 84 26 erbjöds
295 460 22 21 åt
333 460 121 21 ständerna.
485 460 158 21 Bankrörelsen
659 467 38 14 var
709 461 105 26 nemligen
825 467 26 14 en
861 461 78 21 handel

111 495 45 15 som
179 489 83 26 uppbar
285 489 30 26 sig
338 488 56 27 sjelf;
417 489 83 20 talaren
515 488 128 21 förvånades
660 488 59 21 öfver
734 491 32 18 att
781 495 49 14 man
846 495 28 15 nu
890 489 48 21 ville

111 517 114 27 uppehålla
240 518 123 20 densamma
377 523 76 20 genom
469 517 35 20 lån
520 517 40 20 och
576 517 87 21 förorda
679 519 32 19 ett
725 517 76 21 sådant
816 523 45 16 som
872 518 67 21 redan

111 546 113 26 upptagits.
255 545 56 21 Ville
333 551 49 15 man
404 545 72 26 hvarje
499 545 25 21 år
545 548 95 23 upptaga
655 545 42 26 lån,
713 545 24 21 så
751 545 62 22 ledde
829 546 61 21 detta
906 546 32 21 till

111 574 84 21 landets
211 573 54 21 ruin.
295 573 73 22 Under
384 573 41 21 den
440 573 64 28 långa
519 573 31 21 tid
567 573 84 22 banken
662 574 58 21 förut
729 576 36 24 ägt
775 574 97 26 bestånd,
884 575 54 20 hade

112 602 40 21 den
174 601 46 28 gått
242 602 67 27 uppåt
329 604 52 19 utan
404 602 41 26 lån,
462 602 117 26 bekämpat
594 603 152 20 missvexterna
761 603 50 20 åren
828 603 54 21 1819
899 603 39 21 och

112 631 52 20 1821
189 632 55 19 samt
267 631 26 21 de
315 631 47 26 fyra
384 630 51 21 åren
460 631 122 25 1832—36;
599 630 42 21 alla
657 631 62 20 dessa
735 631 204 26 bekymmersamma

113 659 39 20 och
168 658 61 22 svåra
243 658 126 22 missvextår
385 659 54 20 hade
454 659 86 20 banken
554 659 125 26 genomgått
690 659 39 21 och
739 659 65 21 likväl
814 659 124 22 förkofrats.

111 687 49 21 Med
183 689 30 18 ett
235 688 60 26 ringa
311 687 32 21 frö
359 687 32 21 till
406 687 85 27 början;
508 687 57 21 hade
581 687 40 21 den
637 687 67 27 hjelpt
719 688 31 26 sig
764 688 55 21 fram
834 689 53 20 utan
902 688 36 21 lån

111 715 39 22 och
172 716 113 26 grundlagt
307 716 24 20 så
353 715 76 27 många
452 717 67 20 andra
541 715 85 26 fonder;
651 716 36 21 det
705 722 49 15 vore
770 717 120 26 lättsinnigt
905 718 33 19 att

110 744 44 21 tala
177 750 32 15 om
232 744 110 21 utländskt
364 744 45 26 lån;
432 744 33 21 för
483 745 33 20 sin
532 744 35 21 del
582 744 49 21 ville
647 744 82 21 talaren
745 751 27 14 nu
787 747 103 19 motsätta
906 745 32 26 sig

110 774 31 19 ett
156 772 82 21 sådant.

179 829 90 20 Prosten
283 829 76 26 Hjelt
375 829 96 25 anförde,
486 829 34 21 för
536 831 33 20 att
584 830 73 21 bevisa
673 830 114 25 sanningen
803 829 22 21 af
839 830 36 21 det
890 836 46 15 som

109 857 78 21 doktor
203 857 68 26 Bergh
287 859 53 25 sagt,
354 859 32 20 att
396 858 68 21 under
475 858 53 21 sista
538 864 109 15 sommarn
657 864 76 21 genom
743 858 89 21 kursens
842 858 95 21 fallande

110 886 6 20 i
138 885 103 27 Ryssland
262 886 57 21 inom
341 887 12 20 6
373 886 77 21 veckor
470 887 12 20 3
498 886 107 21 millioner
619 887 62 20 mark
695 886 46 27 gått
756 887 33 20 till
805 887 59 21 detta
879 887 57 20 land.

110 913 43 22 För
169 913 62 27 öfrigt
246 914 70 21 kunde
332 921 49 14 man
396 915 17 26 ej
430 915 45 21 tala
490 921 35 14 om
541 915 70 26 någon
626 915 137 21 bankrörelse
773 915 7 20 i
791 915 90 21 Finland
891 915 45 21 före

113 942 60 26 1840,
195 942 27 21 då
245 943 168 27 diskonteringar
435 943 99 26 begynte,
557 943 66 21 sedan
645 943 68 21 finska
733 943 66 21 folket
814 943 22 21 åt
852 943 84 21 banken

110 970 60 27 gifvit
185 971 32 20 sin
231 971 147 26 förmögenhet
393 971 115 22 bestående
524 972 7 20 i
546 972 91 21 svenska
652 972 77 21 sedlar.
759 972 61 21 Hvad
836 972 48 21 med
896 972 40 20 den

110 1005 40 14 ena
169 999 148 27 ursprungliga
332 1000 107 21 millionen
455 1000 113 27 förtjenats
584 1007 49 14 vore
650 1001 18 26 ej
685 1001 89 26 mycket,
791 1000 39 21 den
846 1000 55 21 hade
917 1000 19 26 ej

109 1027 77 26 skapat
201 1027 76 27 många
292 1027 83 26 fonder;
392 1029 102 20 särskildt
509 1029 56 20 hade
580 1029 82 26 Fattig-
678 1029 39 20 och
729 1028 207 25 Arbetshusfonden,

110 1062 45 14 som
177 1055 54 22 först
253 1057 83 26 nyligen
359 1056 150 22 öfverlemnats
532 1057 33 21 till
588 1057 91 24 banken,
703 1057 131 27 uppkommit
859 1063 76 20 genom

109 1084 211 26 Passexpeditionens
335 1086 7 19 i
357 1084 32 22 S:t
404 1085 130 27 Petersburg
550 1085 145 27 besparingar.

178 1141 89 21 Prosten
289 1141 77 22 doktor
381 1142 88 26 Bergh
485 1141 102 27 påminte,
603 1143 32 20 att
650 1144 87 25 prosten
752 1141 104 22 Borenius
871 1141 64 21 fram-

110 1169 61 22 hållit
193 1171 32 19 att
247 1169 36 22 det
305 1176 50 15 vore
377 1171 47 20 icke
440 1171 102 24 bankens,
559 1172 52 19 utan
626 1171 115 26 styrelsens
757 1170 38 21 sak
811 1172 33 19 att
859 1169 76 22 under-

110 1198 69 27 stödja
194 1198 75 21 nöden,
299 1199 46 20 Här
359 1205 38 14 var
413 1199 54 21 dock
482 1199 62 26 fråga
559 1205 34 14 om
606 1199 115 26 styrelsens
734 1200 43 19 rätt
787 1200 32 19 att
830 1198 104 26 bemedla,

108 1228 34 19 att
156 1228 93 25 upptaga
264 1226 35 21 lån
314 1227 39 20 och
369 1227 57 26 gifva
441 1227 48 21 dem
505 1227 22 21 åt
542 1227 91 25 banken,
646 1233 45 15 som
702 1227 54 21 ändå
767 1227 61 20 alltid
838 1227 8 21 i
856 1227 80 20 nödens

110 1255 64 20 stund
195 1255 68 21 måste
277 1255 110 20 förmedla.
419 1256 82 21 Doktor
517 1255 77 21 Hellén
609 1256 56 21 hade
681 1256 47 21 med
743 1257 74 19 värma
831 1255 55 21 talat
902 1261 33 14 om

108 1283 95 21 bankens
219 1283 97 21 storverk
331 1283 40 21 och
387 1283 70 27 frågat
472 1284 87 20 hvilken
575 1285 80 20 rörelse
671 1285 70 20 kunde
751 1284 93 27 grundas
855 1283 29 26 på
894 1283 40 20 lån.

108 1311 65 21 Detta
195 1318 38 14 var
255 1313 31 20 ett
301 1312 158 26 missförstånd;
475 1312 40 21 här
530 1313 55 20 hade
601 1312 75 26 frågan
693 1313 53 20 varit
762 1319 34 14 om
811 1312 69 20 kriser
896 1311 40 20 och

108 1339 131 24 missvexter,
261 1340 80 20 sådana
363 1340 75 26 kriser,
454 1346 45 15 som
516 1341 68 20 sällan
600 1340 63 22 träffa
678 1341 66 21 andra
759 1341 50 24 folk,
825 1339 40 21 och
881 1339 55 21 huru

108 1368 72 20 landet
195 1368 28 20 då
238 1368 67 21 skulle
321 1368 88 27 hjelpas.
439 1369 84 21 Doktor
539 1369 76 21 Hellén
627 1369 55 21 hade
693 1369 66 21 kallat
770 1369 36 21 det
816 1368 120 26 lättsinnigt

108 1398 32 19 att
155 1396 126 22 underhålla
294 1397 84 21 banken
394 1398 48 20 med
457 1397 42 26 lån,
516 1397 77 22 sådant
607 1404 52 15 vore
675 1397 130 27 oförnuftigt,
821 1403 29 14 nu
864 1396 71 27 gällde

107 1424 75 26 frågan
205 1431 34 15 om
261 1425 68 22 kriser
351 1425 40 21 och
413 1427 91 25 utvägar
527 1428 33 19 att
582 1427 34 20 stå
639 1428 56 19 emot
711 1427 53 20 dem.
795 1425 40 21 Om
852 1425 84 20 banken

107 1453 76 20 trodde
199 1453 31 26 sig
245 1454 48 20 med
309 1454 109 21 öfvermod
434 1454 72 21 kunna
521 1456 60 19 möta
596 1455 130 26 missvexter,
737 1454 24 21 så
772 1453 100 22 befarade
883 1453 53 20 tala-

106 1487 38 15 ren
165 1483 33 18 att
221 1482 39 21 den
283 1484 49 25 toge
354 1484 73 19 vatten
451 1482 59 21 öfver
526 1483 110 21 hufvudet.
667 1483 81 21 Genom
764 1483 67 20 andra
846 1483 90 24 utvägar

106 1509 55 22 hade
177 1509 72 22 landet
265 1510 69 21 blifvit
349 1511 74 26 hjelpt,
439 1517 48 15 men
502 1511 47 22 icke
565 1513 52 19 utan
633 1511 42 25 lån,
691 1511 39 22 och
745 1517 29 15 nu
790 1510 68 21 skulle
871 1509 65 22 dessa

104 1537 119 28 förbjudas!
