1109 1795
353 129 167 17 Presteständet.
546 129 55 17 1867.
626 130 12 16 5
651 129 63 21 April.
877 126 41 20 467

119 214 102 27 ningsort.
251 214 10 21 I
284 220 25 14 en
325 213 102 27 kyrkolag
443 214 71 21 kunde
530 214 54 21 dock
601 214 17 26 ej
635 214 64 21 blifva
715 215 59 26 fråga
790 222 33 15 om
840 218 65 19 annat
920 219 26 18 än

119 242 163 27 kyrkskrifning.
313 242 73 21 Staten
402 242 71 21 kunde
489 242 77 27 tvinga,
584 249 47 14 men
647 243 46 20 icke
708 243 87 26 kyrkan.

188 299 30 21 Pä
242 299 152 26 framställning
417 299 21 21 af
453 299 49 21 herr
518 299 135 21 talemannen
669 299 123 27 godkändes
807 301 138 23 förevarande

119 328 13 25 &
148 327 47 21 med
211 327 108 21 obestridd
335 327 113 27 pluralitet.

188 383 25 28 $$
229 385 12 20 9
258 384 38 21 och
314 385 25 20 10
355 384 122 26 godkändes
493 384 107 27 enhälligt.

188 442 11 26 g
217 442 31 20 11.

188 497 152 28 Kyrkoherden
364 497 119 22 Castrén
503 498 93 26 yttrade:
627 498 168 22 Vidkommande
813 505 74 16 senare
902 506 44 15 mo-

120 528 80 19 mentet
223 526 21 21 af
265 527 67 20 denna
350 527 53 20 11:te
420 527 17 25 8,
453 526 90 21 utbeder
556 527 37 26 jag
609 526 42 27 mig
666 527 119 26 ödmjukast
801 527 20 22 få
836 528 108 26 anmärka,

120 557 32 18 att
175 555 35 20 det
233 557 23 18 är
278 555 6 20 i
307 554 42 21 allo
372 554 48 21 fullt
439 554 137 26 berättigadt,
592 557 22 24 ty
630 555 163 26 socknebandet,
809 562 45 15 som
871 557 75 20 endast

120 582 79 21 medför
222 584 162 25 samvetstväng,
406 585 23 18 är
452 583 46 20 icke
522 583 227 22 öfverensstämmande
773 585 47 20 med
836 585 108 26 Evangelii

120 611 51 21 lära.
202 611 32 21 En
257 611 52 21 hvar
331 612 39 20 bör
393 613 40 24 äga
455 611 64 21 frihet
541 611 54 21 att
590 607 12 36 i
615 611 46 21 sina
676 613 270 26 samvetsangelägenheter

120 639 69 22 vända
211 640 31 25 sig
264 639 31 21 till
317 639 39 21 den
372 639 140 27 själasörjare,
527 639 33 21 för
575 639 84 21 hvilken
675 640 40 21 den
732 640 61 27 hyser
808 643 79 20 största
902 641 43 21 för-

120 668 94 21 troende.
245 668 30 26 Ty
293 668 27 20 dä
335 668 62 26 ingen
413 669 41 20 kan
470 667 105 22 förmenas
591 670 32 19 att
638 668 6 20 i
660 668 109 27 kroppslig
784 669 97 26 sjukdom
896 670 48 21 räd-

120 696 59 26 fräga
202 695 38 22 och
263 696 66 21 anlita
352 696 85 21 hvilken
453 696 73 21 läkare
541 702 45 15 som
602 696 61 25 helst,
680 697 23 20 sä
719 697 53 21 huru
787 697 85 27 mycket
887 704 57 15 mera

120 725 39 20 bör
181 724 46 21 icke
250 731 25 14 en
297 725 65 20 sådan
383 724 63 21 frihet
461 725 7 20 i
483 724 82 27 andligt
580 724 98 22 afseende
693 731 50 15 vara
758 725 82 22 tillåten
856 727 39 20 och
910 733 34 20 ge-

120 759 48 15 nom
185 753 34 26 lag
235 753 122 26 betryggad.
372 753 1 8 '
387 753 49 21 Men
453 753 26 21 dä
493 753 110 26 ingenting
617 755 31 22 är,
664 759 45 15 som
725 754 46 21 icke
786 754 41 21 kan
843 755 102 21 missbru-

120 782 44 25 kas,
187 782 23 20 sä
233 782 63 25 vägar
315 781 37 26 jag
369 781 45 26 just
429 781 48 21 med
493 781 99 21 afseende
608 781 51 21 derä
674 781 54 22 fästa
743 782 130 27 högvördiga
888 784 56 20 stän-

121 809 45 22 dets
182 809 186 27 uppmärksamhet
383 810 27 26 pä
426 810 39 20 den
482 809 163 27 omständighet,
662 816 33 15 om
711 810 45 21 icke
772 811 27 20 dä
814 811 130 21 sockneban-

121 838 35 21 det
179 837 103 26 afskaffas,
306 838 35 20 det
364 844 49 15 vore
437 838 73 26 nödigt
532 840 33 19 att
587 838 52 21 söka
661 837 114 28 förebygga
790 839 25 21 de
831 839 112 25 missbruk,

120 866 84 21 hvartill
220 866 96 26 möjligen
332 867 89 25 mängen
436 866 123 27 härigenom
575 866 70 21 kunde
660 866 57 21 finna
733 867 86 22 tillfälle.
846 867 98 28 Isynner-

119 895 37 20 het
179 894 83 21 befarar
279 895 36 26 jag
331 896 32 19 att
377 895 76 20 sädant
469 894 53 21 skall
539 894 64 21 blifva
618 895 59 21 fallet
693 895 47 21 med
756 895 40 21 den
811 895 6 21 i
833 896 111 21 skriftsko-

119 922 94 21 leäldern
239 923 90 21 varande
351 923 119 26 ungdomen
493 923 39 21 och
556 922 47 21 dess
619 923 141 27 admittering.
791 924 153 21 Erfarenheten

120 951 38 21 har
182 951 86 24 bevisat,
291 953 32 19 att
346 951 25 21 de
393 951 125 26 fordringar,
543 951 56 21 olika
619 951 70 22 lärare
705 952 6 20 i
727 952 56 21 olika
798 952 146 27 församlingar

120 979 102 27 uppställt
244 979 32 21 för
295 980 135 25 admittering
445 979 22 21 af
481 979 134 26 skriftebarn,
633 980 43 21 ofta
691 980 55 21 varit
761 980 62 26 högst
839 981 61 26 olika,
914 981 30 26 ja,

120 1008 93 27 exempel
236 1007 112 22 förefinnas
371 1010 32 19 att
419 1008 67 21 lärare
502 1007 86 26 funnits,
604 1014 52 21 som,
672 1008 34 21 vid
722 1009 129 26 ungdomens
867 1009 77 21 admit-

118 1037 75 26 tering,
216 1036 64 21 fästat
302 1036 48 26 föga
367 1036 98 21 afseende
481 1036 35 21 vid
532 1037 47 20 dess
595 1036 126 27 bokläsning
737 1037 39 20 och
792 1037 151 21 kristendoms-

118 1065 102 26 kunskap.
250 1065 40 26 Jag
306 1065 40 20 kan
363 1067 65 24 uppte
443 1064 95 27 exempel
554 1065 71 26 derpä.
649 1065 29 20 Af
690 1059 47 26 Åbo
753 1065 135 26 Domkapitel
901 1065 44 22 blef

116 1093 36 26 jag
175 1092 113 22 förordnad
311 1093 31 20 till
366 1093 191 26 nädärspredikant
574 1093 6 20 i
601 1099 26 14 en
642 1093 127 27 församling,
786 1093 85 21 hvarest
887 1093 57 22 dess-

118 1121 95 21 förinnan
236 1121 66 21 under
321 1122 36 20 tvä
373 1121 33 21 ärs
422 1121 30 21 tid
475 1127 26 15 en
517 1123 60 19 extra
592 1121 106 22 ordinarie
713 1123 108 25 prestman
837 1121 54 22 varit
906 1129 36 14 an-

118 1149 63 22 ställd
204 1149 101 21 likaledes
319 1150 7 20 i
342 1149 105 27 egenskap
471 1149 22 21 af
507 1150 196 25 nädärspredikant.
735 1150 73 21 Denne
823 1149 70 22 lärare
908 1151 36 20 ad-

118 1178 111 21 mitterade
250 1178 125 25 ungdomen,
399 1180 50 19 utan
474 1177 99 22 afseende
591 1178 93 21 hvarken
700 1179 13 20 å
728 1178 149 27 läskunnighet
893 1179 51 20 eller

118 1205 246 27 kristendomskunskap,
382 1208 51 19 utan
449 1206 55 21 blott
520 1205 89 26 derföre,
625 1208 32 19 att
673 1207 40 20 den
729 1207 66 25 några
810 1207 66 26 dagar
892 1207 50 20 bivi-

118 1235 60 20 stade
200 1235 53 20 hans
274 1234 147 27 intetsägande
442 1234 130 21 skriftskola.
603 1234 89 27 Följden
715 1235 61 20 häraf
796 1241 37 15 var
848 1235 48 25 den,
912 1237 32 19 att

118 1262 42 21 alla
176 1263 99 21 latläsare
289 1262 46 21 från
351 1263 161 26 kringliggande
527 1263 148 26 församlingar
690 1265 74 24 uttogo
780 1263 45 20 sina
836 1263 58 21 bevis
904 1263 39 21 och

117 1290 86 21 infunno
227 1291 31 26 sig
281 1291 32 21 till
336 1291 89 21 berörde
445 1293 120 24 prestmans
581 1291 115 26 beryktade
711 1291 129 21 skriftskola.
870 1291 73 27 Dylikt

118 1321 23 19 är
163 1321 56 19 ännu
235 1319 58 21 fallet
307 1320 27 25 på
350 1320 75 25 många
441 1321 58 19 orter
514 1319 6 20 i
536 1325 64 15 norra
615 1319 96 22 Finland.
743 1319 40 21 Till
799 1319 40 21 den
854 1319 90 22 försam-

118 1347 49 27 ling,
191 1347 84 21 hvarest
297 1348 70 26 någon
383 1348 60 26 slapp
459 1347 39 21 och
514 1347 81 21 mindre
611 1350 159 24 samvetsgrann
786 1347 69 21 lärare
870 1347 73 25 finnes,

118 1375 135 22 tillströmma
275 1376 154 21 oadmitterade
451 1375 100 22 latläsare
571 1375 47 22 från
634 1376 146 26 angränsande
795 1375 148 27 församlingar

118 1403 39 22 och
180 1404 115 21 återvända
313 1405 69 26 någon
397 1404 31 21 tid
445 1403 91 22 derefter
551 1404 33 21 till
599 1404 46 21 sina
660 1405 107 20 hemorter
783 1405 69 20 såsom
868 1404 75 21 admit-

118 1432 79 21 terade.
228 1431 44 22 När
295 1433 156 20 socknebandet
474 1432 105 26 afskaffas,
595 1433 24 20 så
634 1433 85 20 komma
733 1434 52 19 utan
800 1432 71 21 tvifvel
887 1438 57 15 men-

118 1461 42 26 liga
176 1460 127 27 oordningar
318 1461 6 20 i
340 1461 91 21 nämnde
446 1460 98 22 afseende
560 1462 32 19 att
607 1460 90 27 inträffa,
715 1467 34 14 om
764 1461 76 21 sådant
850 1460 46 21 icke
908 1466 36 20 ge-

118 1495 49 15 nom
187 1489 34 26 lag
237 1488 129 27 förebygges.
395 1489 41 26 Jag
452 1489 140 21 öfverlemnar
607 1489 32 20 till
654 1489 129 26 högvördiga
798 1488 96 21 ståndets
908 1488 36 21 be-

118 1517 121 26 pröfvande,
263 1523 33 15 om
319 1517 46 21 icke
381 1517 58 21 detta
454 1517 72 21 kunde
541 1517 38 21 ske
594 1523 76 20 genom
686 1519 31 19 ett
733 1517 73 27 tillägg
821 1516 101 27 antingen
936 1516 8 21 i
