1109 1795
209 136 42 21 378
413 140 168 18 Presteståndet.
605 141 56 17 1867.
686 141 12 17 3
711 141 63 21 April

179 226 88 21 ståndet
282 225 121 28 ödmjukast
417 226 114 21 hemställa
546 231 35 16 om
596 225 47 22 icke
654 226 97 26 Ståndet,
761 226 49 21 med
822 226 80 22 fästadt
912 225 100 23 afseende

179 255 14 21 å
209 254 181 27 angelägenheten
406 256 32 19 att
450 254 143 27 åvägabringa
606 255 217 21 öfverensstämmelse
834 255 6 20 i
852 254 159 28 lagskipningen

181 283 95 21 särdeles
291 282 7 21 i
313 282 72 27 frågor
401 282 20 21 af
436 282 139 22 förevarande
591 282 152 27 beskaffenhet,
758 283 65 21 funne
838 283 113 28 anledning
961 289 51 16 vara

180 311 33 20 för
235 310 86 21 handen
344 313 31 18 att
397 311 40 21 hos
459 311 156 26 Ridderskapet
637 311 40 21 och
700 311 68 21 Adeln
790 313 52 24 göra
858 311 154 27 framställning

181 339 74 21 derom
271 340 33 19 att
319 338 156 28 Ridderskapet
491 339 39 22 och
541 339 69 22 Adeln
621 339 54 26 ville,
687 339 34 21 till
733 339 77 22 allmän
821 339 86 27 båtnad,
918 340 94 21 förklara

181 367 37 21 det
241 366 62 22 deras
327 367 154 22 ofvanberörde
501 367 69 22 beslut
586 367 17 27 ej
620 368 35 21 må
670 374 61 15 anses
747 367 89 22 omfatta
850 367 112 22 frälsemän
977 370 35 19 rö-

180 395 67 23 rande
269 395 102 27 konkurs,
393 395 137 27 boskillnads,
552 395 86 23 urarfva
661 396 39 21 och
723 396 145 28 årsproklama
890 397 43 21 mål
945 396 66 27 jemte

180 424 69 22 andra
265 424 86 22 dermed
366 424 208 27 sammanhängande
589 424 76 27 frågor.

249 452 12 21 I
276 452 86 21 afbidan
377 453 28 26 på
420 453 106 26 utgången
542 453 22 20 af
579 453 68 21 denna
662 453 156 26 framställning
833 453 39 22 har
884 452 127 27 Lagutskot-

181 481 32 20 tet
229 482 70 19 ansett
315 481 32 26 sig
361 480 53 21 böra
430 481 44 21 låta
489 481 48 21 med
552 481 177 27 föredragningen
745 481 22 22 af
781 481 138 22 omförmälde
934 481 76 26 nådiga

181 509 133 26 proposition
330 509 117 22 tillsvidare
462 510 82 21 anstå".

251 605 50 22 Som
323 605 50 22 flere
394 606 67 21 talare
477 607 46 20 icke
538 606 98 21 anmälde
651 605 38 28 sig,
705 606 120 21 förklarade
841 606 56 21 Herr
912 605 98 22 Talman-

181 640 41 15 nen
244 633 146 22 diskussionen
406 634 6 21 i
428 636 72 20 ämnet
522 641 51 15 vara
595 634 92 22 afslutad
703 636 55 19 samt
773 633 137 28 framställde,
926 634 33 21 för
974 634 36 21 be-

181 662 132 21 stämmande
330 662 21 21 af
371 663 210 27 kontraproposition
605 665 57 19 emot
685 663 161 26 Lagutskottets
870 662 84 27 förslag,
977 662 32 21 till

181 690 132 27 omröstning
328 690 99 27 följande:

255 758 45 21 Vill
317 758 90 21 Ständet
422 759 35 21 till
472 759 217 27 kontraproposition
704 761 83 25 antaga
798 759 34 20 det
843 759 71 20 under
924 758 84 21 diskus-

181 787 74 20 sionen
270 787 81 26 gjorda
365 787 98 27 yrkande
480 790 30 18 att
525 788 34 20 till
575 788 161 27 Ridderskapet
752 787 38 21 och
805 787 72 21 Adeln
892 787 75 26 skulle,
977 787 32 27 pä

181 817 43 18 sätt
235 815 84 27 jemväl
335 815 161 21 Bondeständet
512 816 97 27 beslutat,
626 817 107 26 utfärdas
749 815 133 28 inbjudning
893 815 71 21 derom
977 818 32 18 att

180 843 162 28 Ridderskapet
367 844 38 20 och
427 845 72 20 Adeln
522 845 65 20 måtte
604 845 7 20 i
626 844 48 21 hela
691 845 48 20 dess
755 845 51 20 vidd
818 844 88 27 frångå
922 843 87 22 beslutet

181 878 34 14 om
231 871 152 22 bibehällande
399 873 31 26 af
443 873 47 21 dess
501 873 79 26 forum
593 873 170 27 privilegiatum,
779 873 52 20 eller
848 872 38 20 ock
902 875 32 18 att
948 872 61 27 Lag-

180 899 113 22 utskottets
305 900 92 28 förslag
411 900 59 22 skall
482 901 133 28 förkastas?
631 901 50 21 Den
696 908 46 14 som
758 901 49 20 ville
818 901 35 20 det
860 900 70 27 förra
940 900 68 21 skulle

180 935 65 14 svara
257 929 34 26 ja,
309 929 40 20 den
364 935 45 14 som
425 930 50 20 ville
490 930 34 20 det
539 937 76 14 senare
630 937 65 14 svara
711 930 42 27 nej.

249 997 70 21 Sedan
343 996 73 28 frågan
440 997 108 22 besvarats
564 998 49 21 med
628 997 55 22 både
696 998 22 26 ja
735 997 39 22 och
789 998 32 26 nej
838 999 56 20 samt
909 997 98 22 anhållan

181 1031 34 14 om
231 1025 96 27 votering
341 1025 68 22 blifvit
424 1026 67 27 gjord,
508 1026 114 21 anställdes
641 1026 72 27 sädan,
729 1026 87 21 hvarvid
832 1025 93 28 afgäfvos
942 1027 25 20 17
980 1026 27 27 ja

180 1053 39 21 och
235 1054 12 20 5
264 1054 42 26 nej.

249 1115 46 22 Och
314 1122 45 15 som
383 1116 89 21 sälunda
495 1117 35 21 det
552 1117 57 21 förra
631 1117 137 21 alternativet
791 1116 67 21 blifvit
874 1116 31 22 till
920 1116 87 22 kontra-

179 1144 131 27 proposition
325 1146 94 25 antaget,
436 1145 130 27 uppställdes
582 1145 72 31 vidare
669 1145 92 27 följande
777 1145 139 27 proposition:

248 1207 97 26 Antager
369 1207 90 20 Ständet
483 1207 161 28 Lagutskottets
667 1208 177 27 ifrägavarande
863 1207 91 27 förslag
973 1207 34 20 till

178 1234 133 27 inbjudning
334 1235 35 20 till
392 1235 159 28 Ridderskapet
573 1236 38 21 och
634 1236 78 26 Adeln,
736 1236 52 20 eller
809 1236 40 20 vill
870 1235 91 21 Ständet
976 1237 31 18 att

178 1263 161 28 inbjudningen
361 1263 58 21 skall
441 1264 108 21 meddelas
565 1265 8 20 i
589 1265 71 20 sädan
684 1264 139 27 omfattning,
848 1264 40 20 den
911 1270 50 21 nyss
980 1264 31 27 af

179 1291 91 21 Ständet
293 1294 97 25 antagna
411 1292 242 27 kontrapropositionen
676 1293 139 20 innehåller?
831 1292 50 21 Den
898 1299 44 14 som
954 1292 53 27 för-

178 1320 69 20 enade
269 1321 34 26 sig
325 1327 34 13 om
378 1321 166 26 propositionen
567 1321 70 21 skulle
655 1328 66 14 svara
732 1321 35 27 ja,
784 1321 41 20 den
841 1327 45 14 som
897 1321 109 26 förenade

177 1348 34 27 sig
227 1354 34 14 om
276 1348 242 28 kontrapropositionen
534 1356 65 14 svara
615 1350 42 26 nej.

247 1411 83 26 Frägan
346 1410 128 23 besvarades
489 1412 47 21 med
552 1411 109 22 obestridd
676 1411 156 28 röstpluralitet
848 1411 103 26 nekande,

245 1473 8 21 i
268 1473 51 27 följd
335 1473 76 22 hvaraf
424 1474 157 27 Ridderskapet
597 1474 39 21 och
652 1474 70 22 Adeln
738 1474 67 21 skulle
821 1473 23 22 af
854 1473 152 27 Borgarestän-

177 1501 38 21 det
229 1501 98 28 inbjudas
343 1503 32 20 att
391 1502 6 21 i
413 1501 48 22 hela
477 1503 46 21 dess
536 1503 49 21 vidd
601 1502 74 27 frängä
690 1503 93 21 beslutet
799 1509 34 14 om
849 1501 159 22 bibehällandet

176 1529 23 21 af
212 1529 152 22 förstbemälda
380 1530 79 22 Ständs
474 1531 68 21 forum
558 1531 161 27 privilegiatum.
