1109 1795
211 97 40 22 128
415 102 166 17 Presteständet.
606 102 56 17 1867.
686 103 26 16 27
724 102 60 17 Febr.

181 188 40 21 och
237 187 144 24 statsutskott,
398 189 55 20 samt
468 187 48 21 ville
531 187 33 21 för
579 187 32 21 sin
627 187 40 24 del,
683 187 32 21 till
727 187 135 22 undvikande
874 187 22 22 af
909 187 104 28 kollision,

181 216 112 22 remittera
315 216 123 21 densamma
453 215 32 22 till
501 215 91 22 berörda
613 217 154 20 sammansatta
782 216 89 26 utskott,
896 217 27 21 dä
938 216 76 27 kyrko-

181 245 82 21 herden
289 244 112 21 Bäckvalls
426 243 40 22 och
489 243 134 27 vicepastorn
647 244 124 21 Putkonens
794 244 221 27 petitionsskrifvelser

179 273 80 27 jemväl
281 272 71 21 kunde
368 272 101 21 remissen
491 271 80 28 ätfölja,
587 273 70 20 säsom
681 273 71 21 desses
768 272 96 22 enskilda
878 273 114 27 yttranden
1008 273 6 21 i

181 301 82 26 frägan.

252 358 91 21 Prosten
358 357 133 22 Borenius
506 357 55 22 hade
572 357 7 21 i
590 357 199 27 tidningsreferaten
800 357 42 22 läst
854 360 33 19 att
897 358 118 22 ridderska-

183 388 37 26 pet
243 386 39 21 och
298 386 63 21 adeln
384 386 120 21 remitterat
518 386 160 26 propositionen
696 385 32 22 till
744 386 108 21 ekonomi-
868 387 38 20 och
928 389 87 19 statsut-

183 415 96 21 skottet"
295 417 55 19 samt
366 414 156 22 bondeståndet
536 414 32 21 till
579 414 124 24 ,ekonomi-
719 415 39 21 och
770 415 244 27 bevillningsutskottet'*

184 455 28 3 —
227 443 82 21 säledes
332 443 67 26 begge
415 443 31 20 till
462 445 32 18 ett
509 442 39 21 och
569 449 81 14 samma
665 443 85 21 utskott
765 443 66 21 ehuru
847 444 25 20 de
894 444 122 21 förkortade

183 471 182 26 benämningarne
388 477 50 15 voro
455 471 56 21 olika
527 483 27 3 —
569 473 56 19 samt
640 471 101 22 förenade
757 471 32 32 sig
803 471 7 21 i
825 471 99 22 afseende
939 473 13 20 &
966 478 49 21 pro-

184 499 131 27 positionens
337 499 39 22 och
399 499 262 28 petitionsskrifvelsernas
676 499 81 27 remiss,
777 500 7 20 i
799 506 81 15 samma
894 500 54 27 äsigt
970 506 46 15 som

184 528 129 27 föregäende
329 528 87 21 talaren.

254 584 57 21 Herr
333 584 135 21 talemannen
493 584 98 21 erinrade
613 586 39 22 att,
676 584 27 21 dä
726 583 97 22 besluten
839 591 33 14 om
897 585 119 21 utskottens

185 613 190 26 sammansättning
391 612 98 26 fattades,
514 619 47 14 man
577 613 66 25 ansäg
658 612 97 27 lämpligt
770 615 31 18 att
817 613 83 21 utskott
915 613 18 26 ej
949 613 67 21 skulle

184 641 91 24 förenas,
299 641 5 20 i
321 641 104 20 anseende
449 641 31 20 till
497 640 86 21 befarad
607 641 131 26 tidsutdrägt
761 641 27 21 dä
811 641 25 21 de
856 641 68 22 blefve
947 641 70 21 alltför

185 669 136 26 mängtaliga,
338 671 50 18 utan
405 669 66 20 borde
487 669 95 26 ärender,
598 669 72 21 hvilka
681 669 90 26 anginge
781 669 50 22 flere
845 671 26 20 än
888 671 30 20 ett
928 670 88 25 utskott,

185 697 91 22 beredas
291 697 122 26 successivt,
428 697 75 22 endast
518 697 48 21 med
581 698 110 25 undantag
712 697 21 21 af
749 698 35 21 det
800 698 26 21 dä
842 698 64 21 redan
922 704 26 15 en
962 699 55 25 gäng

186 726 33 21 för
234 725 43 22 alla
294 725 84 22 bildade
393 727 152 20 sammansatta
561 725 43 27 lag-
619 726 40 21 och
675 726 211 21 ekonomiutskottet.

255 783 91 21 Prosten
361 783 139 21 Borenius
516 783 50 20 sade
581 782 32 27 sig
629 783 17 26 ej
664 783 48 20 med
723 783 99 21 säkerhet
833 783 87 26 minnas,
936 789 34 15 om
985 789 32 15 re-

186 811 77 21 missen
275 811 46 21 från
336 811 149 26 ridderskapet
500 811 39 21 och
554 811 63 21 adeln
628 813 56 19 samt
701 811 154 22 bondeståndet
865 812 57 21 skett
936 817 82 16 succes-

186 840 47 24 sivt,
251 839 52 22 eller
319 839 75 22 endast
409 840 48 21 med
472 839 114 27 undantag.

259 896 90 21 Prosten
365 896 78 21 doktor
458 895 131 28 Alopaeus
612 896 92 26 föreslog
719 898 32 19 att
767 896 48 21 med
830 896 92 21 beslutet
937 902 33 15 om
986 902 32 15 re-

189 925 50 20 miss
255 925 31 20 uti
302 924 138 21 förevarande
456 924 58 27 fråga
529 924 55 27 finge
601 925 61 20 anstå
678 925 32 20 till
726 925 65 20 slutet
806 924 21 22 af
838 925 78 26 dagens
927 925 91 26 plenum,

189 955 56 19 samt
260 953 117 21 emellertid
393 952 110 21 förskaffas
518 953 121 26 tillförlitlig
653 953 157 21 underrättelse
825 953 54 21 huru
900 953 120 21 ridderska-

189 983 37 25 pet
249 981 39 22 och
311 981 62 21 adeln
390 983 55 19 samt
460 981 155 21 bondeståndet
633 981 125 22 formulerat
779 981 32 22 sin
827 981 83 26 remiss,
934 981 85 21 hvartill

188 1009 87 22 ståndet
291 1009 66 22 biföll.

259 1157 207 27 Kontraktsprosten
489 1157 77 21 doktor
587 1157 96 22 Hellén
705 1157 126 22 hemställde
853 1157 101 21 huruvida
976 1157 46 21 icke

191 1185 34 22 val
248 1185 22 22 af
284 1185 94 22 ledamot
393 1187 6 20 i
415 1185 162 22 bankutskottet
589 1189 58 18 *vore
668 1185 103 27 behöfligt
785 1186 7 21 i
807 1186 106 21 anseende
928 1185 32 21 till
975 1192 47 21 pro-

191 1216 47 19 sten
261 1214 88 21 Heikels
371 1214 87 21 iräkade
481 1214 104 27 sjukdom,
609 1216 51 19 enär
682 1214 107 21 utskottet
803 1216 59 19 snart
885 1214 83 21 komme
991 1216 32 19 att

191 1243 159 21 sammanträda
371 1245 56 19 samt
449 1243 145 26 suppleanten,
617 1245 87 25 prosten
727 1243 60 26 Hjelt
807 1242 60 22 äfven
883 1248 37 15 var
941 1242 83 22 fränva-

192 1271 73 21 rande.

264 1327 56 21 Herr
341 1327 134 21 talemannen
491 1327 36 27 gaf
541 1327 109 25 tillkänna,
667 1329 32 19 att
716 1329 87 25 prosten
826 1327 87 21 Heikels
928 1327 96 21 tillstänä

194 1355 123 26 visserligen
340 1355 6 21 i
363 1356 40 26 dag
419 1356 82 27 tycktes
516 1356 45 21 visa
575 1356 50 26 spär
641 1355 32 21 till
689 1356 69 26 nägon
774 1355 133 27 förbättring,
930 1361 48 15 men
993 1357 32 19 att

193 1384 36 21 det
251 1383 123 27 betänkliga
390 1384 169 27 sjukdomsfallet
580 1384 55 21 dock
655 1384 155 27 otvifvelaktigt
825 1384 98 21 fordrade
945 1384 81 26 ganska

193 1412 50 27 läng
259 1412 31 21 tid
306 1412 31 21 för
353 1414 32 19 att
407 1412 84 26 häfvas;
507 1412 97 21 hvarföre
620 1413 49 21 herr
684 1412 134 22 talemannen
835 1413 65 26 ansäg
915 1412 32 22 val
963 1412 20 21 af
998 1418 28 21 ny

195 1440 95 21 ledamot
305 1440 6 21 i
327 1440 164 22 bankutskottet
506 1440 139 33 erforderligt,
661 1443 56 19 samt
734 1441 125 21 hemställde
875 1441 68 20 tillika
959 1440 65 21 huru-

192 1468 49 21 vida
261 1469 76 26 åtgärd
361 1469 66 21 borde
447 1469 96 26 vidtagas
558 1469 7 21 i
580 1469 99 22 afseende
695 1469 12 21 å
723 1469 34 21 val
772 1469 23 21 af
807 1471 47 25 nytt
869 1469 156 26 landtdagsom-

189 1495 44 22 bud
248 1497 7 20 i
271 1499 86 24 prosten
373 1497 86 22 Heikels
474 1497 68 22 ställe.
