1109 1795
208 147 42 21 294
413 151 168 18 Presteståndet.
607 153 54 16 1867.
686 153 27 16 22
725 153 62 16 Mars.

177 239 69 26 slaget
261 238 40 21 har
316 237 83 22 således
415 238 62 25 varit,
494 239 33 19 att
549 244 50 14 man
621 238 46 21 icke
691 237 56 22 velat
770 238 98 27 upprifva
891 239 117 22 bestående

177 266 150 23 förhållanden
343 266 40 21 och
399 266 63 21 ställa
478 266 155 27 äganderätten
649 267 6 20 i
671 266 66 27 fråga.
763 267 34 20 Nu
813 267 135 26 respekterar
959 273 49 15 man

177 296 67 21 likväl
267 295 162 26 äganderätten,
453 301 50 14 men
526 301 49 14 man
598 295 67 20 borde
689 295 54 21 dock
760 295 19 26 ej
794 295 50 27 ingå
860 295 27 27 på
904 297 54 20 1864
974 295 34 22 års

179 323 213 26 expropriationslag,
409 323 90 21 emedan
516 323 41 20 den
572 324 24 19 är
612 323 133 26 otillämplig,
762 326 52 18 utan
829 323 29 27 på
868 324 26 21 de
906 324 45 21 skäl
962 331 45 14 som

178 352 81 21 uttalas
275 351 6 20 i
297 351 65 21 slutet
377 351 23 20 af
415 351 40 21 den
467 351 119 26 Kejserliga
602 352 165 25 propositionen,
783 352 105 27 nemligen
904 354 32 19 att
956 355 51 19 utan

179 379 103 28 dröjsmål
298 379 53 21 söka
366 379 107 27 förhjelpa
489 380 40 20 den
546 380 79 21 talrika
640 380 130 26 befolkning,
782 380 88 21 hvarom
881 381 39 20 här
932 383 24 18 är
966 381 41 21 frå-

179 416 48 20 gan,
243 409 33 21 till
292 415 26 15 en
333 407 116 28 lyckligare
467 408 40 21 och
522 409 48 20 med
586 409 117 26 allmogens
719 409 7 20 i
742 408 67 27 öfriga
825 409 59 21 delar
899 409 23 21 af
935 410 72 21 landet

178 438 86 26 jemgod
281 437 106 26 ställning.
419 437 66 20 Detta
501 437 46 20 skäl
563 437 70 20 kunde
649 439 27 18 än
692 437 125 26 ytterligare
838 438 108 21 utvecklas
968 438 39 20 och

179 465 136 26 framhållas;
331 465 6 20 i
354 465 36 21 det
414 465 115 21 moraliska
551 465 40 21 och
614 465 139 21 ekonomiska
777 465 76 26 förfall,
877 466 59 21 hvari
956 465 51 22 bön-

179 495 66 20 derna
261 493 85 22 befinna
361 494 38 25 sig,
416 493 27 21 då
458 493 126 21 husbonden
600 495 24 19 är
639 493 64 21 borta
718 494 40 21 och
774 494 180 21 husbonderätten
973 497 34 18 ut-

181 522 59 21 öfvas
256 522 23 21 af
293 522 123 25 förvaltare,
432 528 46 14 som
495 522 75 21 omildt
586 521 40 22 och
641 522 28 26 på
685 524 30 19 ett
730 523 49 20 med
794 522 51 21 våra
860 523 147 20 förhållanden

178 551 47 21 icke
249 550 232 21 öfverensstämmande
504 552 43 19 sätt
571 550 106 21 behandla
699 551 54 25 dem,
777 551 66 26 ligger
866 553 31 19 ett
919 551 88 26 kraftigt

179 579 46 21 skäl
249 579 31 20 till
304 579 91 26 petition
417 585 34 14 om
475 579 101 20 särskildt
596 579 116 26 lagförslag
734 579 92 21 rörande
847 579 159 21 donatariernes

179 607 121 27 skyldighet
323 609 32 18 att
370 610 45 18 mot
431 608 59 20 lösen
506 607 54 21 efter
575 607 65 21 värde
656 607 56 21 atstå
728 608 31 20 sin
774 607 53 26 jord.
859 608 33 20 Då
907 614 48 15 man
971 608 35 21 be-

179 637 66 20 slutat
268 636 148 26 upptagandet
439 635 22 21 af
483 637 31 20 ett
534 635 36 21 lån
589 641 34 15 om
641 636 25 20 12
682 636 105 26 miljoner,
804 636 23 21 så
843 638 23 19 är
882 636 35 21 det
932 637 74 26 nödigt

179 666 32 19 att
234 665 69 20 tillika
326 664 75 25 uttala,
425 666 32 19 att
481 671 49 14 man
552 664 47 21 icke
622 664 39 25 går
683 665 20 20 in
725 664 27 26 på
768 664 87 26 obilliga
871 665 73 25 vilkor,
961 671 44 15 som

179 693 69 20 skulle
264 693 63 20 lända
343 693 32 20 till
392 693 25 19 de
434 699 42 20 nya
492 693 213 26 hemmansägarenes
725 693 68 20 ofärd.
823 693 29 21 Sä
874 693 38 20 har
936 695 14 19 t.
974 699 31 15 ex.

180 722 62 20 Anna
256 720 103 27 jernbruk
375 721 137 26 uppskattats
528 721 32 20 till
581 721 92 26 580,000
695 721 62 21 rubel
780 721 77 26 silfver,
881 721 67 21 ehuru
970 722 36 21 det

179 751 64 24 utgör
259 749 75 21 endast
351 749 26 20 10
393 749 86 20 mantal.
509 750 10 20 I
535 749 106 21 utskottet
657 749 38 21 har
708 750 37 26 jag
761 752 119 19 reserverat
899 751 41 25 mig
961 753 44 17 mot

180 779 40 20 den
243 778 54 21 total
321 777 125 27 äskädning,
468 784 45 15 som
529 779 37 19 der
581 778 57 26 gjort
654 779 31 25 sig
700 778 105 26 gällande,
822 778 40 21 och
876 779 35 25 jag
926 778 35 21 vill
977 785 28 14 nu

180 806 73 27 ätergä
269 807 33 20 till
319 813 80 14 samma
415 806 50 21 sak!
481 806 75 21 främst
571 806 67 21 borde
655 807 54 20 dock
726 807 59 20 detta
800 807 123 20 framhällas
936 807 5 20 i
952 807 53 25 peti-

180 835 117 20 tionsform.
329 835 61 20 Hvad
407 835 55 20 1838
478 835 34 20 ärs
528 834 125 27 förordning
668 835 109 26 beträffar,
793 835 86 21 hvilken
895 835 55 20 talar
972 841 33 14 om

180 865 37 24 spö
241 863 40 21 och
306 863 67 20 andra
397 863 120 26 onaturliga
539 863 67 25 straff,
630 863 39 21 har
689 863 37 26 jag
742 864 42 26 mig
800 863 79 22 bekant
894 863 22 20 af
929 865 76 19 tvenne

179 898 102 20 personer
297 891 22 21 af
333 891 52 27 högt
401 891 89 26 embete,
503 897 44 15 som
561 891 76 21 besökt
650 894 68 23 orten,
730 894 32 19 att
773 892 151 25 förordningen
938 892 67 21 skulle

180 920 105 21 utfärdats
301 921 32 20 till
349 919 106 27 stäfjande
475 919 23 21 af
519 920 128 27 upproriska
670 921 92 20 rörelser
784 920 65 21 bland
872 921 104 25 allmogen
998 921 7 19 i

181 949 60 21 dessa
265 949 88 25 trakter,
377 955 45 14 som
445 949 46 20 icke
514 949 57 20 velat
594 949 125 26 respektera
744 949 54 21 1826
822 949 34 20 års
875 949 130 25 förordning.

179 977 46 21 Mot
241 977 62 21 dessa
318 977 57 26 höga
390 977 75 20 herrar
487 977 72 20 visade
582 977 110 21 bönderne
716 977 97 21 deremot
836 977 41 21 den
898 976 108 27 undergif-

179 1006 84 25 venhet,
281 1007 32 20 att
328 1005 25 21 de
372 1005 90 21 kastade
485 1006 31 25 sig
538 1005 28 26 på
589 1005 89 21 marken
702 1006 39 21 och
765 1006 86 20 anhöllo
876 1012 33 14 om
932 1005 73 27 skydd.

179 1035 41 25 Jag
235 1034 40 21 har
290 1034 57 21 velat
361 1035 78 19 nämna
456 1034 65 25 detta,
537 1035 33 20 för
586 1035 32 20 att
634 1034 77 21 mildra
727 1035 106 26 intrycket
851 1034 23 20 af
896 1034 53 20 1838
972 1033 34 21 års

179 1063 130 26 förordning.

248 1119 155 27 Kyrkoherden
418 1119 126 21 Juselius
561 1119 104 25 bekände,
681 1121 33 18 att
729 1119 43 20 han
787 1119 51 20 fann
858 1119 57 20 såväl
939 1119 68 20 denna

179 1147 68 28 punkt
262 1149 6 19 i
284 1148 116 21 utskottets
417 1147 86 26 förslag,
519 1154 45 14 som
580 1148 56 20 hvad
653 1147 110 26 åtskilliga
778 1148 68 20 talare
862 1153 28 15 nu
901 1147 104 26 andragit,

179 1176 186 21 rättskränkande.
397 1177 41 20 Det
454 1182 49 15 vore
519 1176 81 26 vådligt
616 1178 33 19 att
664 1176 96 26 tillämpa
773 1175 233 27 expropriationslagen

180 1205 39 20 och
235 1205 46 20 icke
297 1205 65 26 enligt
378 1205 48 20 med
441 1204 52 21 våra
508 1204 186 21 konstitutionella
709 1205 110 20 tänkesätt
835 1206 32 19 att
878 1204 84 26 begära,
976 1205 31 19 att

179 1233 140 24 Storfursten,
336 1239 44 14 som
397 1235 24 18 är
437 1232 162 27 sjelfherrskare
614 1233 7 20 i
636 1233 112 26 Ryssland,
766 1232 89 21 sålunda
871 1232 67 21 skulle
954 1238 52 21 upp-

179 1262 62 21 träda
257 1261 39 21 hos
312 1267 34 15 oss
362 1261 39 21 och
417 1261 97 21 bemedla
532 1261 225 21 rättsförhällandena.
788 1261 42 21 Det
853 1261 54 20 enda
929 1261 78 26 kyrko-

179 1290 80 21 herden
275 1290 48 21 ville
339 1290 114 26 godkänna
468 1296 37 14 var
521 1290 79 21 doktor
615 1290 88 20 Hellens
716 1292 85 19 senaste
814 1289 85 26 förslag.
921 1289 85 20 Liksom

179 1319 36 20 det
230 1319 33 20 för
279 1319 152 26 utländningar
446 1325 37 14 var
499 1318 114 25 bestämdt,
630 1321 32 18 att
678 1324 34 15 om
729 1319 26 20 de
771 1319 40 25 äga
826 1317 124 26 fastigheter
961 1317 45 26 här,

179 1346 23 21 sä
218 1346 54 21 böra
288 1347 25 20 de
329 1348 58 19 rätta
403 1346 31 26 sig
450 1346 54 21 efter
518 1346 69 21 finska
604 1346 72 26 lagar;
693 1346 27 26 pä
736 1352 81 15 samma
833 1348 44 18 sätt
893 1346 65 20 borde
974 1346 32 20 äf-

178 1381 40 15 ven
234 1375 144 21 förhällandet
394 1381 50 14 vara
460 1375 48 20 med
524 1375 157 27 donatarierne,
699 1375 72 21 hvilka
787 1381 27 14 nu
831 1374 33 21 stä
878 1374 7 21 i
901 1374 105 27 exceptio-

178 1404 57 21 nella
257 1403 160 26 förhällanden;
441 1403 36 21 det
497 1403 62 21 fanns
575 1404 66 25 lagar,
659 1403 71 21 hvilka
745 1404 18 25 ej
779 1403 57 25 gälla
852 1403 43 20 lika
910 1402 32 21 för
958 1402 48 25 alla,

178 1432 70 21 säsom
272 1436 14 17 t.
311 1438 31 14 ex.
369 1433 54 19 1838
447 1432 34 21 ärs
502 1433 41 25 lag,
560 1432 85 21 hvilken
662 1433 17 25 ej
697 1432 140 21 annorstädes
853 1432 6 19 i
876 1431 72 20 landet
963 1431 44 21 till-

177 1461 116 26 lämpades.
324 1460 91 21 Derföre
438 1461 67 20 borde
526 1467 50 14 man
600 1461 129 25 petitionera
746 1467 34 14 om
796 1462 31 19 ett
843 1459 115 26 lagförslag
975 1459 31 20 till

177 1491 63 19 nästa
255 1489 108 26 landtdag,
381 1491 32 18 att
429 1489 63 20 också
508 1489 154 21 donatarierna
677 1495 50 15 vore
744 1488 87 27 pligtige
848 1490 32 18 att
896 1488 62 20 ställa
976 1488 32 26 sig

177 1517 40 21 här
239 1518 99 26 gällande
362 1517 150 26 arrendelagar
535 1517 33 20 till
591 1517 151 24 efterrättelse,
761 1517 24 20 sä
801 1519 31 18 att
850 1517 24 20 de
890 1516 46 21 icke
952 1516 54 26 finge
