1109 1795
341 123 166 18 Presteståndet.
532 125 57 16 1867.
613 125 26 16 28
653 124 59 17 Febr.
888 121 27 22 85

112 209 84 22 derföre
211 209 84 22 kunnat
304 209 27 26 gå
343 209 78 26 längre.
445 209 50 20 Med
508 209 149 27 brukskyrkor
667 215 50 15 vore
729 209 147 24 förhållandet
886 213 58 21 dess-

111 239 60 20 utom
194 238 89 22 alldeles
305 237 150 27 egendomligt,
479 239 51 19 enär
552 238 27 20 de
602 237 137 22 underhölles
754 239 23 20 af
792 239 152 28 bruksegarne,

112 267 23 21 af
148 267 73 21 hvilka
244 265 84 22 derföre
351 266 63 21 deras
435 265 135 22 fortfarande
585 266 90 21 bestånd
691 266 100 22 berodde.
821 268 35 22 Då
871 275 27 15 en
912 271 32 19 ta-

111 295 45 22 lare
172 297 48 25 sagt
235 296 33 19 att
283 295 42 20 alla
340 300 51 15 vore
406 301 50 14 ense
471 294 7 21 i
494 294 155 27 hufvudsaken,
663 295 23 21 så
696 295 71 21 kunde
777 295 167 30 kontraktspro-

112 326 47 19 sten
175 324 19 27 ej
209 323 68 22 förstå
293 323 54 21 hvad
364 323 80 21 striden
459 323 77 26 gällde,
553 325 23 24 ty
592 323 38 21 här
645 329 50 16 vore
708 324 45 27 just
767 323 62 28 fråga
841 332 34 16 om
886 327 57 26 prin-

112 353 67 26 cipen,
202 358 49 15 men
273 351 19 27 ej
311 357 33 16 om
360 351 144 27 undantagen.
535 351 49 22 Ifall
600 351 96 22 enskilda
711 353 151 22 arrendatorer
876 354 68 27 åtagit

112 381 31 26 sig
166 380 33 21 för
221 380 57 27 höga
300 380 111 26 arrenden,
435 380 23 21 så
480 386 52 15 vore
555 380 60 21 detta
637 380 66 27 något
717 387 45 15 som
777 381 131 28 landtdagen
924 383 19 26 ej

112 409 71 21 kunde
205 408 101 27 afhjelpa,
329 410 51 20 utan
402 408 69 22 måste
487 408 79 22 sådant
581 409 141 21 öfverlemnas
737 410 23 21 ät
774 410 169 22 administratio-

112 444 48 15 nen.
190 438 207 25 Kontraktsprosten
412 438 72 21 kunde
500 437 87 21 derföre
602 438 18 26 ej
636 438 45 21 inse
697 440 74 25 nyttan
781 439 23 20 af
813 439 129 26 återremiss,

113 466 90 21 emedan
225 465 56 22 hvad
303 472 49 15 man
373 465 58 22 velat
445 465 100 22 åhvälfva
560 466 112 27 utskottet,
689 466 46 27 låge
751 468 60 20 utom
825 470 119 24 gränserna

113 494 34 22 för
162 495 49 20 dess
226 494 134 27 befogenhet.

182 552 91 21 Prosten
289 552 76 21 doktor
387 551 90 27 Bergh
495 551 72 27 tyckte
584 552 31 26 sig
630 551 63 22 hafva
708 552 69 22 blifvit
792 553 151 22 missförstådd

114 580 23 21 af
157 580 128 26 föregående
308 581 103 20 talarene.
441 580 99 21 Doktorn
564 580 55 21 hade
637 580 76 21 liksom
728 583 87 24 prosten
831 581 112 28 Grönberg

113 609 57 22 velat
193 609 94 26 aflägsna
307 609 90 21 hindren
419 609 33 20 för
474 609 173 26 propositionens
667 610 120 26 antagande
803 610 40 21 och
859 610 84 22 derföre

114 639 71 20 ansett
207 638 36 21 det
258 644 51 15 vara
330 637 23 22 af
366 638 43 26 vigt
425 639 33 19 att
472 637 108 22 utskottet
595 638 85 26 yttrade
696 639 37 26 sig,
748 638 57 21 huru
820 639 64 21 dessa
898 639 45 21 hin-

114 667 38 20 der
166 666 73 21 kunde
257 666 145 27 undanrödjas
417 666 40 21 och
473 666 116 21 orättvisor
604 668 45 19 mot
665 667 40 20 den
720 667 95 21 enskilde
831 667 111 22 undvikas.

113 695 91 22 Talaren
219 695 49 21 ville
284 697 55 18 ännu
355 701 26 14 en
396 695 56 26 gång
467 696 111 25 anmärka,
594 697 33 19 att
641 695 177 26 författningarne
834 702 35 15 om
880 695 62 22 huse-

114 730 45 21 syn,
182 724 79 21 honom
277 723 122 27 veterligen,
415 723 69 26 aldrig
499 723 71 21 blifvit
585 723 123 27 tillämpade
723 723 28 27 på
765 724 176 28 kyrkobyggnad,

114 752 19 27 ej
148 752 68 21 heller
239 752 144 21 kostnaderna
403 751 74 22 härför
492 752 105 25 någonsin
612 752 28 27 på
656 752 154 22 efterträdarne
825 753 117 22 fördelade.

114 781 49 21 Men
179 780 28 21 då
221 787 29 14 nu
265 787 26 14 en
306 780 24 21 så
345 780 66 27 vigtig
425 781 125 26 förändring
565 781 7 20 i
587 780 179 27 prestaflöningen
781 781 109 22 förestode
903 781 40 22 och

114 809 327 27 kyrkobyggnadsskyldigheten
448 805 12 35 .
463 809 116 21 framdeles
601 809 91 26 troligen
714 809 69 22 blefve
808 809 134 22 kännbarare

114 838 33 21 för
169 839 131 26 pastorerne,
323 837 24 21 sä
369 837 51 21 fann
443 838 93 21 doktorn
559 838 36 21 det
613 837 19 27 ej
648 838 83 26 obilligt
745 839 33 20 att
793 838 69 21 denna
878 840 65 25 tunga

114 866 45 21 helt
169 866 40 21 och
221 866 66 21 hället
301 866 111 27 aflyftades
428 866 46 21 frän
491 866 123 27 prestbolen
630 866 39 21 och
686 866 119 27 öfvertoges
820 866 24 21 af
854 866 88 22 försam-

113 895 104 26 lingarne,
233 895 27 21 dä
275 895 62 21 äfven
352 895 249 26 kapellförsamlingarne
617 895 66 21 borde
699 895 84 27 deltaga
798 896 6 20 i
820 895 123 27 moderkyr-

113 923 128 27 kobyggnad
256 923 33 21 för
304 923 32 22 sin
351 923 64 21 andel
430 924 6 20 i
452 923 203 27 kyrkoherdebolet.

183 980 154 27 Kyrkoherden
360 981 129 20 Juselius
512 981 67 26 ansäg
602 980 73 27 sjelfva
689 980 109 27 principen
814 981 24 21 sä
853 981 90 21 berätti-

113 1009 48 26 gad,
185 1011 32 19 att
240 1009 40 21 den
297 1009 18 27 ej
331 1009 72 21 kunde
419 1010 68 20 sättas
501 1009 76 27 ifräga.
607 1009 50 21 Men
672 1009 83 27 mycket
770 1009 95 21 berodde
881 1009 62 21 äfven

114 1038 72 26 derpä,
201 1037 56 21 huru
271 1037 110 27 principen
397 1037 155 26 genomfördes.
583 1037 76 27 Nägon
674 1038 67 21 talare
757 1037 55 22 hade
827 1039 69 25 yttrat
910 1039 34 20 att

113 1066 107 21 utskottet
242 1067 75 20 endast
339 1066 55 21 hade
414 1068 33 19 att
461 1066 109 21 behandla
585 1066 119 27 principen;
720 1072 48 15 men
784 1066 67 26 enligt
865 1066 78 27 kyrko-

114 1095 92 21 herdeus
221 1094 56 27 äsigt
291 1095 66 20 borde
373 1095 107 21 utskottet
496 1095 62 20 äfven
574 1101 23 15 se
612 1095 33 21 till
660 1097 33 19 att
707 1101 41 20 nya
760 1094 152 27 författningar
924 1095 18 26 ej

113 1123 77 21 trädde
205 1124 42 21 den
262 1123 107 21 enskildes
384 1125 43 19 rätt
442 1123 34 21 för
491 1125 59 19 nära.
574 1123 49 21 Ifall
638 1123 122 27 kapellerna
777 1129 27 14 nu
819 1124 75 25 genast
906 1123 37 21 be-

113 1152 79 21 friades
214 1151 47 22 från
280 1152 127 27 deltagande
422 1152 6 21 i
444 1152 251 27 moderkyrkobyggnad,
710 1151 23 21 sä
749 1151 69 22 blefve
833 1153 111 24 pastorer-

114 1186 37 15 nes
167 1182 44 19 rätt
227 1180 120 27 derigenom
363 1180 111 27 onekligen
490 1181 106 26 väldförd,
612 1182 51 19 enär
674 1180 167 27 kyrkobyggnad
851 1179 34 22 för
895 1180 48 21 dem

113 1209 71 21 blefve
207 1211 32 19 ett
256 1209 85 21 svärare
364 1215 53 15 onus
440 1211 26 19 än
490 1209 26 21 de
539 1209 36 21 vid
598 1209 95 21 tillträde
713 1209 22 20 af
749 1211 31 19 ett
795 1210 98 25 pastorat
907 1208 37 21 be-

113 1237 85 21 räknat.
227 1237 155 27 Kyrkoherden
405 1237 50 22 fann
478 1237 86 22 derföre
586 1237 145 22 betänkandet
753 1237 45 21 tåla
819 1237 124 27 ytterligare

113 1265 136 27 granskning.

183 1322 90 22 Prosten
289 1323 148 26 Grönberg
452 1323 112 25 genmälde
581 1323 32 21 till
629 1323 56 21 hvad
701 1322 77 21 doktor
789 1321 77 22 Hellén
876 1323 68 25 yttrat

114 1358 35 14 om
172 1351 226 26 amortissementslån,
419 1353 33 19 att
472 1351 36 21 det
524 1351 94 21 berodde
634 1351 28 26 på
677 1350 176 26 församlingarne
870 1350 39 20 och
924 1350 19 26 ej

114 1380 28 27 på
158 1380 95 21 enskilde
269 1379 228 22 boställsinnehafvare
513 1382 33 19 att
561 1380 82 21 ansöka
659 1379 71 27 dylika
745 1378 41 27 lån,
803 1378 73 21 hvilka
886 1378 58 22 dess-

114 1410 60 19 utom
188 1409 47 20 icke
251 1409 60 20 alltid
327 1408 122 27 beviljades.
472 1409 42 21 Det
525 1408 48 27 låge
584 1409 122 26 visserligen
717 1410 59 19 utom
787 1407 105 26 mensklig
902 1407 42 20 för-

114 1437 63 26 måga
199 1439 33 19 att
254 1437 81 21 förutse
358 1437 43 21 alla
423 1437 142 26 möjligheter,
585 1443 48 15 men
649 1437 27 20 då
692 1436 165 27 olägenheterna
872 1434 23 21 af
909 1435 37 21 det

114 1465 121 27 föreslagna
257 1466 128 26 stadgandet
406 1466 71 20 kunde
499 1465 95 22 förutses
617 1465 40 22 och
680 1465 69 21 blifvit
771 1463 134 26 framhållna,
921 1463 24 22 så

114 1494 67 21 borde
205 1494 133 27 lagstiftaren
361 1493 62 22 äfven
446 1494 44 21 afse
507 1494 54 21 dem.
592 1494 207 26 Kontraktsprosten
815 1492 61 21 Sirén
890 1492 54 21 hade

115 1524 71 20 ansett
208 1523 36 21 det
266 1523 56 26 ligga
344 1525 59 18 utom
427 1523 117 21 utskottets
568 1522 129 27 befogenhet
717 1523 32 20 att
763 1523 51 24 taga
829 1520 7 21 i
852 1520 94 23 öfvervä-
