1109 1795
227 126 28 19 30
435 131 168 17 Presteståndet.
629 132 56 17 1867.
710 132 23 17 31
746 131 47 17 Jan.

197 217 56 20 dena
275 216 122 27 skriftligen
419 217 138 26 inlemnades,
579 223 76 20 genom
671 217 81 20 hvilket
767 217 159 26 förfaringssätt
941 218 19 25 ej
975 218 54 21 alle-

197 247 49 19 nast
261 245 84 21 arbetet
360 245 35 21 vid
411 245 146 26 protokollens
570 246 145 26 uppsättande
727 245 68 21 blefve
805 246 86 25 lättare,
904 247 51 19 utan
966 246 61 21 äfven

198 280 26 15 en
247 273 96 26 betydlig
366 273 91 27 lindring
475 275 7 20 i
500 274 245 27 tryckningskostnaden
767 274 34 21 för
816 274 109 21 desamma
940 280 86 20 vunnes,

197 301 106 22 stadnade
318 301 91 27 ståndet,
427 303 53 20 efter
495 302 69 27 någon
581 302 128 25 diskussion,
725 302 28 27 på
768 302 49 21 herr
829 303 146 20 talemannens
985 302 42 21 för-

198 331 47 25 slag
260 330 6 20 i
283 330 36 21 det
334 330 77 25 beslut,
427 333 32 18 att
474 331 67 26 några
556 331 134 21 föreskrifter
705 332 7 20 i
728 331 134 21 förenämndt
878 331 54 26 syfte
947 331 19 26 ej
977 337 52 14 vore

197 359 85 26 nödiga,
299 360 51 19 enär
366 359 36 21 det
417 359 94 21 berodde
526 359 28 26 på
569 359 87 21 ståndet
671 361 32 19 att
719 360 7 20 i
737 359 72 27 hvarje
819 360 103 21 särskildt
932 359 38 22 fall
980 361 47 19 ute-

197 387 59 21 sluta
271 387 82 21 mindre
369 387 80 27 vigtiga
465 388 144 21 diskussioner
625 394 24 14 ur
664 388 137 26 protokollet.

268 489 144 26 Föredrogos:

270 541 20 24 1)
307 540 59 21 Hans
381 540 119 27 Kejserliga
516 541 112 26 Majestäts
644 541 85 26 Nådiga
739 541 134 26 Proposition
884 541 33 21 till
927 541 101 21 Finlands

199 569 99 25 Ständer,
314 569 109 26 angående
439 569 216 27 Landtdagsordning
670 569 40 21 och
725 570 35 26 lag
775 569 34 21 för
819 569 91 22 åhörare
920 570 35 21 vid
966 569 62 22 Stån-

200 597 52 21 dens
269 598 170 21 sammanträden
455 598 68 20 under
538 597 117 27 påstående
671 598 108 26 landtdag.

269 654 157 21 Remitterades
441 654 32 21 till
489 655 230 26 grundlagsutskottet.

271 711 19 26 2)
306 711 59 20 Hans
381 711 117 26 Kejserliga
514 711 113 26 Majestäts
643 711 84 26 Nådiga
738 711 135 26 Proposition
884 711 33 21 till
927 711 101 21 Finlands

201 739 98 26 Ständer,
316 739 109 26 angående
441 739 26 21 de
482 740 128 26 rättigheter
626 739 39 21 och
681 739 152 27 skyldigheter,
849 746 45 15 som
910 740 118 21 tillkommo

201 767 92 22 embets-
309 767 39 21 och
364 767 133 27 tjenstemän,
514 768 84 21 hvilkas
613 767 146 27 befattningar
774 768 106 26 indragas.

271 824 60 21 Efter
346 824 70 27 någon
431 825 119 21 diskussion
567 825 70 21 beslöt
653 825 86 20 ståndet
754 826 33 19 att
801 824 163 27 ifrågavarande
980 831 49 20 pro-

201 853 93 26 position
317 853 68 21 skulle
404 853 7 21 i
432 853 98 21 afseende
552 853 13 21 å
584 853 156 21 förberedande
761 853 127 26 behandling
903 853 33 21 till
950 853 79 27 grund-

201 881 154 27 lagsutskottet
376 882 121 20 remitteras
520 884 55 18 samt
591 881 94 21 derefter
700 882 7 20 i
723 881 98 22 afseende
838 881 12 21 å
865 881 115 26 beredning
996 881 34 21 till

202 911 63 20 stats-
282 910 39 21 och
337 910 233 27 bevillningsutskottet
586 910 149 21 öfverlemnas.

271 967 22 27 3)
309 967 60 20 Hans
384 967 120 26 Kejserliga
519 967 112 26 Majestäts
644 967 85 26 Nådiga
739 967 135 26 Proposition
885 967 32 20 till
928 967 103 20 Finlands

202 995 99 25 Ständer,
317 995 108 27 angående
442 995 88 27 behörig
546 996 92 21 domstol
653 995 34 22 för
703 995 135 27 upptagande
854 995 22 21 af
885 995 145 26 hvarjehanda

201 1023 50 27 mål,
267 1024 91 21 rörande
373 1023 120 22 frälsemän.

272 1079 90 22 Ståndet
377 1080 70 21 beslöt
461 1080 55 21 efter
531 1080 70 27 någon
617 1080 127 26 diskussion,
762 1082 33 19 att
809 1080 161 26 ifrågavarande
981 1086 49 21 pro-

201 1109 94 26 position
315 1109 68 20 skulle
405 1109 32 21 till
457 1109 223 26 grundlagsutskottet
696 1110 120 20 remitteras
831 1109 47 26 och,
894 1109 65 20 sedan
974 1109 57 20 före-

201 1137 92 21 nämnde
309 1137 84 21 utskott
409 1138 36 20 sitt
461 1137 134 22 betänkande
612 1137 97 22 deröfver
724 1137 89 27 afgifvit,
829 1137 33 21 till
877 1137 154 26 lagutskottets

201 1165 117 27 beredning
334 1166 146 21 öfverlemnas.

271 1223 22 26 4)
309 1223 59 20 Hans
384 1223 118 26 Kejserliga
517 1223 113 26 Majestäts
645 1223 85 26 Nådiga
742 1222 133 27 proposition
886 1222 32 21 till
928 1222 103 21 Finlands

201 1251 99 26 Ständer,
316 1251 109 26 angående
441 1258 27 20 ny
483 1251 104 27 kyrkolag
603 1251 33 21 för
649 1251 26 21 de
687 1250 242 27 evangelisk-lutherska
939 1250 91 22 försam-

201 1279 98 27 lingarna
313 1280 7 20 i
335 1279 79 22 landet.

271 1336 90 20 Prosten
384 1336 82 26 Hjelt
488 1337 67 25 ansåg
575 1335 140 21 förevarande
730 1335 139 27 proposition,
885 1337 51 18 enär
952 1335 80 26 kyrko-

201 1364 160 26 lagsförslagets
377 1364 9 20 1
399 1364 12 26 8
422 1364 156 26 otvifvelaktigt
593 1364 133 21 innefattade
741 1370 26 15 en
782 1362 177 28 grundlagsfräga
976 1363 54 21 böra

201 1393 122 21 remitteras
345 1393 32 20 till
400 1393 235 26 grundlagsutskottets
657 1393 157 20 förberedande
838 1392 127 26 behandling
990 1391 41 22 och

202 1421 93 22 derefter
311 1421 32 21 till
358 1421 224 26 kyrkolagsutskottet
599 1421 147 21 öfverlemnas.

271 1478 206 27 Kontraktsprosten
501 1478 78 21 doktor
602 1478 99 21 Hellén
724 1477 67 27 ansåg
813 1479 39 24 att,
876 1476 26 21 då
918 1478 31 20 ett
964 1476 67 21 skildt

201 1507 84 21 utskott
307 1507 34 20 för
363 1507 70 20 denna
455 1507 134 26 proposition
608 1506 71 21 blifvit
694 1507 85 25 tillsatt,
795 1506 59 21 detta
869 1505 85 22 utskott
968 1504 62 22 äfven

201 1537 84 19 ensamt
299 1535 72 21 kunde
385 1535 115 21 förbereda
515 1535 130 21 densamma.
