1109 1795
340 155 167 18 Presteständet.
532 156 56 17 1867.
612 157 27 16 22
651 156 61 17 Mars.
870 151 42 21 299

182 243 55 20 Herr
259 241 134 21 talemannen
414 240 132 22 framställde
569 241 32 20 till
625 241 95 21 ständets
737 241 123 27 afgörande,
876 242 65 21 huru-

111 271 51 21 vida
177 270 91 25 ständet,
284 269 64 21 sedan
365 269 36 21 det
415 275 38 15 var
468 269 68 21 kändt
552 270 32 20 att
599 269 156 22 bondeständet
769 270 48 21 icke
832 270 110 27 godkännt

114 300 41 20 den
177 299 78 26 nädiga
275 298 172 26 propositionens
461 298 82 26 förslag
559 303 33 15 om
609 297 40 21 den
665 297 90 22 besutna
769 299 118 26 allmogens
903 299 39 21 lik-

114 327 103 22 ställande
237 327 7 20 i
263 326 135 21 omförmäldt
421 326 99 21 afseende
536 326 49 21 med
601 325 66 28 öfrige
682 327 147 27 medborgare,
845 327 50 22 ville
910 327 32 22 bi-

114 356 50 21 falla
187 355 34 21 till
236 355 158 26 ridderskapets
410 354 39 21 och
465 355 74 21 adelns
555 354 22 21 af
590 354 177 27 borgareständet
782 356 114 26 godkända
911 357 30 20 in-

114 384 103 27 bjudning
239 385 32 19 att
293 383 32 21 till
346 385 63 19 stats-
425 383 40 20 och
480 383 233 26 bevillningsutskottet
728 383 158 22 äterremittera
900 385 42 20 frä-

114 419 48 20 gan,
185 412 32 22 för
240 412 147 26 omarbetning
409 412 7 20 i
439 411 36 22 det
497 411 62 28 syfte,
577 414 33 19 att
629 412 39 21 dea
683 411 124 27 päräknade
821 413 121 21 inkomsten

114 441 69 21 blefve
198 441 127 21 statsverket
340 440 151 21 tillförsäkrad.

183 498 90 21 Prosten
293 497 72 26 Hjelt
380 497 94 21 önskade
489 497 90 21 ärendet
593 497 114 26 bordlagdt
721 497 82 22 tilldess
819 497 74 27 frägan
908 503 34 15 om

116 526 95 26 lagmans
227 525 39 22 och
281 525 205 22 kämnersrätternas
501 525 128 27 indragning
643 525 107 27 förevarit,
767 526 89 21 emedan
874 526 69 21 denna

114 554 157 27 omständighet
285 554 114 21 inverkade
415 554 28 27 pä
458 554 262 27 kartasigillata-afgiften.

183 611 89 21 Prosten
294 611 146 26 Rosengren
457 611 98 21 biträdde
571 611 69 21 denna
655 611 90 26 mening,
761 612 49 20 med
826 611 117 27 förklaring

115 641 32 19 att
170 639 7 21 i
199 639 105 22 utskottet
320 640 40 20 den
376 640 92 20 nämnda
483 640 75 26 frågan
573 639 102 21 förevarit
689 640 48 21 med
753 640 40 21 den
809 640 86 26 utgång,
911 641 32 20 att

115 668 105 21 utskottet
235 668 88 21 föreslår
337 668 96 27 lagmans
449 668 39 21 och
504 668 206 21 kämnersrätternas
725 668 133 27 indragning.

183 725 82 21 Doktor
288 725 137 26 Alopaeus
448 727 102 19 motsatte
573 725 32 26 sig
620 725 154 27 bordläggning
788 726 29 26 på
832 725 111 22 obestämd

114 753 38 25 tid,
168 753 39 21 och
223 753 92 21 önskade
331 755 32 19 att
378 754 105 21 utskottet
499 753 69 22 skulle
584 754 79 21 bereda
678 754 64 21 saken
757 755 7 19 i
780 754 93 27 angifvet
889 753 53 27 syfte

114 783 56 20 samt
185 781 84 22 ståndet
284 788 28 14 nu
328 785 77 24 antaga
421 783 73 20 adelns
510 782 131 27 inbjudning.

185 839 140 26 Domprosten
342 839 77 21 doktor
434 839 68 27 Borg
517 839 146 22 understödde
679 839 76 21 doktor
770 839 113 27 Alopaeus.

184 895 122 22 Professorn
329 896 77 21 doktor
429 896 99 21 Geitlin
544 897 106 20 instämde
666 896 119 21 äfvenledes
800 897 49 20 med
866 896 76 21 doktor

116 924 113 26 Alopaeus,
250 926 31 19 att
298 925 35 20 det
348 925 34 20 må
397 925 66 20 blifva
477 925 118 21 utskottets
611 931 84 20 omsorg
711 926 31 19 att
757 925 107 26 utgrunda
879 925 64 20 huru-

117 952 57 21 ledes
190 953 40 20 den
245 953 121 26 påräknade
381 953 120 21 inkomsten
517 954 35 20 må
568 953 129 21 statsverket
711 953 88 21 anvisas.

186 1009 56 21 Herr
257 1009 133 22 talemannen
405 1009 134 22 framställde
555 1010 66 26 derpå
636 1010 93 26 följande
744 1010 141 27 proposition:

184 1066 97 27 Antager
303 1067 85 20 ståndet
411 1066 161 28 inbjudningen
596 1073 33 14 om
653 1067 122 20 återremiss
792 1068 84 25 genast,
892 1066 52 20 eller

116 1094 81 20 önskar
213 1095 83 20 ståndet
312 1097 31 18 att
359 1095 41 20 den
415 1095 58 25 först
489 1095 144 27 bordlägyes?
649 1095 34 20 De
699 1102 44 13 som
758 1097 82 25 antaga
855 1094 89 27 inbjud-

116 1123 80 27 ningen
213 1126 82 24 genast,
314 1130 65 13 svara
394 1124 34 26 ja,
449 1124 24 20 de
493 1131 45 14 som
554 1124 69 20 önska
639 1123 165 28 bordläggning,
820 1129 64 14 svara
901 1123 42 26 nej.

185 1179 161 27 Propositionen
361 1180 128 21 besvarades
506 1181 47 21 med
570 1180 105 21 obestridt
686 1181 34 26 ja.

186 1237 99 20 Ståndets
300 1237 69 21 beslut
385 1237 45 21 blef
444 1238 69 24 alltså,
529 1239 32 20 att
577 1237 73 27 frågan
666 1244 34 14 om
716 1244 27 20 ny
752 1237 192 26 stämpelpappers-

116 1265 129 26 förordning,
268 1265 7 20 i
298 1265 220 22 öfverensstämmelse
533 1267 49 20 med
598 1266 55 21 hvad
668 1265 113 28 höglofliga
797 1265 148 26 ridderskapet

116 1293 40 21 och
177 1293 62 22 adeln
262 1296 54 19 samt
337 1294 106 27 vällofliga
458 1295 177 26 borgareståndet
650 1295 66 20 redan
732 1294 32 21 för
779 1294 31 21 sin
827 1294 34 20 del
876 1293 69 21 beslu-

115 1322 33 25 tit,
173 1322 165 21 återremitteras
359 1323 32 20 till
407 1325 62 19 stats-
485 1323 40 21 och
541 1323 238 26 bevillningsutskottet,
795 1323 7 20 i
818 1321 99 22 afseende
932 1321 13 21 å

114 1349 121 27 afgifvande
258 1351 78 26 förslag
351 1351 7 20 i
373 1352 114 26 anledning
505 1352 23 20 af
542 1352 40 20 den
598 1352 32 20 uti
645 1352 78 25 nådiga
737 1350 159 27 propositionen
912 1349 32 21 för

115 1378 157 27 ofvanantydda
294 1379 36 21 fall
345 1380 94 26 begärda
455 1380 121 27 förhöjning
591 1380 8 21 i
614 1380 86 21 valören
717 1379 22 22 af
753 1380 35 21 det
803 1378 141 27 stämpelpap-

114 1413 45 20 per,
183 1413 44 16 som
249 1407 53 22 skall
317 1408 34 21 för
366 1409 82 26 inlagor
464 1409 40 21 och
520 1409 146 26 expeditioner
682 1409 34 20 vid
733 1407 160 22 embetsverken
909 1407 35 20 be-

113 1441 87 20 gagnas,
220 1437 27 25 på
263 1437 35 20 det
313 1437 148 21 motsvarande
477 1437 57 21 ökad
549 1437 94 21 inkomst
658 1437 123 26 härigenom
797 1436 69 21 blefve
882 1437 63 18 stats-

114 1464 75 21 verket
204 1465 150 23 tillförsäkrad,
370 1465 108 21 äfvensom
495 1466 33 21 för
544 1465 155 27 omredigering
715 1465 23 21 af
752 1465 25 21 de
793 1465 58 20 delar
867 1463 22 21 af
903 1463 42 20 för-

115 1492 210 28 fattningsförslaget,
347 1494 72 21 hvilka
434 1495 49 20 med
499 1495 115 26 anledning
626 1494 63 21 häraf
703 1494 84 21 komme
802 1495 31 19 att
850 1491 96 22 erfordra

114 1521 96 27 ändring.
