1109 1795
330 118 167 17 Presteståndet.
523 119 56 16 1867.
603 119 27 16 27
642 119 58 17 Febr.
864 115 41 22 127

188 237 155 33 Onsdagen
372 237 57 27 den
448 237 33 27 27
499 237 140 27 februari
657 238 40 26 kl.
717 238 31 27 11
768 239 21 26 f.
808 247 39 19 m.

170 307 88 20 Plenum
273 305 107 27 öppnades
395 305 48 22 med
455 306 22 21 af
485 305 203 28 kontraktsprosten
704 306 76 22 doktor
795 307 76 23 Hellén
887 309 47 22 hål-

100 335 34 22 len
149 335 50 21 bön.

170 459 42 21 Vid
228 459 117 21 verkstäldt
359 465 82 21 upprop
457 459 104 21 befunnos
574 459 98 21 ståndets
687 459 97 26 samtlige
795 460 138 21 medlemmar

101 487 189 25 tillstädeskomne,
311 487 48 21 med
374 487 108 27 undantag
506 487 21 21 af
541 490 112 24 prostarne
672 487 58 26 Hjelt
745 487 40 22 och
800 488 131 27 Rosengrén,

101 516 72 21 hvilka
194 516 55 21 hade
272 515 163 28 tjenstledighet,
458 504 56 33 samt
536 517 88 26 prosten
639 515 82 26 Heikel,
737 522 45 15 som
798 517 54 21 hade
875 517 57 26 sjuk-

102 544 136 21 domsförfall.

171 675 56 21 Herr
249 674 134 22 talemannen
404 675 146 27 tillkännagaf,
567 675 36 21 det
619 675 48 23 han,
683 675 6 20 i
705 675 109 22 förmodan
831 678 31 19 att
878 676 52 22 tale-

102 703 199 22 manskonferensen
311 703 84 21 skulle
390 699 12 36 i
408 704 41 26 dag
459 705 158 20 sammanträda
628 703 90 22 klockan
731 705 36 23 tio,
783 704 51 22 eller
849 711 81 15 samma

101 732 31 21 tid
146 738 47 15 som
208 732 95 21 ståndets
317 732 92 26 plenum,
422 732 85 27 jemlikt
522 733 35 20 vid
573 734 84 19 senaste
673 733 165 21 sammanträdet
853 733 77 22 fattadt

101 760 78 25 beslut,
195 760 54 21 hade
261 760 63 21 bordt
335 760 102 27 begynna,
448 763 68 19 utsatt
527 761 79 26 dagens
619 760 84 27 plenum
717 761 30 20 till
758 761 90 21 klockan
865 761 63 25 elfva;

102 795 48 14 men
173 789 26 20 då
218 788 147 27 ridderskapet
380 789 39 21 och
435 789 60 21 adeln
512 789 94 21 beslutat
621 789 158 21 sammanträda
793 789 7 20 i
817 790 40 26 dag
872 790 58 21 kloc-

102 817 42 21 kan
159 819 37 23 ett,
212 817 55 21 hade
282 816 254 23 talemanskonferensens
555 818 158 20 sammanträde
729 819 78 20 utsatts
823 817 33 22 till
871 818 59 21 kloc-

102 845 41 21 kan
166 845 45 24 tolf,
227 845 96 21 hvarföre
339 845 50 22 herr
403 846 134 21 talemannen
561 846 48 21 ville
625 845 110 22 förbereda
757 846 85 21 ståndet
858 847 71 26 derpä,

102 876 32 19 att
157 874 48 21 dess
220 873 85 27 plenum
320 875 73 24 mäste,
409 874 7 21 i
431 875 106 20 anseende
559 874 33 21 till
609 874 69 21 denna
695 874 104 26 kollision,
815 874 27 21 kl.
860 875 26 20 12
902 875 27 25 pä

101 908 25 15 en
149 902 49 21 kort
213 902 64 21 stund
299 901 99 28 afbrytas,
415 902 70 21 derest
501 902 119 21 ärenderna
639 902 32 21 för
687 902 66 26 dagen
769 903 26 20 dä
811 905 57 19 ännu
882 902 47 22 icke

100 930 77 21 hunnit
187 930 99 21 slutföras
298 932 23 20 sä
333 933 32 19 att
375 931 84 21 ständet
472 931 71 21 kunde
554 931 45 21 före
610 930 255 22 talemanskonferensens
880 931 48 21 bör-

101 959 35 26 jan
151 959 107 26 ätskiljas,
274 959 79 21 hviiket
369 959 148 22 antecknades.

171 1089 118 27 Föredrogs
313 1090 58 21 Hans
394 1090 118 27 Kejserliga
528 1090 110 26 Majestäts
659 1090 76 26 nädiga
750 1089 130 27 proposition
897 1090 32 21 till

100 1117 101 22 Finlands
217 1119 85 20 ständer
317 1119 6 20 i
339 1119 112 26 anledning
467 1119 21 20 af
502 1119 41 20 den
559 1119 32 20 för
606 1118 276 27 brännvinstillverkningen
898 1118 30 21 in-

101 1146 65 22 flutne
189 1146 96 21 skattens
301 1135 164 38 otillräcklighet
484 1147 33 20 för
532 1147 147 21 bestridandet
694 1147 21 20 af
729 1147 26 20 de
771 1146 79 26 anslag,
866 1147 62 21 hvar-

100 1175 32 20 till
156 1175 121 21 densamma
291 1175 121 26 påräknats,
436 1175 107 21 äfvensom
559 1175 6 20 i
582 1175 152 26 sammanhang
750 1175 87 21 dermed
852 1177 77 19 tvenne

100 1203 225 26 petitionsskrifvelser,
347 1203 83 26 afgifna,
453 1204 40 21 den
510 1210 40 15 ena
571 1203 22 22 af
607 1203 146 27 kyrkoherden
773 1203 71 21 Johan
859 1203 69 22 Bäck-

100 1231 41 21 vall
166 1231 39 21 och
228 1231 39 21 den
283 1232 66 21 andra
364 1232 21 21 af
407 1232 132 27 vicepastorn
562 1231 77 22 Matias
655 1232 118 25 Putkonen,
797 1231 131 22 beträffande

100 1260 99 26 åtgärder
215 1260 31 21 till
262 1260 102 27 stäfjande
379 1260 22 21 af
414 1260 189 27 lönnbränningen.

169 1315 56 22 Herr
236 1316 133 21 talemannen
379 1317 92 26 frågade,
488 1322 34 15 om
538 1317 87 20 ståndet
639 1316 93 21 önskade
745 1318 32 19 att
787 1315 142 27 petitionerna

100 1344 68 21 skulle
191 1344 98 27 uppläsas
304 1346 55 20 samt
374 1345 53 21 afses
443 1345 35 21 vid
497 1345 147 21 diskussionen
660 1350 34 16 om
709 1345 74 21 remiss
799 1343 22 21 af
836 1344 40 20 den
891 1345 37 20 nå-

101 1373 47 26 diga
163 1372 169 27 propositionen;
357 1379 47 16 men
420 1373 26 21 då
461 1373 144 27 petitionerna
623 1373 65 21 redan
704 1373 34 21 vid
754 1375 31 19 ett
801 1372 127 27 föregående

101 1401 85 26 plenum
210 1401 67 21 blifvit
300 1401 97 27 upplästa
420 1404 55 19 samt
491 1402 93 21 derefter
599 1402 57 26 legat
671 1403 12 20 ä
698 1401 77 22 bordet
789 1401 138 26 tillgänglige,

100 1430 65 26 ansåg
180 1429 85 22 ståndet
281 1430 47 21 dem
343 1430 46 21 icke
404 1430 90 21 behöfva
509 1430 72 21 vidare
597 1430 106 27 uppläsas.

169 1486 90 21 Prosten
271 1486 76 21 doktor
361 1486 137 27 Alopaeus
514 1487 77 21 trodde
602 1488 32 20 att
649 1486 147 27 ridderskapet
811 1485 40 21 och
866 1485 62 22 adeln

98 1515 121 20 remitterat
231 1514 158 27 ifrågavarande
399 1515 77 26 nådiga
486 1515 133 27 proposition
629 1515 33 21 till
671 1515 137 21 sammansatt
821 1513 107 22 ekonomi-
