1109 1795
244 123 13 20 2
454 122 165 18 Presteständet.
645 123 55 17 1867.
724 123 26 16 25
763 122 46 17 Jan.

214 207 34 22 för
263 207 74 27 Tyrvis
352 208 98 25 prosteri,
465 208 117 21 utnämnde
597 207 150 27 kyrkoherden
763 208 7 20 i
785 207 98 21 Parkano
902 207 45 21 Nils
970 208 72 21 Jakob

283 235 105 26 Juselius
378 231 12 35 ;

214 263 33 22 för
263 263 149 27 Tammerfors,
436 265 91 20 Hattula
548 265 40 20 och
604 264 131 21 Tavastehus
755 264 121 27 prosterier,
892 264 149 27 kyrkoherden

283 293 7 20 i
306 293 107 26 Messuby,
436 295 88 24 prosten
546 293 40 21 och
608 293 205 26 ordensledamoten,
837 292 204 27 filosofiemagistern

283 321 62 21 Josef
358 321 122 27 Grönberg
471 317 13 35 ;

213 350 35 21 för
263 349 122 27 Raseborgs
401 351 58 20 östra
475 350 39 21 och
530 350 121 26 Raseborgs
666 351 71 20 vestra
752 349 122 27 prosterier,
892 349 148 27 kyrkoherden

284 379 6 20 i
307 378 64 26 Esbo,
393 379 109 26 professor
525 379 108 26 emeritus,
657 377 206 28 ordensledamoten,
886 378 97 21 filosofie-
1001 377 39 22 och

284 407 185 27 teologiedoktorn
485 407 87 21 Gabriel
588 407 88 25 Geitlin;

215 434 34 21 för
264 435 67 21 Wasa
345 436 71 25 nedre,
431 436 66 20 Wasa
513 436 51 25 öfre,
579 436 148 25 Jakobsstads,
739 436 74 25 Lappo
825 435 40 21 och
875 435 166 27 Gamlakarleby

284 463 123 27 prosterier,
423 464 148 27 kyrkoherden
587 465 7 20 i
610 464 64 21 Wasa
697 464 39 21 och
761 464 134 25 Mustasaari,
918 463 122 22 kontrakts-

283 494 88 25 prosten
387 492 40 21 och
442 493 199 21 ordensledamoten
657 492 51 21 Otto
720 493 99 20 Wilhelm
831 492 119 25 Ehrström,
962 492 80 27 kyrko-

284 521 79 21 herden
379 521 7 20 i
401 521 123 26 Pedersöre,
543 523 88 24 prosten
652 521 39 21 och
715 521 204 25 ordensledamoten,
942 520 99 22 filosofie-

284 550 116 26 magistern
416 550 82 21 Henrik
521 549 76 22 Heikel
621 551 56 20 samt
699 549 126 27 kapellanen
841 550 7 20 i
863 549 117 21 Pedersöre
1001 549 39 21 och

283 578 127 24 Jakobstad,
425 579 135 26 vicepastorn
576 578 51 21 Olof
641 578 81 21 Henrik
737 578 120 25 Helander;

214 605 34 22 för
271 607 161 26 presterskapet
451 607 7 20 i
474 607 70 26 Borgå
567 606 52 25 stift,
644 606 53 21 efter
720 607 7 20 i
751 606 218 21 öfverensstämmelse
992 606 48 21 med

283 635 200 26 prestmötesbeslut
506 635 23 21 af
549 635 24 21 är
597 636 52 21 1817
675 635 106 21 anställda
802 635 41 25 val,
864 634 148 27 kyrkoherden
1033 635 7 20 i

284 663 127 27 Lappträsk,
437 663 195 27 gymnasiilektorn,
658 665 87 25 prosten
770 664 39 21 och
835 663 206 26 ordensledamoten,

283 691 205 28 filosofiemagistern
504 692 121 21 Alexander
637 692 121 21 Ferdinand
769 692 111 25 Borenius,
890 689 150 29 kyrkoherden

283 721 8 20 i
301 720 78 27 Mohla,
391 722 85 25 prosten
488 721 40 21 och
538 721 206 26 ordensledamoten,
755 720 204 26 filosofiemagistern
970 720 71 21 Johan

283 749 93 21 Mathias
391 749 108 24 Hackzell,
515 749 152 27 kuramgerens
683 749 39 21 och
738 749 65 21 andre
825 749 126 26 kapellanen
967 749 6 20 i
989 748 50 21 Hel-

284 777 97 27 singfors,
403 778 133 26 vicepastorn
558 778 68 21 Frans
648 778 65 21 Arvid
738 777 114 26 Snellman,
869 777 170 26 kyrkoherden
1023 773 19 35 i

283 806 136 26 Nurmijärvi,
434 806 123 27 professorn
568 807 34 20 vid
613 806 120 27 Kejserliga
743 805 296 26 Alexanders-universitetet,

283 835 205 26 ordensledamoten,
504 835 205 26 filosofiemagistern
724 835 40 20 och
779 834 184 27 teologiedoktorn
986 833 53 22 Axel

283 863 90 21 Fredrik
389 863 101 28 Granfelt,
512 863 127 26 kapellanen
655 864 6 20 i
677 863 92 27 Thusby,
790 863 134 26 vicepastorn
947 862 92 21 Mathias

283 891 119 25 Putkonen,
425 892 149 27 kyrkoherden
590 892 7 21 i
613 892 84 24 Hauho,
721 891 201 26 kontraktsprosten
944 891 40 21 och
1006 897 33 14 or-

283 920 173 21 densledamoten
479 921 65 20 Adolf
563 920 67 26 Siren,
653 920 149 27 kyrkoherden
817 920 6 21 i
839 920 87 26 Jokkas,
944 921 94 24 prosten,

283 949 205 26 ordensledamoten,
504 949 205 26 filosofiemagistern
725 949 39 20 och
780 948 184 27 teologiedoktorn
979 948 59 26 Mag-

282 984 39 14 nus
337 977 53 22 Erik
405 978 113 26 Alopaeus,
542 980 55 19 samt
618 977 149 27 kyrkoherden
782 978 7 20 i
804 977 125 27 Walkjärvi,
951 978 88 25 prosten

283 1005 50 22 Otto
349 1006 122 21 Ferdinand
486 1006 105 25 Hofdahl;

212 1034 34 21 för
260 1035 161 26 presterskapet
435 1035 7 20 i
457 1035 85 26 Kuopio
558 1035 52 26 stift,
627 1034 54 22 efter
696 1035 7 20 i
718 1034 94 26 enlighet
830 1034 49 21 med
902 1035 136 25 prestmötes-

282 1063 71 21 beslut
370 1064 54 20 1864
439 1064 106 20 anställda
561 1064 40 27 val,
612 1064 143 26 domprosten,
766 1063 123 26 professorn
900 1063 39 20 och
952 1063 86 20 ordens-

282 1092 128 24 ledamoten,
425 1092 206 27 filosofiemagistern
642 1092 39 21 och
694 1091 185 27 teologiedoktorn
890 1092 58 20 Aron
962 1091 78 21 Gustaf

282 1121 62 26 Borg,
361 1120 148 27 kyrkoherden
524 1121 7 20 i
546 1121 106 21 Kesälaks
671 1120 70 21 Johan
759 1120 109 25 Bäckvall,
891 1119 147 27 kyrkoherden

282 1149 7 20 i
304 1149 113 26 Pyhäjärvi
437 1149 101 21 Zakarias
557 1150 90 20 Castrén
670 1150 55 20 samt
747 1149 151 26 kyrkoherden
912 1149 7 20 i
935 1148 103 26 Limingo,

282 1179 86 24 prosten
384 1177 39 21 och
439 1178 206 26 ordensledamoten,
660 1177 207 26 filosofiemagistern
882 1177 40 21 och
939 1177 99 26 teologie-

282 1206 92 21 doktorn
389 1206 69 21 Julius
474 1207 104 20 Emanuel
593 1207 77 26 Bergh.

282 1262 107 21 Ombudet
404 1263 33 21 för
452 1263 161 26 presterskapet
628 1263 6 21 i
650 1257 80 27 Älands
745 1263 100 26 prosteri,
868 1261 149 27 kyrkoherden
1032 1262 7 21 i

211 1291 86 22 Brändö
313 1291 74 21 Alfred
403 1291 89 27 Brynolf
505 1292 58 21 Roos
579 1291 40 22 och
634 1293 77 20 tvenne
730 1292 23 21 af
772 1291 172 26 presterskapets
959 1291 6 20 i
980 1291 59 20 Kuo-

211 1320 35 26 pio
263 1320 46 21 stift
319 1320 63 21 valda
393 1320 86 26 ombud,
490 1320 150 27 kyrkoherden
652 1321 7 20 i
675 1320 142 27 Tohmajärvi,
830 1319 208 26 kontraktsprosten,

211 1348 201 22 ordensledamoten
436 1348 40 21 och
501 1348 185 26 teologiedoktorn
711 1348 53 21 Erik
788 1348 71 21 Johan
883 1347 90 21 Andelin
999 1347 40 21 och

211 1376 198 27 sockneadjunkten
423 1377 7 21 i
445 1377 158 27 Kuhmoniemi,
618 1377 133 26 vicepastorn
774 1376 71 22 Johan
870 1376 73 21 Viktor
961 1375 78 22 Johns-

211 1411 39 16 son
266 1405 61 24 hade,
343 1405 6 21 i
365 1406 105 21 anseende
486 1406 33 21 till
533 1406 76 21 iräkad
625 1406 104 26 sjukdom,
746 1405 75 21 härvid
836 1405 47 21 icke
904 1405 82 20 kunnat
1007 1404 31 21 in-

210 1433 58 22 finna
283 1434 38 26 sig,
336 1433 82 22 hvilket
433 1434 135 21 förhällande
583 1435 34 20 för
627 1434 150 27 kyrkoherden
789 1434 58 21 Roos
860 1433 92 27 styrktes
962 1439 76 20 genom

210 1469 30 14 nu
254 1462 93 22 företedt
362 1462 139 27 läkareintyg.

280 1491 81 21 Härvid
376 1491 144 22 antecknades
536 1491 33 21 till
583 1491 132 27 protokollet
729 1492 33 21 att
777 1491 104 26 biskopen
900 1490 58 21 öfver
979 1489 59 22 Kuo-

209 1519 36 27 pio
261 1519 46 21 stift
322 1519 40 22 och
378 1520 206 27 ordensledamoten,
598 1520 100 21 filosofie-
709 1520 40 21 och
759 1519 187 27 teologiedoktorn
956 1518 83 22 Robert
