1109 1795
334 123 169 18 Presteständet.
528 125 57 16 1867.
610 124 24 17 19
645 123 63 18 Mars.
864 117 44 22 257

105 210 98 21 uttalade
227 209 87 26 äsigten.
342 208 43 21 Om
407 208 111 27 ingressen
537 208 23 26 ej
582 207 83 26 funnes,
689 207 54 22 hade
758 208 63 21 Hans
831 207 107 27 Najestät

106 238 48 21 skäl
177 239 33 20 att
230 237 67 27 fräga,
321 237 99 21 hvarföre
443 237 117 21 ständerna
575 237 35 20 vid
626 238 83 19 senaste
724 237 105 25 landtdag
844 235 93 27 begärde

107 267 158 26 upplysningar,
288 265 28 22 dä
338 265 26 22 de
385 271 29 14 nu
437 265 51 26 sägo
506 265 33 26 sig
559 265 7 20 i
584 264 84 21 tillfälle
687 266 33 19 att
735 265 47 21 lösa
797 264 77 27 frägan
890 265 48 20 dem

107 295 94 20 förutan.
232 293 87 22 Derföre
334 299 51 16 vore
401 293 36 21 det
452 293 64 27 högst
530 293 76 27 nödigt
621 295 32 19 att
668 293 89 27 påpeka,
774 293 37 22 det
821 293 117 21 ständerna

108 329 29 15 nu
160 323 19 26 ej
201 323 82 20 kunnat
304 322 79 27 afgifva
406 323 31 20 ett
453 321 24 21 sä
491 321 198 22 tillfredsställande
705 327 48 15 svar
769 328 45 15 som
831 321 107 26 önskeligt

107 352 63 25 varit,
193 357 48 15 men
261 352 32 19 att
308 350 91 21 orsaken
414 349 75 22 härtill
504 356 45 18 var,
565 352 33 19 att
613 350 116 21 ständerna
743 349 48 22 icke
806 350 83 21 kunnat
904 355 34 15 er-

108 379 58 22 hålla
185 379 26 22 de
226 379 152 27 upplysningar
393 379 26 20 de
435 379 82 26 begärt,
534 378 40 21 och
590 378 72 21 hvilka
677 377 33 22 för
723 377 90 27 frågans
825 378 53 21 fullt
893 377 44 22 till-

107 408 164 22 fredsställande
286 407 83 27 lösning
382 407 59 21 varit
455 407 24 21 af
492 407 78 21 nöden.

177 464 155 27 Kyrkoherden
354 464 73 21 Roos
449 463 55 22 hade
520 463 67 22 fästat
603 463 32 27 sig
649 463 123 26 isynnerhet
787 463 36 21 vid
837 463 28 21 de
880 463 56 20 mot-

108 494 59 20 satta
189 493 79 26 äsigter
283 493 87 26 prosten
385 492 105 21 Borenius
505 492 41 21 och
562 492 138 26 domprosten
715 491 57 26 Borg
787 491 56 22 hade
859 490 78 25 anfört,

108 523 57 19 samt
187 521 66 26 ansäg
275 521 32 21 för
329 521 32 21 sin
376 521 34 21 del
425 521 90 21 klander
530 520 29 27 pä
574 521 59 20 detta
649 520 61 21 ställe
725 519 20 27 ej
760 519 54 22 böra
827 520 89 21 komma
930 519 8 20 i

108 549 62 27 fråga
192 549 89 22 såframt
303 551 130 20 stötestenar
446 549 21 26 ej
483 549 69 21 under
567 549 86 26 frägans
668 549 71 20 vidare
755 548 131 26 behandling
900 553 38 22 yp-

108 578 73 26 pades.
211 578 82 21 Endast
308 577 46 22 ifall
369 577 82 21 sådana
465 577 102 27 yppades,
582 583 51 15 vore
649 577 36 21 det
694 577 76 26 nödigt
781 578 33 19 att
823 575 115 23 framhålla

109 607 55 20 hvad
179 607 32 20 uti
226 607 107 26 ingressen
348 606 63 21 fanns
425 606 102 24 uttaladt,
543 612 80 15 annars
637 605 52 21 icke.
720 605 90 21 Derföre
823 605 70 21 borde
904 605 33 20 fö-

109 635 117 21 revarande
247 635 72 26 frägas
340 634 116 27 afgörande
471 634 47 21 icke
533 634 76 27 föregä
625 633 223 27 detaljbehandlingen
864 633 24 21 af
900 633 38 20 be-

108 663 126 24 tänkandet,
255 665 52 20 utan
331 663 66 21 borde
419 662 86 27 frägans
526 662 69 27 öfriga
611 662 129 27 behandling
754 661 75 28 föregä
844 661 94 22 beslutet

109 691 106 22 huruvida
229 692 109 26 ingressen
352 691 103 22 behöfdes
467 691 57 21 :eller
537 691 28 26 ej.

178 748 143 26 Domprosten
343 748 68 25 Borg
427 747 101 26 önskade,
545 747 49 22 med
609 747 99 21 afseende
721 746 16 21 &
748 746 59 21 hvad
822 746 69 27 några
905 747 33 19 ta-

109 776 45 21 lare
169 778 74 25 yttrat,
259 776 115 27 förtydliga
389 776 38 21 sitt
438 776 62 21 förra
515 775 145 27 andragande.
683 775 143 26 Domprosten
837 774 101 27 frägade,

109 805 63 21 hvem
194 810 46 16 som
263 805 90 26 skyggat
372 805 94 20 tillbaka
477 804 37 21 för
524 805 38 20 att
577 806 66 25 öppet
657 803 69 22 uttala
737 803 36 21 sin
788 803 93 26 mening,
897 802 40 22 och

109 833 32 21 till
164 833 133 21 hvilketdera
319 833 136 21 erfordrades
477 839 61 15 mera
553 833 57 26 mod,
626 833 100 26 antingen
739 831 35 22 till
789 831 112 22 uttalande
912 830 28 21 af

110 863 31 20 ett.
155 861 139 27 beklagande,
310 861 52 22 eller
377 861 33 21 till
425 861 95 27 yrkande
536 861 28 27 pä
579 867 42 20 nya
633 860 184 27 undersökningar
829 865 34 16 om
874 861 64 19 rätts-

109 889 164 22 förhållandena
295 890 70 21 derest
385 889 55 22 efter
455 889 43 22 fem
514 889 24 21 är
554 889 234 21 donationsböndernes
802 887 101 22 befrielse
918 887 19 26 ej

109 918 77 21 hunnit
207 918 140 27 genomföras.
377 918 63 21 Hvad
462 917 120 22 beträffade
604 917 166 26 anmärkningen
791 918 33 19 att
839 917 99 26 dompro-

110 948 58 19 stens
190 947 97 20 uttalade
309 946 56 27 äsigt
385 947 88 20 liknade
494 947 34 26 sig
545 946 34 21 till
594 946 90 21 klander
698 945 23 21 af
735 945 117 21 utskottets
867 945 71 26 tillgö-

110 975 72 24 rande,
205 975 24 21 sä
251 975 55 21 hade
328 975 138 26 domprosten
488 975 20 26 ej
528 975 59 21 velat
602 975 91 20 klandra
708 973 112 26 utskottet,
833 975 55 20 utan
903 972 38 27 :gaf

109 1005 92 19 tvertom
217 1003 105 22 utskottet
336 1005 45 19 rätt
396 1005 33 19 att
443 1003 106 21 motivera
565 1003 38 21 sitt
616 1002 134 21 betänkande
765 1002 30 26 :sä,
811 1007 47 16 som
874 1001 63 25 skett,

110 1031 69 21 ehuru
201 1031 137 27 domprosten
360 1031 34 21 för
411 1031 36 21 :sin
459 1031 39 22 :del
513 1031 74 27 tyckte
601 1031 66 21 saken
683 1031 71 21 bättre
769 1029 64 22 hafva
854 1029 84 21 kunnat

110 1059 110 27 uttryckas
235 1062 14 19 t.
266 1067 33 14 ex.
314 1061 48 20 med
378 1060 77 21 orden:
472 1059 27 22 dä
515 1060 27 21 H.
558 1060 27 21 K.
601 1060 40 21 M:t
655 1059 46 21 icke
714 1059 92 26 behagat
816 1057 52 27 gilla
879 1057 59 22 förra

110 1088 140 27 landtdagens
265 1088 80 27 förslag
360 1089 40 20 etc.
430 1088 50 21 Men
495 1090 33 19 att
543 1088 50 21 hela
609 1088 40 21 den
665 1088 64 20 saken
745 1087 55 21 först
815 1087 7 20 i
838 1086 65 21 slutet
918 1085 23 21 af

109 1117 127 20 ständernas
257 1123 49 15 svar
327 1117 84 21 komme
427 1117 33 20 till
475 1117 49 25 tals,
540 1117 57 20 hade
613 1118 31 19 ett
659 1115 92 27 afgjordt
765 1114 110 22 företräde
891 1113 48 22 der-

110 1145 52 24 före,
185 1146 33 20 att
237 1145 41 21 den
293 1145 28 21 dä
336 1145 68 21 skulle
419 1145 64 21 hafva
499 1146 31 20 ett
548 1145 107 21 bestämdt
670 1144 49 25 mål,
734 1143 106 26 nemligen
855 1143 33 20 att
903 1148 36 21 pe-

110 1173 102 22 titionera
235 1179 34 15 om
287 1173 65 27 nödig
374 1173 114 26 utredning
510 1173 134 21 beträffande
661 1173 24 21 de
701 1171 238 27 donationslägenheter

111 1207 45 15 som
180 1201 19 27 ej
219 1207 77 21 genom
315 1202 86 27 frivillig
417 1202 216 21 öfverenskommelse
649 1201 82 21 kunnat
745 1200 86 25 inlösas,
848 1199 40 22 och
904 1199 36 21 det

111 1229 68 22 ehuru
201 1230 61 21 detta
284 1230 169 27 önskningsmäls
475 1230 128 27 uppnäende
626 1229 18 27 ej
668 1229 81 27 lyckats
771 1228 60 21 förra
848 1228 90 26 gängen.

111 1258 62 21 Hvad
196 1259 76 26 angick
295 1259 41 20 den
358 1259 23 20 af
401 1260 87 25 prosten
505 1259 104 21 Borenius
625 1257 159 27 nödigansedda
799 1256 141 26 utredningen

111 1286 23 21 af
145 1286 141 26 jordnaturen
302 1286 91 27 derföre,
409 1289 33 19 att
457 1286 268 27 donationslägenheterna
739 1292 29 14 nu
783 1285 67 21 borde
860 1285 80 25 antaga

111 1314 140 26 skattenatur,
267 1315 50 21 sade
333 1316 138 26 domprosten
485 1315 33 27 sig
534 1315 18 27 ej
569 1317 50 19 veta
633 1315 56 20 hvad
701 1314 106 21 utskottet
818 1313 52 21 eller
881 1313 58 20 stän-

111 1343 67 20 derna
199 1343 34 20 för
255 1343 37 21 det
311 1343 122 21 ändamålet
448 1343 70 21 skulle
532 1345 54 25 göra
601 1343 49 21 med
666 1343 41 21 slik
722 1342 120 25 utredning.
873 1341 67 20 Dom-

110 1372 88 25 prosten
220 1371 97 27 fröjdade
340 1372 31 27 sig
386 1374 99 24 tvertom,
502 1373 34 20 att
552 1372 55 21 1826
621 1371 34 22 ärs
671 1373 52 19 utan
739 1370 127 22 ständernas
882 1368 58 22 med-

110 1400 81 21 verkan
205 1400 113 21 tillkomna
333 1400 125 27 förordning
472 1400 125 27 härigenom
613 1399 149 22 annullerades
777 1399 40 20 och
827 1397 114 27 jordnatu-

111 1434 38 15 ren
171 1429 152 21 restituerades
337 1429 33 21 till
385 1429 33 20 sin
432 1429 59 20 förra
507 1429 115 26 egenskap.
652 1428 79 26 Mänga
745 1427 125 27 lägenheter
885 1425 55 21 hade

111 1457 56 20 ända
183 1457 66 20 sedan
263 1457 86 26 konung
365 1457 78 21 Gustaf
457 1458 28 20 I:s
501 1457 33 21 tid
548 1457 56 21 varit
621 1457 76 21 endast
707 1455 180 24 kronoarrenden,
902 1453 39 21 och

111 1485 107 27 vanskligt
233 1492 50 15 vore
299 1488 32 19 att
346 1486 44 21 tala
405 1491 35 15 om
455 1486 64 21 deras
534 1485 131 21 frälsenatur
681 1485 51 21 eller
749 1484 47 21 icke
805 1483 136 21 frälsenatur.

111 1513 64 21 Ännu
197 1514 82 27 engång
301 1515 49 20 ville
373 1514 139 27 domprosten
528 1513 121 26 framhålla,
666 1515 33 20 att
714 1513 120 26 ingressens
850 1509 93 28 omflytt-

852 1550 21 17 17
