1109 1795
215 123 41 21 132
423 127 166 18 Presteståndet.
615 128 56 17 1867.
695 129 24 16 27
731 128 59 17 Febr.

186 219 62 16 renes
263 213 117 22 befordran
395 213 46 21 icke
457 213 82 21 kunnat
554 213 37 21 ske
607 213 6 20 i
629 213 112 26 rättsenlig
756 213 96 26 ordning,
868 215 51 19 enär
933 214 88 21 rättvisa

188 242 35 21 vid
245 241 116 27 förslagens
377 242 143 27 upprättande
536 242 6 20 i
558 241 26 21 de
599 241 62 22 flesta
681 241 38 22 fall
735 242 54 21 varit
805 241 87 27 omöjlig
906 243 32 20 att
954 241 66 27 skipa,

187 270 76 21 hvaraf
284 270 113 21 resultatet
420 270 61 21 äfven
496 269 69 22 blifvit
588 270 36 21 det
639 269 99 27 sorgliga,
758 271 33 20 att
807 269 83 22 landets
912 270 108 21 klockare-

188 297 100 28 personal
311 305 29 14 nu
355 298 95 21 befinner
468 299 32 26 sig
515 299 6 20 i
544 298 37 21 det
596 298 112 27 högeligen
731 297 209 23 otillfredsställande
954 299 66 26 skick,

187 333 46 15 som
249 328 25 19 är
289 326 64 21 allom
369 327 95 26 kunnigt.

258 354 40 22 Till
315 354 135 28 afhjelpande
473 355 22 21 af
517 355 59 21 detta
591 354 124 27 betänkliga
730 354 140 27 förhållande,
892 361 45 15 som
958 355 63 21 hotar

189 386 32 19 att
235 384 7 21 i
258 383 69 28 grund
341 383 106 22 förderfva
463 384 39 21 den
518 383 65 21 redan
599 383 72 21 istort
687 383 70 22 förfall
770 383 91 21 varande
874 383 147 28 kyrkosången

188 413 7 21 i
210 413 85 21 landets
317 412 154 27 församlingar,
487 418 62 15 anser
567 411 106 22 utskottet
692 414 31 19 ett
739 411 81 22 mindre
836 411 52 22 eller
902 414 68 19 större
985 418 35 14 an-

188 442 31 20 tal
241 440 112 21 klockare-
377 440 40 21 och
433 440 167 27 organistskolor
619 440 6 21 i
641 440 106 21 särskilda
770 440 60 21 delar
844 440 24 21 af
880 440 72 21 landet
974 440 47 21 icke

189 475 51 15 vara
255 470 57 19 rätta
328 469 85 24 medlet,
429 469 45 20 dels
485 469 6 20 i
502 469 105 20 anseende
618 468 32 21 till
667 469 87 20 dermed
764 467 101 22 förenade
880 470 68 20 större
963 469 57 20 kost-

189 497 73 26 nader,
286 497 44 21 dels
347 497 39 21 ock
401 497 147 26 förnämligast
570 497 90 21 emedan
680 497 124 26 härigenom
827 497 95 26 önskelig
936 497 63 21 enhet
1014 497 6 20 i

188 526 150 26 kyrkosången
361 525 58 21 öfver
441 525 49 22 hela
514 525 72 21 landet
608 527 56 19 samt
679 525 100 21 säkerhet
802 525 39 21 och
856 525 89 22 rättvisa
966 525 55 22 hvad

190 554 112 21 klockares
317 553 115 22 befordran
447 554 138 25 vidkommer,
609 553 18 27 ej
644 553 68 22 skulle
729 553 81 26 vinnas;
827 555 51 20 utan
893 554 32 21 får
940 554 81 21 utskot-

190 584 39 25 tet,
245 582 6 21 i
268 582 219 21 öfverensstämmelse
500 582 47 21 med
559 582 55 21 hvad
630 582 123 26 organisten
769 582 52 26 Lagi
837 582 30 21 uti
884 582 137 21 omförmälda

190 611 111 21 utlåtande
313 611 78 26 jemväl
408 610 114 27 föreslagit,
539 610 31 21 till
585 610 131 27 högvördiga
731 610 86 21 ståndet
832 611 112 20 hemställa
959 611 61 20 huru-

190 639 48 21 vida
261 639 47 21 icke
332 645 26 15 en
373 639 33 20 för
420 639 49 21 hela
484 639 73 21 landet
579 645 121 20 gemensam
721 638 126 22 läroanstalt
862 639 32 21 för
916 639 105 20 blifvande

191 667 129 26 organisters
336 667 39 21 och
391 667 111 21 klockares
518 667 95 26 bildning
629 667 66 21 borde
710 667 97 25 inrättas,
823 667 37 21 der
876 667 59 21 desse
951 667 70 20 kunde

189 696 64 21 vinna
274 696 41 20 den
330 695 32 21 för
378 695 62 21 deras
454 695 44 21 kall
514 695 76 27 nödiga
605 695 174 27 underbyggnad,
795 698 55 18 samt
864 695 112 21 framdeles
991 695 30 20 in-

190 730 39 21 gen
247 726 89 24 antagas
352 723 33 21 till
401 724 94 26 organist
510 723 51 22 eller
576 724 107 26 klockare,
700 730 47 15 som
761 724 47 21 icke
826 723 42 22 kan
884 725 64 26 uppte
963 723 58 27 intyg

191 752 58 22 öfver
264 751 115 28 behörigen
389 753 159 26 genomgången
565 752 38 21 och
619 752 100 26 godkänd
735 758 88 16 examen
838 752 34 21 vid
884 752 68 21 denna
967 752 55 21 läro-

191 781 86 21 anstalt.
308 781 43 20 För
373 783 32 18 att
420 782 107 19 motsvara
546 780 128 27 ändamålet,
697 781 68 21 borde
780 781 34 20 vid
829 780 141 27 inrättningen
986 787 36 14 an-

191 809 74 21 ställas
289 811 32 19 tre
337 809 106 21 ordinarie
457 809 76 25 lärare,
550 815 25 15 en
591 809 6 20 i
613 811 58 30 sång
681 809 40 21 och
737 809 78 21 allmän
831 809 120 25 musiklära,
974 815 26 15 en
1016 809 7 20 i

192 837 119 27 pianoforte
327 837 40 21 och
383 837 155 27 orgelspelning
553 839 56 19 samt
624 844 25 14 en
665 838 7 20 i
687 837 151 25 harmonilära,
854 825 106 34 äfvensom
976 837 47 21 der-

192 865 83 22 utöfver
291 872 26 15 en
333 868 59 19 extra
407 866 70 21 lärare
497 865 7 21 i
520 865 167 28 violinspelning.
719 865 108 27 Förlaggd
840 866 6 21 i
862 865 160 26 hufvudstaden,

193 894 68 21 skulle
283 900 26 15 en
324 894 67 21 sådan
406 894 126 21 läroanstalt
547 894 155 27 otvifvelaktigt
725 894 54 22 lefva
795 896 31 19 ett
841 894 88 21 friskare
946 894 24 21 lif
984 894 39 21 och

191 923 71 21 bättre
285 922 45 21 lösa
353 923 33 20 sin
406 922 89 28 uppgift,
518 924 26 19 än
567 923 6 20 i
596 929 26 15 en
645 923 163 24 landsortsstad,
832 923 89 20 emedan
943 922 80 21 lärare-

192 951 109 26 platserna
317 951 36 21 der
369 951 71 21 kunde
456 951 93 21 besättas
565 951 48 22 med
625 951 152 26 insigtsfullare
793 951 38 21 och
842 951 122 26 lämpligare
977 957 46 20 per-

192 985 68 18 soner,
284 981 55 19 samt
355 979 97 21 eleverne
468 979 109 22 derstädes
592 979 61 22 äfven
669 980 85 20 komme
759 975 12 36 i
791 979 83 21 tillfälle
889 981 32 19 att
942 979 82 21 utbilda

192 1007 32 22 sin
239 1007 60 22 smak
315 1007 39 22 och
370 1007 38 22 sitt
424 1008 97 21 omdöme
532 1014 75 21 genom
620 1008 119 21 åhörandet
755 1007 22 22 af
788 1007 71 27 duglig
874 1008 74 21 musik.
974 1007 49 22 Men

192 1042 33 15 om
241 1042 27 15 en
291 1036 241 26 undervisningsanstalt
547 1036 22 21 af
582 1036 161 27 ifrågavarande
759 1035 60 28 syfte,
842 1036 23 21 af
878 1042 25 15 en
920 1036 52 21 eller
987 1042 37 15 an-

192 1070 41 15 nan
257 1064 69 27 orsak,
350 1065 17 26 ej
385 1064 68 21 skulle
473 1065 72 20 kunna
560 1071 61 15 anses
643 1065 89 21 inrättas
755 1065 6 20 i
778 1064 137 27 Helsingfors,
938 1065 86 20 hvarest

193 1092 122 21 densamma
338 1093 150 26 obestridligen
511 1093 48 21 bäst
581 1093 85 21 komme
682 1095 31 19 att
737 1095 107 19 motsvara
859 1093 38 20 sitt
920 1092 103 27 ändamål,

192 1122 23 19 så
237 1121 62 21 torde
315 1121 40 21 den
370 1121 121 26 lämpligast
514 1121 52 22 böra
581 1121 106 27 förläggas
708 1121 32 21 till
759 1122 70 26 någon
845 1121 21 22 af
882 1121 25 22 de
930 1123 94 19 närmast

193 1149 80 21 midten
288 1149 22 21 af
323 1149 73 21 landet
412 1149 89 27 belägna
516 1150 107 21 städerna.

260 1177 34 21 En
315 1177 132 27 underdånig
462 1178 88 26 petition
566 1179 6 20 i
588 1178 149 27 ofvanangifna
757 1177 54 28 syfte
827 1177 32 22 får
874 1178 38 21 hos
935 1178 89 26 högvör-

193 1205 47 27 diga
255 1206 158 26 presteständet
428 1207 105 20 utskottet
547 1207 109 21 vördsamt
671 1207 130 26 tillstyrka.'

261 1320 102 21 Härefter
378 1320 96 27 företogs
491 1321 45 21 åter
551 1321 76 25 frågan
644 1327 34 14 om
694 1321 76 21 remiss
786 1320 23 21 af
829 1320 77 26 nådiga
927 1321 97 26 proposi-

193 1349 72 20 tionen
281 1349 6 20 i
303 1348 116 27 anledning
433 1348 24 22 af
471 1349 41 21 den
528 1348 33 22 för
572 1348 283 26 brännvinstillverkningen
867 1348 89 21 influtna
966 1348 58 20 skat-

192 1379 47 19 teus
255 1376 168 28 otillräcklighet
437 1377 34 21 för
483 1377 147 22 bestridandet
641 1377 23 21 af
673 1378 26 21 de
709 1378 82 26 anslag,
805 1377 86 21 hvartill
902 1377 122 20 densamma

192 1405 129 27 påräknats;
337 1405 119 27 hvarjemte
471 1406 94 26 ståndet,
580 1406 28 26 på
624 1406 50 21 herr
689 1407 149 20 talemannens
854 1406 73 20 derom
949 1405 75 26 gjorda

192 1434 68 27 fråga,
277 1434 70 21 beslöt
361 1436 34 19 att
409 1434 151 27 kyrkoherden
576 1435 112 20 Bäckvalls
705 1435 39 21 och
756 1435 134 25 vicepastorn
901 1433 123 22 Putkonens

193 1463 61 20 ofvan
277 1462 144 21 omförmälda
444 1463 124 21 skrifvelser
591 1463 134 21 beträffande
745 1463 102 26 åtgärder
863 1462 31 21 till
910 1462 114 21 lönnbrän-

192 1491 87 26 ningens
301 1491 130 21 hämmande
455 1491 75 26 skulle,
552 1491 71 21 såsom
639 1492 72 21 desses
727 1491 98 22 enskilda
840 1490 115 27 yttranden
970 1491 6 20 i
992 1497 32 14 sa-

191 1519 48 24 ken,
256 1519 75 26 åtfölja
346 1519 213 27 remissprotokollet.
