1109 1795
352 145 168 18 Presteståndet.
545 146 56 17 1867.
624 147 14 16 4
651 146 61 21 April
867 141 41 20 453

114 231 81 22 erhålla
209 231 123 26 förmaning,
347 231 106 22 hvarefter
471 231 37 21 det
524 230 67 22 skulle
606 231 34 21 stå
654 231 77 22 honom
746 230 45 22 fritt
807 233 32 20 att
854 237 25 16 ur
889 231 48 28 kyr-

114 260 42 22 kan
171 259 91 22 utträda.

183 316 139 27 Vicepastorn
344 315 147 22 Helander
514 315 61 28 hyste
599 321 81 16 samma
702 316 171 27 betänkligheter
891 323 45 16 som

114 345 127 27 föregående
261 345 73 21 talare.
364 345 88 26 Kyrkan
467 345 72 20 kunde
554 344 99 27 slutligen
668 344 30 21 bli
713 346 50 23 tom,
779 345 27 21 då
821 346 49 21 dess
885 352 51 21 egne

115 374 135 21 medlemmar
273 373 52 27 egde
339 373 65 21 frihet
419 375 32 19 att
467 373 65 21 derur
546 374 93 25 utträda,
655 379 48 15 men
717 373 82 27 kyrkan
814 374 54 27 sjelf,
884 375 6 20 i
906 375 30 21 af-

115 402 76 22 seende
211 402 13 21 å
244 408 26 16 en
290 401 23 22 af
325 402 184 26 grannkyrkorna,
524 401 48 22 icke
587 401 55 22 hade
657 408 81 15 samma
752 401 65 22 frihet
832 404 33 20 att
880 405 55 20 mot-

114 433 51 24 taga
179 437 42 20 nya
235 431 142 21 medlemmar.
408 430 40 21 Om
464 437 28 14 nu
508 430 94 27 kyrkans
617 430 137 21 medlemmar
769 431 52 26 egde
832 432 104 26 rättighet

114 461 32 20 att
162 459 63 21 derur
237 459 86 22 utträda
334 459 39 21 och
383 459 64 20 likväl
460 459 109 21 bibehölle
582 459 42 21 alla
637 459 174 26 statsborgerliga
821 459 114 25 förmåner,

115 488 24 21 så
160 488 84 21 komme
265 489 66 25 vägen
354 489 33 20 att
409 489 80 25 öppnas
513 487 33 21 för
569 487 132 22 främmande
720 487 168 22 trosförvandter
902 489 34 20 till

115 517 88 26 tjenster
217 517 8 20 i
239 517 78 20 landet.
346 516 90 21 Talaren
451 516 128 21 hemställde
595 516 84 21 derföre
690 522 34 15 om
735 516 17 27 ej
765 516 69 21 denna
844 517 10 26 $
865 517 70 21 kunde

115 545 65 21 blifva
195 545 105 21 beroende
315 545 32 21 till
362 545 48 21 dess
425 545 87 20 ständet
527 546 68 25 yttrat
610 545 31 26 sig
657 551 33 14 om
701 544 149 27 upphäfvande
862 545 23 22 af
893 545 43 22 dei

115 574 108 26 ingressen
238 573 137 27 uppräknade
390 573 186 27 författningarne.

184 630 203 27 Kontraktsprosten
410 629 77 22 Sirén
507 630 72 26 ansåg,
595 631 6 20 i
617 630 66 21 likhet
698 631 47 21 med
760 631 128 26 föregående
903 633 33 19 ta-

115 659 51 26 lare,
182 660 33 20 att
229 659 92 26 kyrkans
336 659 64 20 frihet
414 665 50 14 vore
480 659 135 26 temmeligen
632 659 116 24 inskränkt,
765 659 27 21 dä
807 659 40 22 den
856 660 18 27 ej
884 661 52 25 egde

116 689 43 19 rätt
181 689 32 19 att
234 687 47 21 frän
303 687 31 21 sin
349 687 128 26 gemenskap
494 687 95 21 utesluta
605 687 100 27 ovärdiga
721 688 141 22 medlemmar.
894 689 42 20 Det

116 722 49 15 vore
188 715 87 22 alldeles
297 715 160 27 ovedersägligt,
481 717 33 20 att
534 715 65 27 något
615 716 117 27 stadgande
747 717 73 21 härom
836 717 7 20 i
858 712 78 32 kyrlöo-

115 744 102 27 förslaget
238 745 19 26 ej
279 744 90 27 inginge,
392 746 22 25 ty
435 744 8 21 i
464 744 49 27 kap.
536 745 25 20 13
577 744 94 22 slutades
686 745 131 26 proceduren
832 746 48 21 med
896 746 40 21 den

115 773 136 21 villfarandes
265 773 125 20 inställande
405 773 56 20 inför
476 773 148 26 domkapitlet.
654 773 49 21 Man
714 773 69 22 kunde
794 773 83 22 säledes
885 781 52 14 vara

116 801 97 27 hedning,
227 801 50 27 jude
293 801 51 21 eller
359 801 142 21 mahomedan
517 801 40 22 och
571 801 94 22 likafullt
680 802 85 27 gvarstä
779 802 7 21 i
802 803 41 21 den
855 803 80 21 luther-

116 830 38 21 ska
176 829 87 28 kyrkan.
293 830 38 21 Ett
353 830 116 26 stadgande
492 830 68 21 borde
576 831 83 21 derföre
675 830 119 22 tillkomma
809 831 79 27 derom,
904 833 32 20 att

116 859 40 20 den
172 865 45 14 som
232 858 166 27 uppenbarligen
414 859 74 21 afveke
504 858 55 21 ifrän
575 859 92 26 kyrkans
682 859 46 21 lära
739 859 68 21 skulle
818 860 64 21 derur
890 861 45 20 ute-

116 887 73 24 slutas,
212 887 89 21 likasom
323 893 26 15 en
371 887 34 20 far
427 888 52 25 egde
502 889 44 19 rätt
561 889 32 20 att
608 887 55 22 ifrän
677 887 94 28 familjen
785 888 95 21 utesluta
895 889 41 20 den

116 916 96 25 medlem,
235 921 45 16 som
303 916 18 26 ej
343 916 95 26 iakttoge
460 915 153 27 familjeseden.
645 917 60 21 Dock
727 917 65 21 borde
808 917 128 26 stadgandet

116 944 73 21 härom
205 944 18 27 ej
239 944 39 21 här
293 946 51 19 utan
359 945 7 20 i
381 944 48 27 kap.
446 945 27 20 13
488 945 90 26 intagas.

184 1001 56 21 Herr
261 1001 134 21 talemannen
416 1001 49 21 ville
488 1001 33 21 till
543 1002 127 27 upplysning
688 1002 103 26 meddela,
807 1002 36 21 det
857 1002 80 27 kyrko-

117 1029 139 27 lagskomiten
275 1030 76 21 räknat
365 1029 28 28 pä
409 1030 167 31 dissenterlagen
591 1030 34 21 för
640 1032 32 19 att
687 1031 130 21 förekomma
832 1031 105 27 proselyt-

116 1058 87 21 makeri.
232 1058 48 21 Men
297 1065 33 14 om
346 1058 69 21 denna
430 1058 64 21 lucka
509 1058 19 27 ej
544 1065 29 14 nu
588 1059 27 26 pä
631 1059 82 26 engång
723 1059 68 21 blefve
799 1059 53 27 fylld
860 1065 76 21 genom

117 1087 170 26 dissenterlagen,
303 1087 24 21 sä
341 1087 71 21 kunde
427 1087 70 26 nägon
510 1087 111 27 jemkning
636 1094 51 15 vara
703 1087 22 22 af
738 1088 76 21 nöden.

185 1143 88 21 Prosten
289 1143 131 27 Grönberg
435 1143 101 22 förenade
548 1144 38 27 sig,
597 1144 27 27 pä
635 1145 68 26 grund
713 1144 23 21 af
745 1145 190 27 frihetsprincipen,

116 1173 47 20 med
179 1171 125 28 föregäende
320 1173 74 20 talare.
425 1173 123 26 Stadgande
564 1173 105 21 saknades
685 1174 78 25 derom,
779 1175 33 19 att
825 1173 111 22 lutherska

116 1201 81 26 kyrkan
213 1188 51 39 egde
280 1202 43 19 rätt
338 1203 32 18 att
385 1203 95 25 mottaga
495 1202 138 21 medlemmar
649 1201 47 22 frän
708 1202 42 20 alla
762 1201 174 28 kyrkosamfund.

116 1229 69 27 Nägot
207 1229 176 26 proselytmakeri
405 1229 6 21 i
434 1230 41 21 den
498 1230 111 21 lutherska
624 1230 83 27 kyrkan
727 1230 107 27 äsyftades
850 1231 86 21 dermed

114 1257 53 22 icke.
198 1258 45 21 Här
264 1257 65 22 borde
352 1257 61 22 äfven
433 1258 100 21 hänvisas
549 1259 18 26 ej
584 1259 55 20 blott
654 1259 31 21 till
701 1259 46 26 kap.
767 1259 25 21 12
807 1261 53 19 utan
875 1259 61 21 äfven

115 1286 33 21 till
169 1285 49 27 kap.
242 1286 31 26 13,
290 1286 38 21 och
344 1286 13 27 &
377 1287 40 20 104
439 1287 90 27 skärpas
545 1287 30 26 sä,
591 1289 32 19 att
638 1287 82 27 kyrkan
735 1287 46 22 icke
797 1287 56 22 blott
868 1288 68 21 skulle

115 1321 51 14 vara
188 1315 75 26 pligtig
285 1316 32 19 att
332 1315 69 20 tilläta
417 1315 39 22 den
473 1322 45 15 som
534 1315 37 22 det
585 1316 49 21 ville
650 1317 32 20 att
697 1316 63 21 derur
775 1316 94 25 utträda,
884 1317 52 20 utan

115 1342 61 21 äfven
198 1343 120 27 berättigad
337 1345 32 18 att
393 1343 46 21 från
455 1344 31 21 sin
502 1344 130 26 gemenskap
648 1345 94 20 utesluta
757 1345 46 25 den,
820 1350 46 15 som
882 1345 18 25 ej
915 1345 21 20 af

115 1370 144 28 förmaningar
280 1372 48 21 låtit
349 1372 31 27 sig
395 1374 67 23 rätta;
477 1372 52 27 eljes
544 1373 85 21 komme
645 1372 68 22 denna
729 1373 10 27 $
755 1374 32 20 att
803 1374 62 20 svära
881 1374 56 20 emot

116 1400 12 26 $
148 1401 9 20 1
180 1400 39 21 och
239 1400 109 21 lutherska
370 1401 81 26 kyrkan
467 1401 71 21 blefve
554 1408 26 14 en
595 1402 188 26 sammangyttring
799 1401 22 21 af
836 1402 101 21 medlem-

115 1434 51 18 mar,
183 1434 44 15 som
243 1429 54 21 hade
313 1429 40 21 den
368 1431 54 19 mest
437 1429 58 22 olika
511 1430 135 21 bekännelse.
