1109 1795
232 121 26 20 92
432 125 167 18 Presteståndet.
624 126 56 17 1867.
705 126 27 17 23
744 125 60 18 Febr.

272 211 210 26 Kontraktsprosten
497 211 78 22 doktor
590 211 98 22 Hellén
703 212 68 26 ansåg
785 213 34 20 att
834 212 79 21 doktor
928 213 108 26 Alopaeus

202 240 111 25 vederlagt
329 240 31 26 sig
376 240 54 26 sjelf,
447 239 26 22 då
490 239 42 22 han
548 241 53 26 sagt,
618 241 33 20 att
666 240 26 21 de
708 240 132 26 lägenheter,
857 241 82 22 hvilkas
954 243 81 20 mantal

203 268 70 21 blifvit
295 268 100 21 nedsatta
418 268 41 21 fått
474 268 120 27 minskning
608 268 7 21 i
631 275 71 15 onera.
735 269 28 21 Sä
778 269 86 22 komme
879 270 36 21 det
930 269 39 22 allt
983 269 52 22 fort-

202 296 90 22 farande
303 298 33 19 att
345 297 37 26 gå;
393 296 227 27 skatteförmedlingen
631 297 106 26 fortginge
749 299 121 20 successivt.
894 298 62 21 Hvad
967 300 68 24 prest-

203 325 64 21 bolen
290 325 127 24 beträffade,
440 325 68 27 ansåg
523 325 92 21 doktorn
630 325 37 22 det
681 325 81 28 vådligt
778 327 33 20 att
825 326 81 27 begära
921 326 114 22 skatteför-

203 353 100 27 medling,
319 354 90 21 emedan
425 353 18 27 ej
460 354 24 21 så
499 353 22 22 få
536 354 96 27 exempel
648 354 82 25 funnes,
747 356 34 19 att
795 353 167 29 prestgårdarne
978 355 55 21 hade

204 389 60 15 mera
277 382 56 27 jord,
349 384 28 19 än
393 383 47 20 dem
457 382 55 21 efter
528 383 61 21 deras
606 383 80 21 mantal
702 383 125 22 tillkomme.

275 439 70 22 Sedan
368 439 148 22 diskussionen
538 439 117 22 förklarats
676 440 100 25 afslutad,
792 440 133 22 framställde
941 442 25 20 hr
983 442 51 21 tale-

205 474 92 15 mannen
312 468 95 27 följande
423 468 286 27 omröstningsproposition:

276 524 149 26 ,Godkänner
447 524 132 28 högvördiga
601 525 86 21 ståndet
707 526 48 27 lag-
771 526 38 21 och
825 526 209 21 ekonomiutskottets

206 553 141 27 betänkande,
364 553 52 21 eller
431 553 76 21 icke?"

275 611 133 21 Besvarades
431 611 49 20 med
502 611 26 20 15
540 611 27 26 ja
583 612 44 19 mot
643 611 12 20 7
671 610 43 27 nej.
745 611 45 21 Och
806 617 46 16 som
867 611 117 22 utskottets
1000 613 35 20 be-

206 639 107 21 tänkande
337 639 89 21 sålunda
449 639 23 20 af
493 638 85 22 ståndet
600 641 83 24 antogs,
704 639 69 22 skulle
789 640 156 21 underrättelse
960 641 74 21 härom

205 667 125 22 förmedelst
346 667 197 27 protokollsutdrag
559 668 108 21 meddelas
683 667 59 22 såväl
758 675 54 20 resp.
829 668 145 26 medstånden,
988 675 46 15 som

205 696 248 27 expeditionsutskottet.

276 868 120 27 Föredrogs
412 868 39 21 och
467 869 108 26 upplästes
592 868 97 21 enskilda
699 868 205 22 besvärsutskottets
916 869 66 21 under
994 869 40 21 den

208 897 26 20 18
256 896 105 22 Februari
383 897 80 26 afgifna
479 897 38 21 och
532 897 41 21 den
589 898 26 20 21
632 897 6 20 i
655 903 81 15 samma
751 897 78 22 månad
845 897 101 22 inkomna
960 897 74 22 betän-

206 925 70 21 kande
292 931 35 15 n:o
345 926 17 24 1,
379 931 45 15 som
441 925 38 21 här
494 926 77 26 intogs,
587 925 124 27 sålydande:

433 982 52 27 »Till
500 981 131 28 högvördiga
645 983 166 26 prestaständet.

277 1039 137 27 Högvördiga
429 1039 159 26 prestaständet
604 1039 39 22 har
653 1040 33 21 till
697 1040 48 21 dess
757 1040 97 21 enskilda
864 1040 170 21 besvärsutskott

206 1067 125 22 förmedelst
352 1068 75 21 remiss
442 1067 23 21 af
479 1068 40 21 den
538 1069 25 20 18
578 1068 143 22 innevarande
737 1068 94 22 februari
848 1069 139 21 öfverlemnat
1002 1070 33 19 att

207 1096 109 21 inkomma
339 1097 48 20 med
409 1096 135 21 betänkande
563 1097 6 21 i
589 1097 114 27 anledning
719 1097 23 21 af
755 1097 232 27 landtdagsombudens
1002 1097 33 21 för

207 1124 86 27 Kuopio
309 1125 46 21 stift
370 1125 100 21 anhällan
485 1127 33 18 att
532 1125 133 27 högvördiga
679 1126 87 21 ständet
781 1125 48 22 ville
846 1125 31 22 till
887 1125 99 27 pröfning
996 1126 38 21 och

207 1153 118 27 afgörande
348 1156 95 24 upptaga
464 1154 99 26 beloppet
586 1154 23 21 af
628 1155 47 20 dem
691 1155 129 20 tillbörande
836 1154 199 27 landtdagsmanna-

207 1182 108 25 arfvoden,
332 1182 138 21 alldenstund
486 1182 112 27 ombuden,
615 1183 65 26 enligt
695 1183 84 26 Kuopio
796 1183 126 21 stiftsmötes
932 1183 70 21 beslut
1014 1183 23 21 af

208 1210 41 21 den
269 1211 27 20 28
318 1211 84 26 augusti
427 1211 60 26 1864,
510 1210 68 22 blifvit
597 1211 61 22 valde
674 1212 30 25 sä,
721 1213 32 20 att
768 1211 85 26 Kuopio
868 1211 46 21 läns
930 1211 106 22 ordinarie

207 1239 138 26 presterskap
361 1239 56 22 inom
433 1240 32 26 sig
481 1241 68 20 röstat
564 1239 28 26 pä
607 1242 82 23 trenne,
705 1240 39 21 och
758 1240 118 27 Uleäborgs
889 1240 45 21 läns
943 1242 92 24 prester-

207 1267 54 26 skap
284 1267 102 22 likaledes
409 1268 27 27 pä
459 1270 81 23 trenne,
563 1275 48 14 men
632 1268 124 27 arfvodena,
772 1269 72 20 hvilka
859 1269 56 20 inom
931 1269 105 21 hvardera

207 1295 111 22 stifsdelen
333 1296 68 21 mäste
417 1297 105 20 beräknas
538 1297 44 20 lika
597 1297 33 21 för
645 1297 74 26 hvarje
736 1297 95 21 derinom
847 1297 48 21 vald
911 1297 124 27 deputerad,

206 1325 36 20 vid
266 1325 25 21 de
311 1325 124 26 prosterivis
451 1325 106 21 anställda
573 1325 64 21 valen
650 1326 47 21 icke
712 1325 70 21 blifvit
794 1326 32 21 till
838 1325 110 22 enahanda
959 1326 76 26 belopp

207 1352 122 26 bestämda;
352 1354 93 20 varande
467 1354 69 20 denna
559 1354 82 21 olikhet
663 1354 122 26 isynnerhet
807 1354 101 21 märkbar
923 1354 56 20 inom
996 1354 40 20 den

206 1381 151 27 Uleäborgska
372 1382 61 21 delen
449 1382 24 21 af
486 1382 74 21 stiftet.

277 1439 29 20 Af
320 1439 26 20 de
361 1439 98 26 bilaggda
475 1439 170 26 valprotokollen
661 1439 38 21 har
714 1439 112 25 utskottet,
843 1439 64 21 bland
923 1440 71 25 annat,
1005 1439 31 21 in-

206 1467 93 22 hemtat:
321 1469 38 24 att,
381 1467 55 21 hvad
459 1467 83 27 Kuopio
567 1467 46 22 läns
636 1468 63 21 andel
720 1467 107 27 beträffar,
852 1468 4 21 i
872 1468 165 26 domprosteriet

206 1495 204 28 landtdagsarvodet
432 1496 104 21 bestämts
557 1496 33 21 till
611 1498 75 19 sexton
701 1497 61 20 mark
778 1503 34 14 om
829 1497 74 26 dagen,
920 1496 54 21 dock
988 1497 49 20 med

206 1524 70 21 vilkor
291 1526 32 19 att
338 1525 136 20 underordna
490 1525 69 21 denna
574 1525 135 26 bestämning
723 1525 105 21 flertalets
844 1525 76 26 beslut,
932 1531 34 15 om
978 1525 58 22 detta
