1109 1795
212 150 41 21 178
421 153 167 19 Presteständet.
613 154 56 17 1867.
695 154 12 17 6
720 154 61 16 Mars.

251 241 92 22 Prosten
366 241 83 26 Hjelt
471 241 93 26 föreslog
587 240 33 21 till
639 239 70 22 denna
724 239 12 28 &
752 240 31 20 ett
798 239 117 26 sälydande
930 238 83 26 tillägg:

183 287 11 8 ,
197 270 87 21 Samma
306 269 117 27 stadgande
446 269 55 26 gälle
525 268 62 21 äfven
607 275 33 14 om
657 270 41 25 ägg
713 268 39 21 och
768 273 68 21 ungar
852 267 23 22 af
888 267 43 22 alla
944 266 71 27 foglar

181 299 74 21 hvilka
269 297 47 22 icke
332 298 33 21 till
381 297 116 27 skadedjur
512 296 98 22 räknas*.

251 355 141 27 Vicepastorn
408 353 132 22 Putkonen
550 353 95 27 föreslog
654 353 95 28 följande
759 353 122 21 redaktion:
893 352 58 28 ,Agg
962 352 53 21 eller

181 389 70 21 ungar
266 383 23 21 af
302 382 105 26 vildbräd,
423 389 46 15 som
485 382 65 26 enligt
566 383 11 25 $
594 383 24 20 11
635 382 86 27 fridlyst
736 383 29 24 är,
783 383 56 20 samt
854 380 23 21 af
890 381 60 26 fogel,
968 387 44 15 som

181 413 8 21 i
205 412 12 28 8
233 413 13 21 2
262 418 63 15 mom.
341 411 14 21 b
379 411 18 27 ej
413 411 67 21 finnes
495 411 133 27 uppräknad,
644 410 36 22 mä
695 410 46 22 icke
757 416 26 15 ur
798 410 27 21 bo
837 411 61 25 tagas
908 409 51 22 eller
970 409 42 21 för-

182 441 89 21 störas”.
304 440 131 26 Härigenom
457 440 104 21 bereddes
583 440 35 20 väl
641 440 61 20 äfven
725 439 68 26 skydd
814 438 34 21 för
871 438 78 21 kråkor
972 438 40 20 och

183 469 80 26 skator,
286 475 49 15 men
355 469 71 20 deruti
441 468 48 27 läge
504 468 18 27 ej
538 467 67 27 nägot
619 467 59 27 ondt,
695 469 52 20 enär
762 467 26 21 de
803 467 107 21 förstörde
925 466 87 21 masken

182 497 28 28 pä
225 499 96 25 ängarna
336 503 34 15 om
386 496 72 22 vären.
489 496 90 21 Talaren
595 495 72 28 ansäg
677 495 84 22 derföre
777 497 32 20 att
825 495 25 21 de
866 495 66 21 borde
948 494 63 27 skyd-

183 527 38 20 das
242 526 43 21 tills
301 526 25 21 de
342 525 85 21 komme
442 525 28 26 pä
485 525 108 26 vingarne,
609 524 24 21 sä
648 525 86 26 mycket
748 530 46 15 mer
809 530 46 15 som
871 523 141 27 plundringen

183 555 22 21 af
219 555 63 20 deras
294 554 43 21 bon
351 553 74 28 gjorde
441 553 132 27 ungdomens
589 553 74 21 sinnen
678 559 102 20 grymma.

251 611 155 26 Kyrkoherden
429 610 75 21 Roos
526 609 123 22 förklarade
672 610 32 26 sig
727 609 50 27 nöjd
799 609 49 21 med
871 609 80 21 hvilket
966 615 44 15 som

182 639 57 22 helst
254 639 23 22 af
291 639 26 22 de
332 641 33 19 tre
381 638 238 27 redaktionsförslagen,
635 644 50 15 men
699 638 47 21 icke
761 637 49 22 med
823 637 41 22 den
876 637 77 26 nädiga
963 643 48 20 pro-

182 668 139 27 posititionen
337 667 52 21 eller
401 667 118 21 utskottets
530 667 143 25 betänkande,
685 667 88 20 emedan
783 672 77 21 genom
871 666 61 21 dessa
942 665 68 27 skydd

182 696 105 22 bereddes
303 695 61 22 äfven
380 695 23 21 ät
418 697 40 25 ägg
474 695 39 22 och
528 701 68 21 ungar
611 695 24 21 af
648 695 107 26 roffäglar.

251 752 208 26 Kontraktsprosten
479 751 78 22 doktor
572 751 91 22 Hellön
678 751 86 27 yttrade
779 752 32 20 att
827 751 94 21 hvarken
936 751 74 26 styrel-

183 787 36 16 sen
236 781 51 21 eller
303 781 105 21 utskottet
423 781 56 20 varit
493 780 109 21 känslolös
617 780 34 21 för
666 780 27 21 de
709 779 45 22 smä
767 779 103 26 foglarne,
882 785 48 15 men
940 781 71 19 ansett

183 812 32 19 att
231 816 81 15 samma
327 809 92 26 välvilja,
434 815 45 15 som
495 809 70 21 hittils
577 809 92 26 skyddat
680 809 55 25 dem,
747 807 62 22 äfven
819 807 113 22 framdeles
943 807 68 22 skulle

182 838 91 21 fortfara
288 838 39 21 och
342 838 93 21 tillväxa.
466 837 80 21 Gossar
562 837 71 20 kunde
649 837 34 21 väl
698 837 65 26 fånga
778 836 70 27 någon
861 836 84 27 talgoxe
956 838 55 19 samt

182 867 83 20 klättra
282 873 43 20 upp
341 866 40 21 och
396 866 49 21 titta
460 866 7 21 i
482 865 65 27 nägot
563 865 26 21 bo
606 865 40 21 och
661 867 51 25 taga
727 867 32 19 ett
774 865 53 21 eller
843 866 65 20 annat
924 866 39 25 ägg
978 864 32 21 för

183 895 46 21 sina
245 895 120 26 samlingar,
382 900 48 15 men
445 894 65 27 något
526 894 53 21 ondt
593 894 50 21 ville
654 894 26 21 de
691 894 19 27 ej
722 894 82 26 tillfoga
815 893 25 21 de
851 893 45 21 små
907 893 103 26 foglarna.

182 923 99 21 Doktorn
296 923 76 21 trodde
388 925 32 19 att
435 923 81 26 knappt
532 929 26 14 en
573 922 24 21 af
610 923 90 20 tusende
713 923 74 21 mistat
797 921 60 22 lifvet
867 927 75 21 genom
953 927 57 16 men-

181 951 128 22 niskohand.
338 951 39 21 Ett
400 951 95 26 exempel
517 951 68 26 härpä
608 957 50 15 vore
681 951 105 25 svalorna,
809 956 46 15 som
875 950 87 21 fredade
977 949 35 22 för

182 980 73 27 hvarje
278 980 49 21 välä
342 980 70 21 bodde
427 980 68 21 under
510 979 52 21 vära
577 979 43 22 tak.
652 979 143 27 Lagstiftning
810 985 51 15 vore
876 979 7 20 i
898 979 60 21 detta
972 979 38 20 fall

182 1009 85 25 onödig.
297 1008 42 21 Det
354 1008 71 27 gällde
440 1008 56 21 blott
511 1009 33 20 att
560 1008 58 27 tygla
633 1009 131 26 egennyttan
779 1008 6 21 i
802 1007 36 22 det
850 1007 37 22 fall
899 1008 33 20 att
942 1009 67 24 äggen

181 1043 51 15 vore
247 1037 138 26 matdugliga.

250 1093 91 22 Prosten
365 1093 77 22 doktor
464 1093 95 27 Bergh
575 1093 144 21 understödde
734 1094 89 25 prosten
838 1093 69 26 Hjelts
922 1092 87 27 förslag,

181 1128 48 15 men
249 1121 65 28 ansäg
329 1123 32 20 att
376 1121 138 27 gräsparfven
529 1122 67 21 borde
611 1121 48 22 frän
674 1121 91 28 skyddet
780 1122 140 26 undantagas.
950 1121 60 20 Dock

182 1151 94 20 önskade
299 1151 92 20 doktorn
413 1152 32 19 ett
465 1151 73 26 tillägg
554 1150 33 21 till
603 1151 70 20 denna
694 1150 5 27 $
715 1157 35 14 om
765 1150 110 26 undantag
889 1149 34 22 för
938 1151 70 20 veten-

181 1179 98 26 skapliga
294 1178 106 21 ändamål.

250 1235 140 27 Vicepastorn
408 1235 143 22 Putkonen
567 1235 102 22 förenade
685 1236 31 25 sig
731 1235 49 22 med
796 1235 78 21 doktor
889 1235 69 26 Bergh
974 1241 34 15 om

180 1264 110 26 undantag
305 1264 33 21 för
353 1264 160 27 vetenskapliga
528 1263 106 25 ändamål,
650 1270 48 15 men
710 1263 66 27 ansåg
786 1265 32 20 att
829 1263 62 21 äfven
901 1263 108 27 gråsparf-

180 1298 40 15 ven
239 1292 66 21 borde
321 1292 94 27 skyddas
430 1293 67 20 under
512 1292 168 27 parningstiden.
711 1292 90 21 Talaren
816 1291 84 28 yttrade
916 1291 36 22 det
968 1292 41 21 alla

179 1320 46 22 icke
249 1327 50 15 vore
321 1321 43 20 lika
380 1321 91 26 lyckliga
485 1321 7 20 i
508 1321 32 21 sin
557 1321 122 21 erfarenhet
695 1327 33 15 om
743 1326 86 21 gossars
844 1320 128 27 behandling
988 1320 22 22 af

179 1348 46 21 små
241 1348 68 27 foglar
325 1354 45 16 som
386 1349 78 21 doktor
479 1349 82 21 Hellén.
592 1348 33 22 På
640 1349 78 27 många
733 1351 59 19 orter
804 1354 51 16 vore
866 1348 143 22 förhållandet

179 1377 141 26 annorlunda,
343 1377 38 21 och
407 1379 31 20 ett
460 1378 111 21 uttalande
591 1378 7 20 i
619 1378 64 26 lagen
705 1377 24 22 af
749 1377 69 28 skydd
836 1376 34 22 för
884 1376 43 22 alla
942 1377 67 21 andra

179 1405 69 27 foglar
264 1407 27 19 än
307 1405 100 27 roffoglar
423 1412 49 15 vore
487 1406 136 27 välgörande.

188 1490 3 4 N
249 1462 90 21 Prosten
362 1462 142 21 Borenius
523 1463 76 21 trodde
615 1464 32 20 att
663 1464 31 20 ett
709 1463 111 26 undantag
835 1462 33 21 för
884 1462 124 27 vetenskap-

178 1491 43 26 liga
237 1490 99 21 ändamål
351 1490 69 22 skulle
436 1490 114 22 framkalla
566 1491 44 21 lika
625 1491 78 27 många
718 1491 186 26 vetenskapsmän,
917 1497 45 15 som
973 1491 35 21 det

177 1518 77 22 funnes
271 1519 127 26 skolgossar.
