1109 1795
207 118 41 21 182
418 120 167 19 Presteständet.
611 120 54 17 1867.
691 120 12 17 6
715 120 62 17 Mars.

177 209 46 26 ligt,
247 208 91 22 emedan
359 213 50 16 man
432 207 69 21 skulle
523 206 82 27 nögdas
627 206 70 21 vända
717 206 32 26 sig
763 206 34 21 till
812 206 74 21 trettio
902 211 106 22 personer.

178 237 43 22 För
236 237 131 21 kommunen
382 235 71 22 kunde
469 235 29 21 all
514 234 216 22 öfverenskommelse
745 234 123 22 förhindras
881 235 129 26 derigenom,

179 268 33 19 att
227 265 68 26 några
310 266 56 20 satte
382 265 31 26 sig
429 264 104 21 deremot.
563 263 172 26 Lagstiftningen
750 263 67 21 borde
833 263 85 21 derföre
933 263 4 21 i
946 263 64 21 detta

179 294 39 21 fall
233 293 131 22 tillerkänna
379 293 137 27 pluraliteten
531 293 45 20 rätt
591 293 32 20 att
639 291 90 22 besluta.
759 291 11 21 I
785 291 99 22 afseende
898 291 12 22 ä
921 291 90 22 böterna

178 322 103 23 förenade
304 322 32 27 sig
357 322 83 21 talaren
463 321 49 21 med
534 320 78 21 doktor
630 320 96 27 Lampön
741 319 40 22 och
797 320 74 27 öfriga,
888 326 44 15 som
948 320 63 27 yrkat

179 351 144 26 nedsättning.

250 407 208 27 Kontraktsprosten
475 406 77 22 doktor
567 405 92 23 Hellön
674 407 85 26 yttrade
775 408 40 24 att,
827 406 27 22 då
865 406 145 28 eganderätts-

181 437 110 27 principen
307 436 82 27 engäng
404 435 70 21 blifvit
491 437 98 24 antagen,
605 435 66 26 nägot
685 435 111 27 undantag
811 436 18 26 ej
841 436 66 21 borde
918 435 93 21 derifrän

181 467 65 25 göras
261 464 95 21 hvarken
371 464 34 21 för
420 465 31 20 ett
467 465 51 20 eller
533 465 66 19 annat
615 463 106 21 ändamäl.
751 463 48 22 Den
811 470 46 15 som
868 464 48 21 ville
924 463 49 27 jaga
983 463 28 28 pä

181 499 82 16 annans
285 493 68 25 mark,
369 493 71 20 kunde
456 493 80 26 begära
551 491 32 21 lof
597 491 23 22 af
635 498 83 20 egaren.
749 492 100 21 Doktorn
865 492 145 22 äterhemtade

181 523 37 20 sitt
233 521 60 22 förra
308 521 136 26 andragande
460 523 39 24 att,
516 521 26 20 dä
557 520 146 21 vitesböterne
714 520 34 21 för
759 521 138 26 begagnande
908 521 23 21 af
940 521 71 26 oloflig

181 550 99 27 gängstig
301 555 52 16 vore
375 550 28 21 20
418 549 33 21 till
467 550 27 21 40
510 549 67 26 mark,
594 549 37 21 det
646 549 24 20 af
683 549 106 22 utskottet
804 549 121 27 föreslagna
940 549 70 22 bötes-

180 579 103 27 beloppet
303 579 19 26 ej
342 585 51 14 vore
408 578 33 21 för
456 578 58 27 högt,
530 577 89 22 emedan
635 577 82 27 olofligt
729 578 92 26 jagande
838 578 131 21 innefattade
984 584 26 15 en

181 607 79 22 dubbel
275 607 134 27 förbrytelse.

251 664 94 21 Lektorn
366 663 77 21 doktor
459 663 122 26 Lamp6n
597 663 112 21 anmärkte
725 665 45 18 mot
786 663 78 21 doktor
878 663 83 25 Hellen,
978 665 32 19 att

182 693 37 21 det
233 699 51 14 vore
300 694 46 19 stor
361 692 83 21 skilnad
460 692 90 20 emellan
566 693 33 19 att
613 691 24 21 af
651 691 83 26 okynne
749 693 54 25 göra
817 691 123 27 gängstigar
951 691 59 21 öfver

182 721 77 22 odlade
275 727 52 20 egor
342 721 40 20 och
397 722 32 19 att
445 719 97 28 olofligen
554 720 51 26 jaga
620 720 7 21 i
643 720 86 26 skogen.
760 720 167 27 Bötesbeloppet
942 720 66 21 borde

183 750 84 21 derföre
282 750 7 20 i
305 749 37 21 det
357 755 74 15 senare
447 749 60 20 fallet
522 755 51 14 vara
589 748 89 21 mindre,

251 806 144 26 Domprosten
417 805 77 21 doktor
515 805 70 26 Borg
600 805 99 21 biträdde
716 805 78 21 doktor
809 805 106 26 Lampöns
930 805 79 26 förslag

182 835 110 27 angäende
315 834 136 26 nedsättning
473 833 23 21 af
517 834 70 26 lägsta
609 833 163 27 bötesbeloppet
787 833 32 21 till
837 835 26 20 10
878 833 67 23 mark,
961 840 48 15 men

183 863 105 27 afstyrkte
311 863 77 21 doktor
410 862 81 27 Berghs
513 862 94 27 yrkande
630 864 33 19 att
685 862 88 26 tillägga
795 863 31 20 ett
842 862 116 27 stadgande
975 869 34 14 om

182 892 112 21 bildandet
314 891 23 21 af
352 891 169 27 jagtföreningar
541 891 1 20 i
558 891 155 20 kommunerna
729 891 66 26 enligt
809 891 148 26 pluralitetens
973 891 36 21 be-

183 921 49 21 slut.
263 919 112 28 Ingenting
395 925 50 15 vore
465 921 61 19 värre
542 921 26 19 än
584 921 32 19 att
631 919 8 21 i
654 919 132 26 lagstiftning
801 919 27 27 gå
843 920 72 25 längre
931 921 27 19 än
973 919 36 21 det

183 948 110 22 behöfdes.
323 948 30 27 Ty
376 948 36 21 det
434 954 50 15 vore
507 948 91 21 solklart
620 949 33 20 att
668 948 38 20 der
722 947 214 22 öfverenskommelse
952 948 56 21 inom

182 978 129 21 kommunen
331 976 91 25 träffats,
438 977 37 20 der
490 982 50 15 vore
552 976 82 27 jagten,
649 977 57 20 inom
721 978 117 25 gränserna
854 977 32 20 för
902 976 106 21 öfverens-

183 1005 137 25 kommelsen,
337 1005 18 27 ej
371 1005 76 26 olofiig.

251 1062 207 26 Kontraktsprosten
482 1061 77 22 doktor
581 1061 105 22 Hellön
702 1062 55 25 ville,
773 1062 7 21 i
795 1061 99 22 afseende
910 1061 13 21 &
938 1062 70 20 bötes-

182 1091 107 26 beloppet,
311 1092 57 19 ännu
388 1091 89 26 tillägga
491 1092 33 19 att
537 1090 102 27 jagandet
654 1090 27 27 pä
697 1091 78 20 andras
790 1090 60 21 mark
866 1091 70 20 kunde
952 1091 56 20 med-

182 1120 48 21 föra
253 1119 72 26 skada,
347 1120 6 21 i
369 1119 36 21 det
421 1119 162 26 förladdningen
598 1119 71 20 kunde
685 1119 94 21 antända
794 1119 86 27 skogen,
896 1119 112 20 hvarutom

180 1150 75 25 jägare
275 1147 62 22 äfven
357 1147 90 27 plägade
469 1149 95 25 uppgöra
580 1147 40 26 eld,
637 1153 46 15 som
698 1154 76 20 genom
790 1147 134 22 värdslöshet
938 1147 70 21 kunde

181 1177 94 21 utbreda
297 1177 36 26 sig.
363 1176 134 26 Jordägaren
520 1176 67 21 borde
603 1175 84 22 derföre
703 1178 54 23 veta,
773 1176 63 21 hvem
852 1182 44 15 som
909 1176 77 27 jagade
1002 1176 7 21 i

181 1205 54 21 hans
256 1205 59 26 skog,
336 1205 39 21 och
390 1204 62 21 böter
468 1204 22 21 af
505 1205 26 20 20
546 1205 62 20 mark
624 1205 33 20 för
673 1205 82 26 olofligt
767 1205 93 26 jagande
876 1211 49 14 vore
940 1205 19 26 ej
975 1205 34 20 för

182 1233 90 27 mycket.

251 1290 140 26 Vicepastorn
411 1289 152 22 Putkonen
582 1290 81 21 vidblef
679 1290 38 21 sitt
731 1290 60 21 förra
805 1290 95 27 yrkande
916 1290 27 26 pä
958 1291 51 20 nöd-

181 1318 142 27 vändigheten
346 1320 32 19 att
394 1318 99 21 nedsätta
508 1318 163 27 bötesbeloppet
687 1320 55 19 samt
758 1319 65 26 ansäg
839 1319 40 20 den
895 1318 23 21 af
932 1319 76 21 doktor

181 1346 78 21 Hellen
273 1346 125 26 uppdragna
411 1346 136 26 jemförelsen
563 1347 48 20 med
626 1346 102 26 beloppet
743 1347 23 21 af
779 1347 117 21 vitesböter
911 1346 33 21 för
956 1347 52 21 olof-

181 1374 39 27 ligt
238 1374 82 27 gäende
337 1374 58 21 öfver
411 1375 76 21 andras
504 1374 60 22 mark
580 1375 18 26 ej
616 1381 39 20 ega
669 1375 156 27 tillämplighet,
842 1375 40 21 och
898 1376 110 21 anmärkte

181 1405 32 19 att
228 1404 62 26 lagen
306 1403 102 26 stadgade
424 1403 65 21 skildt
505 1409 76 15 ansvar
596 1403 33 21 för
644 1403 130 22 anstiftande
790 1404 23 21 af
826 1404 106 26 skogseld.

250 1460 70 22 Sedan
336 1460 147 21 diskussionen
498 1460 117 21 förklarats
631 1461 99 25 afslutad,
747 1460 133 22 framställde
896 1460 49 21 herr
956 1461 52 20 tale-

179 1494 91 16 mannen
285 1489 94 26 följande
395 1489 287 26 omröstningsproposition:
