<?xml version="1.0" encoding="UTF-8"?>
<alto xmlns="http://www.loc.gov/standards/alto/ns-v3#" xmlns:xlink="http://www.w3.org/1999/xlink" xmlns:xsi="http://www.w3.org/2001/XMLSchema-instance" xsi:schemaLocation="http://www.loc.gov/standards/alto/ns-v3# http://www.loc.gov/alto/v3/alto-3-0.xsd">
	<Description>
		<MeasurementUnit>pixel</MeasurementUnit>
		<sourceImageInformation>
			<fileName>/tmp/tess_gigq2c9r_input.PNG</fileName>
		</sourceImageInformation>
		<OCRProcessing ID="OCR_0">
			<ocrProcessingStep>
				<processingSoftware>
					<softwareName>tesseract 5.3.4</softwareName>
				</processingSoftware>
			</ocrProcessingStep>
		</OCRProcessing>
	</Description>
	<Layout>
		<Page WIDTH="1109" HEIGHT="1795" PHYSICAL_IMG_NR="0" ID="page_0">
			<PrintSpace HPOS="0" VPOS="0" WIDTH="1109" HEIGHT="1795">
				<ComposedBlock ID="cblock_0" HPOS="341" VPOS="106" WIDTH="575" HEIGHT="25">
					<TextBlock ID="block_0" HPOS="341" VPOS="106" WIDTH="575" HEIGHT="25">
						<TextLine ID="line_0" HPOS="341" VPOS="106" WIDTH="575" HEIGHT="25">
							<String ID="string_0" HPOS="341" VPOS="109" WIDTH="167" HEIGHT="18" WC="0.91" CONTENT="Presteständet."/><SP WIDTH="25" VPOS="109" HPOS="508"/>
							<String ID="string_1" HPOS="533" VPOS="110" WIDTH="57" HEIGHT="17" WC="0.95" CONTENT="1867."/><SP WIDTH="24" VPOS="110" HPOS="590"/>
							<String ID="string_2" HPOS="614" VPOS="110" WIDTH="9" HEIGHT="16" WC="0.81" CONTENT="3"/><SP WIDTH="13" VPOS="110" HPOS="623"/>
							<String ID="string_3" HPOS="636" VPOS="110" WIDTH="65" HEIGHT="21" WC="0.96" CONTENT="April."/><SP WIDTH="173" VPOS="110" HPOS="701"/>
							<String ID="string_4" HPOS="874" VPOS="106" WIDTH="42" HEIGHT="20" WC="0.96" CONTENT="423"/>
						</TextLine>
					</TextBlock>
				</ComposedBlock>
				<GraphicalElement ID="cblock_1" HPOS="125" VPOS="147" WIDTH="820" HEIGHT="8"></GraphicalElement >
				<ComposedBlock ID="cblock_2" HPOS="112" VPOS="194" WIDTH="834" HEIGHT="1327">
					<TextBlock ID="block_1" HPOS="112" VPOS="194" WIDTH="834" HEIGHT="1327">
						<TextLine ID="line_1" HPOS="117" VPOS="194" WIDTH="828" HEIGHT="28">
							<String ID="string_5" HPOS="117" VPOS="195" WIDTH="25" HEIGHT="22" WC="0.96" CONTENT="sä"/><SP WIDTH="14" VPOS="195" HPOS="142"/>
							<String ID="string_6" HPOS="156" VPOS="197" WIDTH="33" HEIGHT="20" WC="0.96" CONTENT="att"/><SP WIDTH="13" VPOS="197" HPOS="189"/>
							<String ID="string_7" HPOS="202" VPOS="196" WIDTH="37" HEIGHT="26" WC="0.96" CONTENT="jag"/><SP WIDTH="14" VPOS="196" HPOS="239"/>
							<String ID="string_8" HPOS="253" VPOS="196" WIDTH="7" HEIGHT="20" WC="0.93" CONTENT="i"/><SP WIDTH="15" VPOS="196" HPOS="260"/>
							<String ID="string_9" HPOS="275" VPOS="195" WIDTH="67" HEIGHT="21" WC="0.96" CONTENT="likhet"/><SP WIDTH="15" VPOS="195" HPOS="342"/>
							<String ID="string_10" HPOS="357" VPOS="195" WIDTH="47" HEIGHT="21" WC="0.93" CONTENT="med"/><SP WIDTH="17" VPOS="195" HPOS="404"/>
							<String ID="string_11" HPOS="421" VPOS="195" WIDTH="49" HEIGHT="21" WC="0.97" CONTENT="herr"/><SP WIDTH="15" VPOS="195" HPOS="470"/>
							<String ID="string_12" HPOS="485" VPOS="195" WIDTH="203" HEIGHT="25" WC="0.96" CONTENT="kontraktsprosten"/><SP WIDTH="17" VPOS="195" HPOS="688"/>
							<String ID="string_13" HPOS="705" VPOS="194" WIDTH="59" HEIGHT="21" WC="0.94" CONTENT="Sirén"/><SP WIDTH="15" VPOS="194" HPOS="764"/>
							<String ID="string_14" HPOS="779" VPOS="195" WIDTH="57" HEIGHT="21" WC="0.96" CONTENT="helst"/><SP WIDTH="8" VPOS="195" HPOS="836"/>
							<String ID="string_15" HPOS="844" VPOS="195" WIDTH="70" HEIGHT="22" WC="0.95" CONTENT="skulle"/><SP WIDTH="8" VPOS="195" HPOS="914"/>
							<String ID="string_16" HPOS="922" VPOS="202" WIDTH="23" HEIGHT="15" WC="0.95" CONTENT="se"/>
						</TextLine>
						<TextLine ID="line_2" HPOS="117" VPOS="223" WIDTH="827" HEIGHT="28">
							<String ID="string_17" HPOS="117" VPOS="226" WIDTH="33" HEIGHT="20" WC="0.93" CONTENT="att"/><SP WIDTH="15" VPOS="226" HPOS="150"/>
							<String ID="string_18" HPOS="165" VPOS="223" WIDTH="126" HEIGHT="28" WC="0.92" CONTENT="paragrafen"/><SP WIDTH="16" VPOS="223" HPOS="291"/>
							<String ID="string_19" HPOS="307" VPOS="223" WIDTH="116" HEIGHT="21" WC="0.92" CONTENT="afslutades"/><SP WIDTH="15" VPOS="223" HPOS="423"/>
							<String ID="string_20" HPOS="438" VPOS="223" WIDTH="48" HEIGHT="21" WC="0.96" CONTENT="med"/><SP WIDTH="16" VPOS="223" HPOS="486"/>
							<String ID="string_21" HPOS="502" VPOS="223" WIDTH="41" HEIGHT="20" WC="0.93" CONTENT="den"/><SP WIDTH="16" VPOS="223" HPOS="543"/>
							<String ID="string_22" HPOS="559" VPOS="223" WIDTH="58" HEIGHT="20" WC="0.92" CONTENT="förra"/><SP WIDTH="16" VPOS="223" HPOS="617"/>
							<String ID="string_23" HPOS="633" VPOS="223" WIDTH="68" HEIGHT="25" WC="0.93" CONTENT="delen,"/><SP WIDTH="17" VPOS="223" HPOS="701"/>
							<String ID="string_24" HPOS="718" VPOS="223" WIDTH="19" HEIGHT="20" WC="0.92" CONTENT="d."/><SP WIDTH="16" VPOS="223" HPOS="737"/>
							<String ID="string_25" HPOS="753" VPOS="229" WIDTH="18" HEIGHT="14" WC="0.96" CONTENT="v."/><SP WIDTH="14" VPOS="229" HPOS="771"/>
							<String ID="string_26" HPOS="785" VPOS="229" WIDTH="15" HEIGHT="14" WC="0.96" CONTENT="s."/><SP WIDTH="10" VPOS="229" HPOS="800"/>
							<String ID="string_27" HPOS="810" VPOS="223" WIDTH="49" HEIGHT="22" WC="0.92" CONTENT="med"/><SP WIDTH="9" VPOS="223" HPOS="859"/>
							<String ID="string_28" HPOS="868" VPOS="224" WIDTH="76" HEIGHT="21" WC="0.92" CONTENT="orden:"/>
						</TextLine>
						<TextLine ID="line_3" HPOS="118" VPOS="251" WIDTH="826" HEIGHT="28">
							<String ID="string_29" HPOS="118" VPOS="255" WIDTH="109" HEIGHT="24" WC="0.92" CONTENT="upptagna"/><SP WIDTH="14" VPOS="255" HPOS="227"/>
							<String ID="string_30" HPOS="241" VPOS="251" WIDTH="222" HEIGHT="26" WC="0.92" CONTENT="bekännelseskrifter,"/><SP WIDTH="18" VPOS="251" HPOS="463"/>
							<String ID="string_31" HPOS="481" VPOS="251" WIDTH="39" HEIGHT="21" WC="0.96" CONTENT="och"/><SP WIDTH="16" VPOS="251" HPOS="520"/>
							<String ID="string_32" HPOS="536" VPOS="253" WIDTH="33" HEIGHT="19" WC="0.96" CONTENT="att"/><SP WIDTH="16" VPOS="253" HPOS="569"/>
							<String ID="string_33" HPOS="585" VPOS="251" WIDTH="40" HEIGHT="20" WC="0.96" CONTENT="den"/><SP WIDTH="16" VPOS="251" HPOS="625"/>
							<String ID="string_34" HPOS="641" VPOS="257" WIDTH="75" HEIGHT="15" WC="0.96" CONTENT="senare"/><SP WIDTH="16" VPOS="257" HPOS="716"/>
							<String ID="string_35" HPOS="732" VPOS="251" WIDTH="60" HEIGHT="21" WC="0.96" CONTENT="delen"/><SP WIDTH="11" VPOS="251" HPOS="792"/>
							<String ID="string_36" HPOS="803" VPOS="252" WIDTH="70" HEIGHT="21" WC="0.92" CONTENT="skulle"/><SP WIDTH="12" VPOS="252" HPOS="873"/>
							<String ID="string_37" HPOS="885" VPOS="252" WIDTH="59" HEIGHT="26" WC="0.92" CONTENT="utgä."/>
						</TextLine>
						<TextLine ID="line_4" HPOS="118" VPOS="279" WIDTH="826" HEIGHT="27">
							<String ID="string_38" HPOS="118" VPOS="281" WIDTH="79" HEIGHT="21" WC="0.92" CONTENT="Senare"/><SP WIDTH="21" VPOS="281" HPOS="197"/>
							<String ID="string_39" HPOS="218" VPOS="280" WIDTH="61" HEIGHT="21" WC="0.93" CONTENT="delen"/><SP WIDTH="15" VPOS="280" HPOS="279"/>
							<String ID="string_40" HPOS="294" VPOS="282" WIDTH="103" HEIGHT="24" WC="0.91" CONTENT="upptager"/><SP WIDTH="16" VPOS="282" HPOS="397"/>
							<String ID="string_41" HPOS="413" VPOS="279" WIDTH="105" HEIGHT="27" WC="0.92" CONTENT="nemligen"/><SP WIDTH="17" VPOS="279" HPOS="518"/>
							<String ID="string_42" HPOS="535" VPOS="285" WIDTH="26" HEIGHT="15" WC="0.93" CONTENT="en"/><SP WIDTH="16" VPOS="285" HPOS="561"/>
							<String ID="string_43" HPOS="577" VPOS="279" WIDTH="90" HEIGHT="26" WC="0.92" CONTENT="sanning"/><SP WIDTH="15" VPOS="279" HPOS="667"/>
							<String ID="string_44" HPOS="682" VPOS="279" WIDTH="53" HEIGHT="21" WC="0.92" CONTENT="ifrän"/><SP WIDTH="17" VPOS="279" HPOS="735"/>
							<String ID="string_45" HPOS="752" VPOS="279" WIDTH="192" HEIGHT="22" WC="0.91" CONTENT="bekännelseskrif-"/>
						</TextLine>
						<TextLine ID="line_5" HPOS="118" VPOS="307" WIDTH="826" HEIGHT="28">
							<String ID="string_46" HPOS="118" VPOS="311" WIDTH="62" HEIGHT="18" WC="0.96" CONTENT="terna"/><SP WIDTH="23" VPOS="311" HPOS="180"/>
							<String ID="string_47" HPOS="203" VPOS="308" WIDTH="39" HEIGHT="21" WC="0.93" CONTENT="och"/><SP WIDTH="15" VPOS="308" HPOS="242"/>
							<String ID="string_48" HPOS="257" VPOS="308" WIDTH="122" HEIGHT="21" WC="0.96" CONTENT="framhåller"/><SP WIDTH="16" VPOS="308" HPOS="379"/>
							<String ID="string_49" HPOS="395" VPOS="308" WIDTH="128" HEIGHT="21" WC="0.94" CONTENT="densamma."/><SP WIDTH="32" VPOS="308" HPOS="523"/>
							<String ID="string_50" HPOS="555" VPOS="307" WIDTH="66" HEIGHT="20" WC="0.96" CONTENT="Detta"/><SP WIDTH="16" VPOS="307" HPOS="621"/>
							<String ID="string_51" HPOS="637" VPOS="308" WIDTH="43" HEIGHT="20" WC="0.67" CONTENT="är"/><SP WIDTH="-6" VPOS="308" HPOS="680"/>
							<String ID="string_52" HPOS="674" VPOS="303" WIDTH="12" HEIGHT="36" WC="0.96" CONTENT="i"/><SP WIDTH="11" VPOS="303" HPOS="686"/>
							<String ID="string_53" HPOS="697" VPOS="307" WIDTH="35" HEIGHT="21" WC="0.96" CONTENT="det"/><SP WIDTH="15" VPOS="307" HPOS="732"/>
							<String ID="string_54" HPOS="747" VPOS="307" WIDTH="48" HEIGHT="21" WC="0.96" CONTENT="hela"/><SP WIDTH="16" VPOS="307" HPOS="795"/>
							<String ID="string_55" HPOS="811" VPOS="315" WIDTH="24" HEIGHT="14" WC="0.93" CONTENT="en"/><SP WIDTH="17" VPOS="315" HPOS="835"/>
							<String ID="string_56" HPOS="852" VPOS="315" WIDTH="92" HEIGHT="20" WC="0.92" CONTENT="upprep-"/>
						</TextLine>
						<TextLine ID="line_6" HPOS="118" VPOS="336" WIDTH="826" HEIGHT="27">
							<String ID="string_57" HPOS="118" VPOS="337" WIDTH="55" HEIGHT="26" WC="0.96" CONTENT="ning,"/><SP WIDTH="24" VPOS="337" HPOS="173"/>
							<String ID="string_58" HPOS="197" VPOS="342" WIDTH="48" HEIGHT="15" WC="0.93" CONTENT="men"/><SP WIDTH="20" VPOS="342" HPOS="245"/>
							<String ID="string_59" HPOS="265" VPOS="336" WIDTH="81" HEIGHT="21" WC="0.91" CONTENT="kanske"/><SP WIDTH="22" VPOS="336" HPOS="346"/>
							<String ID="string_60" HPOS="368" VPOS="342" WIDTH="25" HEIGHT="15" WC="0.93" CONTENT="en"/><SP WIDTH="16" VPOS="342" HPOS="393"/>
							<String ID="string_61" HPOS="409" VPOS="336" WIDTH="66" HEIGHT="21" WC="0.92" CONTENT="sädan"/><SP WIDTH="15" VPOS="336" HPOS="475"/>
							<String ID="string_62" HPOS="490" VPOS="336" WIDTH="135" HEIGHT="26" WC="0.90" CONTENT="upprepning"/><SP WIDTH="16" VPOS="336" HPOS="625"/>
							<String ID="string_63" HPOS="641" VPOS="337" WIDTH="24" HEIGHT="19" WC="0.93" CONTENT="är"/><SP WIDTH="15" VPOS="337" HPOS="665"/>
							<String ID="string_64" HPOS="680" VPOS="336" WIDTH="125" HEIGHT="25" WC="0.92" CONTENT="nödvändig,"/><SP WIDTH="18" VPOS="336" HPOS="805"/>
							<String ID="string_65" HPOS="823" VPOS="337" WIDTH="18" HEIGHT="26" WC="0.92" CONTENT="ej"/><SP WIDTH="17" VPOS="337" HPOS="841"/>
							<String ID="string_66" HPOS="858" VPOS="337" WIDTH="86" HEIGHT="22" WC="0.92" CONTENT="derföre"/>
						</TextLine>
						<TextLine ID="line_7" HPOS="118" VPOS="363" WIDTH="828" HEIGHT="28">
							<String ID="string_67" HPOS="118" VPOS="367" WIDTH="32" HEIGHT="18" WC="0.89" CONTENT="att"/><SP WIDTH="22" VPOS="367" HPOS="150"/>
							<String ID="string_68" HPOS="172" VPOS="365" WIDTH="46" HEIGHT="20" WC="0.93" CONTENT="icke"/><SP WIDTH="23" VPOS="365" HPOS="218"/>
							<String ID="string_69" HPOS="241" VPOS="365" WIDTH="53" HEIGHT="20" WC="0.74" CONTENT="1:sta"/><SP WIDTH="15" VPOS="365" HPOS="294"/>
							<String ID="string_70" HPOS="309" VPOS="364" WIDTH="126" HEIGHT="27" WC="0.96" CONTENT="paragrafen"/><SP WIDTH="16" VPOS="364" HPOS="435"/>
							<String ID="string_71" HPOS="451" VPOS="365" WIDTH="6" HEIGHT="20" WC="0.95" CONTENT="i"/><SP WIDTH="18" VPOS="365" HPOS="457"/>
							<String ID="string_72" HPOS="475" VPOS="365" WIDTH="53" HEIGHT="20" WC="0.93" CONTENT="1686"/><SP WIDTH="18" VPOS="365" HPOS="528"/>
							<String ID="string_73" HPOS="546" VPOS="364" WIDTH="35" HEIGHT="21" WC="0.95" CONTENT="års"/><SP WIDTH="16" VPOS="364" HPOS="581"/>
							<String ID="string_74" HPOS="597" VPOS="364" WIDTH="104" HEIGHT="26" WC="0.96" CONTENT="kyrkolag"/><SP WIDTH="16" VPOS="364" HPOS="701"/>
							<String ID="string_75" HPOS="717" VPOS="364" WIDTH="38" HEIGHT="21" WC="0.93" CONTENT="och"/><SP WIDTH="16" VPOS="364" HPOS="755"/>
							<String ID="string_76" HPOS="771" VPOS="363" WIDTH="58" HEIGHT="22" WC="0.96" CONTENT="förra"/><SP WIDTH="17" VPOS="363" HPOS="829"/>
							<String ID="string_77" HPOS="846" VPOS="365" WIDTH="61" HEIGHT="21" WC="0.95" CONTENT="delen"/><SP WIDTH="15" VPOS="365" HPOS="907"/>
							<String ID="string_78" HPOS="922" VPOS="365" WIDTH="24" HEIGHT="21" WC="0.97" CONTENT="af"/>
						</TextLine>
						<TextLine ID="line_8" HPOS="118" VPOS="392" WIDTH="824" HEIGHT="28">
							<String ID="string_79" HPOS="118" VPOS="393" WIDTH="126" HEIGHT="26" WC="0.92" CONTENT="paragrafen"/><SP WIDTH="16" VPOS="393" HPOS="244"/>
							<String ID="string_80" HPOS="260" VPOS="393" WIDTH="6" HEIGHT="20" WC="0.93" CONTENT="i"/><SP WIDTH="15" VPOS="393" HPOS="266"/>
							<String ID="string_81" HPOS="281" VPOS="393" WIDTH="102" HEIGHT="26" WC="0.92" CONTENT="förslaget"/><SP WIDTH="15" VPOS="393" HPOS="383"/>
							<String ID="string_82" HPOS="398" VPOS="393" WIDTH="67" HEIGHT="21" WC="0.93" CONTENT="skulle"/><SP WIDTH="16" VPOS="393" HPOS="465"/>
							<String ID="string_83" HPOS="481" VPOS="392" WIDTH="106" HEIGHT="22" WC="0.93" CONTENT="innefatta"/><SP WIDTH="16" VPOS="392" HPOS="587"/>
							<String ID="string_84" HPOS="603" VPOS="392" WIDTH="51" HEIGHT="22" WC="0.96" CONTENT="eller"/><SP WIDTH="9" VPOS="392" HPOS="654"/>
							<String ID="string_85" HPOS="663" VPOS="392" WIDTH="93" HEIGHT="21" WC="0.96" CONTENT="erkänna"/><SP WIDTH="11" VPOS="392" HPOS="756"/>
							<String ID="string_86" HPOS="767" VPOS="393" WIDTH="69" HEIGHT="20" WC="0.93" CONTENT="denna"/><SP WIDTH="11" VPOS="393" HPOS="836"/>
							<String ID="string_87" HPOS="847" VPOS="394" WIDTH="95" HEIGHT="26" WC="0.91" CONTENT="sanning,"/>
						</TextLine>
						<TextLine ID="line_9" HPOS="119" VPOS="420" WIDTH="823" HEIGHT="28">
							<String ID="string_88" HPOS="119" VPOS="424" WIDTH="51" HEIGHT="18" WC="0.92" CONTENT="utan"/><SP WIDTH="23" VPOS="424" HPOS="170"/>
							<String ID="string_89" HPOS="193" VPOS="421" WIDTH="85" HEIGHT="21" WC="0.91" CONTENT="derföre"/><SP WIDTH="22" VPOS="421" HPOS="278"/>
							<String ID="string_90" HPOS="300" VPOS="423" WIDTH="32" HEIGHT="19" WC="0.96" CONTENT="att"/><SP WIDTH="21" VPOS="423" HPOS="332"/>
							<String ID="string_91" HPOS="353" VPOS="422" WIDTH="40" HEIGHT="20" WC="0.93" CONTENT="den"/><SP WIDTH="16" VPOS="422" HPOS="393"/>
							<String ID="string_92" HPOS="409" VPOS="422" WIDTH="115" HEIGHT="26" WC="0.92" CONTENT="sanningen"/><SP WIDTH="16" VPOS="422" HPOS="524"/>
							<String ID="string_93" HPOS="540" VPOS="421" WIDTH="59" HEIGHT="26" WC="0.92" CONTENT="legat"/><SP WIDTH="16" VPOS="421" HPOS="599"/>
							<String ID="string_94" HPOS="615" VPOS="420" WIDTH="84" HEIGHT="21" WC="0.92" CONTENT="fördold"/><SP WIDTH="16" VPOS="420" HPOS="699"/>
							<String ID="string_95" HPOS="715" VPOS="420" WIDTH="32" HEIGHT="21" WC="0.96" CONTENT="för"/><SP WIDTH="14" VPOS="420" HPOS="747"/>
							<String ID="string_96" HPOS="761" VPOS="421" WIDTH="83" HEIGHT="26" WC="0.93" CONTENT="ganska"/><SP WIDTH="15" VPOS="421" HPOS="844"/>
							<String ID="string_97" HPOS="859" VPOS="422" WIDTH="83" HEIGHT="26" WC="0.93" CONTENT="mänga,"/>
						</TextLine>
						<TextLine ID="line_10" HPOS="118" VPOS="449" WIDTH="825" HEIGHT="26">
							<String ID="string_98" HPOS="118" VPOS="450" WIDTH="178" HEIGHT="25" WC="0.92" CONTENT="hufvudsakligen"/><SP WIDTH="15" VPOS="450" HPOS="296"/>
							<String ID="string_99" HPOS="311" VPOS="450" WIDTH="33" HEIGHT="20" WC="0.96" CONTENT="för"/><SP WIDTH="16" VPOS="450" HPOS="344"/>
							<String ID="string_100" HPOS="360" VPOS="450" WIDTH="53" HEIGHT="25" WC="0.96" CONTENT="dem,"/><SP WIDTH="18" VPOS="450" HPOS="413"/>
							<String ID="string_101" HPOS="431" VPOS="455" WIDTH="46" HEIGHT="15" WC="0.90" CONTENT="som"/><SP WIDTH="16" VPOS="455" HPOS="477"/>
							<String ID="string_102" HPOS="493" VPOS="449" WIDTH="19" HEIGHT="26" WC="0.92" CONTENT="ej"/><SP WIDTH="18" VPOS="449" HPOS="512"/>
							<String ID="string_103" HPOS="530" VPOS="449" WIDTH="96" HEIGHT="26" WC="0.91" CONTENT="begagna"/><SP WIDTH="16" VPOS="449" HPOS="626"/>
							<String ID="string_104" HPOS="642" VPOS="449" WIDTH="246" HEIGHT="21" WC="0.91" CONTENT="bekännelseskrifterna"/><SP WIDTH="16" VPOS="449" HPOS="888"/>
							<String ID="string_105" HPOS="904" VPOS="450" WIDTH="39" HEIGHT="20" WC="0.96" CONTENT="och"/>
						</TextLine>
						<TextLine ID="line_11" HPOS="118" VPOS="477" WIDTH="825" HEIGHT="27">
							<String ID="string_106" HPOS="118" VPOS="478" WIDTH="83" HEIGHT="21" WC="0.91" CONTENT="derföre"/><SP WIDTH="11" VPOS="478" HPOS="201"/>
							<String ID="string_107" HPOS="212" VPOS="478" WIDTH="92" HEIGHT="25" WC="0.92" CONTENT="beskyllt"/><SP WIDTH="17" VPOS="478" HPOS="304"/>
							<String ID="string_108" HPOS="321" VPOS="478" WIDTH="52" HEIGHT="21" WC="0.93" CONTENT="1686"/><SP WIDTH="16" VPOS="478" HPOS="373"/>
							<String ID="string_109" HPOS="389" VPOS="477" WIDTH="34" HEIGHT="21" WC="0.92" CONTENT="ärs"/><SP WIDTH="16" VPOS="477" HPOS="423"/>
							<String ID="string_110" HPOS="439" VPOS="477" WIDTH="105" HEIGHT="27" WC="0.92" CONTENT="kyrkolag"/><SP WIDTH="16" VPOS="477" HPOS="544"/>
							<String ID="string_111" HPOS="560" VPOS="479" WIDTH="32" HEIGHT="18" WC="0.93" CONTENT="att"/><SP WIDTH="16" VPOS="479" HPOS="592"/>
							<String ID="string_112" HPOS="608" VPOS="477" WIDTH="18" HEIGHT="26" WC="0.93" CONTENT="ej"/><SP WIDTH="17" VPOS="477" HPOS="626"/>
							<String ID="string_113" HPOS="643" VPOS="477" WIDTH="71" HEIGHT="21" WC="0.93" CONTENT="kunna"/><SP WIDTH="15" VPOS="477" HPOS="714"/>
							<String ID="string_114" HPOS="729" VPOS="477" WIDTH="61" HEIGHT="21" WC="0.92" CONTENT="bestä"/><SP WIDTH="15" VPOS="477" HPOS="790"/>
							<String ID="string_115" HPOS="805" VPOS="477" WIDTH="49" HEIGHT="21" WC="0.92" CONTENT="med"/><SP WIDTH="16" VPOS="477" HPOS="854"/>
							<String ID="string_116" HPOS="870" VPOS="477" WIDTH="73" HEIGHT="21" WC="0.92" CONTENT="skrift-"/>
						</TextLine>
						<TextLine ID="line_12" HPOS="117" VPOS="505" WIDTH="825" HEIGHT="28">
							<String ID="string_117" HPOS="117" VPOS="506" WIDTH="62" HEIGHT="27" WC="0.92" CONTENT="enlig,"/><SP WIDTH="24" VPOS="506" HPOS="179"/>
							<String ID="string_118" HPOS="203" VPOS="506" WIDTH="96" HEIGHT="21" WC="0.92" CONTENT="lefvande"/><SP WIDTH="21" VPOS="506" HPOS="299"/>
							<String ID="string_119" HPOS="320" VPOS="508" WIDTH="40" HEIGHT="23" WC="0.91" CONTENT="tro,"/><SP WIDTH="22" VPOS="508" HPOS="360"/>
							<String ID="string_120" HPOS="382" VPOS="507" WIDTH="52" HEIGHT="20" WC="0.92" CONTENT="utan"/><SP WIDTH="24" VPOS="507" HPOS="434"/>
							<String ID="string_121" HPOS="458" VPOS="505" WIDTH="57" HEIGHT="27" WC="0.91" CONTENT="hyllä"/><SP WIDTH="23" VPOS="505" HPOS="515"/>
							<String ID="string_122" HPOS="538" VPOS="505" WIDTH="149" HEIGHT="26" WC="0.91" CONTENT="symboltväng"/><SP WIDTH="16" VPOS="505" HPOS="687"/>
							<String ID="string_123" HPOS="703" VPOS="505" WIDTH="38" HEIGHT="20" WC="0.93" CONTENT="och"/><SP WIDTH="15" VPOS="505" HPOS="741"/>
							<String ID="string_124" HPOS="756" VPOS="505" WIDTH="57" HEIGHT="26" WC="0.91" CONTENT="gifva"/><SP WIDTH="15" VPOS="505" HPOS="813"/>
							<String ID="string_125" HPOS="828" VPOS="505" WIDTH="114" HEIGHT="28" WC="0.92" CONTENT="anledning"/>
						</TextLine>
						<TextLine ID="line_13" HPOS="117" VPOS="533" WIDTH="826" HEIGHT="28">
							<String ID="string_126" HPOS="117" VPOS="535" WIDTH="32" HEIGHT="20" WC="0.93" CONTENT="till"/><SP WIDTH="22" VPOS="535" HPOS="149"/>
							<String ID="string_127" HPOS="171" VPOS="534" WIDTH="150" HEIGHT="21" WC="0.91" CONTENT="orthodoxism."/><SP WIDTH="30" VPOS="534" HPOS="321"/>
							<String ID="string_128" HPOS="351" VPOS="535" WIDTH="41" HEIGHT="26" WC="0.96" CONTENT="Jag"/><SP WIDTH="21" VPOS="535" HPOS="392"/>
							<String ID="string_129" HPOS="413" VPOS="535" WIDTH="24" HEIGHT="20" WC="0.93" CONTENT="är"/><SP WIDTH="16" VPOS="535" HPOS="437"/>
							<String ID="string_130" HPOS="453" VPOS="534" WIDTH="131" HEIGHT="26" WC="0.86" CONTENT="öfvertygad,"/><SP WIDTH="17" VPOS="534" HPOS="584"/>
							<String ID="string_131" HPOS="601" VPOS="535" WIDTH="32" HEIGHT="19" WC="0.93" CONTENT="att"/><SP WIDTH="16" VPOS="535" HPOS="633"/>
							<String ID="string_132" HPOS="649" VPOS="533" WIDTH="151" HEIGHT="21" WC="0.92" CONTENT="redaktörerne"/><SP WIDTH="16" VPOS="533" HPOS="800"/>
							<String ID="string_133" HPOS="816" VPOS="533" WIDTH="23" HEIGHT="22" WC="0.96" CONTENT="af"/><SP WIDTH="14" VPOS="533" HPOS="839"/>
							<String ID="string_134" HPOS="853" VPOS="540" WIDTH="28" HEIGHT="15" WC="0.93" CONTENT="nu"/><SP WIDTH="16" VPOS="540" HPOS="881"/>
							<String ID="string_135" HPOS="897" VPOS="534" WIDTH="46" HEIGHT="27" WC="0.91" CONTENT="gäl-"/>
						</TextLine>
						<TextLine ID="line_14" HPOS="117" VPOS="561" WIDTH="824" HEIGHT="29">
							<String ID="string_136" HPOS="117" VPOS="563" WIDTH="63" HEIGHT="20" WC="0.91" CONTENT="lande"/><SP WIDTH="17" VPOS="563" HPOS="180"/>
							<String ID="string_137" HPOS="197" VPOS="562" WIDTH="102" HEIGHT="27" WC="0.90" CONTENT="kyrkolag"/><SP WIDTH="16" VPOS="562" HPOS="299"/>
							<String ID="string_138" HPOS="315" VPOS="562" WIDTH="83" HEIGHT="28" WC="0.96" CONTENT="mycket"/><SP WIDTH="15" VPOS="562" HPOS="398"/>
							<String ID="string_139" HPOS="413" VPOS="563" WIDTH="33" HEIGHT="20" WC="0.93" CONTENT="väl"/><SP WIDTH="16" VPOS="563" HPOS="446"/>
							<String ID="string_140" HPOS="462" VPOS="563" WIDTH="70" HEIGHT="20" WC="0.92" CONTENT="kände"/><SP WIDTH="17" VPOS="563" HPOS="532"/>
							<String ID="string_141" HPOS="549" VPOS="562" WIDTH="26" HEIGHT="21" WC="0.96" CONTENT="de"/><SP WIDTH="16" VPOS="562" HPOS="575"/>
							<String ID="string_142" HPOS="591" VPOS="563" WIDTH="44" HEIGHT="24" WC="0.96" CONTENT="ord,"/><SP WIDTH="17" VPOS="563" HPOS="635"/>
							<String ID="string_143" HPOS="652" VPOS="568" WIDTH="45" HEIGHT="15" WC="0.93" CONTENT="som"/><SP WIDTH="15" VPOS="568" HPOS="697"/>
							<String ID="string_144" HPOS="712" VPOS="561" WIDTH="46" HEIGHT="21" WC="0.92" CONTENT="frän"/><SP WIDTH="15" VPOS="561" HPOS="758"/>
							<String ID="string_145" HPOS="773" VPOS="562" WIDTH="168" HEIGHT="21" WC="0.93" CONTENT="Konkordiefor-"/>
						</TextLine>
						<TextLine ID="line_15" HPOS="118" VPOS="589" WIDTH="824" HEIGHT="28">
							<String ID="string_146" HPOS="118" VPOS="591" WIDTH="55" HEIGHT="20" WC="0.92" CONTENT="meln"/><SP WIDTH="16" VPOS="591" HPOS="173"/>
							<String ID="string_147" HPOS="189" VPOS="592" WIDTH="36" HEIGHT="19" WC="0.96" CONTENT="äro"/><SP WIDTH="16" VPOS="592" HPOS="225"/>
							<String ID="string_148" HPOS="241" VPOS="591" WIDTH="86" HEIGHT="26" WC="0.96" CONTENT="intagna"/><SP WIDTH="15" VPOS="591" HPOS="327"/>
							<String ID="string_149" HPOS="342" VPOS="591" WIDTH="31" HEIGHT="20" WC="0.96" CONTENT="uti"/><SP WIDTH="16" VPOS="591" HPOS="373"/>
							<String ID="string_150" HPOS="389" VPOS="591" WIDTH="40" HEIGHT="20" WC="0.93" CONTENT="den"/><SP WIDTH="16" VPOS="591" HPOS="429"/>
							<String ID="string_151" HPOS="445" VPOS="590" WIDTH="162" HEIGHT="27" WC="0.96" CONTENT="ifrågavarande"/><SP WIDTH="16" VPOS="590" HPOS="607"/>
							<String ID="string_152" HPOS="623" VPOS="589" WIDTH="126" HEIGHT="28" WC="0.96" CONTENT="paragrafen"/><SP WIDTH="15" VPOS="589" HPOS="749"/>
							<String ID="string_153" HPOS="764" VPOS="591" WIDTH="6" HEIGHT="20" WC="0.56" CONTENT="i"/><SP WIDTH="11" VPOS="591" HPOS="770"/>
							<String ID="string_154" HPOS="781" VPOS="591" WIDTH="109" HEIGHT="26" WC="0.95" CONTENT="förslaget,"/><SP WIDTH="12" VPOS="591" HPOS="890"/>
							<String ID="string_155" HPOS="902" VPOS="591" WIDTH="40" HEIGHT="21" WC="0.96" CONTENT="och"/>
						</TextLine>
						<TextLine ID="line_16" HPOS="117" VPOS="618" WIDTH="825" HEIGHT="27">
							<String ID="string_156" HPOS="117" VPOS="621" WIDTH="33" HEIGHT="18" WC="0.96" CONTENT="att"/><SP WIDTH="15" VPOS="621" HPOS="150"/>
							<String ID="string_157" HPOS="165" VPOS="619" WIDTH="26" HEIGHT="20" WC="0.93" CONTENT="de"/><SP WIDTH="15" VPOS="619" HPOS="191"/>
							<String ID="string_158" HPOS="206" VPOS="619" WIDTH="96" HEIGHT="20" WC="0.91" CONTENT="lemnade"/><SP WIDTH="17" VPOS="619" HPOS="302"/>
							<String ID="string_159" HPOS="319" VPOS="619" WIDTH="46" HEIGHT="20" WC="0.96" CONTENT="dem"/><SP WIDTH="16" VPOS="619" HPOS="365"/>
							<String ID="string_160" HPOS="381" VPOS="619" WIDTH="127" HEIGHT="26" WC="0.96" CONTENT="symboliskt"/><SP WIDTH="15" VPOS="619" HPOS="508"/>
							<String ID="string_161" HPOS="523" VPOS="619" WIDTH="114" HEIGHT="25" WC="0.93" CONTENT="anseende,"/><SP WIDTH="15" VPOS="619" HPOS="637"/>
							<String ID="string_162" HPOS="652" VPOS="618" WIDTH="102" HEIGHT="21" WC="0.91" CONTENT="likasåväl"/><SP WIDTH="15" VPOS="618" HPOS="754"/>
							<String ID="string_163" HPOS="769" VPOS="625" WIDTH="46" HEIGHT="14" WC="0.96" CONTENT="som"/><SP WIDTH="13" VPOS="625" HPOS="815"/>
							<String ID="string_164" HPOS="828" VPOS="619" WIDTH="39" HEIGHT="20" WC="0.95" CONTENT="allt"/><SP WIDTH="11" VPOS="619" HPOS="867"/>
							<String ID="string_165" HPOS="878" VPOS="619" WIDTH="64" HEIGHT="26" WC="0.96" CONTENT="öfrigt"/>
						</TextLine>
						<TextLine ID="line_17" HPOS="117" VPOS="647" WIDTH="825" HEIGHT="26">
							<String ID="string_166" HPOS="117" VPOS="648" WIDTH="54" HEIGHT="25" WC="0.91" CONTENT="somi"/><SP WIDTH="14" VPOS="648" HPOS="171"/>
							<String ID="string_167" HPOS="185" VPOS="647" WIDTH="55" HEIGHT="21" WC="0.96" CONTENT="läses"/><SP WIDTH="20" VPOS="647" HPOS="240"/>
							<String ID="string_168" HPOS="260" VPOS="647" WIDTH="6" HEIGHT="20" WC="0.96" CONTENT="i"/><SP WIDTH="16" VPOS="647" HPOS="266"/>
							<String ID="string_169" HPOS="282" VPOS="647" WIDTH="128" HEIGHT="26" WC="0.96" CONTENT="symboliska"/><SP WIDTH="15" VPOS="647" HPOS="410"/>
							<String ID="string_170" HPOS="425" VPOS="647" WIDTH="114" HEIGHT="21" WC="0.96" CONTENT="böckerna."/><SP WIDTH="31" VPOS="647" HPOS="539"/>
							<String ID="string_171" HPOS="570" VPOS="647" WIDTH="50" HEIGHT="20" WC="0.96" CONTENT="Men"/><SP WIDTH="16" VPOS="647" HPOS="620"/>
							<String ID="string_172" HPOS="636" VPOS="647" WIDTH="88" HEIGHT="20" WC="0.96" CONTENT="likasom"/><SP WIDTH="16" VPOS="647" HPOS="724"/>
							<String ID="string_173" HPOS="740" VPOS="653" WIDTH="48" HEIGHT="14" WC="0.96" CONTENT="man"/><SP WIDTH="15" VPOS="653" HPOS="788"/>
							<String ID="string_174" HPOS="803" VPOS="647" WIDTH="69" HEIGHT="20" WC="0.96" CONTENT="måste"/><SP WIDTH="16" VPOS="647" HPOS="872"/>
							<String ID="string_175" HPOS="888" VPOS="648" WIDTH="54" HEIGHT="25" WC="0.95" CONTENT="stiga"/>
						</TextLine>
						<TextLine ID="line_18" HPOS="118" VPOS="675" WIDTH="822" HEIGHT="27">
							<String ID="string_176" HPOS="118" VPOS="675" WIDTH="51" HEIGHT="26" WC="0.96" CONTENT="högt"/><SP WIDTH="22" VPOS="675" HPOS="169"/>
							<String ID="string_177" HPOS="191" VPOS="681" WIDTH="42" HEIGHT="20" WC="0.96" CONTENT="upp"/><SP WIDTH="23" VPOS="681" HPOS="233"/>
							<String ID="string_178" HPOS="256" VPOS="675" WIDTH="32" HEIGHT="20" WC="0.96" CONTENT="för"/><SP WIDTH="23" VPOS="675" HPOS="288"/>
							<String ID="string_179" HPOS="311" VPOS="677" WIDTH="32" HEIGHT="19" WC="0.96" CONTENT="att"/><SP WIDTH="22" VPOS="677" HPOS="343"/>
							<String ID="string_180" HPOS="365" VPOS="682" WIDTH="22" HEIGHT="14" WC="0.96" CONTENT="se"/><SP WIDTH="22" VPOS="682" HPOS="387"/>
							<String ID="string_181" HPOS="409" VPOS="682" WIDTH="25" HEIGHT="14" WC="0.93" CONTENT="en"/><SP WIDTH="16" VPOS="682" HPOS="434"/>
							<String ID="string_182" HPOS="450" VPOS="676" WIDTH="81" HEIGHT="26" WC="0.91" CONTENT="stjerna"/><SP WIDTH="16" VPOS="676" HPOS="531"/>
							<String ID="string_183" HPOS="547" VPOS="681" WIDTH="46" HEIGHT="15" WC="0.96" CONTENT="som"/><SP WIDTH="16" VPOS="681" HPOS="593"/>
							<String ID="string_184" HPOS="609" VPOS="675" WIDTH="67" HEIGHT="26" WC="0.93" CONTENT="ligger"/><SP WIDTH="15" VPOS="675" HPOS="676"/>
							<String ID="string_185" HPOS="691" VPOS="675" WIDTH="74" HEIGHT="21" WC="0.92" CONTENT="nedom"/><SP WIDTH="18" VPOS="675" HPOS="765"/>
							<String ID="string_186" HPOS="783" VPOS="681" WIDTH="36" HEIGHT="14" WC="0.93" CONTENT="ens"/><SP WIDTH="16" VPOS="681" HPOS="819"/>
							<String ID="string_187" HPOS="835" VPOS="675" WIDTH="105" HEIGHT="26" WC="0.92" CONTENT="horizont,"/>
						</TextLine>
						<TextLine ID="line_19" HPOS="118" VPOS="703" WIDTH="824" HEIGHT="27">
							<String ID="string_188" HPOS="118" VPOS="704" WIDTH="51" HEIGHT="21" WC="0.96" CONTENT="eller"/><SP WIDTH="15" VPOS="704" HPOS="169"/>
							<String ID="string_189" HPOS="184" VPOS="703" WIDTH="75" HEIGHT="21" WC="0.96" CONTENT="liksom"/><SP WIDTH="17" VPOS="703" HPOS="259"/>
							<String ID="string_190" HPOS="276" VPOS="705" WIDTH="31" HEIGHT="19" WC="0.96" CONTENT="ett"/><SP WIDTH="14" VPOS="705" HPOS="307"/>
							<String ID="string_191" HPOS="321" VPOS="704" WIDTH="88" HEIGHT="21" WC="0.96" CONTENT="föremål"/><SP WIDTH="16" VPOS="704" HPOS="409"/>
							<String ID="string_192" HPOS="425" VPOS="704" WIDTH="68" HEIGHT="21" WC="0.96" CONTENT="måste"/><SP WIDTH="16" VPOS="704" HPOS="493"/>
							<String ID="string_193" HPOS="509" VPOS="703" WIDTH="66" HEIGHT="27" WC="0.96" CONTENT="lyftas"/><SP WIDTH="15" VPOS="703" HPOS="575"/>
							<String ID="string_194" HPOS="590" VPOS="703" WIDTH="53" HEIGHT="26" WC="0.97" CONTENT="högt"/><SP WIDTH="15" VPOS="703" HPOS="643"/>
							<String ID="string_195" HPOS="658" VPOS="709" WIDTH="42" HEIGHT="20" WC="0.96" CONTENT="upp"/><SP WIDTH="16" VPOS="709" HPOS="700"/>
							<String ID="string_196" HPOS="716" VPOS="704" WIDTH="32" HEIGHT="20" WC="0.96" CONTENT="för"/><SP WIDTH="15" VPOS="704" HPOS="748"/>
							<String ID="string_197" HPOS="763" VPOS="705" WIDTH="32" HEIGHT="18" WC="0.96" CONTENT="att"/><SP WIDTH="12" VPOS="705" HPOS="795"/>
							<String ID="string_198" HPOS="807" VPOS="709" WIDTH="34" HEIGHT="15" WC="0.96" CONTENT="ses"/><SP WIDTH="11" VPOS="709" HPOS="841"/>
							<String ID="string_199" HPOS="852" VPOS="703" WIDTH="47" HEIGHT="21" WC="0.96" CONTENT="från"/><SP WIDTH="12" VPOS="703" HPOS="899"/>
							<String ID="string_200" HPOS="911" VPOS="705" WIDTH="31" HEIGHT="20" WC="0.96" CONTENT="ett"/>
						</TextLine>
						<TextLine ID="line_20" HPOS="117" VPOS="731" WIDTH="824" HEIGHT="27">
							<String ID="string_201" HPOS="117" VPOS="731" WIDTH="88" HEIGHT="27" WC="0.91" CONTENT="aflägset"/><SP WIDTH="22" VPOS="731" HPOS="205"/>
							<String ID="string_202" HPOS="227" VPOS="731" WIDTH="68" HEIGHT="25" WC="0.96" CONTENT="ställe,"/><SP WIDTH="23" VPOS="731" HPOS="295"/>
							<String ID="string_203" HPOS="318" VPOS="732" WIDTH="23" HEIGHT="21" WC="0.96" CONTENT="så"/><SP WIDTH="23" VPOS="732" HPOS="341"/>
							<String ID="string_204" HPOS="364" VPOS="733" WIDTH="61" HEIGHT="20" WC="0.96" CONTENT="torde"/><SP WIDTH="22" VPOS="733" HPOS="425"/>
							<String ID="string_205" HPOS="447" VPOS="732" WIDTH="65" HEIGHT="21" WC="0.96" CONTENT="också"/><SP WIDTH="22" VPOS="732" HPOS="512"/>
							<String ID="string_206" HPOS="534" VPOS="738" WIDTH="29" HEIGHT="14" WC="0.94" CONTENT="nu"/><SP WIDTH="21" VPOS="738" HPOS="563"/>
							<String ID="string_207" HPOS="584" VPOS="738" WIDTH="25" HEIGHT="15" WC="0.94" CONTENT="en"/><SP WIDTH="16" VPOS="738" HPOS="609"/>
							<String ID="string_208" HPOS="625" VPOS="732" WIDTH="99" HEIGHT="26" WC="0.95" CONTENT="kejserlig"/><SP WIDTH="14" VPOS="732" HPOS="724"/>
							<String ID="string_209" HPOS="738" VPOS="732" WIDTH="132" HEIGHT="25" WC="0.96" CONTENT="proposition"/><SP WIDTH="16" VPOS="732" HPOS="870"/>
							<String ID="string_210" HPOS="886" VPOS="733" WIDTH="55" HEIGHT="20" WC="0.96" CONTENT="varit"/>
						</TextLine>
						<TextLine ID="line_21" HPOS="116" VPOS="759" WIDTH="825" HEIGHT="28">
							<String ID="string_211" HPOS="116" VPOS="760" WIDTH="121" HEIGHT="26" WC="0.96" CONTENT="nödvändig"/><SP WIDTH="21" VPOS="760" HPOS="237"/>
							<String ID="string_212" HPOS="258" VPOS="760" WIDTH="33" HEIGHT="21" WC="0.96" CONTENT="för"/><SP WIDTH="22" VPOS="760" HPOS="291"/>
							<String ID="string_213" HPOS="313" VPOS="762" WIDTH="32" HEIGHT="19" WC="0.96" CONTENT="att"/><SP WIDTH="23" VPOS="762" HPOS="345"/>
							<String ID="string_214" HPOS="368" VPOS="761" WIDTH="93" HEIGHT="26" WC="0.96" CONTENT="upphöja"/><SP WIDTH="16" VPOS="761" HPOS="461"/>
							<String ID="string_215" HPOS="477" VPOS="761" WIDTH="39" HEIGHT="20" WC="0.96" CONTENT="och"/><SP WIDTH="16" VPOS="761" HPOS="516"/>
							<String ID="string_216" HPOS="532" VPOS="760" WIDTH="115" HEIGHT="21" WC="0.96" CONTENT="framhålla"/><SP WIDTH="16" VPOS="760" HPOS="647"/>
							<String ID="string_217" HPOS="663" VPOS="761" WIDTH="40" HEIGHT="20" WC="0.96" CONTENT="den"/><SP WIDTH="16" VPOS="761" HPOS="703"/>
							<String ID="string_218" HPOS="719" VPOS="761" WIDTH="114" HEIGHT="24" WC="0.96" CONTENT="sanningen"/><SP WIDTH="16" VPOS="761" HPOS="833"/>
							<String ID="string_219" HPOS="849" VPOS="759" WIDTH="34" HEIGHT="22" WC="0.96" CONTENT="för"/><SP WIDTH="16" VPOS="759" HPOS="883"/>
							<String ID="string_220" HPOS="899" VPOS="761" WIDTH="42" HEIGHT="20" WC="0.95" CONTENT="alla"/>
						</TextLine>
						<TextLine ID="line_22" HPOS="117" VPOS="788" WIDTH="824" HEIGHT="27">
							<String ID="string_221" HPOS="117" VPOS="789" WIDTH="47" HEIGHT="20" WC="0.96" CONTENT="dem"/><SP WIDTH="24" VPOS="789" HPOS="164"/>
							<String ID="string_222" HPOS="188" VPOS="794" WIDTH="44" HEIGHT="15" WC="0.95" CONTENT="som"/><SP WIDTH="23" VPOS="794" HPOS="232"/>
							<String ID="string_223" HPOS="255" VPOS="788" WIDTH="46" HEIGHT="21" WC="0.95" CONTENT="icke"/><SP WIDTH="21" VPOS="788" HPOS="301"/>
							<String ID="string_224" HPOS="322" VPOS="790" WIDTH="42" HEIGHT="19" WC="0.95" CONTENT="sett"/><SP WIDTH="15" VPOS="790" HPOS="364"/>
							<String ID="string_225" HPOS="379" VPOS="791" WIDTH="33" HEIGHT="18" WC="0.96" CONTENT="att"/><SP WIDTH="15" VPOS="791" HPOS="412"/>
							<String ID="string_226" HPOS="427" VPOS="789" WIDTH="39" HEIGHT="20" WC="0.96" CONTENT="den"/><SP WIDTH="17" VPOS="789" HPOS="466"/>
							<String ID="string_227" HPOS="483" VPOS="789" WIDTH="67" HEIGHT="20" WC="0.96" CONTENT="finnes"/><SP WIDTH="16" VPOS="789" HPOS="550"/>
							<String ID="string_228" HPOS="566" VPOS="789" WIDTH="7" HEIGHT="20" WC="0.96" CONTENT="i"/><SP WIDTH="16" VPOS="789" HPOS="573"/>
							<String ID="string_229" HPOS="589" VPOS="789" WIDTH="26" HEIGHT="20" WC="0.96" CONTENT="de"/><SP WIDTH="16" VPOS="789" HPOS="615"/>
							<String ID="string_230" HPOS="631" VPOS="789" WIDTH="128" HEIGHT="26" WC="0.96" CONTENT="symboliska"/><SP WIDTH="16" VPOS="789" HPOS="759"/>
							<String ID="string_231" HPOS="775" VPOS="788" WIDTH="113" HEIGHT="25" WC="0.93" CONTENT="böckerna,"/><SP WIDTH="17" VPOS="788" HPOS="888"/>
							<String ID="string_232" HPOS="905" VPOS="795" WIDTH="36" HEIGHT="14" WC="0.92" CONTENT="na-"/>
						</TextLine>
						<TextLine ID="line_23" HPOS="117" VPOS="816" WIDTH="822" HEIGHT="27">
							<String ID="string_233" HPOS="117" VPOS="816" WIDTH="106" HEIGHT="27" WC="0.89" CONTENT="turligtvis"/><SP WIDTH="23" VPOS="816" HPOS="223"/>
							<String ID="string_234" HPOS="246" VPOS="817" WIDTH="87" HEIGHT="20" WC="0.96" CONTENT="emedan"/><SP WIDTH="24" VPOS="817" HPOS="333"/>
							<String ID="string_235" HPOS="357" VPOS="817" WIDTH="26" HEIGHT="20" WC="0.95" CONTENT="de"/><SP WIDTH="16" VPOS="817" HPOS="383"/>
							<String ID="string_236" HPOS="399" VPOS="817" WIDTH="18" HEIGHT="26" WC="0.95" CONTENT="ej"/><SP WIDTH="16" VPOS="817" HPOS="417"/>
							<String ID="string_237" HPOS="433" VPOS="818" WIDTH="46" HEIGHT="20" WC="0.96" CONTENT="läsa"/><SP WIDTH="16" VPOS="818" HPOS="479"/>
							<String ID="string_238" HPOS="495" VPOS="817" WIDTH="54" HEIGHT="26" WC="0.96" CONTENT="dem,"/><SP WIDTH="18" VPOS="817" HPOS="549"/>
							<String ID="string_239" HPOS="567" VPOS="817" WIDTH="52" HEIGHT="20" WC="0.96" CONTENT="eller"/><SP WIDTH="14" VPOS="817" HPOS="619"/>
							<String ID="string_240" HPOS="633" VPOS="823" WIDTH="75" HEIGHT="20" WC="0.96" CONTENT="genom"/><SP WIDTH="17" VPOS="823" HPOS="708"/>
							<String ID="string_241" HPOS="725" VPOS="817" WIDTH="84" HEIGHT="26" WC="0.96" CONTENT="synglas"/><SP WIDTH="14" VPOS="817" HPOS="809"/>
							<String ID="string_242" HPOS="823" VPOS="817" WIDTH="47" HEIGHT="20" WC="0.96" CONTENT="läsa"/><SP WIDTH="16" VPOS="817" HPOS="870"/>
							<String ID="string_243" HPOS="886" VPOS="817" WIDTH="53" HEIGHT="21" WC="0.96" CONTENT="dem."/>
						</TextLine>
						<TextLine ID="line_24" HPOS="116" VPOS="844" WIDTH="824" HEIGHT="27">
							<String ID="string_244" HPOS="116" VPOS="845" WIDTH="76" HEIGHT="20" WC="0.96" CONTENT="Ehuru"/><SP WIDTH="20" VPOS="845" HPOS="192"/>
							<String ID="string_245" HPOS="212" VPOS="845" WIDTH="43" HEIGHT="26" WC="0.96" CONTENT="jag,"/><SP WIDTH="23" VPOS="845" HPOS="255"/>
							<String ID="string_246" HPOS="278" VPOS="844" WIDTH="69" HEIGHT="21" WC="0.93" CONTENT="såsom"/><SP WIDTH="23" VPOS="844" HPOS="347"/>
							<String ID="string_247" HPOS="370" VPOS="845" WIDTH="67" HEIGHT="26" WC="0.92" CONTENT="sagdt,"/><SP WIDTH="24" VPOS="845" HPOS="437"/>
							<String ID="string_248" HPOS="461" VPOS="846" WIDTH="59" HEIGHT="20" WC="0.96" CONTENT="delar"/><SP WIDTH="22" VPOS="846" HPOS="520"/>
							<String ID="string_249" HPOS="542" VPOS="847" WIDTH="87" HEIGHT="24" WC="0.93" CONTENT="prosten"/><SP WIDTH="17" VPOS="847" HPOS="629"/>
							<String ID="string_250" HPOS="646" VPOS="845" WIDTH="71" HEIGHT="21" WC="0.92" CONTENT="Siréns"/><SP WIDTH="15" VPOS="845" HPOS="717"/>
							<String ID="string_251" HPOS="732" VPOS="845" WIDTH="83" HEIGHT="26" WC="0.96" CONTENT="mening"/><SP WIDTH="16" VPOS="845" HPOS="815"/>
							<String ID="string_252" HPOS="831" VPOS="845" WIDTH="109" HEIGHT="26" WC="0.95" CONTENT="angående"/>
						</TextLine>
						<TextLine ID="line_25" HPOS="118" VPOS="873" WIDTH="822" HEIGHT="27">
							<String ID="string_253" HPOS="118" VPOS="874" WIDTH="53" HEIGHT="19" WC="0.91" CONTENT="1:sta"/><SP WIDTH="15" VPOS="874" HPOS="171"/>
							<String ID="string_254" HPOS="186" VPOS="873" WIDTH="45" HEIGHT="26" WC="0.91" CONTENT="$:ns"/><SP WIDTH="15" VPOS="873" HPOS="231"/>
							<String ID="string_255" HPOS="246" VPOS="873" WIDTH="144" HEIGHT="26" WC="0.95" CONTENT="formulering,"/><SP WIDTH="15" VPOS="873" HPOS="390"/>
							<String ID="string_256" HPOS="405" VPOS="873" WIDTH="24" HEIGHT="20" WC="0.96" CONTENT="så"/><SP WIDTH="14" VPOS="873" HPOS="429"/>
							<String ID="string_257" HPOS="443" VPOS="873" WIDTH="69" HEIGHT="21" WC="0.96" CONTENT="finner"/><SP WIDTH="12" VPOS="873" HPOS="512"/>
							<String ID="string_258" HPOS="524" VPOS="874" WIDTH="38" HEIGHT="26" WC="0.96" CONTENT="jag"/><SP WIDTH="15" VPOS="874" HPOS="562"/>
							<String ID="string_259" HPOS="577" VPOS="873" WIDTH="67" HEIGHT="21" WC="0.96" CONTENT="heller"/><SP WIDTH="14" VPOS="873" HPOS="644"/>
							<String ID="string_260" HPOS="658" VPOS="874" WIDTH="54" HEIGHT="20" WC="0.96" CONTENT="intet"/><SP WIDTH="15" VPOS="874" HPOS="712"/>
							<String ID="string_261" HPOS="727" VPOS="873" WIDTH="51" HEIGHT="21" WC="0.96" CONTENT="ondt"/><SP WIDTH="15" VPOS="873" HPOS="778"/>
							<String ID="string_262" HPOS="793" VPOS="873" WIDTH="31" HEIGHT="21" WC="0.96" CONTENT="uti"/><SP WIDTH="11" VPOS="873" HPOS="824"/>
							<String ID="string_263" HPOS="835" VPOS="875" WIDTH="32" HEIGHT="18" WC="0.96" CONTENT="att"/><SP WIDTH="8" VPOS="875" HPOS="867"/>
							<String ID="string_264" HPOS="875" VPOS="875" WIDTH="65" HEIGHT="19" WC="0.96" CONTENT="citera"/>
						</TextLine>
						<TextLine ID="line_26" HPOS="116" VPOS="901" WIDTH="824" HEIGHT="27">
							<String ID="string_265" HPOS="116" VPOS="902" WIDTH="7" HEIGHT="20" WC="0.96" CONTENT="i"/><SP WIDTH="20" VPOS="902" HPOS="123"/>
							<String ID="string_266" HPOS="143" VPOS="901" WIDTH="69" HEIGHT="20" WC="0.96" CONTENT="denna"/><SP WIDTH="21" VPOS="901" HPOS="212"/>
							<String ID="string_267" HPOS="233" VPOS="901" WIDTH="101" HEIGHT="26" WC="0.96" CONTENT="paragraf"/><SP WIDTH="21" VPOS="901" HPOS="334"/>
							<String ID="string_268" HPOS="355" VPOS="908" WIDTH="26" HEIGHT="14" WC="0.95" CONTENT="en"/><SP WIDTH="22" VPOS="908" HPOS="381"/>
							<String ID="string_269" HPOS="403" VPOS="904" WIDTH="44" HEIGHT="19" WC="0.95" CONTENT="sats"/><SP WIDTH="16" VPOS="904" HPOS="447"/>
							<String ID="string_270" HPOS="463" VPOS="901" WIDTH="55" HEIGHT="22" WC="0.96" CONTENT="ifrån"/><SP WIDTH="17" VPOS="901" HPOS="518"/>
							<String ID="string_271" HPOS="535" VPOS="902" WIDTH="26" HEIGHT="20" WC="0.97" CONTENT="de"/><SP WIDTH="16" VPOS="902" HPOS="561"/>
							<String ID="string_272" HPOS="577" VPOS="902" WIDTH="129" HEIGHT="26" WC="0.96" CONTENT="symboliska"/><SP WIDTH="15" VPOS="902" HPOS="706"/>
							<String ID="string_273" HPOS="721" VPOS="901" WIDTH="112" HEIGHT="21" WC="0.93" CONTENT="böckerna."/><SP WIDTH="31" VPOS="901" HPOS="833"/>
							<String ID="string_274" HPOS="864" VPOS="901" WIDTH="76" HEIGHT="21" WC="0.92" CONTENT="Likväl"/>
						</TextLine>
						<TextLine ID="line_27" HPOS="116" VPOS="929" WIDTH="822" HEIGHT="26">
							<String ID="string_275" HPOS="116" VPOS="929" WIDTH="48" HEIGHT="21" WC="0.96" CONTENT="ville"/><SP WIDTH="22" VPOS="929" HPOS="164"/>
							<String ID="string_276" HPOS="186" VPOS="930" WIDTH="36" HEIGHT="25" WC="0.96" CONTENT="jag"/><SP WIDTH="23" VPOS="930" HPOS="222"/>
							<String ID="string_277" HPOS="245" VPOS="929" WIDTH="150" HEIGHT="22" WC="0.96" CONTENT="omformulera"/><SP WIDTH="23" VPOS="929" HPOS="395"/>
							<String ID="string_278" HPOS="418" VPOS="931" WIDTH="40" HEIGHT="20" WC="0.96" CONTENT="den"/><SP WIDTH="23" VPOS="931" HPOS="458"/>
							<String ID="string_279" HPOS="481" VPOS="936" WIDTH="75" HEIGHT="15" WC="0.96" CONTENT="senare"/><SP WIDTH="25" VPOS="936" HPOS="556"/>
							<String ID="string_280" HPOS="581" VPOS="930" WIDTH="60" HEIGHT="21" WC="0.96" CONTENT="delen"/><SP WIDTH="17" VPOS="930" HPOS="641"/>
							<String ID="string_281" HPOS="658" VPOS="931" WIDTH="47" HEIGHT="20" WC="0.96" CONTENT="med"/><SP WIDTH="16" VPOS="931" HPOS="705"/>
							<String ID="string_282" HPOS="721" VPOS="929" WIDTH="98" HEIGHT="21" WC="0.92" CONTENT="afseende"/><SP WIDTH="17" VPOS="929" HPOS="819"/>
							<String ID="string_283" HPOS="836" VPOS="929" WIDTH="12" HEIGHT="21" WC="0.91" CONTENT="å"/><SP WIDTH="16" VPOS="929" HPOS="848"/>
							<String ID="string_284" HPOS="864" VPOS="929" WIDTH="74" HEIGHT="22" WC="0.96" CONTENT="orden:"/>
						</TextLine>
						<TextLine ID="line_28" HPOS="116" VPOS="957" WIDTH="824" HEIGHT="28">
							<String ID="string_285" HPOS="116" VPOS="957" WIDTH="77" HEIGHT="26" WC="0.96" CONTENT="högsta"/><SP WIDTH="15" VPOS="957" HPOS="193"/>
							<String ID="string_286" HPOS="208" VPOS="957" WIDTH="40" HEIGHT="26" WC="0.96" CONTENT="lag,"/><SP WIDTH="17" VPOS="957" HPOS="248"/>
							<String ID="string_287" HPOS="265" VPOS="958" WIDTH="88" HEIGHT="21" WC="0.95" CONTENT="emedan"/><SP WIDTH="16" VPOS="958" HPOS="353"/>
							<String ID="string_288" HPOS="369" VPOS="965" WIDTH="49" HEIGHT="14" WC="0.96" CONTENT="man"/><SP WIDTH="15" VPOS="965" HPOS="418"/>
							<String ID="string_289" HPOS="433" VPOS="959" WIDTH="18" HEIGHT="26" WC="0.96" CONTENT="ej"/><SP WIDTH="17" VPOS="959" HPOS="451"/>
							<String ID="string_290" HPOS="468" VPOS="958" WIDTH="23" HEIGHT="21" WC="0.96" CONTENT="så"/><SP WIDTH="16" VPOS="958" HPOS="491"/>
							<String ID="string_291" HPOS="507" VPOS="959" WIDTH="41" HEIGHT="20" WC="0.96" CONTENT="lätt"/><SP WIDTH="16" VPOS="959" HPOS="548"/>
							<String ID="string_292" HPOS="564" VPOS="958" WIDTH="61" HEIGHT="21" WC="0.96" CONTENT="torde"/><SP WIDTH="16" VPOS="958" HPOS="625"/>
							<String ID="string_293" HPOS="641" VPOS="959" WIDTH="71" HEIGHT="20" WC="0.96" CONTENT="kunna"/><SP WIDTH="15" VPOS="959" HPOS="712"/>
							<String ID="string_294" HPOS="727" VPOS="959" WIDTH="50" HEIGHT="25" WC="0.96" CONTENT="säga"/><SP WIDTH="15" VPOS="959" HPOS="777"/>
							<String ID="string_295" HPOS="792" VPOS="957" WIDTH="56" HEIGHT="21" WC="0.95" CONTENT="hvad"/><SP WIDTH="12" VPOS="957" HPOS="848"/>
							<String ID="string_296" HPOS="860" VPOS="963" WIDTH="44" HEIGHT="15" WC="0.94" CONTENT="som"/><SP WIDTH="12" VPOS="963" HPOS="904"/>
							<String ID="string_297" HPOS="916" VPOS="960" WIDTH="24" HEIGHT="19" WC="0.96" CONTENT="är"/>
						</TextLine>
						<TextLine ID="line_29" HPOS="116" VPOS="986" WIDTH="824" HEIGHT="27">
							<String ID="string_298" HPOS="116" VPOS="986" WIDTH="154" HEIGHT="21" WC="0.92" CONTENT="bekännelsens"/><SP WIDTH="22" VPOS="986" HPOS="270"/>
							<String ID="string_299" HPOS="292" VPOS="986" WIDTH="76" HEIGHT="27" WC="0.95" CONTENT="högsta"/><SP WIDTH="22" VPOS="986" HPOS="368"/>
							<String ID="string_300" HPOS="390" VPOS="987" WIDTH="43" HEIGHT="26" WC="0.96" CONTENT="lag:"/><SP WIDTH="24" VPOS="987" HPOS="433"/>
							<String ID="string_301" HPOS="457" VPOS="987" WIDTH="6" HEIGHT="20" WC="0.96" CONTENT="i"/><SP WIDTH="23" VPOS="987" HPOS="463"/>
							<String ID="string_302" HPOS="486" VPOS="987" WIDTH="95" HEIGHT="26" WC="0.96" CONTENT="objektiv"/><SP WIDTH="23" VPOS="987" HPOS="581"/>
							<String ID="string_303" HPOS="604" VPOS="987" WIDTH="85" HEIGHT="26" WC="0.95" CONTENT="mening"/><SP WIDTH="21" VPOS="987" HPOS="689"/>
							<String ID="string_304" HPOS="710" VPOS="986" WIDTH="77" HEIGHT="21" WC="0.95" CONTENT="förstås"/><SP WIDTH="16" VPOS="986" HPOS="787"/>
							<String ID="string_305" HPOS="803" VPOS="986" WIDTH="34" HEIGHT="20" WC="0.96" CONTENT="väl"/><SP WIDTH="15" VPOS="986" HPOS="837"/>
							<String ID="string_306" HPOS="852" VPOS="986" WIDTH="88" HEIGHT="21" WC="0.96" CONTENT="dermed"/>
						</TextLine>
						<TextLine ID="line_30" HPOS="117" VPOS="1014" WIDTH="822" HEIGHT="27">
							<String ID="string_307" HPOS="117" VPOS="1014" WIDTH="217" HEIGHT="21" WC="0.91" CONTENT="öfverensstämmelse"/><SP WIDTH="23" VPOS="1014" HPOS="334"/>
							<String ID="string_308" HPOS="357" VPOS="1015" WIDTH="48" HEIGHT="21" WC="0.95" CONTENT="med"/><SP WIDTH="24" VPOS="1015" HPOS="405"/>
							<String ID="string_309" HPOS="429" VPOS="1015" WIDTH="101" HEIGHT="24" WC="0.81" CONTENT="Skriften,"/><SP WIDTH="23" VPOS="1015" HPOS="530"/>
							<String ID="string_310" HPOS="553" VPOS="1021" WIDTH="48" HEIGHT="14" WC="0.95" CONTENT="men"/><SP WIDTH="23" VPOS="1021" HPOS="601"/>
							<String ID="string_311" HPOS="624" VPOS="1015" WIDTH="7" HEIGHT="20" WC="0.95" CONTENT="i"/><SP WIDTH="20" VPOS="1015" HPOS="631"/>
							<String ID="string_312" HPOS="651" VPOS="1015" WIDTH="105" HEIGHT="26" WC="0.96" CONTENT="subjektiv"/><SP WIDTH="16" VPOS="1015" HPOS="756"/>
							<String ID="string_313" HPOS="772" VPOS="1015" WIDTH="84" HEIGHT="25" WC="0.96" CONTENT="mening"/><SP WIDTH="14" VPOS="1015" HPOS="856"/>
							<String ID="string_314" HPOS="870" VPOS="1015" WIDTH="69" HEIGHT="21" WC="0.96" CONTENT="måste"/>
						</TextLine>
						<TextLine ID="line_31" HPOS="116" VPOS="1042" WIDTH="823" HEIGHT="27">
							<String ID="string_315" HPOS="116" VPOS="1042" WIDTH="87" HEIGHT="21" WC="0.95" CONTENT="dermed"/><SP WIDTH="15" VPOS="1042" HPOS="203"/>
							<String ID="string_316" HPOS="218" VPOS="1042" WIDTH="83" HEIGHT="26" WC="0.96" CONTENT="förstås,"/><SP WIDTH="17" VPOS="1042" HPOS="301"/>
							<String ID="string_317" HPOS="318" VPOS="1045" WIDTH="32" HEIGHT="19" WC="0.96" CONTENT="att"/><SP WIDTH="15" VPOS="1045" HPOS="350"/>
							<String ID="string_318" HPOS="365" VPOS="1043" WIDTH="143" HEIGHT="21" WC="0.93" CONTENT="bekännelsen"/><SP WIDTH="16" VPOS="1043" HPOS="508"/>
							<String ID="string_319" HPOS="524" VPOS="1043" WIDTH="103" HEIGHT="26" WC="0.92" CONTENT="härflyter"/><SP WIDTH="14" VPOS="1043" HPOS="627"/>
							<String ID="string_320" HPOS="641" VPOS="1043" WIDTH="48" HEIGHT="20" WC="0.93" CONTENT="från"/><SP WIDTH="16" VPOS="1043" HPOS="689"/>
							<String ID="string_321" HPOS="705" VPOS="1043" WIDTH="88" HEIGHT="26" WC="0.92" CONTENT="hjertats"/><SP WIDTH="10" VPOS="1043" HPOS="793"/>
							<String ID="string_322" HPOS="803" VPOS="1045" WIDTH="40" HEIGHT="22" WC="0.93" CONTENT="tro,"/><SP WIDTH="13" VPOS="1045" HPOS="843"/>
							<String ID="string_323" HPOS="856" VPOS="1042" WIDTH="83" HEIGHT="22" WC="0.91" CONTENT="derföre"/>
						</TextLine>
						<TextLine ID="line_32" HPOS="117" VPOS="1071" WIDTH="822" HEIGHT="27">
							<String ID="string_324" HPOS="117" VPOS="1071" WIDTH="92" HEIGHT="20" WC="0.95" CONTENT="önskade"/><SP WIDTH="22" VPOS="1071" HPOS="209"/>
							<String ID="string_325" HPOS="231" VPOS="1071" WIDTH="36" HEIGHT="26" WC="0.95" CONTENT="jag"/><SP WIDTH="15" VPOS="1071" HPOS="267"/>
							<String ID="string_326" HPOS="282" VPOS="1073" WIDTH="31" HEIGHT="18" WC="0.92" CONTENT="att"/><SP WIDTH="16" VPOS="1073" HPOS="313"/>
							<String ID="string_327" HPOS="329" VPOS="1071" WIDTH="130" HEIGHT="27" WC="0.91" CONTENT="högvördiga"/><SP WIDTH="16" VPOS="1071" HPOS="459"/>
							<String ID="string_328" HPOS="475" VPOS="1071" WIDTH="86" HEIGHT="21" WC="0.96" CONTENT="ståndet"/><SP WIDTH="15" VPOS="1071" HPOS="561"/>
							<String ID="string_329" HPOS="576" VPOS="1071" WIDTH="50" HEIGHT="21" WC="0.96" CONTENT="ville"/><SP WIDTH="15" VPOS="1071" HPOS="626"/>
							<String ID="string_330" HPOS="641" VPOS="1071" WIDTH="56" HEIGHT="26" WC="0.96" CONTENT="gifva"/><SP WIDTH="16" VPOS="1071" HPOS="697"/>
							<String ID="string_331" HPOS="713" VPOS="1071" WIDTH="36" HEIGHT="20" WC="0.96" CONTENT="akt"/><SP WIDTH="15" VPOS="1071" HPOS="749"/>
							<String ID="string_332" HPOS="764" VPOS="1071" WIDTH="27" HEIGHT="26" WC="0.96" CONTENT="på"/><SP WIDTH="16" VPOS="1071" HPOS="791"/>
							<String ID="string_333" HPOS="807" VPOS="1071" WIDTH="49" HEIGHT="20" WC="0.93" CONTENT="herr"/><SP WIDTH="16" VPOS="1071" HPOS="856"/>
							<String ID="string_334" HPOS="872" VPOS="1071" WIDTH="67" HEIGHT="21" WC="0.92" CONTENT="Erke-"/>
						</TextLine>
						<TextLine ID="line_33" HPOS="116" VPOS="1099" WIDTH="823" HEIGHT="26">
							<String ID="string_335" HPOS="116" VPOS="1099" WIDTH="113" HEIGHT="26" WC="0.93" CONTENT="biskopens"/><SP WIDTH="14" VPOS="1099" HPOS="229"/>
							<String ID="string_336" HPOS="243" VPOS="1099" WIDTH="145" HEIGHT="22" WC="0.92" CONTENT="formulation:"/><SP WIDTH="17" VPOS="1099" HPOS="388"/>
							<String ID="string_337" HPOS="405" VPOS="1100" WIDTH="38" HEIGHT="21" WC="0.93" CONTENT="och"/><SP WIDTH="15" VPOS="1100" HPOS="443"/>
							<String ID="string_338" HPOS="458" VPOS="1100" WIDTH="113" HEIGHT="21" WC="0.92" CONTENT="fasthåller"/><SP WIDTH="14" VPOS="1100" HPOS="571"/>
							<String ID="string_339" HPOS="585" VPOS="1100" WIDTH="61" HEIGHT="21" WC="0.96" CONTENT="dessa"/><SP WIDTH="11" VPOS="1100" HPOS="646"/>
							<String ID="string_340" HPOS="657" VPOS="1100" WIDTH="46" HEIGHT="20" WC="0.93" CONTENT="sina"/><SP WIDTH="10" VPOS="1100" HPOS="703"/>
							<String ID="string_341" HPOS="713" VPOS="1099" WIDTH="226" HEIGHT="22" WC="0.91" CONTENT="bekännelseskrifters"/>
						</TextLine>
						<TextLine ID="line_34" HPOS="116" VPOS="1127" WIDTH="823" HEIGHT="28">
							<String ID="string_342" HPOS="116" VPOS="1127" WIDTH="94" HEIGHT="26" WC="0.95" CONTENT="tydligen"/><SP WIDTH="15" VPOS="1127" HPOS="210"/>
							<String ID="string_343" HPOS="225" VPOS="1127" WIDTH="40" HEIGHT="21" WC="0.96" CONTENT="och"/><SP WIDTH="16" VPOS="1127" HPOS="265"/>
							<String ID="string_344" HPOS="281" VPOS="1129" WIDTH="63" HEIGHT="25" WC="0.92" CONTENT="öppet"/><SP WIDTH="15" VPOS="1129" HPOS="344"/>
							<String ID="string_345" HPOS="359" VPOS="1129" WIDTH="79" HEIGHT="26" WC="0.92" CONTENT="afgifna"/><SP WIDTH="15" VPOS="1129" HPOS="438"/>
							<String ID="string_346" HPOS="453" VPOS="1129" WIDTH="124" HEIGHT="25" WC="0.96" CONTENT="förklaring,"/><SP WIDTH="18" VPOS="1129" HPOS="577"/>
							<String ID="string_347" HPOS="595" VPOS="1130" WIDTH="32" HEIGHT="19" WC="0.96" CONTENT="att"/><SP WIDTH="16" VPOS="1130" HPOS="627"/>
							<String ID="string_348" HPOS="643" VPOS="1127" WIDTH="58" HEIGHT="22" WC="0.95" CONTENT="Guds"/><SP WIDTH="15" VPOS="1127" HPOS="701"/>
							<String ID="string_349" HPOS="716" VPOS="1128" WIDTH="6" HEIGHT="20" WC="0.96" CONTENT="i"/><SP WIDTH="16" VPOS="1128" HPOS="722"/>
							<String ID="string_350" HPOS="738" VPOS="1128" WIDTH="40" HEIGHT="20" WC="0.96" CONTENT="den"/><SP WIDTH="17" VPOS="1128" HPOS="778"/>
							<String ID="string_351" HPOS="795" VPOS="1127" WIDTH="69" HEIGHT="27" WC="0.96" CONTENT="heliga"/><SP WIDTH="12" VPOS="1127" HPOS="864"/>
							<String ID="string_352" HPOS="876" VPOS="1128" WIDTH="63" HEIGHT="21" WC="0.96" CONTENT="skrift"/>
						</TextLine>
						<TextLine ID="line_35" HPOS="116" VPOS="1155" WIDTH="824" HEIGHT="28">
							<String ID="string_353" HPOS="116" VPOS="1155" WIDTH="150" HEIGHT="27" WC="0.96" CONTENT="uppenbarade"/><SP WIDTH="16" VPOS="1155" HPOS="266"/>
							<String ID="string_354" HPOS="282" VPOS="1156" WIDTH="38" HEIGHT="21" WC="0.96" CONTENT="ord"/><SP WIDTH="16" VPOS="1156" HPOS="320"/>
							<String ID="string_355" HPOS="336" VPOS="1159" WIDTH="38" HEIGHT="18" WC="0.92" CONTENT="etc."/><SP WIDTH="31" VPOS="1159" HPOS="374"/>
							<String ID="string_356" HPOS="405" VPOS="1157" WIDTH="74" HEIGHT="20" WC="0.85" CONTENT="Likväl"/><SP WIDTH="17" VPOS="1157" HPOS="479"/>
							<String ID="string_357" HPOS="496" VPOS="1163" WIDTH="63" HEIGHT="14" WC="0.96" CONTENT="anser"/><SP WIDTH="13" VPOS="1163" HPOS="559"/>
							<String ID="string_358" HPOS="572" VPOS="1157" WIDTH="36" HEIGHT="26" WC="0.96" CONTENT="jag"/><SP WIDTH="16" VPOS="1157" HPOS="608"/>
							<String ID="string_359" HPOS="624" VPOS="1157" WIDTH="40" HEIGHT="20" WC="0.96" CONTENT="den"/><SP WIDTH="11" VPOS="1157" HPOS="664"/>
							<String ID="string_360" HPOS="675" VPOS="1156" WIDTH="137" HEIGHT="26" WC="0.96" CONTENT="anmärkning"/><SP WIDTH="9" VPOS="1156" HPOS="812"/>
							<String ID="string_361" HPOS="821" VPOS="1156" WIDTH="39" HEIGHT="20" WC="0.96" CONTENT="här"/><SP WIDTH="8" VPOS="1156" HPOS="860"/>
							<String ID="string_362" HPOS="868" VPOS="1156" WIDTH="72" HEIGHT="21" WC="0.96" CONTENT="kunna"/>
						</TextLine>
						<TextLine ID="line_36" HPOS="114" VPOS="1184" WIDTH="825" HEIGHT="27">
							<String ID="string_363" HPOS="114" VPOS="1186" WIDTH="69" HEIGHT="24" WC="0.96" CONTENT="göras,"/><SP WIDTH="16" VPOS="1186" HPOS="183"/>
							<String ID="string_364" HPOS="199" VPOS="1185" WIDTH="33" HEIGHT="19" WC="0.96" CONTENT="att"/><SP WIDTH="15" VPOS="1185" HPOS="232"/>
							<String ID="string_365" HPOS="247" VPOS="1184" WIDTH="36" HEIGHT="20" WC="0.96" CONTENT="det"/><SP WIDTH="14" VPOS="1184" HPOS="283"/>
							<String ID="string_366" HPOS="297" VPOS="1190" WIDTH="50" HEIGHT="15" WC="0.96" CONTENT="vore"/><SP WIDTH="16" VPOS="1190" HPOS="347"/>
							<String ID="string_367" HPOS="363" VPOS="1185" WIDTH="48" HEIGHT="21" WC="0.96" CONTENT="bäst"/><SP WIDTH="16" VPOS="1185" HPOS="411"/>
							<String ID="string_368" HPOS="427" VPOS="1187" WIDTH="32" HEIGHT="19" WC="0.96" CONTENT="att"/><SP WIDTH="15" VPOS="1187" HPOS="459"/>
							<String ID="string_369" HPOS="474" VPOS="1185" WIDTH="35" HEIGHT="20" WC="0.96" CONTENT="vid"/><SP WIDTH="17" VPOS="1185" HPOS="509"/>
							<String ID="string_370" HPOS="526" VPOS="1185" WIDTH="79" HEIGHT="20" WC="0.96" CONTENT="citaten"/><SP WIDTH="16" VPOS="1185" HPOS="605"/>
							<String ID="string_371" HPOS="621" VPOS="1185" WIDTH="58" HEIGHT="20" WC="0.96" CONTENT="hålla"/><SP WIDTH="16" VPOS="1185" HPOS="679"/>
							<String ID="string_372" HPOS="695" VPOS="1185" WIDTH="30" HEIGHT="26" WC="0.96" CONTENT="sig"/><SP WIDTH="15" VPOS="1185" HPOS="725"/>
							<String ID="string_373" HPOS="740" VPOS="1184" WIDTH="35" HEIGHT="21" WC="0.96" CONTENT="vid"/><SP WIDTH="16" VPOS="1184" HPOS="775"/>
							<String ID="string_374" HPOS="791" VPOS="1184" WIDTH="75" HEIGHT="26" WC="0.93" CONTENT="sjelfva"/><SP WIDTH="12" VPOS="1184" HPOS="866"/>
							<String ID="string_375" HPOS="878" VPOS="1185" WIDTH="61" HEIGHT="20" WC="0.92" CONTENT="orda-"/>
						</TextLine>
						<TextLine ID="line_37" HPOS="114" VPOS="1211" WIDTH="825" HEIGHT="28">
							<String ID="string_376" HPOS="114" VPOS="1212" WIDTH="62" HEIGHT="25" WC="0.96" CONTENT="lagen"/><SP WIDTH="16" VPOS="1212" HPOS="176"/>
							<String ID="string_377" HPOS="192" VPOS="1212" WIDTH="7" HEIGHT="20" WC="0.93" CONTENT="i"/><SP WIDTH="15" VPOS="1212" HPOS="199"/>
							<String ID="string_378" HPOS="214" VPOS="1211" WIDTH="213" HEIGHT="23" WC="0.91" CONTENT="konkordieformeln."/><SP WIDTH="31" VPOS="1211" HPOS="427"/>
							<String ID="string_379" HPOS="458" VPOS="1213" WIDTH="42" HEIGHT="21" WC="0.96" CONTENT="För"/><SP WIDTH="17" VPOS="1213" HPOS="500"/>
							<String ID="string_380" HPOS="517" VPOS="1213" WIDTH="64" HEIGHT="26" WC="0.95" CONTENT="öfrigt"/><SP WIDTH="14" VPOS="1213" HPOS="581"/>
							<String ID="string_381" HPOS="595" VPOS="1213" WIDTH="34" HEIGHT="21" WC="0.96" CONTENT="får"/><SP WIDTH="12" VPOS="1213" HPOS="629"/>
							<String ID="string_382" HPOS="641" VPOS="1213" WIDTH="43" HEIGHT="26" WC="0.96" CONTENT="jag,"/><SP WIDTH="17" VPOS="1213" HPOS="684"/>
							<String ID="string_383" HPOS="701" VPOS="1213" WIDTH="32" HEIGHT="20" WC="0.96" CONTENT="för"/><SP WIDTH="15" VPOS="1213" HPOS="733"/>
							<String ID="string_384" HPOS="748" VPOS="1214" WIDTH="33" HEIGHT="19" WC="0.96" CONTENT="att"/><SP WIDTH="12" VPOS="1214" HPOS="781"/>
							<String ID="string_385" HPOS="793" VPOS="1212" WIDTH="86" HEIGHT="21" WC="0.96" CONTENT="bemöta"/><SP WIDTH="11" VPOS="1212" HPOS="879"/>
							<String ID="string_386" HPOS="890" VPOS="1213" WIDTH="49" HEIGHT="20" WC="0.96" CONTENT="herr"/>
						</TextLine>
						<TextLine ID="line_38" HPOS="114" VPOS="1239" WIDTH="825" HEIGHT="28">
							<String ID="string_387" HPOS="114" VPOS="1239" WIDTH="200" HEIGHT="28" WC="0.93" CONTENT="kontraktsprosten"/><SP WIDTH="16" VPOS="1239" HPOS="314"/>
							<String ID="string_388" HPOS="330" VPOS="1241" WIDTH="119" HEIGHT="26" WC="0.91" CONTENT="Ehrström,"/><SP WIDTH="16" VPOS="1241" HPOS="449"/>
							<String ID="string_389" HPOS="465" VPOS="1241" WIDTH="64" HEIGHT="26" WC="0.96" CONTENT="bedja"/><SP WIDTH="16" VPOS="1241" HPOS="529"/>
							<String ID="string_390" HPOS="545" VPOS="1241" WIDTH="36" HEIGHT="21" WC="0.91" CONTENT="det"/><SP WIDTH="16" VPOS="1241" HPOS="581"/>
							<String ID="string_391" HPOS="597" VPOS="1241" WIDTH="130" HEIGHT="26" WC="0.91" CONTENT="högvördiga"/><SP WIDTH="8" VPOS="1241" HPOS="727"/>
							<String ID="string_392" HPOS="735" VPOS="1240" WIDTH="85" HEIGHT="21" WC="0.96" CONTENT="ståndet"/><SP WIDTH="9" VPOS="1240" HPOS="820"/>
							<String ID="string_393" HPOS="829" VPOS="1241" WIDTH="48" HEIGHT="20" WC="0.92" CONTENT="med"/><SP WIDTH="8" VPOS="1241" HPOS="877"/>
							<String ID="string_394" HPOS="885" VPOS="1241" WIDTH="54" HEIGHT="20" WC="0.90" CONTENT="tåla-"/>
						</TextLine>
						<TextLine ID="line_39" HPOS="114" VPOS="1268" WIDTH="824" HEIGHT="28">
							<String ID="string_395" HPOS="114" VPOS="1268" WIDTH="49" HEIGHT="20" WC="0.96" CONTENT="mod"/><SP WIDTH="16" VPOS="1268" HPOS="163"/>
							<String ID="string_396" HPOS="179" VPOS="1269" WIDTH="53" HEIGHT="20" WC="0.95" CONTENT="höra"/><SP WIDTH="15" VPOS="1269" HPOS="232"/>
							<String ID="string_397" HPOS="247" VPOS="1268" WIDTH="93" HEIGHT="27" WC="0.96" CONTENT="följande"/><SP WIDTH="17" VPOS="1268" HPOS="340"/>
							<String ID="string_398" HPOS="357" VPOS="1270" WIDTH="38" HEIGHT="21" WC="0.95" CONTENT="ord"/><SP WIDTH="15" VPOS="1270" HPOS="395"/>
							<String ID="string_399" HPOS="410" VPOS="1269" WIDTH="23" HEIGHT="21" WC="0.46" CONTENT="af"/><SP WIDTH="7" VPOS="1269" HPOS="433"/>
							<String ID="string_400" HPOS="440" VPOS="1276" WIDTH="25" HEIGHT="15" WC="0.46" CONTENT="en"/><SP WIDTH="9" VPOS="1276" HPOS="465"/>
							<String ID="string_401" HPOS="474" VPOS="1269" WIDTH="23" HEIGHT="21" WC="0.94" CONTENT="af"/><SP WIDTH="7" VPOS="1269" HPOS="497"/>
							<String ID="string_402" HPOS="504" VPOS="1275" WIDTH="34" HEIGHT="16" WC="0.96" CONTENT="oss"/><SP WIDTH="9" VPOS="1275" HPOS="538"/>
							<String ID="string_403" HPOS="547" VPOS="1269" WIDTH="43" HEIGHT="21" WC="0.92" CONTENT="alla"/><SP WIDTH="9" VPOS="1269" HPOS="590"/>
							<String ID="string_404" HPOS="599" VPOS="1269" WIDTH="132" HEIGHT="27" WC="0.92" CONTENT="högtvördad"/><SP WIDTH="9" VPOS="1269" HPOS="731"/>
							<String ID="string_405" HPOS="740" VPOS="1275" WIDTH="55" HEIGHT="17" WC="0.96" CONTENT="man,"/><SP WIDTH="10" VPOS="1275" HPOS="795"/>
							<String ID="string_406" HPOS="805" VPOS="1269" WIDTH="49" HEIGHT="20" WC="0.96" CONTENT="herr"/><SP WIDTH="8" VPOS="1269" HPOS="854"/>
							<String ID="string_407" HPOS="862" VPOS="1269" WIDTH="76" HEIGHT="26" WC="0.96" CONTENT="biskop"/>
						</TextLine>
						<TextLine ID="line_40" HPOS="114" VPOS="1295" WIDTH="825" HEIGHT="29">
							<String ID="string_408" HPOS="114" VPOS="1295" WIDTH="127" HEIGHT="27" WC="0.96" CONTENT="Schauman,"/><SP WIDTH="24" VPOS="1295" HPOS="241"/>
							<String ID="string_409" HPOS="265" VPOS="1298" WIDTH="6" HEIGHT="20" WC="0.91" CONTENT="i"/><SP WIDTH="24" VPOS="1298" HPOS="271"/>
							<String ID="string_410" HPOS="295" VPOS="1298" WIDTH="118" HEIGHT="21" WC="0.91" CONTENT="motiverna"/><SP WIDTH="22" VPOS="1298" HPOS="413"/>
							<String ID="string_411" HPOS="435" VPOS="1298" WIDTH="33" HEIGHT="21" WC="0.96" CONTENT="till"/><SP WIDTH="24" VPOS="1298" HPOS="468"/>
							<String ID="string_412" HPOS="492" VPOS="1298" WIDTH="55" HEIGHT="21" WC="0.96" CONTENT="1863"/><SP WIDTH="20" VPOS="1298" HPOS="547"/>
							<String ID="string_413" HPOS="567" VPOS="1298" WIDTH="34" HEIGHT="20" WC="0.93" CONTENT="års"/><SP WIDTH="16" VPOS="1298" HPOS="601"/>
							<String ID="string_414" HPOS="617" VPOS="1297" WIDTH="203" HEIGHT="27" WC="0.91" CONTENT="kyrkolagsförslag:"/><SP WIDTH="17" VPOS="1297" HPOS="820"/>
							<String ID="string_415" HPOS="837" VPOS="1296" WIDTH="54" HEIGHT="27" WC="0.90" CONTENT=",För"/><SP WIDTH="15" VPOS="1296" HPOS="891"/>
							<String ID="string_416" HPOS="906" VPOS="1299" WIDTH="33" HEIGHT="19" WC="0.97" CONTENT="att"/>
						</TextLine>
						<TextLine ID="line_41" HPOS="114" VPOS="1323" WIDTH="825" HEIGHT="29">
							<String ID="string_417" HPOS="114" VPOS="1323" WIDTH="71" HEIGHT="22" WC="0.95" CONTENT="kunna"/><SP WIDTH="24" VPOS="1323" HPOS="185"/>
							<String ID="string_418" HPOS="209" VPOS="1325" WIDTH="123" HEIGHT="25" WC="0.92" CONTENT="bestämma,"/><SP WIDTH="22" VPOS="1325" HPOS="332"/>
							<String ID="string_419" HPOS="354" VPOS="1326" WIDTH="59" HEIGHT="21" WC="0.92" CONTENT="hvari"/><SP WIDTH="24" VPOS="1326" HPOS="413"/>
							<String ID="string_420" HPOS="437" VPOS="1327" WIDTH="40" HEIGHT="20" WC="0.96" CONTENT="den"/><SP WIDTH="24" VPOS="1327" HPOS="477"/>
							<String ID="string_421" HPOS="501" VPOS="1326" WIDTH="135" HEIGHT="25" WC="0.96" CONTENT="evangeliska"/><SP WIDTH="15" VPOS="1326" HPOS="636"/>
							<String ID="string_422" HPOS="651" VPOS="1326" WIDTH="93" HEIGHT="26" WC="0.93" CONTENT="kyrkans"/><SP WIDTH="15" VPOS="1326" HPOS="744"/>
							<String ID="string_423" HPOS="759" VPOS="1325" WIDTH="91" HEIGHT="21" WC="0.92" CONTENT="väsende"/><SP WIDTH="16" VPOS="1325" HPOS="850"/>
							<String ID="string_424" HPOS="866" VPOS="1325" WIDTH="73" HEIGHT="21" WC="0.95" CONTENT="består"/>
						</TextLine>
						<TextLine ID="line_42" HPOS="114" VPOS="1352" WIDTH="824" HEIGHT="28">
							<String ID="string_425" HPOS="114" VPOS="1352" WIDTH="76" HEIGHT="21" WC="0.96" CONTENT="sådant"/><SP WIDTH="16" VPOS="1352" HPOS="190"/>
							<String ID="string_426" HPOS="206" VPOS="1353" WIDTH="35" HEIGHT="21" WC="0.96" CONTENT="det"/><SP WIDTH="15" VPOS="1353" HPOS="241"/>
							<String ID="string_427" HPOS="256" VPOS="1354" WIDTH="79" HEIGHT="20" WC="0.96" CONTENT="uttalar"/><SP WIDTH="16" VPOS="1354" HPOS="335"/>
							<String ID="string_428" HPOS="351" VPOS="1354" WIDTH="31" HEIGHT="26" WC="0.96" CONTENT="sig"/><SP WIDTH="15" VPOS="1354" HPOS="382"/>
							<String ID="string_429" HPOS="397" VPOS="1354" WIDTH="7" HEIGHT="20" WC="0.96" CONTENT="i"/><SP WIDTH="15" VPOS="1354" HPOS="404"/>
							<String ID="string_430" HPOS="419" VPOS="1356" WIDTH="31" HEIGHT="19" WC="0.96" CONTENT="ett"/><SP WIDTH="16" VPOS="1356" HPOS="450"/>
							<String ID="string_431" HPOS="466" VPOS="1354" WIDTH="109" HEIGHT="20" WC="0.93" CONTENT="bestämdt"/><SP WIDTH="15" VPOS="1354" HPOS="575"/>
							<String ID="string_432" HPOS="590" VPOS="1353" WIDTH="146" HEIGHT="27" WC="0.91" CONTENT="trosinnehåll,"/><SP WIDTH="16" VPOS="1353" HPOS="736"/>
							<String ID="string_433" HPOS="752" VPOS="1353" WIDTH="67" HEIGHT="21" WC="0.96" CONTENT="måste"/><SP WIDTH="12" VPOS="1353" HPOS="819"/>
							<String ID="string_434" HPOS="831" VPOS="1359" WIDTH="49" HEIGHT="14" WC="0.93" CONTENT="man"/><SP WIDTH="11" VPOS="1359" HPOS="880"/>
							<String ID="string_435" HPOS="891" VPOS="1353" WIDTH="47" HEIGHT="21" WC="0.90" CONTENT="råd-"/>
						</TextLine>
						<TextLine ID="line_43" HPOS="113" VPOS="1380" WIDTH="825" HEIGHT="29">
							<String ID="string_436" HPOS="113" VPOS="1380" WIDTH="61" HEIGHT="27" WC="0.96" CONTENT="fråga"/><SP WIDTH="15" VPOS="1380" HPOS="174"/>
							<String ID="string_437" HPOS="189" VPOS="1381" WIDTH="58" HEIGHT="22" WC="0.96" CONTENT="tiden"/><SP WIDTH="15" VPOS="1381" HPOS="247"/>
							<String ID="string_438" HPOS="262" VPOS="1382" WIDTH="33" HEIGHT="21" WC="0.96" CONTENT="för"/><SP WIDTH="16" VPOS="1382" HPOS="295"/>
							<String ID="string_439" HPOS="311" VPOS="1382" WIDTH="47" HEIGHT="21" WC="0.95" CONTENT="dess"/><SP WIDTH="16" VPOS="1382" HPOS="358"/>
							<String ID="string_440" HPOS="374" VPOS="1382" WIDTH="67" HEIGHT="22" WC="0.96" CONTENT="första"/><SP WIDTH="16" VPOS="1382" HPOS="441"/>
							<String ID="string_441" HPOS="457" VPOS="1382" WIDTH="123" HEIGHT="27" WC="0.96" CONTENT="uppkomst."/><SP WIDTH="31" VPOS="1382" HPOS="580"/>
							<String ID="string_442" HPOS="611" VPOS="1382" WIDTH="34" HEIGHT="21" WC="0.96" CONTENT="Nu"/><SP WIDTH="16" VPOS="1382" HPOS="645"/>
							<String ID="string_443" HPOS="661" VPOS="1384" WIDTH="36" HEIGHT="19" WC="0.96" CONTENT="äro"/><SP WIDTH="16" VPOS="1384" HPOS="697"/>
							<String ID="string_444" HPOS="713" VPOS="1382" WIDTH="40" HEIGHT="21" WC="0.96" CONTENT="den"/><SP WIDTH="16" VPOS="1382" HPOS="753"/>
							<String ID="string_445" HPOS="769" VPOS="1381" WIDTH="111" HEIGHT="22" WC="0.93" CONTENT="lutherska"/><SP WIDTH="10" VPOS="1381" HPOS="880"/>
							<String ID="string_446" HPOS="890" VPOS="1381" WIDTH="48" HEIGHT="27" WC="0.92" CONTENT="kyr-"/>
						</TextLine>
						<TextLine ID="line_44" HPOS="113" VPOS="1409" WIDTH="827" HEIGHT="28">
							<String ID="string_447" HPOS="113" VPOS="1409" WIDTH="53" HEIGHT="20" WC="0.92" CONTENT="kans"/><SP WIDTH="21" VPOS="1409" HPOS="166"/>
							<String ID="string_448" HPOS="187" VPOS="1410" WIDTH="129" HEIGHT="25" WC="0.96" CONTENT="symboliska"/><SP WIDTH="20" VPOS="1410" HPOS="316"/>
							<String ID="string_449" HPOS="336" VPOS="1411" WIDTH="83" HEIGHT="26" WC="0.96" CONTENT="böcker,"/><SP WIDTH="17" VPOS="1411" HPOS="419"/>
							<String ID="string_450" HPOS="436" VPOS="1411" WIDTH="48" HEIGHT="20" WC="0.96" CONTENT="med"/><SP WIDTH="16" VPOS="1411" HPOS="484"/>
							<String ID="string_451" HPOS="500" VPOS="1411" WIDTH="111" HEIGHT="26" WC="0.96" CONTENT="undantag"/><SP WIDTH="15" VPOS="1411" HPOS="611"/>
							<String ID="string_452" HPOS="626" VPOS="1411" WIDTH="23" HEIGHT="20" WC="0.93" CONTENT="af"/><SP WIDTH="14" VPOS="1411" HPOS="649"/>
							<String ID="string_453" HPOS="663" VPOS="1411" WIDTH="90" HEIGHT="20" WC="0.90" CONTENT="formula"/><SP WIDTH="16" VPOS="1411" HPOS="753"/>
							<String ID="string_454" HPOS="769" VPOS="1410" WIDTH="133" HEIGHT="25" WC="0.91" CONTENT="concordiae,"/><SP WIDTH="16" VPOS="1410" HPOS="902"/>
							<String ID="string_455" HPOS="918" VPOS="1410" WIDTH="22" HEIGHT="20" WC="0.96" CONTENT="af"/>
						</TextLine>
						<TextLine ID="line_45" HPOS="113" VPOS="1437" WIDTH="825" HEIGHT="29">
							<String ID="string_456" HPOS="113" VPOS="1437" WIDTH="178" HEIGHT="22" WC="0.90" CONTENT="reformatorerne"/><SP WIDTH="24" VPOS="1437" HPOS="291"/>
							<String ID="string_457" HPOS="315" VPOS="1439" WIDTH="72" HEIGHT="26" WC="0.92" CONTENT="sjelfve"/><SP WIDTH="22" VPOS="1439" HPOS="387"/>
							<String ID="string_458" HPOS="409" VPOS="1439" WIDTH="7" HEIGHT="20" WC="0.96" CONTENT="i"/><SP WIDTH="21" VPOS="1439" HPOS="416"/>
							<String ID="string_459" HPOS="437" VPOS="1439" WIDTH="94" HEIGHT="27" WC="0.96" CONTENT="kyrkans"/><SP WIDTH="23" VPOS="1439" HPOS="531"/>
							<String ID="string_460" HPOS="554" VPOS="1445" WIDTH="63" HEIGHT="14" WC="0.95" CONTENT="namn"/><SP WIDTH="20" VPOS="1445" HPOS="617"/>
							<String ID="string_461" HPOS="637" VPOS="1439" WIDTH="96" HEIGHT="21" WC="0.96" CONTENT="uttalade"/><SP WIDTH="22" VPOS="1439" HPOS="733"/>
							<String ID="string_462" HPOS="755" VPOS="1438" WIDTH="133" HEIGHT="21" WC="0.96" CONTENT="vittnesbörd"/><SP WIDTH="16" VPOS="1438" HPOS="888"/>
							<String ID="string_463" HPOS="904" VPOS="1444" WIDTH="34" HEIGHT="14" WC="0.96" CONTENT="om"/>
						</TextLine>
						<TextLine ID="line_46" HPOS="112" VPOS="1465" WIDTH="826" HEIGHT="27">
							<String ID="string_464" HPOS="112" VPOS="1466" WIDTH="176" HEIGHT="21" WC="0.96" CONTENT="reformationens"/><SP WIDTH="15" VPOS="1466" HPOS="288"/>
							<String ID="string_465" HPOS="303" VPOS="1467" WIDTH="132" HEIGHT="21" WC="0.96" CONTENT="förhållande"/><SP WIDTH="16" VPOS="1467" HPOS="435"/>
							<String ID="string_466" HPOS="451" VPOS="1467" WIDTH="46" HEIGHT="21" WC="0.96" CONTENT="dels"/><SP WIDTH="15" VPOS="1467" HPOS="497"/>
							<String ID="string_467" HPOS="512" VPOS="1467" WIDTH="32" HEIGHT="20" WC="0.96" CONTENT="till"/><SP WIDTH="17" VPOS="1467" HPOS="544"/>
							<String ID="string_468" HPOS="561" VPOS="1467" WIDTH="40" HEIGHT="21" WC="0.93" CONTENT="den"/><SP WIDTH="16" VPOS="1467" HPOS="601"/>
							<String ID="string_469" HPOS="617" VPOS="1467" WIDTH="220" HEIGHT="21" WC="0.92" CONTENT="romersk-katholska"/><SP WIDTH="11" VPOS="1467" HPOS="837"/>
							<String ID="string_470" HPOS="848" VPOS="1465" WIDTH="90" HEIGHT="27" WC="0.96" CONTENT="kyrkan,"/>
						</TextLine>
						<TextLine ID="line_47" HPOS="112" VPOS="1493" WIDTH="826" HEIGHT="28">
							<String ID="string_471" HPOS="112" VPOS="1494" WIDTH="46" HEIGHT="21" WC="0.94" CONTENT="dels"/><SP WIDTH="18" VPOS="1494" HPOS="158"/>
							<String ID="string_472" HPOS="176" VPOS="1495" WIDTH="32" HEIGHT="20" WC="0.94" CONTENT="till"/><SP WIDTH="16" VPOS="1495" HPOS="208"/>
							<String ID="string_473" HPOS="224" VPOS="1494" WIDTH="107" HEIGHT="27" WC="0.93" CONTENT="åtskilliga"/><SP WIDTH="16" VPOS="1494" HPOS="331"/>
							<String ID="string_474" HPOS="347" VPOS="1495" WIDTH="123" HEIGHT="26" WC="0.91" CONTENT="svärmiska,"/><SP WIDTH="17" VPOS="1495" HPOS="470"/>
							<String ID="string_475" HPOS="487" VPOS="1495" WIDTH="116" HEIGHT="21" WC="0.90" CONTENT="anarkiska"/><SP WIDTH="16" VPOS="1495" HPOS="603"/>
							<String ID="string_476" HPOS="619" VPOS="1495" WIDTH="39" HEIGHT="21" WC="0.96" CONTENT="och"/><SP WIDTH="16" VPOS="1495" HPOS="658"/>
							<String ID="string_477" HPOS="674" VPOS="1495" WIDTH="159" HEIGHT="21" WC="0.93" CONTENT="naturalistiska"/><SP WIDTH="16" VPOS="1495" HPOS="833"/>
							<String ID="string_478" HPOS="849" VPOS="1493" WIDTH="89" HEIGHT="22" WC="0.89" CONTENT="riktnin-"/>
						</TextLine>
					</TextBlock>
				</ComposedBlock>
			</PrintSpace>
		</Page>
	</Layout>
</alto>
