<?xml version="1.0" encoding="UTF-8"?>
<alto xmlns="http://www.loc.gov/standards/alto/ns-v3#" xmlns:xlink="http://www.w3.org/1999/xlink" xmlns:xsi="http://www.w3.org/2001/XMLSchema-instance" xsi:schemaLocation="http://www.loc.gov/standards/alto/ns-v3# http://www.loc.gov/alto/v3/alto-3-0.xsd">
	<Description>
		<MeasurementUnit>pixel</MeasurementUnit>
		<sourceImageInformation>
			<fileName>/tmp/tess_ejwqnr49_input.PNG</fileName>
		</sourceImageInformation>
		<OCRProcessing ID="OCR_0">
			<ocrProcessingStep>
				<processingSoftware>
					<softwareName>tesseract 5.3.4</softwareName>
				</processingSoftware>
			</ocrProcessingStep>
		</OCRProcessing>
	</Description>
	<Layout>
		<Page WIDTH="1109" HEIGHT="1795" PHYSICAL_IMG_NR="0" ID="page_0">
			<PrintSpace HPOS="0" VPOS="0" WIDTH="1109" HEIGHT="1795">
				<GraphicalElement ID="cblock_0" HPOS="6" VPOS="821" WIDTH="4" HEIGHT="327"></GraphicalElement >
				<ComposedBlock ID="cblock_1" HPOS="337" VPOS="109" WIDTH="572" HEIGHT="22">
					<TextBlock ID="block_0" HPOS="337" VPOS="109" WIDTH="572" HEIGHT="22">
						<TextLine ID="line_0" HPOS="337" VPOS="109" WIDTH="572" HEIGHT="22">
							<String ID="string_0" HPOS="337" VPOS="113" WIDTH="167" HEIGHT="18" WC="0.89" CONTENT="Presteståndet."/><SP WIDTH="25" VPOS="113" HPOS="504"/>
							<String ID="string_1" HPOS="529" VPOS="113" WIDTH="56" HEIGHT="18" WC="0.95" CONTENT="1867."/><SP WIDTH="24" VPOS="113" HPOS="585"/>
							<String ID="string_2" HPOS="609" VPOS="113" WIDTH="13" HEIGHT="18" WC="0.96" CONTENT="6"/><SP WIDTH="12" VPOS="113" HPOS="622"/>
							<String ID="string_3" HPOS="634" VPOS="113" WIDTH="62" HEIGHT="18" WC="0.96" CONTENT="Mars."/><SP WIDTH="172" VPOS="113" HPOS="696"/>
							<String ID="string_4" HPOS="868" VPOS="109" WIDTH="41" HEIGHT="21" WC="0.96" CONTENT="183"/>
						</TextLine>
					</TextBlock>
				</ComposedBlock>
				<GraphicalElement ID="cblock_2" HPOS="622" VPOS="154" WIDTH="314" HEIGHT="5"></GraphicalElement >
				<ComposedBlock ID="cblock_3" HPOS="108" VPOS="198" WIDTH="829" HEIGHT="58">
					<TextBlock ID="block_1" HPOS="108" VPOS="198" WIDTH="829" HEIGHT="58">
						<TextLine ID="line_1" HPOS="178" VPOS="198" WIDTH="759" HEIGHT="28">
							<String ID="string_5" HPOS="178" VPOS="199" WIDTH="147" HEIGHT="26" WC="0.56" CONTENT=",Godkänner"/><SP WIDTH="10" VPOS="199" HPOS="325"/>
							<String ID="string_6" HPOS="335" VPOS="199" WIDTH="132" HEIGHT="27" WC="0.92" CONTENT="högvördiga"/><SP WIDTH="10" VPOS="199" HPOS="467"/>
							<String ID="string_7" HPOS="477" VPOS="199" WIDTH="86" HEIGHT="21" WC="0.96" CONTENT="ståndet"/><SP WIDTH="10" VPOS="199" HPOS="563"/>
							<String ID="string_8" HPOS="573" VPOS="199" WIDTH="113" HEIGHT="20" WC="0.96" CONTENT="utskottets"/><SP WIDTH="11" VPOS="199" HPOS="686"/>
							<String ID="string_9" HPOS="697" VPOS="198" WIDTH="134" HEIGHT="23" WC="0.96" CONTENT="betänkande"/><SP WIDTH="10" VPOS="198" HPOS="831"/>
							<String ID="string_10" HPOS="841" VPOS="200" WIDTH="96" HEIGHT="21" WC="0.96" CONTENT="rörande"/>
						</TextLine>
						<TextLine ID="line_2" HPOS="108" VPOS="227" WIDTH="222" HEIGHT="29">
							<String ID="string_11" HPOS="108" VPOS="228" WIDTH="14" HEIGHT="28" WC="0.92" CONTENT="$"/><SP WIDTH="15" VPOS="228" HPOS="122"/>
							<String ID="string_12" HPOS="137" VPOS="230" WIDTH="36" HEIGHT="24" WC="0.96" CONTENT="16,"/><SP WIDTH="15" VPOS="230" HPOS="173"/>
							<String ID="string_13" HPOS="188" VPOS="229" WIDTH="51" HEIGHT="20" WC="0.96" CONTENT="eller"/><SP WIDTH="15" VPOS="229" HPOS="239"/>
							<String ID="string_14" HPOS="254" VPOS="227" WIDTH="76" HEIGHT="21" WC="0.87" CONTENT="icke?&quot;"/>
						</TextLine>
					</TextBlock>
				</ComposedBlock>
				<ComposedBlock ID="cblock_4" HPOS="108" VPOS="283" WIDTH="828" HEIGHT="51">
					<TextBlock ID="block_2" HPOS="108" VPOS="283" WIDTH="828" HEIGHT="51">
						<TextLine ID="line_3" HPOS="177" VPOS="283" WIDTH="759" HEIGHT="28">
							<String ID="string_15" HPOS="177" VPOS="284" WIDTH="132" HEIGHT="22" WC="0.91" CONTENT="Besvarades"/><SP WIDTH="15" VPOS="284" HPOS="309"/>
							<String ID="string_16" HPOS="324" VPOS="284" WIDTH="48" HEIGHT="21" WC="0.96" CONTENT="med"/><SP WIDTH="18" VPOS="284" HPOS="372"/>
							<String ID="string_17" HPOS="390" VPOS="285" WIDTH="25" HEIGHT="20" WC="0.96" CONTENT="12"/><SP WIDTH="16" VPOS="285" HPOS="415"/>
							<String ID="string_18" HPOS="431" VPOS="283" WIDTH="37" HEIGHT="28" WC="0.96" CONTENT="nej"/><SP WIDTH="14" VPOS="283" HPOS="468"/>
							<String ID="string_19" HPOS="482" VPOS="286" WIDTH="45" HEIGHT="20" WC="0.96" CONTENT="mot"/><SP WIDTH="16" VPOS="286" HPOS="527"/>
							<String ID="string_20" HPOS="543" VPOS="285" WIDTH="25" HEIGHT="21" WC="0.96" CONTENT="11"/><SP WIDTH="13" VPOS="285" HPOS="568"/>
							<String ID="string_21" HPOS="581" VPOS="284" WIDTH="38" HEIGHT="27" WC="0.95" CONTENT="ja;"/><SP WIDTH="16" VPOS="284" HPOS="619"/>
							<String ID="string_22" HPOS="635" VPOS="284" WIDTH="6" HEIGHT="21" WC="0.96" CONTENT="i"/><SP WIDTH="15" VPOS="284" HPOS="641"/>
							<String ID="string_23" HPOS="656" VPOS="284" WIDTH="53" HEIGHT="27" WC="0.96" CONTENT="följd"/><SP WIDTH="12" VPOS="284" HPOS="709"/>
							<String ID="string_24" HPOS="721" VPOS="284" WIDTH="76" HEIGHT="22" WC="0.96" CONTENT="hvaraf"/><SP WIDTH="10" VPOS="284" HPOS="797"/>
							<String ID="string_25" HPOS="807" VPOS="285" WIDTH="83" HEIGHT="22" WC="0.93" CONTENT="således"/><SP WIDTH="12" VPOS="285" HPOS="890"/>
							<String ID="string_26" HPOS="902" VPOS="286" WIDTH="34" HEIGHT="20" WC="0.92" CONTENT="ut-"/>
						</TextLine>
						<TextLine ID="line_4" HPOS="108" VPOS="313" WIDTH="412" HEIGHT="21">
							<String ID="string_27" HPOS="108" VPOS="313" WIDTH="92" HEIGHT="21" WC="0.93" CONTENT="skottets"/><SP WIDTH="15" VPOS="313" HPOS="200"/>
							<String ID="string_28" HPOS="215" VPOS="313" WIDTH="135" HEIGHT="21" WC="0.96" CONTENT="betänkande"/><SP WIDTH="15" VPOS="313" HPOS="350"/>
							<String ID="string_29" HPOS="365" VPOS="313" WIDTH="155" HEIGHT="21" WC="0.95" CONTENT="underkändes."/>
						</TextLine>
					</TextBlock>
				</ComposedBlock>
				<ComposedBlock ID="cblock_5" HPOS="108" VPOS="369" WIDTH="827" HEIGHT="51">
					<TextBlock ID="block_3" HPOS="108" VPOS="369" WIDTH="827" HEIGHT="51">
						<TextLine ID="line_5" HPOS="176" VPOS="369" WIDTH="759" HEIGHT="28">
							<String ID="string_30" HPOS="176" VPOS="370" WIDTH="99" HEIGHT="22" WC="0.92" CONTENT="Derefter"/><SP WIDTH="22" VPOS="370" HPOS="275"/>
							<String ID="string_31" HPOS="297" VPOS="369" WIDTH="142" HEIGHT="22" WC="0.95" CONTENT="framställdes"/><SP WIDTH="23" VPOS="369" HPOS="439"/>
							<String ID="string_32" HPOS="462" VPOS="369" WIDTH="23" HEIGHT="22" WC="0.96" CONTENT="af"/><SP WIDTH="21" VPOS="369" HPOS="485"/>
							<String ID="string_33" HPOS="506" VPOS="370" WIDTH="51" HEIGHT="21" WC="0.93" CONTENT="herr"/><SP WIDTH="22" VPOS="370" HPOS="557"/>
							<String ID="string_34" HPOS="579" VPOS="370" WIDTH="136" HEIGHT="21" WC="0.91" CONTENT="talemannen"/><SP WIDTH="24" VPOS="370" HPOS="715"/>
							<String ID="string_35" HPOS="739" VPOS="369" WIDTH="95" HEIGHT="28" WC="0.93" CONTENT="följande"/><SP WIDTH="24" VPOS="369" HPOS="834"/>
							<String ID="string_36" HPOS="858" VPOS="377" WIDTH="77" HEIGHT="20" WC="0.92" CONTENT="propo-"/>
						</TextLine>
						<TextLine ID="line_6" HPOS="108" VPOS="399" WIDTH="74" HEIGHT="21">
							<String ID="string_37" HPOS="108" VPOS="399" WIDTH="74" HEIGHT="21" WC="0.90" CONTENT="sition:"/>
						</TextLine>
					</TextBlock>
				</ComposedBlock>
				<ComposedBlock ID="cblock_6" HPOS="106" VPOS="455" WIDTH="829" HEIGHT="56">
					<TextBlock ID="block_4" HPOS="106" VPOS="455" WIDTH="829" HEIGHT="56">
						<TextLine ID="line_7" HPOS="177" VPOS="455" WIDTH="758" HEIGHT="28">
							<String ID="string_38" HPOS="177" VPOS="455" WIDTH="147" HEIGHT="25" WC="0.36" CONTENT="»Godkänner"/><SP WIDTH="15" VPOS="455" HPOS="324"/>
							<String ID="string_39" HPOS="339" VPOS="455" WIDTH="132" HEIGHT="28" WC="0.92" CONTENT="högvördiga"/><SP WIDTH="15" VPOS="455" HPOS="471"/>
							<String ID="string_40" HPOS="486" VPOS="455" WIDTH="87" HEIGHT="21" WC="0.96" CONTENT="ståndet"/><SP WIDTH="15" VPOS="455" HPOS="573"/>
							<String ID="string_41" HPOS="588" VPOS="455" WIDTH="173" HEIGHT="28" WC="0.90" CONTENT="ifrågavarande"/><SP WIDTH="15" VPOS="455" HPOS="761"/>
							<String ID="string_42" HPOS="776" VPOS="455" WIDTH="15" HEIGHT="28" WC="0.90" CONTENT="$"/><SP WIDTH="16" VPOS="455" HPOS="791"/>
							<String ID="string_43" HPOS="807" VPOS="456" WIDTH="67" HEIGHT="27" WC="0.93" CONTENT="enligt"/><SP WIDTH="15" VPOS="456" HPOS="874"/>
							<String ID="string_44" HPOS="889" VPOS="455" WIDTH="46" HEIGHT="28" WC="0.92" CONTENT="kej-"/>
						</TextLine>
						<TextLine ID="line_8" HPOS="106" VPOS="483" WIDTH="422" HEIGHT="28">
							<String ID="string_45" HPOS="106" VPOS="484" WIDTH="81" HEIGHT="27" WC="0.92" CONTENT="serliga"/><SP WIDTH="13" VPOS="484" HPOS="187"/>
							<String ID="string_46" HPOS="200" VPOS="484" WIDTH="171" HEIGHT="27" WC="0.96" CONTENT="propositionen,"/><SP WIDTH="16" VPOS="484" HPOS="371"/>
							<String ID="string_47" HPOS="387" VPOS="484" WIDTH="51" HEIGHT="21" WC="0.96" CONTENT="eller"/><SP WIDTH="15" VPOS="484" HPOS="438"/>
							<String ID="string_48" HPOS="453" VPOS="483" WIDTH="75" HEIGHT="22" WC="0.31" CONTENT="icke?&quot;"/>
						</TextLine>
					</TextBlock>
				</ComposedBlock>
				<ComposedBlock ID="cblock_7" HPOS="107" VPOS="540" WIDTH="827" HEIGHT="55">
					<TextBlock ID="block_5" HPOS="107" VPOS="540" WIDTH="827" HEIGHT="55">
						<TextLine ID="line_9" HPOS="175" VPOS="540" WIDTH="759" HEIGHT="28">
							<String ID="string_49" HPOS="175" VPOS="541" WIDTH="132" HEIGHT="21" WC="0.91" CONTENT="Besvarades"/><SP WIDTH="15" VPOS="541" HPOS="307"/>
							<String ID="string_50" HPOS="322" VPOS="541" WIDTH="101" HEIGHT="26" WC="0.96" CONTENT="enhälligt"/><SP WIDTH="15" VPOS="541" HPOS="423"/>
							<String ID="string_51" HPOS="438" VPOS="541" WIDTH="108" HEIGHT="26" WC="0.93" CONTENT="nekande;"/><SP WIDTH="16" VPOS="541" HPOS="546"/>
							<String ID="string_52" HPOS="562" VPOS="541" WIDTH="108" HEIGHT="21" WC="0.91" CONTENT="blifvande"/><SP WIDTH="15" VPOS="541" HPOS="670"/>
							<String ID="string_53" HPOS="685" VPOS="540" WIDTH="82" HEIGHT="22" WC="0.96" CONTENT="således"/><SP WIDTH="16" VPOS="540" HPOS="767"/>
							<String ID="string_54" HPOS="783" VPOS="540" WIDTH="63" HEIGHT="23" WC="0.96" CONTENT="äfven"/><SP WIDTH="10" VPOS="540" HPOS="846"/>
							<String ID="string_55" HPOS="856" VPOS="541" WIDTH="78" HEIGHT="27" WC="0.96" CONTENT="nådiga"/>
						</TextLine>
						<TextLine ID="line_10" HPOS="107" VPOS="569" WIDTH="304" HEIGHT="26">
							<String ID="string_56" HPOS="107" VPOS="569" WIDTH="158" HEIGHT="26" WC="0.96" CONTENT="propositionen"/><SP WIDTH="15" VPOS="569" HPOS="265"/>
							<String ID="string_57" HPOS="280" VPOS="569" WIDTH="131" HEIGHT="22" WC="0.96" CONTENT="underkänd."/>
						</TextLine>
					</TextBlock>
				</ComposedBlock>
				<ComposedBlock ID="cblock_8" HPOS="175" VPOS="625" WIDTH="757" HEIGHT="28">
					<TextBlock ID="block_6" HPOS="175" VPOS="625" WIDTH="757" HEIGHT="28">
						<TextLine ID="line_11" HPOS="175" VPOS="625" WIDTH="757" HEIGHT="28">
							<String ID="string_58" HPOS="175" VPOS="625" WIDTH="130" HEIGHT="28" WC="0.96" CONTENT="Ytterligare"/><SP WIDTH="15" VPOS="625" HPOS="305"/>
							<String ID="string_59" HPOS="320" VPOS="626" WIDTH="133" HEIGHT="21" WC="0.96" CONTENT="framställde"/><SP WIDTH="14" VPOS="626" HPOS="453"/>
							<String ID="string_60" HPOS="467" VPOS="625" WIDTH="51" HEIGHT="22" WC="0.93" CONTENT="herr"/><SP WIDTH="16" VPOS="625" HPOS="518"/>
							<String ID="string_61" HPOS="534" VPOS="626" WIDTH="135" HEIGHT="21" WC="0.90" CONTENT="talemannen"/><SP WIDTH="16" VPOS="626" HPOS="669"/>
							<String ID="string_62" HPOS="685" VPOS="625" WIDTH="94" HEIGHT="27" WC="0.96" CONTENT="följande"/><SP WIDTH="12" VPOS="625" HPOS="779"/>
							<String ID="string_63" HPOS="791" VPOS="626" WIDTH="141" HEIGHT="27" WC="0.96" CONTENT="proposition:"/>
						</TextLine>
					</TextBlock>
				</ComposedBlock>
				<ComposedBlock ID="cblock_9" HPOS="105" VPOS="683" WIDTH="828" HEIGHT="141">
					<TextBlock ID="block_7" HPOS="105" VPOS="683" WIDTH="828" HEIGHT="141">
						<TextLine ID="line_12" HPOS="175" VPOS="683" WIDTH="757" HEIGHT="28">
							<String ID="string_64" HPOS="175" VPOS="683" WIDTH="85" HEIGHT="25" WC="0.6" CONTENT="Anser"/><SP WIDTH="10" VPOS="683" HPOS="260"/>
							<String ID="string_65" HPOS="270" VPOS="683" WIDTH="131" HEIGHT="27" WC="0.92" CONTENT="högvördiga"/><SP WIDTH="9" VPOS="683" HPOS="401"/>
							<String ID="string_66" HPOS="410" VPOS="683" WIDTH="87" HEIGHT="20" WC="0.96" CONTENT="ståndet"/><SP WIDTH="11" VPOS="683" HPOS="497"/>
							<String ID="string_67" HPOS="508" VPOS="683" WIDTH="60" HEIGHT="20" WC="0.93" CONTENT="ordet"/><SP WIDTH="11" VPOS="683" HPOS="568"/>
							<String ID="string_68" HPOS="579" VPOS="683" WIDTH="129" HEIGHT="28" WC="0.58" CONTENT=",,olofligen&quot;"/><SP WIDTH="12" VPOS="683" HPOS="708"/>
							<String ID="string_69" HPOS="720" VPOS="683" WIDTH="212" HEIGHT="28" WC="0.91" CONTENT="tillfyllestgörande,"/>
						</TextLine>
						<TextLine ID="line_13" HPOS="106" VPOS="711" WIDTH="826" HEIGHT="28">
							<String ID="string_70" HPOS="106" VPOS="712" WIDTH="52" HEIGHT="21" WC="0.94" CONTENT="eller"/><SP WIDTH="21" VPOS="712" HPOS="158"/>
							<String ID="string_71" HPOS="179" VPOS="711" WIDTH="58" HEIGHT="21" WC="0.95" CONTENT="skall"/><SP WIDTH="22" VPOS="711" HPOS="237"/>
							<String ID="string_72" HPOS="259" VPOS="712" WIDTH="73" HEIGHT="26" WC="0.96" CONTENT="någon"/><SP WIDTH="15" VPOS="712" HPOS="332"/>
							<String ID="string_73" HPOS="347" VPOS="711" WIDTH="134" HEIGHT="28" WC="0.96" CONTENT="bestämning"/><SP WIDTH="16" VPOS="711" HPOS="481"/>
							<String ID="string_74" HPOS="497" VPOS="711" WIDTH="122" HEIGHT="21" WC="0.95" CONTENT="tillkomma"/><SP WIDTH="16" VPOS="711" HPOS="619"/>
							<String ID="string_75" HPOS="635" VPOS="718" WIDTH="33" HEIGHT="14" WC="0.95" CONTENT="om"/><SP WIDTH="15" VPOS="718" HPOS="668"/>
							<String ID="string_76" HPOS="683" VPOS="712" WIDTH="64" HEIGHT="27" WC="0.95" CONTENT="tvång"/><SP WIDTH="10" VPOS="712" HPOS="747"/>
							<String ID="string_77" HPOS="757" VPOS="711" WIDTH="43" HEIGHT="27" WC="0.93" CONTENT="för"/><SP WIDTH="7" VPOS="711" HPOS="800"/>
							<String ID="string_78" HPOS="807" VPOS="711" WIDTH="125" HEIGHT="28" WC="0.91" CONTENT="jordegare,"/>
						</TextLine>
						<TextLine ID="line_14" HPOS="106" VPOS="739" WIDTH="827" HEIGHT="28">
							<String ID="string_79" HPOS="106" VPOS="747" WIDTH="46" HEIGHT="14" WC="0.96" CONTENT="som"/><SP WIDTH="19" VPOS="747" HPOS="152"/>
							<String ID="string_80" HPOS="171" VPOS="740" WIDTH="22" HEIGHT="27" WC="0.95" CONTENT="ej"/><SP WIDTH="14" VPOS="740" HPOS="193"/>
							<String ID="string_81" HPOS="207" VPOS="740" WIDTH="38" HEIGHT="21" WC="0.95" CONTENT="vill"/><SP WIDTH="16" VPOS="740" HPOS="245"/>
							<String ID="string_82" HPOS="261" VPOS="740" WIDTH="72" HEIGHT="21" WC="0.93" CONTENT="tillåta"/><SP WIDTH="12" VPOS="740" HPOS="333"/>
							<String ID="string_83" HPOS="345" VPOS="740" WIDTH="50" HEIGHT="27" WC="0.92" CONTENT="jagt"/><SP WIDTH="16" VPOS="740" HPOS="395"/>
							<String ID="string_84" HPOS="411" VPOS="741" WIDTH="13" HEIGHT="19" WC="0.92" CONTENT="å"/><SP WIDTH="15" VPOS="741" HPOS="424"/>
							<String ID="string_85" HPOS="439" VPOS="740" WIDTH="50" HEIGHT="21" WC="0.93" CONTENT="sina"/><SP WIDTH="17" VPOS="740" HPOS="489"/>
							<String ID="string_86" HPOS="506" VPOS="739" WIDTH="66" HEIGHT="28" WC="0.92" CONTENT="egor?"/><SP WIDTH="15" VPOS="739" HPOS="572"/>
							<String ID="string_87" HPOS="587" VPOS="739" WIDTH="41" HEIGHT="27" WC="0.96" CONTENT="De,"/><SP WIDTH="16" VPOS="739" HPOS="628"/>
							<String ID="string_88" HPOS="644" VPOS="747" WIDTH="45" HEIGHT="14" WC="0.96" CONTENT="som"/><SP WIDTH="16" VPOS="747" HPOS="689"/>
							<String ID="string_89" HPOS="705" VPOS="747" WIDTH="51" HEIGHT="13" WC="0.96" CONTENT="anse"/><SP WIDTH="15" VPOS="747" HPOS="756"/>
							<String ID="string_90" HPOS="771" VPOS="740" WIDTH="61" HEIGHT="21" WC="0.93" CONTENT="ordet"/><SP WIDTH="15" VPOS="740" HPOS="832"/>
							<String ID="string_91" HPOS="847" VPOS="740" WIDTH="86" HEIGHT="27" WC="0.73" CONTENT=",,olofli-"/>
						</TextLine>
						<TextLine ID="line_15" HPOS="105" VPOS="768" WIDTH="827" HEIGHT="28">
							<String ID="string_92" HPOS="105" VPOS="770" WIDTH="55" HEIGHT="25" WC="0.77" CONTENT="gen&quot;"/><SP WIDTH="17" VPOS="770" HPOS="160"/>
							<String ID="string_93" HPOS="177" VPOS="768" WIDTH="213" HEIGHT="28" WC="0.92" CONTENT="tillfyllestgörande,"/><SP WIDTH="15" VPOS="768" HPOS="390"/>
							<String ID="string_94" HPOS="405" VPOS="775" WIDTH="66" HEIGHT="14" WC="0.96" CONTENT="svara"/><SP WIDTH="10" VPOS="775" HPOS="471"/>
							<String ID="string_95" HPOS="481" VPOS="769" WIDTH="39" HEIGHT="26" WC="0.96" CONTENT="ja;"/><SP WIDTH="17" VPOS="769" HPOS="520"/>
							<String ID="string_96" HPOS="537" VPOS="769" WIDTH="32" HEIGHT="25" WC="0.96" CONTENT="de,"/><SP WIDTH="16" VPOS="769" HPOS="569"/>
							<String ID="string_97" HPOS="585" VPOS="775" WIDTH="45" HEIGHT="14" WC="0.96" CONTENT="som"/><SP WIDTH="15" VPOS="775" HPOS="630"/>
							<String ID="string_98" HPOS="645" VPOS="768" WIDTH="56" HEIGHT="28" WC="0.96" CONTENT="yrka"/><SP WIDTH="15" VPOS="768" HPOS="701"/>
							<String ID="string_99" HPOS="716" VPOS="769" WIDTH="71" HEIGHT="27" WC="0.96" CONTENT="någon"/><SP WIDTH="16" VPOS="769" HPOS="787"/>
							<String ID="string_100" HPOS="803" VPOS="775" WIDTH="29" HEIGHT="21" WC="0.93" CONTENT="ny"/><SP WIDTH="11" VPOS="775" HPOS="832"/>
							<String ID="string_101" HPOS="843" VPOS="768" WIDTH="89" HEIGHT="21" WC="0.92" CONTENT="bestäm-"/>
						</TextLine>
						<TextLine ID="line_16" HPOS="106" VPOS="797" WIDTH="213" HEIGHT="27">
							<String ID="string_102" HPOS="106" VPOS="797" WIDTH="60" HEIGHT="27" WC="0.96" CONTENT="ning,"/><SP WIDTH="15" VPOS="797" HPOS="166"/>
							<String ID="string_103" HPOS="181" VPOS="803" WIDTH="66" HEIGHT="14" WC="0.92" CONTENT="svara"/><SP WIDTH="14" VPOS="803" HPOS="247"/>
							<String ID="string_104" HPOS="261" VPOS="797" WIDTH="58" HEIGHT="27" WC="0.76" CONTENT="nej.&quot;&#39;"/>
						</TextLine>
					</TextBlock>
				</ComposedBlock>
				<ComposedBlock ID="cblock_10" HPOS="105" VPOS="853" WIDTH="829" HEIGHT="56">
					<TextBlock ID="block_8" HPOS="105" VPOS="853" WIDTH="829" HEIGHT="56">
						<TextLine ID="line_17" HPOS="174" VPOS="853" WIDTH="760" HEIGHT="28">
							<String ID="string_105" HPOS="174" VPOS="853" WIDTH="132" HEIGHT="22" WC="0.91" CONTENT="Besvarades"/><SP WIDTH="21" VPOS="853" HPOS="306"/>
							<String ID="string_106" HPOS="327" VPOS="854" WIDTH="48" HEIGHT="21" WC="0.93" CONTENT="med"/><SP WIDTH="21" VPOS="854" HPOS="375"/>
							<String ID="string_107" HPOS="396" VPOS="853" WIDTH="110" HEIGHT="22" WC="0.90" CONTENT="obestridd"/><SP WIDTH="16" VPOS="853" HPOS="506"/>
							<String ID="string_108" HPOS="522" VPOS="853" WIDTH="111" HEIGHT="27" WC="0.91" CONTENT="pluralitet"/><SP WIDTH="10" VPOS="853" HPOS="633"/>
							<String ID="string_109" HPOS="643" VPOS="853" WIDTH="111" HEIGHT="28" WC="0.91" CONTENT="jakande;"/><SP WIDTH="14" VPOS="853" HPOS="754"/>
							<String ID="string_110" HPOS="768" VPOS="853" WIDTH="7" HEIGHT="21" WC="0.96" CONTENT="i"/><SP WIDTH="16" VPOS="853" HPOS="775"/>
							<String ID="string_111" HPOS="791" VPOS="853" WIDTH="51" HEIGHT="27" WC="0.96" CONTENT="följd"/><SP WIDTH="16" VPOS="853" HPOS="842"/>
							<String ID="string_112" HPOS="858" VPOS="853" WIDTH="76" HEIGHT="22" WC="0.96" CONTENT="hvaraf"/>
						</TextLine>
						<TextLine ID="line_18" HPOS="105" VPOS="882" WIDTH="568" HEIGHT="27">
							<String ID="string_113" HPOS="105" VPOS="882" WIDTH="117" HEIGHT="21" WC="0.96" CONTENT="utskottets"/><SP WIDTH="15" VPOS="882" HPOS="222"/>
							<String ID="string_114" HPOS="237" VPOS="882" WIDTH="134" HEIGHT="21" WC="0.96" CONTENT="betänkande"/><SP WIDTH="15" VPOS="882" HPOS="371"/>
							<String ID="string_115" HPOS="386" VPOS="882" WIDTH="7" HEIGHT="20" WC="0.96" CONTENT="i"/><SP WIDTH="16" VPOS="882" HPOS="393"/>
							<String ID="string_116" HPOS="409" VPOS="882" WIDTH="68" HEIGHT="21" WC="0.96" CONTENT="denna"/><SP WIDTH="16" VPOS="882" HPOS="477"/>
							<String ID="string_117" HPOS="493" VPOS="883" WIDTH="35" HEIGHT="20" WC="0.95" CONTENT="del"/><SP WIDTH="14" VPOS="883" HPOS="528"/>
							<String ID="string_118" HPOS="542" VPOS="882" WIDTH="131" HEIGHT="27" WC="0.84" CONTENT="godkändes,"/>
						</TextLine>
					</TextBlock>
				</ComposedBlock>
				<ComposedBlock ID="cblock_11" HPOS="173" VPOS="939" WIDTH="758" HEIGHT="27">
					<TextBlock ID="block_9" HPOS="173" VPOS="939" WIDTH="758" HEIGHT="27">
						<TextLine ID="line_19" HPOS="173" VPOS="939" WIDTH="758" HEIGHT="27">
							<String ID="string_119" HPOS="173" VPOS="939" WIDTH="79" HEIGHT="21" WC="0.96" CONTENT="Vidare"/><SP WIDTH="15" VPOS="939" HPOS="252"/>
							<String ID="string_120" HPOS="267" VPOS="939" WIDTH="144" HEIGHT="21" WC="0.96" CONTENT="framställdes"/><SP WIDTH="16" VPOS="939" HPOS="411"/>
							<String ID="string_121" HPOS="427" VPOS="939" WIDTH="23" HEIGHT="21" WC="0.96" CONTENT="af"/><SP WIDTH="13" VPOS="939" HPOS="450"/>
							<String ID="string_122" HPOS="463" VPOS="939" WIDTH="51" HEIGHT="21" WC="0.93" CONTENT="herr"/><SP WIDTH="16" VPOS="939" HPOS="514"/>
							<String ID="string_123" HPOS="530" VPOS="939" WIDTH="136" HEIGHT="22" WC="0.91" CONTENT="talemannen"/><SP WIDTH="16" VPOS="939" HPOS="666"/>
							<String ID="string_124" HPOS="682" VPOS="939" WIDTH="93" HEIGHT="26" WC="0.96" CONTENT="följande"/><SP WIDTH="14" VPOS="939" HPOS="775"/>
							<String ID="string_125" HPOS="789" VPOS="939" WIDTH="142" HEIGHT="27" WC="0.96" CONTENT="proposition:"/>
						</TextLine>
					</TextBlock>
				</ComposedBlock>
				<ComposedBlock ID="cblock_12" HPOS="104" VPOS="990" WIDTH="828" HEIGHT="113">
					<TextBlock ID="block_10" HPOS="104" VPOS="990" WIDTH="828" HEIGHT="113">
						<TextLine ID="line_20" HPOS="173" VPOS="990" WIDTH="759" HEIGHT="28">
							<String ID="string_126" HPOS="173" VPOS="990" WIDTH="85" HEIGHT="25" WC="0.31" CONTENT="vAnser"/><SP WIDTH="15" VPOS="990" HPOS="258"/>
							<String ID="string_127" HPOS="273" VPOS="990" WIDTH="132" HEIGHT="28" WC="0.92" CONTENT="högvördiga"/><SP WIDTH="15" VPOS="990" HPOS="405"/>
							<String ID="string_128" HPOS="420" VPOS="991" WIDTH="87" HEIGHT="20" WC="0.96" CONTENT="ståndet"/><SP WIDTH="13" VPOS="991" HPOS="507"/>
							<String ID="string_129" HPOS="520" VPOS="992" WIDTH="30" HEIGHT="21" WC="0.96" CONTENT="20"/><SP WIDTH="16" VPOS="992" HPOS="550"/>
							<String ID="string_130" HPOS="566" VPOS="991" WIDTH="63" HEIGHT="20" WC="0.96" CONTENT="mark"/><SP WIDTH="16" VPOS="991" HPOS="629"/>
							<String ID="string_131" HPOS="645" VPOS="997" WIDTH="53" HEIGHT="14" WC="0.96" CONTENT="vara"/><SP WIDTH="15" VPOS="997" HPOS="698"/>
							<String ID="string_132" HPOS="713" VPOS="993" WIDTH="28" HEIGHT="18" WC="0.96" CONTENT="ett"/><SP WIDTH="15" VPOS="993" HPOS="741"/>
							<String ID="string_133" HPOS="756" VPOS="990" WIDTH="100" HEIGHT="28" WC="0.93" CONTENT="lämpligt"/><SP WIDTH="10" VPOS="990" HPOS="856"/>
							<String ID="string_134" HPOS="866" VPOS="990" WIDTH="66" HEIGHT="21" WC="0.91" CONTENT="mini-"/>
						</TextLine>
						<TextLine ID="line_21" HPOS="104" VPOS="1017" WIDTH="828" HEIGHT="29">
							<String ID="string_135" HPOS="104" VPOS="1017" WIDTH="107" HEIGHT="28" WC="0.61" CONTENT="mibelopp"/><SP WIDTH="10" VPOS="1017" HPOS="211"/>
							<String ID="string_136" HPOS="221" VPOS="1018" WIDTH="42" HEIGHT="27" WC="0.93" CONTENT="för"/><SP WIDTH="16" VPOS="1018" HPOS="263"/>
							<String ID="string_137" HPOS="279" VPOS="1019" WIDTH="95" HEIGHT="25" WC="0.96" CONTENT="böterna,"/><SP WIDTH="16" VPOS="1019" HPOS="374"/>
							<String ID="string_138" HPOS="390" VPOS="1020" WIDTH="51" HEIGHT="20" WC="0.93" CONTENT="eller"/><SP WIDTH="12" VPOS="1020" HPOS="441"/>
							<String ID="string_139" HPOS="453" VPOS="1019" WIDTH="83" HEIGHT="21" WC="0.96" CONTENT="önskar"/><SP WIDTH="12" VPOS="1019" HPOS="536"/>
							<String ID="string_140" HPOS="548" VPOS="1019" WIDTH="86" HEIGHT="21" WC="0.96" CONTENT="ståndet"/><SP WIDTH="11" VPOS="1019" HPOS="634"/>
							<String ID="string_141" HPOS="645" VPOS="1021" WIDTH="28" HEIGHT="19" WC="0.96" CONTENT="ett"/><SP WIDTH="11" VPOS="1021" HPOS="673"/>
							<String ID="string_142" HPOS="684" VPOS="1019" WIDTH="59" HEIGHT="27" WC="0.93" CONTENT="lägre"/><SP WIDTH="10" VPOS="1019" HPOS="743"/>
							<String ID="string_143" HPOS="753" VPOS="1018" WIDTH="179" HEIGHT="27" WC="0.90" CONTENT="minimibelopp?"/>
						</TextLine>
						<TextLine ID="line_22" HPOS="104" VPOS="1046" WIDTH="828" HEIGHT="29">
							<String ID="string_144" HPOS="104" VPOS="1046" WIDTH="40" HEIGHT="25" WC="0.95" CONTENT="De,"/><SP WIDTH="23" VPOS="1046" HPOS="144"/>
							<String ID="string_145" HPOS="167" VPOS="1053" WIDTH="45" HEIGHT="14" WC="0.92" CONTENT="som"/><SP WIDTH="21" VPOS="1053" HPOS="212"/>
							<String ID="string_146" HPOS="233" VPOS="1047" WIDTH="118" HEIGHT="28" WC="0.92" CONTENT="godkänna"/><SP WIDTH="19" VPOS="1047" HPOS="351"/>
							<String ID="string_147" HPOS="370" VPOS="1049" WIDTH="30" HEIGHT="20" WC="0.96" CONTENT="20"/><SP WIDTH="19" VPOS="1049" HPOS="400"/>
							<String ID="string_148" HPOS="419" VPOS="1048" WIDTH="63" HEIGHT="20" WC="0.93" CONTENT="mark"/><SP WIDTH="21" VPOS="1048" HPOS="482"/>
							<String ID="string_149" HPOS="503" VPOS="1055" WIDTH="66" HEIGHT="14" WC="0.92" CONTENT="svara"/><SP WIDTH="15" VPOS="1055" HPOS="569"/>
							<String ID="string_150" HPOS="584" VPOS="1049" WIDTH="38" HEIGHT="26" WC="0.96" CONTENT="ja;"/><SP WIDTH="15" VPOS="1049" HPOS="622"/>
							<String ID="string_151" HPOS="637" VPOS="1048" WIDTH="32" HEIGHT="25" WC="0.96" CONTENT="de,"/><SP WIDTH="16" VPOS="1048" HPOS="669"/>
							<String ID="string_152" HPOS="685" VPOS="1054" WIDTH="44" HEIGHT="14" WC="0.92" CONTENT="som"/><SP WIDTH="16" VPOS="1054" HPOS="729"/>
							<String ID="string_153" HPOS="745" VPOS="1047" WIDTH="68" HEIGHT="21" WC="0.92" CONTENT="önska"/><SP WIDTH="15" VPOS="1047" HPOS="813"/>
							<String ID="string_154" HPOS="828" VPOS="1049" WIDTH="28" HEIGHT="19" WC="0.96" CONTENT="ett"/><SP WIDTH="16" VPOS="1049" HPOS="856"/>
							<String ID="string_155" HPOS="872" VPOS="1047" WIDTH="60" HEIGHT="27" WC="0.96" CONTENT="lägre"/>
						</TextLine>
						<TextLine ID="line_23" HPOS="104" VPOS="1075" WIDTH="321" HEIGHT="28">
							<String ID="string_156" HPOS="104" VPOS="1075" WIDTH="168" HEIGHT="28" WC="0.89" CONTENT="minimibelopp,"/><SP WIDTH="17" VPOS="1075" HPOS="272"/>
							<String ID="string_157" HPOS="289" VPOS="1083" WIDTH="64" HEIGHT="14" WC="0.96" CONTENT="svara"/><SP WIDTH="15" VPOS="1083" HPOS="353"/>
							<String ID="string_158" HPOS="368" VPOS="1077" WIDTH="57" HEIGHT="26" WC="0.54" CONTENT="nej."/>
						</TextLine>
					</TextBlock>
				</ComposedBlock>
				<ComposedBlock ID="cblock_13" HPOS="103" VPOS="1127" WIDTH="828" HEIGHT="106">
					<TextBlock ID="block_11" HPOS="103" VPOS="1127" WIDTH="828" HEIGHT="106">
						<TextLine ID="line_24" HPOS="172" VPOS="1127" WIDTH="759" HEIGHT="28">
							<String ID="string_159" HPOS="172" VPOS="1127" WIDTH="131" HEIGHT="21" WC="0.88" CONTENT="Besvarades"/><SP WIDTH="16" VPOS="1127" HPOS="303"/>
							<String ID="string_160" HPOS="319" VPOS="1127" WIDTH="48" HEIGHT="22" WC="0.96" CONTENT="med"/><SP WIDTH="17" VPOS="1127" HPOS="367"/>
							<String ID="string_161" HPOS="384" VPOS="1129" WIDTH="24" HEIGHT="19" WC="0.96" CONTENT="11"/><SP WIDTH="13" VPOS="1129" HPOS="408"/>
							<String ID="string_162" HPOS="421" VPOS="1128" WIDTH="28" HEIGHT="27" WC="0.96" CONTENT="ja"/><SP WIDTH="16" VPOS="1128" HPOS="449"/>
							<String ID="string_163" HPOS="465" VPOS="1128" WIDTH="41" HEIGHT="21" WC="0.96" CONTENT="och"/><SP WIDTH="17" VPOS="1128" HPOS="506"/>
							<String ID="string_164" HPOS="523" VPOS="1129" WIDTH="23" HEIGHT="19" WC="0.96" CONTENT="11"/><SP WIDTH="18" VPOS="1129" HPOS="546"/>
							<String ID="string_165" HPOS="564" VPOS="1129" WIDTH="42" HEIGHT="26" WC="0.91" CONTENT="nej,"/><SP WIDTH="16" VPOS="1129" HPOS="606"/>
							<String ID="string_166" HPOS="622" VPOS="1129" WIDTH="7" HEIGHT="20" WC="0.96" CONTENT="i"/><SP WIDTH="16" VPOS="1129" HPOS="629"/>
							<String ID="string_167" HPOS="645" VPOS="1127" WIDTH="52" HEIGHT="28" WC="0.90" CONTENT="följd"/><SP WIDTH="15" VPOS="1127" HPOS="697"/>
							<String ID="string_168" HPOS="712" VPOS="1127" WIDTH="76" HEIGHT="22" WC="0.96" CONTENT="hvaraf"/><SP WIDTH="11" VPOS="1127" HPOS="788"/>
							<String ID="string_169" HPOS="799" VPOS="1127" WIDTH="41" HEIGHT="21" WC="0.93" CONTENT="den"/><SP WIDTH="10" VPOS="1127" HPOS="840"/>
							<String ID="string_170" HPOS="850" VPOS="1127" WIDTH="81" HEIGHT="20" WC="0.92" CONTENT="undan-"/>
						</TextLine>
						<TextLine ID="line_25" HPOS="103" VPOS="1155" WIDTH="828" HEIGHT="28">
							<String ID="string_171" HPOS="103" VPOS="1155" WIDTH="78" HEIGHT="26" WC="0.91" CONTENT="laggda"/><SP WIDTH="22" VPOS="1155" HPOS="181"/>
							<String ID="string_172" HPOS="203" VPOS="1155" WIDTH="72" HEIGHT="22" WC="0.96" CONTENT="sedeln"/><SP WIDTH="24" VPOS="1155" HPOS="275"/>
							<String ID="string_173" HPOS="299" VPOS="1157" WIDTH="108" HEIGHT="25" WC="0.96" CONTENT="öppnades"/><SP WIDTH="24" VPOS="1157" HPOS="407"/>
							<String ID="string_174" HPOS="431" VPOS="1156" WIDTH="39" HEIGHT="22" WC="0.92" CONTENT="och"/><SP WIDTH="24" VPOS="1156" HPOS="470"/>
							<String ID="string_175" HPOS="494" VPOS="1157" WIDTH="90" HEIGHT="21" WC="0.95" CONTENT="befanns"/><SP WIDTH="22" VPOS="1157" HPOS="584"/>
							<String ID="string_176" HPOS="606" VPOS="1163" WIDTH="51" HEIGHT="14" WC="0.96" CONTENT="vara"/><SP WIDTH="16" VPOS="1163" HPOS="657"/>
							<String ID="string_177" HPOS="673" VPOS="1163" WIDTH="26" HEIGHT="15" WC="0.93" CONTENT="en"/><SP WIDTH="12" VPOS="1163" HPOS="699"/>
							<String ID="string_178" HPOS="711" VPOS="1156" WIDTH="97" HEIGHT="27" WC="0.90" CONTENT="ja-sedel."/><SP WIDTH="32" VPOS="1156" HPOS="808"/>
							<String ID="string_179" HPOS="840" VPOS="1155" WIDTH="91" HEIGHT="21" WC="0.92" CONTENT="Minimi-"/>
						</TextLine>
						<TextLine ID="line_26" HPOS="104" VPOS="1183" WIDTH="827" HEIGHT="29">
							<String ID="string_180" HPOS="104" VPOS="1183" WIDTH="101" HEIGHT="27" WC="0.90" CONTENT="beloppet"/><SP WIDTH="21" VPOS="1183" HPOS="205"/>
							<String ID="string_181" HPOS="226" VPOS="1184" WIDTH="85" HEIGHT="21" WC="0.89" CONTENT="komme"/><SP WIDTH="22" VPOS="1184" HPOS="311"/>
							<String ID="string_182" HPOS="333" VPOS="1185" WIDTH="57" HEIGHT="27" WC="0.89" CONTENT="förty"/><SP WIDTH="22" VPOS="1185" HPOS="390"/>
							<String ID="string_183" HPOS="412" VPOS="1187" WIDTH="39" HEIGHT="24" WC="0.96" CONTENT="att,"/><SP WIDTH="23" VPOS="1187" HPOS="451"/>
							<String ID="string_184" HPOS="474" VPOS="1185" WIDTH="67" HEIGHT="26" WC="0.93" CONTENT="enligt"/><SP WIDTH="20" VPOS="1185" HPOS="541"/>
							<String ID="string_185" HPOS="561" VPOS="1185" WIDTH="117" HEIGHT="21" WC="0.93" CONTENT="utskottets"/><SP WIDTH="19" VPOS="1185" HPOS="678"/>
							<String ID="string_186" HPOS="697" VPOS="1184" WIDTH="141" HEIGHT="25" WC="0.92" CONTENT="betänkande,"/><SP WIDTH="16" VPOS="1184" HPOS="838"/>
							<String ID="string_187" HPOS="854" VPOS="1185" WIDTH="77" HEIGHT="26" WC="0.96" CONTENT="utgöra"/>
						</TextLine>
						<TextLine ID="line_27" HPOS="104" VPOS="1212" WIDTH="110" HEIGHT="21">
							<String ID="string_188" HPOS="104" VPOS="1212" WIDTH="27" HEIGHT="21" WC="0.96" CONTENT="20"/><SP WIDTH="15" VPOS="1212" HPOS="131"/>
							<String ID="string_189" HPOS="146" VPOS="1212" WIDTH="68" HEIGHT="21" WC="0.96" CONTENT="mark."/>
						</TextLine>
					</TextBlock>
				</ComposedBlock>
				<ComposedBlock ID="cblock_14" HPOS="101" VPOS="1263" WIDTH="829" HEIGHT="50">
					<TextBlock ID="block_12" HPOS="101" VPOS="1263" WIDTH="829" HEIGHT="50">
						<TextLine ID="line_28" HPOS="171" VPOS="1263" WIDTH="759" HEIGHT="28">
							<String ID="string_190" HPOS="171" VPOS="1263" WIDTH="104" HEIGHT="27" WC="0.92" CONTENT="Slutligen"/><SP WIDTH="22" VPOS="1263" HPOS="275"/>
							<String ID="string_191" HPOS="297" VPOS="1264" WIDTH="144" HEIGHT="22" WC="0.92" CONTENT="framställdes"/><SP WIDTH="22" VPOS="1264" HPOS="441"/>
							<String ID="string_192" HPOS="463" VPOS="1264" WIDTH="24" HEIGHT="21" WC="0.93" CONTENT="af"/><SP WIDTH="21" VPOS="1264" HPOS="487"/>
							<String ID="string_193" HPOS="508" VPOS="1265" WIDTH="51" HEIGHT="21" WC="0.92" CONTENT="herr"/><SP WIDTH="21" VPOS="1265" HPOS="559"/>
							<String ID="string_194" HPOS="580" VPOS="1265" WIDTH="135" HEIGHT="21" WC="0.92" CONTENT="talemannen"/><SP WIDTH="22" VPOS="1265" HPOS="715"/>
							<String ID="string_195" HPOS="737" VPOS="1264" WIDTH="93" HEIGHT="27" WC="0.93" CONTENT="följande"/><SP WIDTH="22" VPOS="1264" HPOS="830"/>
							<String ID="string_196" HPOS="852" VPOS="1269" WIDTH="78" HEIGHT="21" WC="0.92" CONTENT="propo-"/>
						</TextLine>
						<TextLine ID="line_29" HPOS="101" VPOS="1291" WIDTH="73" HEIGHT="22">
							<String ID="string_197" HPOS="101" VPOS="1291" WIDTH="73" HEIGHT="22" WC="0.92" CONTENT="sition:"/>
						</TextLine>
					</TextBlock>
				</ComposedBlock>
				<ComposedBlock ID="cblock_15" HPOS="100" VPOS="1343" WIDTH="830" HEIGHT="113">
					<TextBlock ID="block_13" HPOS="100" VPOS="1343" WIDTH="830" HEIGHT="113">
						<TextLine ID="line_30" HPOS="171" VPOS="1343" WIDTH="759" HEIGHT="29">
							<String ID="string_198" HPOS="171" VPOS="1343" WIDTH="148" HEIGHT="25" WC="0.46" CONTENT=",Godkänner"/><SP WIDTH="22" VPOS="1343" HPOS="319"/>
							<String ID="string_199" HPOS="341" VPOS="1344" WIDTH="133" HEIGHT="28" WC="0.90" CONTENT="högvördiga"/><SP WIDTH="23" VPOS="1344" HPOS="474"/>
							<String ID="string_200" HPOS="497" VPOS="1345" WIDTH="86" HEIGHT="20" WC="0.96" CONTENT="ståndet"/><SP WIDTH="22" VPOS="1345" HPOS="583"/>
							<String ID="string_201" HPOS="605" VPOS="1345" WIDTH="55" HEIGHT="20" WC="0.93" CONTENT="sista"/><SP WIDTH="18" VPOS="1345" HPOS="660"/>
							<String ID="string_202" HPOS="678" VPOS="1345" WIDTH="113" HEIGHT="27" WC="0.96" CONTENT="meningen"/><SP WIDTH="15" VPOS="1345" HPOS="791"/>
							<String ID="string_203" HPOS="806" VPOS="1343" WIDTH="31" HEIGHT="27" WC="0.93" CONTENT="af"/><SP WIDTH="11" VPOS="1343" HPOS="837"/>
							<String ID="string_204" HPOS="848" VPOS="1344" WIDTH="15" HEIGHT="25" WC="0.93" CONTENT="$"/><SP WIDTH="15" VPOS="1344" HPOS="863"/>
							<String ID="string_205" HPOS="878" VPOS="1344" WIDTH="29" HEIGHT="19" WC="0.95" CONTENT="16"/><SP WIDTH="15" VPOS="1344" HPOS="907"/>
							<String ID="string_206" HPOS="922" VPOS="1343" WIDTH="8" HEIGHT="19" WC="0.95" CONTENT="i"/>
						</TextLine>
						<TextLine ID="line_31" HPOS="101" VPOS="1371" WIDTH="829" HEIGHT="30">
							<String ID="string_207" HPOS="101" VPOS="1371" WIDTH="113" HEIGHT="21" WC="0.91" CONTENT="utskottets"/><SP WIDTH="23" VPOS="1371" HPOS="214"/>
							<String ID="string_208" HPOS="237" VPOS="1371" WIDTH="140" HEIGHT="28" WC="0.89" CONTENT="betänkande,"/><SP WIDTH="17" VPOS="1371" HPOS="377"/>
							<String ID="string_209" HPOS="394" VPOS="1373" WIDTH="51" HEIGHT="20" WC="0.96" CONTENT="eller"/><SP WIDTH="15" VPOS="1373" HPOS="445"/>
							<String ID="string_210" HPOS="460" VPOS="1372" WIDTH="59" HEIGHT="22" WC="0.93" CONTENT="skall"/><SP WIDTH="16" VPOS="1372" HPOS="519"/>
							<String ID="string_211" HPOS="535" VPOS="1373" WIDTH="127" HEIGHT="21" WC="0.93" CONTENT="densamma"/><SP WIDTH="15" VPOS="1373" HPOS="662"/>
							<String ID="string_212" HPOS="677" VPOS="1372" WIDTH="68" HEIGHT="29" WC="0.88" CONTENT="utgä?"/><SP WIDTH="15" VPOS="1372" HPOS="745"/>
							<String ID="string_213" HPOS="760" VPOS="1372" WIDTH="41" HEIGHT="27" WC="0.96" CONTENT="De,"/><SP WIDTH="16" VPOS="1372" HPOS="801"/>
							<String ID="string_214" HPOS="817" VPOS="1378" WIDTH="45" HEIGHT="15" WC="0.93" CONTENT="som"/><SP WIDTH="14" VPOS="1378" HPOS="862"/>
							<String ID="string_215" HPOS="876" VPOS="1371" WIDTH="54" HEIGHT="28" WC="0.91" CONTENT="god-"/>
						</TextLine>
						<TextLine ID="line_32" HPOS="101" VPOS="1399" WIDTH="828" HEIGHT="30">
							<String ID="string_216" HPOS="101" VPOS="1399" WIDTH="75" HEIGHT="22" WC="0.87" CONTENT="känna"/><SP WIDTH="22" VPOS="1399" HPOS="176"/>
							<String ID="string_217" HPOS="198" VPOS="1401" WIDTH="54" HEIGHT="20" WC="0.93" CONTENT="sista"/><SP WIDTH="23" VPOS="1401" HPOS="252"/>
							<String ID="string_218" HPOS="275" VPOS="1401" WIDTH="119" HEIGHT="28" WC="0.92" CONTENT="meningen,"/><SP WIDTH="23" VPOS="1401" HPOS="394"/>
							<String ID="string_219" HPOS="417" VPOS="1408" WIDTH="65" HEIGHT="14" WC="0.91" CONTENT="svara"/><SP WIDTH="19" VPOS="1408" HPOS="482"/>
							<String ID="string_220" HPOS="501" VPOS="1402" WIDTH="39" HEIGHT="26" WC="0.96" CONTENT="ja;"/><SP WIDTH="21" VPOS="1402" HPOS="540"/>
							<String ID="string_221" HPOS="561" VPOS="1402" WIDTH="32" HEIGHT="26" WC="0.96" CONTENT="de,"/><SP WIDTH="16" VPOS="1402" HPOS="593"/>
							<String ID="string_222" HPOS="609" VPOS="1409" WIDTH="46" HEIGHT="13" WC="0.93" CONTENT="som"/><SP WIDTH="16" VPOS="1409" HPOS="655"/>
							<String ID="string_223" HPOS="671" VPOS="1401" WIDTH="67" HEIGHT="22" WC="0.91" CONTENT="önska"/><SP WIDTH="16" VPOS="1401" HPOS="738"/>
							<String ID="string_224" HPOS="754" VPOS="1403" WIDTH="31" HEIGHT="19" WC="0.96" CONTENT="att"/><SP WIDTH="16" VPOS="1403" HPOS="785"/>
							<String ID="string_225" HPOS="801" VPOS="1401" WIDTH="41" HEIGHT="20" WC="0.93" CONTENT="den"/><SP WIDTH="15" VPOS="1401" HPOS="842"/>
							<String ID="string_226" HPOS="857" VPOS="1401" WIDTH="72" HEIGHT="26" WC="0.92" CONTENT="ulgär,"/>
						</TextLine>
						<TextLine ID="line_33" HPOS="100" VPOS="1429" WIDTH="138" HEIGHT="27">
							<String ID="string_227" HPOS="100" VPOS="1434" WIDTH="64" HEIGHT="15" WC="0.95" CONTENT="svara"/><SP WIDTH="17" VPOS="1434" HPOS="164"/>
							<String ID="string_228" HPOS="181" VPOS="1429" WIDTH="57" HEIGHT="27" WC="0.26" CONTENT="nej."/>
						</TextLine>
					</TextBlock>
				</ComposedBlock>
				<ComposedBlock ID="cblock_16" HPOS="99" VPOS="1479" WIDTH="831" HEIGHT="57">
					<TextBlock ID="block_14" HPOS="99" VPOS="1479" WIDTH="831" HEIGHT="57">
						<TextLine ID="line_34" HPOS="169" VPOS="1479" WIDTH="761" HEIGHT="30">
							<String ID="string_229" HPOS="169" VPOS="1480" WIDTH="132" HEIGHT="22" WC="0.92" CONTENT="Besvarades"/><SP WIDTH="20" VPOS="1480" HPOS="301"/>
							<String ID="string_230" HPOS="321" VPOS="1481" WIDTH="50" HEIGHT="22" WC="0.96" CONTENT="med"/><SP WIDTH="22" VPOS="1481" HPOS="371"/>
							<String ID="string_231" HPOS="393" VPOS="1481" WIDTH="25" HEIGHT="21" WC="0.96" CONTENT="12"/><SP WIDTH="16" VPOS="1481" HPOS="418"/>
							<String ID="string_232" HPOS="434" VPOS="1481" WIDTH="37" HEIGHT="28" WC="0.92" CONTENT="nej"/><SP WIDTH="15" VPOS="1481" HPOS="471"/>
							<String ID="string_233" HPOS="486" VPOS="1483" WIDTH="46" HEIGHT="20" WC="0.96" CONTENT="mot"/><SP WIDTH="17" VPOS="1483" HPOS="532"/>
							<String ID="string_234" HPOS="549" VPOS="1482" WIDTH="24" HEIGHT="21" WC="0.96" CONTENT="11"/><SP WIDTH="13" VPOS="1482" HPOS="573"/>
							<String ID="string_235" HPOS="586" VPOS="1482" WIDTH="35" HEIGHT="27" WC="0.93" CONTENT="ja,"/><SP WIDTH="16" VPOS="1482" HPOS="621"/>
							<String ID="string_236" HPOS="637" VPOS="1481" WIDTH="126" HEIGHT="22" WC="0.92" CONTENT="kommande"/><SP WIDTH="16" VPOS="1481" HPOS="763"/>
							<String ID="string_237" HPOS="779" VPOS="1479" WIDTH="83" HEIGHT="22" WC="0.93" CONTENT="säledes"/><SP WIDTH="16" VPOS="1479" HPOS="862"/>
							<String ID="string_238" HPOS="878" VPOS="1479" WIDTH="52" HEIGHT="22" WC="0.96" CONTENT="sista"/>
						</TextLine>
						<TextLine ID="line_35" HPOS="99" VPOS="1508" WIDTH="232" HEIGHT="28">
							<String ID="string_239" HPOS="99" VPOS="1508" WIDTH="112" HEIGHT="27" WC="0.93" CONTENT="meningen"/><SP WIDTH="16" VPOS="1508" HPOS="211"/>
							<String ID="string_240" HPOS="227" VPOS="1511" WIDTH="32" HEIGHT="19" WC="0.93" CONTENT="att"/><SP WIDTH="16" VPOS="1511" HPOS="259"/>
							<String ID="string_241" HPOS="275" VPOS="1510" WIDTH="56" HEIGHT="26" WC="0.92" CONTENT="utgä."/>
						</TextLine>
					</TextBlock>
				</ComposedBlock>
			</PrintSpace>
		</Page>
	</Layout>
</alto>
