1109 1795
337 117 167 18 Presteståndet.
530 117 57 17 1867.
611 117 26 17 23
649 117 60 17 Febr.
882 113 26 22 87

105 203 69 22 fästat
194 203 191 28 uppmärksamhet
405 203 34 21 vid
455 204 32 20 ett
501 202 142 25 förhållande,
660 209 46 14 som
721 203 19 26 ej
755 203 67 21 borde
838 203 98 26 förbises.

107 232 42 21 För
172 233 33 21 sin
227 232 34 21 del
283 231 49 21 ville
353 231 84 21 talaren
453 231 71 21 erinra
539 237 35 15 om
590 231 37 21 det
642 231 19 26 ej
677 231 104 26 sällsynta
795 231 45 27 fall,
857 232 28 21 då
899 233 38 25 ka-

107 261 68 26 peller
197 261 41 21 fått
260 260 103 27 rättighet
386 261 33 20 att
439 260 58 21 bilda
513 259 78 27 skiljda
606 261 121 25 pastorater
743 260 53 21 efter
811 261 43 21 den
869 267 68 18 nuva-

106 290 66 21 rande
195 288 160 28 kyrkoherdens
371 288 77 27 afgång
464 289 48 20 med
527 288 70 21 vilkor
611 289 39 26 att,
665 288 46 27 ifall
726 288 210 29 moderkyrkobygg-

106 319 41 20 nad
170 317 136 22 derförinnan
325 317 119 26 inträffade,
461 317 70 21 deruti
548 317 92 26 deltaga.
670 317 66 21 Afven
753 317 38 21 här
806 318 72 22 kunde
894 319 42 22 för-

106 347 123 26 vecklingar
251 345 78 28 uppstå
349 352 77 20 genom
450 345 36 22 det
504 345 121 26 föreslagna
641 345 138 26 stadgandets
795 346 141 28 tillämpning.

106 375 43 22 Det
165 381 50 15 vore
231 374 40 21 lätt
285 375 33 20 att
333 374 60 21 stifta
408 374 41 27 lag,
466 381 35 14 om
516 380 50 15 man
581 373 65 27 följde
660 374 81 27 regeln:
754 375 38 26 ,sit
802 381 39 20 pro
852 375 84 22 ratione

106 403 117 21 voluntas”.
252 403 91 21 Prosten
365 403 55 21 hade
443 403 111 27 ingenting
574 404 57 20 emot
653 404 34 20 att
701 403 86 21 ståndet
802 403 134 23 omedelbart

106 434 49 24 toge
173 432 156 21 betänkandets
345 431 78 21 brister
437 432 8 21 i
461 432 162 25 öfvervägande,
639 438 48 14 men
703 432 65 26 ansåg
785 432 54 21 dock
854 432 81 23 återre-

106 461 50 20 miss
172 459 33 22 till
220 460 106 21 utskottet
341 460 128 26 lämpligast.

175 517 141 27 Vicepastorn
331 517 144 21 Putkonen
491 517 66 26 ansåg
573 519 32 19 att
621 517 24 21 så
658 517 118 27 mångsidig
787 518 147 22 diskussionen

107 548 27 19 än
149 546 61 25 varit,
227 546 39 21 den
283 546 54 21 dock
352 546 6 21 i
374 547 31 20 ett
420 546 100 21 afseende
535 547 57 20 varit
607 546 87 26 ensidig.
725 546 50 21 Man
791 547 55 21 hade
861 548 73 21 nemli-

105 581 41 20 gen
162 575 56 20 blott
233 575 45 21 haft
293 575 34 20 för
343 576 81 25 ögonen
441 575 25 20 de
482 575 162 20 arrendatorers
661 575 38 21 och
720 575 144 22 landbönders
884 578 49 24 rätt,

106 609 45 15 som
175 603 101 21 tillhörde
297 603 302 26 moderkyrkoförsamlingen,
622 609 48 15 men
691 603 97 21 förbisett
803 605 33 20 att
850 605 84 20 äfven
924 599 14 34 i

106 631 247 28 kapellförsamlingarne
376 631 75 22 funnes
474 631 151 22 arrendatorer
641 632 39 21 och
696 631 138 28 landbönder,
851 633 83 21 hvilkas

106 662 66 25 tunga
194 660 68 21 under
277 667 28 14 nu
320 661 98 26 gällande
433 660 121 27 fördelning
569 660 23 21 af
605 660 329 28 kyrkobyggnadsskyldigheten

105 695 51 16 vore
175 689 50 21 vida
239 689 98 24 hårdare,
353 691 27 19 än
396 689 55 21 hvad
467 695 46 15 som
529 689 69 21 blefve
614 689 61 21 fallet
690 689 47 22 med
754 689 26 21 de
795 690 139 27 förstnämde,

106 718 44 21 ifall
174 718 37 21 det
232 717 122 27 föreslagna
376 717 128 27 stadgandet
522 719 95 25 antoges.
648 717 91 22 Talaren
755 718 49 27 såge
819 724 67 20 gerna
901 720 33 20 att

106 746 42 21 alla
164 746 131 27 svårigheter
311 746 68 21 blefve
395 746 72 27 häfda,
482 752 49 15 men
547 746 28 21 då
591 746 77 21 sådant
683 746 19 27 ej
717 747 7 20 i
741 747 41 20 allo
798 747 70 21 blefve
880 747 54 27 möj-

105 775 46 26 ligt,
172 774 23 22 så
210 775 85 21 komme
310 781 49 15 man
375 775 54 21 dock
444 775 66 21 målet
525 776 96 20 närmast
636 781 77 21 genom
727 776 121 27 antagande
863 776 24 21 af
900 778 34 19 ut-

104 803 93 22 skottets
213 803 140 22 betänkande.
384 803 50 22 Med
450 803 146 22 kostnaderna
611 810 50 15 vore
676 804 62 26 ingen
749 804 52 26 fara,
814 804 28 21 då
850 805 24 26 ju
885 805 49 22 med

105 832 48 21 dem
169 832 83 27 afsåges
267 832 60 21 Guds
342 834 45 25 ära,
403 834 22 25 ty
441 833 36 20 det
492 832 60 21 hette
565 832 34 27 ju:
616 839 40 19 ,,en
671 833 78 26 gladan
763 833 82 26 gifvare
861 833 72 22 älskar

105 860 61 21 Gud"
184 861 39 21 och
238 861 72 26 ,älska
325 861 36 21 din
376 863 63 19 nästa
454 861 70 21 såsom
541 861 36 26 dig
591 861 66 26 sjelf.*
687 861 49 21 Man
752 861 66 22 borde
833 862 20 27 ej
865 861 68 22 heller

104 889 80 22 förbise
199 889 136 27 ordspråket:
351 889 87 28 ,kirkko
454 889 95 22 keskelle
565 890 72 26 kylää!

173 948 207 27 Kontraktsprosten
403 948 78 21 doktor
503 949 105 20 Hellén
632 948 104 27 upplyste,
755 949 48 21 med
819 949 113 28 anledning

104 976 24 21 af
148 976 56 21 hvad
227 977 78 20 doktor
327 977 108 26 Alopaeus
453 978 69 26 yttrat
538 983 34 15 om
587 977 59 21 tiden
661 977 34 21 för
709 977 164 27 författningens
888 980 43 19 trä-

104 1005 69 21 dande
188 1005 7 21 i
211 1005 167 26 verkställighet,
394 1007 32 20 att
441 1005 107 22 utskottet
563 1005 65 21 fattat
643 1006 66 21 saken
724 1006 29 26 så,
767 1007 33 20 att
810 1006 122 21 författnin-

104 1039 40 21 gen
164 1034 69 21 skulle
247 1034 58 26 gälla
319 1033 48 22 från
382 1035 40 20 den
439 1035 40 26 dag
495 1034 41 21 den
552 1034 69 21 blifvit
636 1034 155 27 promulgerad.
821 1034 50 21 Men
886 1035 46 21 ifall

103 1062 71 27 någon
193 1063 240 26 moderkyrkobyggnad
455 1063 26 20 då
496 1069 51 14 vore
563 1063 110 26 påbörjad,
691 1063 23 21 så
729 1063 68 20 måste
810 1062 24 27 ju
848 1063 84 26 jemlikt

102 1091 99 26 gällande
217 1091 35 26 lag
266 1091 69 27 någon
349 1091 214 22 öfverenskommelse
579 1098 34 14 om
629 1091 145 21 kostnaderna
789 1091 58 21 förut
863 1091 69 22 blifvit

104 1119 83 27 träffad,
212 1120 39 21 och
273 1120 70 21 denna
365 1120 216 21 öfverenskommelse
603 1120 68 21 skulle
686 1119 61 22 äfven
763 1119 54 22 efter
833 1119 41 22 den
890 1126 41 21 nya

103 1147 166 28 författningens
284 1149 177 26 promulgerande
476 1148 101 21 förblifva
591 1149 106 26 gällande.

172 1205 91 20 Prosten
285 1205 77 21 doktor
383 1205 94 26 Bergh
499 1205 57 25 ville,
579 1205 48 21 med
643 1205 92 26 gillande
751 1205 22 21 af
787 1205 79 21 doktor
881 1205 49 21 Alo-

103 1233 72 26 paeus”
191 1233 140 27 anmärkning
345 1234 70 21 såsom
431 1236 31 19 ett
477 1233 125 28 ytterligare
618 1234 47 21 skäl
680 1234 34 21 för
729 1234 129 24 återremiss,
868 1233 63 22 fram-

102 1262 58 21 hälla
175 1262 36 21 det
227 1261 65 22 saken
307 1262 70 21 blefve
392 1262 50 27 föga
457 1262 67 27 hjelpt
539 1263 50 20 med
604 1263 64 26 nägot
685 1263 6 20 i
707 1262 84 21 ständet
806 1262 72 27 gjordt
889 1262 42 21 till-

102 1291 55 26 lägg,
179 1292 53 19 utan
253 1291 66 21 borde
335 1291 145 21 betänkandet
495 1291 170 21 äterremitteras
680 1291 32 21 till
728 1291 106 21 utskottet
849 1290 33 21 för
898 1291 33 20 att

102 1319 193 26 anmärkningarne
319 1319 62 21 äfven
403 1319 66 22 mätte
492 1319 30 21 bli
543 1319 34 21 för
593 1319 67 27 öfriga
675 1319 63 22 ständ
753 1319 101 21 bekanta.
885 1319 46 20 Mot

102 1347 79 21 doktor
195 1347 88 21 Hellens
293 1348 99 26 yttrande
403 1354 35 14 om
449 1348 58 21 tiden
518 1347 34 21 för
563 1348 164 26 författningens
737 1347 104 21 trädande
852 1347 7 20 i
870 1346 61 22 verk-

102 1376 109 27 ställighet
226 1376 112 21 anmärkte
353 1376 82 21 talaren
450 1378 33 19 att
498 1376 37 21 det
550 1376 143 27 uttryckligen
709 1376 66 21 borde
790 1375 88 27 stadgas
894 1376 36 21 det

102 1405 59 21 äldre
185 1405 224 21 öfverenskommelser
424 1405 68 21 blefve
508 1405 106 26 gällande,
631 1406 88 21 emedan
735 1405 26 21 de
777 1404 61 27 eljest
853 1410 76 20 genom

102 1439 25 15 en
142 1439 28 21 ny
186 1433 34 27 lag
235 1433 71 22 kunde
321 1440 62 15 anses
397 1433 116 28 upphäfda.

171 1490 126 22 Professorn
319 1491 79 21 Geitlin
421 1491 66 26 ansäg
510 1492 39 25 att,
572 1491 89 21 emedan
677 1491 36 21 det
728 1496 51 15 vore
794 1489 89 21 allmänt
898 1495 32 16 er-

102 1518 67 21 kändt
185 1520 36 21 det
236 1519 62 27 ingen
313 1520 36 26 lag
363 1520 55 21 hade
434 1519 118 22 retroaktiv
567 1519 86 26 verkan,
670 1519 77 22 doktor
763 1518 115 26 Alopaeus?
894 1525 36 14 an-
