1109 1795
333 137 164 18 Presteståndet.
523 138 53 17 1867.
601 139 27 16 30
641 139 61 16 Mars.
868 134 42 20 333

180 224 206 25 Kontraktsprosten
409 223 78 21 doktor
508 223 93 21 Hellén
616 223 85 26 yttrade
717 225 32 20 att
765 224 107 21 utskottet
886 225 54 21 först

112 253 57 22 velat
189 252 100 21 fasthålla
311 258 25 15 en
352 251 97 22 bestämd
465 251 38 21 tid.
535 251 50 21 Men
601 251 28 22 då
644 251 37 22 två
696 252 61 21 stånd
774 253 166 21 konsidererade

112 282 40 20 den
177 281 56 20 olika
254 281 59 20 tiden
328 280 33 21 för
377 280 147 26 islossningen,
541 286 46 15 som
603 280 27 26 på
646 281 76 26 många
737 281 75 21 ställen
828 280 112 22 inträffade

112 309 45 21 före
173 309 40 21 den
230 309 25 21 15
272 309 47 26 maj,
335 309 24 20 så
375 309 55 20 hade
446 308 36 21 det
497 314 76 15 senare
587 309 138 20 alternativet
735 309 129 26 tillkommit,
876 309 64 22 hvar-

112 339 84 26 igenom
216 337 51 21 allas
284 339 42 19 rätt
341 337 120 26 skyddades
477 339 53 19 utan
545 338 33 19 att
594 343 118 20 qvarnarne
728 337 89 22 behöfde
833 338 34 21 stå
883 339 57 20 stilla

114 366 24 21 af
152 366 53 21 brist
221 366 26 27 på
260 367 78 20 vatten.

182 429 94 21 Lektorn
300 428 77 21 doktor
399 428 110 26 Lampén
531 428 102 21 förenade
653 428 32 25 sig
699 428 48 20 med
763 428 26 21 de
804 429 75 23 talare,
895 434 44 16 som

112 457 98 20 förordat
233 457 35 20 det
285 462 74 15 senare
376 455 144 22 alternativet.
550 456 31 27 Ty
597 462 34 15 om
647 456 36 21 det
699 456 120 21 bestämdes
835 458 33 19 att
883 456 58 21 dam-

114 485 63 21 lucka
195 485 68 20 skulle
279 484 34 21 stå
328 486 69 25 öppen
413 484 48 21 hela
477 490 127 20 sommaren,
621 484 24 21 så
661 484 83 21 komme
760 485 27 20 de
803 485 61 21 flesta
880 491 60 20 gvar-

114 520 38 14 nar
168 515 32 19 att
215 513 39 21 stå.
286 513 81 21 Genom
383 513 163 26 bestämningen
561 514 32 19 att
610 513 113 20 damlucka
738 513 66 21 borde
819 513 69 21 hållas
904 515 36 24 öp-

114 548 46 21 pen,
177 541 27 21 då
219 542 68 21 skada
301 541 71 22 kunde
388 541 43 25 ske,
448 547 51 15 vore
515 541 53 21 allas
585 543 44 19 rätt
644 541 123 26 betryggad.

183 604 154 26 Kyrkoherden
359 603 134 22 Juselius
515 603 81 21 vidhöll
618 603 102 21 likaledes
736 604 35 21 det
787 610 75 15 senare
877 604 64 21 alter-

114 632 81 21 nativet
210 633 60 20 äfven
286 633 21 20 af
323 633 39 20 den
379 632 63 21 orsak
457 634 34 19 att
507 632 123 21 damluckas
647 633 115 25 stängande
777 632 65 21 också
852 639 34 14 om
897 633 44 20 vin-

115 663 47 18 tern
177 661 70 21 kunde
263 661 73 25 skada,
353 660 27 21 då
395 662 73 19 vatten
482 660 182 21 öfversvämmade
677 661 74 21 odlade
764 662 52 25 ägor
827 661 39 21 och
877 660 63 22 fröse.

183 723 90 20 Prosten
297 722 76 21 doktor
396 722 83 26 Bergh
502 724 87 25 yttrade
605 723 36 21 det
657 723 65 26 några
736 723 67 20 talare
819 724 71 20 ansett
906 723 36 21 det

115 757 76 15 senare
207 751 135 21 alternativet
357 751 63 20 hafva
435 750 115 26 företräde,
567 751 90 21 emedan
668 751 37 21 der
716 751 113 26 stadgades
840 753 32 20 att
884 751 57 22 dam-

115 779 64 21 lucka
194 779 68 21 skulle
278 779 67 22 hållas
362 781 74 25 öppen,
453 779 27 21 då
496 779 69 21 skada
579 779 71 22 kunde
666 779 90 22 inträffa.
783 780 98 21 Doktorn
892 780 49 21 ville

116 808 6 20 i
138 808 59 21 detta
212 807 99 22 afseende
333 808 56 21 fästa
405 808 190 26 uppmärksamhet
610 808 27 26 på
653 808 54 21 hvad
724 815 25 14 en
763 808 130 26 föregående
910 810 32 19 ta-

116 836 44 21 lare
182 838 67 25 yttrat
270 838 38 25 att,
324 836 27 21 då
366 836 53 21 intet
435 836 103 21 hindrade
555 836 124 21 damluckas
695 837 131 20 tillslutande
841 838 39 19 när
896 843 45 14 som

115 865 62 25 helst,
201 865 81 20 skadan
304 865 70 20 kunde
398 871 106 20 upprepas
519 865 51 20 flere
585 865 86 26 gånger,
688 865 62 20 innan
766 865 41 20 den
823 865 71 21 kunde
910 865 31 20 af-

116 893 75 26 värjas.
222 893 81 26 Nädiga
325 893 160 27 propositionen
506 899 51 15 vore
575 893 132 26 välbetänkt,
723 893 88 21 emedan
827 894 41 20 den
884 893 58 21 stad-

115 921 54 26 gade
185 927 26 15 en
227 922 42 20 viss
284 921 37 25 tid,
339 927 44 15 som
395 921 112 21 damlucka
516 921 68 21 borde
595 921 68 22 hållas
676 923 74 25 öppen,
765 938 10 9 ,
780 922 38 20 där
828 921 68 21 skada
907 927 35 20 ge-

116 955 47 15 nom
187 950 100 26 dämning
309 950 42 20 kan
374 956 69 15 annan
465 949 142 22 förorsakas,
641 951 44 20 Der
700 950 82 21 således
797 950 62 27 ingen
875 950 67 21 skada

115 978 71 21 kunde
202 977 91 25 inträffa,
308 978 55 27 finge
378 985 48 14 man
442 978 47 21 fritt
506 979 91 20 dämma.
629 979 62 20 Hvad
706 979 115 20 beträffade
837 978 60 21 faran
909 978 33 21 för

116 1006 169 27 öfversvämning
301 1013 33 14 om
349 1006 90 25 vintern,
456 1007 23 20 sä
495 1007 55 21 hade
567 1009 146 24 gvarnägaren
728 1007 48 26 sjelf
789 1013 42 20 nog
847 1007 47 21 skäl
910 1008 32 19 att

115 1034 58 21 hålla
188 1035 128 21 damluckan
332 1037 74 24 öppen.

184 1097 154 26 Kyrkoherden
362 1097 120 21 Castrén
506 1097 102 22 förenade
624 1098 32 26 sig
672 1098 47 21 med
736 1098 77 21 doktor
828 1097 78 26 Bergh,
922 1097 23 21 af

115 1125 86 21 hvilken
217 1125 42 21 han
274 1125 70 22 blifvit
359 1126 152 21 förekommen.

184 1187 144 26 Domprosten
344 1188 73 26 Borg
433 1187 66 27 ansåg
516 1190 32 19 att
565 1188 39 21 den
621 1188 121 26 elasticitet,
758 1194 45 15 som
814 1187 78 27 många
902 1188 42 25 pri-

116 1217 33 19 sat
169 1215 39 22 hos
227 1216 36 21 det
278 1221 74 16 senare
374 1216 144 27 alternativet,
539 1216 19 27 ej
574 1222 51 15 vore
641 1217 36 20 det
693 1217 67 20 bästa.
790 1216 28 21 Ju
833 1222 59 15 mera
909 1215 35 22 be-

116 1245 79 20 stämdt
219 1250 48 15 man
289 1244 70 21 kunde
376 1246 101 25 statuera,
494 1245 61 20 desto
572 1244 70 21 bättre
659 1251 48 14 vore
723 1245 42 24 det,
781 1246 22 25 ty
818 1244 126 21 ansvarsbe-

116 1272 133 27 stämningen
271 1272 68 21 borde
361 1273 19 26 ej
402 1273 50 21 bero
472 1273 28 26 pä
522 1279 25 14 en
568 1273 66 20 redan
658 1273 66 21 skedd
743 1273 81 26 olycka.
854 1272 90 21 Talaren

115 1300 66 27 ansäg
197 1301 84 21 derföre
297 1302 32 19 att
345 1307 26 14 en
387 1301 42 21 viss
445 1301 30 21 tid
489 1301 68 21 borde
567 1301 137 26 bestämmas,
716 1301 26 21 dä
753 1301 112 26 damlycka
876 1300 68 21 skulle

115 1328 68 21 hällas
199 1331 76 24 öppen,
292 1329 38 21 der
345 1329 105 27 nemligen
466 1330 68 20 skada
550 1330 71 20 kunde
637 1330 86 20 komma
737 1330 7 20 i
759 1329 66 26 fräga.
856 1329 89 25 Härige-

115 1362 49 15 nom
180 1356 69 22 blefve
266 1357 34 21 det
317 1358 52 20 reda
385 1358 6 20 i
407 1358 226 25 rättsförhällandena,
649 1364 48 15 men
709 1364 75 20 genom
796 1357 149 21 obestämdhet

114 1385 86 21 komme
215 1392 110 19 processer
342 1387 32 20 att
390 1386 84 27 uppstä.

183 1441 156 27 Kyrkoherden
355 1443 133 20 Juselius
504 1443 113 21 anmärkte
628 1445 32 18 att
671 1449 80 15 samma
760 1443 114 20 elasticitet
884 1441 62 22 äfven

114 1469 123 22 förefunnes
258 1471 7 20 i
287 1471 40 20 den
345 1471 78 26 nädiga
441 1471 169 26 propositionen,
634 1471 88 21 emedan
744 1472 36 20 det
795 1470 103 28 päbjödes
914 1472 32 19 att

115 1497 57 22 hålla
195 1498 113 21 damlucka
332 1501 69 24 öppen
423 1499 68 21 under
510 1506 25 15 en
553 1499 96 22 bestämd
665 1500 38 26 tid,
719 1499 68 22 ehuru
802 1498 67 22 skada
885 1497 61 23 äfven

112 1532 72 15 annan
201 1527 31 21 tid
249 1527 70 22 kunde
335 1528 43 21 ske.
