1109 1795
347 119 167 17 Presteståndet.
540 119 55 17 1867.
619 119 13 17 9
645 119 62 17 Mars.
876 116 40 21 195

112 206 37 20 ten
171 205 36 26 låg
229 205 19 26 ej
269 204 28 27 på
312 204 139 26 qvantiteten,
466 205 52 20 utan
534 204 29 27 på
578 204 125 27 qualiteten.
734 205 43 21 Der
793 212 25 14 en
833 208 61 24 prest
908 213 36 15 va-

112 234 29 21 rit
162 233 139 24 stationerad,
323 233 55 20 hade
400 232 153 27 församlingen
577 233 45 20 ofta
641 233 70 21 blifvit
726 233 71 22 bättre
811 233 89 27 vårdad,
916 237 28 19 än

114 263 38 20 der
167 261 37 22 två
219 263 83 25 prester
317 261 86 21 funnits.
433 261 60 21 Nitet
508 261 111 21 förlänade
635 261 80 26 styrka.
739 262 57 21 Från
811 263 61 21 äldre
887 263 57 21 tider

113 290 56 21 hade
191 291 121 25 pastorater
333 289 88 26 funnits,
437 289 38 21 der
491 290 77 21 endast
583 295 26 15 en
625 292 60 24 prest
699 290 146 27 tjenstgjorde,
861 291 41 22 och
917 292 26 21 de

113 318 56 21 hade
192 318 18 26 ej
234 317 84 22 derföre
340 318 55 21 varit
417 319 70 20 sämre
503 318 79 21 skötta.
613 318 10 21 I
639 318 106 27 Tyskland
761 325 37 15 var
813 320 38 21 det
866 322 78 20 nästan

112 349 53 18 utan
187 347 95 26 exempel
306 347 31 20 att
360 352 45 15 mer
428 348 27 19 än
471 353 26 14 en
513 348 60 25 prest
588 346 62 21 fanns
665 347 7 20 i
688 347 184 27 församlingarna.
903 349 40 21 Om

113 377 86 25 presten
222 375 69 21 blefve
313 375 54 26 sjuk,
384 375 23 20 så
422 375 67 21 borde
505 381 48 14 man
570 376 65 20 vänta
651 376 32 20 att
698 375 160 28 presterskapet
872 377 8 20 i
895 379 49 19 när-

112 403 121 28 gränsande
249 403 148 27 församlingar
413 403 137 21 kärleksfullt
565 403 50 22 ville
630 403 71 27 hjelpa
716 404 40 22 den
771 404 60 27 sjuke
842 405 101 21 brodren.

113 433 76 20 Ehuru
205 432 184 21 löneförmånerna
404 432 34 21 vid
453 432 116 26 nybildade
585 434 98 24 pastorat
698 432 45 21 ofta
755 433 105 21 bestämts
870 434 74 21 alltför

113 461 92 26 knappa,
216 467 56 20 vore
288 461 35 20 det
339 461 54 20 dock
408 460 110 25 obetänkt,
535 462 32 19 att
582 461 80 20 föreslå
677 462 31 20 ett
723 461 109 21 minimum
848 461 23 22 af
880 462 63 26 6,000

114 489 67 20 mark.
211 489 68 20 Afven
293 489 8 21 i
316 489 69 20 denna
407 489 33 20 del
463 489 50 21 ville
529 489 50 20 herr
594 489 104 26 biskopen
714 489 132 28 understöda
860 490 84 22 utskot-

114 519 43 19 tets
173 517 141 22 betänkande.

183 573 143 27 Domprosten
349 573 78 22 doktor
441 573 69 28 Borg
525 573 56 22 hade
596 573 77 27 begärt
687 575 61 20 ordet
762 575 35 20 för
811 575 33 20 att
859 575 85 26 påpeka

114 608 82 15 samma
211 602 180 27 omständigheter
407 608 45 15 som
467 608 30 15 nu
512 602 70 21 blifvit
597 602 22 21 af
634 602 102 26 biskopen
748 603 121 21 Schauman
879 603 65 22 fram-

114 631 81 24 hållna,
217 632 56 20 samt
295 631 72 20 tillade
388 632 32 19 att
443 631 144 21 tillsättandet
602 630 24 21 af
640 637 25 14 ex
680 630 67 22 officio
763 631 115 27 adjunkter
894 638 50 15 vore

114 661 32 19 ett
161 661 47 24 steg
226 659 95 21 tillbaka.
351 659 157 26 Kapellanerne
523 665 52 15 vore
590 665 89 15 numera
694 659 45 22 icke
755 661 137 25 pastorernes
908 660 36 21 ad-

112 687 95 28 junkter,
230 688 26 21 de
278 687 107 21 aflönades
408 687 47 22 icke
477 694 38 15 ens
530 694 90 15 numera
635 687 24 22 af
671 690 79 24 pastor.
779 689 35 20 Nu
829 688 50 21 ville
894 695 50 15 man

114 716 102 21 förskaffa
238 717 124 26 pastorerne
385 716 105 24 biträden,
514 717 48 20 dem
586 716 25 21 de
634 717 71 20 kunde
723 717 152 21 kommendera
890 717 54 21 efter

115 745 76 26 behag,
206 745 6 20 i
229 744 36 21 det
280 751 48 14 man
343 744 60 21 sökte
419 744 95 27 afhjelpa
529 745 82 21 bristen
625 751 77 20 genom
718 751 25 15 ex
763 745 69 21 officio
844 745 100 27 adjunkt-

114 773 63 26 skap!
207 773 47 21 Den
275 773 68 21 andra
365 773 134 26 svårigheten
514 773 7 21 i
537 773 118 27 petitionen
677 780 44 20 var,
745 775 33 20 att
793 773 41 22 den
850 773 93 22 fixerade

115 803 31 19 ett
168 801 108 21 minimum
299 801 33 22 för
354 801 129 26 aflöningen;
507 801 28 22 då
554 802 60 21 detta
629 801 82 28 engång
727 808 49 15 vore
792 802 97 26 fixeradt,
906 809 38 14 var

115 830 36 21 det
173 830 82 27 tydligt,
276 831 32 20 att
325 830 117 21 detsamma
457 830 34 21 vid
508 830 111 21 bildandet
634 829 23 22 af
671 837 41 20 nya
727 832 97 25 pastorat
840 830 19 27 ej
875 831 69 20 skulle

114 858 149 21 öfverskridas.
294 858 33 21 Då
349 859 117 26 petitionen
489 859 35 21 led
548 859 23 21 af
585 858 80 22 sådana
681 859 176 26 betänkligheter,
873 859 71 21 kunde

115 887 39 21 den
171 887 19 26 ej
206 887 22 20 af
241 887 105 21 utskottet
361 887 124 26 tillstyrkas.
512 887 47 21 Mot
574 889 88 24 prosten
677 887 112 21 Hackzells
803 887 141 27 anmärkning

114 915 48 21 ville
186 915 137 26 domprosten
346 916 76 23 erinra,
445 917 33 19 att
500 915 207 27 kontraktsprostar,
730 916 142 26 domprostar,
888 922 17 15 o.
924 915 19 22 d.

114 943 47 22 icke
177 943 33 22 stå
225 944 32 21 till
273 944 36 21 det
324 943 68 27 öfriga
407 944 162 26 presterskapet
584 944 6 21 i
607 950 81 15 samma
699 944 140 26 förhållande,
850 950 46 15 som
907 950 37 21 pa-

114 973 46 20 stor
183 972 32 21 till
237 978 25 15 ex
285 972 69 21 officio
377 972 125 27 adjunkten,
522 972 28 27 på
573 973 86 20 hvilken
674 973 42 20 han
730 973 42 20 kan
787 972 87 21 hvälfva
888 973 56 20 hvad

114 1001 42 20 han
172 1000 100 27 behagar.
302 1001 49 21 Just
367 1001 58 21 detta
440 1001 100 26 utgjorde
556 1001 41 21 den
613 1001 134 27 ömtåligaste
762 1001 97 27 punkten
873 1001 7 20 i
891 1001 54 26 peti-

114 1029 79 24 tionen,
216 1029 98 22 hvarföre
337 1029 105 22 utskottet
465 1030 40 21 ock
528 1030 57 21 helst
607 1029 56 22 hade
679 1030 75 21 önskat
769 1031 33 20 att
818 1029 19 26 ej
852 1029 93 22 behöfva

115 1057 98 22 deröfver
228 1059 58 25 yttra
301 1058 37 27 sig.

183 1114 140 26 Vicepastorn
346 1114 129 21 Helander
497 1114 104 21 förenade
625 1115 31 26 sig
678 1115 48 21 med
741 1115 48 20 dem
805 1120 46 15 som
866 1114 78 21 under-

114 1143 59 21 stödt
188 1143 95 21 enskilda
299 1143 205 22 besvärsutskottets
520 1143 143 25 betänkande,
679 1143 32 21 till
727 1143 81 21 hvilket
820 1142 44 21 han
874 1142 23 21 af
905 1143 41 20 ful-

113 1172 54 21 laste
191 1171 70 27 hjerta
283 1171 39 21 och
345 1171 142 27 öfvertygelse
510 1171 99 28 bidragit.
641 1171 81 22 Genom
742 1171 204 27 pastoratsklyfnin-

113 1206 73 21 garna,
211 1206 44 15 som
278 1206 29 14 nu
329 1199 71 27 gillats
417 1200 23 21 af
454 1201 111 25 styrelsen,
582 1206 82 15 vunnos
680 1200 35 21 tvä
730 1199 104 22 fördelar:
851 1201 21 24 1)
888 1199 57 22 löne-

113 1229 110 26 jemkning
239 1228 37 21 och
294 1228 19 27 2)
329 1228 140 27 likställighet
485 1229 79 21 mellan
579 1229 161 26 presterskapet
753 1228 107 21 inbördes.
885 1229 60 20 Lem-

113 1257 104 26 ningarna
233 1257 22 20 af
269 1257 161 21 subordination
445 1257 127 26 försvunne;
589 1258 36 21 det
640 1263 50 15 vore
706 1257 45 21 helt
764 1259 65 18 annat
840 1258 32 19 att
884 1258 60 25 säga:

114 1301 4 10 ,
121 1286 56 25 mitt
191 1287 111 24 pastorat"
318 1297 26 3 —
361 1292 48 14 man
425 1285 91 27 plägade
532 1286 19 26 ej
568 1288 60 25 säga:
645 1302 10 10 ,
659 1286 48 21 mitt
717 1285 94 27 kapell";
827 1286 53 19 utan
891 1285 54 26 ,,hos

114 1314 55 21 oss".
186 1326 28 3 —
229 1313 52 22 Bäst
295 1320 55 19 vore,
367 1320 32 15 om
416 1314 42 21 alla
474 1316 54 19 utan
544 1314 107 21 ätskilnad
667 1314 70 21 kunde
753 1315 60 25 säga:
831 1313 57 26 ,,min
903 1313 43 21 för-

114 1342 110 26 samling".
254 1342 123 26 Betänkligt
399 1348 50 15 vore
473 1344 34 20 att
524 1342 65 22 fixera
604 1343 71 26 någon
691 1341 183 27 minimiaflöning;
890 1341 57 21 deri-

113 1376 76 44 genom
205 1370 68 22 skulle
289 1370 190 27 församlingarnas
495 1372 44 20 rätt
555 1372 40 21 och
611 1372 135 26 regeringens
761 1369 100 28 pröfning
873 1370 73 20 trädas

122 1401 24 19 ör
161 1401 58 19 nära.

183 1457 89 20 Prosten
289 1456 132 27 Grönberg
439 1457 52 21 sade
508 1457 31 26 sig
554 1456 65 21 hafva
633 1457 7 20 i
656 1457 105 20 utskottet
776 1455 82 31 biträdt
873 1454 75 33 betän-

113 1485 81 21 kandet
209 1485 7 21 i
232 1485 105 21 anseende
359 1485 33 22 till
410 1485 130 27 petitionens
555 1485 62 26 form,
634 1485 39 21 och
689 1485 76 21 trodde
780 1485 32 26 sig
827 1489 19 20 ej
863 1482 63 22 hafva
941 1489 7 14 i

113 1513 134 27 högvördiga
262 1513 85 22 ständet
363 1514 54 21 talat
435 1514 3 21 i
453 1515 92 20 motsatt
560 1514 62 27 syfte,
639 1513 27 22 dä
681 1513 42 21 han
738 1513 82 21 biträdt
836 1511 54 27 dem,
902 1517 46 16 som
