<?xml version="1.0" encoding="UTF-8"?>
<alto xmlns="http://www.loc.gov/standards/alto/ns-v3#" xmlns:xlink="http://www.w3.org/1999/xlink" xmlns:xsi="http://www.w3.org/2001/XMLSchema-instance" xsi:schemaLocation="http://www.loc.gov/standards/alto/ns-v3# http://www.loc.gov/alto/v3/alto-3-0.xsd">
	<Description>
		<MeasurementUnit>pixel</MeasurementUnit>
		<sourceImageInformation>
			<fileName>/tmp/tess_qhc30x8k_input.PNG</fileName>
		</sourceImageInformation>
		<OCRProcessing ID="OCR_0">
			<ocrProcessingStep>
				<processingSoftware>
					<softwareName>tesseract 5.3.4</softwareName>
				</processingSoftware>
			</ocrProcessingStep>
		</OCRProcessing>
	</Description>
	<Layout>
		<Page WIDTH="1109" HEIGHT="1795" PHYSICAL_IMG_NR="0" ID="page_0">
			<PrintSpace HPOS="0" VPOS="0" WIDTH="1109" HEIGHT="1795">
				<ComposedBlock ID="cblock_0" HPOS="328" VPOS="109" WIDTH="572" HEIGHT="24">
					<TextBlock ID="block_0" HPOS="328" VPOS="109" WIDTH="572" HEIGHT="24">
						<TextLine ID="line_0" HPOS="328" VPOS="109" WIDTH="572" HEIGHT="24">
							<String ID="string_0" HPOS="328" VPOS="115" WIDTH="167" HEIGHT="18" WC="0.91" CONTENT="Presteståndet."/><SP WIDTH="26" VPOS="115" HPOS="495"/>
							<String ID="string_1" HPOS="521" VPOS="115" WIDTH="57" HEIGHT="16" WC="0.94" CONTENT="1867."/><SP WIDTH="25" VPOS="115" HPOS="578"/>
							<String ID="string_2" HPOS="603" VPOS="115" WIDTH="12" HEIGHT="16" WC="0.96" CONTENT="9"/><SP WIDTH="12" VPOS="115" HPOS="615"/>
							<String ID="string_3" HPOS="627" VPOS="114" WIDTH="63" HEIGHT="17" WC="0.96" CONTENT="Mars."/><SP WIDTH="170" VPOS="114" HPOS="690"/>
							<String ID="string_4" HPOS="860" VPOS="109" WIDTH="40" HEIGHT="21" WC="0.95" CONTENT="207"/>
						</TextLine>
					</TextBlock>
				</ComposedBlock>
				<GraphicalElement ID="cblock_1" HPOS="95" VPOS="155" WIDTH="834" HEIGHT="4"></GraphicalElement >
				<ComposedBlock ID="cblock_2" HPOS="95" VPOS="199" WIDTH="835" HEIGHT="202">
					<TextBlock ID="block_1" HPOS="95" VPOS="199" WIDTH="835" HEIGHT="202">
						<TextLine ID="line_1" HPOS="165" VPOS="199" WIDTH="764" HEIGHT="30">
							<String ID="string_5" HPOS="165" VPOS="203" WIDTH="30" HEIGHT="21" WC="0.95" CONTENT="Af"/><SP WIDTH="13" VPOS="203" HPOS="195"/>
							<String ID="string_6" HPOS="208" VPOS="203" WIDTH="13" HEIGHT="20" WC="0.95" CONTENT="2"/><SP WIDTH="15" VPOS="203" HPOS="221"/>
							<String ID="string_7" HPOS="236" VPOS="203" WIDTH="12" HEIGHT="26" WC="0.74" CONTENT="8"/><SP WIDTH="16" VPOS="203" HPOS="248"/>
							<String ID="string_8" HPOS="264" VPOS="203" WIDTH="75" HEIGHT="25" WC="0.96" CONTENT="antogs"/><SP WIDTH="22" VPOS="203" HPOS="339"/>
							<String ID="string_9" HPOS="361" VPOS="207" WIDTH="64" HEIGHT="15" WC="0.96" CONTENT="mom."/><SP WIDTH="23" VPOS="207" HPOS="425"/>
							<String ID="string_10" HPOS="448" VPOS="201" WIDTH="21" HEIGHT="26" WC="0.96" CONTENT="a)"/><SP WIDTH="23" VPOS="201" HPOS="469"/>
							<String ID="string_11" HPOS="492" VPOS="201" WIDTH="49" HEIGHT="20" WC="0.95" CONTENT="med"/><SP WIDTH="23" VPOS="201" HPOS="541"/>
							<String ID="string_12" HPOS="564" VPOS="200" WIDTH="137" HEIGHT="21" WC="0.96" CONTENT="uteslutande"/><SP WIDTH="22" VPOS="200" HPOS="701"/>
							<String ID="string_13" HPOS="723" VPOS="200" WIDTH="23" HEIGHT="21" WC="0.93" CONTENT="af"/><SP WIDTH="21" VPOS="200" HPOS="746"/>
							<String ID="string_14" HPOS="767" VPOS="217" WIDTH="4" HEIGHT="8" WC="0.90" CONTENT=","/><SP WIDTH="1" VPOS="217" HPOS="771"/>
							<String ID="string_15" HPOS="772" VPOS="199" WIDTH="66" HEIGHT="27" WC="0.93" CONTENT="hare,"/><SP WIDTH="20" VPOS="199" HPOS="838"/>
							<String ID="string_16" HPOS="858" VPOS="201" WIDTH="71" HEIGHT="26" WC="0.92" CONTENT="grisla,"/>
						</TextLine>
						<TextLine ID="line_2" HPOS="95" VPOS="228" WIDTH="835" HEIGHT="29">
							<String ID="string_17" HPOS="95" VPOS="231" WIDTH="80" HEIGHT="22" WC="0.93" CONTENT="skraka"/><SP WIDTH="22" VPOS="231" HPOS="175"/>
							<String ID="string_18" HPOS="197" VPOS="230" WIDTH="40" HEIGHT="22" WC="0.95" CONTENT="och"/><SP WIDTH="22" VPOS="230" HPOS="237"/>
							<String ID="string_19" HPOS="259" VPOS="230" WIDTH="100" HEIGHT="27" WC="0.71" CONTENT="pracka&quot;,"/><SP WIDTH="19" VPOS="230" HPOS="359"/>
							<String ID="string_20" HPOS="378" VPOS="229" WIDTH="73" HEIGHT="22" WC="0.93" CONTENT="hvilka"/><SP WIDTH="14" VPOS="229" HPOS="451"/>
							<String ID="string_21" HPOS="465" VPOS="229" WIDTH="116" HEIGHT="21" WC="0.93" CONTENT="hänfördes"/><SP WIDTH="15" VPOS="229" HPOS="581"/>
							<String ID="string_22" HPOS="596" VPOS="228" WIDTH="33" HEIGHT="21" WC="0.96" CONTENT="till"/><SP WIDTH="16" VPOS="228" HPOS="629"/>
							<String ID="string_23" HPOS="645" VPOS="235" WIDTH="62" HEIGHT="14" WC="0.93" CONTENT="mom."/><SP WIDTH="17" VPOS="235" HPOS="707"/>
							<String ID="string_24" HPOS="724" VPOS="229" WIDTH="17" HEIGHT="26" WC="0.92" CONTENT="c)"/><SP WIDTH="16" VPOS="229" HPOS="741"/>
							<String ID="string_25" HPOS="757" VPOS="228" WIDTH="109" HEIGHT="22" WC="0.96" CONTENT="äfvensom"/><SP WIDTH="15" VPOS="228" HPOS="866"/>
							<String ID="string_26" HPOS="881" VPOS="230" WIDTH="49" HEIGHT="20" WC="0.96" CONTENT="med"/>
						</TextLine>
						<TextLine ID="line_3" HPOS="95" VPOS="257" WIDTH="835" HEIGHT="30">
							<String ID="string_27" HPOS="95" VPOS="260" WIDTH="76" HEIGHT="27" WC="0.96" CONTENT="utbyte"/><SP WIDTH="15" VPOS="260" HPOS="171"/>
							<String ID="string_28" HPOS="186" VPOS="259" WIDTH="23" HEIGHT="21" WC="0.96" CONTENT="af"/><SP WIDTH="13" VPOS="259" HPOS="209"/>
							<String ID="string_29" HPOS="222" VPOS="259" WIDTH="114" HEIGHT="27" WC="0.93" CONTENT="uttrycket,"/><SP WIDTH="20" VPOS="259" HPOS="336"/>
							<String ID="string_30" HPOS="356" VPOS="258" WIDTH="53" HEIGHT="25" WC="0.85" CONTENT=",och"/><SP WIDTH="16" VPOS="258" HPOS="409"/>
							<String ID="string_31" HPOS="425" VPOS="257" WIDTH="66" HEIGHT="28" WC="0.91" CONTENT="öfrige"/><SP WIDTH="15" VPOS="257" HPOS="491"/>
							<String ID="string_32" HPOS="506" VPOS="259" WIDTH="59" HEIGHT="20" WC="0.96" CONTENT="arter"/><SP WIDTH="16" VPOS="259" HPOS="565"/>
							<String ID="string_33" HPOS="581" VPOS="257" WIDTH="22" HEIGHT="21" WC="0.93" CONTENT="af"/><SP WIDTH="14" VPOS="257" HPOS="603"/>
							<String ID="string_34" HPOS="617" VPOS="257" WIDTH="132" HEIGHT="26" WC="0.92" CONTENT="andslägtet*"/><SP WIDTH="15" VPOS="257" HPOS="749"/>
							<String ID="string_35" HPOS="764" VPOS="259" WIDTH="58" HEIGHT="20" WC="0.93" CONTENT="emot"/><SP WIDTH="15" VPOS="259" HPOS="822"/>
							<String ID="string_36" HPOS="837" VPOS="257" WIDTH="93" HEIGHT="22" WC="0.91" CONTENT="bestäm-"/>
						</TextLine>
						<TextLine ID="line_4" HPOS="95" VPOS="285" WIDTH="833" HEIGHT="30">
							<String ID="string_37" HPOS="95" VPOS="289" WIDTH="88" HEIGHT="26" WC="0.92" CONTENT="ningen:"/><SP WIDTH="25" VPOS="289" HPOS="183"/>
							<String ID="string_38" HPOS="208" VPOS="287" WIDTH="124" HEIGHT="27" WC="0.90" CONTENT=",stjertand,"/><SP WIDTH="23" VPOS="287" HPOS="332"/>
							<String ID="string_39" HPOS="355" VPOS="287" WIDTH="90" HEIGHT="21" WC="0.92" CONTENT="bläsand"/><SP WIDTH="23" VPOS="287" HPOS="445"/>
							<String ID="string_40" HPOS="468" VPOS="286" WIDTH="52" HEIGHT="21" WC="0.93" CONTENT="eller"/><SP WIDTH="22" VPOS="286" HPOS="520"/>
							<String ID="string_41" HPOS="542" VPOS="285" WIDTH="131" HEIGHT="27" WC="0.92" CONTENT="brunnacka,"/><SP WIDTH="16" VPOS="285" HPOS="673"/>
							<String ID="string_42" HPOS="689" VPOS="285" WIDTH="104" HEIGHT="22" WC="0.93" CONTENT="krickand"/><SP WIDTH="15" VPOS="285" HPOS="793"/>
							<String ID="string_43" HPOS="808" VPOS="286" WIDTH="39" HEIGHT="21" WC="0.93" CONTENT="och"/><SP WIDTH="15" VPOS="286" HPOS="847"/>
							<String ID="string_44" HPOS="862" VPOS="286" WIDTH="66" HEIGHT="26" WC="0.83" CONTENT="ärta*;"/>
						</TextLine>
						<TextLine ID="line_5" HPOS="96" VPOS="314" WIDTH="834" HEIGHT="29">
							<String ID="string_45" HPOS="96" VPOS="323" WIDTH="64" HEIGHT="15" WC="0.93" CONTENT="mom."/><SP WIDTH="23" VPOS="323" HPOS="160"/>
							<String ID="string_46" HPOS="183" VPOS="316" WIDTH="23" HEIGHT="26" WC="0.92" CONTENT="b)"/><SP WIDTH="25" VPOS="316" HPOS="206"/>
							<String ID="string_47" HPOS="231" VPOS="315" WIDTH="123" HEIGHT="28" WC="0.93" CONTENT="godkändes"/><SP WIDTH="23" VPOS="315" HPOS="354"/>
							<String ID="string_48" HPOS="377" VPOS="315" WIDTH="139" HEIGHT="21" WC="0.91" CONTENT="oförändradt"/><SP WIDTH="22" VPOS="315" HPOS="516"/>
							<String ID="string_49" HPOS="538" VPOS="315" WIDTH="41" HEIGHT="21" WC="0.96" CONTENT="och"/><SP WIDTH="15" VPOS="315" HPOS="579"/>
							<String ID="string_50" HPOS="594" VPOS="320" WIDTH="64" HEIGHT="15" WC="0.93" CONTENT="mom."/><SP WIDTH="17" VPOS="320" HPOS="658"/>
							<String ID="string_51" HPOS="675" VPOS="314" WIDTH="18" HEIGHT="27" WC="0.88" CONTENT="c)"/><SP WIDTH="16" VPOS="314" HPOS="693"/>
							<String ID="string_52" HPOS="709" VPOS="314" WIDTH="66" HEIGHT="21" WC="0.96" CONTENT="erhöll"/><SP WIDTH="15" VPOS="314" HPOS="775"/>
							<String ID="string_53" HPOS="790" VPOS="314" WIDTH="94" HEIGHT="27" WC="0.93" CONTENT="följande"/><SP WIDTH="17" VPOS="314" HPOS="884"/>
							<String ID="string_54" HPOS="901" VPOS="315" WIDTH="29" HEIGHT="26" WC="0.91" CONTENT="ly-"/>
						</TextLine>
						<TextLine ID="line_6" HPOS="97" VPOS="343" WIDTH="833" HEIGHT="28">
							<String ID="string_55" HPOS="97" VPOS="345" WIDTH="67" HEIGHT="22" WC="0.91" CONTENT="delse:"/><SP WIDTH="31" VPOS="345" HPOS="164"/>
							<String ID="string_56" HPOS="195" VPOS="361" WIDTH="9" HEIGHT="9" WC="0.87" CONTENT=","/><SP WIDTH="7" VPOS="361" HPOS="204"/>
							<String ID="string_57" HPOS="211" VPOS="345" WIDTH="64" HEIGHT="26" WC="0.93" CONTENT="öfrigt"/><SP WIDTH="20" VPOS="345" HPOS="275"/>
							<String ID="string_58" HPOS="295" VPOS="344" WIDTH="105" HEIGHT="25" WC="0.92" CONTENT="vildbråd,"/><SP WIDTH="23" VPOS="344" HPOS="400"/>
							<String ID="string_59" HPOS="423" VPOS="343" WIDTH="63" HEIGHT="22" WC="0.93" CONTENT="hvars"/><SP WIDTH="23" VPOS="343" HPOS="486"/>
							<String ID="string_60" HPOS="509" VPOS="343" WIDTH="103" HEIGHT="21" WC="0.92" CONTENT="fredande"/><SP WIDTH="23" VPOS="343" HPOS="612"/>
							<String ID="string_61" HPOS="635" VPOS="343" WIDTH="51" HEIGHT="21" WC="0.93" CONTENT="eller"/><SP WIDTH="22" VPOS="343" HPOS="686"/>
							<String ID="string_62" HPOS="708" VPOS="343" WIDTH="107" HEIGHT="21" WC="0.92" CONTENT="utödande"/><SP WIDTH="22" VPOS="343" HPOS="815"/>
							<String ID="string_63" HPOS="837" VPOS="343" WIDTH="47" HEIGHT="22" WC="0.96" CONTENT="icke"/><SP WIDTH="22" VPOS="343" HPOS="884"/>
							<String ID="string_64" HPOS="906" VPOS="345" WIDTH="24" HEIGHT="20" WC="0.95" CONTENT="är"/>
						</TextLine>
						<TextLine ID="line_7" HPOS="96" VPOS="373" WIDTH="237" HEIGHT="28">
							<String ID="string_65" HPOS="96" VPOS="373" WIDTH="103" HEIGHT="22" WC="0.92" CONTENT="särskildt"/><SP WIDTH="14" VPOS="373" HPOS="199"/>
							<String ID="string_66" HPOS="213" VPOS="373" WIDTH="120" HEIGHT="28" WC="0.90" CONTENT="päbjudet*."/>
						</TextLine>
					</TextBlock>
				</ComposedBlock>
				<ComposedBlock ID="cblock_3" HPOS="166" VPOS="428" WIDTH="638" HEIGHT="31">
					<TextBlock ID="block_2" HPOS="166" VPOS="428" WIDTH="638" HEIGHT="31">
						<TextLine ID="line_8" HPOS="166" VPOS="428" WIDTH="638" HEIGHT="31">
							<String ID="string_67" HPOS="166" VPOS="431" WIDTH="27" HEIGHT="28" WC="0.85" CONTENT="88"/><SP WIDTH="16" VPOS="431" HPOS="193"/>
							<String ID="string_68" HPOS="209" VPOS="431" WIDTH="71" HEIGHT="20" WC="0.92" CONTENT="3—10"/><SP WIDTH="15" VPOS="431" HPOS="280"/>
							<String ID="string_69" HPOS="295" VPOS="430" WIDTH="122" HEIGHT="27" WC="0.96" CONTENT="godkändes"/><SP WIDTH="16" VPOS="430" HPOS="417"/>
							<String ID="string_70" HPOS="433" VPOS="429" WIDTH="69" HEIGHT="21" WC="0.96" CONTENT="såsom"/><SP WIDTH="17" VPOS="429" HPOS="502"/>
							<String ID="string_71" HPOS="519" VPOS="428" WIDTH="23" HEIGHT="22" WC="0.96" CONTENT="af"/><SP WIDTH="12" VPOS="428" HPOS="542"/>
							<String ID="string_72" HPOS="554" VPOS="428" WIDTH="108" HEIGHT="22" WC="0.96" CONTENT="utskottet"/><SP WIDTH="15" VPOS="428" HPOS="662"/>
							<String ID="string_73" HPOS="677" VPOS="428" WIDTH="127" HEIGHT="27" WC="0.96" CONTENT="föreslagits."/>
						</TextLine>
					</TextBlock>
				</ComposedBlock>
				<ComposedBlock ID="cblock_4" HPOS="97" VPOS="479" WIDTH="832" HEIGHT="57">
					<TextBlock ID="block_3" HPOS="97" VPOS="479" WIDTH="832" HEIGHT="57">
						<TextLine ID="line_9" HPOS="195" VPOS="479" WIDTH="734" HEIGHT="28">
							<String ID="string_74" HPOS="195" VPOS="481" WIDTH="25" HEIGHT="20" WC="0.96" CONTENT="11"/><SP WIDTH="17" VPOS="481" HPOS="220"/>
							<String ID="string_75" HPOS="237" VPOS="480" WIDTH="68" HEIGHT="22" WC="0.93" CONTENT="skulle"/><SP WIDTH="24" VPOS="480" HPOS="305"/>
							<String ID="string_76" HPOS="329" VPOS="479" WIDTH="143" HEIGHT="28" WC="0.91" CONTENT="omredigeras"/><SP WIDTH="15" VPOS="479" HPOS="472"/>
							<String ID="string_77" HPOS="487" VPOS="479" WIDTH="7" HEIGHT="21" WC="0.96" CONTENT="i"/><SP WIDTH="16" VPOS="479" HPOS="494"/>
							<String ID="string_78" HPOS="510" VPOS="479" WIDTH="93" HEIGHT="27" WC="0.96" CONTENT="enlighet"/><SP WIDTH="22" VPOS="479" HPOS="603"/>
							<String ID="string_79" HPOS="625" VPOS="479" WIDTH="49" HEIGHT="21" WC="0.92" CONTENT="med"/><SP WIDTH="22" VPOS="479" HPOS="674"/>
							<String ID="string_80" HPOS="696" VPOS="479" WIDTH="95" HEIGHT="22" WC="0.92" CONTENT="ståndets"/><SP WIDTH="19" VPOS="479" HPOS="791"/>
							<String ID="string_81" HPOS="810" VPOS="479" WIDTH="72" HEIGHT="22" WC="0.93" CONTENT="beslut"/><SP WIDTH="14" VPOS="479" HPOS="882"/>
							<String ID="string_82" HPOS="896" VPOS="481" WIDTH="33" HEIGHT="19" WC="0.92" CONTENT="rö-"/>
						</TextLine>
						<TextLine ID="line_10" HPOS="97" VPOS="509" WIDTH="280" HEIGHT="27">
							<String ID="string_83" HPOS="97" VPOS="509" WIDTH="67" HEIGHT="22" WC="0.96" CONTENT="rande"/><SP WIDTH="15" VPOS="509" HPOS="164"/>
							<String ID="string_84" HPOS="179" VPOS="515" WIDTH="63" HEIGHT="16" WC="0.96" CONTENT="mom."/><SP WIDTH="16" VPOS="515" HPOS="242"/>
							<String ID="string_85" HPOS="258" VPOS="509" WIDTH="21" HEIGHT="27" WC="0.96" CONTENT="a)"/><SP WIDTH="16" VPOS="509" HPOS="279"/>
							<String ID="string_86" HPOS="295" VPOS="509" WIDTH="24" HEIGHT="22" WC="0.96" CONTENT="af"/><SP WIDTH="12" VPOS="509" HPOS="319"/>
							<String ID="string_87" HPOS="331" VPOS="509" WIDTH="12" HEIGHT="21" WC="0.95" CONTENT="2"/><SP WIDTH="17" VPOS="509" HPOS="343"/>
							<String ID="string_88" HPOS="360" VPOS="509" WIDTH="17" HEIGHT="26" WC="0.88" CONTENT="$."/>
						</TextLine>
					</TextBlock>
				</ComposedBlock>
				<ComposedBlock ID="cblock_5" HPOS="167" VPOS="558" WIDTH="725" HEIGHT="132">
					<TextBlock ID="block_4" HPOS="167" VPOS="558" WIDTH="725" HEIGHT="132">
						<TextLine ID="line_11" HPOS="167" VPOS="558" WIDTH="633" HEIGHT="30">
							<String ID="string_89" HPOS="167" VPOS="560" WIDTH="24" HEIGHT="28" WC="0.96" CONTENT="85"/><SP WIDTH="18" VPOS="560" HPOS="191"/>
							<String ID="string_90" HPOS="209" VPOS="561" WIDTH="24" HEIGHT="20" WC="0.96" CONTENT="12"/><SP WIDTH="17" VPOS="561" HPOS="233"/>
							<String ID="string_91" HPOS="250" VPOS="560" WIDTH="39" HEIGHT="22" WC="0.96" CONTENT="och"/><SP WIDTH="18" VPOS="560" HPOS="289"/>
							<String ID="string_92" HPOS="307" VPOS="561" WIDTH="25" HEIGHT="20" WC="0.93" CONTENT="13"/><SP WIDTH="16" VPOS="561" HPOS="332"/>
							<String ID="string_93" HPOS="348" VPOS="561" WIDTH="90" HEIGHT="25" WC="0.92" CONTENT="antogos"/><SP WIDTH="15" VPOS="561" HPOS="438"/>
							<String ID="string_94" HPOS="453" VPOS="559" WIDTH="7" HEIGHT="21" WC="0.96" CONTENT="i"/><SP WIDTH="15" VPOS="559" HPOS="460"/>
							<String ID="string_95" HPOS="475" VPOS="559" WIDTH="95" HEIGHT="27" WC="0.96" CONTENT="enlighet"/><SP WIDTH="16" VPOS="559" HPOS="570"/>
							<String ID="string_96" HPOS="586" VPOS="559" WIDTH="49" HEIGHT="21" WC="0.93" CONTENT="med"/><SP WIDTH="15" VPOS="559" HPOS="635"/>
							<String ID="string_97" HPOS="650" VPOS="558" WIDTH="150" HEIGHT="22" WC="0.91" CONTENT="betänkandet."/>
						</TextLine>
						<TextLine ID="line_12" HPOS="169" VPOS="610" WIDTH="632" HEIGHT="29">
							<String ID="string_98" HPOS="169" VPOS="613" WIDTH="10" HEIGHT="26" WC="0.84" CONTENT="8"/><SP WIDTH="19" VPOS="613" HPOS="179"/>
							<String ID="string_99" HPOS="198" VPOS="613" WIDTH="25" HEIGHT="20" WC="0.95" CONTENT="14"/><SP WIDTH="15" VPOS="613" HPOS="223"/>
							<String ID="string_100" HPOS="238" VPOS="612" WIDTH="69" HEIGHT="21" WC="0.92" CONTENT="skulle"/><SP WIDTH="14" VPOS="612" HPOS="307"/>
							<String ID="string_101" HPOS="321" VPOS="611" WIDTH="47" HEIGHT="22" WC="0.96" CONTENT="från"/><SP WIDTH="16" VPOS="611" HPOS="368"/>
							<String ID="string_102" HPOS="384" VPOS="611" WIDTH="41" HEIGHT="21" WC="0.96" CONTENT="den"/><SP WIDTH="14" VPOS="611" HPOS="425"/>
							<String ID="string_103" HPOS="439" VPOS="611" WIDTH="122" HEIGHT="26" WC="0.93" CONTENT="föreslagna"/><SP WIDTH="15" VPOS="611" HPOS="561"/>
							<String ID="string_104" HPOS="576" VPOS="610" WIDTH="153" HEIGHT="27" WC="0.96" CONTENT="författningen"/><SP WIDTH="14" VPOS="610" HPOS="729"/>
							<String ID="string_105" HPOS="743" VPOS="610" WIDTH="58" HEIGHT="27" WC="0.96" CONTENT="utgå."/>
						</TextLine>
						<TextLine ID="line_13" HPOS="171" VPOS="661" WIDTH="721" HEIGHT="29">
							<String ID="string_106" HPOS="171" VPOS="662" WIDTH="136" HEIGHT="23" WC="0.96" CONTENT="Beträffande"/><SP WIDTH="16" VPOS="662" HPOS="307"/>
							<String ID="string_107" HPOS="323" VPOS="662" WIDTH="24" HEIGHT="28" WC="0.94" CONTENT="$$"/><SP WIDTH="16" VPOS="662" HPOS="347"/>
							<String ID="string_108" HPOS="363" VPOS="662" WIDTH="33" HEIGHT="25" WC="0.95" CONTENT="15,"/><SP WIDTH="17" VPOS="662" HPOS="396"/>
							<String ID="string_109" HPOS="413" VPOS="663" WIDTH="32" HEIGHT="23" WC="0.95" CONTENT="16,"/><SP WIDTH="18" VPOS="663" HPOS="445"/>
							<String ID="string_110" HPOS="463" VPOS="663" WIDTH="25" HEIGHT="20" WC="0.96" CONTENT="17"/><SP WIDTH="18" VPOS="663" HPOS="488"/>
							<String ID="string_111" HPOS="506" VPOS="661" WIDTH="39" HEIGHT="22" WC="0.96" CONTENT="och"/><SP WIDTH="17" VPOS="661" HPOS="545"/>
							<String ID="string_112" HPOS="562" VPOS="662" WIDTH="26" HEIGHT="21" WC="0.93" CONTENT="18"/><SP WIDTH="16" VPOS="662" HPOS="588"/>
							<String ID="string_113" HPOS="604" VPOS="661" WIDTH="122" HEIGHT="27" WC="0.95" CONTENT="godkändes"/><SP WIDTH="15" VPOS="661" HPOS="726"/>
							<String ID="string_114" HPOS="741" VPOS="661" WIDTH="151" HEIGHT="22" WC="0.96" CONTENT="betänkandet."/>
						</TextLine>
					</TextBlock>
				</ComposedBlock>
				<ComposedBlock ID="cblock_6" HPOS="100" VPOS="713" WIDTH="829" HEIGHT="114">
					<TextBlock ID="block_5" HPOS="100" VPOS="713" WIDTH="829" HEIGHT="114">
						<TextLine ID="line_14" HPOS="167" VPOS="713" WIDTH="761" HEIGHT="27">
							<String ID="string_115" HPOS="167" VPOS="714" WIDTH="30" HEIGHT="21" WC="0.96" CONTENT="Af"/><SP WIDTH="14" VPOS="714" HPOS="197"/>
							<String ID="string_116" HPOS="211" VPOS="714" WIDTH="26" HEIGHT="21" WC="0.93" CONTENT="de"/><SP WIDTH="15" VPOS="714" HPOS="237"/>
							<String ID="string_117" HPOS="252" VPOS="713" WIDTH="47" HEIGHT="22" WC="0.92" CONTENT="utaf"/><SP WIDTH="12" VPOS="713" HPOS="299"/>
							<String ID="string_118" HPOS="311" VPOS="713" WIDTH="112" HEIGHT="22" WC="0.92" CONTENT="Utskottet"/><SP WIDTH="15" VPOS="713" HPOS="423"/>
							<String ID="string_119" HPOS="438" VPOS="713" WIDTH="134" HEIGHT="22" WC="0.91" CONTENT="framställda"/><SP WIDTH="15" VPOS="713" HPOS="572"/>
							<String ID="string_120" HPOS="587" VPOS="714" WIDTH="79" HEIGHT="20" WC="0.93" CONTENT="tvänne"/><SP WIDTH="15" VPOS="714" HPOS="666"/>
							<String ID="string_121" HPOS="681" VPOS="713" WIDTH="140" HEIGHT="22" WC="0.96" CONTENT="alternativen"/><SP WIDTH="12" VPOS="713" HPOS="821"/>
							<String ID="string_122" HPOS="833" VPOS="713" WIDTH="33" HEIGHT="22" WC="0.93" CONTENT="till"/><SP WIDTH="13" VPOS="713" HPOS="866"/>
							<String ID="string_123" HPOS="879" VPOS="714" WIDTH="10" HEIGHT="26" WC="0.93" CONTENT="$"/><SP WIDTH="14" VPOS="714" HPOS="889"/>
							<String ID="string_124" HPOS="903" VPOS="714" WIDTH="25" HEIGHT="21" WC="0.96" CONTENT="19"/>
						</TextLine>
						<TextLine ID="line_15" HPOS="100" VPOS="741" WIDTH="829" HEIGHT="29">
							<String ID="string_125" HPOS="100" VPOS="743" WIDTH="123" HEIGHT="27" WC="0.92" CONTENT="godkändes"/><SP WIDTH="16" VPOS="743" HPOS="223"/>
							<String ID="string_126" HPOS="239" VPOS="743" WIDTH="35" HEIGHT="21" WC="0.96" CONTENT="det"/><SP WIDTH="15" VPOS="743" HPOS="274"/>
							<String ID="string_127" HPOS="289" VPOS="749" WIDTH="74" HEIGHT="15" WC="0.96" CONTENT="senare"/><SP WIDTH="15" VPOS="749" HPOS="363"/>
							<String ID="string_128" HPOS="378" VPOS="742" WIDTH="49" HEIGHT="21" WC="0.93" CONTENT="med"/><SP WIDTH="14" VPOS="742" HPOS="427"/>
							<String ID="string_129" HPOS="441" VPOS="742" WIDTH="77" HEIGHT="21" WC="0.92" CONTENT="sädant"/><SP WIDTH="14" VPOS="742" HPOS="518"/>
							<String ID="string_130" HPOS="532" VPOS="741" WIDTH="158" HEIGHT="28" WC="0.92" CONTENT="förtydligande"/><SP WIDTH="15" VPOS="741" HPOS="690"/>
							<String ID="string_131" HPOS="705" VPOS="741" WIDTH="73" HEIGHT="27" WC="0.92" CONTENT="tillägg"/><SP WIDTH="15" VPOS="741" HPOS="778"/>
							<String ID="string_132" HPOS="793" VPOS="743" WIDTH="32" HEIGHT="20" WC="0.93" CONTENT="att"/><SP WIDTH="14" VPOS="743" HPOS="825"/>
							<String ID="string_133" HPOS="839" VPOS="742" WIDTH="90" HEIGHT="21" WC="0.93" CONTENT="emellan"/>
						</TextLine>
						<TextLine ID="line_16" HPOS="100" VPOS="770" WIDTH="829" HEIGHT="29">
							<String ID="string_134" HPOS="100" VPOS="772" WIDTH="66" HEIGHT="21" WC="0.93" CONTENT="orden"/><SP WIDTH="21" VPOS="772" HPOS="166"/>
							<String ID="string_135" HPOS="187" VPOS="771" WIDTH="46" HEIGHT="25" WC="0.34" CONTENT=",jför"/><SP WIDTH="16" VPOS="771" HPOS="233"/>
							<String ID="string_136" HPOS="249" VPOS="771" WIDTH="38" HEIGHT="21" WC="0.64" CONTENT="de&quot;"/><SP WIDTH="17" VPOS="771" HPOS="287"/>
							<String ID="string_137" HPOS="304" VPOS="771" WIDTH="68" HEIGHT="21" WC="0.93" CONTENT="skulle"/><SP WIDTH="15" VPOS="771" HPOS="372"/>
							<String ID="string_138" HPOS="387" VPOS="771" WIDTH="90" HEIGHT="21" WC="0.93" CONTENT="insättas"/><SP WIDTH="16" VPOS="771" HPOS="477"/>
							<String ID="string_139" HPOS="493" VPOS="787" WIDTH="10" HEIGHT="12" WC="0.87" CONTENT=","/><SP WIDTH="4" VPOS="787" HPOS="503"/>
							<String ID="string_140" HPOS="507" VPOS="771" WIDTH="110" HEIGHT="26" WC="0.93" CONTENT="betalning"/><SP WIDTH="15" VPOS="771" HPOS="617"/>
							<String ID="string_141" HPOS="632" VPOS="770" WIDTH="34" HEIGHT="21" WC="0.81" CONTENT="af*"/><SP WIDTH="16" VPOS="770" HPOS="666"/>
							<String ID="string_142" HPOS="682" VPOS="770" WIDTH="33" HEIGHT="21" WC="0.96" CONTENT="till"/><SP WIDTH="14" VPOS="770" HPOS="715"/>
							<String ID="string_143" HPOS="729" VPOS="770" WIDTH="52" HEIGHT="27" WC="0.93" CONTENT="följd"/><SP WIDTH="15" VPOS="770" HPOS="781"/>
							<String ID="string_144" HPOS="796" VPOS="770" WIDTH="78" HEIGHT="22" WC="0.93" CONTENT="hvaraf"/><SP WIDTH="12" VPOS="770" HPOS="874"/>
							<String ID="string_145" HPOS="886" VPOS="777" WIDTH="43" HEIGHT="15" WC="0.93" CONTENT="me-"/>
						</TextLine>
						<TextLine ID="line_17" HPOS="100" VPOS="798" WIDTH="785" HEIGHT="29">
							<String ID="string_146" HPOS="100" VPOS="801" WIDTH="77" HEIGHT="26" WC="0.92" CONTENT="ningen"/><SP WIDTH="15" VPOS="801" HPOS="177"/>
							<String ID="string_147" HPOS="192" VPOS="800" WIDTH="85" HEIGHT="21" WC="0.92" CONTENT="komme"/><SP WIDTH="15" VPOS="800" HPOS="277"/>
							<String ID="string_148" HPOS="292" VPOS="801" WIDTH="32" HEIGHT="20" WC="0.93" CONTENT="att"/><SP WIDTH="15" VPOS="801" HPOS="324"/>
							<String ID="string_149" HPOS="339" VPOS="800" WIDTH="58" HEIGHT="27" WC="0.93" CONTENT="lyda:"/><SP WIDTH="16" VPOS="800" HPOS="397"/>
							<String ID="string_150" HPOS="413" VPOS="805" WIDTH="89" HEIGHT="16" WC="0.92" CONTENT="ansvare"/><SP WIDTH="16" VPOS="805" HPOS="502"/>
							<String ID="string_151" HPOS="518" VPOS="799" WIDTH="34" HEIGHT="21" WC="0.96" CONTENT="för"/><SP WIDTH="15" VPOS="799" HPOS="552"/>
							<String ID="string_152" HPOS="567" VPOS="799" WIDTH="110" HEIGHT="26" WC="0.96" CONTENT="betalning"/><SP WIDTH="14" VPOS="799" HPOS="677"/>
							<String ID="string_153" HPOS="691" VPOS="798" WIDTH="23" HEIGHT="21" WC="0.96" CONTENT="af"/><SP WIDTH="13" VPOS="798" HPOS="714"/>
							<String ID="string_154" HPOS="727" VPOS="799" WIDTH="26" HEIGHT="20" WC="0.93" CONTENT="de"/><SP WIDTH="15" VPOS="799" HPOS="753"/>
							<String ID="string_155" HPOS="768" VPOS="798" WIDTH="62" HEIGHT="22" WC="0.93" CONTENT="böter"/><SP WIDTH="16" VPOS="798" HPOS="830"/>
							<String ID="string_156" HPOS="846" VPOS="801" WIDTH="39" HEIGHT="19" WC="0.96" CONTENT="etc."/>
						</TextLine>
					</TextBlock>
				</ComposedBlock>
				<ComposedBlock ID="cblock_7" HPOS="169" VPOS="851" WIDTH="298" HEIGHT="26">
					<TextBlock ID="block_6" HPOS="169" VPOS="851" WIDTH="298" HEIGHT="26">
						<TextLine ID="line_18" HPOS="169" VPOS="851" WIDTH="298" HEIGHT="26">
							<String ID="string_157" HPOS="169" VPOS="852" WIDTH="13" HEIGHT="25" WC="0.64" CONTENT="8"/><SP WIDTH="16" VPOS="852" HPOS="182"/>
							<String ID="string_158" HPOS="198" VPOS="852" WIDTH="27" HEIGHT="21" WC="0.93" CONTENT="20"/><SP WIDTH="16" VPOS="852" HPOS="225"/>
							<String ID="string_159" HPOS="241" VPOS="853" WIDTH="76" HEIGHT="24" WC="0.96" CONTENT="antogs"/><SP WIDTH="16" VPOS="853" HPOS="317"/>
							<String ID="string_160" HPOS="333" VPOS="851" WIDTH="134" HEIGHT="21" WC="0.96" CONTENT="oförändrad."/>
						</TextLine>
					</TextBlock>
				</ComposedBlock>
				<ComposedBlock ID="cblock_8" HPOS="101" VPOS="900" WIDTH="828" HEIGHT="59">
					<TextBlock ID="block_7" HPOS="101" VPOS="900" WIDTH="828" HEIGHT="59">
						<TextLine ID="line_19" HPOS="168" VPOS="900" WIDTH="761" HEIGHT="29">
							<String ID="string_161" HPOS="168" VPOS="902" WIDTH="38" HEIGHT="21" WC="0.90" CONTENT="Uti"/><SP WIDTH="15" VPOS="902" HPOS="206"/>
							<String ID="string_162" HPOS="221" VPOS="902" WIDTH="14" HEIGHT="27" WC="0.90" CONTENT="&amp;"/><SP WIDTH="16" VPOS="902" HPOS="235"/>
							<String ID="string_163" HPOS="251" VPOS="902" WIDTH="25" HEIGHT="21" WC="0.96" CONTENT="21"/><SP WIDTH="25" VPOS="902" HPOS="276"/>
							<String ID="string_164" HPOS="301" VPOS="901" WIDTH="67" HEIGHT="22" WC="0.92" CONTENT="skulle"/><SP WIDTH="23" VPOS="901" HPOS="368"/>
							<String ID="string_165" HPOS="391" VPOS="902" WIDTH="66" HEIGHT="21" WC="0.92" CONTENT="orden"/><SP WIDTH="23" VPOS="902" HPOS="457"/>
							<String ID="string_166" HPOS="480" VPOS="901" WIDTH="81" HEIGHT="27" WC="0.91" CONTENT=",enligt"/><SP WIDTH="21" VPOS="901" HPOS="561"/>
							<String ID="string_167" HPOS="582" VPOS="902" WIDTH="14" HEIGHT="20" WC="0.91" CONTENT="4"/><SP WIDTH="18" VPOS="902" HPOS="596"/>
							<String ID="string_168" HPOS="614" VPOS="904" WIDTH="10" HEIGHT="23" WC="0.91" CONTENT="$"/><SP WIDTH="23" VPOS="904" HPOS="624"/>
							<String ID="string_169" HPOS="647" VPOS="901" WIDTH="13" HEIGHT="22" WC="0.96" CONTENT="5"/><SP WIDTH="23" VPOS="901" HPOS="660"/>
							<String ID="string_170" HPOS="683" VPOS="901" WIDTH="48" HEIGHT="27" WC="0.96" CONTENT="kap."/><SP WIDTH="24" VPOS="901" HPOS="731"/>
							<String ID="string_171" HPOS="755" VPOS="900" WIDTH="20" HEIGHT="23" WC="0.93" CONTENT="S."/><SP WIDTH="21" VPOS="900" HPOS="775"/>
							<String ID="string_172" HPOS="796" VPOS="900" WIDTH="24" HEIGHT="23" WC="0.91" CONTENT="B."/><SP WIDTH="23" VPOS="900" HPOS="820"/>
							<String ID="string_173" HPOS="843" VPOS="900" WIDTH="86" HEIGHT="28" WC="0.92" CONTENT="utbytas"/>
						</TextLine>
						<TextLine ID="line_20" HPOS="101" VPOS="930" WIDTH="316" HEIGHT="29">
							<String ID="string_174" HPOS="101" VPOS="932" WIDTH="57" HEIGHT="21" WC="0.93" CONTENT="emot"/><SP WIDTH="16" VPOS="932" HPOS="158"/>
							<String ID="string_175" HPOS="174" VPOS="931" WIDTH="79" HEIGHT="28" WC="0.90" CONTENT=",enligt"/><SP WIDTH="15" VPOS="931" HPOS="253"/>
							<String ID="string_176" HPOS="268" VPOS="930" WIDTH="78" HEIGHT="21" WC="0.93" CONTENT="allmän"/><SP WIDTH="15" VPOS="930" HPOS="346"/>
							<String ID="string_177" HPOS="361" VPOS="931" WIDTH="56" HEIGHT="26" WC="0.90" CONTENT="lag*."/>
						</TextLine>
					</TextBlock>
				</ComposedBlock>
				<ComposedBlock ID="cblock_9" HPOS="169" VPOS="981" WIDTH="343" HEIGHT="28">
					<TextBlock ID="block_8" HPOS="169" VPOS="981" WIDTH="343" HEIGHT="28">
						<TextLine ID="line_21" HPOS="169" VPOS="981" WIDTH="343" HEIGHT="28">
							<String ID="string_178" HPOS="169" VPOS="981" WIDTH="12" HEIGHT="28" WC="0.82" CONTENT="$"/><SP WIDTH="15" VPOS="981" HPOS="181"/>
							<String ID="string_179" HPOS="196" VPOS="982" WIDTH="27" HEIGHT="21" WC="0.93" CONTENT="22"/><SP WIDTH="16" VPOS="982" HPOS="223"/>
							<String ID="string_180" HPOS="239" VPOS="981" WIDTH="122" HEIGHT="28" WC="0.96" CONTENT="godkändes"/><SP WIDTH="16" VPOS="981" HPOS="361"/>
							<String ID="string_181" HPOS="377" VPOS="981" WIDTH="135" HEIGHT="21" WC="0.96" CONTENT="oförändrad."/>
						</TextLine>
					</TextBlock>
				</ComposedBlock>
				<ComposedBlock ID="cblock_10" HPOS="99" VPOS="1031" WIDTH="830" HEIGHT="57">
					<TextBlock ID="block_9" HPOS="99" VPOS="1031" WIDTH="830" HEIGHT="57">
						<TextLine ID="line_22" HPOS="169" VPOS="1031" WIDTH="760" HEIGHT="28">
							<String ID="string_182" HPOS="169" VPOS="1033" WIDTH="40" HEIGHT="22" WC="0.96" CONTENT="Om"/><SP WIDTH="16" VPOS="1033" HPOS="209"/>
							<String ID="string_183" HPOS="225" VPOS="1033" WIDTH="58" HEIGHT="21" WC="0.96" CONTENT="detta"/><SP WIDTH="14" VPOS="1033" HPOS="283"/>
							<String ID="string_184" HPOS="297" VPOS="1032" WIDTH="71" HEIGHT="22" WC="0.96" CONTENT="beslut"/><SP WIDTH="15" VPOS="1032" HPOS="368"/>
							<String ID="string_185" HPOS="383" VPOS="1033" WIDTH="68" HEIGHT="20" WC="0.96" CONTENT="skulle"/><SP WIDTH="15" VPOS="1033" HPOS="451"/>
							<String ID="string_186" HPOS="466" VPOS="1032" WIDTH="59" HEIGHT="21" WC="0.93" CONTENT="såväl"/><SP WIDTH="15" VPOS="1032" HPOS="525"/>
							<String ID="string_187" HPOS="540" VPOS="1031" WIDTH="141" HEIGHT="28" WC="0.92" CONTENT="Expeditions"/><SP WIDTH="14" VPOS="1031" HPOS="681"/>
							<String ID="string_188" HPOS="695" VPOS="1031" WIDTH="110" HEIGHT="22" WC="0.96" CONTENT="Utskottet"/><SP WIDTH="11" VPOS="1031" HPOS="805"/>
							<String ID="string_189" HPOS="816" VPOS="1037" WIDTH="46" HEIGHT="16" WC="0.93" CONTENT="som"/><SP WIDTH="10" VPOS="1037" HPOS="862"/>
							<String ID="string_190" HPOS="872" VPOS="1031" WIDTH="57" HEIGHT="22" WC="0.90" CONTENT="med-"/>
						</TextLine>
						<TextLine ID="line_23" HPOS="99" VPOS="1061" WIDTH="565" HEIGHT="27">
							<String ID="string_191" HPOS="99" VPOS="1062" WIDTH="90" HEIGHT="21" WC="0.96" CONTENT="stånden"/><SP WIDTH="15" VPOS="1062" HPOS="189"/>
							<String ID="string_192" HPOS="204" VPOS="1067" WIDTH="75" HEIGHT="21" WC="0.93" CONTENT="genom"/><SP WIDTH="15" VPOS="1067" HPOS="279"/>
							<String ID="string_193" HPOS="294" VPOS="1061" WIDTH="197" HEIGHT="27" WC="0.92" CONTENT="protokollsutdrag"/><SP WIDTH="15" VPOS="1061" HPOS="491"/>
							<String ID="string_194" HPOS="506" VPOS="1061" WIDTH="158" HEIGHT="21" WC="0.77" CONTENT="underrättas.&quot;"/>
						</TextLine>
					</TextBlock>
				</ComposedBlock>
				<ComposedBlock ID="cblock_11" HPOS="168" VPOS="1112" WIDTH="253" HEIGHT="22">
					<TextBlock ID="block_10" HPOS="168" VPOS="1112" WIDTH="253" HEIGHT="22">
						<TextLine ID="line_24" HPOS="168" VPOS="1112" WIDTH="253" HEIGHT="22">
							<String ID="string_195" HPOS="168" VPOS="1113" WIDTH="88" HEIGHT="21" WC="0.92" CONTENT="Hvilket"/><SP WIDTH="15" VPOS="1113" HPOS="256"/>
							<String ID="string_196" HPOS="271" VPOS="1112" WIDTH="150" HEIGHT="22" WC="0.96" CONTENT="antecknades."/>
						</TextLine>
					</TextBlock>
				</ComposedBlock>
				<ComposedBlock ID="cblock_12" HPOS="98" VPOS="1207" WIDTH="831" HEIGHT="229">
					<TextBlock ID="block_11" HPOS="98" VPOS="1207" WIDTH="831" HEIGHT="229">
						<TextLine ID="line_25" HPOS="169" VPOS="1207" WIDTH="759" HEIGHT="28">
							<String ID="string_197" HPOS="169" VPOS="1209" WIDTH="89" HEIGHT="22" WC="0.91" CONTENT="Ståndet"/><SP WIDTH="22" VPOS="1209" HPOS="258"/>
							<String ID="string_198" HPOS="280" VPOS="1208" WIDTH="109" HEIGHT="27" WC="0.90" CONTENT="åtskiljdes"/><SP WIDTH="22" VPOS="1208" HPOS="389"/>
							<String ID="string_199" HPOS="411" VPOS="1209" WIDTH="29" HEIGHT="20" WC="0.94" CONTENT="kl."/><SP WIDTH="23" VPOS="1209" HPOS="440"/>
							<String ID="string_200" HPOS="463" VPOS="1209" WIDTH="22" HEIGHT="25" WC="0.96" CONTENT="2;"/><SP WIDTH="17" VPOS="1209" HPOS="485"/>
							<String ID="string_201" HPOS="502" VPOS="1208" WIDTH="40" HEIGHT="21" WC="0.96" CONTENT="och"/><SP WIDTH="17" VPOS="1208" HPOS="542"/>
							<String ID="string_202" HPOS="559" VPOS="1208" WIDTH="27" HEIGHT="21" WC="0.96" CONTENT="då"/><SP WIDTH="15" VPOS="1208" HPOS="586"/>
							<String ID="string_203" HPOS="601" VPOS="1207" WIDTH="131" HEIGHT="22" WC="0.96" CONTENT="omedelbart"/><SP WIDTH="16" VPOS="1207" HPOS="732"/>
							<String ID="string_204" HPOS="748" VPOS="1207" WIDTH="92" HEIGHT="22" WC="0.93" CONTENT="derefter"/><SP WIDTH="14" VPOS="1207" HPOS="840"/>
							<String ID="string_205" HPOS="854" VPOS="1207" WIDTH="74" HEIGHT="22" WC="0.92" CONTENT="inlem-"/>
						</TextLine>
						<TextLine ID="line_26" HPOS="98" VPOS="1236" WIDTH="831" HEIGHT="28">
							<String ID="string_206" HPOS="98" VPOS="1238" WIDTH="66" HEIGHT="21" WC="0.93" CONTENT="nades"/><SP WIDTH="23" VPOS="1238" HPOS="164"/>
							<String ID="string_207" HPOS="187" VPOS="1238" WIDTH="60" HEIGHT="21" WC="0.96" CONTENT="Hans"/><SP WIDTH="21" VPOS="1238" HPOS="247"/>
							<String ID="string_208" HPOS="268" VPOS="1237" WIDTH="119" HEIGHT="27" WC="0.96" CONTENT="Kejserliga"/><SP WIDTH="20" VPOS="1237" HPOS="387"/>
							<String ID="string_209" HPOS="407" VPOS="1237" WIDTH="111" HEIGHT="26" WC="0.96" CONTENT="Majestäts"/><SP WIDTH="14" VPOS="1237" HPOS="518"/>
							<String ID="string_210" HPOS="532" VPOS="1237" WIDTH="79" HEIGHT="26" WC="0.96" CONTENT="nådiga"/><SP WIDTH="15" VPOS="1237" HPOS="611"/>
							<String ID="string_211" HPOS="626" VPOS="1237" WIDTH="131" HEIGHT="26" WC="0.96" CONTENT="proposition"/><SP WIDTH="16" VPOS="1237" HPOS="757"/>
							<String ID="string_212" HPOS="773" VPOS="1236" WIDTH="109" HEIGHT="27" WC="0.90" CONTENT="angående"/><SP WIDTH="14" VPOS="1236" HPOS="882"/>
							<String ID="string_213" HPOS="896" VPOS="1236" WIDTH="33" HEIGHT="21" WC="0.90" CONTENT="in-"/>
						</TextLine>
						<TextLine ID="line_27" HPOS="98" VPOS="1264" WIDTH="831" HEIGHT="29">
							<String ID="string_214" HPOS="98" VPOS="1266" WIDTH="101" HEIGHT="27" WC="0.95" CONTENT="teckning"/><SP WIDTH="15" VPOS="1266" HPOS="199"/>
							<String ID="string_215" HPOS="214" VPOS="1266" WIDTH="7" HEIGHT="21" WC="0.95" CONTENT="i"/><SP WIDTH="15" VPOS="1266" HPOS="221"/>
							<String ID="string_216" HPOS="236" VPOS="1266" WIDTH="42" HEIGHT="21" WC="0.96" CONTENT="fast"/><SP WIDTH="23" VPOS="1266" HPOS="278"/>
							<String ID="string_217" HPOS="301" VPOS="1266" WIDTH="102" HEIGHT="27" WC="0.95" CONTENT="egendom"/><SP WIDTH="22" VPOS="1266" HPOS="403"/>
							<String ID="string_218" HPOS="425" VPOS="1267" WIDTH="56" HEIGHT="20" WC="0.95" CONTENT="samt"/><SP WIDTH="23" VPOS="1267" HPOS="481"/>
							<String ID="string_219" HPOS="504" VPOS="1271" WIDTH="34" HEIGHT="16" WC="0.93" CONTENT="om"/><SP WIDTH="15" VPOS="1271" HPOS="538"/>
							<String ID="string_220" HPOS="553" VPOS="1265" WIDTH="141" HEIGHT="27" WC="0.92" CONTENT="borgenärers"/><SP WIDTH="15" VPOS="1265" HPOS="694"/>
							<String ID="string_221" HPOS="709" VPOS="1266" WIDTH="43" HEIGHT="20" WC="0.96" CONTENT="rätt"/><SP WIDTH="15" VPOS="1266" HPOS="752"/>
							<String ID="string_222" HPOS="767" VPOS="1265" WIDTH="40" HEIGHT="21" WC="0.96" CONTENT="och"/><SP WIDTH="14" VPOS="1265" HPOS="807"/>
							<String ID="string_223" HPOS="821" VPOS="1264" WIDTH="108" HEIGHT="22" WC="0.96" CONTENT="företräde"/>
						</TextLine>
						<TextLine ID="line_28" HPOS="98" VPOS="1292" WIDTH="830" HEIGHT="29">
							<String ID="string_224" HPOS="98" VPOS="1295" WIDTH="33" HEIGHT="20" WC="0.96" CONTENT="för"/><SP WIDTH="22" VPOS="1295" HPOS="131"/>
							<String ID="string_225" HPOS="153" VPOS="1295" WIDTH="121" HEIGHT="20" WC="0.96" CONTENT="hvarandra"/><SP WIDTH="22" VPOS="1295" HPOS="274"/>
							<String ID="string_226" HPOS="296" VPOS="1295" WIDTH="32" HEIGHT="20" WC="0.96" CONTENT="till"/><SP WIDTH="23" VPOS="1295" HPOS="328"/>
							<String ID="string_227" HPOS="351" VPOS="1294" WIDTH="108" HEIGHT="27" WC="0.95" CONTENT="betalning"/><SP WIDTH="14" VPOS="1294" HPOS="459"/>
							<String ID="string_228" HPOS="473" VPOS="1301" WIDTH="27" HEIGHT="14" WC="0.96" CONTENT="ur"/><SP WIDTH="16" VPOS="1301" HPOS="500"/>
							<String ID="string_229" HPOS="516" VPOS="1294" WIDTH="109" HEIGHT="27" WC="0.96" CONTENT="egendom,"/><SP WIDTH="17" VPOS="1294" HPOS="625"/>
							<String ID="string_230" HPOS="642" VPOS="1300" WIDTH="45" HEIGHT="15" WC="0.96" CONTENT="som"/><SP WIDTH="15" VPOS="1300" HPOS="687"/>
							<String ID="string_231" HPOS="702" VPOS="1293" WIDTH="69" HEIGHT="21" WC="0.94" CONTENT="blifvit"/><SP WIDTH="15" VPOS="1293" HPOS="771"/>
							<String ID="string_232" HPOS="786" VPOS="1293" WIDTH="33" HEIGHT="21" WC="0.96" CONTENT="till"/><SP WIDTH="14" VPOS="1293" HPOS="819"/>
							<String ID="string_233" HPOS="833" VPOS="1292" WIDTH="95" HEIGHT="22" WC="0.96" CONTENT="konkurs"/>
						</TextLine>
						<TextLine ID="line_29" HPOS="99" VPOS="1321" WIDTH="830" HEIGHT="28">
							<String ID="string_234" HPOS="99" VPOS="1323" WIDTH="91" HEIGHT="26" WC="0.91" CONTENT="afträdd,"/><SP WIDTH="16" VPOS="1323" HPOS="190"/>
							<String ID="string_235" HPOS="206" VPOS="1323" WIDTH="128" HEIGHT="21" WC="0.96" CONTENT="förordnade"/><SP WIDTH="15" VPOS="1323" HPOS="334"/>
							<String ID="string_236" HPOS="349" VPOS="1323" WIDTH="50" HEIGHT="21" WC="0.93" CONTENT="herr"/><SP WIDTH="11" VPOS="1323" HPOS="399"/>
							<String ID="string_237" HPOS="410" VPOS="1323" WIDTH="135" HEIGHT="21" WC="0.91" CONTENT="talemannen"/><SP WIDTH="17" VPOS="1323" HPOS="545"/>
							<String ID="string_238" HPOS="562" VPOS="1324" WIDTH="32" HEIGHT="20" WC="0.93" CONTENT="att"/><SP WIDTH="12" VPOS="1324" HPOS="594"/>
							<String ID="string_239" HPOS="606" VPOS="1323" WIDTH="96" HEIGHT="20" WC="0.92" CONTENT="ståndets"/><SP WIDTH="10" VPOS="1323" HPOS="702"/>
							<String ID="string_240" HPOS="712" VPOS="1322" WIDTH="138" HEIGHT="21" WC="0.96" CONTENT="medlemmar"/><SP WIDTH="10" VPOS="1322" HPOS="850"/>
							<String ID="string_241" HPOS="860" VPOS="1321" WIDTH="69" HEIGHT="22" WC="0.96" CONTENT="skulle"/>
						</TextLine>
						<TextLine ID="line_30" HPOS="98" VPOS="1349" WIDTH="831" HEIGHT="29">
							<String ID="string_242" HPOS="98" VPOS="1357" WIDTH="77" HEIGHT="21" WC="0.96" CONTENT="genom"/><SP WIDTH="23" VPOS="1357" HPOS="175"/>
							<String ID="string_243" HPOS="198" VPOS="1351" WIDTH="73" HEIGHT="27" WC="0.96" CONTENT="anslag"/><SP WIDTH="23" VPOS="1351" HPOS="271"/>
							<String ID="string_244" HPOS="294" VPOS="1352" WIDTH="135" HEIGHT="20" WC="0.96" CONTENT="underrättas"/><SP WIDTH="24" VPOS="1352" HPOS="429"/>
							<String ID="string_245" HPOS="453" VPOS="1352" WIDTH="32" HEIGHT="20" WC="0.96" CONTENT="att"/><SP WIDTH="23" VPOS="1352" HPOS="485"/>
							<String ID="string_246" HPOS="508" VPOS="1351" WIDTH="85" HEIGHT="27" WC="0.96" CONTENT="tryckta"/><SP WIDTH="22" VPOS="1351" HPOS="593"/>
							<String ID="string_247" HPOS="615" VPOS="1350" WIDTH="106" HEIGHT="27" WC="0.96" CONTENT="exemplar"/><SP WIDTH="15" VPOS="1350" HPOS="721"/>
							<String ID="string_248" HPOS="736" VPOS="1350" WIDTH="23" HEIGHT="21" WC="0.93" CONTENT="af"/><SP WIDTH="13" VPOS="1350" HPOS="759"/>
							<String ID="string_249" HPOS="772" VPOS="1350" WIDTH="64" HEIGHT="26" WC="0.90" CONTENT="sagde"/><SP WIDTH="15" VPOS="1350" HPOS="836"/>
							<String ID="string_250" HPOS="851" VPOS="1349" WIDTH="78" HEIGHT="27" WC="0.96" CONTENT="nådiga"/>
						</TextLine>
						<TextLine ID="line_31" HPOS="98" VPOS="1377" WIDTH="830" HEIGHT="30">
							<String ID="string_251" HPOS="98" VPOS="1380" WIDTH="133" HEIGHT="27" WC="0.95" CONTENT="proposition"/><SP WIDTH="16" VPOS="1380" HPOS="231"/>
							<String ID="string_252" HPOS="247" VPOS="1380" WIDTH="108" HEIGHT="22" WC="0.96" CONTENT="äfvensom"/><SP WIDTH="16" VPOS="1380" HPOS="355"/>
							<String ID="string_253" HPOS="371" VPOS="1380" WIDTH="23" HEIGHT="21" WC="0.96" CONTENT="af"/><SP WIDTH="13" VPOS="1380" HPOS="394"/>
							<String ID="string_254" HPOS="407" VPOS="1380" WIDTH="36" HEIGHT="21" WC="0.92" CONTENT="två"/><SP WIDTH="16" VPOS="1380" HPOS="443"/>
							<String ID="string_255" HPOS="459" VPOS="1380" WIDTH="71" HEIGHT="21" WC="0.92" CONTENT="dertill"/><SP WIDTH="16" VPOS="1380" HPOS="530"/>
							<String ID="string_256" HPOS="546" VPOS="1379" WIDTH="95" HEIGHT="22" WC="0.93" CONTENT="hörande"/><SP WIDTH="15" VPOS="1379" HPOS="641"/>
							<String ID="string_257" HPOS="656" VPOS="1378" WIDTH="216" HEIGHT="28" WC="0.90" CONTENT="författningsförslag"/><SP WIDTH="10" VPOS="1378" HPOS="872"/>
							<String ID="string_258" HPOS="882" VPOS="1377" WIDTH="46" HEIGHT="22" WC="0.92" CONTENT="fun-"/>
						</TextLine>
						<TextLine ID="line_32" HPOS="98" VPOS="1409" WIDTH="324" HEIGHT="27">
							<String ID="string_259" HPOS="98" VPOS="1415" WIDTH="39" HEIGHT="15" WC="0.93" CONTENT="nos"/><SP WIDTH="15" VPOS="1415" HPOS="137"/>
							<String ID="string_260" HPOS="152" VPOS="1409" WIDTH="13" HEIGHT="21" WC="0.89" CONTENT="å"/><SP WIDTH="15" VPOS="1409" HPOS="165"/>
							<String ID="string_261" HPOS="180" VPOS="1409" WIDTH="92" HEIGHT="22" WC="0.93" CONTENT="kansliet"/><SP WIDTH="15" VPOS="1409" HPOS="272"/>
							<String ID="string_262" HPOS="287" VPOS="1409" WIDTH="135" HEIGHT="27" WC="0.91" CONTENT="tillgänglige."/>
						</TextLine>
					</TextBlock>
				</ComposedBlock>
				<ComposedBlock ID="cblock_13" HPOS="584" VPOS="1464" WIDTH="273" HEIGHT="66">
					<TextBlock ID="block_12" HPOS="584" VPOS="1464" WIDTH="273" HEIGHT="66">
						<TextLine ID="line_33" HPOS="675" VPOS="1464" WIDTH="97" HEIGHT="17">
							<String ID="string_263" HPOS="675" VPOS="1464" WIDTH="21" HEIGHT="17" WC="0.96" CONTENT="In"/><SP WIDTH="13" VPOS="1464" HPOS="696"/>
							<String ID="string_264" HPOS="709" VPOS="1464" WIDTH="63" HEIGHT="17" WC="0.95" CONTENT="fidem:"/>
						</TextLine>
						<TextLine ID="line_34" HPOS="584" VPOS="1503" WIDTH="273" HEIGHT="27">
							<String ID="string_265" HPOS="584" VPOS="1505" WIDTH="58" HEIGHT="21" WC="0.93" CONTENT="And."/><SP WIDTH="17" VPOS="1505" HPOS="642"/>
							<String ID="string_266" HPOS="659" VPOS="1504" WIDTH="59" HEIGHT="21" WC="0.93" CONTENT="John"/><SP WIDTH="15" VPOS="1504" HPOS="718"/>
							<String ID="string_267" HPOS="733" VPOS="1503" WIDTH="124" HEIGHT="27" WC="0.89" CONTENT="Hornborg."/>
						</TextLine>
					</TextBlock>
				</ComposedBlock>
			</PrintSpace>
		</Page>
	</Layout>
</alto>
