1109 1795
207 133 42 20 274
411 136 166 18 Presteståndet.
601 136 55 17 1867.
680 137 26 16 22
719 136 61 17 Mars.

181 223 88 22 Således
289 223 66 20 borde
378 228 26 15 en
427 222 67 21 sådan
517 221 164 26 statshandling,
697 227 45 15 som
759 221 203 26 donationsgodsens
976 221 31 20 in-

180 252 91 25 lösning,
283 251 85 20 hvartill
384 251 85 20 komma
485 251 33 20 att
533 249 108 21 användas
656 249 105 27 miljoner,
777 251 107 25 uppgöras
899 249 24 21 af
936 255 71 20 perso-

180 286 45 19 ner,
249 279 88 20 utvalda
359 279 72 21 dertill
446 279 23 20 af
482 278 67 27 begge
566 278 62 21 dessa
643 278 144 21 statsmakter.
818 278 47 20 Den
880 278 128 25 invändning

181 309 42 20 kan
246 307 75 20 härvid
343 309 70 24 göras,
429 309 32 19 att
477 307 37 21 det
529 307 89 20 innebär
633 308 32 19 ett
679 307 141 20 misstroende
836 308 46 19 mot
897 307 109 26 styrelsen,

181 336 28 21 då
231 342 50 14 man
304 335 18 26 ej
338 335 36 21 vill
390 335 71 22 lemna
477 335 123 21 densamma
616 334 41 21 fria
672 335 88 26 händer,
776 336 32 19 att
823 335 49 20 med
887 335 85 26 ledning
987 335 24 20 af

181 363 124 22 inhemtade
321 364 169 21 underrättelser
506 363 39 21 och
561 363 55 21 efter
632 363 62 21 bästa
709 363 64 26 insigt
788 363 128 20 härutinnan
929 363 78 20 handla

181 393 76 21 allena.
288 393 49 20 Men
353 393 60 21 detta
428 394 23 19 är
467 392 19 26 ej
503 391 65 21 fallet.
599 391 107 26 Tvärtom,
723 397 48 15 man
787 391 53 20 skall
860 391 46 26 just
928 391 79 26 derige-

182 428 50 15 nom
247 422 69 20 befria
332 421 103 27 styrelsen
451 421 46 21 från
514 420 38 20 allt
569 420 36 21 det
627 420 140 21 misstroende
791 420 38 20 och
854 420 35 20 det
912 420 94 24 klander,

182 456 46 15 som
248 450 100 25 möjligen
369 450 70 19 kunde
460 449 77 20 väckas
553 449 23 20 af
589 454 102 20 personer
707 450 52 19 utan
774 450 98 19 närmare
888 448 118 20 kännedom

182 479 23 20 af
219 479 26 20 de
261 477 77 26 många
353 477 138 27 svårigheter,
508 477 59 20 hvari
583 476 74 27 frågan
673 477 68 20 under
751 477 175 26 inlösningstiden
936 476 71 21 kunde

182 507 115 20 invecklas.
328 506 45 21 Den
389 506 68 20 andra
472 505 159 24 statsmaktens,
655 505 134 25 ständernas,
813 505 126 26 deltagande
962 505 44 20 deri

182 541 76 20 genom
282 534 78 21 ombud
383 534 55 21 skall
460 534 82 21 således
565 533 67 21 befria
655 534 103 26 styrelsen
774 533 55 21 inför
846 533 39 21 den
900 533 107 21 allmänna

183 563 112 26 opinionen
311 562 47 21 från
374 563 36 20 det
426 563 90 25 obehag,
532 568 45 15 som
593 562 150 21 användandet
759 561 22 21 af
796 562 25 21 de
838 561 104 26 beviljade
960 562 46 21 mil-

180 592 91 26 jonerna
286 591 99 26 möjligen
401 591 71 21 kunde
488 591 154 20 åstadkomma.
673 591 45 20 Och
740 591 36 20 det
798 592 23 19 är
842 590 60 21 äfven
925 590 82 21 derföre

181 621 36 26 jag
238 621 54 20 trott
314 620 42 25 mig
377 619 53 21 böra
451 619 120 25 framhålla,
593 620 32 19 att
648 618 101 21 Finlands
770 619 88 20 ständer
882 618 65 21 redan
972 619 34 20 vid

183 649 69 20 denna
274 648 103 26 landtdag
399 648 56 20 inför
478 648 59 20 Hans
560 647 119 26 Kejserliga
701 647 100 26 Majestät
816 647 6 20 i
838 646 168 26 underdånighet

183 677 68 20 skulle
267 676 69 21 uttala
352 677 39 20 den
409 676 81 20 önskan
506 677 32 19 att
554 675 21 21 få
591 675 79 21 föreslå
685 675 101 26 lämpliga
806 681 107 20 personer,
936 675 70 20 hvilka

182 705 70 21 tillika
267 705 48 20 med
331 705 25 20 de
372 704 23 21 af
409 705 104 25 styrelsen
529 704 88 20 utvalda
633 704 53 25 ägde
702 706 32 19 att
750 703 114 22 verkställa
880 703 26 21 de
921 703 7 20 i
938 704 68 20 denna

182 733 69 26 punkt
273 733 128 21 omnämnda
422 733 213 26 undersökningarna
655 732 39 21 och
711 732 68 21 tillika
795 732 89 21 slutföra
900 732 67 20 denna
983 732 23 20 sä

183 763 62 25 högst
267 761 80 27 vigtiga
367 761 60 26 fråga
442 767 35 15 om
493 761 204 25 donationsgodsens
713 761 88 20 inlösen.
831 761 38 20 Ett
885 760 121 26 ömsesidigt

183 790 108 21 orubbadt
306 790 122 20 förtroende
444 789 90 22 emellan
550 789 101 21 Finlands
667 789 90 26 styrelse
772 789 39 20 och
825 789 48 20 dess
884 788 44 21 folk
939 788 67 21 skulle

183 818 61 21 äfven
260 819 47 20 häri
324 819 84 26 besegla
423 818 41 21 den
480 818 107 25 handling,
604 817 137 27 hvarigenom
754 817 101 21 Finlands
868 817 66 26 begge
944 818 63 19 stats-

183 847 84 20 makter
281 847 56 26 gjort
353 847 38 20 allt
407 847 56 20 hvad
479 847 25 20 de
520 846 82 21 kunnat
617 847 33 20 för
666 847 31 20 att
713 848 51 19 utan
780 845 102 26 dröjsmål
897 845 52 20 söka
963 845 45 21 för-

183 875 71 27 hjelpa
269 875 224 21 donationsbönderna
508 875 32 20 till
556 881 26 14 en
598 874 115 26 lyckligare
729 875 40 20 och
791 874 49 21 med
862 873 116 26 allmogens
1000 874 6 19 i

184 903 67 27 öfriga
267 904 59 20 delar
341 903 20 21 af
377 904 73 20 landet
463 903 101 26 jemngod
580 903 106 26 ställning,
703 903 39 21 och
759 902 90 21 sålunda
865 901 67 22 skulle
951 903 57 20 stän-

183 933 66 20 derna
264 931 27 27 gå
307 932 25 21 H.
349 932 26 21 K.
392 932 111 26 Majestäts
519 931 168 27 landsfaderliga
703 931 81 21 önskan
800 931 32 20 till
848 932 75 19 mötes.

252 989 83 21 Doktor
351 989 103 20 Hellén
467 989 87 26 yrkade,
565 989 7 20 i
583 989 100 20 motsatts
695 990 44 19 mot
751 987 149 27 kyrkoherden
912 987 95 25 Castrén,

184 1017 160 22 bibehållandet
360 1017 22 21 af
397 1017 59 21 detta
471 1017 73 26 tillägg
561 1017 31 20 till
617 1017 4 20 3
637 1018 122 24 momentet,
777 1016 38 21 och
831 1015 66 26 ansåg
913 1016 35 20 det
958 1021 51 15 vara

183 1046 24 20 af
221 1046 89 26 mycken
325 1047 44 24 vigt
385 1047 32 20 att
433 1046 36 20 det
485 1046 60 25 enda,
561 1045 138 26 hvarigenom
716 1045 106 20 utskottet
838 1045 112 25 betryggat
972 1043 37 21 do-

183 1075 195 20 nationsbönderne
399 1076 44 19 mot
467 1074 160 21 donatariernes
648 1073 73 21 alltför
742 1073 51 26 högt
817 1073 70 20 drifna
909 1071 99 27 anspråk,

184 1103 65 21 borde
266 1103 6 20 i
288 1103 127 20 ständernas
438 1103 71 20 beslut
531 1102 55 27 ingå.
617 1102 215 25 Bestämningarna
823 1097 14 36 i
856 1101 58 21 detta
936 1101 73 25 tillägg

182 1137 51 15 vore
250 1131 53 21 dock
319 1132 18 25 ej
354 1131 49 21 fullt
418 1131 209 24 tillfredsställande;
643 1130 58 27 uppå
717 1131 25 20 de
758 1135 102 22 personer
880 1135 45 15 som
948 1129 60 20 skola

182 1159 121 21 undersöka
319 1159 104 21 huruvida
438 1159 96 26 priserna
550 1161 37 18 äro
603 1159 108 26 antagliga
726 1158 95 21 berodde
837 1158 104 26 nemligen
961 1157 48 20 hela

182 1187 87 21 affären.
300 1187 33 21 Då
356 1188 103 26 styrelsen
480 1187 113 21 handhade
616 1187 137 26 låneaffären,
775 1187 66 26 ansåg
864 1186 90 21 doktorn
977 1188 32 19 att

183 1216 122 21 densamma
321 1216 61 20 äfven
397 1216 66 21 borde
479 1217 47 20 utse
542 1216 62 21 dessa
619 1222 108 19 personer.
758 1215 158 26 Benämningen
932 1215 77 25 ,lämp-

183 1245 42 26 liga
240 1245 115 26 personer"
371 1250 51 15 vore
439 1244 54 21 dock
510 1244 106 27 olämplig,
632 1246 23 24 ty
670 1244 20 21 vi
706 1244 57 21 vocis
780 1243 92 27 betydde
896 1243 58 20 detta
976 1243 33 20 så-

183 1273 55 20 dana
254 1279 45 14 som
315 1273 71 26 lämpa
402 1273 30 26 sig
448 1273 53 20 efter
518 1273 49 24 alla,
584 1273 98 20 hvarföre
706 1273 41 20 den
769 1272 66 21 borde
858 1271 85 27 utbytas
964 1273 46 19 mot

158 1317 3 1 -
182 1301 93 26 yredliga
291 1301 39 20 och
345 1301 156 26 sakkunniga;*
517 1301 72 21 vidare
606 1301 65 21 borde
683 1301 26 21 de
720 1307 76 20 genom
806 1301 76 20 kartor
892 1299 39 21 och
942 1300 67 20 hand-

181 1329 69 25 lingar
273 1329 62 20 vinna
357 1329 120 21 kännedom
495 1335 33 15 om
542 1329 88 26 jordens
645 1330 50 20 vidd
711 1329 40 21 och
767 1328 153 24 beskaflenhet,
935 1330 23 24 ty
973 1334 36 14 an-

182 1363 49 15 nars
253 1357 105 26 uppstode
381 1364 25 14 en
430 1358 139 25 oberäknelig
591 1358 72 26 oreda,
681 1357 119 27 hvarjemte
816 1356 94 28 äverkan
924 1356 84 20 komme

181 1387 33 19 att
229 1384 44 26 ske,
291 1385 27 21 dä
333 1386 81 26 byarne
430 1386 18 26 ej
469 1388 36 19 äro
522 1385 94 22 åtskilda
638 1392 76 20 genom
739 1385 54 21 räer.
823 1385 69 21 Äfven
914 1384 95 27 grunden

181 1414 33 21 för
229 1414 172 21 bestämmandet
417 1415 22 20 af
454 1415 191 25 egendomsvärdet
661 1421 49 14 vore
734 1413 86 27 oriktig,
843 1413 27 21 dä
894 1413 35 20 det
949 1413 60 20 heter

181 1444 32 19 att
229 1442 163 27 lägenheternas
408 1443 43 25 pris
467 1443 18 26 ej
501 1443 35 20 mä
558 1441 113 28 öfverstiga
695 1443 55 20 hvad
775 1443 48 20 dei
839 1442 41 21 den
902 1441 107 21 blitvande

181 1471 162 21 innehafvarens
367 1471 56 20 hand
447 1477 61 15 anses
530 1471 73 21 kunna
623 1473 115 23 motsvara,
755 1471 20 20 d.
791 1477 18 14 v.
826 1477 16 14 s.
859 1470 66 26 priset
941 1469 68 21 skulle

181 1499 130 21 bestämmas
326 1499 54 21 efter
396 1499 55 21 hvad
468 1500 36 21 det
518 1499 43 21 kan
577 1499 71 21 blifva.
679 1500 66 21 Detta
760 1505 51 15 vore
834 1500 32 19 ett
889 1497 121 27 oförsigtigt

181 1527 92 26 uttryck,
289 1533 45 15 som
349 1527 67 22 borde
431 1529 69 20 rättas
516 1528 41 21 till:
575 1528 36 21 det
625 1528 66 21 värde
707 1527 131 28 egendomen
854 1527 34 21 vid
901 1527 108 26 köpslutet
