1109 1795
209 144 40 21 362
414 147 167 18 Presteständet.
606 148 54 17 1867.
685 148 13 17 2
711 147 62 22 April.

179 234 94 27 mäktige
289 234 56 21 tillse
361 234 36 21 det
412 234 41 21 den
468 233 122 22 metalliska
605 233 87 22 valutan
708 234 18 27 ej
742 233 55 27 finge
813 234 69 27 nedgä
895 233 32 22 till
938 235 12 19 8
961 234 48 21 mil-

178 263 75 21 lioner.
290 263 90 21 Derföre
403 262 94 21 önskade
519 262 91 21 Prosten
633 263 32 20 att
688 262 70 21 denna
780 262 86 27 mening
888 263 120 26 gvarstode.

178 292 34 21 En
235 290 124 22 reservfond
381 291 62 20 fanns
466 290 124 27 visserligen
613 291 22 20 af
654 291 11 20 7
682 291 112 25 millioner,
810 297 49 14 men
874 291 27 21 dä
916 291 92 22 derifrän

179 320 112 25 borttoges
306 319 12 20 5
335 319 105 21 millioner
455 319 7 20 i
478 319 77 21 osäkra
570 319 128 26 fordringar,
715 319 114 26 gvarstode
844 320 75 21 endast
934 321 12 20 2
962 319 46 22 mil-

179 348 74 21 lioner.
285 347 39 21 Om
347 353 26 15 en
396 347 43 21 kris
462 347 118 26 inträffade,
604 347 92 27 betydde
718 348 70 20 denna
807 348 123 21 reservfond
944 349 63 25 intet;

178 376 93 21 handeln
294 375 71 22 kunde
385 375 19 27 ej
421 375 72 22 betala
507 376 160 25 missvexterna,
683 377 33 20 tre
732 376 67 21 nödär
814 376 90 21 kostade
921 377 25 20 16
962 377 45 20 mil-

178 405 75 26 lioner,
270 404 63 22 hvart
348 404 73 22 räckte
437 404 28 22 dä
481 404 25 21 de
521 403 122 28 föreslagna
659 403 26 22 8?
696 405 92 21 Prosten
799 405 113 21 förordade
923 405 83 21 derföre

179 435 33 19 att
227 432 23 21 ät
265 433 104 26 styrelsen
385 433 108 20 lemnades
508 433 104 26 rättighet
628 435 31 19 att
672 435 96 24 upptaga
778 433 35 21 län
823 434 49 21 med
882 434 124 21 ständernas

178 461 95 27 garanti;
297 463 22 25 ty
342 461 23 21 sä
388 461 71 21 kunde
482 461 34 21 län
539 461 72 21 bättre
633 461 33 21 fås
689 463 27 19 än
737 467 76 20 genom
829 462 99 26 åtgärder
944 461 23 21 af
981 468 25 15 en

179 489 164 22 bankdirektion
366 496 45 15 som
434 489 106 27 knappast
562 495 51 16 vore
636 490 104 26 ansvarig.
777 490 32 21 Pä
831 491 61 20 dessa
914 490 93 27 grunder

179 519 95 20 önskade
289 520 87 24 prosten
392 519 129 24 antagandet
531 518 23 21 af
563 518 41 21 den
617 518 114 27 kejserliga
741 519 166 26 propositionen,
921 519 85 20 hvartill

179 546 66 22 sedan
261 547 67 20 skulle
343 547 61 26 fogas
419 546 75 27 början
510 546 22 21 af
546 546 117 21 utskottets
678 546 87 27 förslag.

247 603 91 21 Prosten
361 603 77 21 doktor
460 603 92 26 Bergh
576 603 98 21 biträdde
697 603 62 22 detta
780 604 74 27 tillägg
876 604 22 21 af
920 606 86 25 prosten

179 631 65 27 Hjelt,
263 631 85 21 hvilken
364 631 81 22 talaren
461 631 65 26 ansäg
542 631 63 21 hafva
620 632 111 27 vederlagt
746 634 87 25 prosten
848 633 103 20 Borenius
967 634 39 20 och

179 660 77 21 doktor
271 660 82 21 Hellen.

248 717 206 26 Kontraktsprosten
478 717 77 21 doktor
571 717 98 21 Hellen
685 717 49 21 ville
750 717 62 21 äfven
828 717 33 21 för
876 717 32 21 sin
923 717 40 26 del,
979 717 27 26 pä

179 745 74 26 frägan
269 745 55 21 hvad
339 745 190 26 bankfullmäktige
545 747 64 19 ämna
623 747 52 25 göra
690 745 7 21 i
712 745 101 21 händelse
829 745 23 21 af
865 745 73 26 nödär,
954 747 53 25 göra

179 780 26 15 en
227 773 114 26 motfräga:
365 775 39 19 när
425 773 96 21 inträffar
536 773 28 21 dä
579 774 162 21 missvextäret?
756 774 33 20 En
804 773 136 22 bankrörelse
956 780 49 15 vore

178 801 156 27 fAluktuerande,
350 801 73 22 ibland
439 808 38 15 var
491 802 156 21 vexelrörelsen
662 801 175 27 fördelaktigare,
852 802 73 21 ibland
941 802 65 27 depo-

179 831 179 26 sitionsrörelsen;
375 837 49 14 man
437 830 67 21 mäste
517 830 84 21 derföre
614 832 57 19 rätta
682 831 31 26 sig
725 830 54 21 efter
790 831 215 25 omständigheterna,

179 865 48 15 men
249 865 29 14 nu
300 859 61 20 fanns
383 859 54 20 intet
455 859 46 20 skäl
517 859 30 20 till
565 859 104 21 skrämsel
684 859 34 20 för
734 859 122 24 ständerna,
872 859 23 21 sä
910 861 32 19 att
958 865 48 15 man

178 887 92 21 behöfde
292 887 65 20 tänka
379 887 27 26 pä
430 887 40 21 län.
501 887 62 21 Hvad
583 894 27 14 en
631 888 11 20 5
659 887 117 21 millioners
791 887 78 21 förlust
884 887 122 24 beträffade,

178 916 147 26 protesterade
348 916 82 21 talaren
453 916 104 25 deremot;
581 915 62 22 äfven
666 916 25 21 de
713 918 82 19 sämsta
809 916 127 26 gäldenärer
951 916 55 21 hade

180 944 68 26 bjudit
264 945 27 20 70
299 945 34 25 9,
349 944 97 21 hvarföre
462 945 13 20 3
491 944 13 21 &
518 945 14 20 4
547 945 105 20 millioner
667 944 46 21 helt
728 944 73 21 säkert
817 944 67 21 skulle
900 944 79 27 inflyta.

247 1000 91 21 Prosten
359 1000 78 21 doktor
452 1001 85 26 Bergh
554 1001 73 26 ansäg,
643 1002 33 19 att
691 1001 37 21 det
743 1001 55 20 enda
813 1002 70 20 staten
898 1001 66 21 under
980 1007 26 14 en

178 1029 44 20 kris
245 1029 70 20 kunde
338 1031 52 24 göra
412 1035 50 15 vore
485 1029 134 26 naturligtvis
640 1031 31 19 att
687 1029 55 21 läna.
773 1029 90 21 Prosten
878 1029 58 26 Hjelt
951 1029 55 21 hade

178 1057 71 26 frägat
271 1057 56 20 huru
349 1057 37 21 det
408 1057 69 21 skulle
499 1057 46 26 gätt
560 1057 101 22 Finlands
677 1057 64 24 bank,
758 1063 33 15 om
807 1057 20 27 ej
842 1057 164 22 Rothschildska

178 1085 58 22 länet
258 1085 6 21 i
288 1087 70 19 rättan
381 1086 31 20 tid
435 1086 54 20 hade
512 1085 107 26 erhällits;
642 1086 83 21 talaven
748 1085 89 27 frägade
852 1086 55 21 huru
922 1086 84 21 banken

178 1114 68 21 skulle
269 1113 22 22 fä
313 1114 48 21 läna
384 1120 37 15 ens
444 1115 13 19 8
480 1114 111 27 millioner,
611 1115 51 20 eller
678 1116 31 19 ett
724 1115 112 20 utländskt
851 1114 35 21 län
901 1115 40 21 alls
955 1121 51 15 vara

177 1143 80 25 rimligt
273 1143 52 20 utan
339 1143 114 26 styrelsens
468 1143 136 20 medverkan.
634 1143 91 21 Prosten
741 1143 60 26 Hjelt
811 1143 55 21 hade
876 1144 52 20 visst
939 1143 67 20 kallat

178 1171 13 20 8
206 1171 106 20 millioner
327 1171 57 24 litet;
400 1171 83 20 talaren
498 1171 85 26 medgaf
593 1173 33 19 att
637 1172 36 20 det
684 1171 18 27 ej
714 1177 51 15 vore
776 1172 90 26 mycket,
878 1178 47 15 men
936 1172 70 20 bättre

178 1199 65 26 nägot
265 1201 26 18 än
315 1201 32 18 att
369 1199 88 21 alldeles
480 1200 99 26 utstryka
594 1201 123 20 momentet.
748 1200 132 27 Korteligen,
896 1200 40 21 den
952 1200 54 21 enda

178 1227 84 26 hjelpen
283 1233 49 15 vore
353 1229 31 19 att
400 1227 84 21 banken
499 1230 45 19 mot
559 1228 115 26 styrelsens
689 1229 85 25 garanti
789 1228 55 27 finge
859 1228 55 21 läna.
944 1228 62 21 Hvad

177 1255 70 22 kunde
271 1255 84 21 banken
378 1257 59 25 göra,
453 1255 28 22 dä
495 1255 66 22 sädan
577 1257 78 26 mängd
671 1257 112 26 spannmäl
799 1257 93 20 infördes
908 1262 45 15 som
968 1263 37 14 var

177 1284 92 27 behöflig
285 1285 66 20 under
367 1290 26 15 en
409 1284 112 21 missvext?
536 1284 34 21 Dä
586 1285 68 20 skulle
670 1285 47 21 icke
733 1285 56 21 blott
805 1286 12 21 8
831 1285 110 26 millioner,
954 1286 51 20 utan

177 1312 77 27 många
276 1313 80 26 gånger
378 1313 59 20 detta
460 1313 77 26 belopp
553 1313 7 20 i
576 1313 70 21 sedlar
661 1316 135 23 presenteras
811 1313 33 21 till
859 1313 87 26 inlösen,
962 1314 44 21 tills

177 1341 84 20 banken
276 1341 46 20 icke
338 1346 59 15 mera
412 1341 55 20 hade
482 1341 70 26 någon
567 1341 73 21 valuta
656 1341 49 24 alls;
721 1345 22 23 ty
760 1342 25 20 de
796 1341 110 21 inhemska
916 1341 90 22 fordrin-

176 1375 66 20 garne
265 1368 71 21 kunde
359 1368 46 21 icke
427 1369 101 21 indrifvas
550 1369 33 21 till
599 1370 132 21 betäckande
747 1370 24 20 af
785 1369 220 28 spanmålsimporten,

177 1397 40 21 och
240 1397 63 21 häraf
324 1397 93 21 berodde
440 1397 65 21 likväl
527 1397 96 22 bankens
646 1399 107 26 ställning,
777 1398 81 21 kanske
881 1399 47 20 dess
947 1400 59 19 stun-

177 1425 68 21 dande
261 1425 54 21 ruin.

246 1482 90 21 Prosten
358 1482 144 21 Borenius
524 1483 92 26 yttrade,
640 1485 33 19 att
688 1484 26 20 de
730 1483 129 21 nödlidande
874 1483 45 21 icke
935 1483 71 21 kunna

177 1511 48 20 med
241 1511 47 21 sina
303 1511 86 20 markor
404 1510 47 21 från
466 1511 84 21 banken
566 1513 51 24 taga
632 1511 71 22 silfver
719 1511 41 22 och
775 1512 58 25 köpa
843 1511 101 27 spanmål,
954 1514 52 19 utan

178 1539 105 26 styrelsen
294 1538 130 27 ombesörjer
435 1539 97 22 handeln.
564 1540 55 21 Ville
632 1540 104 27 styrelsen
747 1539 67 22 anlita
825 1540 95 21 bankens
930 1540 75 27 kredit,
