1109 1795
317 133 166 18 Presteståndet.
510 134 54 17 1867.
590 135 22 16 15
625 135 62 16 Mars.
850 130 42 21 223

160 218 133 21 Besvarades
315 218 48 21 med
381 218 26 21 13
422 218 37 28 nej
474 220 45 19 mot
537 220 23 19 11
574 219 39 26 ja;
628 219 83 21 hvadan
727 219 82 22 således
825 220 98 22 ständets

90 247 72 21 beslut
177 247 46 21 blef
236 248 38 23 att,
290 248 59 19 utom
365 246 40 21 den
420 246 149 22 modifikation
585 247 144 22 betänkandet
745 248 84 21 komme
840 250 33 20 att
884 255 38 15 un-

92 275 66 26 dergä
173 275 7 21 i
196 275 93 26 enlighet
311 275 48 21 med
379 275 287 22 universitetssekreteraren
681 275 130 24 Grotenfelts
827 283 96 16 reserva-

92 303 54 27 tion,
159 303 80 27 jemväl
253 303 125 27 ytterligare
393 303 74 28 tillägg
482 310 52 15 vore
550 304 24 21 af
587 304 76 21 nöden.

162 359 70 22 Sedan
255 359 200 27 kontraktsprosten
474 360 80 21 doktor
569 360 77 21 Hellön
662 360 129 23 äterhemtat
807 362 37 21 sitt
860 363 62 21 ofvan

92 388 89 27 intagna
202 388 81 26 förslag
304 388 69 21 beslöt
393 388 92 28 ståndet,
502 388 28 27 pä
545 389 157 27 framställning
717 390 23 20 af
753 389 49 22 herr
817 390 105 22 taleman-

93 423 48 18 nen,
164 418 33 20 att
219 416 124 29 ytterligare
361 417 118 27 bordlägga
494 418 243 21 utskottsbetänkandet
752 418 31 21 till
799 420 64 20 nästa
878 420 45 25 ple-

93 451 58 21 num,
174 446 28 21 dä
224 446 26 20 de
271 451 45 15 som
332 445 47 21 ville
395 446 70 20 kunde
481 445 120 27 framlägga
616 446 80 27 förslag
712 446 32 21 till
759 453 27 20 ny
801 447 121 21 redaktion.

164 575 89 22 Ständet
269 576 109 27 ätskiljäes
393 576 29 21 kl.
439 576 49 27 23/,
504 583 18 14 e.
539 583 27 14 m.

689 639 20 17 In
721 639 62 17 fidem:

581 696 58 21 And.
655 695 59 22 John
730 696 123 28 Hornborg.

174 861 151 32 Fredagen
344 861 57 27 den
419 860 34 28 15
471 861 80 26 Mars
570 861 68 27 1867
656 861 41 27 kl.
715 860 35 28 10
767 860 22 27 f.
807 868 39 19 m.

164 923 89 21 Plenum
276 923 107 27 öppnades
405 923 49 21 med
477 923 24 21 af
522 923 202 27 kontraktsprosten
740 923 77 22 doktor
833 923 92 22 Andelin

95 951 71 22 hällen
181 951 49 22 bön.

164 1031 57 22 Herr
241 1031 134 22 talemannen
389 1031 38 28 gaf
441 1031 106 22 tillkänna
563 1033 32 19 att
609 1031 96 21 ständets
721 1031 100 26 ledamot,
836 1031 88 26 prosten

95 1060 82 21 Henrik
193 1059 75 22 Heikel
283 1060 68 21 under
365 1059 108 28 gårdagen
489 1059 75 27 aflidit,
581 1061 56 20 samt
652 1059 95 22 uttalade
763 1059 32 21 sin
811 1059 40 21 och
866 1058 59 22 stän-

96 1089 47 21 dets
158 1088 89 25 saknad,
262 1089 7 20 i
284 1088 114 27 anledning
413 1089 23 21 af
450 1089 61 20 detta
526 1088 122 26 beklagliga
663 1088 96 21 dödsfall.

165 1141 72 30 Öfrige
259 1145 137 21 medlemmar
418 1145 23 21 af
461 1145 88 21 ståndet
568 1151 51 15 voro
636 1144 43 21 alla
693 1144 112 26 tillstädes,
821 1144 49 21 med
884 1150 42 15 un-

96 1173 79 27 dantag
197 1173 23 22 af
241 1173 102 26 biskopen
359 1173 77 22 doktor
452 1173 128 24 Schauman,
596 1179 45 16 som
657 1179 38 16 var
709 1173 91 21 hindrad
816 1172 40 22 och
871 1172 55 21 först

96 1201 66 28 nägot
176 1202 73 26 längre
263 1201 55 22 fram
333 1201 98 22 anlände.

164 1258 40 21 Till
224 1258 105 27 justering
350 1259 110 26 upplästes
483 1258 136 27 protokollen
642 1258 34 21 för
699 1258 40 21 den
760 1259 12 20 6
789 1257 58 22 Mars
862 1263 18 16 e.
896 1264 30 14 m.

96 1288 55 19 samt
173 1287 33 20 för
228 1287 40 20 den
283 1287 13 21 9
311 1293 62 20 mars,
397 1287 49 21 med
465 1287 112 26 undantag
591 1286 24 22 af
629 1285 247 26 diskussionsreferaten,
891 1285 36 22 för

97 1314 82 22 hvilkas
194 1315 129 26 granskning
338 1315 136 26 protokollen
490 1315 115 22 bordlades
619 1315 28 27 pä
663 1321 26 15 en
704 1315 73 21 vecka.

166 1422 120 27 Föredrogs
309 1422 59 22 Hans
388 1423 122 26 Kejserliga
525 1423 112 26 Majestäts
652 1422 77 27 nädiga
744 1421 132 28 proposition
892 1427 34 15 om

96 1450 126 27 tryckfrihet
236 1451 7 20 i
259 1450 90 22 Finland
364 1453 56 19 samt
435 1457 34 16 om
485 1451 97 22 viikoren
598 1451 33 21 för
646 1451 48 22 dess
710 1450 144 28 begagnande.
885 1449 42 21 Re-

96 1479 125 22 mitterades
236 1479 32 21 till
283 1479 149 27 lagutskottet.
