1109 1795
216 113 43 22 230
423 117 168 18 Presteständet.
616 117 53 17 1867.
693 118 23 16 15
728 117 62 17 Mars.

186 203 70 23 blefve
279 203 104 22 afskaffad
405 203 40 22 och
468 204 33 19 att
519 202 67 21 denne
601 203 66 20 mätte
682 202 128 21 härutinnan
825 202 90 21 sälunda
930 202 89 23 beredas

186 232 140 27 likställighet
347 231 49 22 med
411 231 95 22 kärande
522 233 54 24 part.
606 231 41 20 Det
663 237 50 15 vore
729 230 115 27 oegentligt
858 231 40 21 och
914 230 105 28 orättvist,

186 263 33 20 att
235 260 95 21 kärande
345 261 49 26 part
409 259 55 22 hade
481 259 27 21 60
524 258 12 22 ä
552 259 27 21 90
593 259 65 26 dagar
673 259 32 21 för
721 259 45 21 sina
782 259 93 21 fataliers
888 259 130 27 bevakande,

186 289 69 21 under
271 288 37 21 det
323 288 104 21 svarande
441 289 50 26 part
506 293 37 15 var
558 287 111 21 inskränkt
683 287 33 21 till
732 287 41 22 viss
789 287 40 26 dag
845 287 39 22 och
899 288 70 21 stund.

257 344 155 28 Kyrkoherden
427 343 134 22 Bäckvall
577 349 37 16 var
628 343 7 21 i
650 343 144 22 hufvudsaken
811 349 49 16 ense
873 344 48 21 med
932 346 86 25 prosten

187 373 67 28 Hjelt,
270 373 60 22 äfven
345 373 57 21 hvad
417 371 193 27 häradshöfdingen
625 371 114 22 Järnefelts
752 372 130 21 reservation
895 371 122 27 beträffade,

187 408 49 16 men
252 401 95 22 önskade
362 403 99 19 närmare
477 400 133 27 bestämning
622 400 105 22 huruvida
737 400 114 22 fatalietids
861 401 80 27 utgång
951 400 67 22 borde

187 430 80 22 räknas
282 430 34 21 vid
332 430 36 21 det
383 429 66 22 första
465 429 53 21 eller
532 428 52 22 sista
599 428 22 22 af
635 428 118 27 tolfslagen.

256 486 91 21 Prosten
363 485 133 26 Grönberg
511 485 91 21 invände
618 486 44 19 mot
677 487 87 24 prosten
774 485 60 26 Hjelt
844 486 32 20 att
886 485 26 21 de
924 485 7 21 i
941 485 77 27 nädiga

187 514 160 28 propositionen
369 513 175 22 förekommande
565 513 74 26 orden;
657 515 46 22 ,att
718 513 37 21 det
769 513 18 26 ej
803 514 35 21 mä
852 519 51 16 vara
918 515 48 25 part
980 513 38 22 be-

186 543 75 26 taget'*
283 544 40 19 etc.
343 542 168 27 uppenbarligen
526 541 69 27 gällde
611 541 55 22 både
680 541 95 22 kärande
790 541 39 22 och
844 541 103 22 svarande
962 544 54 24 part,

187 571 40 22 och
243 573 33 20 att
291 571 106 21 utskottet
411 571 7 20 i
433 570 43 21 allo
492 569 105 28 tillstyrkt
612 569 58 22 bifall
686 569 32 22 till
733 569 169 28 propositionen;
918 569 99 27 följaktli-

186 605 41 21 gen
243 599 56 22 hade
315 599 41 26 det,
373 605 46 15 som
434 598 135 26 ästundades,
586 598 65 21 redan
667 597 68 22 blifvit
750 598 74 21 afsedt.
854 598 90 21 Talaren
966 598 50 21 sade

187 627 32 27 sig
235 628 18 26 ej
270 629 55 23 veta,
341 627 55 21 hvad
412 627 73 21 vidare
499 626 39 21 här
553 626 46 21 frän
615 626 115 21 utskottets
745 627 45 20 sida
805 633 50 15 vore
870 626 22 22 af
906 627 74 21 nöden.

257 683 70 22 Sedan
343 682 149 22 diskussionen
509 682 88 21 sälunda
613 689 37 14 var
665 682 97 26 afslutad,
779 683 39 21 och
833 683 54 22 efter
902 684 36 21 det
948 683 67 22 öfver-

186 712 100 27 läggning
308 717 34 15 om
361 711 134 26 lämpligaste
510 710 81 21 formen
606 711 33 21 för
654 711 273 27 omröstningsproposition
942 711 73 28 försig-

186 741 53 26 gätt,
263 740 120 21 hvarunder
405 739 133 27 vicepastorn
561 739 113 26 Snellman,
697 739 6 21 i
726 740 104 21 anseende
852 739 32 22 till
906 741 108 26 mottagen

186 768 89 21 kallelse
291 770 32 19 att
337 767 80 22 besöka
433 774 25 15 en
474 768 54 26 sjuk,
544 767 103 27 aflägsnat
663 768 32 27 sig
709 767 47 22 från
773 768 92 27 plenum,
884 767 130 23 framställde

185 797 51 21 herr
256 796 135 21 talemannen
411 796 138 27 proposition,
571 795 103 22 huruvida
696 796 240 21 utskottsbetänkandet
958 797 56 21 oför-

187 825 93 21 ändradt
295 824 39 21 och
349 826 52 19 utan
416 825 66 25 nägot
496 824 74 27 tillägg
585 824 129 27 godkändes,
730 824 85 22 hvilken
830 825 131 27 proposition
976 825 38 22 be-

186 853 100 22 svarades
301 853 48 21 med
367 853 26 20 14
408 853 43 27 nej,
467 854 45 20 mot
526 853 13 21 8
550 853 35 26 ja.

254 909 108 27 Biskopen
383 909 78 22 doktor
504 909 134 21 Schauman
653 909 91 22 anlände
759 909 39 22 och
813 909 60 28 intog
888 909 31 22 sin
934 909 56 28 plats
1004 910 8 21 i

185 937 94 27 ständet;
295 937 81 22 hvilket
391 937 148 22 antecknades.

254 994 99 22 Härefter
375 994 132 22 framställde
528 994 50 22 herr
599 994 134 22 talemannen
756 994 131 27 proposition
907 995 104 22 huruvida

184 1023 122 22 återremiss
322 1023 113 24 önskades;
448 1022 80 22 hvilket
540 1022 22 22 af
571 1029 25 15 en
608 1023 153 27 öfvervägande
772 1023 39 22 och
821 1023 110 22 obestridd
941 1023 71 28 plura-

184 1051 47 22 litet
247 1051 126 22 besvarades
388 1051 105 21 nekande.

253 1107 104 28 Slutligen
372 1107 132 22 framställde
519 1107 50 22 herr
583 1107 136 22 talemannen
734 1107 91 28 följande
840 1108 142 28 proposition:

255 1164 134 21 Godkänner
404 1164 132 29 högvördiga
552 1165 86 20 ständet
649 1164 114 21 utskottets
774 1164 135 21 betänkande
919 1165 49 20 med
977 1165 35 21 det

183 1193 77 25 vilkor,
284 1195 32 18 att
336 1193 9 20 i
360 1193 158 28 sammanhang
534 1193 48 20 med
597 1193 131 20 ständernas
743 1200 51 13 svar
809 1194 14 19 ä
838 1193 174 28 ifrägavarande

183 1221 84 28 nädiga
280 1222 137 27 proposition
431 1221 73 21 tillika
516 1221 83 21 uttalas
611 1228 26 14 en
648 1221 139 28 underdänig
800 1221 84 21 önskan
895 1224 32 18 att
935 1222 77 27 nädigt

183 1250 105 27 afseende
310 1251 65 20 måtte
386 1250 77 27 fästas
480 1250 13 20 &
509 1249 35 21 det
559 1250 8 20 i
582 1249 207 28 häradshöfdingen
803 1249 126 28 Järnefelts
944 1257 68 14 reser-

182 1279 73 42 va00n
273 1277 181 28 förekommande
476 1277 185 28 önskningsmälet
683 1279 35 20 till
735 1279 94 27 förmån
846 1278 44 27 för
904 1279 107 21 svarande

179 1309 62 24 part?

251 1362 131 22 Besvarades
398 1362 101 27 enhälligt
510 1362 107 27 jakande.

251 1414 40 22 Om
314 1414 96 22 ständets
433 1414 89 22 sälunda
536 1413 82 22 fattade
633 1413 70 23 beslut
718 1414 69 22 skulle
801 1420 55 21 resp.
872 1414 140 22 medständen

179 1445 56 20 samt
249 1443 240 28 expeditionsutskottet
503 1442 123 22 förmedelst
641 1443 235 26 protokollstranssumt
891 1442 121 22 kännedom

181 1471 115 23 meddelas.
