1109 1795
341 131 165 18 Presteståndet.
531 132 54 17 1867.
610 132 26 17 22
649 131 61 17 Mars.
870 126 40 20 273

181 217 32 20 En
229 216 125 27 deputation
369 216 76 21 anförd
465 216 22 21 af
507 216 203 25 kontraktsprosten
733 216 114 21 Ehrström
869 216 71 27 afgick

112 245 33 21 för
160 247 33 19 att
208 245 125 21 underrätta
348 245 138 23 medständen
502 251 34 14 om
552 243 171 28 prestaständets
740 245 71 20 beslut
829 244 110 27 angäende

113 273 140 27 landtdagens
269 273 138 26 förlängning.

182 450 127 25 Föredrogs,
325 450 7 20 i
347 449 99 21 afseende
462 449 13 20 &
490 450 72 25 slutlig
578 448 81 27 ätgärd,
676 450 63 19 stats-
752 448 40 21 och
805 448 135 25 bevillnings-

114 478 117 21 utskottets
254 477 132 21 betänkande
409 478 6 20 i
438 477 113 26 anledning
574 477 23 20 af
616 477 79 26 nädiga
721 477 159 26 propositionen
903 482 37 14 an-

114 506 82 27 gäende
211 506 81 21 inlösen
307 505 23 21 af
345 506 193 26 donationsgodsen
554 506 7 20 i
576 505 92 26 Viborgs
687 505 38 21 och
745 505 32 21 S:t
793 505 89 20 Michels
898 505 40 20 län.

183 563 58 20 Herr
263 563 135 20 talemannen
418 562 100 21 framhöll
538 564 33 19 att
587 562 108 26 ingressen
711 563 54 20 samt
782 561 27 21 de
824 563 32 19 tre
872 561 68 21 första

116 593 147 19 momenterna
277 591 58 21 förut
350 591 69 20 blifvit
433 591 23 20 af
469 591 86 20 ständet
568 590 137 21 diskuterade
717 590 39 21 och
767 591 99 24 antagna,
878 589 62 21 hvar-

114 619 46 21 före
177 625 28 15 nu
221 620 5 20 i
243 619 117 26 ordningen
375 619 64 26 följde
455 619 97 27 tillägget
567 619 33 20 till
615 618 67 27 tredje
705 620 123 19 momentet.
858 618 81 21 Härom

114 648 84 27 yttrade
214 648 40 25 sig:

184 704 153 27 Kyrkoherden
354 704 128 23 Caströn,
497 710 46 15 som
560 703 65 26 ansäg
641 705 32 19 att
688 703 96 26 tillägget
799 703 65 21 borde
880 703 60 20 bort-

116 733 56 25 falla,
188 733 89 21 emedan
292 739 49 14 man
356 733 48 20 med
419 733 38 20 full
473 732 110 26 tillförsigt
598 732 71 21 kunde
685 734 75 24 trygga
773 732 31 26 sig
817 731 80 24 dervid,
908 733 32 19 att

117 761 124 27 regeringen
257 761 52 21 skall
325 761 86 26 vidtaga
427 761 26 21 de
467 761 56 21 mätt
538 761 40 20 och
594 762 45 25 steg
655 766 46 15 som
717 760 33 21 vid
760 759 180 27 köpeskillingens

116 789 149 22 fastställande
281 791 36 19 äro
333 790 84 25 nödiga,
434 795 47 15 men
497 789 62 21 äfven
575 789 23 20 af
612 789 35 20 det
663 789 45 20 skäl
724 790 39 23 att,
780 794 33 15 om
825 788 116 21 ständerna

116 818 126 21 föreskrifva
258 818 102 26 styrelsen
376 819 65 20 sättet
457 817 55 22 huru
527 817 94 21 handeln
636 817 56 21 skall
707 817 96 25 afslutas,
819 817 121 26 derigenom

116 847 158 20 ästadkommes
289 848 70 19 större
374 846 138 26 tidsutdrägt.
543 846 34 21 En
592 846 40 26 god
645 845 59 26 affär,
721 857 26 3 —
762 845 86 26 yttrade
858 845 83 20 talaren

116 887 26 2 —
159 875 83 25 afoöres
259 874 44 21 ofta
319 874 86 26 hastigt,
421 875 39 20 och
476 874 28 21 dä
519 875 7 20 i
541 874 106 27 Ryssland
663 874 39 21 och
717 873 91 21 Finland
821 873 121 26 jordlägen-

116 903 99 21 heternas
231 902 43 27 pris
289 902 33 21 för
337 903 132 21 närvarande
484 902 63 25 fallit,
565 902 67 21 skulle
648 902 150 21 donatarierna
813 900 55 22 afstä
879 901 63 21 dessa

117 931 34 21 för
166 931 97 26 billigare
279 931 49 26 pris,
345 937 34 14 om
394 931 80 21 affären
490 931 24 21 sä
529 931 43 21 fort
585 937 44 15 som
643 931 82 26 möjligt
734 930 135 27 uppgjordes,
879 929 62 21 hvar-

116 960 45 20 före
177 966 49 14 man
242 959 18 26 ej
277 959 65 22 borde
358 959 65 22 binda
439 960 115 26 styrelsens
569 959 87 21 händer.

186 1016 155 27 Kyrkoherden
364 1016 137 21 Bäckvall
523 1016 95 26 yttrade:
641 1015 96 26 tillägget
755 1015 31 20 uti
801 1013 141 22 förevarande

117 1044 68 27 punkt
206 1044 23 21 af
251 1044 116 21 utskottets
389 1044 136 21 betänkande
546 1046 33 19 att
594 1050 77 20 genom
686 1049 124 20 noggranna
825 1042 117 21 undersök-

118 1073 81 26 ningar,
216 1079 45 14 som
277 1072 13 21 &
306 1075 33 18 ort
355 1073 39 20 och
410 1073 61 20 ställe
487 1073 23 20 af
523 1073 100 26 lämplige
635 1078 102 20 personer
748 1071 108 24 anställas,
867 1070 75 26 pröfva

117 1102 32 20 att
172 1101 25 21 de
220 1101 114 26 betingade
356 1101 184 26 löseskillingarne
564 1101 18 26 ej
600 1100 35 21 mä
651 1100 114 26 öfverstiga
780 1100 36 21 det
831 1099 65 20 värde
912 1099 31 20 lä-

117 1129 132 26 genheterna
263 1129 8 21 i
287 1129 40 21 den
341 1129 108 21 blifvande
465 1129 164 22 innehafvarens
644 1129 57 20 hand
717 1134 62 15 anses
793 1127 72 21 kunna
888 1128 54 19 mot-

117 1164 70 20 svara,
209 1159 24 19 är
255 1157 22 21 af
297 1157 76 27 högsta
388 1158 53 26 vigt;
457 1159 23 25 ty
495 1157 28 27 pä
538 1159 63 20 dessa
617 1157 127 21 omnämnda
758 1155 184 26 undersökningar

118 1186 40 21 och
185 1186 40 21 den
251 1186 7 21 i
283 1186 113 27 anledning
419 1186 60 21 deraf
501 1187 93 20 skeende
615 1185 140 28 uppgörelsen
777 1184 24 21 af
814 1185 66 26 köpet
895 1183 48 21 med

118 1215 151 20 donatarierna
291 1214 64 21 beror
376 1215 111 20 förmänen
509 1215 52 20 eller
577 1214 104 21 förlusten
696 1214 7 20 i
719 1214 68 20 denna
802 1212 85 26 handel,
904 1211 39 22 och

118 1242 83 22 säledes
212 1243 95 26 betingas
319 1242 61 21 deraf
394 1243 64 21 ocksä
474 1243 25 21 de
516 1243 103 26 miljoner,
635 1242 72 21 hvilka
722 1243 47 20 värt
783 1241 28 26 pä
826 1241 118 26 penningar

116 1271 77 26 fattiga
218 1271 90 21 Finland
330 1271 24 20 sä
377 1271 130 27 ädelmodigt
529 1278 30 14 nu
579 1271 37 26 gär
632 1272 32 19 att
679 1270 84 26 bevilja.
793 1269 111 26 Likgiltigt
920 1269 24 19 är

116 1299 36 21 det
175 1299 84 21 därföre
281 1300 53 25 icke,
354 1299 23 21 af
391 1299 72 22 hvilka
478 1300 41 21 och
534 1300 55 21 huru
605 1300 62 21 dessa
681 1298 185 26 undersökningar
880 1296 76 22 verk-.

116 1327 82 21 ställas.
228 1328 43 20 Det
293 1329 24 19 är
338 1329 6 19 i
369 1328 98 21 afseende
490 1328 58 25 derä,
566 1334 44 14 som
624 1328 37 26 jag
676 1329 69 19 ansett
761 1327 42 25 mig
817 1326 54 20 böra
886 1326 58 25 yttra

116 1355 67 27 nägra
198 1356 45 20 ord.

186 1412 111 22 Utskottet
320 1413 39 21 har
381 1413 118 26 töreslagit,
518 1414 33 20 att
567 1413 104 26 styrelsen
686 1418 73 15 ensam
774 1411 70 21 skulle
858 1410 87 25 vidtaga

117 1440 43 21 alla
184 1441 25 20 de
226 1441 105 26 ätgärder,
351 1447 46 15 som
413 1441 22 21 af
449 1442 127 21 ständernas
592 1441 70 21 beslut
677 1440 128 22 föranledas.
836 1437 109 28 Styrelsen

116 1468 69 21 skulle
208 1469 83 22 säledes
313 1470 71 20 allena
406 1469 56 27 välja
483 1470 63 21 äfven
569 1470 26 20 de
615 1475 109 21 personer,
739 1468 73 21 hvilka
827 1467 13 20 &
855 1467 35 20 ort
905 1465 40 22 och

116 1497 63 21 ställe
194 1498 61 21 skola
270 1497 115 22 verkställa
401 1498 62 21 dessa
475 1504 125 21 noggranna
615 1497 190 26 undersökningar.
836 1494 109 27 Styrelsen

116 1527 24 18 är
164 1525 41 22 den
227 1533 39 14 ena
281 1527 143 20 statsmakten
445 1526 39 21 och
500 1526 103 22 Finlands
619 1526 88 21 ständer
721 1527 78 25 utgöra
815 1523 41 22 den
870 1523 74 21 andra.

854 1562 22 17 18
