1109 1786
192 119 57 22 2038
327 115 6 6 N
389 125 180 22 Borgareständet
582 125 54 18 1877.
661 126 28 17 30
701 125 122 18 November.

191 195 51 26 säge
259 195 32 21 ett
305 194 41 21 hus
361 194 76 22 brinna
452 194 39 21 och
508 194 34 21 väl
558 195 154 26 rapporterade
728 196 32 20 att
776 195 36 21 det
824 196 25 19 är
858 194 106 26 eldsväda,
976 200 47 16 men

192 223 113 21 underläte
327 225 32 20 att
382 225 51 25 säga
455 223 53 21 hvar
528 223 62 21 elden
606 225 24 20 är
645 223 39 22 lös.
713 223 107 22 Behofvet
834 223 25 21 af
872 223 75 28 skolor
956 223 46 27 just
1016 223 7 20 i

192 251 27 21 de
241 251 91 26 trakter,
347 257 46 16 som
416 251 71 22 blifvit
509 252 100 26 nämnda,
624 253 25 20 är
671 253 30 20 ett
724 251 93 27 verkligt
833 251 70 22 behof.
932 251 91 22 Afven
1010 247 16 35 i

191 279 79 27 många
292 280 67 21 andra
382 281 82 20 trakter
486 279 116 22 förefinnes
624 282 33 19 ett
679 280 76 21 sådant
771 280 71 26 behof,
858 280 67 21 ehuru
939 287 48 14 man
1003 281 19 26 ej

192 308 31 21 dit
238 308 77 26 begärt
329 308 79 22 skolor.
438 309 35 21 Då
487 315 49 15 man
552 315 29 15 nu
595 309 94 21 besluter
702 309 32 21 till
747 315 26 15 en
783 308 133 22 omfattande
926 308 96 28 petition,

191 336 24 22 så
231 338 24 20 är
270 336 100 22 behofvet
385 337 24 21 så
425 337 101 27 ofantligt
540 339 56 19 stort
611 339 32 19 att
659 343 48 15 man
723 338 19 26 ej
758 338 43 20 kan
812 337 115 21 förutsätta
938 339 32 19 att
980 337 43 21 alla

191 364 65 23 blifva
278 366 88 26 hjelpta.
397 366 43 21 För
462 368 33 19 att
518 366 84 21 derföre
624 366 71 21 lemna
717 365 57 23 helst
796 366 40 21 den
855 366 167 27 nödvändigaste

191 393 58 28 hjelp
265 394 40 21 bör
325 400 48 16 man
389 394 129 22 åtminstone
534 401 51 15 anse
601 395 37 21 det
653 400 45 16 som
713 394 32 22 sin
762 394 122 27 skyldighet
899 396 32 19 att
946 396 76 20 nämna

191 422 69 22 länen.
291 423 50 21 Man
363 422 49 28 gick
427 423 55 21 dock
498 423 35 21 vid
548 426 85 18 senaste
649 423 171 21 sammanträdet
835 422 24 22 så
874 423 60 26 långt
948 425 32 19 att
996 422 26 22 då

191 451 37 21 det
251 451 104 27 föreslogs
377 454 33 19 att
432 451 115 22 framhålla
570 452 101 21 behofvet
693 451 24 21 af
738 452 74 21 skolor
826 452 7 20 i
848 451 119 27 Uleåborgs
982 451 39 21 och

190 474 49 27 Åbo
262 480 41 26 län,
319 486 25 16 en
367 480 34 22 del
424 480 68 22 talare
514 480 66 27 ansåg
595 482 33 19 att
643 486 49 16 man
708 480 123 27 derigenom
847 480 69 22 skulle
932 480 48 26 ingå
994 480 28 26 på

190 508 129 22 lokaliteter.
336 509 42 21 Det
393 510 24 20 är
433 509 54 21 dock
503 509 17 26 ej
537 509 33 21 för
586 509 84 27 mycket
685 511 33 19 att
733 510 80 26 begära
828 511 32 19 att
876 515 49 15 man
940 508 7 21 i
959 508 62 21 Uleå-

191 536 65 28 borgs
278 536 36 22 län
337 538 53 21 skall
412 538 79 20 inrätta
514 538 130 21 åtminstone
663 539 32 19 ett
709 537 65 22 finskt
789 538 105 21 läroverk.
925 537 33 21 Då
973 543 48 15 man

190 564 106 23 betänker
318 566 39 21 allt
379 567 65 25 detta,
461 566 26 21 då
510 573 48 15 man
580 567 40 20 hör
642 567 62 21 dessa
724 567 50 21 ord:
791 567 36 20 det
846 568 24 19 är
885 566 135 27 berättigadt,

191 594 36 21 det
249 596 24 20 är
296 595 139 27 berättigadt,
451 595 67 21 under
541 595 36 21 det
598 595 27 27 på
640 601 83 15 samma
737 596 57 25 gång
809 595 39 21 allt
864 596 62 25 göres
940 594 33 21 för
989 596 32 19 att

190 622 123 22 ändamålet
335 624 18 26 ej
377 623 54 21 skall
454 624 89 26 uppnås,
559 624 24 21 så
604 623 41 21 blir
663 630 48 14 man
728 623 109 27 verkligen
854 622 104 28 uppretad
974 622 46 26 och,

191 651 62 21 äfven
276 658 35 15 om
333 658 49 15 man
405 654 24 19 är
450 651 23 22 af
494 658 25 15 en
539 652 89 26 lugnare
643 654 64 19 natur
723 654 26 19 än
763 652 44 26 jag,
823 658 85 20 pressas
923 653 33 19 att
970 654 50 24 säga

191 680 45 26 ord,
253 680 48 21 dem
313 686 48 16 man
372 680 81 22 kanske
463 680 47 22 icke
520 680 35 22 vid
566 687 26 15 en
602 680 89 27 lugnare
700 680 180 27 sinnesstämning
888 680 68 21 skulle
964 682 57 24 säga.

260 737 56 21 Herr
338 737 149 21 Lindelöf:
518 737 41 27 Jag
574 739 35 19 vet
630 737 123 27 visserligen
775 738 48 20 icke
842 737 27 27 på
885 737 72 21 hvilka
971 743 49 20 per-

190 772 63 15 soner
269 766 56 21 Herr
344 766 109 21 Ahlström
469 766 73 26 syftar,
559 766 26 21 då
601 766 42 21 han
657 768 62 25 säger
734 768 33 20 att
783 766 36 21 det
835 766 34 20 väl
885 766 56 20 inom
958 765 62 22 Stån-

191 794 36 21 det
249 794 68 22 finnes
339 801 108 20 personer,
463 800 44 15 som
529 794 95 22 erkänna
639 794 37 22 det
691 794 134 27 berättigade
842 794 6 21 i
864 794 114 27 anspråket
992 794 28 26 på

190 822 51 22 flere
257 823 68 21 finska
340 823 79 25 skolor,
435 829 48 15 men
499 823 54 21 dock
568 823 46 21 icke
630 823 95 21 erkänna
740 824 37 20 det
793 823 139 27 berättigade,
943 829 76 20 genom

189 853 34 19 att
238 852 47 21 icke
301 852 49 26 vilja
365 852 78 21 föreslå
458 852 72 20 skolor
545 852 28 26 på
588 852 69 26 någon
673 852 42 22 viss
728 854 40 19 ort.
792 851 41 27 Jag
844 854 46 18 tror
900 851 53 21 dock
964 851 56 21 Herr

190 880 113 21 Ahlström
322 880 106 26 misstagit
443 880 32 27 sig
490 886 34 15 om
540 880 91 27 afsigten
647 881 48 20 med
711 880 193 27 Borgareståndets
918 880 102 27 yrkande.

189 909 34 21 Då
239 909 90 21 Ståndet
345 908 98 22 förordar
459 910 32 19 att
506 908 73 22 skolor
593 908 62 22 skola
669 910 91 20 inrättas
777 908 60 21 öfver
851 908 39 21 allt
905 908 37 21 der
957 907 65 22 behof

190 937 24 21 af
235 938 48 20 dem
299 937 45 21 visa
365 937 32 27 sig
419 937 120 26 förefinnas,
556 937 24 21 så
599 939 32 19 att
654 937 17 27 ej
695 937 70 27 någon
789 939 69 19 större
876 937 95 21 landsort
986 937 35 21 må

189 965 68 22 blifva
280 968 51 19 utan
355 966 90 21 svenska
467 965 53 22 eller
542 965 69 22 finska
633 966 79 25 skolor,
728 967 25 20 så
775 966 74 27 tyckes
867 965 87 22 dermed
969 971 51 15 vara

189 995 64 26 sagdt
276 997 32 19 att
330 995 180 26 Borgareståndet
532 994 106 27 verkligen
659 995 79 21 önskar
757 994 133 22 inrättandet
905 994 22 21 af
941 994 78 25 skolor,

190 1023 38 21 der
250 1023 81 22 sådana
354 1023 71 21 kunna
448 1023 107 21 behöfvas.
585 1023 43 21 För
649 1024 43 20 min
708 1023 34 21 del
759 1023 129 21 åtminstone
904 1023 66 26 ansåg
982 1022 37 28 jag

190 1051 87 22 dermed
300 1058 51 15 vara
374 1052 61 27 sagdt
455 1052 89 26 ungefär
562 1052 55 21 hvad
632 1051 7 22 i
655 1052 70 21 denna
743 1051 39 22 sak
798 1051 71 22 kunde
884 1053 68 25 sägas,
968 1055 52 17 utan

189 1082 33 19 att
237 1080 51 28 ingå
303 1080 7 21 i
326 1080 95 27 detaljer,
437 1086 45 15 som
498 1080 32 21 för
546 1081 26 20 de
587 1080 62 21 flesta
665 1081 139 20 medlemmar
819 1080 23 21 af
850 1079 92 22 Ståndet
953 1079 67 22 måste

189 1115 51 15 vara
263 1109 63 22 svåra
347 1110 33 20 att
400 1109 48 21 med
462 1109 70 26 någon
547 1109 58 27 slags
619 1109 102 21 säkerhet
736 1109 83 26 afgöra.
851 1109 115 20 Allmänna
980 1109 39 21 Be-

189 1138 167 21 svärsutskottet
371 1137 38 22 har
425 1137 117 22 emellertid
558 1137 31 22 uti
605 1138 60 21 detta
675 1138 37 21 sitt
725 1137 296 27 sammanjemkningsförslag

190 1165 90 22 likasom
303 1166 31 21 uti
357 1166 38 21 sitt
417 1166 57 21 förra
495 1166 135 21 betänkande
645 1166 110 26 föreslagit
772 1172 25 15 en
813 1166 78 26 mängd
906 1165 72 22 skolor
994 1166 26 26 på

191 1194 106 22 särskilda
312 1196 63 20 orter.
406 1194 43 22 För
463 1194 44 21 min
523 1194 34 22 del
573 1194 68 22 skulle
654 1195 37 27 jag
706 1194 64 22 hafva
785 1194 111 27 ingenting
911 1196 57 19 emot
980 1196 40 23 att,

190 1222 69 23 ehuru
280 1224 36 26 jag
338 1223 58 22 förut
416 1224 62 26 yrkat
499 1223 28 27 på
542 1224 32 21 ett
589 1224 89 21 allmänt
693 1223 119 26 uttalande,
828 1223 47 21 med
892 1222 128 27 frångående

191 1252 61 21 deraf
266 1252 113 27 godkänna
395 1252 59 21 detta
469 1252 86 27 förslag,
572 1258 33 15 om
619 1252 38 27 jag
671 1259 51 14 vore
738 1251 126 28 öfvertygad
880 1258 33 15 om
930 1254 32 19 att
975 1251 44 22 All-

188 1283 80 19 männa
285 1281 196 21 Besvärsutskottet
495 1281 6 21 i
518 1281 46 21 sina
585 1281 229 26 detaljbestämningar
836 1280 73 21 träffat
926 1280 43 27 just
984 1281 36 20 det

188 1311 65 20 rätta.
283 1310 41 26 Jag
347 1309 39 21 har
407 1309 54 22 dock
483 1309 47 22 icke
551 1309 82 22 kunnat
654 1310 63 21 vinna
739 1315 27 16 en
787 1309 66 22 sådan
872 1309 146 26 öfvertygelse.

187 1338 43 27 Jag
245 1338 36 21 vill
297 1338 101 21 särskildt
413 1337 111 22 framhålla
540 1344 63 15 mom.
619 1338 22 26 1),
657 1338 38 21 der
710 1339 37 20 det
757 1337 90 22 föreslås
858 1339 46 24 ,att
914 1340 32 19 ett
955 1337 65 22 finskt

188 1366 84 27 lyceum
295 1367 66 21 måtte
382 1366 33 21 för
437 1369 58 19 östra
513 1367 91 21 Finland
619 1367 90 21 inrättas
725 1366 40 22 och
781 1366 107 27 förläggas
904 1365 30 22 till
950 1367 70 26 någon

189 1396 34 20 ort
244 1395 57 22 inom
325 1395 32 21 S:t
377 1395 90 22 Michels
489 1395 52 21 eller
556 1395 91 27 Viborgs
668 1395 56 26 län",
741 1395 42 21 och
801 1395 93 21 derefter
910 1401 62 15 mom.
989 1397 30 24 m)

189 1425 47 23 »att
252 1424 26 21 de
294 1423 125 22 framstälda
434 1424 107 27 förslagen
557 1430 34 15 om
607 1424 131 27 utvidgande
753 1423 24 22 af
784 1424 96 21 Joensuu
892 1423 128 27 fyrklassiga

187 1451 71 22 finska
280 1453 82 27 lyceum
384 1452 109 22 äfvensom
514 1452 131 22 inrättandet
667 1452 24 22 af
712 1458 42 21 nya
777 1452 71 27 lyceer
869 1452 7 21 i
897 1451 62 22 Kemi
979 1451 41 22 och

187 1480 93 29 Kuopio,
303 1482 36 20 det
361 1480 57 22 förra
440 1481 122 27 fyrklassigt
585 1481 48 21 med
651 1480 66 22 finskt
732 1481 235 26 undervisningsspråk,
983 1480 37 21 det

188 1515 77 16 senare
287 1509 124 27 sjuklassigt
427 1510 46 21 med
489 1510 88 21 svenskt
591 1509 232 28 undervisningsspråk
839 1509 66 21 måtte
922 1509 23 21 af
958 1508 60 22 Stän-
