1109 1786
203 129 56 21 2132
417 134 180 21 Borgareståndet
610 135 55 17 1877.
689 135 14 17 4
715 135 118 18 December.

203 202 170 27 löneförhöjning
388 203 47 21 icke
449 203 112 26 rimligtvis
576 203 43 21 kan
635 203 86 21 komma
736 203 7 21 i
758 203 61 26 fråga
833 204 28 19 än
876 202 56 22 hvad
946 201 89 46 T=

203 231 48 22 utaf
265 231 167 22 Statsutskottet
447 231 152 27 aproximativt
615 231 68 22 blifvit
699 231 125 22 beräknadt.

273 288 58 21 Herr
345 288 145 26 Ignatius:
513 289 42 26 Jag
570 289 39 20 har
624 289 77 26 begärt
716 289 61 21 ordet
793 287 49 22 med
852 287 114 28 anledning
976 287 60 22 deraf

204 318 33 20 att
251 316 58 22 Herr
323 316 84 22 Kurtén
428 317 99 21 framhöll
543 319 32 19 att
590 317 125 21 medeltalet
731 317 22 21 af
766 316 186 22 tullinkomsterna
968 317 67 21 under

205 351 26 15 en
253 345 43 21 fem
318 346 37 21 ärs
375 346 74 26 period
465 346 47 21 icke
528 346 69 21 skulle
609 346 126 27 understiga
751 344 123 23 medeltalet
890 345 33 21 för
936 352 26 14 en
980 345 55 22 före-

204 373 83 28 gäende
302 373 41 22 fem
359 374 36 22 ärs
409 374 75 26 period
500 374 39 21 och
554 376 33 20 att
602 374 102 22 särskildt
718 374 28 27 pä
761 374 27 21 de
807 374 51 20 sista
873 374 82 21 tiderna
970 374 65 27 nägot

204 402 97 27 exempel
324 402 66 28 derpä
413 402 68 22 skulle
504 402 73 22 kunna
595 403 106 27 uppvisas.
732 402 41 27 Jag
788 402 37 21 vill
841 402 53 22 dock
910 404 78 19 nämna
1002 405 32 19 att

204 431 187 22 tullinkomsterna
413 431 142 21 inberäknadt
576 432 51 21 lots-
642 432 40 21 och
698 431 51 21 bäk-
765 433 56 19 samt
836 430 199 28 sjöfartsafgifterna

205 460 90 21 emellan
311 460 52 21 ären
383 460 140 22 1861—1865
538 460 8 21 i
561 460 100 22 medeltal
677 466 38 21 per
730 460 25 21 är
770 460 107 27 uppgingo
894 459 32 22 till
941 460 32 26 sju
988 460 47 21 mil-

204 488 68 22 lioner
287 488 194 27 fyrahundratusen
497 491 60 19 mark
571 489 40 21 och
622 488 91 22 emellan
723 490 51 20 åren
787 488 141 22 1866—187
939 488 6 21 i
957 488 79 21 medel-

205 516 31 22 tal
257 516 32 22 till
310 523 36 15 sex
369 517 106 21 millioner
491 518 67 20 mark.
589 517 116 22 Skilnaden
722 524 38 20 per
775 517 25 21 är
814 518 64 25 utgör
893 517 82 21 säledes
990 522 46 16 om-

204 545 64 28 kring
291 545 225 27 fjortonhundratusen
540 546 67 21 mark.
638 546 66 22 Detta
726 548 25 19 är
773 548 33 19 ett
829 546 81 25 ganska
930 547 53 20 nära
1004 545 32 22 till

205 574 68 22 hands
289 575 99 26 liggande
403 575 95 26 exempel
514 575 28 27 pä
557 577 32 19 att
604 575 188 21 tullinkomsterna
808 574 94 26 nedgätt.
933 574 49 22 Med
996 581 39 14 an-

204 602 87 28 ledning
312 603 21 21 af
347 603 56 21 hvad
421 603 56 21 Herr
492 603 112 21 Lindblom
619 605 68 25 yttrat
702 603 97 22 anhäller
812 602 38 27 jag
865 605 32 19 att
912 602 47 22 icke
974 603 63 21 miss-

205 631 85 22 förstäs.
320 632 42 26 Jag
385 632 40 20 har
444 632 47 21 icke
509 632 60 26 gifvit
584 632 70 27 nägon
671 632 72 27 dyster
758 631 106 27 skildring
879 631 23 21 af
915 631 119 26 framtiden;

203 660 37 27 jag
255 660 40 21 har
309 660 77 22 endast
401 660 56 22 velat
472 660 62 27 pästä
549 662 32 20 att
597 661 40 21 den
654 661 53 21 sista
720 660 42 22 fem
774 660 36 21 ärs
820 660 102 26 perioden
933 660 39 20 har
981 660 55 21 varit

205 689 24 21 sä
251 688 41 28 ljus
313 691 32 19 att
367 689 36 21 det
421 689 47 21 icke
483 691 25 19 är
522 689 47 21 skäl
584 691 33 19 att
632 689 28 27 pä
675 689 41 21 den
732 690 77 20 basera
824 690 47 20 sina
886 688 148 27 beräkningar.

205 717 50 21 Icke
271 718 36 20 vill
328 718 37 27 jag
387 720 34 19 tro
444 719 33 19 att
495 718 26 20 de
536 718 56 20 tider
607 724 45 15 som
669 718 78 21 stunda
762 717 62 21 skola
840 724 50 14 vara
905 716 32 22 för
953 723 35 15 oss
1003 718 33 20 för

205 746 85 27 mycket
310 746 142 26 betungande,
468 752 48 15 men
530 746 36 27 jag
581 748 46 20 tror
642 748 32 20 att
690 746 26 22 de
732 746 144 26 beräkningar
891 746 20 20 vi
926 747 58 25 göra,
1000 752 35 14 om

205 774 20 21 vi
241 774 50 27 vilja
306 781 51 15 vara
373 775 111 27 försiktiga
499 775 46 21 icke
561 774 21 22 fä
597 776 94 26 grundas
707 775 28 27 pä
750 781 26 15 en
793 775 30 21 tid
840 780 44 16 som
897 776 24 19 är
931 774 103 27 exempel-

205 803 51 21 lös
247 799 10 35 i
271 804 39 20 vär
325 803 96 21 historia.

275 860 56 22 Herr
352 860 113 27 Nybom:
496 860 63 22 Utom
583 860 56 22 hvad
663 861 65 21 redan
745 860 57 22 Herr
817 860 112 21 Lindblom
944 860 91 21 nämnde

205 888 132 21 beträffande
359 889 145 27 Regeringens
524 888 97 27 förmäga
642 891 31 19 att
689 889 74 21 skrida
778 888 32 21 till
827 888 207 27 löneförbättringar,

205 917 7 21 i
235 917 83 21 hvilket
339 917 100 22 afseende
462 917 111 22 Utskottet
597 917 104 22 beräknat
721 918 25 21 de
763 917 79 26 nödiga
857 923 139 20 ressurserna,
1010 917 25 22 sä

205 945 37 22 vill
259 945 38 28 jag
318 946 95 27 åberopa
427 945 56 22 hvad
498 945 112 22 Utskottet
625 948 62 25 säger
702 947 27 26 pä
744 946 80 27 pagina
840 946 34 25 21,
890 948 46 24 ,att
952 951 25 16 en
993 945 41 22 för-

206 974 95 26 bättring
315 974 24 21 af
352 974 89 21 lönerna
455 975 46 21 icke
517 975 162 26 nödvändigtvis
695 975 68 21 mäste
780 975 48 20 leda
844 974 31 21 till
887 974 147 21 motsvarande

206 1003 79 26 ökning
308 1003 23 21 af
352 1003 114 26 budgeten,
482 1005 51 19 enär
548 1004 65 21 målet
629 1003 7 21 i
651 1003 108 27 åtskilliga
775 1003 36 21 fall
828 1003 61 21 torde
905 1003 70 21 kunna
990 1003 44 21 vin-

205 1037 38 16 nas
269 1037 75 21 genom
364 1032 119 27 förenkling
504 1032 6 21 i
532 1031 164 28 förvaltningen,
718 1039 55 20 resp.
798 1031 121 28 minskning
938 1031 24 22 af
988 1031 47 26 jen-

207 1062 136 19 stemännens
358 1061 64 24 antal,
438 1063 55 18 samt
508 1063 31 18 att
555 1061 41 21 den
612 1061 125 27 ifrågasatta
754 1059 182 28 löneregleringen
948 1061 5 20 i
962 1061 73 26 hvarje

205 1088 38 22 fall
262 1089 48 21 icke
332 1089 61 21 torde
417 1089 72 21 kunna
509 1090 23 21 så
548 1089 79 27 hastigt
643 1089 136 28 genomföras
795 1091 32 19 att
843 1089 41 21 den
899 1089 5 20 i
920 1089 115 22 nämnvärd

205 1117 54 26 grad
281 1118 84 21 komme
381 1120 32 19 att
429 1118 81 21 belasta
525 1118 66 21 redan
607 1119 26 20 de
649 1120 108 19 närmaste
773 1117 43 22 fem
832 1117 62 22 årens
909 1117 126 27 utgiftsbud-

205 1149 67 23 geter.
301 1147 33 20 En
350 1147 53 20 hvar
418 1147 61 20 torde
495 1149 47 18 veta
557 1149 33 18 att
605 1147 6 20 i
627 1147 52 21 våra
694 1146 137 22 embetsverk
848 1146 103 27 betydligt
965 1146 71 21 kunde

205 1176 64 24 göras
291 1175 6 20 i
313 1175 41 21 den
370 1177 73 24 vägen,
460 1177 32 19 att
507 1175 41 21 öka
563 1175 85 21 arbetet
660 1175 66 27 jemte
742 1175 38 21 det
796 1175 88 21 lönerna
900 1175 57 23 ökas,
973 1175 63 21 hvar-

205 1203 84 26 igenom
313 1203 82 21 således
417 1210 26 14 en
467 1204 32 20 del
520 1203 149 22 funktionärer
684 1204 71 21 kunde
771 1202 67 22 blifva
854 1203 145 27 öfverflödiga;
1014 1203 22 27 ja

206 1232 36 21 det
265 1231 68 22 finnes
349 1232 133 21 embetsverk
497 1239 45 14 som
559 1232 106 22 måhända
680 1232 45 21 helt
740 1232 42 21 och
799 1232 66 21 hållet
880 1232 70 21 kunde
965 1232 70 21 indra-

205 1266 39 20 gas
260 1261 39 21 och
315 1261 66 21 saken
397 1261 74 21 ställas
487 1261 25 26 på
528 1267 25 15 en
570 1261 98 27 billigare
684 1261 40 22 och
740 1260 128 27 lämpligare
884 1261 37 20 fot.
938 1273 26 3 —
980 1261 56 21 Herr

205 1289 97 26 Ignatius
325 1290 61 21 torde
410 1290 54 21 dock
480 1289 105 28 medgifva
601 1293 32 18 att
649 1290 19 21 vi
684 1290 46 21 icke
746 1290 55 21 böra
817 1289 63 21 ställa
896 1289 50 21 våra
961 1289 76 28 kalky-

205 1318 32 21 ler
258 1318 33 21 för
311 1318 115 21 framtiden
448 1319 57 26 uppå
526 1318 148 21 förhållanden
690 1319 69 20 under
775 1325 26 14 en
817 1319 53 19 nära
886 1318 76 26 tioårig
977 1319 59 20 miss-

205 1347 144 26 växtsperiod,
373 1347 122 26 isynnerhet
517 1353 46 15 som
588 1348 69 21 denna
680 1347 190 26 missväxtsperiod
893 1346 91 21 drabbat
1006 1349 31 20 ett

206 1375 50 21 land
273 1376 48 20 med
337 1377 69 20 sämre
421 1375 227 22 kulturförhållanden.
676 1375 69 22 Sedan
763 1376 50 20 dess
829 1375 63 21 hafva
902 1375 84 27 mycket
995 1375 42 22 fos-

205 1403 57 22 fater
285 1403 40 22 och
346 1405 68 20 andra
436 1404 100 27 lämpliga
551 1404 69 22 medel
637 1405 32 18 för
685 1404 157 27 upprättandet
858 1404 39 21 och
913 1404 125 21 stärkandet

205 1431 24 22 af
243 1432 128 27 jordbruket
386 1433 143 26 importerats,
546 1439 49 15 man
611 1433 39 21 har
665 1433 19 26 ej
701 1433 68 21 heller
785 1435 44 18 satt
845 1432 39 21 allt
899 1433 27 26 på
941 1434 31 19 ett
988 1433 50 21 kort

206 1461 40 21 och
267 1461 48 21 litat
331 1462 75 21 endast
422 1463 27 24 på
464 1461 136 28 åkerbruket,
617 1468 47 15 man
681 1462 38 21 har
735 1461 66 27 slagit
816 1461 32 26 sig
863 1461 27 26 på
905 1461 133 26 ängsskötsel

206 1489 40 21 och
269 1490 180 26 smörberedning.
476 1490 66 21 Äfven
567 1496 34 15 om
625 1490 19 21 vi
667 1490 84 21 således
767 1489 71 21 skulle
854 1489 93 21 drabbas
960 1491 20 19 at
995 1490 43 20 lika

206 1520 61 19 stora
282 1518 101 22 förluster
399 1524 46 16 som
461 1518 32 27 då,
510 1519 23 21 så
548 1519 73 21 kunna
637 1519 20 21 vi
673 1518 70 22 derför
759 1518 48 22 icke
823 1518 44 21 lika
879 1518 127 28 nedtryckas
1016 1517 24 21 af
