1109 1786
179 132 60 21 2154
393 137 180 21 Borgareståndet
586 137 56 17 1877.
666 139 13 15 4
692 137 116 18 December.

182 208 33 20 ett
230 206 84 26 sådant,
325 206 89 21 innebär
430 205 82 22 således
527 205 48 22 icke
591 206 114 27 anledning
720 209 33 18 att
767 207 39 20 här
821 205 108 22 bibehålla
945 206 69 21 rubri-

183 235 41 21 ken
247 235 147 26 borgarebref.
425 235 50 21 Men
490 235 23 20 så
529 237 60 19 snart
605 235 150 27 näringslagen
771 235 97 21 kommer
883 235 6 20 i
906 234 106 21 verksam-

183 263 38 21 het
235 263 40 21 och
287 263 87 22 dermed
389 263 117 27 burskapet
520 263 92 21 förlorar
627 264 38 21 sitt
676 264 65 21 värde
753 264 6 21 i
769 264 68 20 andra
848 263 115 21 afseenden
974 263 39 21 och

182 291 71 21 tillika
276 292 40 20 den
332 292 89 26 ändring
437 292 31 20 uti
483 291 132 27 grundlagen
632 293 95 20 inträder
743 292 32 21 till
790 291 53 27 följd
860 291 74 21 hvaraf
950 291 42 21 alla
1007 292 6 19 i

183 320 49 21 stad
248 320 85 22 bosatta
348 320 129 21 innevånare
493 320 47 21 med
556 321 27 20 de
599 320 184 27 inskränkningar,
799 326 46 15 som
861 320 151 26 Borgarestån-

183 349 37 21 det
236 348 94 27 beslutit,
347 349 84 21 komma
447 351 32 19 att
495 348 80 22 erhålla
591 349 84 26 valrätt,
692 349 113 21 förefinnes
820 349 63 25 ingen
900 348 114 27 anledning

184 384 58 14 mera
257 378 34 20 för
305 377 195 27 kofferdiskeppare
516 380 32 18 att
564 377 87 21 anhålla
661 384 34 14 om
707 377 106 22 burabref.
837 378 43 20 För
891 379 32 19 att
934 377 80 21 erhålla

180 412 85 15 samma
283 406 128 27 rättigheter
430 412 46 15 som
492 406 67 21 andra
575 406 141 27 medborgare
732 406 91 22 behöfva
840 407 25 20 de
881 406 45 20 helt
941 406 72 20 enkelt

183 435 44 21 låta
249 434 162 22 mantalskrifva
431 435 32 27 sig
479 434 4 21 i
501 435 54 21 stad.

252 503 57 21 Herr
328 504 31 20 W.
376 503 125 27 Nystén:
532 503 111 22 Yrkandet
665 506 32 19 att
713 504 26 20 de
755 503 163 27 bestämningar,
944 503 70 21 hvilka

183 532 40 21 här
239 532 133 21 förekomma
386 532 68 21 under
469 532 101 21 rubriken
588 532 144 26 borgarebref,
747 532 68 21 skulle
833 532 57 26 utgå,
908 532 105 21 framstäl-

181 561 40 21 des
242 560 27 28 på
289 561 40 21 den
349 561 68 26 grund
441 562 31 20 att
495 560 237 28 näringsförfattningen
755 560 90 28 upphäft
868 560 100 22 behofvet
993 560 21 21 af

181 590 65 20 dessa
262 589 143 27 borgarebref.
437 590 41 20 Det
493 596 37 14 var
546 590 72 20 därför
631 590 38 26 jag
683 590 74 26 gjorde
772 590 40 20 den
829 589 144 27 anmärkning,
982 591 32 19 att

183 617 239 27 näringslagsförslaget
437 618 46 21 icke
506 618 91 21 berörde
612 618 105 27 skeppare
741 618 38 22 och
810 617 203 27 kofferdikaptener.

184 647 69 21 Anser
269 652 49 15 man
334 646 60 22 äfven
411 647 61 21 dessa
487 646 122 27 inbegripas
624 647 68 21 under
708 647 41 21 dei
761 646 146 27 näringslagen
922 646 92 27 uppräk-

184 675 54 21 nade
254 675 121 27 kategorier
391 675 24 21 af
427 675 145 27 yrkesidkare,
590 675 39 21 blir
644 675 143 21 förhållandet
802 677 31 19 ett
846 677 69 19 annat.
936 676 78 20 Derom

184 704 72 21 kunna
279 704 137 26 meningarna
439 704 54 21 dock
516 710 50 15 vara
583 704 81 21 delade.
694 704 42 27 Jag
751 704 32 21 för
799 704 42 20 min
857 704 33 20 del
907 704 66 21 håller
987 704 28 26 på

181 734 35 19 att
237 732 37 21 det
295 732 68 26 ligger
383 732 6 21 i
404 732 114 27 skeppares
542 732 39 22 och
604 733 147 27 sjökapteners
772 732 39 21 fria
831 732 49 27 vilja
896 735 32 18 att
943 732 71 22 tillösa

183 762 31 26 sig
239 760 106 22 burabref.
375 761 41 21 Till
439 761 48 21 stöd
511 762 31 20 för
559 762 42 20 min
625 761 135 27 uppfattning
773 760 36 22 vill
822 761 37 27 jag
874 760 94 28 åberopa
984 763 30 19 ett

182 792 69 18 annat
271 789 36 21 fall
323 790 7 20 i
345 789 60 21 detta
420 790 134 21 betänkande
570 790 105 26 nemligen
691 790 59 21 sidan
768 790 32 25 26,
817 790 37 20 der
864 796 25 15 en
901 790 29 20 tio
944 790 70 20 marks

183 818 64 21 karta
271 820 24 19 är
315 817 139 22 föreskrifven
476 818 32 21 för
529 818 146 22 mästarebref.
706 819 65 21 Detta
794 820 24 19 är
842 818 64 21 ocksä
920 821 32 18 ett
968 818 48 22 bref

182 852 47 16 som
245 847 48 21 icke
308 846 107 22 medförer
430 847 65 26 nägra
511 847 70 21 skilda
597 847 132 27 rättigheter.
757 848 42 20 Det
818 847 45 21 stär
878 847 6 20 i
900 847 115 21 handtver-

184 876 77 20 karens
277 875 42 21 fria
334 876 52 20 skön
403 882 34 14 om
453 876 41 20 han
511 876 36 20 vill
564 878 73 23 uttaga
653 876 36 20 det
701 876 51 21 eller
763 875 51 21 icke.
840 875 61 21 Hvad
913 876 102 20 beträffar

183 903 129 27 pästäendet
328 905 31 20 att
375 903 87 22 kartans
478 903 76 28 belopp
571 904 32 21 för
616 904 103 21 burabref
729 904 32 21 för
771 904 128 25 handlande,
908 904 107 21 fabrikan-

185 935 33 18 ter
233 932 40 21 och
290 932 157 21 handtverkare
463 939 48 14 vore
527 933 34 20 för
577 932 58 27 högt,
649 933 24 21 sä
684 939 61 21 synes
761 933 36 20 det
815 933 43 26 mig
869 935 38 24 att,
918 933 24 20 sä
953 933 61 26 länge

185 961 140 26 borgarebref
345 961 66 26 enligt
434 967 27 15 nu
484 961 98 27 gällande
608 961 33 27 lag
665 961 94 22 medföra
779 963 32 19 ett
836 961 130 27 privilegium
984 964 32 19 att

185 989 48 21 med
255 990 66 21 andra
334 995 101 21 personer
455 990 134 21 uteslutande
611 990 51 21 idka
685 990 82 26 näring,
783 990 69 21 denna
867 990 102 26 rättighet
984 992 32 19 att

185 1018 50 21 idka
251 1018 76 26 näring
341 1018 42 21 kan
400 1018 108 21 beskattas
522 1019 28 26 pä
567 1021 43 19 sätt
626 1019 37 21 här
680 1019 126 26 föreslagits.
838 1019 70 20 Annat
924 1019 40 20 blir
974 1018 41 21 för-

186 1046 112 22 hällandet
319 1047 24 21 sä
359 1050 57 18 snart
433 1047 79 22 enhvar
527 1054 50 20 eger
593 1049 42 20 rätt
651 1050 32 19 att
698 1048 28 26 pä
741 1047 99 21 anmälan
852 1049 50 19 utan
914 1047 98 26 borgare-

185 1075 50 21 bref
247 1075 51 22 idka
313 1075 82 27 näring.

256 1145 57 21 Herr
328 1144 154 27 Liljeros:
508 1144 71 21 Också
592 1145 37 26 jag
645 1151 62 15 anser
723 1147 32 18 att
771 1151 34 15 om
822 1145 58 21 detta
896 1144 118 27 stadgande

184 1179 37 14 om
243 1173 140 26 borgarebref
404 1173 39 21 här
459 1173 117 21 bibehälles
591 1176 52 18 utan
659 1173 69 27 nägon
744 1173 57 26 slags
817 1173 145 25 anmärkning,
979 1173 36 21 det

186 1201 48 21 icke
249 1203 25 19 är
289 1201 87 21 alldeles
393 1202 55 20 klart
464 1202 105 20 huruvida
585 1202 127 26 stadgandet
727 1202 96 20 kommer
840 1204 31 18 att
887 1200 84 22 förfalla
989 1201 27 21 dä

186 1229 41 22 den
243 1237 42 19 nya
301 1230 147 27 näringslagen
465 1230 71 21 träder
552 1230 6 21 i
570 1230 142 26 verksamhet,
723 1230 85 21 hvarför
821 1230 37 27 jag
873 1230 7 21 i
890 1230 67 21 likhet
968 1231 47 20 med

185 1259 57 20 Herr
256 1259 95 26 Procop6
362 1265 61 15 anser
434 1261 33 19 att
477 1259 125 27 uttryckligt
612 1259 74 26 tillägg
697 1259 52 21 böra
759 1261 63 25 göras
831 1260 74 20 derom
913 1261 33 19 att
956 1259 59 21 stad-

185 1287 81 26 gandet
286 1287 83 27 upphör
390 1290 32 19 att
441 1288 56 26 gälla
520 1287 24 22 sä
564 1290 61 19 snart
643 1288 41 21 den
700 1294 41 21 nya
757 1288 148 25 näringslagen
922 1287 72 21 träder
1009 1288 6 19 i

186 1316 143 21 verksamhet.
355 1315 77 22 Vidare
448 1316 65 21 finnes
529 1316 39 21 här
584 1323 26 14 en
626 1316 144 27 oegentlighet
785 1322 46 15 som
844 1316 37 27 jag
896 1316 38 21 ber
950 1318 32 19 att
996 1315 20 22 fä

186 1344 90 27 påpeka.
307 1345 11 20 I
341 1345 40 20 den
404 1345 77 26 nådiga
504 1345 160 26 propositionen
687 1345 54 22 talas
765 1351 34 15 om
824 1344 192 27 kofferdikaptener

185 1373 41 21 och
248 1373 5 21 i
274 1373 121 22 Utskottets
416 1373 134 22 betänkande
572 1379 35 16 om
627 1374 142 27 sjökaptener.
802 1373 64 22 Detta
884 1375 24 18 är
927 1373 44 21 icke
993 1373 24 21 sä

186 1401 90 20 alldeles
295 1401 128 27 detsamma;
446 1402 155 27 benämningen
623 1402 169 27 kofferdikapten
812 1402 144 21 förekommer
971 1404 45 19 ute-

186 1429 100 22 slutande
304 1430 35 21 vid
358 1430 168 27 handelssjöfart,
550 1431 77 21 medan
650 1431 138 26 sjökaptener
810 1432 24 19 är
850 1433 31 18 ett
897 1430 116 21 vidsträck-

187 1462 47 17 tare
249 1458 41 22 och
306 1465 58 15 mera
379 1459 105 21 obestämt
499 1459 101 26 begrepp.
625 1459 42 28 Jag
683 1459 90 22 föreslär
784 1459 73 21 derför
868 1461 32 19 att
909 1459 109 26 uttrycket

187 1487 229 27 vkofferdikaptener*,
439 1494 45 15 som
506 1487 143 21 förekommer
667 1488 6 20 i
693 1488 40 20 den
752 1487 77 27 nådiga
848 1487 169 27 Propositionen,

187 1515 126 22 bibehälles.
