1109 1786
201 121 58 21 2172
405 127 183 21 Borgareständet
600 128 55 17 1877.
679 128 14 16 4
705 127 118 18 December.

271 196 56 21 Herr
343 196 140 26 Procopé:
515 196 36 21 Uti
569 197 59 20 detta
643 198 95 19 moment
753 198 24 19 är
792 195 142 26 föreskrifvet,
948 197 32 20 att
990 201 43 15 em-

201 224 173 27 betsmyndighet
396 225 55 21 skall
474 225 33 21 för
529 224 134 28 makulering
685 225 22 21 af
727 225 121 26 begagnadt
867 223 167 28 stämpelmärke

201 252 105 28 påtrycka
321 260 26 15 en
363 253 92 22 särskild
471 253 97 27 stämpel,
585 259 34 16 om
635 254 66 21 sådan
717 253 69 22 blifvit
802 253 122 21 densamma
940 252 93 22 tillsänd.

202 281 51 21 Men
275 281 33 21 för
331 284 32 19 att
385 288 25 15 en
431 282 66 21 sådan
513 282 92 26 stämpel
620 282 54 21 skall
690 282 71 21 kunna
777 282 114 25 användas,
911 281 67 21 måste
997 281 36 21 det

202 309 69 22 finnas
288 312 77 19 svärta.
396 310 107 22 Domaren
527 310 28 27 på
570 310 73 22 landet
658 310 39 21 har
713 311 58 21 svårt
786 312 32 20 att
833 310 68 21 skaffa
917 310 31 26 sig
964 310 70 26 någon

203 339 212 26 svärtningsapparat
437 339 40 21 och
499 338 69 22 skulle
591 338 41 22 han
656 345 28 15 nu
707 339 62 21 hafva
791 339 70 21 denna
880 338 90 28 stämpel
985 344 49 15 men

203 369 86 20 svärtan
305 367 69 22 skulle
390 367 67 21 blifva
472 367 49 24 slut,
537 368 68 20 måste
621 367 42 21 han
679 368 62 26 bryta
757 369 58 20 emot
830 367 152 27 författningen
994 366 39 22 och

203 402 52 15 vara
278 402 77 15 ansvar
376 396 150 21 underkastad.
557 396 41 26 Jag
613 402 64 16 anser
693 396 36 22 det
744 396 71 21 derför
831 396 109 27 olämpligt
956 397 32 19 att
1003 395 32 21 in-

203 424 48 21 föra
269 424 72 28 dylika
365 424 108 28 stämplar.
489 426 2 2 '
504 424 80 22 Vidare
600 424 61 22 heter
677 424 36 22 det
728 425 45 26 här,
789 427 32 19 att
837 430 34 16 om
888 426 30 20 ett
934 424 101 26 stämpel-

203 453 74 21 märke
300 456 24 18 är
340 453 85 21 häftadt
445 453 34 21 vid
495 452 89 22 skriften
601 453 40 21 och
657 453 47 27 den,
721 460 45 14 som
782 454 80 20 lemnat
877 453 21 21 in
913 452 121 22 afbandlin-

203 488 40 20 gen
266 482 47 21 icke
332 481 93 27 behagat
441 482 65 21 tänka
521 482 28 26 på
565 482 47 21 dess
627 482 138 27 makulering,
781 482 25 21 så
825 482 68 21 måste
911 480 124 28 myndighet

203 516 34 15 om
255 510 40 21 den
311 510 46 22 icke
373 510 40 22 fått
425 510 31 26 sig
467 510 87 21 tillsänd
565 510 162 26 ifrågavarande
738 510 235 27 annulleringsstämpel
981 511 52 19 utan

203 539 119 26 ersättning
337 541 51 24 göra
404 539 91 27 skriftlig
511 539 129 26 anteckning
656 539 13 21 å
684 540 180 26 stämpelmärket.
894 540 11 20 I
920 539 41 21 den
976 538 58 22 förra

204 567 153 27 författningen
373 567 59 22 hette
455 567 36 22 det
506 570 33 19 att
554 567 125 28 myndighet
695 569 52 26 egde
762 570 32 19 att
809 567 73 22 härför
896 568 96 27 uppbära
1007 573 26 15 en

204 595 61 27 afgift
280 596 22 21 af
316 596 60 27 tjugu
392 596 63 26 penni
477 596 39 21 och
533 596 60 21 detta
612 602 61 15 anser
686 596 37 26 jag
739 603 50 14 vara
805 596 91 26 rättvist,
912 595 28 22 dä
956 596 38 21 här
1010 597 24 19 är

204 624 60 26 fråga
280 631 33 15 om
331 631 25 15 en
373 625 44 26 sak,
437 631 44 15 som
497 625 74 21 säkert
586 627 75 24 parten
677 625 49 26 sjelf
740 625 43 21 lika
799 625 33 21 väl
847 625 71 21 kunde
934 624 99 27 fullgöra;

204 652 37 22 vill
257 653 42 21 ban
315 653 47 21 icke
385 653 48 27 sjelf
454 653 91 27 fullgöra
562 654 42 23 det,
620 654 23 20 så
659 654 34 20 må
709 653 41 22 han
766 654 72 20 betala
853 653 118 26 ersättning
986 653 48 21 der-

204 682 39 21 för.
273 682 42 26 Jag
336 682 89 21 föreslår
447 682 82 21 således
544 684 34 18 att
593 682 94 27 lydelsen
703 682 6 21 i
725 682 40 21 den
781 682 79 27 nådiga
874 681 159 27 propositionen

204 710 67 22 måtte
287 710 118 22 bibehållas
421 710 32 21 för
469 711 68 21 denna
553 710 105 27 paragraf.

275 768 56 21 Herr
347 768 138 21 Boström:
516 768 43 20 För
575 768 43 21 min
634 768 33 20 del
683 768 40 20 har
735 768 37 26 jag
787 768 71 20 funnit
873 768 67 21 denna
953 769 81 25 stämp-

205 796 45 26 ling
266 796 85 26 mycket
374 796 88 27 beqväm
485 796 39 22 och
548 796 107 27 behändig
676 796 88 22 hvarför
784 796 37 27 jag
836 796 32 21 för
884 796 42 21 min
942 796 33 21 del
991 795 43 21 för-

205 825 65 21 ordar
286 825 122 21 densamma
431 825 40 21 och
486 825 55 21 hvad
561 825 154 27 anteckningen
733 825 12 21 å
760 825 178 26 stämpelmärken
956 824 78 22 beträf-

205 853 38 26 far,
257 854 24 20 så
297 855 24 19 är
337 854 35 20 det
388 860 25 14 en
430 854 65 20 sådan
512 854 93 26 bagatell
621 856 32 19 att
669 854 39 21 den
725 854 45 21 icke
780 853 104 27 förtjenar
894 855 32 20 att
936 852 97 22 omtalas.

275 910 56 21 Herr
347 910 181 26 Tengström:
560 910 90 21 Härtills
666 910 39 21 har
721 910 133 27 makulering
866 911 22 20 af
897 910 75 21 kartor
982 909 52 22 ovil-

205 938 97 27 korligen
318 939 64 20 bordt
397 939 37 20 ske
457 945 74 19 genom
556 939 95 26 påskrift,
669 939 38 21 och
723 939 34 21 för
771 939 159 27 påskrifningen
946 945 36 14 var
998 939 36 20 det

205 973 46 15 som
275 973 25 15 en
324 967 61 27 afgift
407 967 23 22 af
451 967 59 27 tjugu
526 968 64 26 penni
609 968 56 21 varit
680 967 145 22 föreskrifven.
857 967 34 22 Nu
906 968 47 20 åter
968 967 65 21 sedan

205 996 104 27 stämplar
325 996 33 21 för
379 998 32 19 att
431 996 109 21 makulera
559 996 123 27 begagnade
697 996 152 21 kartamärken
866 996 69 21 blifvit
950 995 84 22 införda

206 1025 39 20 har
261 1025 123 26 regeringen
401 1025 131 26 godtyckligt
547 1025 39 21 och
603 1025 92 26 ensidigt
710 1025 89 27 upphäft
815 1026 40 19 den
871 1024 118 27 ersättning
1000 1025 33 20 till

206 1053 109 26 domaren,
337 1059 45 15 som
404 1054 56 20 förut
477 1054 53 20 varit
546 1053 101 22 utfästad.
678 1053 33 22 En
727 1060 69 15 annan
813 1053 38 21 sak
866 1055 24 19 är
906 1053 35 21 det
956 1059 34 20 nu,
1008 1053 27 21 dä

205 1081 22 22 af
242 1082 124 26 regeringen
382 1082 39 21 och
437 1082 120 21 Ständerna
576 1084 133 25 gemensamt
723 1082 130 26 handlägges
868 1088 26 15 en
910 1081 126 26 författning

206 1110 6 21 i
227 1112 80 19 ämnet.
337 1110 50 21 Man
404 1110 67 21 mäste
483 1111 24 26 ju
524 1111 105 26 medgifva
644 1113 32 19 att
691 1111 151 21 användandet
857 1111 23 20 af
888 1110 90 27 stämpel
989 1110 45 21 icke

206 1141 24 19 är
245 1139 98 21 förenadt
366 1139 48 21 med
437 1139 23 21 sä
483 1139 84 27 mycket
590 1139 75 22 besvär
690 1141 33 20 att
745 1139 72 21 derför
833 1139 69 26 någon
918 1139 118 26 ersättning

206 1167 67 21 borde
289 1167 159 27 ifrägakomma.
479 1167 91 22 Svärtan
589 1170 24 19 är
629 1168 102 21 likaledes
747 1174 26 15 en
789 1167 97 27 bagatell.
917 1167 41 27 Jag
973 1173 63 15 anser

206 1195 83 22 således
305 1198 32 18 att
361 1202 48 14 man
432 1195 51 26 icke,
510 1196 65 21 sedan
602 1202 88 15 numera
719 1196 224 27 stämpelmakulering
969 1196 66 20 behö-

205 1224 60 27 rigen
288 1224 141 25 föreskrifves,
453 1225 38 20 bör
521 1226 82 20 utsätta
632 1224 68 27 nägon
724 1225 119 27 ersättning
868 1224 34 21 för
923 1231 25 14 en
970 1224 65 22 sådan

205 1253 146 27 pätryckning.
382 1253 50 21 Man
455 1253 40 21 kan
518 1254 70 25 tveka,
609 1254 106 21 huruvida
729 1254 127 27 tjenstemän
872 1260 45 15 som
933 1253 47 21 icke
995 1253 40 22 fått

205 1281 34 28 sig
255 1281 104 28 stämplar
379 1282 141 25 tillskickade,
539 1283 52 20 böra
607 1283 20 20 få
643 1283 69 26 någon
728 1282 118 27 ersättning
862 1283 31 25 sig
909 1281 126 26 tillerkänd;

206 1316 48 15 men
271 1311 26 20 de
313 1312 36 19 äro
372 1311 21 20 få
409 1310 39 21 och
471 1311 25 21 de
512 1311 72 21 kunna
600 1311 67 21 skaffa
683 1311 31 26 sig
730 1317 26 15 en
771 1311 67 21 sådan
854 1311 89 26 stämpel
959 1316 76 21 genom

205 1339 100 22 anmälan
321 1339 39 21 hos
376 1339 39 21 den
433 1339 129 27 myndighet,
579 1339 120 22 hvarunder
716 1340 25 21 de
758 1339 145 26 subordinera,
920 1339 27 21 dä
962 1338 73 22 behof-

206 1370 35 19 vet
257 1368 73 21 säkert
345 1367 76 22 blifver
437 1368 94 27 afhjelpt.

277 1425 55 22 Herr
354 1425 133 27 Procop6:
518 1425 41 26 Jag
581 1425 39 22 har
642 1425 6 21 i
672 1425 36 22 det
730 1425 81 26 förslag
824 1425 37 27 jag
876 1424 124 22 framstälde
1016 1425 19 26 ej

206 1453 68 21 heller
289 1456 54 24 sagt,
359 1456 32 19 att
413 1453 46 27 den,
475 1460 45 15 som
537 1453 40 22 har
591 1460 26 15 en
633 1453 181 28 stämpelmaskin,
831 1453 70 22 skulle
916 1453 120 22 tillkomma

206 1482 70 26 nägon
299 1483 118 25 ersättning
440 1482 33 21 för
488 1483 36 20 det
540 1482 42 21 han
597 1482 110 27 stämplar,
723 1485 52 18 utan
791 1482 56 21 blott
862 1481 117 22 framhällit
994 1483 41 20 den

205 1510 116 26 olägenhet
342 1510 33 22 för
395 1511 106 25 domaren,
526 1510 101 22 hvarmed
651 1511 36 21 det
706 1510 44 22 ofta
766 1512 24 20 är
805 1510 99 22 förenadt
920 1511 32 20 att
968 1509 69 23 skaffa
