1109 1786
281 129 180 23 Borgareständet
471 131 56 18 1877.
549 131 15 17 3
574 130 121 19 December.
850 126 56 21 2111

147 199 57 22 Herr
243 199 161 22 Talmannen
419 199 123 22 framstälde
557 200 7 21 i
580 199 116 28 anledning
710 199 63 22 häraf
785 199 95 28 följande

146 256 220 27 Proposition:
383 257 38 27 De,
439 262 46 18 som
504 256 115 28 godkänna
636 257 12 27 $
664 257 13 21 8
693 257 136 26 oförändrad,
844 263 63 16 svara

74 285 44 27 ja;
134 285 74 21 vinner
226 285 57 27 nej,
301 291 62 15 anses
378 285 35 27 8:n
428 285 101 27 godkänd
545 285 49 21 med
609 285 66 21 sådan
691 285 90 27 ändring
795 288 34 19 att
844 286 63 22 ordet

76 314 76 25 yträn*
168 313 85 27 utbytes
268 315 58 20 emot
340 313 61 22 ordet
416 314 81 24 ,träd*.

76 398 14 22 n
136 370 173 50 jtopositionen
335 370 128 22 besvarades
487 371 49 22 med
559 370 110 22 obestridd
691 370 151 28 röstöfvervigt
866 377 40 15 ne-

95 404 78 16 ande.

145 456 11 29 8
172 457 13 21 9
200 456 122 28 godkändes
339 458 52 20 utan
406 456 130 22 diskussion.

393 541 12 28 8
422 542 33 21 10.
471 548 78 16 mom.
566 543 19 21 1.

147 599 56 21 Herr
217 598 177 28 Tengström:
418 599 47 21 Den
488 599 121 28 Kejserliga
628 598 171 28 propositionens
819 600 87 26 uttryck

77 627 178 27 »kronobetjent*
266 628 39 21 har
315 627 22 22 af
348 627 111 22 Utskottet
470 628 84 27 utbytts
565 630 58 19 emot
633 628 62 21 ordet
706 628 198 27 ,,kronolänsman,*

76 656 28 27 pä
120 657 40 21 den
182 656 69 27 grund
274 658 32 20 att
320 657 23 21 ät
358 662 25 16 en
399 657 59 27 lägre
474 656 157 28 kronobetjent,
647 658 16 20 t.
679 662 31 16 ex.
726 662 26 16 eu
767 656 103 27 brofogde
885 656 19 27 ej

76 684 67 23 borde
164 684 107 22 anförtros
290 687 32 19 att
342 684 45 22 läta
402 686 7 20 i
429 685 64 22 ständ
512 687 57 19 sätta
585 692 26 14 en
627 684 114 28 bristfällig
755 687 40 25 väg
811 685 40 21 och
866 685 40 21 hos

76 714 41 22 den
138 714 124 26 försumlige
280 716 74 24 uttaga
369 714 126 26 ersättning.
525 714 50 21 Men
590 713 112 23 Utskottet
717 713 38 22 har
771 713 74 22 dervid
860 713 46 21 för-

76 743 54 26 gätit
151 744 33 20 att
201 742 37 22 det
255 748 76 22 genom
357 742 147 22 uteslutandet
526 742 23 22 af
562 749 27 15 en
604 743 59 27 lägre
679 742 150 27 kronobetjent
844 742 61 22 äfven

76 771 98 22 uteslutit
195 777 26 15 en
242 771 71 27 högre,
334 777 44 15 som
398 771 54 22 dock
469 771 40 21 bör
524 778 53 15 vara
591 771 43 22 lika
649 772 125 26 kompetent
788 777 45 16 som
850 771 54 21 läns-

75 806 99 20 mannen,
189 800 104 26 nemligen
308 799 151 27 kronofogden.
479 800 41 22 Om
536 800 64 22 vären
616 802 15 19 t.
645 806 32 15 ex.
690 800 102 21 förrättas
803 806 38 20 syn
851 798 54 23 först

76 828 22 22 af
112 828 124 27 brofogden,
252 828 65 22 sedan
331 828 24 22 af
368 828 140 22 länsmannen
524 829 41 21 och
581 828 106 28 slutligen,
704 828 57 22 inom
777 828 48 22 hela
841 828 64 22 hära-

76 858 43 26 det,
140 858 24 21 af
183 857 154 26 kronofogden,
359 863 46 16 som
429 858 33 20 väl
487 858 28 20 dä
537 857 40 21 bör
596 864 52 15 vara
663 857 43 21 lika
721 857 122 27 berättigad
859 862 45 16 som

75 886 138 21 länsmannen
235 888 33 19 att
290 886 37 20 der
347 885 42 22 han
411 885 68 22 finner
495 893 25 14 en
537 886 61 25 brist,
614 886 45 21 läta
674 885 92 27 afhjelpa
782 886 123 21 densamma

76 914 40 22 och
139 916 74 25 uttaga
234 914 118 27 ersättning
371 914 38 22 hos
432 914 41 22 den
497 914 130 27 försumlige.
657 914 34 22 Då
714 914 61 21 ordet
797 913 107 22 kronobe-

75 943 55 27 tjent
144 942 69 22 blifvit
223 943 149 26 utmönstradt,
385 943 24 21 sä
421 949 64 15 anser
493 943 37 27 jag
544 943 36 21 det
590 943 53 21 böra
653 945 92 19 ersättas
757 943 48 21 med
815 943 90 27 ,krono-

74 971 64 27 fogde
159 971 51 22 eller
225 971 184 22 kronolänsman*.
440 972 41 21 Att
499 972 67 21 orden
583 971 145 26 ,kronofogde
744 971 61 22 eller*
821 971 19 27 ej
841 971 64 28 blif-

75 1001 30 20 vit
123 999 86 22 införda
225 1000 62 21 beror
302 1000 94 27 tydligen
411 1000 28 27 pä
454 1003 33 19 ett
503 1000 135 22 förbiseende
653 1000 23 21 af
689 999 118 23 Utskottet.
837 999 67 22 Äfven

75 1028 66 22 orden
164 1029 27 24 ,å
213 1029 86 21 landet"
321 1031 38 19 äro
381 1029 146 28 öfverflödiga,
550 1029 28 21 dä
597 1029 49 21 hela
661 1028 150 27 förordningen
828 1028 77 21 endast

74 1057 68 27 gäller
157 1057 150 28 landsbygden,
323 1057 39 22 och
377 1058 168 21 kronolänsman
561 1058 108 21 dessutom
685 1057 18 28 ej
719 1057 68 22 finnes
801 1057 8 21 i
824 1057 56 21 stad.

144 1115 57 21 Herr
215 1115 136 21 Jansson:
375 1115 34 21 Dä
420 1114 160 27 kronofogdens
590 1114 113 28 äliggande
714 1115 65 26 enligt
791 1114 34 27 lag
836 1115 26 20 är
872 1115 32 20 att

74 1143 118 22 verkställa
213 1143 143 26 exekutioner,
371 1143 24 21 sä
409 1144 62 21 torde
488 1143 40 22 den
545 1143 190 28 omständigheten,
751 1145 32 19 att
800 1143 41 20 han
857 1143 46 21 icke

74 1172 40 21 här
135 1173 25 19 är
178 1172 84 25 nämnd,
276 1172 47 21 icke
337 1171 76 22 hindra
428 1172 79 21 honom
524 1174 33 18 att
572 1172 35 21 vid
622 1171 167 22 verkställandet
803 1171 24 21 af
841 1173 62 24 väga-

74 1206 38 21 syn
133 1200 86 28 vidtaga
235 1200 25 22 de
276 1201 105 27 ätgärder,
399 1200 88 22 hvartill
503 1200 208 22 kronolänsmannen
726 1200 39 22 här
781 1200 71 21 blifvit
867 1200 36 21 be-

73 1229 100 27 rättigad.

142 1286 61 22 Efter
221 1287 36 21 det
273 1286 146 22 diskussionen
434 1286 91 22 härmed
541 1287 115 21 förklarats
671 1286 92 22 afslutad
778 1285 125 23 framstälde

72 1315 58 22 Herr
170 1315 139 22 Talmannen
344 1315 33 22 till
392 1315 92 22 Ständet
499 1315 95 28 följande

141 1372 204 27 Proposition:
369 1372 38 27 De,
423 1378 46 16 som
494 1372 115 27 godkänna
630 1378 62 15 mom.
709 1372 12 21 1
737 1372 22 21 af
773 1372 11 28 &
803 1373 25 20 10
844 1371 59 22 oför-

72 1401 98 24 ändradt,
187 1407 62 15 svara
262 1401 37 27 ja;
315 1401 74 21 vinner
405 1401 51 27 nej,
473 1407 64 16 anses
554 1403 116 19 momentet
681 1401 110 27 godkändt
801 1401 48 21 med
861 1401 41 21 den

71 1429 91 27 ändring
181 1431 32 20 att
229 1431 65 20 orden
309 1430 179 26 ,kronolänsman
504 1431 13 20 å
532 1429 87 23 landet"
634 1429 87 28 utbytas
736 1431 57 20 emot
808 1429 94 26 ,,krono-

71 1458 64 28 fogde
151 1457 52 22 eller
217 1458 188 22 kronolänsman*.

140 1515 163 27 Propositionen
319 1515 127 22 besvarades
462 1516 50 21 med
528 1515 155 29 öfvervägande
695 1517 36 26 ja.
