<?xml version="1.0" encoding="UTF-8"?>
<alto xmlns="http://www.loc.gov/standards/alto/ns-v3#" xmlns:xlink="http://www.w3.org/1999/xlink" xmlns:xsi="http://www.w3.org/2001/XMLSchema-instance" xsi:schemaLocation="http://www.loc.gov/standards/alto/ns-v3# http://www.loc.gov/alto/v3/alto-3-0.xsd">
	<Description>
		<MeasurementUnit>pixel</MeasurementUnit>
		<sourceImageInformation>
			<fileName>/tmp/tess_751bqwov_input.PNG</fileName>
		</sourceImageInformation>
		<OCRProcessing ID="OCR_0">
			<ocrProcessingStep>
				<processingSoftware>
					<softwareName>tesseract 5.3.4</softwareName>
				</processingSoftware>
			</ocrProcessingStep>
		</OCRProcessing>
	</Description>
	<Layout>
		<Page WIDTH="1109" HEIGHT="1786" PHYSICAL_IMG_NR="0" ID="page_0">
			<PrintSpace HPOS="0" VPOS="0" WIDTH="1109" HEIGHT="1786">
				<ComposedBlock ID="cblock_0" HPOS="173" VPOS="118" WIDTH="630" HEIGHT="27">
					<TextBlock ID="block_0" HPOS="173" VPOS="118" WIDTH="630" HEIGHT="27">
						<TextLine ID="line_0" HPOS="173" VPOS="118" WIDTH="630" HEIGHT="27">
							<String ID="string_0" HPOS="173" VPOS="118" WIDTH="58" HEIGHT="21" WC="0.96" CONTENT="2030"/><SP WIDTH="139" VPOS="118" HPOS="231"/>
							<String ID="string_1" HPOS="370" VPOS="123" WIDTH="180" HEIGHT="22" WC="0.91" CONTENT="Borgareständet"/><SP WIDTH="13" VPOS="123" HPOS="550"/>
							<String ID="string_2" HPOS="563" VPOS="124" WIDTH="54" HEIGHT="18" WC="0.96" CONTENT="1877."/><SP WIDTH="25" VPOS="124" HPOS="617"/>
							<String ID="string_3" HPOS="642" VPOS="125" WIDTH="28" HEIGHT="16" WC="0.96" CONTENT="30"/><SP WIDTH="12" VPOS="125" HPOS="670"/>
							<String ID="string_4" HPOS="682" VPOS="124" WIDTH="121" HEIGHT="17" WC="0.95" CONTENT="November."/>
						</TextLine>
					</TextBlock>
				</ComposedBlock>
				<GraphicalElement ID="cblock_1" HPOS="171" VPOS="150" WIDTH="834" HEIGHT="7"></GraphicalElement >
				<ComposedBlock ID="cblock_2" HPOS="171" VPOS="192" WIDTH="834" HEIGHT="55">
					<TextBlock ID="block_1" HPOS="171" VPOS="192" WIDTH="834" HEIGHT="55">
						<TextLine ID="line_1" HPOS="171" VPOS="192" WIDTH="834" HEIGHT="28">
							<String ID="string_5" HPOS="171" VPOS="192" WIDTH="109" HEIGHT="28" WC="0.90" CONTENT="finskning"/><SP WIDTH="16" VPOS="192" HPOS="280"/>
							<String ID="string_6" HPOS="296" VPOS="193" WIDTH="23" HEIGHT="21" WC="0.96" CONTENT="af"/><SP WIDTH="15" VPOS="193" HPOS="319"/>
							<String ID="string_7" HPOS="334" VPOS="193" WIDTH="91" HEIGHT="22" WC="0.93" CONTENT="svenska"/><SP WIDTH="15" VPOS="193" HPOS="425"/>
							<String ID="string_8" HPOS="440" VPOS="193" WIDTH="72" HEIGHT="22" WC="0.93" CONTENT="skolor"/><SP WIDTH="15" VPOS="193" HPOS="512"/>
							<String ID="string_9" HPOS="527" VPOS="193" WIDTH="40" HEIGHT="22" WC="0.93" CONTENT="och"/><SP WIDTH="16" VPOS="193" HPOS="567"/>
							<String ID="string_10" HPOS="583" VPOS="193" WIDTH="36" HEIGHT="22" WC="0.93" CONTENT="tvä"/><SP WIDTH="16" VPOS="193" HPOS="619"/>
							<String ID="string_11" HPOS="635" VPOS="193" WIDTH="66" HEIGHT="22" WC="0.90" CONTENT="Ständ"/><SP WIDTH="16" VPOS="193" HPOS="701"/>
							<String ID="string_12" HPOS="717" VPOS="195" WIDTH="102" HEIGHT="19" WC="0.92" CONTENT="motsatte"/><SP WIDTH="14" VPOS="195" HPOS="819"/>
							<String ID="string_13" HPOS="833" VPOS="193" WIDTH="32" HEIGHT="26" WC="0.93" CONTENT="sig"/><SP WIDTH="11" VPOS="193" HPOS="865"/>
							<String ID="string_14" HPOS="876" VPOS="193" WIDTH="72" HEIGHT="27" WC="0.92" CONTENT="hvarje"/><SP WIDTH="16" VPOS="193" HPOS="948"/>
							<String ID="string_15" HPOS="964" VPOS="193" WIDTH="41" HEIGHT="21" WC="0.92" CONTENT="för-"/>
						</TextLine>
						<TextLine ID="line_2" HPOS="173" VPOS="221" WIDTH="676" HEIGHT="26">
							<String ID="string_16" HPOS="173" VPOS="221" WIDTH="98" HEIGHT="26" WC="0.93" CONTENT="ändring,"/><SP WIDTH="15" VPOS="221" HPOS="271"/>
							<String ID="string_17" HPOS="286" VPOS="222" WIDTH="68" HEIGHT="21" WC="0.93" CONTENT="mäste"/><SP WIDTH="16" VPOS="222" HPOS="354"/>
							<String ID="string_18" HPOS="370" VPOS="223" WIDTH="32" HEIGHT="20" WC="0.96" CONTENT="ett"/><SP WIDTH="15" VPOS="223" HPOS="402"/>
							<String ID="string_19" HPOS="417" VPOS="221" WIDTH="110" HEIGHT="22" WC="0.96" CONTENT="uttalande"/><SP WIDTH="15" VPOS="221" HPOS="527"/>
							<String ID="string_20" HPOS="542" VPOS="221" WIDTH="7" HEIGHT="22" WC="0.96" CONTENT="i"/><SP WIDTH="16" VPOS="221" HPOS="549"/>
							<String ID="string_21" HPOS="565" VPOS="222" WIDTH="61" HEIGHT="21" WC="0.93" CONTENT="detta"/><SP WIDTH="15" VPOS="222" HPOS="626"/>
							<String ID="string_22" HPOS="641" VPOS="221" WIDTH="100" HEIGHT="22" WC="0.93" CONTENT="afseende"/><SP WIDTH="16" VPOS="221" HPOS="741"/>
							<String ID="string_23" HPOS="757" VPOS="221" WIDTH="92" HEIGHT="22" WC="0.90" CONTENT="förfalla."/>
						</TextLine>
					</TextBlock>
				</ComposedBlock>
				<ComposedBlock ID="cblock_3" HPOS="166" VPOS="278" WIDTH="840" HEIGHT="1087">
					<TextBlock ID="block_2" HPOS="166" VPOS="278" WIDTH="840" HEIGHT="1087">
						<TextLine ID="line_3" HPOS="243" VPOS="278" WIDTH="763" HEIGHT="27">
							<String ID="string_24" HPOS="243" VPOS="278" WIDTH="56" HEIGHT="21" WC="0.93" CONTENT="Herr"/><SP WIDTH="15" VPOS="278" HPOS="299"/>
							<String ID="string_25" HPOS="314" VPOS="279" WIDTH="118" HEIGHT="21" WC="0.84" CONTENT="Kurtén:"/><SP WIDTH="31" VPOS="279" HPOS="432"/>
							<String ID="string_26" HPOS="463" VPOS="279" WIDTH="50" HEIGHT="21" WC="0.92" CONTENT="Med"/><SP WIDTH="14" VPOS="279" HPOS="513"/>
							<String ID="string_27" HPOS="527" VPOS="279" WIDTH="100" HEIGHT="21" WC="0.93" CONTENT="afseende"/><SP WIDTH="16" VPOS="279" HPOS="627"/>
							<String ID="string_28" HPOS="643" VPOS="279" WIDTH="12" HEIGHT="21" WC="0.92" CONTENT="å"/><SP WIDTH="16" VPOS="279" HPOS="655"/>
							<String ID="string_29" HPOS="671" VPOS="279" WIDTH="26" HEIGHT="21" WC="0.93" CONTENT="de"/><SP WIDTH="15" VPOS="279" HPOS="697"/>
							<String ID="string_30" HPOS="712" VPOS="278" WIDTH="124" HEIGHT="27" WC="0.96" CONTENT="skiljaktiga"/><SP WIDTH="15" VPOS="278" HPOS="836"/>
							<String ID="string_31" HPOS="851" VPOS="279" WIDTH="77" HEIGHT="24" WC="0.93" CONTENT="beslut,"/><SP WIDTH="15" VPOS="279" HPOS="928"/>
							<String ID="string_32" HPOS="943" VPOS="279" WIDTH="63" HEIGHT="21" WC="0.91" CONTENT="hvar-"/>
						</TextLine>
						<TextLine ID="line_4" HPOS="173" VPOS="306" WIDTH="833" HEIGHT="28">
							<String ID="string_33" HPOS="173" VPOS="307" WIDTH="32" HEIGHT="21" WC="0.93" CONTENT="uti"/><SP WIDTH="16" VPOS="307" HPOS="205"/>
							<String ID="string_34" HPOS="221" VPOS="306" WIDTH="69" HEIGHT="22" WC="0.92" CONTENT="Adeln"/><SP WIDTH="17" VPOS="306" HPOS="290"/>
							<String ID="string_35" HPOS="307" VPOS="307" WIDTH="40" HEIGHT="21" WC="0.93" CONTENT="och"/><SP WIDTH="15" VPOS="307" HPOS="347"/>
							<String ID="string_36" HPOS="362" VPOS="307" WIDTH="182" HEIGHT="27" WC="0.90" CONTENT="Borgareständet"/><SP WIDTH="16" VPOS="307" HPOS="544"/>
							<String ID="string_37" HPOS="560" VPOS="308" WIDTH="13" HEIGHT="20" WC="0.92" CONTENT="å"/><SP WIDTH="15" VPOS="308" HPOS="573"/>
							<String ID="string_38" HPOS="588" VPOS="313" WIDTH="41" HEIGHT="15" WC="0.96" CONTENT="ena"/><SP WIDTH="14" VPOS="313" HPOS="629"/>
							<String ID="string_39" HPOS="643" VPOS="309" WIDTH="56" HEIGHT="19" WC="0.93" CONTENT="samt"/><SP WIDTH="16" VPOS="309" HPOS="699"/>
							<String ID="string_40" HPOS="715" VPOS="307" WIDTH="80" HEIGHT="21" WC="0.89" CONTENT="Preste-"/><SP WIDTH="22" VPOS="307" HPOS="795"/>
							<String ID="string_41" HPOS="817" VPOS="307" WIDTH="39" HEIGHT="21" WC="0.93" CONTENT="och"/><SP WIDTH="16" VPOS="307" HPOS="856"/>
							<String ID="string_42" HPOS="872" VPOS="307" WIDTH="134" HEIGHT="22" WC="0.91" CONTENT="Bondestän-"/>
						</TextLine>
						<TextLine ID="line_5" HPOS="173" VPOS="335" WIDTH="832" HEIGHT="28">
							<String ID="string_43" HPOS="173" VPOS="336" WIDTH="42" HEIGHT="20" WC="0.93" CONTENT="den"/><SP WIDTH="16" VPOS="336" HPOS="215"/>
							<String ID="string_44" HPOS="231" VPOS="335" WIDTH="13" HEIGHT="21" WC="0.91" CONTENT="å"/><SP WIDTH="21" VPOS="335" HPOS="244"/>
							<String ID="string_45" HPOS="265" VPOS="335" WIDTH="68" HEIGHT="21" WC="0.96" CONTENT="andra"/><SP WIDTH="22" VPOS="335" HPOS="333"/>
							<String ID="string_46" HPOS="355" VPOS="336" WIDTH="60" HEIGHT="21" WC="0.96" CONTENT="sidan"/><SP WIDTH="23" VPOS="336" HPOS="415"/>
							<String ID="string_47" HPOS="438" VPOS="338" WIDTH="86" HEIGHT="19" WC="0.96" CONTENT="stannat"/><SP WIDTH="14" VPOS="338" HPOS="524"/>
							<String ID="string_48" HPOS="538" VPOS="336" WIDTH="7" HEIGHT="20" WC="0.91" CONTENT="i"/><SP WIDTH="16" VPOS="336" HPOS="545"/>
							<String ID="string_49" HPOS="561" VPOS="336" WIDTH="75" HEIGHT="27" WC="0.96" CONTENT="frågan"/><SP WIDTH="24" VPOS="336" HPOS="636"/>
							<String ID="string_50" HPOS="660" VPOS="342" WIDTH="34" HEIGHT="14" WC="0.93" CONTENT="om"/><SP WIDTH="25" VPOS="342" HPOS="694"/>
							<String ID="string_51" HPOS="719" VPOS="335" WIDTH="125" HEIGHT="27" WC="0.95" CONTENT="förändring"/><SP WIDTH="15" VPOS="335" HPOS="844"/>
							<String ID="string_52" HPOS="859" VPOS="336" WIDTH="24" HEIGHT="21" WC="0.93" CONTENT="af"/><SP WIDTH="13" VPOS="336" HPOS="883"/>
							<String ID="string_53" HPOS="896" VPOS="336" WIDTH="109" HEIGHT="21" WC="0.93" CONTENT="undervis-"/>
						</TextLine>
						<TextLine ID="line_6" HPOS="173" VPOS="364" WIDTH="832" HEIGHT="27">
							<String ID="string_54" HPOS="173" VPOS="364" WIDTH="152" HEIGHT="27" WC="0.67" CONTENT="ningsspräket"/><SP WIDTH="14" VPOS="364" HPOS="325"/>
							<String ID="string_55" HPOS="339" VPOS="365" WIDTH="6" HEIGHT="21" WC="0.96" CONTENT="i"/><SP WIDTH="17" VPOS="365" HPOS="345"/>
							<String ID="string_56" HPOS="362" VPOS="371" WIDTH="29" HEIGHT="15" WC="0.93" CONTENT="nu"/><SP WIDTH="16" VPOS="371" HPOS="391"/>
							<String ID="string_57" HPOS="407" VPOS="364" WIDTH="133" HEIGHT="22" WC="0.96" CONTENT="existerande"/><SP WIDTH="14" VPOS="364" HPOS="540"/>
							<String ID="string_58" HPOS="554" VPOS="364" WIDTH="79" HEIGHT="26" WC="0.96" CONTENT="skolor,"/><SP WIDTH="16" VPOS="364" HPOS="633"/>
							<String ID="string_59" HPOS="649" VPOS="364" WIDTH="69" HEIGHT="21" WC="0.96" CONTENT="finner"/><SP WIDTH="12" VPOS="364" HPOS="718"/>
							<String ID="string_60" HPOS="730" VPOS="364" WIDTH="39" HEIGHT="27" WC="0.96" CONTENT="jag"/><SP WIDTH="15" VPOS="364" HPOS="769"/>
							<String ID="string_61" HPOS="784" VPOS="364" WIDTH="36" HEIGHT="21" WC="0.96" CONTENT="det"/><SP WIDTH="15" VPOS="364" HPOS="820"/>
							<String ID="string_62" HPOS="835" VPOS="364" WIDTH="45" HEIGHT="22" WC="0.93" CONTENT="helt"/><SP WIDTH="23" VPOS="364" HPOS="880"/>
							<String ID="string_63" HPOS="903" VPOS="364" WIDTH="102" HEIGHT="27" WC="0.88" CONTENT="naturligt"/>
						</TextLine>
						<TextLine ID="line_7" HPOS="173" VPOS="392" WIDTH="832" HEIGHT="28">
							<String ID="string_64" HPOS="173" VPOS="394" WIDTH="34" HEIGHT="20" WC="0.95" CONTENT="att"/><SP WIDTH="16" VPOS="394" HPOS="207"/>
							<String ID="string_65" HPOS="223" VPOS="393" WIDTH="116" HEIGHT="22" WC="0.93" CONTENT="Allmänna"/><SP WIDTH="16" VPOS="393" HPOS="339"/>
							<String ID="string_66" HPOS="355" VPOS="393" WIDTH="198" HEIGHT="21" WC="0.92" CONTENT="Besvärsutskottet"/><SP WIDTH="8" VPOS="393" HPOS="553"/>
							<String ID="string_67" HPOS="561" VPOS="393" WIDTH="84" HEIGHT="21" WC="0.92" CONTENT="förfarit"/><SP WIDTH="15" VPOS="393" HPOS="645"/>
							<String ID="string_68" HPOS="660" VPOS="393" WIDTH="24" HEIGHT="22" WC="0.96" CONTENT="sä"/><SP WIDTH="15" VPOS="393" HPOS="684"/>
							<String ID="string_69" HPOS="699" VPOS="398" WIDTH="45" HEIGHT="16" WC="0.96" CONTENT="som"/><SP WIDTH="17" VPOS="398" HPOS="744"/>
							<String ID="string_70" HPOS="761" VPOS="393" WIDTH="36" HEIGHT="21" WC="0.96" CONTENT="det"/><SP WIDTH="15" VPOS="393" HPOS="797"/>
							<String ID="string_71" HPOS="812" VPOS="392" WIDTH="70" HEIGHT="27" WC="0.96" CONTENT="gjort;"/><SP WIDTH="16" VPOS="392" HPOS="882"/>
							<String ID="string_72" HPOS="898" VPOS="395" WIDTH="21" HEIGHT="25" WC="0.96" CONTENT="ty"/><SP WIDTH="12" VPOS="395" HPOS="919"/>
							<String ID="string_73" HPOS="931" VPOS="393" WIDTH="27" HEIGHT="21" WC="0.96" CONTENT="dä"/><SP WIDTH="11" VPOS="393" HPOS="958"/>
							<String ID="string_74" HPOS="969" VPOS="393" WIDTH="36" HEIGHT="21" WC="0.97" CONTENT="det"/>
						</TextLine>
						<TextLine ID="line_8" HPOS="172" VPOS="420" WIDTH="833" HEIGHT="28">
							<String ID="string_75" HPOS="172" VPOS="421" WIDTH="47" HEIGHT="22" WC="0.92" CONTENT="icke"/><SP WIDTH="16" VPOS="421" HPOS="219"/>
							<String ID="string_76" HPOS="235" VPOS="424" WIDTH="25" HEIGHT="19" WC="0.93" CONTENT="är"/><SP WIDTH="15" VPOS="424" HPOS="260"/>
							<String ID="string_77" HPOS="275" VPOS="421" WIDTH="62" HEIGHT="27" WC="0.93" CONTENT="fräga"/><SP WIDTH="15" VPOS="421" HPOS="337"/>
							<String ID="string_78" HPOS="352" VPOS="428" WIDTH="34" HEIGHT="15" WC="0.96" CONTENT="om"/><SP WIDTH="16" VPOS="428" HPOS="386"/>
							<String ID="string_79" HPOS="402" VPOS="424" WIDTH="32" HEIGHT="19" WC="0.93" CONTENT="att"/><SP WIDTH="15" VPOS="424" HPOS="434"/>
							<String ID="string_80" HPOS="449" VPOS="422" WIDTH="100" HEIGHT="21" WC="0.92" CONTENT="förändra"/><SP WIDTH="16" VPOS="422" HPOS="549"/>
							<String ID="string_81" HPOS="565" VPOS="421" WIDTH="251" HEIGHT="27" WC="0.92" CONTENT="undervisningsspräket"/><SP WIDTH="15" VPOS="421" HPOS="816"/>
							<String ID="string_82" HPOS="831" VPOS="420" WIDTH="9" HEIGHT="21" WC="0.92" CONTENT="i"/><SP WIDTH="10" VPOS="420" HPOS="840"/>
							<String ID="string_83" HPOS="850" VPOS="428" WIDTH="25" HEIGHT="14" WC="0.92" CONTENT="en"/><SP WIDTH="14" VPOS="428" HPOS="875"/>
							<String ID="string_84" HPOS="889" VPOS="421" WIDTH="116" HEIGHT="22" WC="0.93" CONTENT="bestäende"/>
						</TextLine>
						<TextLine ID="line_9" HPOS="173" VPOS="450" WIDTH="831" HEIGHT="28">
							<String ID="string_85" HPOS="173" VPOS="450" WIDTH="68" HEIGHT="27" WC="0.95" CONTENT="skola,"/><SP WIDTH="16" VPOS="450" HPOS="241"/>
							<String ID="string_86" HPOS="257" VPOS="450" WIDTH="24" HEIGHT="21" WC="0.93" CONTENT="sä"/><SP WIDTH="15" VPOS="450" HPOS="281"/>
							<String ID="string_87" HPOS="296" VPOS="450" WIDTH="103" HEIGHT="22" WC="0.92" CONTENT="behöfver"/><SP WIDTH="15" VPOS="450" HPOS="399"/>
							<String ID="string_88" HPOS="414" VPOS="457" WIDTH="49" HEIGHT="15" WC="0.93" CONTENT="man"/><SP WIDTH="16" VPOS="457" HPOS="463"/>
							<String ID="string_89" HPOS="479" VPOS="450" WIDTH="18" HEIGHT="27" WC="0.90" CONTENT="ej"/><SP WIDTH="17" VPOS="450" HPOS="497"/>
							<String ID="string_90" HPOS="514" VPOS="450" WIDTH="68" HEIGHT="22" WC="0.93" CONTENT="heller"/><SP WIDTH="15" VPOS="450" HPOS="582"/>
							<String ID="string_91" HPOS="597" VPOS="450" WIDTH="130" HEIGHT="28" WC="0.92" CONTENT="petitionera"/><SP WIDTH="10" VPOS="450" HPOS="727"/>
							<String ID="string_92" HPOS="737" VPOS="456" WIDTH="36" HEIGHT="16" WC="0.96" CONTENT="om"/><SP WIDTH="14" VPOS="456" HPOS="773"/>
							<String ID="string_93" HPOS="787" VPOS="452" WIDTH="32" HEIGHT="19" WC="0.96" CONTENT="att"/><SP WIDTH="11" VPOS="452" HPOS="819"/>
							<String ID="string_94" HPOS="830" VPOS="450" WIDTH="37" HEIGHT="21" WC="0.96" CONTENT="det"/><SP WIDTH="11" VPOS="450" HPOS="867"/>
							<String ID="string_95" HPOS="878" VPOS="450" WIDTH="55" HEIGHT="21" WC="0.93" CONTENT="skall"/><SP WIDTH="12" VPOS="450" HPOS="933"/>
							<String ID="string_96" HPOS="945" VPOS="450" WIDTH="59" HEIGHT="21" WC="0.93" CONTENT="bibe-"/>
						</TextLine>
						<TextLine ID="line_10" HPOS="171" VPOS="478" WIDTH="833" HEIGHT="28">
							<String ID="string_97" HPOS="171" VPOS="478" WIDTH="76" HEIGHT="22" WC="0.91" CONTENT="hällas."/><SP WIDTH="31" VPOS="478" HPOS="247"/>
							<String ID="string_98" HPOS="278" VPOS="478" WIDTH="43" HEIGHT="22" WC="0.96" CONTENT="Det"/><SP WIDTH="15" VPOS="478" HPOS="321"/>
							<String ID="string_99" HPOS="336" VPOS="479" WIDTH="61" HEIGHT="21" WC="0.96" CONTENT="faller"/><SP WIDTH="15" VPOS="479" HPOS="397"/>
							<String ID="string_100" HPOS="412" VPOS="479" WIDTH="23" HEIGHT="21" WC="0.96" CONTENT="af"/><SP WIDTH="14" VPOS="479" HPOS="435"/>
							<String ID="string_101" HPOS="449" VPOS="480" WIDTH="32" HEIGHT="26" WC="0.93" CONTENT="sig"/><SP WIDTH="15" VPOS="480" HPOS="481"/>
							<String ID="string_102" HPOS="496" VPOS="479" WIDTH="48" HEIGHT="25" WC="0.91" CONTENT="sjelf"/><SP WIDTH="13" VPOS="479" HPOS="544"/>
							<String ID="string_103" HPOS="557" VPOS="481" WIDTH="33" HEIGHT="19" WC="0.96" CONTENT="att"/><SP WIDTH="16" VPOS="481" HPOS="590"/>
							<String ID="string_104" HPOS="606" VPOS="479" WIDTH="36" HEIGHT="21" WC="0.93" CONTENT="det"/><SP WIDTH="15" VPOS="479" HPOS="642"/>
							<String ID="string_105" HPOS="657" VPOS="479" WIDTH="120" HEIGHT="21" WC="0.92" CONTENT="bibehälles"/><SP WIDTH="14" VPOS="479" HPOS="777"/>
							<String ID="string_106" HPOS="791" VPOS="478" WIDTH="57" HEIGHT="22" WC="0.90" CONTENT="intill"/><SP WIDTH="16" VPOS="478" HPOS="848"/>
							<String ID="string_107" HPOS="864" VPOS="479" WIDTH="47" HEIGHT="21" WC="0.96" CONTENT="dess"/><SP WIDTH="17" VPOS="479" HPOS="911"/>
							<String ID="string_108" HPOS="928" VPOS="478" WIDTH="76" HEIGHT="22" WC="0.96" CONTENT="skolan"/>
						</TextLine>
						<TextLine ID="line_11" HPOS="171" VPOS="507" WIDTH="833" HEIGHT="27">
							<String ID="string_109" HPOS="171" VPOS="507" WIDTH="59" HEIGHT="21" WC="0.96" CONTENT="visar"/><SP WIDTH="15" VPOS="507" HPOS="230"/>
							<String ID="string_110" HPOS="245" VPOS="507" WIDTH="32" HEIGHT="27" WC="0.96" CONTENT="sig"/><SP WIDTH="12" VPOS="507" HPOS="277"/>
							<String ID="string_111" HPOS="289" VPOS="514" WIDTH="52" HEIGHT="15" WC="0.93" CONTENT="vara"/><SP WIDTH="10" VPOS="514" HPOS="341"/>
							<String ID="string_112" HPOS="351" VPOS="508" WIDTH="106" HEIGHT="26" WC="0.92" CONTENT="obehöflig"/><SP WIDTH="11" VPOS="508" HPOS="457"/>
							<String ID="string_113" HPOS="468" VPOS="508" WIDTH="47" HEIGHT="21" WC="0.96" CONTENT="med"/><SP WIDTH="9" VPOS="508" HPOS="515"/>
							<String ID="string_114" HPOS="524" VPOS="509" WIDTH="31" HEIGHT="19" WC="0.93" CONTENT="ett"/><SP WIDTH="10" VPOS="509" HPOS="555"/>
							<String ID="string_115" HPOS="565" VPOS="508" WIDTH="76" HEIGHT="21" WC="0.93" CONTENT="sådant"/><SP WIDTH="8" VPOS="508" HPOS="641"/>
							<String ID="string_116" HPOS="649" VPOS="508" WIDTH="235" HEIGHT="26" WC="0.91" CONTENT="undervisningsspräk."/><SP WIDTH="31" VPOS="508" HPOS="884"/>
							<String ID="string_117" HPOS="915" VPOS="508" WIDTH="11" HEIGHT="21" WC="0.92" CONTENT="I"/><SP WIDTH="8" VPOS="508" HPOS="926"/>
							<String ID="string_118" HPOS="934" VPOS="508" WIDTH="70" HEIGHT="21" WC="0.96" CONTENT="denna"/>
						</TextLine>
						<TextLine ID="line_12" HPOS="171" VPOS="536" WIDTH="832" HEIGHT="27">
							<String ID="string_119" HPOS="171" VPOS="536" WIDTH="35" HEIGHT="21" WC="0.96" CONTENT="del"/><SP WIDTH="23" VPOS="536" HPOS="206"/>
							<String ID="string_120" HPOS="229" VPOS="536" WIDTH="62" HEIGHT="22" WC="0.93" CONTENT="torde"/><SP WIDTH="24" VPOS="536" HPOS="291"/>
							<String ID="string_121" HPOS="315" VPOS="536" WIDTH="82" HEIGHT="22" WC="0.92" CONTENT="säledes"/><SP WIDTH="22" VPOS="536" HPOS="397"/>
							<String ID="string_122" HPOS="419" VPOS="536" WIDTH="182" HEIGHT="27" WC="0.91" CONTENT="Borgareständet"/><SP WIDTH="22" VPOS="536" HPOS="601"/>
							<String ID="string_123" HPOS="623" VPOS="536" WIDTH="35" HEIGHT="21" WC="0.96" CONTENT="väl"/><SP WIDTH="25" VPOS="536" HPOS="658"/>
							<String ID="string_124" HPOS="683" VPOS="537" WIDTH="72" HEIGHT="21" WC="0.93" CONTENT="kunna"/><SP WIDTH="22" VPOS="537" HPOS="755"/>
							<String ID="string_125" HPOS="777" VPOS="536" WIDTH="75" HEIGHT="26" WC="0.92" CONTENT="frängä"/><SP WIDTH="22" VPOS="536" HPOS="852"/>
							<String ID="string_126" HPOS="874" VPOS="536" WIDTH="38" HEIGHT="22" WC="0.96" CONTENT="sitt"/><SP WIDTH="16" VPOS="536" HPOS="912"/>
							<String ID="string_127" HPOS="928" VPOS="536" WIDTH="75" HEIGHT="22" WC="0.96" CONTENT="beslut."/>
						</TextLine>
						<TextLine ID="line_13" HPOS="171" VPOS="564" WIDTH="832" HEIGHT="29">
							<String ID="string_128" HPOS="171" VPOS="564" WIDTH="105" HEIGHT="23" WC="0.91" CONTENT="Deremot"/><SP WIDTH="23" VPOS="564" HPOS="276"/>
							<String ID="string_129" HPOS="299" VPOS="567" WIDTH="24" HEIGHT="19" WC="0.96" CONTENT="är"/><SP WIDTH="20" VPOS="567" HPOS="323"/>
							<String ID="string_130" HPOS="343" VPOS="565" WIDTH="38" HEIGHT="28" WC="0.96" CONTENT="jag"/><SP WIDTH="22" VPOS="565" HPOS="381"/>
							<String ID="string_131" HPOS="403" VPOS="565" WIDTH="22" HEIGHT="21" WC="0.96" CONTENT="af"/><SP WIDTH="21" VPOS="565" HPOS="425"/>
							<String ID="string_132" HPOS="446" VPOS="565" WIDTH="88" HEIGHT="22" WC="0.96" CONTENT="alldeles"/><SP WIDTH="15" VPOS="565" HPOS="534"/>
							<String ID="string_133" HPOS="549" VPOS="571" WIDTH="82" HEIGHT="16" WC="0.96" CONTENT="samma"/><SP WIDTH="15" VPOS="571" HPOS="631"/>
							<String ID="string_134" HPOS="646" VPOS="565" WIDTH="65" HEIGHT="22" WC="0.96" CONTENT="tanke"/><SP WIDTH="16" VPOS="565" HPOS="711"/>
							<String ID="string_135" HPOS="727" VPOS="571" WIDTH="45" HEIGHT="15" WC="0.96" CONTENT="som"/><SP WIDTH="17" VPOS="571" HPOS="772"/>
							<String ID="string_136" HPOS="789" VPOS="564" WIDTH="57" HEIGHT="22" WC="0.93" CONTENT="Herr"/><SP WIDTH="14" VPOS="564" HPOS="846"/>
							<String ID="string_137" HPOS="860" VPOS="565" WIDTH="120" HEIGHT="26" WC="0.92" CONTENT="Björkstön,"/><SP WIDTH="16" VPOS="565" HPOS="980"/>
							<String ID="string_138" HPOS="996" VPOS="564" WIDTH="7" HEIGHT="21" WC="0.96" CONTENT="i"/>
						</TextLine>
						<TextLine ID="line_14" HPOS="171" VPOS="593" WIDTH="833" HEIGHT="28">
							<String ID="string_139" HPOS="171" VPOS="593" WIDTH="102" HEIGHT="21" WC="0.93" CONTENT="afseende"/><SP WIDTH="16" VPOS="593" HPOS="273"/>
							<String ID="string_140" HPOS="289" VPOS="594" WIDTH="13" HEIGHT="21" WC="0.92" CONTENT="å"/><SP WIDTH="15" VPOS="594" HPOS="302"/>
							<String ID="string_141" HPOS="317" VPOS="594" WIDTH="148" HEIGHT="27" WC="0.96" CONTENT="ordalydelsen"/><SP WIDTH="16" VPOS="594" HPOS="465"/>
							<String ID="string_142" HPOS="481" VPOS="594" WIDTH="23" HEIGHT="20" WC="0.93" CONTENT="af"/><SP WIDTH="12" VPOS="594" HPOS="504"/>
							<String ID="string_143" HPOS="516" VPOS="594" WIDTH="328" HEIGHT="27" WC="0.91" CONTENT="sammanjemkningsförslaget,"/><SP WIDTH="22" VPOS="594" HPOS="844"/>
							<String ID="string_144" HPOS="866" VPOS="600" WIDTH="46" HEIGHT="15" WC="0.93" CONTENT="som"/><SP WIDTH="16" VPOS="600" HPOS="912"/>
							<String ID="string_145" HPOS="928" VPOS="593" WIDTH="76" HEIGHT="21" WC="0.92" CONTENT="verkli-"/>
						</TextLine>
						<TextLine ID="line_15" HPOS="171" VPOS="622" WIDTH="833" HEIGHT="28">
							<String ID="string_146" HPOS="171" VPOS="628" WIDTH="41" HEIGHT="20" WC="0.96" CONTENT="gen"/><SP WIDTH="21" VPOS="628" HPOS="212"/>
							<String ID="string_147" HPOS="233" VPOS="622" WIDTH="90" HEIGHT="22" WC="0.93" CONTENT="innebär"/><SP WIDTH="23" VPOS="622" HPOS="323"/>
							<String ID="string_148" HPOS="346" VPOS="622" WIDTH="117" HEIGHT="28" WC="0.93" CONTENT="nägonting"/><SP WIDTH="21" VPOS="622" HPOS="463"/>
							<String ID="string_149" HPOS="484" VPOS="622" WIDTH="45" HEIGHT="21" WC="0.96" CONTENT="helt"/><SP WIDTH="15" VPOS="622" HPOS="529"/>
							<String ID="string_150" HPOS="544" VPOS="624" WIDTH="67" HEIGHT="19" WC="0.96" CONTENT="annat"/><SP WIDTH="15" VPOS="624" HPOS="611"/>
							<String ID="string_151" HPOS="626" VPOS="624" WIDTH="27" HEIGHT="19" WC="0.92" CONTENT="än"/><SP WIDTH="20" VPOS="624" HPOS="653"/>
							<String ID="string_152" HPOS="673" VPOS="622" WIDTH="193" HEIGHT="26" WC="0.92" CONTENT="Borgareständets"/><SP WIDTH="15" VPOS="622" HPOS="866"/>
							<String ID="string_153" HPOS="881" VPOS="622" WIDTH="84" HEIGHT="25" WC="0.88" CONTENT="beslut"/><SP WIDTH="-6" VPOS="622" HPOS="965"/>
							<String ID="string_154" HPOS="959" VPOS="618" WIDTH="9" HEIGHT="36" WC="0.88" CONTENT=";"/><SP WIDTH="13" VPOS="618" HPOS="968"/>
							<String ID="string_155" HPOS="981" VPOS="624" WIDTH="23" HEIGHT="24" WC="0.97" CONTENT="ty"/>
						</TextLine>
						<TextLine ID="line_16" HPOS="171" VPOS="650" WIDTH="833" HEIGHT="28">
							<String ID="string_156" HPOS="171" VPOS="650" WIDTH="103" HEIGHT="22" WC="0.92" CONTENT="Ständets"/><SP WIDTH="17" VPOS="650" HPOS="274"/>
							<String ID="string_157" HPOS="291" VPOS="651" WIDTH="70" HEIGHT="21" WC="0.96" CONTENT="beslut"/><SP WIDTH="16" VPOS="651" HPOS="361"/>
							<String ID="string_158" HPOS="377" VPOS="657" WIDTH="38" HEIGHT="15" WC="0.96" CONTENT="var"/><SP WIDTH="14" VPOS="657" HPOS="415"/>
							<String ID="string_159" HPOS="429" VPOS="654" WIDTH="32" HEIGHT="18" WC="0.97" CONTENT="att"/><SP WIDTH="16" VPOS="654" HPOS="461"/>
							<String ID="string_160" HPOS="477" VPOS="650" WIDTH="33" HEIGHT="22" WC="0.93" CONTENT="vid"/><SP WIDTH="16" VPOS="650" HPOS="510"/>
							<String ID="string_161" HPOS="526" VPOS="650" WIDTH="173" HEIGHT="22" WC="0.92" CONTENT="bestämmandet"/><SP WIDTH="14" VPOS="650" HPOS="699"/>
							<String ID="string_162" HPOS="713" VPOS="650" WIDTH="25" HEIGHT="22" WC="0.93" CONTENT="af"/><SP WIDTH="14" VPOS="650" HPOS="738"/>
							<String ID="string_163" HPOS="752" VPOS="650" WIDTH="252" HEIGHT="28" WC="0.92" CONTENT="undervisningsspräket"/>
						</TextLine>
						<TextLine ID="line_17" HPOS="171" VPOS="679" WIDTH="833" HEIGHT="27">
							<String ID="string_164" HPOS="171" VPOS="679" WIDTH="102" HEIGHT="21" WC="0.96" CONTENT="afseende"/><SP WIDTH="16" VPOS="679" HPOS="273"/>
							<String ID="string_165" HPOS="289" VPOS="680" WIDTH="66" HEIGHT="21" WC="0.93" CONTENT="borde"/><SP WIDTH="16" VPOS="680" HPOS="355"/>
							<String ID="string_166" HPOS="371" VPOS="680" WIDTH="66" HEIGHT="21" WC="0.96" CONTENT="fästas"/><SP WIDTH="16" VPOS="680" HPOS="437"/>
							<String ID="string_167" HPOS="453" VPOS="680" WIDTH="26" HEIGHT="26" WC="0.95" CONTENT="ej"/><SP WIDTH="24" VPOS="680" HPOS="479"/>
							<String ID="string_168" HPOS="503" VPOS="679" WIDTH="101" HEIGHT="22" WC="0.96" CONTENT="mindre"/><SP WIDTH="15" VPOS="679" HPOS="604"/>
							<String ID="string_169" HPOS="619" VPOS="680" WIDTH="29" HEIGHT="26" WC="0.93" CONTENT="pä"/><SP WIDTH="21" VPOS="680" HPOS="648"/>
							<String ID="string_170" HPOS="669" VPOS="679" WIDTH="217" HEIGHT="27" WC="0.91" CONTENT="bildningsbehofvet,"/><SP WIDTH="16" VPOS="679" HPOS="886"/>
							<String ID="string_171" HPOS="902" VPOS="681" WIDTH="30" HEIGHT="19" WC="0.93" CONTENT="än"/><SP WIDTH="22" VPOS="681" HPOS="932"/>
							<String ID="string_172" HPOS="954" VPOS="679" WIDTH="50" HEIGHT="21" WC="0.93" CONTENT="ock"/>
						</TextLine>
						<TextLine ID="line_18" HPOS="170" VPOS="707" WIDTH="834" HEIGHT="28">
							<String ID="string_173" HPOS="170" VPOS="708" WIDTH="29" HEIGHT="26" WC="0.95" CONTENT="pä"/><SP WIDTH="24" VPOS="708" HPOS="199"/>
							<String ID="string_174" HPOS="223" VPOS="708" WIDTH="40" HEIGHT="21" WC="0.92" CONTENT="den"/><SP WIDTH="23" VPOS="708" HPOS="263"/>
							<String ID="string_175" HPOS="286" VPOS="708" WIDTH="161" HEIGHT="27" WC="0.96" CONTENT="kringliggande"/><SP WIDTH="26" VPOS="708" HPOS="447"/>
							<String ID="string_176" HPOS="473" VPOS="710" WIDTH="72" HEIGHT="19" WC="0.40" CONTENT="ortens"/><SP WIDTH="25" VPOS="710" HPOS="545"/>
							<String ID="string_177" HPOS="570" VPOS="708" WIDTH="71" HEIGHT="27" WC="0.93" CONTENT="språk."/><SP WIDTH="38" VPOS="708" HPOS="641"/>
							<String ID="string_178" HPOS="679" VPOS="707" WIDTH="325" HEIGHT="28" WC="0.91" CONTENT="Sammanjemkningsförslaget"/>
						</TextLine>
						<TextLine ID="line_19" HPOS="171" VPOS="736" WIDTH="833" HEIGHT="27">
							<String ID="string_179" HPOS="171" VPOS="736" WIDTH="48" HEIGHT="22" WC="0.92" CONTENT="äter"/><SP WIDTH="14" VPOS="736" HPOS="219"/>
							<String ID="string_180" HPOS="233" VPOS="736" WIDTH="120" HEIGHT="22" WC="0.91" CONTENT="innehäller"/><SP WIDTH="15" VPOS="736" HPOS="353"/>
							<String ID="string_181" HPOS="368" VPOS="739" WIDTH="33" HEIGHT="19" WC="0.93" CONTENT="att"/><SP WIDTH="15" VPOS="739" HPOS="401"/>
							<String ID="string_182" HPOS="416" VPOS="737" WIDTH="249" HEIGHT="26" WC="0.91" CONTENT="undervisningsspräket"/><SP WIDTH="14" VPOS="737" HPOS="665"/>
							<String ID="string_183" HPOS="679" VPOS="736" WIDTH="55" HEIGHT="22" WC="0.93" CONTENT="skall"/><SP WIDTH="16" VPOS="736" HPOS="734"/>
							<String ID="string_184" HPOS="750" VPOS="736" WIDTH="130" HEIGHT="22" WC="0.92" CONTENT="bestämmas"/><SP WIDTH="16" VPOS="736" HPOS="880"/>
							<String ID="string_185" HPOS="896" VPOS="736" WIDTH="56" HEIGHT="21" WC="0.93" CONTENT="med"/><SP WIDTH="16" VPOS="736" HPOS="952"/>
							<String ID="string_186" HPOS="968" VPOS="736" WIDTH="36" HEIGHT="21" WC="0.92" CONTENT="af-"/>
						</TextLine>
						<TextLine ID="line_20" HPOS="173" VPOS="764" WIDTH="831" HEIGHT="28">
							<String ID="string_187" HPOS="173" VPOS="766" WIDTH="102" HEIGHT="20" WC="0.93" CONTENT="seende"/><SP WIDTH="15" VPOS="766" HPOS="275"/>
							<String ID="string_188" HPOS="290" VPOS="766" WIDTH="13" HEIGHT="20" WC="0.34" CONTENT="ä"/><SP WIDTH="16" VPOS="766" HPOS="303"/>
							<String ID="string_189" HPOS="319" VPOS="766" WIDTH="36" HEIGHT="21" WC="0.96" CONTENT="det"/><SP WIDTH="22" VPOS="766" HPOS="355"/>
							<String ID="string_190" HPOS="377" VPOS="766" WIDTH="33" HEIGHT="26" WC="0.93" CONTENT="sig"/><SP WIDTH="21" VPOS="766" HPOS="410"/>
							<String ID="string_191" HPOS="431" VPOS="765" WIDTH="123" HEIGHT="22" WC="0.92" CONTENT="företeende"/><SP WIDTH="16" VPOS="765" HPOS="554"/>
							<String ID="string_192" HPOS="570" VPOS="764" WIDTH="209" HEIGHT="28" WC="0.92" CONTENT="bildningsbehofvet"/><SP WIDTH="16" VPOS="764" HPOS="779"/>
							<String ID="string_193" HPOS="795" VPOS="765" WIDTH="39" HEIGHT="21" WC="0.96" CONTENT="och"/><SP WIDTH="16" VPOS="765" HPOS="834"/>
							<String ID="string_194" HPOS="850" VPOS="764" WIDTH="6" HEIGHT="22" WC="0.93" CONTENT="i"/><SP WIDTH="16" VPOS="764" HPOS="856"/>
							<String ID="string_195" HPOS="872" VPOS="765" WIDTH="132" HEIGHT="21" WC="0.92" CONTENT="öfverens-"/>
						</TextLine>
						<TextLine ID="line_21" HPOS="171" VPOS="793" WIDTH="831" HEIGHT="28">
							<String ID="string_196" HPOS="171" VPOS="794" WIDTH="162" HEIGHT="21" WC="0.92" CONTENT="stämmelse"/><SP WIDTH="15" VPOS="794" HPOS="333"/>
							<String ID="string_197" HPOS="348" VPOS="794" WIDTH="55" HEIGHT="21" WC="0.96" CONTENT="med"/><SP WIDTH="17" VPOS="794" HPOS="403"/>
							<String ID="string_198" HPOS="420" VPOS="794" WIDTH="36" HEIGHT="21" WC="0.93" CONTENT="det"/><SP WIDTH="15" VPOS="794" HPOS="456"/>
							<String ID="string_199" HPOS="471" VPOS="794" WIDTH="63" HEIGHT="27" WC="0.92" CONTENT="spräk"/><SP WIDTH="18" VPOS="794" HPOS="534"/>
							<String ID="string_200" HPOS="552" VPOS="794" WIDTH="41" HEIGHT="21" WC="0.93" CONTENT="den"/><SP WIDTH="11" VPOS="794" HPOS="593"/>
							<String ID="string_201" HPOS="604" VPOS="794" WIDTH="163" HEIGHT="27" WC="0.92" CONTENT="kringliggande"/><SP WIDTH="12" VPOS="794" HPOS="767"/>
							<String ID="string_202" HPOS="779" VPOS="793" WIDTH="151" HEIGHT="27" WC="0.96" CONTENT="befolkningen"/><SP WIDTH="12" VPOS="793" HPOS="930"/>
							<String ID="string_203" HPOS="942" VPOS="793" WIDTH="60" HEIGHT="21" WC="0.96" CONTENT="talar."/>
						</TextLine>
						<TextLine ID="line_22" HPOS="169" VPOS="822" WIDTH="834" HEIGHT="28">
							<String ID="string_204" HPOS="169" VPOS="822" WIDTH="36" HEIGHT="21" WC="0.96" CONTENT="Nu"/><SP WIDTH="16" VPOS="822" HPOS="205"/>
							<String ID="string_205" HPOS="221" VPOS="822" WIDTH="42" HEIGHT="22" WC="0.96" CONTENT="kan"/><SP WIDTH="17" VPOS="822" HPOS="263"/>
							<String ID="string_206" HPOS="280" VPOS="823" WIDTH="37" HEIGHT="21" WC="0.96" CONTENT="det"/><SP WIDTH="15" VPOS="823" HPOS="317"/>
							<String ID="string_207" HPOS="332" VPOS="823" WIDTH="41" HEIGHT="21" WC="0.93" CONTENT="lätt"/><SP WIDTH="14" VPOS="823" HPOS="373"/>
							<String ID="string_208" HPOS="387" VPOS="822" WIDTH="70" HEIGHT="22" WC="0.96" CONTENT="hända"/><SP WIDTH="16" VPOS="822" HPOS="457"/>
							<String ID="string_209" HPOS="473" VPOS="825" WIDTH="32" HEIGHT="19" WC="0.96" CONTENT="att"/><SP WIDTH="15" VPOS="825" HPOS="505"/>
							<String ID="string_210" HPOS="520" VPOS="822" WIDTH="28" HEIGHT="28" WC="0.96" CONTENT="pä"/><SP WIDTH="15" VPOS="822" HPOS="548"/>
							<String ID="string_211" HPOS="563" VPOS="829" WIDTH="25" HEIGHT="14" WC="0.96" CONTENT="en"/><SP WIDTH="17" VPOS="829" HPOS="588"/>
							<String ID="string_212" HPOS="605" VPOS="824" WIDTH="34" HEIGHT="20" WC="0.93" CONTENT="ort"/><SP WIDTH="17" VPOS="824" HPOS="639"/>
							<String ID="string_213" HPOS="656" VPOS="822" WIDTH="208" HEIGHT="28" WC="0.53" CONTENT="bildningsbehofvet"/><SP WIDTH="15" VPOS="822" HPOS="864"/>
							<String ID="string_214" HPOS="879" VPOS="822" WIDTH="84" HEIGHT="22" WC="0.96" CONTENT="fordrar"/><SP WIDTH="15" VPOS="822" HPOS="963"/>
							<String ID="string_215" HPOS="978" VPOS="828" WIDTH="25" HEIGHT="15" WC="0.97" CONTENT="en"/>
						</TextLine>
						<TextLine ID="line_23" HPOS="169" VPOS="850" WIDTH="835" HEIGHT="28">
							<String ID="string_216" HPOS="169" VPOS="851" WIDTH="78" HEIGHT="21" WC="0.96" CONTENT="svensk"/><SP WIDTH="15" VPOS="851" HPOS="247"/>
							<String ID="string_217" HPOS="262" VPOS="852" WIDTH="67" HEIGHT="25" WC="0.96" CONTENT="skola,"/><SP WIDTH="17" VPOS="852" HPOS="329"/>
							<String ID="string_218" HPOS="346" VPOS="852" WIDTH="66" HEIGHT="20" WC="0.96" CONTENT="under"/><SP WIDTH="13" VPOS="852" HPOS="412"/>
							<String ID="string_219" HPOS="425" VPOS="852" WIDTH="36" HEIGHT="20" WC="0.96" CONTENT="det"/><SP WIDTH="14" VPOS="852" HPOS="461"/>
							<String ID="string_220" HPOS="475" VPOS="852" WIDTH="41" HEIGHT="20" WC="0.93" CONTENT="den"/><SP WIDTH="16" VPOS="852" HPOS="516"/>
							<String ID="string_221" HPOS="532" VPOS="851" WIDTH="163" HEIGHT="27" WC="0.90" CONTENT="kringliggande"/><SP WIDTH="16" VPOS="851" HPOS="695"/>
							<String ID="string_222" HPOS="711" VPOS="851" WIDTH="88" HEIGHT="27" WC="0.91" CONTENT="nejdens"/><SP WIDTH="16" VPOS="851" HPOS="799"/>
							<String ID="string_223" HPOS="815" VPOS="850" WIDTH="123" HEIGHT="27" WC="0.91" CONTENT="befolkning"/><SP WIDTH="10" VPOS="850" HPOS="938"/>
							<String ID="string_224" HPOS="948" VPOS="850" WIDTH="56" HEIGHT="22" WC="0.96" CONTENT="talar"/>
						</TextLine>
						<TextLine ID="line_24" HPOS="169" VPOS="879" WIDTH="835" HEIGHT="28">
							<String ID="string_225" HPOS="169" VPOS="880" WIDTH="76" HEIGHT="21" WC="0.96" CONTENT="endast"/><SP WIDTH="15" VPOS="880" HPOS="245"/>
							<String ID="string_226" HPOS="260" VPOS="880" WIDTH="76" HEIGHT="21" WC="0.92" CONTENT="finska."/><SP WIDTH="31" VPOS="880" HPOS="336"/>
							<String ID="string_227" HPOS="367" VPOS="880" WIDTH="143" HEIGHT="21" WC="0.92" CONTENT="Hvilkendera"/><SP WIDTH="16" VPOS="880" HPOS="510"/>
							<String ID="string_228" HPOS="526" VPOS="880" WIDTH="135" HEIGHT="27" WC="0.91" CONTENT="synpunkten"/><SP WIDTH="14" VPOS="880" HPOS="661"/>
							<String ID="string_229" HPOS="675" VPOS="880" WIDTH="55" HEIGHT="21" WC="0.91" CONTENT="skali"/><SP WIDTH="17" VPOS="880" HPOS="730"/>
							<String ID="string_230" HPOS="747" VPOS="880" WIDTH="27" HEIGHT="21" WC="0.96" CONTENT="dä"/><SP WIDTH="15" VPOS="880" HPOS="774"/>
							<String ID="string_231" HPOS="789" VPOS="886" WIDTH="51" HEIGHT="15" WC="0.96" CONTENT="vara"/><SP WIDTH="16" VPOS="886" HPOS="840"/>
							<String ID="string_232" HPOS="856" VPOS="880" WIDTH="40" HEIGHT="20" WC="0.93" CONTENT="den"/><SP WIDTH="16" VPOS="880" HPOS="896"/>
							<String ID="string_233" HPOS="912" VPOS="879" WIDTH="92" HEIGHT="21" WC="0.90" CONTENT="bestäm-"/>
						</TextLine>
						<TextLine ID="line_25" HPOS="169" VPOS="907" WIDTH="835" HEIGHT="28">
							<String ID="string_234" HPOS="169" VPOS="908" WIDTH="93" HEIGHT="21" WC="0.88" CONTENT="mande?"/><SP WIDTH="31" VPOS="908" HPOS="262"/>
							<String ID="string_235" HPOS="293" VPOS="909" WIDTH="39" HEIGHT="20" WC="0.95" CONTENT="Om"/><SP WIDTH="13" VPOS="909" HPOS="332"/>
							<String ID="string_236" HPOS="345" VPOS="908" WIDTH="38" HEIGHT="27" WC="0.93" CONTENT="jag"/><SP WIDTH="15" VPOS="908" HPOS="383"/>
							<String ID="string_237" HPOS="398" VPOS="908" WIDTH="33" HEIGHT="21" WC="0.92" CONTENT="fär"/><SP WIDTH="14" VPOS="908" HPOS="431"/>
							<String ID="string_238" HPOS="445" VPOS="909" WIDTH="56" HEIGHT="20" WC="0.91" CONTENT="fästa"/><SP WIDTH="15" VPOS="909" HPOS="501"/>
							<String ID="string_239" HPOS="516" VPOS="908" WIDTH="100" HEIGHT="21" WC="0.92" CONTENT="afseende"/><SP WIDTH="15" VPOS="908" HPOS="616"/>
							<String ID="string_240" HPOS="631" VPOS="909" WIDTH="35" HEIGHT="20" WC="0.96" CONTENT="vid"/><SP WIDTH="16" VPOS="909" HPOS="666"/>
							<String ID="string_241" HPOS="682" VPOS="908" WIDTH="39" HEIGHT="21" WC="0.93" CONTENT="och"/><SP WIDTH="17" VPOS="908" HPOS="721"/>
							<String ID="string_242" HPOS="738" VPOS="907" WIDTH="131" HEIGHT="28" WC="0.93" CONTENT="tillbörligen"/><SP WIDTH="15" VPOS="907" HPOS="869"/>
							<String ID="string_243" HPOS="884" VPOS="910" WIDTH="46" HEIGHT="19" WC="0.93" CONTENT="mot"/><SP WIDTH="12" VPOS="910" HPOS="930"/>
							<String ID="string_244" HPOS="942" VPOS="907" WIDTH="62" HEIGHT="21" WC="0.91" CONTENT="hvar-"/>
						</TextLine>
						<TextLine ID="line_26" HPOS="171" VPOS="936" WIDTH="832" HEIGHT="28">
							<String ID="string_245" HPOS="171" VPOS="937" WIDTH="68" HEIGHT="21" WC="0.93" CONTENT="andra"/><SP WIDTH="22" VPOS="937" HPOS="239"/>
							<String ID="string_246" HPOS="261" VPOS="939" WIDTH="54" HEIGHT="25" WC="0.92" CONTENT="väga"/><SP WIDTH="25" VPOS="939" HPOS="315"/>
							<String ID="string_247" HPOS="340" VPOS="937" WIDTH="61" HEIGHT="21" WC="0.93" CONTENT="dessa"/><SP WIDTH="24" VPOS="937" HPOS="401"/>
							<String ID="string_248" HPOS="425" VPOS="937" WIDTH="36" HEIGHT="21" WC="0.92" CONTENT="tvä"/><SP WIDTH="14" VPOS="937" HPOS="461"/>
							<String ID="string_249" HPOS="475" VPOS="937" WIDTH="54" HEIGHT="24" WC="0.90" CONTENT="kraf,"/><SP WIDTH="16" VPOS="937" HPOS="529"/>
							<String ID="string_250" HPOS="545" VPOS="937" WIDTH="25" HEIGHT="21" WC="0.96" CONTENT="sä"/><SP WIDTH="19" VPOS="937" HPOS="570"/>
							<String ID="string_251" HPOS="589" VPOS="937" WIDTH="42" HEIGHT="20" WC="0.96" CONTENT="kan"/><SP WIDTH="14" VPOS="937" HPOS="631"/>
							<String ID="string_252" HPOS="645" VPOS="937" WIDTH="37" HEIGHT="27" WC="0.96" CONTENT="jag"/><SP WIDTH="15" VPOS="937" HPOS="682"/>
							<String ID="string_253" HPOS="697" VPOS="936" WIDTH="54" HEIGHT="21" WC="0.96" CONTENT="fatta"/><SP WIDTH="17" VPOS="936" HPOS="751"/>
							<String ID="string_254" HPOS="768" VPOS="939" WIDTH="31" HEIGHT="19" WC="0.96" CONTENT="ett"/><SP WIDTH="16" VPOS="939" HPOS="799"/>
							<String ID="string_255" HPOS="815" VPOS="936" WIDTH="79" HEIGHT="26" WC="0.96" CONTENT="beslut;"/><SP WIDTH="16" VPOS="936" HPOS="894"/>
							<String ID="string_256" HPOS="910" VPOS="936" WIDTH="36" HEIGHT="21" WC="0.96" CONTENT="det"/><SP WIDTH="16" VPOS="936" HPOS="946"/>
							<String ID="string_257" HPOS="962" VPOS="937" WIDTH="41" HEIGHT="20" WC="0.96" CONTENT="kan"/>
						</TextLine>
						<TextLine ID="line_27" HPOS="166" VPOS="964" WIDTH="837" HEIGHT="28">
							<String ID="string_258" HPOS="166" VPOS="965" WIDTH="38" HEIGHT="27" WC="0.92" CONTENT="jag"/><SP WIDTH="24" VPOS="965" HPOS="204"/>
							<String ID="string_259" HPOS="228" VPOS="966" WIDTH="97" HEIGHT="21" WC="0.87" CONTENT="deremot"/><SP WIDTH="22" VPOS="966" HPOS="325"/>
							<String ID="string_260" HPOS="347" VPOS="965" WIDTH="26" HEIGHT="27" WC="0.95" CONTENT="ej,"/><SP WIDTH="21" VPOS="965" HPOS="373"/>
							<String ID="string_261" HPOS="394" VPOS="965" WIDTH="73" HEIGHT="22" WC="0.96" CONTENT="såvida"/><SP WIDTH="22" VPOS="965" HPOS="467"/>
							<String ID="string_262" HPOS="489" VPOS="966" WIDTH="35" HEIGHT="21" WC="0.96" CONTENT="två"/><SP WIDTH="15" VPOS="966" HPOS="524"/>
							<String ID="string_263" HPOS="539" VPOS="965" WIDTH="122" HEIGHT="22" WC="0.96" CONTENT="hvarandra"/><SP WIDTH="20" VPOS="965" HPOS="661"/>
							<String ID="string_264" HPOS="681" VPOS="967" WIDTH="104" HEIGHT="20" WC="0.93" CONTENT="motsatta"/><SP WIDTH="16" VPOS="967" HPOS="785"/>
							<String ID="string_265" HPOS="801" VPOS="965" WIDTH="49" HEIGHT="21" WC="0.91" CONTENT="kraf"/><SP WIDTH="14" VPOS="965" HPOS="850"/>
							<String ID="string_266" HPOS="864" VPOS="964" WIDTH="139" HEIGHT="28" WC="0.92" CONTENT="ovilkorligen"/>
						</TextLine>
						<TextLine ID="line_28" HPOS="169" VPOS="993" WIDTH="835" HEIGHT="28">
							<String ID="string_267" HPOS="169" VPOS="994" WIDTH="56" HEIGHT="21" WC="0.96" CONTENT="båda"/><SP WIDTH="23" VPOS="994" HPOS="225"/>
							<String ID="string_268" HPOS="248" VPOS="994" WIDTH="61" HEIGHT="22" WC="0.96" CONTENT="skola"/><SP WIDTH="23" VPOS="994" HPOS="309"/>
							<String ID="string_269" HPOS="332" VPOS="994" WIDTH="67" HEIGHT="21" WC="0.96" CONTENT="blifva"/><SP WIDTH="20" VPOS="994" HPOS="399"/>
							<String ID="string_270" HPOS="419" VPOS="995" WIDTH="105" HEIGHT="26" WC="0.95" CONTENT="gällande."/><SP WIDTH="35" VPOS="995" HPOS="524"/>
							<String ID="string_271" HPOS="559" VPOS="994" WIDTH="34" HEIGHT="21" WC="0.96" CONTENT="Då"/><SP WIDTH="12" VPOS="994" HPOS="593"/>
							<String ID="string_272" HPOS="605" VPOS="994" WIDTH="38" HEIGHT="27" WC="0.96" CONTENT="jag"/><SP WIDTH="24" VPOS="994" HPOS="643"/>
							<String ID="string_273" HPOS="667" VPOS="994" WIDTH="90" HEIGHT="21" WC="0.96" CONTENT="sålunda"/><SP WIDTH="15" VPOS="994" HPOS="757"/>
							<String ID="string_274" HPOS="772" VPOS="994" WIDTH="65" HEIGHT="27" WC="0.96" CONTENT="yrkar"/><SP WIDTH="15" VPOS="994" HPOS="837"/>
							<String ID="string_275" HPOS="852" VPOS="995" WIDTH="32" HEIGHT="20" WC="0.93" CONTENT="att"/><SP WIDTH="15" VPOS="995" HPOS="884"/>
							<String ID="string_276" HPOS="899" VPOS="993" WIDTH="105" HEIGHT="26" WC="0.92" CONTENT="Borgare-"/>
						</TextLine>
						<TextLine ID="line_29" HPOS="168" VPOS="1022" WIDTH="838" HEIGHT="25">
							<String ID="string_277" HPOS="168" VPOS="1023" WIDTH="87" HEIGHT="21" WC="0.96" CONTENT="ståndet"/><SP WIDTH="22" VPOS="1023" HPOS="255"/>
							<String ID="string_278" HPOS="277" VPOS="1023" WIDTH="48" HEIGHT="21" WC="0.93" CONTENT="ville"/><SP WIDTH="24" VPOS="1023" HPOS="325"/>
							<String ID="string_279" HPOS="349" VPOS="1023" WIDTH="101" HEIGHT="21" WC="0.91" CONTENT="vidblifva"/><SP WIDTH="21" VPOS="1023" HPOS="450"/>
							<String ID="string_280" HPOS="471" VPOS="1023" WIDTH="38" HEIGHT="21" WC="0.96" CONTENT="sitt"/><SP WIDTH="15" VPOS="1023" HPOS="509"/>
							<String ID="string_281" HPOS="524" VPOS="1023" WIDTH="59" HEIGHT="21" WC="0.96" CONTENT="förra"/><SP WIDTH="22" VPOS="1023" HPOS="583"/>
							<String ID="string_282" HPOS="605" VPOS="1023" WIDTH="76" HEIGHT="24" WC="0.95" CONTENT="beslut,"/><SP WIDTH="16" VPOS="1023" HPOS="681"/>
							<String ID="string_283" HPOS="697" VPOS="1023" WIDTH="55" HEIGHT="21" WC="0.96" CONTENT="dock"/><SP WIDTH="16" VPOS="1023" HPOS="752"/>
							<String ID="string_284" HPOS="768" VPOS="1022" WIDTH="49" HEIGHT="21" WC="0.96" CONTENT="med"/><SP WIDTH="15" VPOS="1022" HPOS="817"/>
							<String ID="string_285" HPOS="832" VPOS="1022" WIDTH="135" HEIGHT="21" WC="0.96" CONTENT="uteslutande"/><SP WIDTH="15" VPOS="1022" HPOS="967"/>
							<String ID="string_286" HPOS="982" VPOS="1022" WIDTH="24" HEIGHT="21" WC="0.96" CONTENT="af"/>
						</TextLine>
						<TextLine ID="line_30" HPOS="169" VPOS="1050" WIDTH="834" HEIGHT="28">
							<String ID="string_287" HPOS="169" VPOS="1051" WIDTH="36" HEIGHT="22" WC="0.96" CONTENT="det"/><SP WIDTH="16" VPOS="1051" HPOS="205"/>
							<String ID="string_288" HPOS="221" VPOS="1051" WIDTH="90" HEIGHT="22" WC="0.93" CONTENT="anförda"/><SP WIDTH="15" VPOS="1051" HPOS="311"/>
							<String ID="string_289" HPOS="326" VPOS="1051" WIDTH="210" HEIGHT="27" WC="0.91" CONTENT="tilläggsmomentet,"/><SP WIDTH="16" VPOS="1051" HPOS="536"/>
							<String ID="string_290" HPOS="552" VPOS="1052" WIDTH="37" HEIGHT="21" WC="0.96" CONTENT="vill"/><SP WIDTH="13" VPOS="1052" HPOS="589"/>
							<String ID="string_291" HPOS="602" VPOS="1051" WIDTH="37" HEIGHT="27" WC="0.93" CONTENT="jag"/><SP WIDTH="16" VPOS="1051" HPOS="639"/>
							<String ID="string_292" HPOS="655" VPOS="1051" WIDTH="103" HEIGHT="27" WC="0.91" CONTENT="derjemte"/><SP WIDTH="16" VPOS="1051" HPOS="758"/>
							<String ID="string_293" HPOS="774" VPOS="1051" WIDTH="114" HEIGHT="21" WC="0.96" CONTENT="framhålla"/><SP WIDTH="29" VPOS="1051" HPOS="888"/>
							<String ID="string_294" HPOS="917" VPOS="1052" WIDTH="32" HEIGHT="19" WC="0.94" CONTENT="att"/><SP WIDTH="18" VPOS="1052" HPOS="949"/>
							<String ID="string_295" HPOS="967" VPOS="1050" WIDTH="36" HEIGHT="27" WC="0.96" CONTENT="jag"/>
						</TextLine>
						<TextLine ID="line_31" HPOS="167" VPOS="1079" WIDTH="837" HEIGHT="28">
							<String ID="string_296" HPOS="167" VPOS="1080" WIDTH="93" HEIGHT="21" WC="0.95" CONTENT="sålunda"/><SP WIDTH="15" VPOS="1080" HPOS="260"/>
							<String ID="string_297" HPOS="275" VPOS="1080" WIDTH="62" HEIGHT="21" WC="0.96" CONTENT="äfven"/><SP WIDTH="16" VPOS="1080" HPOS="337"/>
							<String ID="string_298" HPOS="353" VPOS="1080" WIDTH="46" HEIGHT="21" WC="0.96" CONTENT="helt"/><SP WIDTH="14" VPOS="1080" HPOS="399"/>
							<String ID="string_299" HPOS="413" VPOS="1081" WIDTH="39" HEIGHT="21" WC="0.95" CONTENT="och"/><SP WIDTH="15" VPOS="1081" HPOS="452"/>
							<String ID="string_300" HPOS="467" VPOS="1080" WIDTH="68" HEIGHT="21" WC="0.93" CONTENT="hållet"/><SP WIDTH="16" VPOS="1080" HPOS="535"/>
							<String ID="string_301" HPOS="551" VPOS="1080" WIDTH="144" HEIGHT="27" WC="0.92" CONTENT="tillmötesgår"/><SP WIDTH="7" VPOS="1080" HPOS="695"/>
							<String ID="string_302" HPOS="702" VPOS="1080" WIDTH="115" HEIGHT="21" WC="0.93" CONTENT="Allmänna"/><SP WIDTH="10" VPOS="1080" HPOS="817"/>
							<String ID="string_303" HPOS="827" VPOS="1079" WIDTH="177" HEIGHT="22" WC="0.92" CONTENT="Besvärsutskot-"/>
						</TextLine>
						<TextLine ID="line_32" HPOS="168" VPOS="1107" WIDTH="835" HEIGHT="29">
							<String ID="string_304" HPOS="168" VPOS="1110" WIDTH="43" HEIGHT="20" WC="0.90" CONTENT="tets"/><SP WIDTH="22" VPOS="1110" HPOS="211"/>
							<String ID="string_305" HPOS="233" VPOS="1109" WIDTH="102" HEIGHT="27" WC="0.95" CONTENT="begäran,"/><SP WIDTH="24" VPOS="1109" HPOS="335"/>
							<String ID="string_306" HPOS="359" VPOS="1109" WIDTH="68" HEIGHT="21" WC="0.96" CONTENT="ehuru"/><SP WIDTH="24" VPOS="1109" HPOS="427"/>
							<String ID="string_307" HPOS="451" VPOS="1109" WIDTH="67" HEIGHT="21" WC="0.96" CONTENT="denna"/><SP WIDTH="23" VPOS="1109" HPOS="518"/>
							<String ID="string_308" HPOS="541" VPOS="1109" WIDTH="95" HEIGHT="26" WC="0.96" CONTENT="begäran"/><SP WIDTH="19" VPOS="1109" HPOS="636"/>
							<String ID="string_309" HPOS="655" VPOS="1109" WIDTH="39" HEIGHT="21" WC="0.95" CONTENT="alls"/><SP WIDTH="16" VPOS="1109" HPOS="694"/>
							<String ID="string_310" HPOS="710" VPOS="1108" WIDTH="48" HEIGHT="21" WC="0.95" CONTENT="icke"/><SP WIDTH="15" VPOS="1108" HPOS="758"/>
							<String ID="string_311" HPOS="773" VPOS="1110" WIDTH="103" HEIGHT="19" WC="0.96" CONTENT="stämmer"/><SP WIDTH="16" VPOS="1110" HPOS="876"/>
							<String ID="string_312" HPOS="892" VPOS="1107" WIDTH="58" HEIGHT="22" WC="0.96" CONTENT="öfver"/><SP WIDTH="15" VPOS="1107" HPOS="950"/>
							<String ID="string_313" HPOS="965" VPOS="1113" WIDTH="38" HEIGHT="16" WC="0.95" CONTENT="ens"/>
						</TextLine>
						<TextLine ID="line_33" HPOS="169" VPOS="1136" WIDTH="834" HEIGHT="29">
							<String ID="string_314" HPOS="169" VPOS="1137" WIDTH="47" HEIGHT="21" WC="0.96" CONTENT="med"/><SP WIDTH="17" VPOS="1137" HPOS="216"/>
							<String ID="string_315" HPOS="233" VPOS="1138" WIDTH="42" HEIGHT="21" WC="0.96" CONTENT="den"/><SP WIDTH="17" VPOS="1138" HPOS="275"/>
							<String ID="string_316" HPOS="292" VPOS="1137" WIDTH="139" HEIGHT="28" WC="0.96" CONTENT="formulering"/><SP WIDTH="15" VPOS="1137" HPOS="431"/>
							<String ID="string_317" HPOS="446" VPOS="1137" WIDTH="112" HEIGHT="22" WC="0.93" CONTENT="Utskottet"/><SP WIDTH="15" VPOS="1137" HPOS="558"/>
							<String ID="string_318" HPOS="573" VPOS="1137" WIDTH="62" HEIGHT="27" WC="0.92" CONTENT="gifvit"/><SP WIDTH="15" VPOS="1137" HPOS="635"/>
							<String ID="string_319" HPOS="650" VPOS="1139" WIDTH="23" HEIGHT="20" WC="0.96" CONTENT="åt"/><SP WIDTH="16" VPOS="1139" HPOS="673"/>
							<String ID="string_320" HPOS="689" VPOS="1137" WIDTH="59" HEIGHT="21" WC="0.96" CONTENT="detta"/><SP WIDTH="11" VPOS="1137" HPOS="748"/>
							<String ID="string_321" HPOS="759" VPOS="1139" WIDTH="101" HEIGHT="19" WC="0.95" CONTENT="moment."/><SP WIDTH="28" VPOS="1139" HPOS="860"/>
							<String ID="string_322" HPOS="888" VPOS="1136" WIDTH="115" HEIGHT="21" WC="0.95" CONTENT="Allmänna"/>
						</TextLine>
						<TextLine ID="line_34" HPOS="168" VPOS="1165" WIDTH="834" HEIGHT="28">
							<String ID="string_323" HPOS="168" VPOS="1165" WIDTH="200" HEIGHT="23" WC="0.91" CONTENT="Besvärsutskottet"/><SP WIDTH="24" VPOS="1165" HPOS="368"/>
							<String ID="string_324" HPOS="392" VPOS="1167" WIDTH="65" HEIGHT="25" WC="0.93" CONTENT="begär"/><SP WIDTH="15" VPOS="1167" HPOS="457"/>
							<String ID="string_325" HPOS="472" VPOS="1166" WIDTH="107" HEIGHT="27" WC="0.91" CONTENT="nemligen"/><SP WIDTH="16" VPOS="1166" HPOS="579"/>
							<String ID="string_326" HPOS="595" VPOS="1166" WIDTH="76" HEIGHT="21" WC="0.96" CONTENT="endast"/><SP WIDTH="18" VPOS="1166" HPOS="671"/>
							<String ID="string_327" HPOS="689" VPOS="1168" WIDTH="33" HEIGHT="19" WC="0.93" CONTENT="att"/><SP WIDTH="15" VPOS="1168" HPOS="722"/>
							<String ID="string_328" HPOS="737" VPOS="1165" WIDTH="183" HEIGHT="27" WC="0.92" CONTENT="Borgareståndet"/><SP WIDTH="16" VPOS="1165" HPOS="920"/>
							<String ID="string_329" HPOS="936" VPOS="1165" WIDTH="66" HEIGHT="20" WC="0.96" CONTENT="måtte"/>
						</TextLine>
						<TextLine ID="line_35" HPOS="167" VPOS="1192" WIDTH="835" HEIGHT="29">
							<String ID="string_330" HPOS="167" VPOS="1194" WIDTH="76" HEIGHT="27" WC="0.96" CONTENT="frångå"/><SP WIDTH="17" VPOS="1194" HPOS="243"/>
							<String ID="string_331" HPOS="260" VPOS="1196" WIDTH="38" HEIGHT="20" WC="0.96" CONTENT="sitt"/><SP WIDTH="15" VPOS="1196" HPOS="298"/>
							<String ID="string_332" HPOS="313" VPOS="1194" WIDTH="71" HEIGHT="22" WC="0.96" CONTENT="beslut"/><SP WIDTH="15" VPOS="1194" HPOS="384"/>
							<String ID="string_333" HPOS="399" VPOS="1195" WIDTH="7" HEIGHT="21" WC="0.96" CONTENT="i"/><SP WIDTH="15" VPOS="1195" HPOS="406"/>
							<String ID="string_334" HPOS="421" VPOS="1194" WIDTH="73" HEIGHT="27" WC="0.96" CONTENT="frågan"/><SP WIDTH="16" VPOS="1194" HPOS="494"/>
							<String ID="string_335" HPOS="510" VPOS="1201" WIDTH="34" HEIGHT="15" WC="0.96" CONTENT="om"/><SP WIDTH="16" VPOS="1201" HPOS="544"/>
							<String ID="string_336" HPOS="560" VPOS="1194" WIDTH="125" HEIGHT="26" WC="0.96" CONTENT="förändring"/><SP WIDTH="16" VPOS="1194" HPOS="685"/>
							<String ID="string_337" HPOS="701" VPOS="1194" WIDTH="23" HEIGHT="22" WC="0.93" CONTENT="af"/><SP WIDTH="18" VPOS="1194" HPOS="724"/>
							<String ID="string_338" HPOS="742" VPOS="1192" WIDTH="260" HEIGHT="28" WC="0.91" CONTENT="undervisningsspråket,"/>
						</TextLine>
						<TextLine ID="line_36" HPOS="168" VPOS="1222" WIDTH="834" HEIGHT="28">
							<String ID="string_339" HPOS="168" VPOS="1224" WIDTH="33" HEIGHT="20" WC="0.96" CONTENT="att"/><SP WIDTH="15" VPOS="1224" HPOS="201"/>
							<String ID="string_340" HPOS="216" VPOS="1223" WIDTH="22" HEIGHT="22" WC="0.96" CONTENT="få"/><SP WIDTH="16" VPOS="1223" HPOS="238"/>
							<String ID="string_341" HPOS="254" VPOS="1224" WIDTH="95" HEIGHT="21" WC="0.96" CONTENT="utesluta"/><SP WIDTH="20" VPOS="1224" HPOS="349"/>
							<String ID="string_342" HPOS="369" VPOS="1224" WIDTH="66" HEIGHT="26" WC="0.96" CONTENT="några"/><SP WIDTH="22" VPOS="1224" HPOS="435"/>
							<String ID="string_343" HPOS="457" VPOS="1223" WIDTH="24" HEIGHT="21" WC="0.91" CONTENT="af"/><SP WIDTH="12" VPOS="1223" HPOS="481"/>
							<String ID="string_344" HPOS="493" VPOS="1223" WIDTH="163" HEIGHT="22" WC="0.90" CONTENT="Bondeståndet"/><SP WIDTH="19" VPOS="1223" HPOS="656"/>
							<String ID="string_345" HPOS="675" VPOS="1223" WIDTH="2" HEIGHT="21" WC="0.96" CONTENT="i"/><SP WIDTH="17" VPOS="1223" HPOS="677"/>
							<String ID="string_346" HPOS="694" VPOS="1225" WIDTH="119" HEIGHT="19" WC="0.93" CONTENT="momentet"/><SP WIDTH="15" VPOS="1225" HPOS="813"/>
							<String ID="string_347" HPOS="828" VPOS="1222" WIDTH="116" HEIGHT="21" WC="0.92" CONTENT="inflickade"/><SP WIDTH="13" VPOS="1222" HPOS="944"/>
							<String ID="string_348" HPOS="957" VPOS="1222" WIDTH="45" HEIGHT="27" WC="0.96" CONTENT="ord,"/>
						</TextLine>
						<TextLine ID="line_37" HPOS="168" VPOS="1250" WIDTH="834" HEIGHT="29">
							<String ID="string_349" HPOS="168" VPOS="1254" WIDTH="56" HEIGHT="19" WC="0.96" CONTENT="samt"/><SP WIDTH="16" VPOS="1254" HPOS="224"/>
							<String ID="string_350" HPOS="240" VPOS="1255" WIDTH="33" HEIGHT="19" WC="0.96" CONTENT="att"/><SP WIDTH="16" VPOS="1255" HPOS="273"/>
							<String ID="string_351" HPOS="289" VPOS="1252" WIDTH="22" HEIGHT="21" WC="0.96" CONTENT="få"/><SP WIDTH="15" VPOS="1252" HPOS="311"/>
							<String ID="string_352" HPOS="326" VPOS="1252" WIDTH="75" HEIGHT="27" WC="0.96" CONTENT="utbyta"/><SP WIDTH="15" VPOS="1252" HPOS="401"/>
							<String ID="string_353" HPOS="416" VPOS="1252" WIDTH="66" HEIGHT="21" WC="0.93" CONTENT="orden"/><SP WIDTH="16" VPOS="1252" HPOS="482"/>
							<String ID="string_354" HPOS="498" VPOS="1268" WIDTH="9" HEIGHT="9" WC="0.93" CONTENT=","/><SP WIDTH="5" VPOS="1268" HPOS="507"/>
							<String ID="string_355" HPOS="512" VPOS="1252" WIDTH="52" HEIGHT="21" WC="0.96" CONTENT="bära"/><SP WIDTH="15" VPOS="1252" HPOS="564"/>
							<String ID="string_356" HPOS="579" VPOS="1252" WIDTH="45" HEIGHT="27" WC="0.88" CONTENT="sig?"/><SP WIDTH="16" VPOS="1252" HPOS="624"/>
							<String ID="string_357" HPOS="640" VPOS="1253" WIDTH="45" HEIGHT="20" WC="0.93" CONTENT="mot"/><SP WIDTH="15" VPOS="1253" HPOS="685"/>
							<String ID="string_358" HPOS="700" VPOS="1252" WIDTH="57" HEIGHT="27" WC="0.92" CONTENT=",visa"/><SP WIDTH="15" VPOS="1252" HPOS="757"/>
							<String ID="string_359" HPOS="772" VPOS="1251" WIDTH="32" HEIGHT="27" WC="0.96" CONTENT="sig"/><SP WIDTH="8" VPOS="1251" HPOS="804"/>
							<String ID="string_360" HPOS="812" VPOS="1257" WIDTH="52" HEIGHT="16" WC="0.96" CONTENT="vara"/><SP WIDTH="11" VPOS="1257" HPOS="864"/>
							<String ID="string_361" HPOS="875" VPOS="1251" WIDTH="24" HEIGHT="21" WC="0.96" CONTENT="af"/><SP WIDTH="11" VPOS="1251" HPOS="899"/>
							<String ID="string_362" HPOS="910" VPOS="1250" WIDTH="92" HEIGHT="27" WC="0.67" CONTENT="nöden&quot;,"/>
						</TextLine>
						<TextLine ID="line_38" HPOS="167" VPOS="1279" WIDTH="834" HEIGHT="28">
							<String ID="string_363" HPOS="167" VPOS="1280" WIDTH="8" HEIGHT="21" WC="0.95" CONTENT="i"/><SP WIDTH="22" VPOS="1280" HPOS="175"/>
							<String ID="string_364" HPOS="197" VPOS="1281" WIDTH="96" HEIGHT="26" WC="0.96" CONTENT="enlighet"/><SP WIDTH="22" VPOS="1281" HPOS="293"/>
							<String ID="string_365" HPOS="315" VPOS="1281" WIDTH="48" HEIGHT="21" WC="0.93" CONTENT="med"/><SP WIDTH="26" VPOS="1281" HPOS="363"/>
							<String ID="string_366" HPOS="389" VPOS="1281" WIDTH="190" HEIGHT="26" WC="0.92" CONTENT="Borgareståndets"/><SP WIDTH="23" VPOS="1281" HPOS="579"/>
							<String ID="string_367" HPOS="602" VPOS="1281" WIDTH="87" HEIGHT="26" WC="0.96" CONTENT="förslag."/><SP WIDTH="31" VPOS="1281" HPOS="689"/>
							<String ID="string_368" HPOS="720" VPOS="1281" WIDTH="77" HEIGHT="25" WC="0.96" CONTENT="Någon"/><SP WIDTH="24" VPOS="1281" HPOS="797"/>
							<String ID="string_369" HPOS="821" VPOS="1286" WIDTH="70" HEIGHT="15" WC="0.96" CONTENT="annan"/><SP WIDTH="16" VPOS="1286" HPOS="891"/>
							<String ID="string_370" HPOS="907" VPOS="1279" WIDTH="94" HEIGHT="26" WC="0.96" CONTENT="begäran"/>
						</TextLine>
						<TextLine ID="line_39" HPOS="168" VPOS="1307" WIDTH="834" HEIGHT="29">
							<String ID="string_371" HPOS="168" VPOS="1308" WIDTH="40" HEIGHT="22" WC="0.96" CONTENT="har"/><SP WIDTH="23" VPOS="1308" HPOS="208"/>
							<String ID="string_372" HPOS="231" VPOS="1310" WIDTH="116" HEIGHT="21" WC="0.93" CONTENT="Allmänna"/><SP WIDTH="15" VPOS="1310" HPOS="347"/>
							<String ID="string_373" HPOS="362" VPOS="1309" WIDTH="197" HEIGHT="22" WC="0.91" CONTENT="Besvärsutskottet"/><SP WIDTH="22" VPOS="1309" HPOS="559"/>
							<String ID="string_374" HPOS="581" VPOS="1309" WIDTH="19" HEIGHT="27" WC="0.96" CONTENT="ej"/><SP WIDTH="24" VPOS="1309" HPOS="600"/>
							<String ID="string_375" HPOS="624" VPOS="1309" WIDTH="57" HEIGHT="27" WC="0.96" CONTENT="gjort"/><SP WIDTH="22" VPOS="1309" HPOS="681"/>
							<String ID="string_376" HPOS="703" VPOS="1309" WIDTH="40" HEIGHT="21" WC="0.96" CONTENT="och"/><SP WIDTH="21" VPOS="1309" HPOS="743"/>
							<String ID="string_377" HPOS="764" VPOS="1308" WIDTH="55" HEIGHT="22" WC="0.96" CONTENT="dock"/><SP WIDTH="17" VPOS="1308" HPOS="819"/>
							<String ID="string_378" HPOS="836" VPOS="1309" WIDTH="39" HEIGHT="21" WC="0.96" CONTENT="har"/><SP WIDTH="15" VPOS="1309" HPOS="875"/>
							<String ID="string_379" HPOS="890" VPOS="1307" WIDTH="112" HEIGHT="22" WC="0.96" CONTENT="Utskottet"/>
						</TextLine>
						<TextLine ID="line_40" HPOS="166" VPOS="1337" WIDTH="613" HEIGHT="28">
							<String ID="string_380" HPOS="166" VPOS="1337" WIDTH="61" HEIGHT="27" WC="0.91" CONTENT="gifvit"/><SP WIDTH="16" VPOS="1337" HPOS="227"/>
							<String ID="string_381" HPOS="243" VPOS="1338" WIDTH="23" HEIGHT="21" WC="0.96" CONTENT="åt"/><SP WIDTH="15" VPOS="1338" HPOS="266"/>
							<String ID="string_382" HPOS="281" VPOS="1340" WIDTH="116" HEIGHT="20" WC="0.96" CONTENT="momentet"/><SP WIDTH="15" VPOS="1340" HPOS="397"/>
							<String ID="string_383" HPOS="412" VPOS="1344" WIDTH="25" HEIGHT="15" WC="0.96" CONTENT="en"/><SP WIDTH="14" VPOS="1344" HPOS="437"/>
							<String ID="string_384" HPOS="451" VPOS="1338" WIDTH="20" HEIGHT="21" WC="0.96" CONTENT="af"/><SP WIDTH="14" VPOS="1338" HPOS="471"/>
							<String ID="string_385" HPOS="485" VPOS="1338" WIDTH="54" HEIGHT="21" WC="0.96" CONTENT="intet"/><SP WIDTH="15" VPOS="1338" HPOS="539"/>
							<String ID="string_386" HPOS="554" VPOS="1338" WIDTH="118" HEIGHT="21" WC="0.96" CONTENT="motiverad"/><SP WIDTH="21" VPOS="1338" HPOS="672"/>
							<String ID="string_387" HPOS="693" VPOS="1338" WIDTH="86" HEIGHT="27" WC="0.96" CONTENT="lydelse."/>
						</TextLine>
					</TextBlock>
				</ComposedBlock>
				<ComposedBlock ID="cblock_4" HPOS="166" VPOS="1393" WIDTH="836" HEIGHT="143">
					<TextBlock ID="block_3" HPOS="166" VPOS="1393" WIDTH="836" HEIGHT="143">
						<TextLine ID="line_41" HPOS="238" VPOS="1393" WIDTH="764" HEIGHT="30">
							<String ID="string_388" HPOS="238" VPOS="1395" WIDTH="57" HEIGHT="22" WC="0.96" CONTENT="Herr"/><SP WIDTH="16" VPOS="1395" HPOS="295"/>
							<String ID="string_389" HPOS="311" VPOS="1395" WIDTH="167" HEIGHT="28" WC="0.95" CONTENT="Chydenius:"/><SP WIDTH="30" VPOS="1395" HPOS="478"/>
							<String ID="string_390" HPOS="508" VPOS="1395" WIDTH="41" HEIGHT="21" WC="0.95" CONTENT="Till"/><SP WIDTH="26" VPOS="1395" HPOS="549"/>
							<String ID="string_391" HPOS="575" VPOS="1401" WIDTH="25" HEIGHT="16" WC="0.95" CONTENT="en"/><SP WIDTH="25" VPOS="1401" HPOS="600"/>
							<String ID="string_392" HPOS="625" VPOS="1395" WIDTH="76" HEIGHT="26" WC="0.95" CONTENT="början"/><SP WIDTH="23" VPOS="1395" HPOS="701"/>
							<String ID="string_393" HPOS="724" VPOS="1394" WIDTH="39" HEIGHT="22" WC="0.96" CONTENT="ber"/><SP WIDTH="12" VPOS="1394" HPOS="763"/>
							<String ID="string_394" HPOS="775" VPOS="1394" WIDTH="38" HEIGHT="27" WC="0.96" CONTENT="jag"/><SP WIDTH="14" VPOS="1394" HPOS="813"/>
							<String ID="string_395" HPOS="827" VPOS="1396" WIDTH="33" HEIGHT="19" WC="0.96" CONTENT="att"/><SP WIDTH="16" VPOS="1396" HPOS="860"/>
							<String ID="string_396" HPOS="876" VPOS="1393" WIDTH="21" HEIGHT="22" WC="0.96" CONTENT="få"/><SP WIDTH="15" VPOS="1393" HPOS="897"/>
							<String ID="string_397" HPOS="912" VPOS="1394" WIDTH="90" HEIGHT="27" WC="0.95" CONTENT="upplysa"/>
						</TextLine>
						<TextLine ID="line_42" HPOS="171" VPOS="1422" WIDTH="830" HEIGHT="29">
							<String ID="string_398" HPOS="171" VPOS="1425" WIDTH="33" HEIGHT="20" WC="0.96" CONTENT="att"/><SP WIDTH="13" VPOS="1425" HPOS="204"/>
							<String ID="string_399" HPOS="217" VPOS="1423" WIDTH="44" HEIGHT="28" WC="0.96" CONTENT="jag,"/><SP WIDTH="16" VPOS="1423" HPOS="261"/>
							<String ID="string_400" HPOS="277" VPOS="1424" WIDTH="68" HEIGHT="21" WC="0.96" CONTENT="ehuru"/><SP WIDTH="16" VPOS="1424" HPOS="345"/>
							<String ID="string_401" HPOS="361" VPOS="1424" WIDTH="92" HEIGHT="21" WC="0.96" CONTENT="ledamot"/><SP WIDTH="14" VPOS="1424" HPOS="453"/>
							<String ID="string_402" HPOS="467" VPOS="1423" WIDTH="23" HEIGHT="22" WC="0.96" CONTENT="af"/><SP WIDTH="14" VPOS="1423" HPOS="490"/>
							<String ID="string_403" HPOS="504" VPOS="1423" WIDTH="115" HEIGHT="22" WC="0.93" CONTENT="Allmänna"/><SP WIDTH="7" VPOS="1423" HPOS="619"/>
							<String ID="string_404" HPOS="626" VPOS="1423" WIDTH="207" HEIGHT="26" WC="0.91" CONTENT="Besvärsutskottet,"/><SP WIDTH="20" VPOS="1423" HPOS="833"/>
							<String ID="string_405" HPOS="853" VPOS="1429" WIDTH="37" HEIGHT="14" WC="0.93" CONTENT="var"/><SP WIDTH="15" VPOS="1429" HPOS="890"/>
							<String ID="string_406" HPOS="905" VPOS="1422" WIDTH="96" HEIGHT="21" WC="0.91" CONTENT="förhind-"/>
						</TextLine>
						<TextLine ID="line_43" HPOS="169" VPOS="1450" WIDTH="831" HEIGHT="29">
							<String ID="string_407" HPOS="169" VPOS="1453" WIDTH="38" HEIGHT="20" WC="0.96" CONTENT="rad"/><SP WIDTH="24" VPOS="1453" HPOS="207"/>
							<String ID="string_408" HPOS="231" VPOS="1454" WIDTH="34" HEIGHT="20" WC="0.96" CONTENT="att"/><SP WIDTH="22" VPOS="1454" HPOS="265"/>
							<String ID="string_409" HPOS="287" VPOS="1452" WIDTH="107" HEIGHT="27" WC="0.96" CONTENT="deltaga"/><SP WIDTH="-6" VPOS="1452" HPOS="394"/>
							<String ID="string_410" HPOS="388" VPOS="1446" WIDTH="15" HEIGHT="38" WC="0.93" CONTENT="i"/><SP WIDTH="14" VPOS="1446" HPOS="403"/>
							<String ID="string_411" HPOS="417" VPOS="1452" WIDTH="148" HEIGHT="27" WC="0.92" CONTENT="uppgörandet"/><SP WIDTH="19" VPOS="1452" HPOS="565"/>
							<String ID="string_412" HPOS="584" VPOS="1452" WIDTH="23" HEIGHT="21" WC="0.96" CONTENT="af"/><SP WIDTH="14" VPOS="1452" HPOS="607"/>
							<String ID="string_413" HPOS="621" VPOS="1453" WIDTH="59" HEIGHT="21" WC="0.93" CONTENT="detta"/><SP WIDTH="15" VPOS="1453" HPOS="680"/>
							<String ID="string_414" HPOS="695" VPOS="1450" WIDTH="305" HEIGHT="29" WC="0.88" CONTENT="sammanjemkningsförslag."/>
						</TextLine>
						<TextLine ID="line_44" HPOS="166" VPOS="1480" WIDTH="836" HEIGHT="28">
							<String ID="string_415" HPOS="166" VPOS="1481" WIDTH="65" HEIGHT="21" WC="0.95" CONTENT="Hvad"/><SP WIDTH="23" VPOS="1481" HPOS="231"/>
							<String ID="string_416" HPOS="254" VPOS="1487" WIDTH="29" HEIGHT="15" WC="0.91" CONTENT="nu"/><SP WIDTH="14" VPOS="1487" HPOS="283"/>
							<String ID="string_417" HPOS="297" VPOS="1481" WIDTH="75" HEIGHT="27" WC="0.93" CONTENT="sjelfva"/><SP WIDTH="16" VPOS="1481" HPOS="372"/>
							<String ID="string_418" HPOS="388" VPOS="1481" WIDTH="67" HEIGHT="21" WC="0.96" CONTENT="denna"/><SP WIDTH="18" VPOS="1481" HPOS="455"/>
							<String ID="string_419" HPOS="473" VPOS="1481" WIDTH="59" HEIGHT="26" WC="0.96" CONTENT="fråga"/><SP WIDTH="15" VPOS="1481" HPOS="532"/>
							<String ID="string_420" HPOS="547" VPOS="1481" WIDTH="110" HEIGHT="24" WC="0.96" CONTENT="beträffar,"/><SP WIDTH="16" VPOS="1481" HPOS="657"/>
							<String ID="string_421" HPOS="673" VPOS="1481" WIDTH="23" HEIGHT="21" WC="0.96" CONTENT="sä"/><SP WIDTH="11" VPOS="1481" HPOS="696"/>
							<String ID="string_422" HPOS="707" VPOS="1481" WIDTH="40" HEIGHT="21" WC="0.95" CONTENT="har"/><SP WIDTH="15" VPOS="1481" HPOS="747"/>
							<String ID="string_423" HPOS="762" VPOS="1480" WIDTH="74" HEIGHT="26" WC="0.96" CONTENT="hvarje"/><SP WIDTH="16" VPOS="1480" HPOS="836"/>
							<String ID="string_424" HPOS="852" VPOS="1480" WIDTH="74" HEIGHT="23" WC="0.96" CONTENT="Stånd,"/><SP WIDTH="16" VPOS="1480" HPOS="926"/>
							<String ID="string_425" HPOS="942" VPOS="1480" WIDTH="7" HEIGHT="20" WC="0.93" CONTENT="i"/><SP WIDTH="16" VPOS="1480" HPOS="949"/>
							<String ID="string_426" HPOS="965" VPOS="1485" WIDTH="37" HEIGHT="15" WC="0.93" CONTENT="an-"/>
						</TextLine>
						<TextLine ID="line_45" HPOS="166" VPOS="1507" WIDTH="835" HEIGHT="29">
							<String ID="string_427" HPOS="166" VPOS="1509" WIDTH="87" HEIGHT="27" WC="0.96" CONTENT="ledning"/><SP WIDTH="23" VPOS="1509" HPOS="253"/>
							<String ID="string_428" HPOS="276" VPOS="1510" WIDTH="23" HEIGHT="20" WC="0.96" CONTENT="af"/><SP WIDTH="24" VPOS="1510" HPOS="299"/>
							<String ID="string_429" HPOS="323" VPOS="1510" WIDTH="26" HEIGHT="21" WC="0.96" CONTENT="de"/><SP WIDTH="16" VPOS="1510" HPOS="349"/>
							<String ID="string_430" HPOS="365" VPOS="1509" WIDTH="77" HEIGHT="27" WC="0.92" CONTENT="många"/><SP WIDTH="17" VPOS="1509" HPOS="442"/>
							<String ID="string_431" HPOS="459" VPOS="1509" WIDTH="123" HEIGHT="27" WC="0.91" CONTENT="petitioner,"/><SP WIDTH="16" VPOS="1509" HPOS="582"/>
							<String ID="string_432" HPOS="598" VPOS="1515" WIDTH="45" HEIGHT="15" WC="0.93" CONTENT="som"/><SP WIDTH="16" VPOS="1515" HPOS="643"/>
							<String ID="string_433" HPOS="659" VPOS="1509" WIDTH="108" HEIGHT="21" WC="0.92" CONTENT="föranledt"/><SP WIDTH="16" VPOS="1509" HPOS="767"/>
							<String ID="string_434" HPOS="783" VPOS="1509" WIDTH="60" HEIGHT="21" WC="0.94" CONTENT="detta"/><SP WIDTH="15" VPOS="1509" HPOS="843"/>
							<String ID="string_435" HPOS="858" VPOS="1507" WIDTH="143" HEIGHT="25" WC="0.96" CONTENT="betänkande,"/>
						</TextLine>
					</TextBlock>
				</ComposedBlock>
			</PrintSpace>
		</Page>
	</Layout>
</alto>
