1109 1786
86 187 55 21 skall
166 186 131 21 undersökas
320 187 23 20 så
365 186 68 21 skulle
451 187 38 26 jag
509 186 120 21 förbehålla
643 186 44 27 mig
702 186 50 21 att
743 181 12 37 i
767 186 69 21 sinom
851 185 32 22 tid
898 185 22 22 få

87 215 77 22 föreslå
180 221 27 15 en
222 215 113 26 tillökning
349 215 7 20 i
372 215 36 20 det
420 215 249 26 undersökningsanslag
691 221 46 14 som
752 215 113 21 Utskottet
880 214 41 21 har

86 243 115 27 föreslagit.
233 243 69 22 Sedan
321 243 63 27 följer
399 243 6 21 i
421 243 119 26 ordningen
560 244 56 21 hvad
637 249 45 15 som
699 243 39 21 bör
753 245 96 20 närmast
864 243 56 21 före:

87 275 61 24 tagas
171 272 34 21 till
226 272 117 27 byggande.
373 272 80 21 Dervid
475 272 69 21 skulle
560 272 73 21 säkert
649 274 116 19 momentet
780 271 41 22 N:o
836 273 14 19 2
865 271 55 22 först

87 300 53 22 böra
154 300 87 21 komma
256 300 7 21 i
279 300 65 26 fråga,
361 306 47 15 men
424 300 61 22 detta
496 300 73 22 består
585 300 22 21 af
620 300 106 21 särskilda
737 300 58 21 delar
805 300 24 21 sä
840 302 33 20 att
883 300 46 21 det"

87 329 70 21 blefve
179 335 25 15 en
226 328 125 27 omöjlighet
371 331 32 19 att
426 330 60 20 rösta
504 329 34 21 för
554 329 94 21 hvarken
663 329 134 27 antagandet
810 328 52 22 eller
877 328 42 22 för-

87 358 115 21 kastandet
218 358 21 20 af
254 358 59 20 detta
329 359 94 19 moment
437 358 7 20 i
461 358 49 21 dess
526 358 78 21 helhet.
634 357 43 21 Det
692 358 72 21 består
779 358 105 26 nemligen
898 357 23 21 af

86 389 78 19 tvenne
179 386 70 21 skilda
262 386 65 26 delar,
343 386 23 21 af
381 386 72 21 hvilka
468 386 68 22 första
551 386 83 22 hälften
650 386 68 21 borde
733 386 67 26 enligt
810 386 43 21 min
864 386 56 26 åsigt

87 415 125 27 godkännas
235 415 40 21 och
299 415 39 21 den
362 415 67 21 andra
451 415 48 21 åter
523 415 114 21 förkastas.
668 415 43 21 Det
726 415 61 21 heter
801 414 121 28 nemligen:

88 443 68 26 ifrån
178 443 144 22 Tammerfors
338 443 6 21 i
359 444 84 26 nordlig
466 444 97 27 riktning
585 446 93 19 österom
694 443 53 21 eller
761 443 108 22 eventuelt
885 450 34 14 ve-

87 474 78 20 sterom
187 472 107 26 Näsijärvi
315 472 32 26 sjö
363 472 32 21 till
411 473 71 24 någon
498 473 89 27 lämplig
601 473 68 26 punkt
681 472 6 21 i
697 472 72 21 Etseri
785 472 71 27 kapell
867 472 53 21 eller

88 501 70 22 dertill
179 500 148 28 angränsande
349 501 101 21 trakter”.
482 502 65 20 Detta
569 502 42 20 kan
634 508 66 20 gerna
721 501 131 27 godkännas,
871 507 49 15 men

88 530 36 21 det
138 529 93 27 följande
254 546 4 8 ,
259 529 67 25 öfver
344 529 130 21 Kärsämäki
489 530 80 21 socken
592 530 53 21 eller
665 530 102 20 närheten
790 530 61 20 deraf
864 531 56 19 samt

86 558 68 22 Niska
177 558 44 23 fors
243 558 52 22 eller
317 558 136 22 alternativet
475 558 59 27 Pyhä
557 558 44 22 fors
617 558 6 21 i
639 558 55 22 Uleä
709 557 29 23 elf
752 558 33 21 till
800 558 121 27 Uleåborgs

88 589 69 24 stad",
174 588 37 20 det
225 588 43 20 kan
281 587 37 26 jag
333 587 47 21 icke
395 587 121 27 godkänna.

157 645 56 21 Herr
228 644 117 22 Kurtén:
376 644 41 26 Jag
431 644 41 22 har
487 644 77 27 begärt
580 644 61 22 ordet
656 644 34 21 för
701 646 32 19 att
743 644 56 26 gifva
809 643 112 26 tillkänna,

88 673 69 22 säsom
173 673 37 27 jag
225 673 66 21 redan
307 673 5 20 i
329 674 61 20 väras
406 673 55 21 hade
477 675 53 19 äran
546 675 85 23 nämna,
647 675 32 19 att
692 672 37 28 jag
744 673 46 21 icke
806 673 7 20 i
829 672 43 22 allo
883 673 37 21 vill

88 702 149 21 underskrifva
261 702 93 20 hvarken
378 702 26 20 de
427 702 106 21 klämmar
555 702 85 20 hvartill
657 701 209 26 Jernvägsutskottet
881 701 41 21 har

88 730 98 25 kommit,
209 732 27 19 än
258 730 81 21 mindre
355 730 26 21 de
397 730 92 22 motiver
510 736 46 16 som
577 730 68 21 finnas
665 730 95 21 uttalade
775 730 8 21 i
798 730 122 21 Utskottets

88 759 141 21 betänkande.
259 759 41 21 Vid
323 759 157 27 behandlingen
496 759 8 21 i
518 758 212 26 Jernvägsutskottet
752 758 23 22 af
795 758 74 27 frägan
885 764 35 16 om

88 788 171 21 stambansnätet
273 787 49 21 fann
338 787 47 21 litet
400 788 53 21 hvar
469 788 24 21 af
507 788 123 21 Utskottets
646 788 143 25 medlemmar,
799 789 32 19 att
845 787 75 27 frägan

88 818 57 20 ännu
160 822 38 15 var
213 816 73 21 alltför
308 817 59 25 ringa
384 816 122 25 förberedd,
523 816 34 21 för
572 818 33 19 att
620 818 31 19 ett
666 817 65 25 något
746 816 24 21 sä
785 818 38 18 när
839 816 79 21 förnuf-

89 845 40 27 tigt
144 845 79 27 förslag
238 844 68 22 skulle
321 845 72 21 kunna
408 845 25 21 af
445 845 114 21 Utskottet
582 845 122 27 uppkastas.
735 844 127 22 Emellertid
882 850 38 16 an-

88 874 38 26 säg
141 874 33 26 sig
189 873 111 22 Utskottet
321 873 98 27 skyldigt,
437 874 73 21 säsom
526 876 32 19 ett
573 880 48 14 svar
636 874 28 26 pä
679 874 40 20 den
735 873 119 26 Kejserliga
868 873 52 21 Pro-

89 902 119 26 positionen
225 904 32 19 att
271 903 52 24 göra
338 901 55 22 hvad
409 903 5 20 i
431 903 50 20 dess
504 901 97 27 förmäga
617 902 54 21 stod.
701 901 41 27 Jag
757 903 24 19 är
797 901 123 27 öfvertygad

90 937 34 15 om
141 932 32 19 att
189 930 81 21 enhvar
285 930 64 21 ocksä
365 931 54 20 skall
435 931 60 20 finna
510 933 32 19 att
558 930 113 22 Utskottet
685 930 47 21 icke
747 929 40 22 har
797 930 80 21 lemnat
888 936 32 15 sa-

88 959 41 21 ken
149 961 52 19 utan
225 962 32 18 att
279 961 52 24 göra
352 959 73 21 försök
441 962 34 19 att
491 959 21 22 fä
528 959 91 21 utredda
635 959 26 21 de
677 958 181 27 omständigheter
874 965 46 15 som

88 988 72 21 kunde
175 987 88 22 inverka
277 988 28 26 pä
317 988 184 21 stambansnätets
516 988 169 21 bestämmande.
715 988 42 20 Det
773 987 38 21 har
823 987 98 22 emeller-

89 1016 31 21 tid
135 1017 47 20 icke
197 1017 82 26 lyckats
302 1016 111 22 Utskottet
425 1019 34 19 att
475 1016 120 22 framställa
611 1019 31 18 ett
657 1016 79 25 förslag
751 1022 44 15 som
811 1022 37 15 ens
863 1016 57 21 inom

88 1044 112 22 Utskottet
221 1045 68 21 skulle
311 1045 75 21 vunnit
404 1045 70 26 nägon
491 1047 70 19 större
576 1045 116 26 pluralitet.
723 1045 73 21 Redan
812 1045 36 20 det
863 1044 57 21 bevi-

91 1079 34 16 sar
140 1075 33 19 att
189 1074 36 21 det
240 1073 47 22 icke
302 1075 24 20 är
341 1074 47 21 skäl
404 1074 33 21 för
453 1074 122 21 Ständerna
591 1076 33 19 att
639 1073 70 22 uttala
723 1073 32 27 sig
771 1072 106 22 definitivt
886 1079 34 15 om

90 1104 32 19 ett
136 1102 140 21 sambanenät
291 1102 39 21 och
347 1103 23 20 sä
385 1102 39 21 har
439 1102 116 21 Utskottet
575 1102 62 21 äfven
654 1102 107 27 uppfattat
775 1102 73 21 saken.
878 1101 42 22 Det

89 1130 39 22 har
149 1131 89 27 specielt
259 1133 68 24 yttrat
348 1132 32 25 sig
401 1133 32 19 att
457 1131 37 21 det
516 1131 81 26 förslag
618 1131 33 21 till
666 1131 149 21 stambanenät
831 1130 36 21 det
882 1130 40 21 har

90 1159 107 27 framlagt,
212 1159 115 26 ingalunda
341 1159 40 22 bör
397 1166 62 15 anses
475 1159 72 22 säsom
563 1159 106 22 definitivt
691 1159 106 22 bindande
813 1159 33 21 för
862 1159 58 21 kom-

89 1189 75 20 mande
180 1188 97 23 Ständer,
294 1190 51 18 utan
361 1189 36 19 det
412 1188 75 21 heter:
508 1188 101 27 ,hvarvid
625 1188 64 21 likväl
701 1188 104 26 sjelffallet
816 1187 102 21 förutsät-

90 1219 32 19 tes
136 1219 33 19 att
184 1216 127 21 förändrade
335 1216 148 23 förhällanden
500 1217 7 21 i
522 1216 115 22 framtiden
660 1217 72 21 kunna
751 1216 86 27 päkalla
852 1217 70 20 större

89 1245 53 21 eller
162 1245 83 22 mindre
268 1245 171 22 modifikationer
454 1246 7 21 i
478 1246 67 26 sagde
569 1246 71 26 plan*.
671 1245 43 22 För
735 1251 52 21 egen
803 1245 34 21 del
852 1245 69 21 skulle

86 1273 38 27 jag
138 1273 57 22 helst
210 1273 63 22 hafva
287 1274 83 21 förenat
385 1274 44 27 mig
444 1274 7 21 i
467 1274 58 21 Herr
547 1274 107 21 Höckerts
675 1274 136 26 reservation,
826 1279 48 15 men
890 1273 31 21 äf-

88 1308 40 15 ven
144 1302 41 21 den
201 1302 40 21 har
255 1303 69 26 precis
339 1309 82 15 samma
436 1302 29 22 fel
482 1309 46 15 som
544 1303 123 21 Utskottets
678 1303 140 24 betänkande,
830 1303 32 19 att
872 1301 48 25 den,

89 1337 34 14 om
139 1331 65 21 också
219 1331 47 21 icke
281 1331 6 20 i
303 1331 55 22 form
374 1331 22 21 af
410 1331 66 26 kläm,
493 1331 80 22 uttalat
588 1332 31 26 sig
635 1337 34 16 om
689 1331 106 21 särskilda
817 1329 103 22 sträckor.

89 1359 33 22 Dä
137 1359 120 22 emellertid
272 1360 82 21 antalet
369 1360 23 21 af
405 1363 138 18 reservanter
559 1361 65 20 redan
637 1361 58 20 förut
710 1366 38 15 var
761 1360 24 21 sä
796 1358 126 27 tillräckligt

89 1390 51 24 stor,
156 1387 66 26 ansåg
235 1389 38 26 jag
287 1389 44 26 mig
346 1389 48 21 icke
409 1389 54 21 böra
479 1395 78 21 genom
573 1391 32 19 att
621 1389 41 21 öka
677 1389 61 21 deras
749 1388 64 25 antal,
824 1389 27 19 än
862 1393 60 16 mera

88 1416 95 22 försvåra
199 1416 154 28 behandlingen
369 1417 24 21 af
407 1417 83 27 frågan.
521 1418 43 27 Jag
580 1417 67 22 måste
663 1419 51 25 säga
729 1419 32 19 att
773 1417 36 26 jag
825 1416 97 22 emeller-

88 1445 31 21 tid
134 1445 69 21 finner
224 1445 44 27 mig
291 1445 63 22 hafva
375 1448 58 19 orätt
454 1446 80 26 deruti,
558 1449 33 18 att
603 1446 37 26 jag
654 1445 47 22 icke
717 1448 74 24 genast
805 1445 75 26 gjorde
895 1451 26 14 en

88 1473 139 26 reservation,
241 1474 83 26 gående
339 1475 6 20 i
361 1481 82 14 samma
462 1475 58 21 anda
536 1481 46 15 som
599 1475 36 21 det
650 1474 79 26 förslag
743 1474 56 21 Herr
814 1473 107 21 Fabritius

87 1502 8 21 i
110 1502 42 27 dag
167 1502 40 21 här
222 1502 39 22 har
275 1502 121 23 framställt,
412 1509 49 15 men
475 1503 39 27 jag
528 1502 75 28 gjorde
619 1503 36 21 det
670 1503 23 21 af
707 1503 36 21 det
758 1502 75 25 skälet,
849 1503 33 20 att
894 1502 28 21 dä
