1109 1786
255 130 179 23 Borgareståndet
446 131 54 18 1877.
525 132 13 16 2
550 131 121 17 November.
826 125 54 22 1585

118 199 32 22 till
178 199 233 28 Bankfullmäktig:
441 200 57 21 Herr
523 200 127 21 Professorn
675 200 95 27 Leopold
796 199 84 22 Henrik

49 229 121 22 Stanislaus
193 228 105 21 Mechelin
320 228 49 22 med
392 230 27 19 38
441 231 76 19 röster.
548 229 32 21 De
599 228 70 28 öfriga
684 229 13 21 3
712 229 99 21 rösterna
825 227 56 22 hade

50 257 89 22 tillfallit
154 257 57 21 Herr
226 257 24 21 L.
266 257 103 21 Lindelöf.

118 308 34 21 till
167 308 94 22 Förste
275 308 394 27 Bankfullmäktigssuppleant:
694 308 56 21 Herr
761 307 52 22 Vice
822 308 59 21 Kon-

49 336 48 22 suln
113 337 99 21 Leonard
235 336 126 27 Borgström
381 337 49 21 med
445 338 27 20 26
488 339 77 19 röster.
595 336 115 22 Dessutom
726 336 83 22 erhöllo
824 336 58 22 Herr

50 366 25 21 A.
92 366 26 20 H.
134 365 121 27 Chydenius
272 366 33 26 11,
328 365 57 21 Herr
400 366 23 21 L.
443 365 100 21 Lindelöf
557 366 14 20 4
593 365 40 21 och
649 364 132 22 Ledamoten
796 365 7 21 i
819 364 63 22 Skol-

50 394 165 27 öfverstyrelsen
230 394 56 22 Herr
301 394 25 21 A.
342 394 87 21 Laurell
445 395 11 19 1
473 396 52 19 röst.

119 444 33 22 till
163 445 86 21 Andre
259 445 394 27 Bankfullmäktigssuppleant:
676 444 57 22 Herr
747 444 135 22 Handlanden

50 474 69 21 Adolf
132 473 91 22 Fredrik
246 474 111 22 Wasenius
376 474 47 21 med
442 476 24 19 19
482 476 77 19 röster.
588 474 31 21 Af
633 473 70 27 öfriga
718 473 79 27 afgifna
812 474 70 20 röster

51 502 55 22 hade
130 503 26 21 15
180 502 88 22 tillfallit
289 503 56 21 Herr
367 503 24 21 A.
407 502 27 22 H.
451 502 128 28 Chydenius,
600 503 13 21 5
629 502 57 22 Herr
700 502 99 22 Lindelöf
813 502 39 21 och
870 504 9 18 1

50 531 105 21 hvardera
170 531 23 21 af
207 531 81 21 Herrar
303 531 26 21 K.
344 531 25 21 F.
384 532 98 26 Ignatius
497 531 40 21 och
554 532 25 20 A.
595 530 92 22 Laurell.

120 582 33 22 till
174 583 95 27 Tredje
291 583 397 27 Bankfullmäktigssuppleant:
718 583 56 21 Herr
789 583 93 21 Statsrä-

50 610 36 22 det
104 611 92 21 Lorentz
212 612 98 21 Leonard
326 611 99 21 Lindelöf
446 612 48 20 med
513 613 24 19 19
553 613 76 19 röster.
662 611 106 26 Derjemte
783 611 56 21 hade
856 612 25 20 13

51 641 69 20 röster
135 640 102 21 tilldelats
252 640 55 21 Herr
323 640 25 22 A.
365 640 26 21 H.
407 640 126 28 Chydenius,
550 640 13 20 6
579 640 57 21 Herr
650 640 27 21 K.
693 640 23 21 F.
731 640 96 26 Ignatius
842 639 40 21 och

51 669 13 20 3
80 668 57 22 Herr
152 669 25 20 A.
193 668 92 22 Laurell.

120 720 34 20 till
177 720 190 22 Bankrevisor:
396 721 56 21 Herr
471 720 52 22 Vice
538 720 98 22 Konsuln
653 720 51 22 Otto
720 720 82 26 August
817 719 65 22 Malm

52 748 48 21 med
122 750 27 20 28
173 750 75 20 röster.
278 749 114 21 Dessutom
411 749 56 21 hade
482 749 57 21 Herr
554 749 26 21 A.
597 749 23 21 O.
637 749 108 21 Snellman
760 748 86 22 erhällit
862 749 20 26 5,

53 776 58 22 Herr
125 777 25 21 O.
165 777 112 22 Wendelin
296 780 19 23 3,
334 778 56 21 Herr
405 778 25 21 A.
441 778 28 21 H.
485 778 121 27 Chydenius
621 778 14 20 2
651 780 55 19 samt
721 778 79 21 Herrar
814 778 20 21 J.
845 777 38 22 Ju-

51 805 37 25 lin,
104 805 24 22 G.
143 806 102 21 Törnudd
261 806 39 22 och
315 807 20 21 J.
350 806 82 22 Kurtén
448 806 81 22 enhvar
546 809 10 19 1
573 808 52 20 röst.

122 857 32 21 till
170 857 95 22 Förste
280 858 279 28 Revisorssuppleant:
590 858 57 21 Herr
662 858 141 21 Handlanden
819 858 25 21 A.
858 857 24 22 O.

52 885 108 22 Snellman
183 886 48 21 med
252 887 27 20 27
303 888 75 20 röster.
409 886 72 27 Öfriga
504 888 70 19 röster
596 893 52 15 voro
670 887 89 21 sålunda
774 886 110 21 fördelade

52 916 32 19 att
99 914 56 21 Herr
171 914 23 21 O.
211 915 110 21 Wendelin
337 915 85 21 erhållit
438 916 19 24 5,
473 915 58 21 Herr
546 915 25 21 R.
587 915 104 21 Rissanen
707 916 13 20 4
735 917 56 20 samt
802 915 82 21 Herrar

52 943 143 21 Handlanden
216 943 20 22 J.
252 943 66 27 Julin,
341 943 23 22 C.
381 938 77 32 Åberg,
481 943 23 22 C.
520 944 26 21 G.
563 944 106 21 Sanmark
693 943 39 22 och
755 944 26 21 A.
796 943 88 22 Laurell

51 972 83 21 enhvar
152 973 8 20 1
179 973 51 20 röst.

122 1023 30 21 till
172 1023 85 22 Andre
272 1023 279 28 Revisorssuppleant:
582 1023 56 22 Herr
653 1023 52 22 Vice
720 1023 96 22 Konsuln
831 1023 52 21 Otto

52 1051 86 22 Samuel
155 1052 113 21 Wendelin
284 1053 47 20 med
347 1054 27 19 20
390 1054 74 19 röster.
495 1052 110 27 Derjemte
620 1052 56 21 hade
692 1053 27 20 10
734 1053 67 20 röster
813 1051 71 22 tillde-

53 1080 40 21 lats
109 1080 56 21 Herr
182 1081 112 26 Rissanen,
310 1082 13 19 4
339 1081 56 21 Herr
411 1081 141 21 Handlanden
569 1081 25 21 A.
611 1080 128 24 Gratschoff,
755 1082 12 19 2
780 1081 104 21 hvardera

52 1109 23 20 af
90 1108 108 22 Herrarffe
223 1109 105 22 Sanmark
351 1110 38 21 och
412 1104 79 33 Åberg,
515 1112 56 19 samt
594 1111 9 19 1
620 1111 46 20 röst
681 1109 58 22 såväl
754 1109 56 21 Herr
825 1109 59 22 Julin

52 1143 46 16 som
114 1137 56 22 Herr
185 1137 90 22 Kurtén.
305 1138 32 21 En
353 1139 103 20 röstsedel
472 1138 76 27 måste,
565 1139 69 20 såsom
651 1138 84 27 oriktig,
750 1138 104 21 kasseras.

122 1189 33 20 till
177 1189 100 26 Tredje
301 1189 280 27 Revisorssuppleant:
612 1189 57 21 Herr
698 1189 187 22 Kommerserädet

52 1216 51 22 Carl
118 1212 73 32 Åberg
209 1218 48 21 med
275 1218 25 21 14
312 1220 75 19 röster.
417 1218 30 21 Af
465 1218 68 27 öfriga
548 1218 81 27 afgifna
644 1220 69 19 röster
729 1218 53 21 hade
801 1220 22 19 11
840 1217 45 22 till-

53 1246 54 21 fallit
123 1247 55 20 Herr
191 1246 112 27 Rissanen,
320 1248 12 20 5
344 1247 141 21 Handlanden
496 1247 25 21 A.
533 1247 127 26 Gratschoff,
676 1249 12 19 3
703 1247 54 21 Herr
772 1247 25 21 A.
809 1247 77 27 Björk-

52 1275 54 25 stén,
123 1276 12 19 2
152 1275 107 22 hvardera
275 1275 23 21 af
312 1276 107 21 Herrarne
435 1276 91 26 Liljeros
542 1277 39 26 och
598 1275 105 22 Sanmark
715 1277 55 20 samt
782 1277 9 20 1
805 1276 81 21 enhvar

52 1303 24 21 af
89 1303 109 22 Herrarne
217 1303 106 28 Cronvall,
339 1304 128 21 Hammarén
483 1304 41 21 och
540 1304 91 27 Öhberg.

123 1355 39 21 Om
178 1355 109 27 utgången
310 1355 23 22 af
347 1356 61 21 dessa
427 1355 33 22 val
476 1355 70 22 skulle
561 1356 158 21 underrättelse
734 1355 108 22 meddelas
858 1355 26 22 de

52 1383 68 27 öfriga
136 1383 96 22 Stånden
248 1383 39 22 och
302 1384 173 22 Bankutskottet.

122 1486 122 22 Fortsattes
260 1487 48 21 med
324 1487 186 27 handläggningen
520 1487 23 21 af
552 1487 114 21 Allmänna
676 1487 210 21 Besvärsutskottets

54 1514 133 22 betänkande
203 1514 41 23 N:o
262 1516 33 26 17,
312 1516 87 26 afgifvet
415 1516 48 21 med
478 1516 115 26 anledning
608 1516 21 21 af
639 1516 68 21 skilda
719 1516 56 21 inom
785 1516 101 26 samtliga

783 1562 34 18 100
