1109 1786
207 111 54 22 1770
400 117 181 21 Borgareståndet
594 118 54 17 1877.
673 118 22 17 13
708 118 121 17 November.

273 185 56 22 Herr
351 186 82 22 Julin:
457 186 47 21 Den
527 186 133 28 förändring,
680 193 45 15 som
747 187 169 21 Bankutskottet
939 187 6 20 i
968 187 69 21 denna

203 214 105 27 paragraf
321 214 112 27 föreslagit
448 215 133 21 beträffande
597 217 66 20 sättet
673 217 34 20 att
717 215 91 22 tillsätta
820 215 129 22 ätminstone
959 217 77 20 tvenne

203 243 25 22 af
249 243 146 22 direktionens
417 243 119 22 ledamöter
558 243 42 22 kan
622 244 36 27 jag
680 244 33 21 för
735 244 44 21 min
795 243 34 22 del
845 244 47 21 icke
907 245 65 20 annat
987 244 49 21 än
1024 239 15 36 i

203 271 84 27 princip
309 272 120 27 godkänna.
461 272 43 22 Det
527 278 63 21 synes
613 272 89 21 alldeles
725 273 48 21 icke
793 273 49 20 med
857 272 95 21 bankens
968 271 68 23 fördel

204 300 190 22 Öfverensstämma
417 303 32 19 att
472 301 26 21 de
518 303 32 19 tre
565 307 108 21 personer,
689 300 72 22 hvilka
777 301 62 21 skola
854 300 63 22 hafva
932 300 40 22 den
988 302 48 20 när-

203 330 69 20 maste
293 329 80 21 värden
395 335 34 15 om
453 329 26 21 de
499 329 80 27 vigtiga
595 330 99 25 ärenden,
711 336 45 15 som
774 329 7 21 i
797 329 84 22 banken
896 329 139 26 förekomma,

203 357 62 21 skola
288 359 57 20 utses
361 360 23 19 sä
399 358 52 26 godt
467 364 45 15 som
529 357 34 22 för
577 358 101 26 lifstiden,
695 360 22 26 ty
733 358 123 26 derigenom
872 358 96 21 kommer
983 358 52 22 ban-

203 386 54 21 kens
279 386 90 26 styrelse
390 388 33 19 att
438 386 119 22 inskrufvas
573 387 6 21 i
596 387 56 21 vissa
667 388 86 26 gängor,
769 387 66 26 nägot
850 393 44 15 som
911 386 47 22 icke
973 387 62 21 alltid

203 420 51 16 vore
277 415 48 21 med
348 414 96 22 bankens
463 415 41 21 och
519 414 155 23 allmänhetens
689 415 68 22 fördel
773 415 107 27 förenligt.
910 415 73 21 Säsom
997 415 38 27 jag

203 443 99 25 nämnde,
325 443 63 27 gillar
409 444 36 26 jag
468 443 45 22 helt
534 444 41 21 och
590 444 67 21 hållet
673 444 39 21 den
728 444 83 27 princip
827 444 6 21 i
849 444 99 21 afseende
955 439 12 36 ä
992 444 42 21 till-

203 472 99 21 sättande
325 472 24 21 af
362 472 297 26 bankodirektörsembetena,
675 479 45 15 som
736 472 170 22 Bankutskottet
920 472 113 25 framstält,

202 506 48 15 men
272 500 37 28 jag
331 500 69 22 skulle
422 501 54 21 dock
491 501 47 21 icke
554 503 56 19 ännu
626 502 34 21 vid
676 502 69 20 denna
761 501 103 27 landtdag
880 501 49 27 vilja
944 503 51 25 taga
1010 504 24 19 ut

203 531 69 25 steget
289 529 32 21 till
337 536 26 14 en
379 530 66 21 sädan
460 530 131 28 förändring,
607 530 27 21 dä
649 530 24 21 sä
688 530 51 21 kort
754 530 33 21 tid
803 530 91 21 förflutit
906 530 64 21 sedan
981 530 52 21 ban-

203 558 42 21 ken
261 558 90 22 kommit
367 558 67 22 under
449 558 131 23 Ständernas
596 558 135 27 förvaltning.
762 558 71 22 Jemte
850 558 36 22 det
898 558 38 28 jag
950 558 82 22 säledes

203 586 90 22 hembär
314 587 113 21 Utskottet
449 587 43 21 min
508 588 135 20 tacksamhet
659 587 33 21 för
708 587 124 22 Utskottets
847 587 79 27 förslag
940 588 7 20 i
964 588 69 20 denna

203 614 41 27 del,
268 615 68 21 skulle
356 615 37 27 jag
417 616 54 21 dock
493 616 47 21 icke
561 622 29 15 nu
606 616 51 27 vilja
671 616 116 27 godkänna
803 617 59 20 detta
879 616 84 26 förslag,
980 618 52 18 utan

202 643 108 27 tillstyrka
332 646 33 19 att
383 644 118 22 detsamma
516 644 55 27 finge
587 644 57 22 hvila
659 645 68 21 under
742 645 43 21 fem
801 644 31 26 år,
848 644 122 27 öfvertygad
986 650 45 15 som

199 672 38 27 jag
252 674 25 19 är
291 675 33 19 att
339 673 177 21 nästkommande
532 673 87 27 lagtima
635 673 113 27 landtdags
763 673 147 21 Bankutskott
920 673 46 21 icke
976 673 56 21 skall

202 701 113 21 underläta
338 704 39 22 att,
400 702 72 20 derest
487 701 75 28 frägan
577 708 29 15 nu
621 701 56 27 fölle,
695 702 143 27 äterupptaga
854 702 127 25 densamma,
997 708 35 15 om

201 729 47 21 skäl
271 730 72 21 dertill
367 730 119 21 förefinnes.
516 730 41 27 Jag
580 730 35 22 vill
638 730 72 22 derför
728 730 47 22 icke
791 730 68 22 heller
874 736 28 15 nu
917 733 57 24 yttra
990 730 42 27 mig

202 764 34 15 om
261 758 118 27 detaljerna
401 759 6 21 i
429 759 80 27 frägan,
529 759 54 21 huru
599 759 40 21 och
655 759 28 27 pä
697 759 56 21 hvad
769 761 45 19 sätt
830 759 62 21 dessa
907 762 76 18 tvenne
999 759 33 21 di-

202 787 183 22 rektörsembeten
402 787 69 21 skulle
485 788 102 21 besättas.

271 844 56 22 Herr
342 844 162 27 Chydenius:
527 844 42 22 Vid
585 844 72 27 frägor
673 852 34 14 om
723 845 129 21 besättande
867 844 23 22 af
903 844 89 27 tjenster
1007 846 25 20 är

201 872 157 27 otvifvelaktigt
374 873 40 21 den
430 875 58 19 rätta
502 874 135 26 synpunkten
653 874 40 20 den
706 876 33 18 att
750 874 57 20 tillse
818 875 33 19 att
862 874 26 20 de
898 873 132 27 äligganden,

200 907 46 15 som
269 901 13 21 ä
303 901 151 22 innehafvaren
477 902 21 21 af
520 902 92 27 tjensten
634 902 121 26 ankomma,
779 901 66 22 blifva
860 901 35 22 väl
910 901 120 28 fullgjorda.

201 929 188 27 Tjenstemännens
413 931 6 20 i
441 930 41 21 den
497 930 126 26 institution,
640 931 87 21 hvarom
743 937 30 14 nu
789 932 24 19 är
829 930 67 27 fräga,
911 931 120 26 sysselsätt-

199 959 52 26 ning
273 958 40 21 och
335 959 126 26 äligganden
484 961 37 19 äro
544 959 88 22 alldeles
655 959 119 25 enahanda,
796 965 46 15 som
858 959 32 26 de,
907 959 71 21 hvilka
993 966 38 15 an-

199 987 87 21 komma
308 987 13 21 ä
336 987 204 27 tjenstepersonalen
556 988 7 21 i
578 994 26 15 en
621 987 78 28 mängd
714 988 86 27 privata
815 987 215 28 affärsinrättningar.

199 1015 43 22 Det
257 1017 24 20 är
297 1015 39 22 här
351 1016 60 27 fräga
427 1023 33 14 om
477 1018 31 19 ett
520 1016 72 27 privat
607 1016 58 27 yrke,
681 1022 46 15 som
743 1018 78 24 staten,
836 1017 33 20 för
885 1016 32 21 sin
930 1016 34 21 del
975 1016 56 22 före-

199 1045 56 26 tagit
278 1045 31 26 sig
329 1047 32 19 att
376 1045 56 21 idka.
463 1045 57 26 Vilja
531 1045 21 21 vi
568 1045 87 22 försöka
671 1047 32 19 att
718 1047 55 25 göra
788 1051 35 15 oss
839 1047 32 19 ett
886 1045 93 27 begrepp
995 1051 35 15 om

199 1073 56 21 huru
271 1079 48 15 man
335 1073 48 22 bäst
399 1073 54 22 skall
469 1073 32 22 för
517 1073 145 28 inrättningen
678 1074 63 21 vinna
757 1079 110 22 personer,
883 1073 101 28 lämpliga
998 1075 32 20 att

199 1101 68 22 drifva
280 1101 83 27 affärer,
372 1102 24 21 sä
408 1103 23 20 är
445 1103 36 20 det
489 1102 156 27 otvifvelaktigt
653 1102 85 27 nyttigt,
747 1104 34 19 att
789 1101 47 22 frän
846 1102 26 21 de
879 1102 83 27 privata
971 1102 59 21 bola-

199 1136 52 21 gens
267 1132 42 19 sätt
325 1133 32 18 att
373 1130 62 21 sköta
451 1131 69 21 denna
534 1131 72 27 detalj,
622 1133 51 25 taga
685 1131 104 27 exempel.
820 1131 111 21 Huruvida
942 1131 88 21 oafsätt-

199 1159 95 26 ligheten
315 1159 7 21 i
338 1159 117 21 allmänhet
470 1160 42 21 kan
527 1166 64 21 passa
605 1160 34 21 för
654 1160 131 27 tjenstemän
801 1161 24 19 är
840 1160 66 21 redan
922 1165 25 16 en
962 1159 67 27 fräga,

198 1193 47 15 som
267 1188 43 20 kan
333 1194 52 14 vara
407 1188 140 26 tvifvelaktig;
571 1194 47 16 men
641 1188 68 21 finnes
731 1189 68 26 något
823 1188 57 26 slags
895 1188 134 26 tjenstemän,

199 1215 83 22 hvilkas
311 1216 162 27 sysselsättning
499 1216 70 22 afvika
591 1216 48 23 från
661 1217 85 27 vanliga
769 1216 260 28 tjenstemannagöromäl,

198 1244 25 21 så
238 1246 24 19 är
278 1245 37 21 det
329 1245 46 22 helt
390 1245 51 22 visst
457 1245 184 22 föreständarenes
656 1245 34 22 för
700 1245 210 27 bankinrättningar.
933 1245 31 21 De
975 1245 53 26 skäl,

197 1273 171 22 Bankutskottet
390 1273 72 22 anfört
483 1274 32 21 till
538 1274 48 21 stöd
609 1274 34 21 för
665 1275 37 21 sitt
725 1274 88 27 förslag,
836 1275 38 20 äro
890 1274 64 21 också
969 1274 7 21 i
992 1274 37 21 det

197 1301 50 22 hela
263 1304 58 25 taget
336 1302 81 27 ganska
432 1303 114 21 bindande.
576 1303 51 22 Man
643 1305 62 25 säger
715 1305 33 20 att
759 1303 28 21 de
798 1302 54 26 skäl,
862 1308 45 15 som
918 1302 111 22 Utskottet

197 1331 72 21 anfört
291 1331 33 22 för
346 1333 33 19 att
401 1331 141 22 ordföranden
565 1331 7 22 i
595 1331 84 22 banken
703 1332 120 21 tillsvidare
842 1331 100 21 tillsattes
958 1331 70 22 säsom

197 1359 65 26 förut,
285 1359 70 22 skulle
375 1359 44 22 tala
434 1362 57 19 emot
506 1359 123 22 Utskottets
644 1359 79 28 förslag
741 1360 92 21 rörande
849 1360 143 21 tillsättandet
1007 1360 24 21 af

198 1387 27 22 de
241 1388 68 27 öfriga
324 1388 145 22 ledamöterne
484 1389 6 20 i
507 1389 140 21 direktionen.
677 1389 36 21 Mä
728 1389 25 21 sä
770 1395 57 19 vara,
841 1395 48 14 men
901 1388 36 21 det
947 1390 24 20 är
981 1389 48 21 icke

197 1416 33 21 till
247 1417 26 21 de
288 1417 54 26 skäl,
357 1418 73 21 hvilka
448 1417 82 22 anförts
544 1417 33 22 för
592 1417 155 22 ordförandens
763 1417 109 27 ställning,
889 1419 50 20 utan
955 1417 32 21 tili
1003 1417 26 21 de

197 1444 54 27 skäl,
274 1451 46 16 som
344 1445 81 22 anförts
441 1446 32 21 till
488 1445 123 28 förändring
626 1445 23 22 af
670 1446 26 21 de
711 1446 71 22 andra
797 1445 158 22 direktörernes
970 1445 60 22 ställ-

197 1473 51 27 ning
264 1480 49 16 man
328 1474 39 22 här
382 1475 39 20 bör
436 1481 29 15 se.
495 1475 41 26 Jag
551 1477 46 18 tror
612 1475 65 21 ocksä
692 1476 33 20 att
740 1473 71 23 skälet
827 1474 33 22 för
876 1473 153 23 ordförandens

197 1501 151 23 bibehällande
369 1503 70 21 säsom
454 1509 27 16 en
497 1502 108 28 oafsättlig
621 1503 133 22 embetsman
771 1505 25 19 är
812 1502 49 22 vida
876 1502 82 22 mindre
974 1508 55 22 upp-
