1109 1786
287 129 182 22 Borgareståndet
481 130 55 18 1877.
561 129 27 18 30
600 129 120 18 November.
867 125 58 20 2025

92 199 68 22 finnes
184 199 41 21 100
240 197 13 23 å
268 199 43 21 200
332 198 120 27 ynglingar,
473 204 46 15 som
543 199 68 20 önska
627 198 83 21 inträda
725 198 6 21 i
748 199 35 20 det
798 198 127 22 tillämnade

92 227 127 26 läroverket,
242 233 47 16 men
312 227 23 21 af
357 227 26 21 de
405 227 150 26 finsktalande,
571 233 45 15 som
633 227 54 21 dock
703 227 30 21 till
750 227 173 22 folknumerären

92 258 36 19 äro
145 256 108 25 talrikare,
269 255 67 22 finnes
353 255 75 22 endast
444 256 13 21 3
472 255 13 22 å
500 257 20 24 4,
531 255 84 22 hvilken
628 256 68 26 grund
708 256 33 21 för
752 255 171 22 bestämmandet

94 284 24 22 af
130 284 251 28 undervisningsspråket
396 284 54 21 skall
466 284 27 21 då
510 284 69 27 följas,
594 284 208 26 bildningsbehofvet
817 285 53 21 eller
886 285 38 21 be-

91 312 133 27 folkningens
242 313 123 26 tungomål?
395 312 34 22 Då
444 313 36 21 två
495 312 68 22 Stånd
578 314 87 20 stannat
679 315 46 19 mot
740 313 36 21 två
790 313 55 21 hade
860 315 62 19 ären-

93 341 35 21 det
144 342 66 26 enligt
224 342 242 26 Landtdagsordningen
482 342 50 21 bort
547 341 90 21 förfalla.
661 342 42 21 Det
718 348 37 15 var
770 342 7 20 i
790 348 25 15 en
830 342 94 27 olycklig

92 370 64 22 stund
172 370 58 22 detta
245 370 74 27 tillägg
334 370 45 21 blef
392 370 79 27 gjordt.

150 428 57 21 Herr
221 427 88 22 Julin:
325 427 10 21 I
348 427 69 21 likhet
427 427 48 21 med
486 427 56 21 Herr
552 427 106 21 Sanmark
671 426 54 22 hade
734 426 37 28 jag
782 426 45 22 haft
842 426 34 22 för
891 427 33 21 af-

92 456 42 27 sigt
144 458 34 20 att
193 456 53 28 yrka
261 458 31 19 ett
307 456 114 27 afböjande
435 456 22 21 af
471 456 41 21 den
524 456 139 26 formulering
674 455 111 22 Utskottet
795 455 59 27 gifvit
863 456 61 22 detta

92 488 101 24 moment,
214 485 87 21 emedan
322 485 37 27 jag
382 484 19 27 ej
424 484 42 22 kan
487 484 57 22 finna
559 487 33 19 att
608 484 111 22 Utskottet
735 484 45 21 haft
795 484 65 27 något
875 485 47 21 skäl

92 516 33 19 att
146 514 77 22 föreslå
244 520 26 15 en
293 514 65 21 sådan
381 513 145 27 formulering.
558 513 41 27 Jag
621 513 64 27 yrkar
708 513 83 21 derföre
813 513 49 22 dess
880 513 43 22 för-

92 542 110 22 kastande.

162 600 56 21 Herr
233 599 143 21 Lindelöf:
392 599 42 26 Jag
443 599 98 21 anhåller
555 601 32 19 att
598 599 21 21 få
629 599 56 21 fästa
696 599 99 21 Ståndets
806 600 117 26 uppmärk-

93 629 83 21 samhet
193 628 65 27 derpå
278 630 32 19 att
325 628 40 21 den
380 628 147 26 formulering,
543 630 116 19 momentet
675 628 20 26 c)
711 628 30 20 uti
757 628 167 27 sammanjemk-

93 656 164 28 ningsförslaget
279 656 90 26 erhållit,
385 656 47 22 icke
455 656 202 22 öfverensstämmer
679 657 47 21 med
742 657 65 26 något
822 656 78 22 Stånds
915 658 8 20 i

93 686 64 21 saken
174 686 81 21 fattade
270 686 75 20 beslut.
376 686 30 20 Af
419 685 123 21 Utskottets
558 684 135 28 redogörelse
708 686 93 26 framgår
816 685 106 27 nemligen

93 716 33 20 att
148 714 157 27 Ridderskapet
321 714 39 21 och
375 714 75 26 Adeln,
466 714 25 21 af
505 714 26 21 de
547 714 56 21 båda
619 714 105 26 principer
739 714 111 21 Utskottet
866 714 57 21 före-

94 743 62 26 slagit
179 745 33 19 att
235 742 61 28 följas
319 743 34 21 vid
377 742 161 22 bestämmande
553 742 24 22 af
591 742 256 27 undervisningsspråket,
863 749 59 15 nem-

93 772 55 27 ligen
164 772 14 21 å
193 778 40 14 ena
254 772 59 20 sidan
333 771 207 27 bildningsbehofvet
556 771 39 21 och
611 772 12 20 å
639 772 68 20 andra
721 771 60 21 sidan
799 772 36 20 det
850 772 72 26 språk,

94 806 44 16 som
155 800 93 22 flertalet
263 800 23 21 af
300 800 40 21 den
355 800 163 27 kringliggande
533 800 88 26 nejdens
637 800 122 26 befolkning
770 800 61 26 talar,
846 800 77 21 erkänt

94 829 76 22 endast
191 829 40 21 den
254 829 67 21 första
343 829 70 21 såsom
430 829 167 21 bestämmande.
628 829 161 21 Presteståndet
805 829 47 21 åter
866 828 58 22 hade

93 858 110 28 godkändt
219 858 74 20 endast
307 858 39 20 den
357 863 76 15 senare
444 858 116 26 principen.
591 857 180 27 Borgareståndet
784 857 54 21 hade
851 859 73 19 ansett

94 889 33 19 att
142 886 99 21 afseende
257 886 64 21 borde
337 886 68 21 fästas
420 886 34 21 vid
467 886 104 21 hvardera
584 886 115 27 principen,
711 886 38 21 och
762 886 163 21 Bondeståndet

94 915 100 26 slutligen
217 914 53 22 hade
291 915 105 21 förkastat
416 914 48 21 hela
481 915 60 20 detta
556 917 101 19 moment.
687 915 33 20 Nu
737 913 66 23 finner
818 921 48 14 man
882 915 42 20 vis-

94 943 90 27 serligen
207 945 32 19 att
262 943 318 27 sammanjemkningsförslaget
602 943 6 21 i
630 943 37 21 det
688 945 107 19 närmaste
817 943 107 22 öfverens-

95 974 102 20 stämmer
221 972 47 21 med
284 972 191 27 Borgareståndets
491 972 81 25 beslut;
595 978 47 15 men
659 972 38 21 der
712 971 142 22 förekommer
868 972 55 21 dock

94 1007 25 15 en
136 1001 107 26 afvikelse,
261 1007 46 15 som
323 1001 6 20 i
345 1001 74 26 sjelfva
435 1001 74 21 verket
524 1003 24 19 är
564 1001 82 26 ganska
663 1000 124 27 väsendtlig.
817 1001 33 20 Dä
866 1006 59 15 nem-

94 1030 57 27 ligen
174 1029 180 27 Borgareståndet
376 1029 93 21 beslutat
489 1031 32 20 att
542 1029 100 22 afseende
658 1029 66 21 borde
739 1029 65 21 fästas
817 1029 78 26 jemväl
911 1029 13 21 å

94 1058 37 21 det
152 1058 71 27 språk,
239 1058 80 21 hvilket
334 1058 35 21 det
385 1059 59 20 stora
459 1057 93 22 flertalet
567 1059 24 20 af
604 1058 41 21 den
661 1058 160 27 kringliggande
836 1057 89 27 nejdens

96 1086 123 27 befolkning
243 1086 59 25 talar,
321 1087 39 21 har
376 1086 112 22 Utskottet
504 1087 77 21 ändrat
597 1086 60 21 detta
672 1087 79 20 derhän
767 1089 32 18 att
815 1086 110 21 undervis-

95 1115 148 27 ningsspråket
267 1115 66 21 borde
355 1115 130 21 bestämmas
508 1115 62 22 äfven
591 1115 18 24 ,i
626 1115 220 22 öfverensstämmelse
862 1115 62 21 med"

94 1145 61 20 detta
175 1143 71 28 språk.
276 1143 127 28 Derigenom
423 1143 40 22 har
482 1144 6 21 i
509 1144 74 27 sjelfva
605 1144 74 21 verket
702 1143 119 28 fullkomlig
844 1145 81 20 motsä-

94 1173 58 26 gelse
174 1172 81 21 inträdt
274 1173 6 20 i
299 1173 59 21 detta
381 1172 303 27 sammanjemkningsförslag,
707 1175 21 24 ty
751 1179 33 14 om
808 1172 118 27 någonting

95 1201 54 21 skall
173 1200 37 22 ske
227 1201 6 21 i
249 1200 220 22 öfverensstämmelse
486 1201 48 21 med
550 1201 35 21 det
601 1200 40 22 och
658 1201 42 23 det,
716 1200 23 22 så
754 1200 42 22 kan
812 1200 113 27 naturligt-

93 1230 32 21 vis
148 1229 19 27 ej
189 1229 110 27 samtidigt
321 1236 26 15 en
369 1236 71 15 annan
457 1230 71 26 grund
550 1231 53 26 göra
625 1229 32 27 sig
675 1229 104 27 gällande.
809 1229 32 22 På
855 1229 70 27 grund

95 1258 63 21 häraf
180 1258 42 21 kan
242 1258 37 27 jag
297 1258 82 21 således
395 1259 46 20 icke
456 1259 115 25 godkänna
586 1257 317 28 sammanjemkningsförslaget
918 1258 6 21 i

94 1287 69 21 denna
178 1287 75 26 punkt.
276 1287 56 21 Herr
347 1287 105 22 Sanmark
468 1287 95 26 föreslog
578 1289 33 19 att
623 1287 66 21 orden
701 1283 15 35 ,,
715 1287 72 22 såväl”
797 1288 56 19 samt
864 1293 60 18 ,,som

94 1315 39 22 ock
149 1316 7 21 i
172 1315 195 22 öfvensstämmelse
390 1316 48 21 med
461 1315 38 22 det
521 1315 72 28 språk,
611 1321 45 16 som
673 1316 36 21 det
725 1318 57 19 stora
797 1315 92 21 flertalet
904 1315 24 21 af

93 1345 40 20 den
150 1344 161 27 kringliggande
327 1345 87 26 nejdens
431 1344 123 27 befolkning
569 1345 66 21 talar"
651 1343 68 22 skulle
732 1345 110 20 uteslutas.
863 1343 63 22 Hade

92 1375 118 19 momentet
223 1373 55 21 varit
292 1373 122 26 redigeradt
425 1373 5 20 i
443 1373 222 22 öfverensstämmelse
676 1373 45 21 med
734 1372 192 27 Borgareståndets

92 1401 78 26 beslut,
193 1401 24 22 så
232 1401 69 22 skulle
316 1402 61 21 äfven
392 1402 36 27 jag
443 1404 73 19 ansett
530 1404 35 19 att
580 1408 26 15 en
623 1401 67 22 sådan
706 1401 130 27 uteslutning
852 1401 18 27 ej
886 1407 40 15 nu-

92 1436 59 15 mera
175 1429 43 22 kan
241 1431 44 20 ske.
314 1430 49 21 Men
386 1430 26 21 då
431 1429 113 23 Utskottet
560 1430 48 27 följt
623 1430 94 21 hvarken
733 1429 193 28 Borgareståndets

92 1459 52 21 eller
168 1459 66 26 något
256 1461 65 19 annat
343 1459 79 22 Stånds
446 1459 72 21 beslut
534 1459 6 21 i
557 1459 68 21 denna
647 1459 45 26 sak,
709 1461 50 19 utan
775 1459 103 27 uppställt
894 1460 32 19 ett

91 1487 88 21 alldeles
203 1490 47 24 nytt
272 1487 86 27 förslag,
381 1487 24 21 så
428 1487 63 22 torde
514 1487 183 27 Borgareståndet
719 1487 70 21 kunna
811 1487 115 26 godkänna

91 1516 59 21 detta
171 1522 41 20 nya
230 1516 78 28 förslag
323 1516 48 21 med
387 1516 56 21 vissa
459 1516 163 27 uteslutningar.
653 1516 41 27 Jag
709 1522 63 15 anser
789 1516 36 21 det
841 1515 85 22 derföre
