1109 1786
195 116 56 21 1948
385 120 180 22 Borgareståndet
577 121 55 17 1877.
654 121 27 18 29
693 121 123 18 November.

195 189 162 26 Suomenselkä,
379 189 39 22 och
438 196 46 15 som
500 191 63 25 utgör
581 191 92 25 gränsen
689 189 91 22 emellan
798 190 37 21 det
847 189 111 22 fruktbara
972 189 54 28 Syd-

195 219 147 21 österbottens
363 219 102 20 slättland
483 219 13 20 å
516 225 47 19 ena,
580 218 39 21 och
635 218 142 21 Tavastlands
794 218 40 22 och
850 219 96 26 nordliga
962 218 64 22 Savo-

194 247 54 25 laks,
261 247 82 26 ödsliga
357 247 84 21 trakter
456 247 13 21 å
484 247 69 21 andra
566 247 68 21 sidan.
665 247 32 21 De
712 247 83 27 bygder
810 253 75 20 genom
901 247 71 21 hvilka
986 247 40 21 den

194 282 30 14 nu
239 275 122 27 föreslagna
376 276 67 21 banan
460 275 69 22 skulle
543 276 96 21 kommer
645 278 32 19 att
692 275 32 27 gå,
735 275 40 22 hör
791 275 33 22 till
836 275 26 22 de
872 275 79 27 glesast
962 276 64 21 befol-

194 304 57 21 kade
275 304 39 21 och
337 304 66 21 minst
423 304 76 21 odlade
520 304 6 20 i
542 304 48 21 vårt
610 304 60 27 eljest
686 304 46 21 icke
748 304 140 21 öfverhöfvan
903 304 33 21 väl
950 304 76 21 odlade

195 332 41 22 och
257 332 114 22 befolkade
393 332 56 22 land.
481 332 113 22 Betraktar
616 338 47 15 man
684 338 28 15 nu
728 338 25 16 en
769 333 65 21 karta
849 332 59 22 öfver
924 332 103 22 Finlands

195 360 124 26 folktäthet,
341 362 24 20 så
387 361 54 21 skall
466 367 48 15 man
537 361 57 21 finna
613 363 32 19 att
660 361 91 21 emellan
767 362 41 21 den
824 361 115 21 Bottniska
953 361 73 21 vikens

192 390 156 26 jemförelsevis
367 392 42 19 tätt
425 390 113 21 befolkade
553 390 136 21 kuststräcka
705 390 39 21 och
760 390 27 21 de
803 390 123 21 äfvenledes
941 390 86 21 relativt

195 420 44 19 tätt
249 418 112 22 befolkade
373 419 112 21 trakterna
497 418 63 27 kring
573 418 26 22 de
609 418 98 27 nordliga
717 418 155 24 Saimavatten,
880 418 62 26 kring
953 418 73 22 Kalla-

195 447 58 21 vesis
272 446 40 22 och
331 447 98 27 Päijänes
448 447 83 27 sydliga
549 449 162 25 vattensystem,
732 447 69 21 finnes
817 449 32 19 ett
866 448 25 20 15
907 446 13 22 ä
935 448 27 20 20
978 447 48 21 mils

195 475 66 27 bälte,
277 481 46 15 som
338 475 27 27 på
381 475 76 21 kartan
473 482 35 14 ser
522 476 51 26 ljust
587 480 24 17 ut
624 476 39 20 och
678 476 37 20 der
727 476 153 26 folkmängden
891 478 24 18 är
926 475 22 21 så
959 476 66 26 ringa,

196 506 33 19 att
248 504 41 21 den
308 504 105 26 svårligen
431 504 42 21 kan
496 504 65 21 blifva
577 510 45 15 mer
637 506 27 19 än
681 506 11 19 3
709 504 12 21 å
737 506 13 19 4
766 510 103 21 personer
884 506 28 25 på
928 504 97 27 qvadrat-

196 535 91 25 versten,
309 532 70 28 någon
402 534 55 25 gång
472 533 47 21 icke
535 539 37 15 ens
588 534 18 19 2.
630 532 81 22 Genom
729 533 70 21 denna
813 532 109 27 folktoma,
930 533 36 26 jag
976 532 49 21 ville

196 563 78 20 nästan
291 563 50 25 säga
357 562 102 21 ödemark
476 574 24 3 —
517 562 58 21 förut
591 561 95 22 kallades
702 562 40 21 den
758 564 89 19 erämaa
862 561 40 22 och
917 564 24 19 är
956 562 6 20 i
977 561 48 21 Fin-

196 590 62 21 lands
278 590 89 21 historia
385 591 66 20 sedan
472 591 70 25 gamla
558 590 56 21 tider
633 591 55 20 känd
704 591 69 21 under
790 591 61 21 detta
866 596 62 16 namn
945 602 26 3 —
987 589 39 21 har

195 618 114 22 Utskottet
324 618 111 28 föreslagit
450 621 33 19 att
498 619 69 21 banan
584 618 54 22 skall
654 619 86 26 dragas;
759 619 48 21 icke
823 619 6 21 i
841 618 141 28 förhoppning
993 620 33 20 att

197 646 92 22 trafiken
314 647 46 21 från
379 647 163 27 ändpunkterna
557 647 23 21 af
591 648 116 26 jernvägen
723 648 70 21 skulle
809 648 85 20 komma
910 650 32 18 att
957 647 68 21 skaffa

197 676 72 21 banan
291 676 119 26 ersättning
432 676 33 21 för
488 676 40 21 den
552 676 70 24 trafik,
651 682 45 15 som
719 676 80 22 mellan
823 676 134 21 stationerna
979 676 47 20 icke

196 704 73 21 kunna
293 704 80 21 skänka
397 705 129 26 densamma,
549 706 51 20 utan
617 704 44 27 just
676 704 7 21 i
699 705 40 21 den
755 704 143 28 förhoppning
914 707 32 19 att
965 704 61 21 dessa

197 733 184 21 mellanstationer
401 733 103 21 måhända
530 734 69 20 bättre
622 735 26 19 än
671 733 76 27 sjelfva
770 734 166 26 ändpunkterna
958 732 68 22 skulle

198 761 88 22 komma
304 764 33 18 att
351 762 68 20 skaffa
436 762 69 21 banan
521 762 48 20 dess
584 768 84 20 reveny.
698 762 68 21 Innan
780 762 39 26 jag
833 762 39 26 går
887 764 32 19 att
934 761 92 27 granska

195 790 71 21 denna
281 790 55 27 åsigt
352 796 33 15 om
402 790 222 21 mellanstationernas
639 790 138 26 rentabilitet,
794 797 34 15 om
842 791 37 26 jag
894 791 23 21 så
927 790 32 21 får
968 792 58 25 säga,

196 818 38 22 vill
248 819 37 26 jag
300 819 54 21 dock
369 818 55 22 fästa
440 819 217 27 uppmärksamheten
672 819 34 21 vid
722 821 32 19 att
770 819 113 21 Utskottet
894 821 70 19 ansett
978 825 47 20 per-

196 848 131 20 sontrafiken
344 854 50 14 vara
410 847 23 21 af
446 848 24 20 så
485 848 61 26 ringa
561 848 109 26 betydelse
687 850 32 18 att
735 848 40 20 den
792 848 7 20 i
815 848 37 21 det
867 849 105 19 närmaste
983 848 42 20 kan

196 876 108 27 umbäras,
320 876 55 21 blott
387 876 69 21 banan
467 876 32 21 får
508 883 26 14 en
547 876 48 21 dess
605 878 68 19 större
685 876 126 21 varutrafik.
834 876 10 21 I
856 876 58 21 detta
926 876 100 21 afseende

196 905 43 20 kan
260 904 37 27 jag
318 904 46 21 icke
381 903 46 22 dela
443 904 122 21 Utskottets
581 904 62 27 åsigt.
673 905 40 25 Jag
729 911 64 15 anser
808 904 169 27 persontrafiken
993 905 33 20 för

196 933 74 26 hvarje
291 933 89 26 jernväg
400 935 77 24 utgöra
495 939 25 15 en
540 933 21 21 af
576 933 25 20 de
616 933 113 27 vigtigaste
744 933 104 26 faktorer,
862 933 46 21 icke
924 933 54 21 blott
994 934 32 19 för

197 961 40 22 den
258 968 77 21 reveny
357 962 40 21 den
413 961 126 28 tillskyndar
552 961 122 27 jernvägen,
691 964 51 19 utan
759 963 91 20 emedan
864 962 37 27 jag
916 967 62 16 anser
994 964 32 19 att

196 989 75 28 hvarje
283 991 90 26 jernväg
389 990 38 21 bör
443 990 79 27 byggas
541 991 33 20 för
593 991 134 20 menniskor:
744 991 48 20 icke
808 991 56 20 blott
879 991 33 20 för
927 990 35 21 det
978 991 47 20 eko-

195 1019 100 21 nomiska
315 1025 55 20 gagn
383 1019 143 26 jernvägarna
540 1019 73 21 kunna
629 1019 114 27 tillskynda
759 1019 123 24 samhället,
898 1021 51 19 utan
964 1019 61 21 äfven

195 1047 34 21 för
245 1047 44 25 det,
305 1054 34 15 om
353 1048 37 26 jag
405 1048 24 20 så
444 1048 33 21 får
491 1049 59 25 säga,
565 1047 94 27 andliga,
673 1048 144 21 immateriela
831 1054 56 21 gagn
903 1048 25 20 de
945 1048 81 21 skänka

195 1078 33 19 ett
252 1076 55 21 land.
345 1076 46 21 Den
416 1078 59 19 stora
497 1076 101 27 engelska
619 1076 210 21 historieskrifvaren
852 1076 112 26 Macaulay
987 1076 39 21 har

195 1107 70 24 yttrat
288 1107 32 19 att
342 1106 23 20 af
382 1105 42 21 alla
439 1105 156 26 uppfinningar,
611 1105 49 21 med
675 1105 111 27 undantag
802 1105 23 21 af
840 1105 186 21 bokstafsskriften

195 1133 40 21 och
259 1133 234 27 boktryckerikonsten,
516 1134 63 21 hafva
603 1134 32 24 de,
651 1140 44 15 som
711 1134 110 21 förkortat
836 1133 118 26 afstånden,
969 1133 57 27 gjort

194 1163 55 20 mest
269 1161 33 22 för
320 1162 37 21 vår
376 1162 132 21 civilisation.
537 1162 76 21 Denna
626 1162 154 27 jernvägarnas
797 1162 109 27 betydelse
923 1161 104 27 förringas

194 1190 7 21 i
225 1190 78 28 högsta
325 1191 59 26 grad,
403 1191 24 26 ju
443 1197 45 14 mer
510 1196 49 16 man
582 1191 107 25 aflägsnar
713 1191 46 21 dem
785 1191 48 21 från
856 1191 100 21 bebodda
970 1192 58 19 orter

195 1218 20 21 d.
233 1225 20 15 v.
273 1225 16 15 s.
307 1218 25 28 ju
351 1226 45 14 mer
411 1226 49 14 man
476 1219 109 22 försvårar
601 1219 62 21 deras
679 1219 140 28 begagnande
835 1219 22 22 af
871 1218 155 23 menniskorna.

195 1247 50 22 Men
261 1248 122 21 oberoende
398 1248 66 26 häraf,
479 1250 25 19 är
518 1247 170 28 persontrafiken
709 1249 27 26 på
753 1249 27 20 de
795 1248 76 22 hittills
883 1248 144 27 exploiterade

195 1276 98 22 banorna
314 1283 26 15 en
359 1277 24 20 så
403 1277 65 26 vigtig
491 1276 72 21 faktor
586 1277 6 20 i
613 1277 52 20 våra
681 1277 79 21 banors
775 1277 120 21 inkomster
910 1278 33 19 att
954 1276 38 27 jag
1008 1277 18 26 ej

194 1305 43 21 kan
261 1311 52 16 anse
332 1305 36 21 det
384 1311 50 16 vara
449 1305 96 27 tillåtligt
560 1307 33 19 att
603 1305 80 22 förbise
698 1306 133 21 densamma.
861 1305 29 22 Åf
904 1305 122 22 Utskottets

195 1336 49 24 eget
266 1334 134 21 betänkande
418 1334 93 27 framgår
532 1336 33 19 att
587 1334 168 27 persontrafiken
778 1335 28 26 på
822 1334 32 21 S:t
869 1334 158 27 Petersburg—

195 1361 298 28 Helsingfors—Tavastehus
518 1362 70 21 banan
616 1363 24 20 är
665 1363 56 21 1875
746 1363 84 21 lemnat
850 1363 64 26 479/,
937 1362 39 21 och
1000 1363 27 20 de

195 1390 130 27 föregående
350 1391 51 21 åren
424 1393 57 20 ännu
499 1397 51 19 mer,
566 1391 25 21 af
604 1391 205 26 bruttoinkomsten;
822 1391 62 22 äfven
899 1391 36 21 vid
950 1386 76 26 Åbo—

194 1418 308 23 Tammerfors—Tavastehus
524 1419 69 22 banan
617 1419 40 22 har
679 1419 173 27 persontrafiken
874 1420 80 21 lemnat
970 1419 58 21 öfver

193 1448 30 21 40
231 1448 28 27 9/,
282 1448 23 21 af
319 1447 200 22 bruttoinkomsten.
549 1448 42 27 Jag
613 1448 41 21 kan
673 1449 80 20 förutse
775 1449 43 21 den
833 1448 130 26 invändning
978 1453 49 16 man

195 1476 100 21 häremot
316 1477 97 21 kommer
435 1479 33 19 att
489 1479 59 24 göra,
572 1477 105 27 nemligen
693 1479 33 19 att
740 1477 168 27 ändpunkterna
922 1476 28 27 på
965 1476 62 20 dessa

195 1504 70 22 banor
285 1506 87 26 utgöras
387 1506 23 21 af
423 1508 58 19 stora
497 1505 39 21 och
552 1506 43 20 tätt
609 1505 112 22 befolkade
737 1506 80 26 städer,
834 1504 100 22 hvarföre
948 1504 78 22 förhål-
