1109 1786
185 129 58 22 2024
387 135 182 22 Borgareståndet
581 135 55 18 1877.
660 136 29 17 80
701 136 121 17 November.

185 204 43 21 ken
252 203 61 22 detta
335 204 53 21 eller
411 203 65 28 något
498 203 22 22 af
542 204 26 21 de
590 203 68 22 andra
681 203 93 23 Ständen
791 203 39 22 har
846 204 42 27 mig
903 204 115 27 veterligen

187 233 72 20 ansett
281 233 32 26 sig
336 232 54 22 böra
413 232 107 27 tillstyrka
542 233 59 21 Hans
622 232 101 27 Majestät
738 235 33 19 att
785 232 7 21 i
807 231 141 23 förevarande
963 233 57 21 afse-

187 261 54 21 ende
257 261 95 21 inhemta
367 261 66 26 några
448 261 134 26 sakkunniga
598 263 60 20 mäns
673 261 48 26 råd;
738 261 73 21 hvilka
825 261 134 26 sakkunniga
970 263 49 19 män

186 289 40 21 här
247 289 120 27 egentligen
383 289 55 22 afses
453 289 38 21 har
505 289 35 27 jag
557 290 34 20 för
605 291 43 20 min
664 289 34 22 del
715 290 108 21 dessutom
839 290 58 20 svårt
912 292 33 19 att
960 290 59 21 fatta.

187 318 42 26 Jag
252 320 46 19 tror
321 317 83 22 derföre
426 320 33 19 att
481 318 27 21 de
526 318 112 27 insmugna
653 318 73 26 orden,
742 318 84 21 hvilkas
842 318 139 27 ahdemening
996 320 25 19 är

188 346 50 22 svår
253 348 33 19 att
301 346 82 27 utreda,
400 347 52 21 böra
467 346 81 22 lemnas
564 351 51 17 utan
632 346 106 27 afseende,
755 347 89 21 likasom
858 346 36 28 jag
909 347 7 21 i
932 347 88 21 allmän-

188 375 38 21 het
241 375 68 21 måste
325 376 82 26 påyrka
422 377 33 19 att
470 376 90 21 Ståndet
575 376 77 21 vidblir
667 376 43 21 alla
721 376 26 21 de
763 375 71 21 beslut
845 375 175 22 Ståndet
942 371 12 36 i
962 375 58 22 detta

189 404 79 20 ärende
289 403 57 22 förut
370 404 70 21 fattat.
470 404 40 26 Jag
533 404 42 21 kan
604 404 18 27 ej
639 404 48 22 med
710 404 43 22 min
776 406 46 19 röst
836 404 108 27 tillstyrka
959 406 62 20 anta-

188 432 80 26 gandet
290 433 23 21 af
333 432 70 26 någon
427 432 34 22 del
477 433 23 21 af
514 432 325 28 sammanjemkningsförslaget,
855 433 119 21 allraminst
989 433 31 21 uti

188 460 140 22 förevarande
344 462 74 26 punkt.

259 518 34 21 Då
316 518 63 27 ingen
402 518 71 22 vidare
496 518 71 22 anhöll
591 524 34 16 om
648 518 62 22 ordet
725 518 133 22 förklarades
874 517 147 22 diskussionen

189 546 96 22 afslutad
301 546 39 22 och
357 547 56 22 Herr
428 547 169 22 Talmannen
613 547 125 22 framstälde
753 547 94 27 följande

260 604 204 26 Proposition:
488 604 38 27 De,
549 610 46 16 som
618 604 115 27 godkänna
748 603 124 23 Utskottets
887 604 79 26 förslag
983 604 39 23 1:0,

191 638 62 16 svara
267 632 39 27 ja;
321 634 74 20 vinner
411 633 50 27 nej,
477 639 61 15 anses
551 632 96 26 Ståndet,
661 633 48 21 med
722 632 138 22 förkastande
871 632 23 22 af
900 632 122 22 Utskottets

191 661 300 27 sammanjemkningsförslag
506 662 6 20 i
528 662 68 21 denna
620 662 40 26 del,
685 661 62 22 hafva
770 661 107 21 vidblifvit
899 661 26 21 de
947 660 76 27 beslut,

191 690 62 21 hvari
277 690 94 21 Stånden
395 693 86 18 stannat
496 690 34 22 vid
545 690 186 28 bandläggningen
747 690 22 21 af
784 696 85 16 momm.
884 691 22 24 a)
922 690 38 21 och
977 689 22 27 b)
1015 690 6 20 i

193 718 123 22 Utskottets
332 720 149 26 ursprungliga
496 719 142 21 betänkande.

262 775 163 27 Propositionen
442 776 127 21 besvarades
585 776 34 21 vid
635 776 85 21 anstäld
735 775 98 27 votering
849 775 47 21 med
912 776 23 20 21
948 775 25 27 ja
984 774 39 22 och

192 804 27 21 16
235 804 52 27 nej.

499 862 155 22 Momentet
675 862 47 21 2:0.

263 919 56 21 Herr
335 919 149 21 Sanmark:
504 919 33 21 Då
552 919 69 21 denna
636 919 60 26 fråga
711 919 57 20 inom
785 918 91 22 Ståndet
886 917 90 27 förevar,
987 924 39 15 var

190 947 38 27 jag
253 947 18 27 ej
295 947 140 21 närvarande.
465 947 41 27 Jag
529 947 38 22 har
589 947 122 22 sedermera
727 947 167 26 tillkännagifvit
909 949 32 19 att
954 947 36 26 jag
1006 947 19 26 ej

193 975 83 22 kunnat
300 976 85 21 biträda
401 976 99 21 Ständets
520 977 27 20 dä
563 975 82 23 fattade
661 977 75 23 beslut,
752 975 41 22 och
813 975 45 22 lika
873 976 47 21 litet
934 976 40 21 kan
990 975 36 27 jag

193 1005 117 26 godkänna
326 1005 139 21 förevarande
480 1005 85 26 förslag.
587 1005 41 26 Jag
643 1005 90 21 föreslår
748 1007 34 19 att
798 1005 65 20 orden
880 1004 80 27 ,säväl*
971 1007 56 18 samt

195 1039 60 18 »S0m
276 1033 39 21 ock
331 1033 7 21 i
354 1033 219 22 öfverensstämmelse
589 1033 47 22 med
653 1034 36 21 det
704 1033 71 28 språk,
793 1039 44 16 som
854 1033 36 21 det
905 1035 58 19 stora
978 1033 48 20 fler-

193 1061 54 22 talet
262 1061 23 22 af
299 1062 39 21 den
355 1062 160 27 kringliggande
531 1063 88 26 nejdens
635 1062 123 26 befolkning
775 1062 67 21 talar*
858 1062 66 21 mätte
940 1062 57 26 utgä.

263 1119 50 22 Med
337 1119 113 27 anledning
473 1119 61 22 häraf
548 1119 112 22 anmärkte
676 1120 56 21 Herr
751 1119 157 22 Talmannen
924 1120 31 20 att
971 1119 55 20 hvad

192 1147 57 22 Herr
265 1147 105 22 Sanmark
386 1154 28 15 nu
429 1149 109 26 föreslagit
553 1149 72 21 strede
640 1152 45 17 mot
701 1148 102 21 Ständets
819 1148 58 21 förut
893 1147 82 22 fattade
990 1147 36 21 be-

192 1176 44 21 slut
251 1176 40 21 och
308 1177 71 21 derför
395 1177 18 26 ej
429 1177 70 21 kunde
514 1177 87 21 komma
615 1177 68 21 under
699 1177 138 26 omröstning.

263 1233 57 22 Herr
343 1233 177 28 Tengström:
545 1235 54 20 Däi
616 1235 69 21 denna
707 1235 62 27 fräga
792 1234 37 21 tvä
850 1233 68 22 Ständ
941 1235 87 20 stannat

194 1264 46 19 mot
256 1263 43 25 tvä,
315 1268 62 15 anser
390 1262 38 27 jag
443 1263 112 21 Utskottet
571 1263 22 22 sä
610 1263 85 27 mycket
711 1263 84 21 mindre
810 1263 63 20 hafva
889 1262 49 21 bort
950 1261 78 22 föreslä

193 1297 26 15 en
240 1291 211 27 sammanjemkning,
474 1298 44 15 som
542 1292 69 21 denna
634 1294 24 19 är
681 1292 62 27 högst
762 1291 102 27 olämplig
884 1291 40 21 och
939 1291 89 21 innebär

193 1325 26 16 en
243 1319 182 28 sjelfmotsägelse.
456 1320 218 27 Bildningsbehofvet,
697 1327 46 14 som
767 1322 25 19 är
808 1320 106 21 beroende
929 1319 22 21 af
965 1319 63 22 deras

193 1348 66 26 antal,
275 1348 74 21 hvilka
365 1349 52 20 söka
432 1349 83 21 inträde
530 1350 7 20 i
550 1349 127 26 läroverket,
693 1349 42 22 kän
748 1349 43 21 lätt
803 1349 101 21 komma
892 1344 10 37 i
915 1348 52 21 strid
979 1348 48 21 med

193 1377 38 20 det
253 1377 111 27 tungomäl
387 1377 41 21 den
443 1377 162 28 kringliggande
627 1378 85 21 trakten
737 1378 63 26 talar,
819 1377 24 21 sä
858 1377 84 27 mycket
962 1377 66 21 hellre

193 1411 46 15 som
263 1411 50 15 man
335 1405 48 22 icke
398 1408 35 19 vet
451 1405 53 22 huru
519 1409 46 18 stor
579 1406 162 27 kringliggande
757 1406 50 27 nejd
822 1405 55 22 skall
893 1408 60 23 tagas
968 1405 7 21 i
991 1405 37 21 be-

193 1433 124 27 traktande,
339 1435 28 20 dä
385 1435 37 21 det
437 1434 66 27 gäller
518 1439 32 17 att
566 1435 79 21 efterse
661 1435 81 21 hvilket
759 1435 109 26 tuugomä!
884 1434 66 21 folket
965 1433 63 22 talar.

194 1461 71 28 Tager
284 1469 49 15 man
349 1469 26 15 en
391 1463 94 22 omkrets
500 1463 49 22 med
565 1469 26 16 en
607 1464 60 21 radie
683 1463 21 22 af
719 1463 36 22 tvä
771 1463 44 25 mil,
831 1463 24 21 sä
870 1464 24 19 är
909 1462 119 22 befolknin-

194 1496 54 20 gens
263 1490 70 22 flertal
349 1493 14 19 t.
380 1497 31 15 ex.
427 1492 85 25 svensk;
529 1494 61 24 tager
605 1498 49 15 man
669 1492 46 22 äter
729 1498 26 15 en
770 1490 88 22 dubbelt
870 1492 23 20 sä
906 1494 45 18 stor
961 1490 67 26 radie,

195 1519 25 21 sä
235 1519 43 22 kan
294 1519 144 23 förhållandet
454 1520 65 22 blifva
534 1523 31 19 ett
581 1522 95 20 motsatt.
700 1520 39 22 Om
757 1520 28 21 dä
795 1520 23 21 af
827 1520 27 21 de
864 1518 164 23 svensktalande
