1109 1786
273 109 180 22 Borgareståndet
464 109 56 18 1877.
545 109 25 18 10
582 109 121 18 November.
854 105 53 20 1755

144 179 57 21 Herr
223 177 148 23 Lindelöf:
401 178 42 26 Jag
465 177 40 22 ber
528 177 77 22 endast
623 178 33 20 att
677 177 22 21 få
713 179 59 25 yttra
787 177 67 28 några
868 179 40 21 ord

76 207 48 22 med
146 207 115 26 anledning
275 206 22 23 af
311 207 66 26 några
397 206 173 26 anmärkningar,
587 211 46 16 som
655 205 69 22 blifvit
744 205 126 25 framstälda
885 207 23 22 af

75 238 32 19 ett
127 241 39 22 par
187 235 74 22 talare.
291 235 56 21 Herr
362 235 108 22 Snellman
486 234 120 25 anmärkte,
622 236 33 19 att
667 234 38 27 jag
720 235 70 21 denna
805 235 56 27 gång
876 235 31 22 in-

74 263 48 28 gått
143 264 7 21 i
171 271 26 14 en
221 263 119 22 diskussion
364 263 23 22 af
403 263 26 22 de
445 263 99 22 enskilda
559 263 123 27 petitioner,
697 269 46 16 som
759 270 28 15 nu
803 263 104 27 föreligga

72 292 43 22 och
130 295 33 19 att
175 293 37 26 jag
227 292 102 22 särskildt
343 294 67 25 yttrat
425 292 43 26 mig
484 291 129 22 förordande
629 298 35 15 om
679 291 76 22 skolan
767 292 7 21 i
784 266 123 58 Jyväskylä,

75 321 68 21 under
158 321 36 21 det
207 320 37 28 jag
258 320 36 22 vid
309 323 32 19 ett
355 320 128 27 föregående
499 319 90 24 tillfälle,
605 319 28 22 dä
649 320 36 21 det
700 326 39 16 var
753 320 60 28 fråga
828 328 34 14 om
875 322 33 20 in-

76 350 99 21 rättande
197 350 22 21 af
232 350 76 26 lyceer,
324 348 99 23 framhöll
439 349 36 21 det
490 348 116 28 olämpliga
622 348 6 22 i
645 350 31 20 ett
691 349 78 21 sädant
785 349 121 22 förfarande

74 378 42 21 och
130 379 66 25 ansäg
211 380 32 19 att
258 378 120 22 Ständerna
393 378 6 21 i
415 377 37 22 sitt
467 377 140 28 slutyrkande
623 377 75 22 endast
714 377 67 22 borde
796 378 69 22 uttala
880 384 27 16 en

75 406 79 22 allmän
176 406 55 27 äsigt
246 413 35 15 om
297 406 156 27 behöfligheten
469 406 25 22 af
508 406 73 22 skolor
597 406 7 20 i
619 406 57 21 vissa
691 406 84 22 trakter
789 406 22 22 af
825 406 80 22 landet.

72 436 44 26 Jag
131 436 38 21 vill
191 435 72 21 härtili
285 435 99 28 genmäla
406 437 31 19 att
460 435 50 21 mitt
524 434 97 28 yrkande
637 435 70 21 denna
721 435 56 27 gäng
792 435 115 27 ingalunda

74 466 26 19 är
122 464 111 22 afvikande
251 464 47 22 frän
314 464 48 22 mitt
377 464 28 21 dä
419 464 77 27 gjorda
511 463 124 28 pästäende,
652 466 22 25 ty
687 463 38 28 jag
741 463 40 22 har
795 464 47 22 icke
858 468 49 23 sagt

75 493 65 27 nägot
162 493 72 21 derom
253 495 32 19 att
300 492 46 22 icke
361 492 60 22 äfven
437 499 29 15 nu
482 494 32 20 ett
530 492 77 22 sädant
622 492 90 21 allmänt
727 492 111 22 uttalande
854 492 52 27 möj-

75 521 56 27 ligen
146 521 71 22 kunde
233 528 50 15 vara
299 524 32 19 att
346 521 113 26 föredraga
475 521 90 21 framför
577 523 32 19 ett
620 520 128 27 detaljeradt
757 521 85 27 förslag.
865 521 41 27 Jag

75 550 49 22 ville
140 552 91 20 tvärtom
245 550 45 27 just
304 550 113 21 framhålla
432 551 32 20 att
480 550 76 27 frågan
573 556 34 15 om
623 550 26 21 de
665 549 69 22 skilda
744 552 98 20 orternas
852 550 54 21 före-

76 579 61 21 träde
152 579 129 21 ätminstone
297 579 55 21 hvad
367 579 86 26 Kuopio
469 579 104 21 beträffar
587 580 58 19 ännu
660 579 47 20 icke
723 581 72 24 syntes
805 579 43 26 mig
858 578 48 22 fullt

76 608 83 21 utredd.
175 620 28 2 —
219 608 31 21 En
267 614 69 14 annan
352 608 67 20 talare
436 607 39 21 har
489 608 59 26 gjort
564 614 25 14 en
606 606 148 28 anmärkning,
770 613 46 15 som
831 607 75 27 pätag-

75 636 55 26 ligen
146 636 62 22 äfven
225 642 36 16 var
277 636 70 21 riktad
364 638 45 19 mot
423 636 50 21 mitt
488 636 69 21 första
572 636 144 27 andragande,
732 636 73 21 derom
820 638 33 19 att
870 636 36 21 det

74 664 56 22 hade
153 665 54 21 varit
230 665 93 26 önskligt
341 667 32 19 att
388 664 46 22 icke
450 664 78 22 beröra
544 671 26 15 en
586 664 60 28 fräga
661 664 23 22 af
697 666 24 20 sä
737 665 89 27 ömtälig
843 666 63 20 natur

74 699 46 15 som
144 694 144 27 spräkfrägan,
305 693 40 21 och
366 695 32 19 att
420 693 42 25 det,
478 694 72 20 säsom
569 694 110 25 uttrycket
694 692 37 22 föll
747 694 32 26 sig
791 700 51 14 vore
858 693 48 21 bäst

74 724 32 19 att
129 722 79 22 afhälla
230 723 32 27 sig
283 722 47 22 frän
352 722 42 21 alla
414 722 172 27 personligheter
601 722 40 21 och
657 722 135 27 partifrägor.
823 722 42 21 Det
880 724 24 19 är

72 750 45 26 just
132 751 43 26 det,
191 757 45 15 som
251 750 61 22 äfven
325 750 36 28 jag
377 756 63 16 anser
455 757 53 15 vara
523 751 36 21 det
572 750 80 28 riktiga
662 750 39 22 och
712 750 28 27 pä
750 750 68 27 grund
829 750 77 22 hvaraf

71 778 37 28 jag
130 780 96 21 uttalade
247 780 43 20 min
305 779 76 27 fägnad
397 779 98 22 deröfver
511 782 33 19 att
559 781 175 25 representanten
750 780 32 20 för
797 779 83 27 Kuopio
896 779 8 21 i

74 807 105 23 försvaret
200 809 33 21 för
255 808 32 22 sin
307 808 90 27 petition
412 808 46 21 icke
471 809 73 25 utgätt
559 808 48 21 frän
622 808 67 26 nägra
704 808 198 27 partisynpunkter;

74 836 40 21 och
129 843 37 15 var
181 836 36 22 det
235 837 48 21 med
298 836 99 22 afseende
412 837 73 27 derpä,
501 843 47 15 som
561 837 37 27 jag
613 836 33 22 för
661 836 43 21 min
721 836 34 22 del
770 836 50 22 ville
835 836 69 22 uttala

74 865 48 21 mitt
137 866 156 26 godkännande
307 865 22 21 af
343 868 32 18 ett
389 865 77 22 sädant
481 865 131 27 förfarande,
628 865 82 21 hvilket
717 865 38 27 jag
765 871 63 15 anser
839 865 65 22 ocksä

72 894 8 20 i
96 893 43 22 alla
153 894 67 21 andra
235 894 36 21 fall
288 893 63 22 hafva
367 894 49 21 bort
431 894 116 27 iakttagas.

142 951 57 22 Herr
226 951 134 27 Procop6:
398 951 31 21 Pä
451 951 27 21 de
506 950 24 22 af
553 951 57 21 Herr
636 950 70 27 Bergh
732 950 97 22 uttalade
856 951 47 22 skäl

72 986 64 15 anser
154 980 38 27 jag
214 980 36 21 det
272 986 51 15 vara
341 981 24 20 af
385 979 100 22 behofvet
509 979 114 28 päkalladt
638 981 33 20 att
685 979 137 26 fullständiga
838 979 65 27 högre

73 1009 218 21 fruntimmersskolor
306 1009 48 20 med
369 1007 84 22 finskan
469 1008 33 21 till
519 1008 228 27 undervisningsspräk
761 1008 67 21 blifva
838 1008 65 21 inrät-

71 1037 51 22 tade
136 1037 8 22 i
159 1037 83 24 landet;
258 1043 47 15 men
319 1037 36 27 jag
371 1037 33 21 för
419 1037 44 21 min
479 1037 35 21 del
530 1037 64 27 hyser
609 1037 74 21 starka
698 1036 127 22 tvifvelsmä]
838 1036 64 22 huru-

72 1065 50 22 vida
140 1066 116 27 Jyväskylä
271 1067 24 20 är
309 1065 88 28 lämplig
419 1065 33 22 till
467 1065 126 22 inrättande
611 1065 22 22 af
648 1071 25 16 en
689 1065 40 22 slik
745 1065 60 21 skola
821 1064 39 22 och
876 1065 28 22 dä

69 1094 38 27 jag
122 1101 63 14 anser
207 1095 36 21 det
265 1101 52 14 vara
332 1094 36 21 det
389 1094 62 21 bästa
465 1096 34 19 att
521 1094 120 21 Ständerna
658 1094 34 21 vid
707 1093 160 22 framställande
882 1094 22 21 af

71 1129 27 16 en
122 1123 90 27 petition
227 1123 8 21 i
251 1123 59 22 detta
331 1123 99 22 afseende
452 1123 47 22 icke
523 1125 100 19 närmare
638 1123 69 21 uttala
723 1123 30 26 sig
768 1129 34 15 om
818 1122 84 22 hvilken

71 1154 35 19 ort
121 1154 24 19 är
160 1152 125 27 lämpligare
300 1151 33 22 för
348 1151 71 22 skolas
434 1151 125 22 inrättande
575 1153 26 20 än
618 1151 40 21 den
674 1151 73 24 andra,
763 1151 68 22 skulle
844 1151 37 27 jag
896 1152 7 21 i

72 1179 120 23 hufvudsak
207 1187 51 14 vara
273 1186 50 15 ense
338 1180 47 21 med
402 1180 56 21 Herr
472 1180 160 27 Björkenheim.
663 1179 40 27 Jag
718 1180 78 20 saknar
806 1179 97 22 emeller-

72 1208 31 21 tid
118 1208 7 22 i
141 1208 54 22 hans
210 1208 136 27 formulering
361 1210 31 20 ett
407 1208 113 22 uttalande
536 1209 5 21 i
559 1208 36 22 det
611 1208 56 28 syfte
682 1210 33 19 att
730 1208 6 21 i
747 1208 89 22 främsta
846 1214 56 15 rum-

71 1239 45 19 met
140 1237 67 22 borde
231 1238 91 21 inrättas
337 1243 26 15 en
383 1237 126 27 fullständig
533 1237 68 27 högre
626 1237 206 22 fruntimmersskola
855 1237 48 22 med

71 1265 65 22 finskt
156 1265 228 28 undervisningsspräk
407 1265 40 22 och
467 1265 92 22 föreslår
581 1265 72 22 derför
671 1267 33 20 att
718 1266 89 21 ärendet
822 1265 81 22 äterre-

71 1294 98 22 mitteras
184 1295 33 21 till
231 1295 113 21 Allmänna
359 1294 200 22 Besvärsutskottet
571 1295 28 27 pä
615 1295 36 21 det
666 1296 32 19 att
713 1295 31 21 uti
760 1295 35 21 det
811 1294 22 21 af
847 1294 56 21 Herr

70 1323 151 27 Björkenheim
246 1323 125 22 framstälda
393 1323 80 28 förslag
497 1323 34 22 till
554 1323 71 22 beslut
644 1323 36 22 mä
695 1323 83 28 intagas
793 1324 33 21 att
840 1322 62 22 Stän-

71 1351 67 22 derna
149 1351 88 22 anhälla
258 1354 32 19 att
305 1352 7 21 i
327 1352 89 22 främsta
435 1355 94 19 rummet
545 1358 26 15 en
587 1351 123 28 fullständig
725 1351 67 28 högre
805 1350 97 23 fruntim-

70 1380 119 22 mersskola
203 1381 48 21 med
267 1381 82 21 finskan
364 1380 32 22 till
412 1381 231 27 undervisningsspräk
658 1381 35 21 mä
708 1381 96 22 inrättas.

139 1437 57 22 Herr
218 1437 113 28 Nybom:
360 1437 57 23 Herr
436 1438 73 27 Bergh
532 1438 40 22 har
593 1438 81 22 uttalat
688 1437 33 28 sig
735 1439 58 21 emot
807 1443 95 17 reserva-

70 1466 72 22 tionen
158 1465 184 29 hufvudsakligast
359 1466 72 22 derför
445 1468 33 20 att
494 1467 42 21 den
552 1466 46 22 icke
614 1466 67 26 gifver
696 1468 31 19 ett
737 1466 107 22 bestämdt
854 1472 48 16 svar

70 1495 29 27 pä
113 1494 177 28 petitionärernes
305 1494 162 28 framställning.
491 1494 43 28 Jag
549 1494 38 22 vill
604 1495 57 21 blott
677 1494 102 22 anmärka
793 1496 34 20 att
842 1494 60 22 detta
