1109 1786
207 107 54 20 1706
411 111 180 22 Borgareståndet
603 112 54 17 1877.
681 112 14 17 8
708 112 121 17 November.

205 179 50 22 hela
278 179 69 22 denna
369 179 68 28 fråga,
459 182 23 25 ty
501 180 87 21 dermed
603 180 42 22 kan
661 181 34 21 väl
712 181 69 26 aldrig
796 186 74 15 menas
886 181 32 20 att
933 179 37 22 det
984 179 52 22 ovil-

205 208 98 27 korligen
326 208 69 21 skulle
417 209 38 21 ske
470 209 69 21 under
557 208 74 28 loppet
646 209 23 21 af
682 209 143 22 innevarande
841 208 194 27 landtdagsperiod,

205 237 71 22 såsom
292 237 56 21 Herr
363 237 90 21 Masalin
469 237 40 21 har
524 237 49 22 sökt
589 238 105 21 deducera
709 244 26 15 ur
749 238 60 21 detta
825 237 92 27 uttryck.
942 237 42 27 Jag
999 237 38 21 ber

205 267 34 19 att
254 265 108 22 dessutom
384 265 21 22 få
426 265 56 22 fästa
502 267 218 26 uppmärksamheten
736 267 27 26 på
778 266 68 27 några
861 265 67 22 andra
943 267 94 20 omstän-

205 294 104 26 digheter.
343 294 36 21 Uti
402 295 37 20 sitt
463 294 134 22 betänkande
620 295 34 21 vid
680 296 52 20 1872
756 295 35 21 års
815 294 101 26 landtdag
938 294 7 20 i
968 294 69 21 denna

205 321 61 28 fråga
289 322 64 22 berör
375 322 168 22 Statsutskottet
565 323 108 27 åtskilliga
695 323 245 27 fängelseinrättningar,
961 328 45 16 som
1029 322 7 21 i

205 350 90 22 främsta
310 353 92 19 rummet
424 351 69 22 tarfva
515 352 124 27 utvidgning
655 352 39 22 och
711 351 129 27 förbättring
855 351 39 22 och
910 351 74 21 dervid
1000 351 37 21 be-

205 380 80 21 räknas
307 380 34 21 för
363 380 176 22 Willmanstrand
562 381 92 26 250,000
676 381 69 24 mark,
763 380 34 22 för
811 374 49 27 Åbo
882 380 99 25 200,000,
1004 380 33 21 för

205 408 108 22 Kexholm
332 409 89 24 100,000
441 409 40 21 och
502 408 32 22 för
550 411 31 19 ett
597 411 47 25 nytt
659 409 144 27 länefängelse
823 408 2 21 i
840 408 89 27 Wiborg
944 409 93 25 350,000

205 436 68 26 mark,
296 436 72 22 hvilka
390 439 73 25 poster
485 437 142 22 tillsammans
649 440 78 26 utgöra
749 438 94 25 900,000
865 437 71 26 mark;
954 437 39 21 och
1010 437 27 21 då

206 465 166 22 Statsutskottet
394 466 69 21 tillika
487 466 102 28 tillstyrkt
609 466 146 28 hvarjehanda
770 466 101 27 åtgärder
886 466 7 20 i
909 465 99 22 afseende
1024 464 13 22 å

206 494 41 21 den
263 493 45 22 inre
331 494 179 27 organisationen,
532 495 25 21 så
578 495 95 21 kommer
688 502 49 14 man
753 494 91 22 sålunda
859 494 33 21 till
907 494 41 21 den
963 494 73 27 miljon

206 528 46 16 som
276 522 165 22 Statsutskottet
464 523 93 27 föreslog
579 524 39 21 och
641 524 122 21 Ständerna
779 522 84 22 beslöto
879 525 33 19 att
926 522 69 22 skulle
1010 529 26 15 ur

205 550 198 28 bevillningsmedel
419 552 58 27 utgå.
507 552 36 22 Uti
560 552 130 22 Ständernas
706 552 148 27 underdäniga
868 558 50 15 svar
929 551 61 22 heter
1000 552 36 20 det

206 581 154 25 uttryckligen:
376 583 44 24 ,att
434 581 76 21 inalles
525 587 25 15 en
567 581 73 27 miljon
656 581 61 21 mark
732 581 7 21 i
755 583 31 19 ett
801 581 34 21 för
850 581 38 20 allt
904 580 31 21 tili
952 580 25 21 de
988 582 48 19 när-

207 612 55 18 mast
278 608 104 27 behöfliga
397 609 144 26 fängelsernas
557 610 155 26 uppbyggande
727 611 56 20 samt
798 609 33 21 till
847 609 40 21 den
902 608 67 22 första
984 614 51 20 upp-

207 637 121 27 sättningen
351 638 23 20 af
387 638 199 22 arbetsverkstäder
601 638 39 22 och
656 638 73 22 skolor
744 638 7 21 i
767 637 247 27 fängvärdsanstalterna
1028 636 8 22 i

206 666 92 21 landet*.
328 666 66 21 Deraf
415 666 93 27 framgår
531 666 32 22 väl
587 669 32 19 att
641 667 36 21 det
700 667 54 21 först
777 666 40 22 och
840 666 76 21 främst
934 672 37 14 var
985 665 51 22 flere

206 694 108 27 fängelser
335 701 46 15 som
404 694 109 22 behöfdes.
544 696 38 20 Att
604 702 26 14 ur
653 696 59 21 detta
727 702 50 14 svar
792 694 107 22 deducera
914 694 33 26 sig
962 694 32 21 till
1010 700 26 15 en

207 723 66 21 sädan
289 723 96 27 tolkning
401 726 32 18 att
448 730 48 15 man
513 724 96 21 använde
627 725 112 24 1,600,000
754 724 62 21 mark
832 722 40 22 och
888 723 80 21 kanske
980 729 56 20 myc-

206 751 38 21 ket
267 758 45 15 mer
334 752 39 23 tilli
389 754 32 20 ett
441 752 94 28 fängelse
559 755 24 19 är
606 753 47 21 icke
672 752 99 24 hällbart,
788 755 23 24 ty
826 752 66 26 nägot
906 751 76 22 sädant
998 751 38 22 har

206 780 89 21 härmed
318 780 87 22 alldeles
427 780 46 22 icke
495 781 82 25 afsetts,
600 781 98 22 hvarföre
718 782 37 26 jag
771 786 107 22 upprepar
894 782 32 20 att
938 780 37 26 jag
989 780 47 21 icke

206 808 43 22 kan
265 809 49 21 med
326 809 43 21 min
385 811 45 20 röst
446 810 89 26 bidraga
550 810 33 21 till
599 810 69 26 någon
684 810 118 27 bevilining
817 808 33 22 för
861 809 59 21 detta
930 808 105 22 ändamål.

205 837 44 27 Jag
263 839 47 20 tror
325 838 70 26 ocksä,
411 838 70 22 säsom
495 838 37 28 jag
546 839 67 21 redan
629 839 98 26 nämnde,
743 841 32 19 att
791 838 71 21 denna
877 837 159 27 fängelsebygg-

206 866 43 21 nad
265 868 24 20 är
305 867 78 26 onödig
398 866 39 22 och
453 866 39 22 har
507 868 37 20 sitt
559 873 106 21 ursprung
680 868 31 21 uti
728 868 69 26 nägon
813 866 35 21 id6
861 866 38 21 hos
910 866 26 21 de
946 866 90 21 ledande

206 894 92 27 viljorna
312 901 44 15 som
374 895 63 21 hafva
452 895 60 27 tyckt
530 898 32 19 att
578 896 36 21 det
629 895 132 28 nödvändigt
777 895 67 22 borde
860 894 68 22 finnas
944 896 31 19 ett
991 894 44 21 fän-

206 923 59 26 gelse
279 923 7 21 i
302 923 139 28 Helsingfors,
463 924 40 21 och
518 926 33 19 att
565 923 158 23 hufvudstaden
739 924 48 21 icke
803 923 69 22 skulle
886 929 52 15 vara
953 922 83 22 tillbör-

206 951 41 27 ligt
262 951 142 28 tillgodosedd
419 953 6 21 i
442 953 59 21 detta
524 953 105 27 afseende,
644 959 34 15 om
695 953 40 22 den
751 953 49 21 icke
816 952 70 21 kunde
902 952 88 27 uppvisa
1005 953 31 20 ett

207 981 190 26 mönsterfängelse
419 987 46 16 som
487 981 68 22 skulle
578 982 72 21 kunna
673 982 111 27 imponera
800 980 28 27 pä
844 980 136 27 utlänningar
995 980 41 21 och

205 1009 98 21 resande.
333 1010 42 21 Det
397 1012 45 19 tror
462 1010 37 27 jag
521 1010 39 21 har
579 1010 54 21 varit
648 1011 77 26 sjelfva
740 1009 148 22 hufvudmälet
903 1009 48 21 med
967 1009 69 21 denna

205 1037 125 27 inrättning.
361 1039 55 21 Herr
431 1038 96 28 Ignatius
547 1039 40 21 har
603 1039 99 21 anmärkt
717 1041 32 19 att
765 1039 38 21 det
817 1038 47 21 icke
880 1037 70 22 blifvit
964 1037 72 22 utredt

206 1066 55 21 huru
285 1067 84 27 mycket
391 1067 22 21 af
434 1067 41 22 den
492 1068 54 21 1872
562 1067 104 27 beviljade
682 1067 101 27 miljonen
799 1066 71 22 blifvit
885 1066 33 21 till
933 1066 104 27 fängelset

206 1095 95 22 användt
316 1096 39 21 och
371 1096 40 21 har
425 1096 62 27 yrkat
500 1096 27 27 pä
540 1103 26 14 en
576 1096 122 22 äterremiss
709 1097 33 20 för
753 1097 35 20 att
799 1095 159 22 Sammansatta
968 1095 68 22 Stats-

206 1123 40 22 och
262 1123 212 23 Ekonomiutskottet
489 1125 68 21 skulle
573 1125 149 21 åstadkomma
737 1131 27 15 en
780 1124 68 21 sådan
858 1123 120 27 utredning.
995 1123 42 26 Jag

205 1152 38 21 vill
259 1153 76 26 erinra,
358 1155 32 20 att
412 1159 26 16 en
454 1154 66 21 sädan
534 1154 115 27 utredning
663 1153 47 22 icke
726 1154 43 21 kan
785 1152 161 22 ästadkommas
961 1157 76 21 genom

206 1187 27 15 en
249 1181 128 27 äterremiss,
393 1183 23 25 ty
431 1182 194 26 byggnadsarbetet
640 1183 66 26 pägär
718 1181 140 22 fortfarande,
882 1180 95 22 Sälunda
985 1181 53 20 kän-

206 1215 40 15 ner
257 1209 39 28 jag
311 1210 47 22 med
375 1210 99 22 säkerhet
489 1212 32 20 att
536 1217 50 15 man
601 1210 35 22 vid
651 1210 160 27 straffängelset
826 1209 7 21 i
849 1203 48 27 Åbo
914 1209 34 21 för
962 1210 76 20 närva-

206 1238 67 21 rande
289 1241 24 19 är
328 1239 111 27 sysselsatt
455 1239 48 22 med
518 1241 32 20 att
565 1239 90 28 uppföra
670 1239 36 22 tvä
721 1245 17 16 s.
754 1239 21 21 k.
793 1238 118 22 cellsträlar
922 1238 33 21 till
964 1237 74 28 sjelfva

206 1267 158 27 strafflängelset
387 1268 40 21 och
450 1268 61 21 dessa
534 1268 199 27 byggnadsarbeten
757 1267 64 22 torde
836 1267 47 22 icke
897 1267 73 21 kunna
984 1267 54 21 slut-

205 1295 58 22 föras
278 1296 44 22 förr
337 1298 27 19 än
379 1298 61 20 nästa
455 1297 29 21 år.

276 1354 57 21 Herr
358 1353 143 28 Procopé:
531 1353 137 22 Beträffande
694 1354 37 22 det
753 1354 46 21 slut
825 1352 85 22 hvaruti
933 1353 106 21 utskottet

206 1384 88 20 stannat
316 1382 109 27 angående
448 1383 36 21 det
506 1383 48 21 utaf
573 1383 120 22 Ständerna
714 1383 55 21 1872
786 1381 105 28 beviljade
906 1381 97 28 anslaget
1017 1380 24 22 af

206 1417 28 15 en
249 1412 74 27 miljon
339 1414 25 19 är
377 1411 36 27 jag
429 1417 50 16 ense
493 1411 48 22 med
556 1411 113 22 utskottet.
698 1411 100 22 Emedan
814 1411 28 26 på
856 1412 44 20 sätt
910 1410 56 22 Herr
975 1409 65 22 Lind-

206 1438 59 23 blom
281 1440 66 21 redan
362 1439 40 22 har
416 1439 116 22 framhållit
554 1440 133 27 Regeringen
702 1440 47 21 icke
766 1439 111 27 redogjort
892 1438 52 23 eller
958 1438 82 21 anmält

207 1470 32 19 att
255 1469 41 21 den
311 1469 24 21 af
349 1469 58 21 detta
430 1469 74 26 anslag
521 1469 94 21 användt
630 1475 45 15 mer
691 1471 27 19 än
733 1469 82 25 47,700
831 1467 61 22 mark
908 1467 23 22 så
946 1467 42 22 kan
1003 1466 37 22 det
