1109 1786
290 130 181 22 Borgareständet
483 131 54 16 1877.
562 131 12 16 6
586 130 121 17 November.
863 125 54 21 1683

85 199 43 21 mål
142 201 34 19 att
196 199 85 26 bereda,
297 199 47 22 icke
360 199 55 21 blott
431 199 117 21 understöd
564 199 23 22 ät
602 199 124 27 sjömännen
741 199 79 26 sjelfva,
836 200 40 21 när
891 199 26 22 de

85 227 66 22 blifva
166 228 77 26 gamla,
259 230 51 19 utan
327 227 60 22 äfven
404 227 23 22 åt
443 227 62 22 deras
520 227 154 22 efterlemnade
689 228 98 27 familjer,
802 228 24 21 så
842 230 24 19 är
882 227 36 22 det

84 256 79 27 tydligt
178 258 33 19 att
225 262 26 15 en
267 257 81 27 sjöman
364 257 6 20 i
387 256 26 21 de
429 256 62 21 flesta
507 256 38 21 fall
560 256 55 21 skall
626 257 65 20 tveka
700 259 33 19 att
743 257 65 21 blifva
819 257 98 26 delegåre

84 285 8 20 i
106 285 78 21 kassan
200 285 64 20 innan
288 285 41 21 han
352 285 40 27 gift
407 285 33 25 sig
459 285 39 21 och
514 285 91 21 sålunda
620 285 39 21 har
675 285 114 27 anledning
803 288 33 19 att
851 285 67 21 tänka

85 313 27 27 på
128 313 142 27 försörjandet
284 314 24 20 af
321 313 72 27 familj.
425 313 42 21 Vid
483 313 77 21 sådant
575 313 133 22 förhållande
723 313 69 22 blefve
807 314 37 21 det
859 314 59 21 svårt

85 341 33 22 för
141 342 178 26 pensionskassan
342 344 32 19 att
396 342 72 21 lemna
491 342 26 20 de
536 342 77 26 bidrag
628 342 33 21 till
677 342 105 26 familjens
798 342 119 27 underhåll,

85 376 45 16 som
147 370 60 22 deraf
221 370 110 28 påräknas.
361 370 43 22 Det
419 372 25 19 är
460 370 60 22 fallet
536 370 48 22 med
600 371 70 21 denna
683 370 90 22 likasom
785 371 48 21 med
844 370 73 28 hvarje

85 405 70 15 annan
178 399 163 27 pensionskassa
364 401 32 19 att
419 399 42 21 den
482 399 68 21 måste
565 399 95 27 grundas
675 400 27 26 på
718 400 65 21 sådan
799 399 118 27 beräkning

86 430 32 19 att
140 427 62 22 äfven
225 428 66 26 ogifta
307 427 71 22 dertill
394 428 96 26 bidraga,
508 430 21 25 ty
545 428 76 21 endast
637 428 121 26 derigenom
775 428 42 22 kan
832 428 84 28 pensio-

85 463 41 15 nen
148 457 129 21 bestämmas
300 456 31 22 till
355 458 32 20 ett
409 456 78 22 sådant
506 456 77 28 belopp
599 459 33 19 att
647 457 107 26 verkligen
771 457 69 27 någon
856 459 61 25 nytta

86 484 62 22 deraf
169 486 80 20 vinnes.
279 485 62 21 Hvad
363 485 48 21 åter
434 485 41 21 den
495 485 168 26 anmärkningen
679 485 101 22 beträffar
795 488 32 19 att
843 485 73 27 hvarje

86 514 81 27 sjöman
193 514 120 26 derigenom
336 514 68 21 blefve
427 516 94 24 tvungen
544 516 38 24 att,
606 514 101 26 antingen
730 514 53 22 hans
797 514 119 22 inkomster

86 542 77 22 sädant
179 542 69 22 tilläta
268 542 51 22 eller
334 542 53 26 icke,
403 542 73 22 betala
491 542 86 28 afgifter
592 542 33 22 till
640 542 185 27 pensionskassan,
840 543 24 21 sä
878 542 39 22 ber

83 572 37 26 jag
142 572 76 21 endast
239 573 32 20 att
286 571 71 22 dertill
373 571 21 22 fä
409 571 105 22 anmärka
529 574 34 19 att
578 571 37 22 det
627 571 25 27 ju
667 571 45 28 stär
727 571 79 22 enhvar
821 571 48 22 fritt
884 574 33 19 att

86 600 44 21 läta
152 599 102 22 inskrifva
276 600 31 26 sig
322 600 7 20 i
345 600 160 26 sjömanshuset
520 600 53 21 eller
588 600 52 21 icke.
670 600 44 21 Aro
730 600 53 22 hans
799 600 118 22 inkomster

86 629 24 21 så
125 629 46 21 små
186 631 32 19 att
233 628 42 21 han
291 628 46 22 icke
352 634 63 16 anser
430 628 33 26 sig
479 628 72 22 kunna
567 628 86 27 erlägga
669 629 26 21 de
710 629 151 21 omkostnader
876 628 41 22 och

86 657 87 27 afgifter
195 663 46 15 som
263 657 61 21 deraf
345 657 64 21 blifva
432 663 26 15 en
475 657 58 27 följd,
550 657 23 21 sä
589 657 102 21 behöfver
705 657 42 21 han
763 657 47 22 icke
825 657 45 21 läta
885 658 32 20 in-

85 685 81 22 skrifva
181 686 33 27 sig
228 686 7 21 i
251 685 164 27 sjömanshuset;
435 686 42 21 han
494 686 93 26 ätnjuter
603 686 46 21 icke
665 686 48 21 dess
728 686 82 22 mindre
826 686 68 27 skydd
910 686 6 21 i

86 715 107 27 egenskap
216 714 24 22 af
260 715 81 26 sjöman
365 715 6 20 i
393 714 52 27 följd
469 714 23 22 af
514 714 99 28 gällande
629 714 132 27 författning.
791 715 42 27 Jag
848 715 68 21 skulle

86 743 83 22 således
184 744 34 20 för
233 743 42 21 min
293 743 32 21 del
342 743 87 21 förorda
444 744 132 26 antagandet
587 743 23 21 af
618 745 117 20 momentet
746 743 19 27 d)
779 743 58 22 förra
848 744 67 21 delen.

86 771 62 22 Hvad
171 772 47 21 åter
240 772 101 21 beträffar
357 772 48 21 dess
419 778 77 16 senare
512 772 34 21 del
562 772 85 21 hvaruti
663 772 128 22 bestämmes
806 774 32 19 att
854 772 62 21 äfven

86 801 26 21 de
127 806 46 16 som
188 800 46 22 icke
250 802 37 19 äro
303 801 7 21 i
326 800 159 28 sjömanshuset
503 800 101 22 inskrifne
619 801 70 21 skulle
704 801 86 27 erlägga
805 801 111 27 pensions-

85 828 67 28 afgift,
176 828 54 22 dock
251 830 75 21 endast
349 829 32 21 till
404 829 73 22 halfva
499 829 107 27 beloppet,
629 836 62 15 anser
708 829 37 27 jag
760 830 7 20 i
782 830 69 20 likhet
866 830 49 21 med

85 857 57 22 Herr
156 858 103 26 Ignatius,
275 860 32 19 att
323 858 68 21 denna
406 858 137 27 bestämning
560 858 65 21 borde
640 858 58 28 utgå,
711 858 56 21 helst
778 858 39 22 den
828 858 87 26 komité,

86 892 44 15 som
153 886 56 22 hade
231 889 33 18 att
279 888 95 25 uppgöra
390 886 82 26 förslag
487 887 33 20 till
535 886 127 27 författning
677 887 46 21 icke
738 886 55 22 hade
809 886 65 22 infört
889 893 26 14 en

84 914 66 22 sådan
167 914 134 28 bestämning
316 915 39 21 och
372 915 69 21 denna
457 915 135 27 bestämning
607 915 39 21 alls
661 915 47 21 icke
723 915 39 21 har
777 915 98 22 inverkat
887 915 29 27 på

85 943 26 22 de
133 943 142 28 beräkningar
297 944 138 27 hvarigenom
451 944 154 26 pensionernas
620 943 77 28 belopp
713 943 70 22 blifvit
798 944 116 21 bestämda.

84 972 42 27 Jag
140 972 124 27 godkänner
280 973 82 21 således
377 973 7 20 i
399 973 44 20 allo
459 971 124 23 Utskottets
599 972 78 27 förslag
692 972 7 21 i
715 972 68 22 denna
799 972 41 23 del.

153 1029 56 22 Herr
225 1029 122 22 Kurtén:
371 1029 42 28 Jag
429 1029 69 22 måste
513 1029 74 22 säkert
599 1029 64 22 hafva
673 1029 94 28 uttryckt
778 1029 42 27 mig
831 1029 85 28 mycket

84 1057 36 22 illa
143 1059 54 20 efter
219 1059 46 21 icke
288 1059 69 26 någon
376 1058 23 21 af
413 1059 111 21 Herrarne
539 1058 74 27 tyckes
629 1058 64 21 hafva
707 1058 82 21 kunnat
803 1057 55 22 fatta
874 1058 40 21 den

84 1086 83 22 skilnad
189 1093 46 16 som
249 1087 37 27 jag
301 1087 40 21 har
355 1087 58 21 velat
429 1087 115 27 uppställa,
561 1089 22 24 ty
599 1089 45 19 mot
659 1087 66 27 några
739 1087 24 21 af
776 1087 57 21 mina
849 1087 66 21 motiv

84 1115 38 21 har
143 1115 34 22 väl
200 1116 165 27 anmärkningar
388 1116 75 27 gjorts,
486 1122 49 15 men
551 1116 47 21 icke
614 1117 45 20 mot
674 1115 74 28 sjelfva
763 1115 73 22 saken.
866 1115 49 21 Alla

83 1143 64 22 hafva
170 1145 56 20 varit
247 1151 49 15 ense
319 1145 73 21 derom
417 1146 32 19 att
473 1144 37 21 det
528 1144 47 21 icke
591 1146 24 19 är
631 1144 150 27 obligatoriskt
796 1146 33 19 att
843 1143 72 28 ingå
904 1139 15 37 i

82 1173 179 26 pensionskassan
285 1173 26 21 då
334 1179 48 15 man
405 1173 48 21 icke
476 1173 56 21 låter
554 1173 105 21 inskrifva
681 1173 31 26 sig
729 1173 8 21 i
751 1172 163 28 sjömanshuset.

83 1201 93 21 Hvarför
199 1202 26 20 då
247 1202 47 21 icke
317 1202 72 26 tvinga
413 1201 62 21 äfven
499 1201 55 26 dem,
570 1208 47 14 som
632 1201 47 21 icke
695 1201 48 21 låtit
758 1200 104 22 inskrifva
877 1201 38 27 sig,

83 1231 33 20 att
138 1230 79 27 betala,
241 1231 25 20 de
289 1232 37 20 äro
345 1230 24 27 ju
390 1231 63 21 äfven
476 1230 89 27 sjömän.
596 1230 45 21 Och
659 1230 88 21 hvarför
761 1230 47 21 icke
823 1230 6 21 i
844 1230 71 27 fattig-

82 1259 127 26 vårdslagen
231 1259 70 21 införa
323 1259 134 27 förpligtelse
481 1259 34 21 för
531 1259 46 21 dem
595 1265 44 15 som
655 1259 51 26 vilja
721 1259 56 21 lefva
791 1259 7 21 i
814 1261 32 19 ett
860 1265 55 14 sam-

82 1287 58 21 hälle
154 1290 33 19 att
202 1288 50 26 ingå
269 1288 7 21 i
291 1287 197 22 lifränteanstalter.
518 1287 85 27 Frågan
618 1289 24 20 är
657 1288 76 21 endast
748 1288 47 25 den,
810 1287 106 21 huruvida

82 1315 127 22 valfriheten
225 1317 55 21 skall
296 1323 39 21 ega
350 1323 47 14 rum
413 1317 67 20 innan
497 1322 48 15 man
561 1317 56 20 låter
632 1316 103 21 inskrifva
749 1316 32 27 sig
796 1317 6 20 i
813 1316 102 27 sjömans-

82 1344 40 21 hus
144 1344 53 22 eller
220 1351 80 16 senare.
332 1345 87 21 Enhvar
440 1345 44 21 kan
505 1345 25 27 ju
548 1345 113 21 underlåta
676 1348 32 18 att
723 1344 102 22 inskrifva
840 1344 33 27 sig
888 1345 28 26 på

83 1373 157 27 sjömanshuset
263 1374 39 21 och
317 1376 24 19 är
357 1374 124 27 derigenom
497 1373 85 22 befriad
597 1373 47 22 från
660 1373 83 27 afgifter
758 1373 33 22 till
807 1373 109 27 pensions-

82 1402 78 21 kassan
183 1402 66 27 enligt
270 1403 123 21 Utskottets
416 1402 89 27 förslag,
528 1409 46 14 som
597 1402 62 21 äfven
680 1403 37 26 jag
737 1408 63 15 anser
814 1407 52 16 vara
880 1402 35 20 väl

82 1431 135 26 motiveradt,
240 1437 48 15 men
302 1432 37 27 jag
354 1431 49 21 ville
418 1431 113 22 utsträcka
546 1431 66 21 saken
628 1431 56 21 ända
700 1431 79 21 derhän
795 1433 32 19 att
842 1430 73 21 valfri-

82 1459 37 21 het
141 1459 56 22 skall
219 1460 22 21 få
263 1467 39 20 ega
321 1467 46 14 rum
384 1460 56 21 efter
455 1459 161 28 inskrifningen.
647 1459 42 22 Det
704 1461 23 20 är
742 1462 32 19 ett
789 1459 51 26 godt
856 1459 59 22 bote-

82 1488 69 21 medel
167 1490 33 19 att
215 1490 51 25 säga
281 1490 31 20 att
329 1495 25 14 en
370 1494 44 21 ung
429 1489 84 27 sjöman
528 1488 48 21 icke
591 1488 102 21 behöfver
707 1488 44 21 låta
766 1487 104 21 inskrifva
883 1487 32 27 sig

82 1516 44 22 förr
142 1518 27 20 än
184 1516 42 22 han
243 1517 33 21 får
291 1519 69 19 större
375 1517 60 27 hyra,
451 1523 49 15 men
513 1516 38 28 jag
567 1516 73 28 frågar
655 1523 34 15 om
705 1517 65 21 målet
786 1516 48 22 med
850 1516 65 22 dona-
