1109 1786
297 140 180 21 Borgareståndet
490 140 56 17 1877.
571 141 8 16 1
592 140 120 18 December.
855 131 58 25 2068

80 213 89 24 utsatte,
192 211 68 21 såsom
285 211 64 21 också
371 210 130 27 föregående
524 210 69 22 talare
615 210 107 26 framhöll,
742 212 33 20 att
791 210 120 27 ordentliga

82 239 189 28 ordningsstadgar
287 239 71 22 kunde
373 239 95 22 utfärdas
484 239 131 22 åtminstone
631 239 33 21 för
680 239 25 21 de
721 241 68 20 större
801 239 109 27 flötnings-

81 268 94 25 lederna,
198 267 95 22 elfvarna
316 268 39 21 och
379 269 161 26 vattendragen.
571 267 50 22 Men
644 268 27 21 då
692 267 20 22 vi
733 267 94 22 betänka
842 270 32 19 att
889 267 22 22 vi

80 297 76 21 inalles
173 297 62 21 hafva
251 297 75 21 endast
341 297 46 21 åtta
403 297 127 26 ingeniörer,
546 302 46 16 som
609 296 33 21 för
657 296 60 21 detta
727 296 100 21 ändamål
838 295 72 23 kunna

80 325 116 26 användas,
221 324 39 22 och
281 325 28 27 på
330 330 82 16 samma
435 325 56 27 gång
514 324 95 22 betänka
629 325 106 27 mängden
750 325 23 21 af
787 324 67 22 elfvar
869 324 42 23 och

80 342 135 38 vattendrag,
238 353 23 22 så
284 354 39 20 bör
345 354 36 21 det
405 353 18 27 ej
447 354 23 21 så
493 353 85 27 mycket
601 353 101 21 förundra
717 359 35 15 oss
769 355 32 19 att
816 353 20 21 vi
852 355 58 19 ännu

81 382 64 21 hafva
168 383 75 21 endast
263 388 26 16 en
313 382 54 21 enda
391 382 34 27 elf,
447 382 63 22 Kemi
534 382 30 21 elf
584 382 33 21 för
632 381 85 22 hvilken
732 381 178 28 flötningsstadga

81 410 71 22 blifvit
167 411 106 21 utfärdad.
288 394 137 47 Visserligen
434 410 64 22 hafva
520 410 67 27 några
603 410 68 22 andra
679 410 66 26 leder,
755 410 71 22 såsom
839 410 70 22 Kumo

82 439 35 27 elf,
140 440 70 21 blifvit
231 440 137 24 undersökta,
392 445 48 15 men
465 439 87 27 enighet
574 439 41 21 har
633 439 19 27 ej
668 439 81 21 kunnat
773 439 73 21 vinnas
869 438 40 22 och

82 468 69 28 någon
166 468 25 22 af
204 470 132 30 guvernören
348 467 99 22 faststäld
458 468 178 27 ordningsstadga
647 468 39 21 har
696 468 19 27 ej
726 470 57 19 ännu
793 470 115 19 emanerat.

82 497 42 27 Jag
145 497 82 22 känner
249 496 18 28 ej
292 496 40 22 den
355 496 122 22 erfarenhet
499 503 50 15 man
573 498 75 20 vunnit
663 496 34 22 vid
713 496 62 22 Kemi
790 496 35 27 elf,
841 496 68 23 ehuru

82 532 49 15 man
150 525 123 29 visserligen
296 524 33 22 till
350 525 40 21 och
413 526 46 21 med
480 526 58 20 inom
563 525 60 21 detta
645 525 67 21 Stånd
733 527 43 19 sett
791 510 118 46 framlagda

81 554 130 27 fotografier,
235 554 86 21 visande
345 553 47 28 prof
413 554 29 27 på
464 554 40 21 den
528 560 42 21 nya
585 553 73 28 lagens
673 554 134 27 verkningar,
823 554 87 23 hvilken

82 583 68 21 skulle
169 583 112 21 inskränkt
295 582 160 27 flötningstiden
471 583 32 21 till
519 583 76 21 endast
611 583 36 20 två
663 583 72 26 dagar.
765 582 49 22 Men
830 582 36 21 vid
882 582 29 22 de

84 611 69 27 öfriga
175 611 99 26 elfvarna,
294 611 69 21 såsom
382 611 69 21 Kumo
468 611 40 22 och
525 611 124 27 Kymmene,
666 598 37 34 der
718 611 99 21 faststäld
832 610 76 27 stadga

84 640 83 26 saknas,
187 646 47 15 men
251 640 54 22 1873
321 640 36 21 års
371 640 126 27 författning
513 639 68 21 blifvit
597 639 118 27 tillämpad,
732 640 39 20 har
786 640 123 22 densamma

84 668 54 22 visat
160 668 33 27 sig
208 669 81 27 ganska
304 668 175 28 ändamålsenlig.
530 668 115 22 Åtminstone
668 668 33 21 vid
717 668 69 21 Kumo
801 668 30 21 elf
846 667 62 22 hafva

84 697 20 27 ej
129 696 82 22 sådana
226 697 87 27 krångel
329 697 39 21 och
384 697 131 27 oordningar
530 697 105 27 uppstått,
650 703 45 15 som
709 697 5 21 i
732 697 63 21 södra
810 696 61 22 delen
886 696 24 21 af

84 726 78 21 landet.
191 726 10 21 I
220 726 117 21 allmänhet
351 726 39 21 har
405 726 90 26 skriket,
511 728 32 19 att
559 728 82 19 vatten-
657 725 39 22 och
709 726 139 26 jordegarnes
864 727 44 19 rätt

84 754 59 27 lider,
158 754 135 28 uppkommit
308 754 121 27 derigenom
445 757 34 19 att
494 754 61 22 desse
572 754 19 27 ej
607 754 107 27 begagnat
731 754 32 26 sig
782 754 23 21 af
813 754 39 22 den
864 756 44 19 rätt

85 784 54 21 1873
163 783 36 21 års
221 783 124 27 förordning
367 784 88 26 medger
470 783 54 21 dem.
556 783 49 21 Man
622 783 41 21 kan
679 782 34 22 väl
728 782 18 27 ej
762 789 65 21 gerna
842 783 66 22 tänka

84 812 32 27 sig
130 818 25 14 en
172 812 70 21 bättre
257 811 101 22 säkerhet
372 812 33 21 för
421 818 26 16 en
462 812 95 24 fordran,
573 813 28 19 än
617 811 27 21 då
659 818 48 15 man
719 818 49 20 eger
779 814 50 18 taga
840 811 68 21 denna

83 840 99 22 fordrans
196 840 120 22 flerdubbla
331 840 65 22 värde
411 840 6 21 i
433 840 108 27 qvarstad,
557 840 70 21 såsom
644 846 49 16 man
708 840 65 26 enligt
788 840 120 26 åberopade

83 868 126 27 förordning
233 875 49 20 eger
303 871 50 24 taga
375 869 60 21 stock
459 869 6 21 i
489 869 108 26 qvarstad.
634 869 34 22 Då
689 868 82 22 således
796 868 54 22 1873
873 868 35 21 års

82 897 126 28 författning
230 899 56 20 ännu
307 897 24 21 så
346 898 50 21 kort
411 897 30 22 tid
457 897 83 21 kunnat
555 897 108 26 tillämpas
678 899 32 19 att
725 897 69 27 någon
811 897 97 22 bestämd

82 925 123 22 erfarenhet
219 926 19 26 ej
254 928 56 19 ännu
325 926 86 21 vunnits
421 932 34 15 om
467 925 184 22 vidsträcktheten
661 925 22 22 af
692 925 119 28 begreppen
823 925 85 22 strand-

82 953 40 23 och
137 955 6 20 i
159 954 114 28 synnerhet
287 957 148 24 vattenegares
450 956 46 19 rätt
510 957 57 19 samt
582 954 27 21 då
625 954 25 22 de
666 954 6 21 i
688 961 81 14 samma
784 953 124 28 författning

82 983 96 21 uttalade
199 983 107 27 principer
320 983 88 22 alldeles
426 983 126 26 kullkastas,
569 983 6 20 i
591 983 37 21 det
641 983 156 26 virkesegaren,
813 983 7 20 i
836 982 72 21 stället

82 1011 34 22 för
130 1013 32 20 att
178 1014 44 19 mot
237 1012 117 27 ersättning
368 1011 23 22 af
404 1012 29 21 all
449 1012 68 21 skada
535 1011 22 22 få
572 1012 96 26 begagna
683 1014 72 21 vatten
771 1012 38 21 och
829 1011 79 25 strand,

82 1040 80 26 kastas,
187 1041 69 21 såsom
280 1047 25 14 en
321 1040 127 27 föregående
471 1040 70 21 talare
563 1041 92 27 yttrade,
679 1040 84 21 bunden
777 1040 34 21 till
825 1039 83 22 händer

82 1068 39 22 och
142 1069 65 21 fötter
223 1069 6 21 i
243 1069 139 27 jordegarens
404 1069 56 26 våld,
479 1069 24 21 så
522 1069 37 21 vill
573 1069 37 27 jag
625 1069 32 21 för
673 1069 42 23 min
731 1069 32 21 del
779 1069 81 27 påyrka
875 1070 33 19 att

82 1097 20 21 vi
117 1103 56 21 noga
187 1097 36 22 må
237 1097 92 22 betänka
345 1104 41 19 oss,
402 1098 65 21 innan
484 1098 21 21 vi
520 1100 53 24 göra
589 1100 31 19 ett
633 1097 77 22 sådant
725 1097 48 25 dåd,
789 1097 39 21 och
844 1098 33 20 att
887 1097 20 21 vi

81 1128 77 24 antaga
182 1127 89 26 ungefär
291 1133 81 14 samma
388 1126 140 27 formulering
543 1132 46 15 som
605 1126 156 26 Ridderskapet
777 1125 39 23 och
831 1125 76 26 Adeln,

81 1154 104 27 nemligen
206 1156 39 23 att,
266 1155 67 21 ehuru
348 1155 20 21 vi
384 1161 51 15 anse
451 1157 34 19 att
500 1155 41 21 den
557 1155 23 21 af
596 1155 53 21 1872
665 1155 35 21 års
716 1154 89 22 Ständer
820 1153 88 22 stiftade

81 1183 41 26 lag,
138 1189 46 15 som
199 1183 73 21 utkom
288 1183 24 21 år
330 1184 60 25 1873,
407 1183 56 21 blott
479 1185 25 19 är
519 1190 26 14 en
561 1183 139 27 interimslag,
716 1183 20 21 vi
752 1183 53 21 dock
816 1183 33 20 för
860 1184 48 19 när-

80 1212 93 20 varande
196 1212 19 27 ej
238 1212 51 27 vilja
312 1212 70 21 deruti
405 1212 90 27 vidtaga
517 1212 70 27 någon
603 1212 96 27 ändring,
722 1211 122 28 isynnerhet
862 1217 46 16 som

79 1240 108 27 principen
204 1241 6 20 i
226 1240 36 22 det
278 1241 131 21 närvarande
420 1240 104 26 förslaget
540 1240 69 22 skulle
624 1243 76 20 nästan
716 1241 85 26 omöjlig
816 1242 52 24 göra
879 1240 29 21 all

79 1268 96 27 flötning,
195 1269 39 21 och
254 1269 88 22 emedan
358 1270 108 21 dessutom
484 1270 64 26 ingen
563 1269 121 22 erfarenhet
699 1269 91 21 rörande
808 1269 54 22 1873
872 1269 36 20 års

79 1296 34 27 lag
132 1298 93 21 vunnits.
255 1299 42 26 Jag
313 1298 37 21 ber
365 1300 32 19 att
412 1298 122 26 framdeles,
550 1304 35 15 om
601 1299 66 26 några
679 1297 165 28 anmärkningar
859 1297 49 20 här-

79 1327 57 20 emot
154 1328 71 25 göras,
241 1326 20 22 få
277 1327 87 21 bemöta
379 1327 55 21 dem.

148 1383 56 21 Herr
226 1383 147 28 Procopé:
404 1383 34 22 Då
453 1383 142 22 förevarande
610 1383 117 28 lagförslag
741 1383 143 22 behandlades
900 1383 8 21 i

79 1411 158 23 Sammansatta
260 1413 52 25 Lag-
329 1413 39 21 och
384 1413 223 24 Ekonomiutskottet,
624 1413 72 32 deltog
711 1412 60 21 äfven
785 1413 36 26 jag
836 1412 7 21 i
859 1412 48 21 dess

78 1439 130 28 behandling
231 1441 39 22 och
293 1441 108 27 päyrkade
423 1441 75 21 dervid
522 1443 33 19 att
577 1441 40 21 den
636 1441 7 21 i
663 1441 12 27 &
697 1441 12 21 3
733 1440 174 22 förekommande

78 1469 140 26 bestämning,
234 1472 32 19 att
280 1470 136 26 virkesegare
433 1469 53 21 eller
502 1469 75 22 flötare
593 1470 69 21 skulle
678 1469 85 27 åläggas
779 1472 32 18 att
827 1471 80 20 ersätta

78 1500 151 24 vattenegaren
244 1498 33 21 för
293 1498 128 26 rättigheten
439 1500 32 19 att
488 1498 99 27 begagna
602 1498 53 21 hans
674 1498 96 21 enskilda
787 1499 119 20 vattenom-

79 1526 52 22 råde
147 1526 52 22 eller
214 1526 89 22 beträda
325 1527 108 27 stranden,
451 1527 69 21 borde
538 1526 93 22 derifrån
650 1528 130 20 utmönstras
791 1526 38 22 och
838 1526 70 23 denna
