1109 1786
285 119 179 21 Borgareständet
476 120 55 19 1877.
556 119 27 17 30
594 119 123 17 November.
779 114 6 5 N
858 114 55 21 20837

81 190 33 20 att
129 188 63 21 dessa
207 187 78 28 äsigter
299 190 38 19 äro
353 187 70 22 kända
439 187 22 22 af
475 187 77 28 högsta
574 187 104 28 styrelsen
693 187 40 22 och
749 187 27 22 de
791 187 122 22 densamma

80 217 161 26 underlydande
262 216 61 27 verk;
343 217 39 21 och
406 216 71 22 derför
493 219 24 19 är
533 217 6 20 i
556 216 60 21 detta
631 216 43 27 fall,
689 222 46 15 mer
750 218 26 19 än
787 216 68 27 eljest,
870 216 43 22 till-

81 245 93 27 räckligt
194 245 74 26 sörjdt,
293 245 26 21 dä
334 245 20 21 vi
377 245 66 22 bland
466 251 35 16 oss
517 245 68 21 räkna
607 251 26 15 en
649 245 90 21 medlem
755 245 23 21 af
791 245 122 22 Skolöfver-

80 274 112 26 styrelsen.
215 274 42 26 Jag
278 275 45 20 tror
347 273 33 22 för
406 274 64 26 öfrigt
495 275 33 20 att
542 274 21 21 vi
579 273 18 27 ej
613 273 7 22 i
635 273 81 22 sädana
731 273 181 27 omständigheter

80 302 54 22 böra
149 302 53 22 söka
217 302 46 22 skäl
279 302 33 21 för
327 304 32 20 att
373 302 76 27 frängä
459 302 47 22 värt
522 302 57 21 förra
594 302 75 21 beslut.

152 358 57 22 Herr
223 358 130 28 Procop6:
384 359 51 21 Man
451 359 40 22 har
512 361 71 19 ansett
598 360 31 20 att
649 358 182 27 Borgareständet
846 358 66 22 borde

81 387 79 28 frängä
175 388 38 21 sitt
229 387 56 22 förra
301 388 68 20 beslut
384 388 33 21 för
432 389 33 20 att
480 388 91 22 sälunda
584 387 72 28 uppnä
671 394 26 14 en
714 387 46 27 fyra
771 387 80 22 Ständs
859 388 53 26 peti-

81 416 45 22 tion
142 416 41 22 och
198 416 28 27 pä
241 416 36 22 det
292 416 102 22 Ständets
410 416 81 28 äsigter
506 416 91 22 sälunda
611 417 35 21 mä
662 416 29 21 bli
707 416 23 21 af
743 416 60 21 Hans
811 416 101 27 Majestät

80 444 79 22 kända.
190 445 74 22 Sävidt
277 444 36 28 jag
329 447 40 24 vet,
385 447 25 19 är
425 445 55 21 dock
501 445 84 27 vanliga
601 447 113 19 coutumen
731 445 39 21 den
787 447 38 23 att,
840 451 34 15 om
886 451 26 15 en

81 474 23 21 af
118 476 32 20 tre
173 473 69 23 Stånd
267 476 90 23 antagen
372 474 91 26 petition
486 473 75 22 aflätes
585 474 70 21 såsom
676 473 189 27 Ständerpetition,
879 474 33 20 uti

82 502 125 22 densamma
228 502 61 22 äfven
309 502 40 22 bör
371 502 49 27 ingå
443 502 38 22 det
503 502 68 28 fjerde
586 502 101 22 Ståndets
702 502 124 27 skiljaktiga
841 502 70 22 beslut

82 531 108 22 äfvensom
207 531 118 21 motiverna
341 531 32 21 för
385 531 126 21 detsamma.
541 531 94 21 Sålunda
651 531 96 21 kommer
763 531 60 21 äfven
833 533 33 19 att
874 531 38 21 ske

81 559 7 21 i
104 559 60 22 detta
190 559 43 27 fall,
257 560 72 21 derest
353 560 90 21 Ständet
459 559 114 22 vidblifver
591 560 38 21 sitt
645 560 76 21 beslut.
751 560 30 21 På
797 560 59 21 detta
870 560 41 21 och

81 588 58 22 förut
154 589 90 20 anförda
259 588 46 21 skäl
321 595 62 15 anser
394 589 83 21 således
493 589 61 21 äfven
569 589 37 26 jag
620 591 33 18 att
661 588 90 22 Ståndet
767 589 18 26 ej
802 589 39 20 bör
854 588 56 21 afstå

81 616 46 22 från
143 618 38 20 sitt
197 616 56 22 förut
275 616 79 22 fattade
374 617 75 21 beslut.
481 616 139 22 Beträffande
643 617 57 21 Herr
716 616 121 22 Ahlströms
852 620 58 18 emot

80 644 91 23 Ståndet
186 646 76 26 gjorda
277 645 145 27 anmärkning,
438 646 37 21 vill
488 646 38 27 jag
541 646 76 21 endast
632 645 26 22 be
673 646 56 20 Herr
744 645 108 21 Ahlström
861 648 51 24 taga

80 675 100 21 närmare
204 674 55 21 notis
282 680 33 15 om
332 674 100 22 Ståndets
447 675 59 21 förra
528 674 77 24 beslut,
621 675 27 21 då
664 674 55 22 Herr
734 674 109 21 Ahlström
859 674 52 21 kan-

81 702 37 21 ske
134 702 34 22 vid
184 702 87 27 lugnare
294 702 112 28 besinning
425 703 55 21 skall
496 704 87 20 komma
597 703 32 21 till
646 709 26 15 en
688 703 70 21 bättre
773 702 138 28 uppfattning

80 731 24 21 af
117 731 102 22 Ståndets
235 731 56 27 åsigt
305 732 6 20 i
328 732 68 21 denna
412 731 67 27 fråga.

149 788 58 22 Herr
229 788 132 22 Höckert:
391 788 42 27 Jag
448 788 94 28 begärde
558 788 61 22 ordet
635 788 32 22 för
682 790 33 20 att
730 788 85 22 bemöta
831 790 31 20 ett
876 791 34 19 ut-

80 816 36 22 fall
138 816 24 22 af
182 816 56 22 Herr
259 817 116 27 Ahlström,
390 820 31 18 ett
443 817 62 21 utfall
527 818 23 20 af
564 818 36 20 det
615 817 52 27 slag,
683 823 45 15 som
743 817 124 27 visserligen
883 818 26 26 ej,

79 846 130 21 åtminstone
232 846 67 21 under
319 846 39 21 den
377 846 30 21 tid
420 846 38 26 jag
473 846 47 21 haft
535 848 52 19 äran
603 846 52 21 sitta
670 845 6 21 i
692 846 59 21 detta
767 846 73 26 Stånd,
856 846 54 21 varit

79 874 87 26 vanligt,
182 880 49 15 men
253 880 45 15 som
321 874 73 27 tyckes
417 874 61 27 börja
493 875 64 20 vinna
573 874 99 21 alltmera
687 874 70 27 insteg
770 874 27 27 på
813 877 31 18 ett
859 874 50 24 håll,

80 908 45 15 som
138 903 38 26 jag
197 902 53 22 dock
266 903 18 26 ej
300 909 62 15 anser
377 903 43 27 mig
436 903 93 22 behöfva
544 903 40 21 här
599 905 98 19 närmare
712 903 86 26 utpeka.
830 903 42 21 Det
886 905 24 19 är

79 930 119 28 beklagligt
214 933 30 19 att
262 937 48 17 man
320 931 33 22 vid
368 932 121 21 diskussion
499 938 34 15 om
550 938 25 15 en
592 931 78 22 allmän
695 931 154 28 angelägenhet
866 931 47 22 icke

79 959 55 22 skall
150 960 72 21 kunna
241 960 60 27 skilja
315 961 39 20 sak
368 960 45 21 från
430 966 78 21 person
524 961 40 21 och
580 960 46 21 icke
644 960 71 21 kunna
723 960 54 26 gifva
785 961 47 20 sina
840 960 39 21 ord
887 961 24 21 så

79 989 90 26 mycken
184 989 69 20 måtta
268 989 39 21 och
323 989 140 27 moderation,
479 995 45 15 som
542 989 70 26 vanlig
627 989 79 21 civilité
721 989 90 22 fordrar.
841 989 68 25 Hade,

79 1017 70 21 såsom
173 1017 56 21 Herr
252 1017 95 27 Procopé
370 1024 49 20 nyss
442 1018 59 25 sade,
517 1019 55 20 Herr
591 1017 108 22 Ahlström
715 1017 56 27 gjort
786 1018 33 26 sig
833 1017 77 22 besvär

79 1047 33 20 att
134 1046 49 21 med
206 1046 50 26 lugn
279 1045 39 22 och
340 1052 49 15 sans
408 1047 125 26 genomläsa
554 1046 99 22 Ståndets
672 1046 57 21 förut
744 1046 80 21 fattade
839 1047 71 21 beslut

79 1074 39 21 och
134 1074 65 21 sedan
216 1074 121 22 öfvertänkt
349 1075 55 21 hvad
420 1075 42 21 han
478 1075 49 26 läst,
540 1075 24 21 så
579 1077 46 19 tror
637 1075 38 27 jag
690 1075 41 21 han
744 1075 54 21 hade
809 1075 101 28 besparat

79 1103 32 26 sig
134 1103 36 21 det
193 1103 113 27 olämpliga
328 1104 89 21 klander
436 1103 41 22 han
497 1104 67 21 riktat
579 1106 45 19 mot
639 1103 96 22 enskilda
751 1104 159 21 medlemmar
897 1099 16 35 i

79 1131 90 22 Ståndet
184 1132 33 21 för
233 1132 60 21 deras
308 1132 7 21 i
331 1133 68 20 denna
415 1133 38 20 sak
469 1133 98 20 uttalade
582 1133 146 26 öfvertygelse.
750 1133 41 26 Jag
806 1132 36 22 vill
857 1133 52 26 hop-

78 1166 39 21 pas
132 1163 32 18 att
181 1161 36 20 det
232 1162 24 19 är
271 1160 53 22 sista
338 1161 82 26 gången
436 1167 50 15 man
499 1161 7 20 i
520 1161 60 21 detta
591 1161 66 22 Stånd
669 1161 101 21 behöfver
781 1161 52 22 höra
844 1162 65 27 något

78 1188 75 27 dylikt,
169 1189 39 21 och
223 1191 33 19 att
271 1195 49 15 man
335 1189 114 22 framdeles
465 1189 56 21 skall
537 1192 49 18 veta
601 1189 64 27 skilja
680 1190 38 21 sak
734 1189 45 21 från
794 1196 85 21 person.

146 1245 57 22 Herr
219 1245 151 22 Ahlström:
400 1246 41 27 Jag
456 1246 41 21 har
513 1246 55 22 både
583 1246 42 22 läst
640 1247 39 21 och
692 1247 49 21 hört
754 1247 26 21 de
789 1247 119 27 andragan-

78 1274 47 26 den,
148 1280 46 15 som
218 1275 6 20 i
247 1274 90 22 Ständet
358 1275 70 21 blifvit
450 1275 80 22 hållna.
561 1275 42 27 Jag
626 1275 39 21 har
686 1275 105 22 derunder
809 1275 49 22 hört
873 1281 35 15 om

77 1303 62 21 dessa
154 1303 160 28 önskningsmål
330 1305 71 24 sägas:
418 1303 26 22 de
460 1305 38 20 äro
515 1304 142 27 berättigade,
674 1304 25 21 de
715 1306 37 19 äro
769 1303 137 27 berättigade.

76 1331 50 21 Men
142 1331 66 22 saken
224 1333 24 20 är
263 1332 19 27 ej
297 1332 68 27 hjelpt
381 1332 86 21 dermed
485 1335 33 19 att
534 1339 49 14 man
598 1334 71 25 säger:
683 1333 26 20 de
720 1335 37 19 äro
767 1332 140 27 berättigade,

77 1359 26 22 de
124 1361 38 20 äro
186 1361 140 26 berättigade,
342 1367 33 16 om
393 1367 49 15 man
458 1361 34 21 för
508 1361 66 26 öfrigt
588 1363 39 24 gör
642 1361 109 27 ingenting
765 1361 52 22 eller
832 1361 76 22 endast

76 1394 38 20 ger
135 1389 58 26 goda
214 1389 73 21 löften.
317 1389 113 22 Frälsaren
451 1390 62 21 sade:
536 1390 76 24 ,Detta
630 1389 67 22 folket
713 1392 84 20 närmar
812 1390 32 26 sig
860 1390 47 21 med

76 1417 46 22 sina
146 1417 81 27 läppar,
243 1424 48 15 men
313 1418 62 21 deras
394 1418 84 27 hjertan
495 1421 39 18 äro
548 1419 59 26 långt
622 1419 54 21 ifrån
691 1419 60 27 mig”.
781 1418 31 22 På
827 1425 81 15 samma

76 1447 44 20 sätt
134 1445 43 22 kan
192 1453 49 14 man
257 1446 60 22 äfven
333 1449 58 24 säga,
407 1447 28 22 då
449 1453 51 16 man
516 1447 41 21 hör
572 1449 31 20 ett
619 1447 76 22 sådant
710 1447 73 27 språk:
799 1448 62 21 dessa
871 1453 37 15 an-

76 1474 64 26 språk
162 1476 38 20 äro
220 1475 125 27 visserligen
368 1476 135 26 berättigade
522 1475 40 22 och
577 1477 20 19 vi
613 1476 61 21 skola
689 1476 84 21 anmäla
789 1476 55 26 dem,
859 1481 48 15 men

75 1503 21 21 vi
119 1502 52 23 böra
193 1503 47 22 icke
261 1505 57 25 säga,
335 1504 53 22 hvar
407 1504 62 21 dessa
492 1504 66 22 behof
576 1506 44 20 äro.
651 1504 42 22 Det
707 1506 24 20 är
747 1510 45 16 som
807 1510 35 16 om
857 1510 50 15 man
