1109 1786
299 133 180 22 Borgareständet
493 134 56 17 1877.
575 133 25 17 27
612 133 121 17 November.
870 127 54 22 1885

92 202 23 21 få
130 202 57 21 kalla
203 202 40 21 den
259 204 58 25 prest
333 202 25 21 de
373 201 90 28 behaga,
480 202 103 21 förutsatt
599 201 55 22 dock
669 203 32 19 att
716 201 43 22 han
775 203 24 20 är
809 202 115 27 prestvigd,

92 233 52 19 utan
160 233 32 19 att
214 231 133 26 Regeringen
369 230 68 21 skulle
461 231 65 20 hafva
541 230 118 27 någonting
674 232 33 19 att
721 232 54 24 göra
790 231 48 20 med
853 230 72 27 saken,

92 260 25 21 sä
132 259 36 22 vill
181 259 37 27 jag
234 259 63 21 också
313 259 104 26 medgifva
433 261 32 19 att
481 258 256 27 dissenterförsamlingar
752 259 40 21 bör
804 259 122 22 tillkomma

92 288 113 21 enahanda
220 287 111 27 rättighet;
352 294 48 14 men
415 288 24 20 sä
455 287 63 27 länge
534 288 60 20 detta
610 287 46 21 icke
671 289 24 19 är
711 287 66 26 fallet,
793 287 24 21 sä
832 289 42 20 kan
888 288 38 27 jag

92 316 47 21 icke
154 316 46 21 inse
221 316 94 21 hvarken
338 318 75 25 nyttan
429 316 53 21 eller
498 316 187 26 nödvändigheten
701 316 22 21 af
736 318 33 19 att
784 316 63 22 ställa
863 316 62 21 dessa

92 344 261 33 dissenterförsamlingar
362 344 65 28 högre
443 346 27 20 än
487 345 41 21 den
544 344 68 28 kyrka
627 344 33 21 till
676 344 85 21 hvilken
778 344 35 21 det
825 345 100 32 ojemför-

93 373 39 27 ligt
146 375 80 19 största
242 373 90 21 flertalet
347 373 7 21 i
369 374 48 20 värt
432 372 51 22 land
498 373 46 21 hör.
575 373 42 27 Jag
632 373 42 21 kan
691 373 70 21 derför
775 373 48 21 icke
838 374 33 20 för
883 373 42 21 min

78 421 6 9 «
93 402 34 21 del
143 404 66 20 annat
224 402 51 27 inse,
290 404 25 19 än
333 404 32 19 att
380 402 69 21 denna
464 402 137 26 bestämning
617 404 25 18 är
657 402 131 26 fullkomligt
793 401 132 33 berättigad

78 421 55 31 "och
148 431 33 21 får
196 419 79 33 derför
281 430 86 22 anhålla
383 433 32 19 att
430 418 183 38 Borgareståndet
629 430 66 21 måtte
711 418 87 33 förena
789 414 13 47 '
799 430 32 27 sig
847 436 35 15 om
893 432 33 19 att

92 460 113 26 godkänna
229 460 59 20 detta
311 462 98 23 moment,
433 448 78 32 sådant
534 459 37 21 det
592 459 22 21 af
636 459 105 21 utskottet
764 461 24 19 är
803 459 122 27 redigeradt

93 490 51 19 utan
160 490 33 20 att
215 488 74 21 härvid
312 488 43 21 låta
377 488 49 21 leda
448 488 32 27 sig
496 488 21 21 af
532 488 67 26 några
614 488 160 21 känsloutbrott
789 488 22 20 af
825 490 33 19 ett
873 487 52 22 eller

92 519 67 19 annat
174 517 51 27 slag.

162 575 57 20 Herr
241 574 32 21 W.
296 573 117 27 Nystén:
443 574 43 26 Jag
509 573 39 22 har
571 574 76 26 begärt
669 573 61 22 ordet
747 574 48 21 med
810 573 115 26 anledning

94 602 23 21 af
131 603 36 20 det
183 602 82 22 försvar
279 602 56 21 Herr
349 602 96 26 Ignatius
461 602 73 21 anfört
549 602 33 21 för
598 602 117 21 utskottets
726 602 142 21 betänkande.
892 602 33 21 Då

94 631 56 21 Herr
173 632 97 26 Ignatius
292 637 62 15 anser
374 631 40 21 den
429 637 29 15 nu
474 630 148 27 ifrågaställda
637 630 120 22 kontrollen
773 631 53 21 ifrån
843 632 81 20 statens

93 660 47 20 sida
163 660 60 21 öfver
245 659 267 27 dissenterförsamlingars
535 660 34 20 val
589 659 22 21 af
625 662 82 24 prester
723 659 38 21 och
777 659 148 21 föreståndare

94 688 98 27 betingas
214 688 62 22 deraf
296 690 31 19 att
349 691 70 18 staten
441 690 58 19 ännu
515 688 6 21 i
537 689 48 20 vårt
601 688 49 21 land
666 688 39 21 bör
720 688 138 21 tillerkännas
873 688 52 21 kon-

94 716 50 22 troll
158 718 7 20 i
181 717 118 21 allmänhet
321 717 58 21 öfver
399 717 188 26 församlingarnes
603 716 180 26 trosbekännelse,
799 717 24 21 sä
839 716 36 21 vill
888 716 37 26 jag

93 745 72 22 erinra
181 746 80 26 derom,
277 747 32 19 att
324 746 7 20 i
346 746 67 20 andra
427 746 34 27 $:n
478 746 68 21 finnes
563 746 39 20 den
619 746 132 26 bestämning
767 748 32 18 att
810 746 115 20 dissenter-

93 774 125 27 församling
240 775 39 20 bör
301 774 103 26 redogöra
426 775 33 20 för
483 774 32 21 sin
538 774 176 21 trosbekännelse
733 774 39 21 och
787 776 32 19 att
834 774 92 21 sälunda

92 803 72 21 deruti
185 803 48 21 icke
254 803 42 21 kan
318 803 49 26 ingä
388 803 65 26 nägot
476 809 47 15 som
541 803 80 21 strider
636 805 58 19 emot
708 802 105 27 sedlighet
829 802 39 22 och
884 802 41 21 den

93 831 90 27 ordning
198 832 80 26 hvarpä
293 833 70 19 staten
378 832 69 20 hvilar
462 832 41 20 och
518 834 33 19 att
567 832 71 20 derför
653 831 93 21 hvarken
762 831 66 27 nägra
844 832 80 20 dissen-

93 861 34 20 ter
142 860 48 21 med
213 860 94 26 osedliga
330 860 113 21 tendenser
459 860 74 21 kunna
554 860 7 21 i
577 860 48 21 värt
640 860 49 21 land
705 860 58 21 bilda
777 860 148 26 församlingar

93 888 53 21 eller
168 888 94 22 kontroll
284 888 55 21 ifrän
365 888 84 22 Statens
473 889 48 20 sida
544 888 58 21 öfver
625 889 62 21 deras
709 891 83 24 prester
815 888 109 21 behöfvas.

94 917 61 21 Hvad
172 917 33 21 för
221 917 64 28 öfrigt
299 917 56 21 Herr
373 917 78 27 Ignatii
467 917 102 27 yttrande
585 918 73 26 angår,
667 917 24 21 så
705 920 45 18 tror
763 917 38 26 jag
816 919 32 19 att
864 917 61 20 detta

94 945 93 22 berodde
202 947 28 26 pä
253 953 25 14 en
303 946 117 27 förvexling
436 946 92 21 emellan
544 948 84 25 prester
643 946 39 21 och
699 945 152 22 föreståndare.
882 945 42 22 Det

93 976 25 19 är
132 974 161 22 föreständaren
309 975 7 20 i
332 981 25 14 en
374 974 231 27 dissenterförsamling
619 981 46 14 som
681 974 32 21 för
727 975 147 25 civilregistret
884 974 40 21 och

94 1003 97 21 utfärdar
206 1003 133 27 frejdebevis.
369 1003 42 21 Det
427 1005 23 19 är
465 1003 50 27 han,
531 1009 46 15 som
593 1003 45 21 stär
653 1003 6 20 i
675 1003 99 26 beröring
783 1003 47 20 med
843 1005 81 19 statens

92 1031 124 22 funktioner
239 1032 38 21 och
301 1032 36 21 det
359 1033 24 19 är
405 1038 26 15 ur
453 1032 41 21 den
511 1033 135 26 synpunkten
662 1032 36 21 det
713 1032 41 21 kan
769 1032 107 21 försvaras
892 1033 32 19 att

92 1061 70 20 staten
185 1061 55 20 skall
263 1061 113 27 godkänna
400 1060 177 22 föreständarens
600 1060 131 27 lämplighet.
760 1060 43 21 Det
826 1062 24 19 är
872 1060 52 21 visst

91 1089 61 20 fallet
168 1089 7 20 i
191 1089 124 27 frikyrkliga
338 1089 150 26 församlingar
512 1092 32 18 att
567 1091 86 25 presten
673 1089 64 21 oftast
753 1089 60 20 äfven
829 1090 25 19 är
869 1088 55 22 före-

92 1117 108 26 ständare,
223 1124 48 15 men
286 1119 6 20 i
309 1118 59 21 detta
390 1117 37 22 fall
443 1117 99 22 kommer
558 1118 41 21 han
616 1118 65 21 ocksä
701 1117 135 27 naturligtvis
857 1117 67 21 under

93 1146 161 27 bestämningen
277 1147 7 20 i
299 1147 68 20 andra
389 1149 125 24 momentet,
530 1147 40 20 och
586 1146 53 21 hans
654 1147 34 20 val
704 1146 39 21 och
758 1146 53 21 hans
826 1146 98 26 lämplig-

91 1174 37 22 het
143 1175 97 21 kommer
256 1175 89 21 sälunda
363 1175 65 21 ocksä
443 1178 33 18 att
492 1175 24 21 af
530 1177 70 19 staten
617 1175 90 26 pröfvas.
738 1175 114 21 Dessutom
869 1174 55 21 skall

90 1203 38 21 det
142 1203 6 20 i
164 1204 98 20 utlandet
278 1203 67 21 finnas
361 1204 81 26 ganska
458 1204 79 26 mänga
553 1204 254 26 dissenterförsamlingar
817 1209 45 15 som
876 1203 47 21 icke

90 1231 63 22 hafva
169 1232 70 27 någon
254 1232 97 21 bestämd
368 1232 75 26 lärare,
459 1235 53 18 utan
529 1232 62 21 hafva
607 1232 34 21 vid
658 1232 40 21 den
714 1239 39 14 ena
768 1232 156 21 sammankom-

89 1262 49 19 sten
161 1261 40 20 den
224 1267 40 15 ena
286 1261 40 21 och
348 1261 35 21 vid
405 1261 41 21 den
469 1261 70 21 andra
555 1261 40 21 den
614 1261 73 21 andra.
718 1261 65 21 Desse
800 1261 69 20 lärare
885 1262 37 19 äro

90 1288 47 21 icke
152 1289 91 22 tillsatta
265 1289 70 22 säsom
357 1290 66 26 nägra
438 1290 114 21 bestämda
569 1290 152 26 funktionärer,
736 1291 52 20 utan
804 1289 120 21 församlin-

89 1323 53 21 gens
158 1319 137 20 medlemmar
310 1319 6 20 i
333 1321 34 18 tur
383 1318 38 21 allt
437 1318 56 21 efter
509 1319 95 26 förmäga
620 1319 39 20 och
672 1319 87 20 kallelse
769 1317 74 22 utöfva
854 1317 69 22 denna

90 1346 194 28 lärarebefattning.
315 1347 41 26 Jag
378 1349 25 19 är
424 1347 54 21 visst
495 1353 50 15 ense
561 1347 48 21 med
625 1347 57 21 Herr
691 1347 98 21 Boström
806 1346 69 21 deruti
891 1348 33 19 att

89 1374 38 21 det
142 1375 81 22 kanske
240 1382 49 15 vore
305 1376 98 26 önskligt,
419 1377 33 20 att
467 1376 64 21 äfven
543 1376 26 21 de
581 1375 242 27 evangelisk-lutherska
833 1375 90 21 försam-

90 1403 96 26 lingarne
201 1404 56 27 finge
272 1406 68 19 större
359 1405 64 20 frihet
439 1405 36 20 vid
491 1405 59 21 valet
565 1405 24 21 af
602 1405 134 26 själasörjare
752 1406 25 19 än
793 1410 45 15 som
855 1409 29 15 nu
900 1405 23 20 är

89 1431 66 27 fallet,
171 1439 48 15 men
236 1433 59 21 detta
317 1435 24 19 är
356 1433 55 21 dock
430 1434 69 25 nägot
514 1436 71 19 annat.
618 1433 46 21 Den
679 1432 244 27 evangelisk-lutherska

89 1461 83 27 kyrkan
188 1463 25 20 är
228 1462 123 26 statskyrka
373 1461 7 21 i
395 1462 48 21 värt
458 1462 53 21 land
527 1462 40 21 och
584 1462 69 21 denna
669 1462 47 21 dess
731 1462 107 26 egenskap
856 1461 66 20 betin-

89 1495 41 21 gar
145 1489 69 22 skilda
230 1490 168 26 gvalifikationer
413 1490 39 22 hos
468 1490 51 22 dess
534 1490 141 27 själasörjare,
692 1490 39 21 och
746 1490 55 21 ifrän
817 1489 41 21 den
874 1495 49 21 syn-

88 1518 98 26 punkten
208 1520 25 20 är
255 1525 25 15 en
303 1525 148 21 noggrannare
475 1519 42 21 och
533 1519 156 21 vidsträcktare
705 1518 58 22 makt
778 1519 46 21 från
840 1520 82 19 statens
