1109 1786
281 120 181 23 Borgareståndet
473 122 56 17 1877.
554 122 29 17 30
595 121 130 18 November.
851 116 55 21 1989

74 189 68 22 måtte
165 189 142 28 godkännas",
323 191 51 20 utan
394 189 53 22 böra
463 189 25 22 de
504 189 190 27 omständigheter,
711 195 44 16 som
771 189 7 21 i
793 189 61 22 detta
869 189 37 22 be-

74 218 108 22 tänkande
203 218 132 21 förekomma
354 219 29 26 på
397 218 60 21 sidan
473 219 12 21 5
502 219 69 21 under
585 219 13 20 7
614 220 123 24 momentet,
753 219 131 27 nödvändigt
899 219 7 20 i

75 247 131 21 Ständernas
228 253 49 15 svar
299 247 129 21 framhållas.
459 247 32 21 En
512 253 70 15 annan
597 247 39 21 sak
651 248 25 19 är
691 247 96 21 deremot
801 246 105 23 huruvida

74 276 38 21 det
126 277 25 19 är
166 275 134 26 erforderligt
315 277 32 20 att
362 275 120 22 Ständerna
497 276 74 21 derom
587 275 102 22 särskildt
705 275 90 27 besluta,
807 276 53 21 eller
870 282 36 15 om

75 304 37 21 det
134 303 54 21 skall
212 310 61 15 anses
296 310 50 15 vara
369 310 26 15 en
415 303 112 28 sjelffallen
542 304 45 24 sak,
603 305 33 20 att
651 303 253 27 Expeditionsutskottet,

74 334 53 19 utan
142 334 33 19 att
190 332 73 22 derom
279 332 82 22 erhålla
375 332 70 27 någon
460 332 57 22 skild
532 333 101 27 antydan,
648 332 78 26 fullgör
739 332 32 21 sin
784 332 122 27 skyldighet

75 360 40 22 och
130 360 8 22 i
153 360 130 22 Ständernas
302 367 49 15 svar
369 360 122 22 framhåller
511 361 55 21 hvad
582 361 36 21 det
633 360 22 22 af
670 360 164 22 kommissionen
850 361 56 21 före-

75 388 74 28 slagna
171 392 103 24 systemet
295 389 95 22 innebär.
419 390 51 21 Icke
493 390 100 21 hänvisar
616 396 49 14 man
685 390 6 20 i
711 391 30 19 ett
763 389 143 27 underdånigt

75 424 49 15 svar
144 418 33 21 till
200 418 89 27 bilagor,
305 424 45 16 som
370 418 124 27 visserligen
514 418 69 22 blifvit
605 418 120 22 Ständerna
743 417 99 28 delgifna,
857 424 49 15 men

75 452 46 16 som
143 447 54 26 icke,
213 447 70 21 såvidt
305 453 49 15 man
377 449 41 25 vet,
441 447 86 21 komma
549 449 33 19 att
602 446 77 27 åtfölja
701 447 36 21 det
759 447 147 27 underdåniga

75 477 79 25 svaret,
169 478 51 19 utan
244 476 70 21 deruti
337 475 126 22 förutsättas
486 477 71 20 såsom
580 476 77 20 kända.
686 475 114 21 Tvekande
821 476 85 21 således

75 504 105 21 huruvida
201 504 70 26 någon
289 504 107 22 föreskrift
412 504 39 21 bör
466 504 249 27 Expeditionsutskottet
729 504 114 26 meddelas,
859 506 47 20 tror

72 532 38 28 jag
132 533 37 21 det
192 533 54 21 dock
269 539 51 15 vara
342 532 121 28 lämpligast
483 535 33 19 att
530 533 28 27 gå
574 534 65 20 saken
655 533 48 21 med
719 533 85 26 tystnad
820 533 62 26 förbi,
898 533 7 21 i

76 561 143 28 öfvertygelse
233 563 33 20 att
281 562 254 27 Expeditionsutskottet,
550 562 43 21 alla
603 561 134 22 föreskrifter
747 561 91 27 förutan,
850 561 55 22 skall

75 590 114 21 observera
204 590 149 22 förhållandet.

144 647 57 21 Herr
221 647 118 22 Kurtén:
370 648 46 20 Den
437 647 89 27 farhäga
544 648 57 21 Herr
616 648 57 26 Berg
688 648 95 20 uttalade
799 649 38 24 att,
854 648 51 21 oak-

74 676 48 21 tadt
137 676 19 20 vi
180 682 29 14 nu
231 676 65 21 tänka
319 682 35 15 oss
373 676 70 21 banan
458 676 71 28 byggd
545 676 49 22 med
612 678 25 20 15
653 676 116 27 skälpunds
785 676 83 26 skenor,
885 676 19 21 vi

75 704 54 22 dock
144 704 57 22 inom
217 705 50 21 kort
281 704 31 22 tid
328 705 70 21 kunde
413 705 30 21 bli
459 705 152 22 öfverraskade
626 705 25 21 af
663 707 33 19 att
711 705 20 21 fä
747 711 25 15 en
788 705 56 21 bana
856 705 48 21 med

74 733 78 21 skenor
174 732 25 22 af
215 734 25 20 21
257 733 116 27 skälpunds
388 733 50 27 vigt,
455 740 63 15 anser
530 734 38 27 jag
583 740 51 14 vara
650 733 116 27 förebyggd
782 734 121 26 derigenom

74 763 32 20 att
121 762 7 21 i
143 762 95 26 punkten
255 763 12 20 2
283 762 7 21 i
305 762 176 22 kommissionens
497 762 82 27 förslag
589 762 171 28 täghastigheten
772 764 24 19 är
806 762 98 21 bestämd

75 790 31 21 till
129 790 62 26 högst
215 791 48 27 21/,
279 791 35 21 mil
330 791 7 21 i
353 791 94 21 timmen.
479 792 43 20 Det
544 793 25 19 är
591 791 76 21 endast
687 791 87 21 emedan
794 797 48 15 man
858 790 46 22 icke

74 818 47 27 nöjt
143 820 32 25 sig
197 820 48 20 med
269 820 68 20 denna
359 819 113 27 hastighet,
488 822 52 19 utan
561 820 86 21 förökat
663 820 40 20 den
719 819 45 22 frän
781 819 74 27 början
871 819 34 21 för

74 847 32 22 S:t
125 847 146 27 Petersburg—
281 843 115 37 Riihimäki
413 848 70 21 banan
499 848 123 22 beräknade
638 848 140 27 hastigheten,
793 854 45 15 som
855 854 49 15 man

74 876 70 21 blifvit
166 879 93 24 tvungen
281 879 33 18 att
329 879 81 19 ersätta
428 877 26 20 de
470 877 78 21 lättare
564 878 107 20 skenorna
687 877 47 20 med
750 879 81 24 tyngre.
861 877 44 20 För

74 910 26 15 en
116 904 108 27 hastighet
244 905 23 21 af
281 905 48 27 21/,
345 905 35 21 mil
397 905 6 20 i
419 905 88 22 timmen
524 907 37 20 äro
578 906 26 20 de
620 912 28 14 nu
664 905 119 26 föreslagna
798 905 106 21 skenorna

74 932 67 22 under
163 933 96 22 normala
281 933 147 22 förhållanden
451 934 50 21 fullt
524 934 136 27 tillräckliga,
673 934 40 21 och
736 940 47 15 man
806 934 42 21 kan
870 934 34 21 väl

73 961 116 27 ingalunda
206 962 115 21 förutsätta
337 965 32 18 att
381 962 213 28 jernvägsstyrelsen,
610 965 52 18 utan
678 965 32 18 att
725 962 68 27 nägon
809 963 95 20 nödvän-

74 989 73 28 dighet
162 991 71 20 dertill
250 992 90 26 tvingar,
356 991 55 21 skall
427 991 77 26 utbyta
520 992 62 20 dessa
597 991 78 22 skenor
690 993 45 19 mot
750 993 81 24 tyngre.
858 991 46 21 Och

74 1024 34 15 om
131 1019 19 26 ej
173 1019 134 27 hastigheten
330 1019 92 26 förökas,
439 1020 25 21 sä
487 1020 42 21 kan
548 1020 53 21 efter
620 1020 43 21 alla
678 1019 147 27 beräkningar,
840 1020 64 25 ingen

74 1047 66 21 sädan
163 1048 114 26 tvingande
299 1048 158 27 omständighet
480 1048 93 22 inträffa.
604 1049 50 21 Just
676 1048 47 21 med
738 1048 98 21 afseende
852 1048 52 21 härä

73 1075 40 22 har
134 1075 113 23 Utskottet
268 1077 27 26 pä
310 1077 39 21 sid.
367 1079 70 19 9—10
453 1079 77 25 yttrat:
562 1077 61 28 ,Men
639 1077 37 21 det
691 1078 116 26 (systemet)
823 1077 82 21 tillåter

73 1104 47 50 e
142 1104 66 22 heller
231 1108 32 19 att
285 1105 71 22 afvika
378 1105 48 22 frän
449 1106 26 21 de
498 1105 76 27 vilkor,
591 1106 81 27 hvarpä
693 1106 48 21 hela
758 1105 146 26 anordningen

89 1139 58 15 vilar.

142 1191 57 20 Herr
214 1191 140 21 Höckert:
378 1191 25 27 Ej
419 1191 68 21 heller
500 1192 38 26 jag
553 1191 67 21 finner
636 1191 42 27 mig
693 1191 147 21 tillfredsstäld
856 1191 48 21 med

73 1218 40 22 den
128 1218 140 29 formulering
284 1220 111 21 Utskottet
410 1220 62 27 gifvit
487 1220 61 21 detta
564 1220 67 21 andra
646 1223 94 18 moment
755 1220 30 21 uti
801 1219 103 27 förslaget

72 1247 32 21 till
128 1247 142 28 underdånigt
293 1255 48 14 svar
364 1249 30 21 uti
417 1249 70 21 denna
510 1249 163 26 angelägenhet,
689 1249 39 21 och
747 1249 39 20 har
801 1248 18 27 ej
836 1248 68 21 heller

71 1275 58 22 inom
148 1276 212 28 Jernvägsutskottet
375 1277 88 27 deltagit
479 1278 6 20 i
499 1277 135 28 justeringen
650 1277 23 21 af
687 1277 59 22 detta
761 1277 143 21 betänkande.

71 1305 67 21 Detta
160 1308 96 19 moment
271 1306 66 21 borde
359 1306 65 21 blifva
446 1306 129 27 utförligare
593 1306 146 26 formuleradt,
755 1305 88 22 emedan
858 1305 46 21 Ex-

71 1333 220 26 peditionsutskottet,
314 1335 67 26 enligt
403 1335 38 21 der
463 1335 130 27 vedertagen
617 1335 78 26 praxis,
721 1335 46 20 icke
789 1340 62 15 anser
872 1334 32 27 sig

71 1368 51 15 vara
136 1361 133 28 berättigadt
285 1366 32 19 att
332 1363 67 21 ändra
415 1363 76 27 sjelfva
506 1363 107 22 klämmen
629 1363 6 21 i
651 1363 36 21 det
702 1363 144 26 underdäniga
857 1368 47 16 sva-

71 1392 39 20 ret.
141 1390 50 22 Mitt
207 1391 80 27 förslag
303 1393 23 20 är
341 1392 85 21 derföre
441 1394 33 19 att
490 1394 119 19 momentet
621 1392 168 21 äterremitteras
799 1391 33 22 till
842 1391 62 22 Jern-

70 1419 161 27 vägsutskottet
253 1421 33 21 för
309 1420 66 21 sädan
398 1421 176 26 omformulering
592 1423 33 18 att
640 1421 65 21 derur
720 1421 75 26 tydligt
810 1420 94 27 framgär

71 1448 55 21 hvad
149 1448 88 22 dermed
260 1449 87 28 åsyftas,
362 1449 27 28 pä
408 1449 36 22 det
459 1449 249 28 Expeditionsutskottet
723 1449 18 26 ej
757 1449 35 22 mä
807 1449 73 22 ställas
896 1448 8 21 i

71 1476 136 27 villrädighet
223 1477 56 22 huru
294 1478 36 21 det
345 1477 148 27 underdäniga
508 1480 72 20 svaret
595 1478 39 21 bör
649 1478 92 21 affattas.
