1109 1786
300 115 179 22 Borgareståndet
491 116 55 18 1877.
570 116 26 18 27
607 116 122 18 November.
869 111 56 21 1879

164 185 69 22 Sedan
249 185 219 28 protokollsutdraget
483 185 71 22 blifvit
569 185 86 27 uppläst
670 185 85 27 yttrade
769 185 34 27 sig

162 243 57 21 Herr
241 242 185 27 Tengström:
456 242 41 27 Jag
520 242 98 21 anhåller
640 244 33 19 att
696 242 22 21 få
740 242 109 28 tillstyrka
864 244 61 20 anta-

92 271 81 27 gandet
188 271 22 22 af
230 271 157 27 Ridderskapet
402 271 39 22 och
457 271 81 21 Adelns
554 270 126 28 inbjudning
695 271 39 22 och
749 271 37 22 det
801 272 24 21 så
841 271 84 28 mycket

94 306 46 15 mer
154 306 46 15 som
216 302 31 18 ett
263 299 78 27 förslag
355 299 7 21 i
378 306 81 14 samma
475 299 56 27 syfte
546 300 75 20 väckts
637 299 22 21 af
669 300 42 26 mig
723 299 26 21 då
761 299 164 28 ifrågavarande

94 328 78 28 nådiga
187 328 133 27 proposition
335 328 7 21 i
357 328 90 22 Ståndet
461 328 85 22 förevar
561 334 49 15 men
626 328 34 21 vid
677 328 132 28 omröstning
818 328 105 22 förkasta-

93 358 45 21 des.
170 356 78 23 Skälen
264 356 70 22 blefvo
349 357 35 21 vid
400 357 36 21 det
451 356 95 22 tillfället
559 356 24 22 af
593 356 44 28 mig
650 356 134 22 framhällna.

162 414 57 22 Herr
233 414 138 22 Höckert:
401 414 42 27 Jag
457 414 99 21 anhäller
572 415 32 21 att
619 414 22 21 fä
656 413 74 22 förena
745 413 44 27 mig
804 414 48 22 med
867 413 57 23 Herr

91 442 135 28 Tengström.

162 500 32 22 Pä
208 500 157 27 framställning
377 500 23 22 af
413 500 56 22 Herr
485 500 156 22 Talmannen
657 499 69 23 beslöt
742 499 90 23 Ständet
844 502 33 20 att
887 506 37 16 an-

92 531 51 26 taga
157 529 158 27 Ridderskapet
331 529 39 22 och
385 529 82 21 Adelns
481 529 141 21 förevarande
638 528 130 28 inbjudning.

160 672 120 27 Föredrogs
294 674 31 20 ett
335 672 22 22 af
366 673 57 21 Herr
437 672 103 28 Nybom
556 672 31 22 till
599 672 57 22 Herr
671 672 156 22 Talmannen
843 672 78 22 inlem-

90 700 53 22 nadt
158 701 213 27 petitionsmemorial
387 700 22 22 af
422 701 95 27 följande
533 700 105 22 innehäll:

157 786 60 28 »Till
237 786 116 28 Vällofliga
368 786 187 29 Borgareständet
571 787 38 21 vid
624 786 145 28 Landtdagen
785 787 69 21 1877.

159 844 78 21 Dertill
253 844 112 21 föranledd
380 844 23 21 af
417 850 26 16 en
459 844 69 22 under
543 844 140 28 Landtdagen
698 844 99 21 inträffad
812 844 109 26 händelse,

91 872 172 27 myntreformen,
286 873 66 26 vägar
368 873 38 27 jag
420 873 111 21 vördsamt
546 873 80 21 föreslä
641 879 26 15 en
682 872 133 27 underdänig
830 872 92 27 petition

91 901 33 21 till
139 901 27 21 H.
183 901 28 21 M.
228 901 132 22 Storfursten
382 907 34 15 om
432 901 151 27 upphäfvande
599 901 23 22 af
635 901 36 22 det
686 901 7 21 i
708 903 12 19 9
736 901 49 27 kap.
801 903 12 19 6
827 902 11 25 $
854 900 26 23 H.
895 900 25 22 B.

90 929 103 27 stadgade
208 929 77 22 förbud
300 932 57 19 emot
373 931 32 20 att
419 931 52 25 taga
486 929 53 22 eller
554 930 45 21 läta
615 929 114 22 förskrifva
741 930 32 27 sig
783 929 66 27 högre
860 931 62 20 ränta

90 960 28 19 än
134 964 37 16 sex
185 957 34 22 för
233 958 110 21 hundrade
358 965 35 15 om
407 959 54 21 året.

160 986 71 22 Sedan
253 987 47 21 värt
320 987 50 21 land
385 993 90 15 numera
490 986 33 22 till
539 987 76 26 lagligt
630 986 189 27 betalningsmedel
835 985 87 23 erhällit

90 1015 58 27 guld,
170 1015 86 22 hvilken
279 1016 72 21 metall
373 1016 62 21 äfven
451 1017 25 20 är
497 1015 203 27 betalningsmedlet
715 1015 38 22 hos
769 1015 26 21 de
809 1014 63 22 flesta
887 1021 35 15 oss

90 1043 135 28 omgifvande
248 1044 78 27 folken,
347 1045 47 20 med
410 1044 74 21 hvilka
499 1044 21 21 vi
536 1045 65 21 redan
617 1045 35 20 stä
665 1045 8 20 i
686 1043 120 28 betydande
821 1043 102 22 handels-

91 1073 122 25 relationer,
236 1072 74 22 hvilka
332 1079 76 21 genom
431 1073 94 21 nämnda
544 1072 221 28 lagstiftningsätgärd
781 1072 52 22 utan
848 1071 74 22 tvifvel

90 1101 61 22 skola
166 1103 117 25 yttermera
298 1101 90 27 tilltaga,
403 1101 24 22 sä
442 1102 63 21 skola
520 1101 61 22 äfven
597 1101 222 27 guldströmningarna
833 1100 34 21 till
882 1101 39 21 och

90 1129 49 22 från
161 1129 92 22 Finland
276 1130 96 27 betingas
395 1130 22 21 af
437 1130 114 21 enahanda
567 1130 88 21 orsaker
670 1136 44 15 som
730 1130 7 21 i
753 1130 26 21 de
794 1129 68 22 andra
876 1129 46 22 län-

91 1159 73 24 derna,
180 1158 73 22 hvilka
268 1159 62 21 hafva
345 1158 51 27 guld
411 1159 32 21 till
459 1159 76 27 lagligt
550 1159 197 26 betalningsmedel.

159 1187 76 21 Ehuru
256 1187 121 21 räntefoten
396 1187 125 27 visserligen
536 1187 47 21 icke
598 1189 25 19 är
637 1187 161 27 grundorsaken
813 1186 33 21 till
860 1186 62 27 guld-

90 1214 181 23 fluktuationerna
293 1215 85 22 folkena
395 1215 99 27 emellan,
511 1216 23 21 sä
550 1218 25 19 är
589 1216 41 21 den
646 1216 54 21 dock
715 1222 26 15 en
756 1216 23 21 sä
795 1214 66 28 vigtig
876 1214 46 22 fak-

90 1246 35 19 tor
140 1244 34 21 vid
189 1245 136 26 reglerandet
339 1245 90 21 medelst
444 1244 240 27 metallförsändningar
698 1244 24 21 af
735 1245 26 20 de
776 1250 77 21 genom
868 1243 53 22 han-

89 1273 50 20 deln
160 1273 173 26 uppkommande
356 1273 226 22 skulaförhällandena
605 1273 91 21 emellan
713 1273 109 25 länderna,
838 1273 32 20 att
886 1272 36 21 det

88 1301 56 21 skall
160 1300 67 22 blifva
248 1302 58 21 svärt
328 1305 33 18 att
376 1303 6 20 i
397 1302 75 21 landet
487 1302 113 27 gvarhälla
615 1301 53 22 eller
683 1301 31 22 dit
729 1301 88 27 indraga
833 1301 41 21 den
889 1300 34 22 för

88 1329 117 22 affärernas
227 1330 109 23 orubbade
356 1331 57 27 gäng
427 1331 81 27 nödiga
523 1331 186 26 guldgvantiteten
725 1330 71 21 derest
810 1329 48 22 icke
873 1331 49 20 rän-

88 1360 38 20 tan
140 1359 63 26 göres
218 1359 33 21 fri.

158 1386 108 23 Särskildt
281 1387 54 22 skall
351 1387 132 22 Ständernas
498 1387 65 27 bank,
579 1393 35 16 om
629 1387 99 22 förbudet
743 1387 7 22 i
765 1386 158 23 ofvannämnda

88 1415 14 28 8
117 1415 23 22 af
154 1415 27 22 H.
196 1415 25 22 B.
247 1416 124 27 bibehälles,
387 1418 58 20 möta
468 1417 123 27 synnerliga
609 1416 132 27 svårigheter
755 1418 33 19 att
803 1415 48 22 med
866 1415 57 20 iakt-

88 1444 95 27 tagande
197 1445 24 21 af
235 1445 26 21 de
277 1445 33 21 för
325 1445 124 22 densamma
463 1445 116 22 faststälda
594 1445 133 22 föreskrifter
741 1444 116 27 behörigen
873 1443 49 21 full-

88 1474 53 26 göra
162 1473 49 21 sina
233 1473 128 22 funktioner.
391 1473 86 22 Sädana
500 1473 133 27 svärigheter
655 1473 28 21 ba
697 1473 66 21 redan
781 1473 80 26 begynt
876 1471 46 23 visa

87 1501 33 27 sig
134 1501 71 22 säsom
221 1508 51 16 man
286 1502 69 22 finner
368 1502 25 22 af
405 1502 212 27 Bankfullmäktiges
627 1502 33 22 till
670 1501 168 23 Bankutskottet
848 1500 74 22 inlem-
