1109 1786
282 123 180 22 Borgareståndet
474 124 56 17 1877.
555 123 27 18 29
595 123 120 18 November.
854 117 54 22 1983

81 193 67 21 derna
164 199 27 14 nu
207 192 68 21 skulle
290 192 85 21 besluta
390 191 31 22 till
438 192 133 26 anläggande
587 191 23 22 af
624 198 25 15 en
663 192 90 27 jernväg
765 191 46 22 från
822 192 88 21 Davids-

80 221 48 22 stad
144 221 34 21 via
191 220 32 23 S:t
238 220 77 22 Michel
324 221 39 21 och
377 221 117 27 Jyväskylä
507 221 32 21 till
553 220 142 27 Nikolaistad,
712 227 48 14 men
773 220 90 22 sålunda
878 223 33 18 att

80 249 213 28 byggnadsarbetena
316 249 68 22 skulle
406 249 87 28 vidtaga
514 250 46 21 frän
577 249 130 21 Davidsstad
723 249 38 21 och
776 249 112 22 fortsättas
903 249 7 20 i

81 279 40 20 den
137 278 49 21 män
202 278 141 26 tillgångarna
358 278 111 27 medgifva,
485 285 62 14 svara
563 278 38 26 ja;
617 277 32 27 de,
666 284 45 15 som
727 277 111 27 föredraga
854 278 56 21 Herr

80 307 115 21 Rissanens
211 306 85 27 förslag,
312 312 63 16 svara
390 306 48 27 nej.

150 364 75 21 Denna
240 363 131 27 proposition
386 363 128 22 besvarades
522 363 49 22 med
581 363 106 21 obestridt
698 363 154 27 öfvervägande
862 364 47 26 nej.

149 420 176 28 Proposition
340 422 47 20 4:0.
419 421 38 26 De,
473 427 45 15 som
534 420 33 22 till
582 420 209 27 kontraproposition
807 420 50 26 vilja
872 427 38 15 an-

80 452 50 24 taga
146 450 56 21 Herr
217 450 24 20 E.
257 449 82 27 Berghs
354 449 85 27 förslag,
455 455 46 15 som
518 449 200 21 öfverensstämmer
733 449 48 21 med
797 449 55 21 Herr
867 449 43 21 La-

80 479 103 26 gerborgs
203 478 137 26 reservation,
356 484 47 16 men
419 478 124 21 derutöfver
564 478 88 21 innebär
667 480 33 19 att
715 478 65 21 redan
796 484 27 15 nu
840 478 70 22 beslut

80 507 68 21 skulle
163 507 66 21 fattas
248 513 33 15 om
299 507 127 27 jernvägens
450 507 147 26 utsträckning
616 506 33 22 till
671 506 108 27 Uleäborg
795 506 47 22 med
858 508 52 20 nära

80 536 123 27 anslutning
225 535 32 21 till
279 536 156 26 kuststäderna,
459 542 62 14 svara
540 536 37 26 ja;
601 536 31 25 de,
659 541 45 15 som
727 535 111 27 föredraga
854 536 56 20 Herr

80 564 115 23 Rissanens
212 564 84 27 förslag,
313 571 61 15 svara
389 564 53 27 nej.

149 622 162 26 Propositionen
326 621 128 21 besvarades
469 622 49 21 med
534 621 105 22 obestridt
655 621 154 27 öfvervägande
821 622 36 26 ja.

149 678 179 27 Proposition
345 679 47 21 5:o.
423 678 39 26 De,
479 684 45 16 som
541 678 32 22 till
590 678 211 27 kontraproposition
812 678 50 27 vilja
872 685 37 14 an-

79 710 50 24 taga
152 708 57 20 Herr
233 707 116 22 Sanmarks
371 706 87 28 förslag,
481 714 46 14 som
543 708 6 20 i
567 707 68 21 likhet
653 707 47 21 med
717 707 55 21 Herr
787 707 24 21 E.
827 707 82 27 Berghs

79 736 81 27 förslag
175 736 40 27 gär
230 739 24 18 ut
269 736 66 26 derpä
350 738 32 19 att
397 736 65 22 redan
479 742 29 15 nu
523 736 71 21 beslut
611 736 69 21 skulle
696 736 64 21 fattas
776 742 33 15 om
824 736 86 26 jernvä-

79 771 52 21 gens
146 764 151 22 utsträckande
313 764 32 22 till
361 764 114 27 Uleäborg,
491 771 47 15 men
554 764 47 22 frän
617 765 66 26 sagda
699 764 78 27 förslag
793 764 73 27 skiljer
878 764 31 26 sig

80 793 117 28 deruti.att
210 793 115 27 jernvägen
341 793 69 21 skulle
425 794 59 21 ledas
499 794 8 20 i
522 793 150 27 hufvudsaklig
692 792 217 22 öfverensstämmelse

80 822 48 22 med
144 822 178 27 Öfverstyrelsens
337 822 34 21 för
385 824 50 25 väg-
451 822 40 21 och
502 822 309 22 vattenkommunikationerna
822 821 86 27 förslag,

80 851 54 21 dock
150 853 32 19 att
197 852 23 20 ät
235 851 124 27 regeringen
382 851 109 21 lemnades
515 853 65 25 öppet
602 853 39 23 att,
665 851 38 27 der
722 850 76 22 sädant
813 850 97 27 lämpligt

79 879 108 26 befunnes,
211 880 48 20 leda
282 880 123 20 densamma
427 881 58 19 ännu
505 880 113 26 vestligare
633 882 26 18 än
677 874 165 32 Öfverstyrelsen
859 885 50 20 pro-

77 907 102 28 jekterat,
202 914 62 15 svara
286 908 38 27 ja;
349 908 32 26 de,
407 914 44 15 som
475 908 114 27 föredraga
611 908 56 21 Herr
683 908 24 21 E.
723 907 81 27 Berghs
824 907 85 26 förslag,

80 943 61 15 svara
157 943 50 20 nej.

148 993 76 22 Denna
247 993 131 27 proposition
401 993 129 22 besvarades
549 993 34 21 vid
599 993 84 22 anstäld
706 993 96 26 votering
817 992 49 21 med
882 994 26 19 20

75 1022 32 25 ja
122 1021 40 22 och
178 1023 27 20 20
221 1022 52 27 nej;
289 1022 88 21 hvarför
392 1023 40 20 den
448 1021 84 28 aflagda
547 1022 73 21 sedeln
643 1022 108 27 öppnades
767 1022 39 21 och
821 1021 88 22 befanns

78 1050 107 21 innehälla
199 1051 35 26 ja.

148 1107 182 28 Proposition
346 1109 50 20 6:0.
427 1109 38 25 De,
481 1114 46 15 som
543 1108 34 21 till
592 1108 209 27 kontraproposition
812 1107 50 27 vilja
872 1113 37 16 an-

78 1139 50 24 taga
150 1136 57 22 Herr
229 1137 135 26 Lagerborgs
386 1137 138 26 reservation,
548 1143 62 15 svara
629 1137 39 26 ja;
688 1137 33 25 de,
736 1143 45 15 som
797 1136 112 27 föredraga

78 1165 56 22 Herr
150 1165 115 22 Sanmarks
281 1165 85 27 förslag,
382 1172 62 15 svara
459 1166 51 26 nej.

147 1222 164 28 Propositionen
327 1223 128 21 besvarades
471 1222 49 22 med
537 1223 26 21 18
577 1222 25 27 ja
618 1222 39 22 och
673 1222 27 21 22
716 1222 48 27 nej.

147 1279 189 28 Proposition
353 1281 40 20 7:o.
424 1280 39 25 De,
479 1286 46 15 som
541 1280 32 21 till
589 1279 210 27 kontraproposition
810 1278 50 27 vilja
870 1285 39 14 an-

78 1311 50 24 taga
143 1309 36 20 det
194 1309 23 20 af
235 1309 57 21 Herr
314 1309 95 27 Ignatius
432 1309 127 21 framstälda
584 1309 39 21 och
645 1310 99 19 närmare
766 1307 142 22 formulerade

77 1337 80 26 förslag
179 1337 34 21 till
237 1337 76 26 beslut,
337 1344 62 15 svara
417 1338 39 27 ja;
480 1338 33 26 de,
531 1343 46 16 som
593 1337 113 26 föredraga
721 1337 56 21 Herr
793 1335 115 23 Sanmarks

78 1365 84 27 förslag,
179 1371 62 16 svara
256 1367 51 26 nej.

146 1423 165 27 Propositionen
326 1424 129 21 besvarades
471 1424 49 21 med
536 1424 27 21 23
577 1423 28 27 ja
621 1423 40 22 och
678 1424 25 21 17
719 1423 48 27 nej.

146 1481 177 26 Proposition
339 1481 47 21 8:0.
415 1481 40 25 De,
471 1487 47 15 som
533 1480 34 21 till
581 1481 211 26 kontraproposition
807 1480 50 26 vilja
872 1485 37 15 an-

78 1511 51 25 taga
148 1516 63 14 mom.
230 1511 32 19 1:o
281 1509 4 21 i
300 1509 57 21 Herr
379 1510 107 20 Höckerts
509 1509 132 22 reservation
665 1509 48 21 med
736 1509 39 21 den
794 1508 23 22 af
830 1508 78 21 honom
