1109 1786
293 121 180 22 Borgareståndet
485 123 56 16 1877.
565 123 14 17 6
591 123 120 17 November.
864 119 55 20 1677

86 192 34 19 tat
140 191 34 20 att
196 191 27 26 på
244 189 67 22 andra
326 190 67 21 raden
409 190 56 21 efter
481 191 65 21 orden
563 191 55 26 ,,och
634 191 50 22 bör"
701 191 55 22 skall
771 191 99 28 tilläggas
886 199 33 15 or-

88 219 41 21 den
144 218 60 27 ,ifall
219 219 125 27 uppbörden
360 219 127 22 verkställes
502 219 24 22 af
539 220 78 21 utsedd
632 219 182 28 uppbördsman*.

158 275 75 22 Svaret
255 275 52 22 härå
329 275 62 22 utföll
413 276 56 22 efter
491 276 28 27 på
541 277 94 26 begäran
655 277 86 22 anstäld
757 277 97 28 votering
870 277 48 22 med

86 304 74 26 24
135 300 28 37 ja
176 304 39 22 och
233 305 29 21 12
278 304 51 27 nej.

156 360 14 29 8
187 363 26 19 16
229 361 131 27 godkändes.

469 419 13 27 8
505 420 33 21 17.

399 476 170 22 Momentet
587 479 18 19 1.

157 533 56 21 Herr
229 533 182 28 Tengström:
442 534 31 21 På
489 534 68 21 andra
572 534 67 22 raden
655 534 61 22 sidan
733 534 27 22 10
775 534 144 23 förekommer

85 562 68 22 orden
169 562 147 27 ,,regleringen
330 562 127 22 verkställes
473 563 24 22 af
511 563 117 22 komitén.''
652 563 32 22 På
699 563 57 22 förut
771 564 86 26 angifna
872 564 47 21 skäl

88 590 91 22 föreslår
196 591 37 27 jag
248 593 32 19 att
295 591 36 21 det
346 591 55 21 skall
417 591 60 22 heta:
494 608 5 10 ,
501 591 88 28 förslag
604 592 33 21 till
653 592 106 27 reglering
775 595 107 24 uppgöres
897 593 24 21 af

86 619 119 22 komitén."

157 676 50 22 Med
230 677 113 27 anledning
365 677 22 22 af
409 677 60 22 detta
491 678 81 27 förslag
597 678 135 22 framstäldes
751 678 23 21 af
791 678 55 22 Herr
865 678 54 22 Tal-

86 712 106 16 mannen
207 706 93 27 följande

157 763 201 27 Proposition:
381 764 40 24 De,
437 770 48 15 som
500 764 115 26 godkänna
631 765 115 20 momentet
763 764 9 20 1
790 764 6 21 i
812 764 11 28 $
842 765 24 21 17
883 770 37 16 en-

87 792 40 27 ligt
142 792 123 22 Utskottets
280 792 85 27 förslag,
379 798 64 16 svara
455 792 37 27 ja;
508 792 75 22 vinner
598 792 52 27 nej,
667 798 61 16 anses
741 795 117 19 momentet
868 793 52 26 god-

88 820 68 22 kändt
178 821 49 21 med
247 821 40 21 den
303 822 90 25 ändring
408 823 34 19 att
458 822 66 21 orden
541 821 121 27 ,reglering
677 821 140 21 verkställes'*
833 821 86 28 utbytes

87 851 47 20 mot
148 850 66 21 orden
228 865 6 10 ,
235 849 85 27 förslag
335 850 32 21 till
383 850 109 27 reglering
508 851 127 26 uppgöres''.

157 906 76 21 Denna
248 907 131 26 proposition
395 906 130 22 besvarades
541 907 49 20 med
605 906 156 27 öfvervägande
777 906 52 28 nej.

157 963 187 22 Momenterne
360 965 12 20 2
389 963 40 22 och
446 964 14 21 3
475 963 126 28 godkändes
617 966 51 19 utan
685 964 126 21 diskussion.

157 1022 24 25 88
199 1022 32 26 18,
248 1022 33 26 19,
297 1022 34 26 20,
347 1022 34 24 21,
397 1022 27 20 22
441 1021 42 22 och
499 1022 28 21 23
542 1021 125 27 godkändes
683 1021 148 22 oförändrade.

156 1078 79 22 Likaså
257 1078 69 22 blefvo
349 1079 129 20 rubrikerna
501 1078 33 22 till
550 1078 151 27 förordningen
717 1078 39 21 och
772 1077 32 22 till
820 1078 99 27 samtliga

86 1107 97 28 kapitlen
205 1109 55 20 samt
282 1107 151 22 slutklämmen
453 1108 6 20 i
475 1107 148 22 betänkandet
639 1110 51 19 utan
705 1106 148 28 skiljaktighet
868 1107 51 26 god-

105 1136 63 21 ända.

155 1192 136 22 Beträftande
313 1192 136 28 inledningen
473 1192 33 22 till
529 1194 71 20 svaret
615 1192 13 22 å
643 1192 41 22 den
699 1192 77 27 nådiga
790 1192 129 28 propositio-

86 1228 42 15 nen
142 1222 86 27 yttrade
245 1222 32 27 sig

155 1278 57 22 Herr
232 1279 126 27 Procopé:
388 1279 41 26 Jag
451 1279 71 21 skulle
545 1279 78 21 föreslå
646 1281 32 19 att
698 1279 135 27 inledningen
850 1278 68 22 skulle

86 1307 24 22 få
133 1307 40 21 den
195 1307 87 27 lydelse,
304 1310 33 19 att
351 1307 124 22 Ständerna
490 1308 48 21 icke
554 1308 82 21 kunnat
651 1307 139 22 oförändradt
805 1307 114 27 godkänna

86 1336 38 21 det
138 1335 32 22 uti
186 1336 41 21 den
243 1336 78 27 nådiga
336 1336 163 27 propositionen
515 1336 105 27 ingående
636 1336 217 27 författningsförslag
866 1338 52 19 utan

86 1364 33 22 för
141 1364 33 22 sin
193 1365 34 21 del
251 1365 82 27 antagit
356 1365 94 27 följande
472 1365 127 27 förordning
621 1365 110 27 angående
748 1365 133 27 regleringen
896 1365 24 21 af

86 1392 201 29 prestaaflöningen.
308 1394 43 21 Det
366 1395 83 25 lämpar
465 1394 32 27 sig
513 1393 105 27 nemligen
634 1394 19 27 ej
669 1396 32 19 att
711 1394 7 21 i
729 1396 70 19 svaret
814 1393 32 21 till
859 1393 59 22 Hans

86 1422 102 27 Majestät
203 1422 44 21 tala
262 1429 34 15 om
313 1423 26 20 de
354 1422 152 27 förändringar
521 1429 46 15 som
583 1422 113 22 Utskottet
711 1422 102 22 förordat.

155 1479 76 21 Denna
253 1479 56 22 Herr
324 1479 107 27 Procopés
447 1479 159 27 framställning
621 1479 45 23 blef
678 1479 24 22 af
715 1479 89 22 Ståndet
819 1479 28 27 på
862 1479 56 22 Herr

84 1508 195 22 Talmannens
295 1507 107 28 tillfrågan
417 1508 109 27 godkänd.
