1109 1786
285 131 180 22 Borgareståndet
479 131 55 18 1877.
560 132 23 17 13
595 131 120 18 November.
860 127 52 21 1791

82 200 169 22 Bankutskottet
272 199 47 28 höjt
334 200 36 21 det
385 199 34 22 till
435 201 66 25 5,000
516 200 67 21 mark.
614 199 50 22 Som
678 200 37 27 jag
731 200 121 22 emellertid
867 201 49 21 sak-

82 235 39 15 nar
136 228 29 22 all
181 228 126 27 motivering
322 228 32 22 till
370 229 70 21 denna
455 229 123 27 förhöjning
593 229 68 22 skulle
674 229 37 27 jag
726 229 33 21 för
771 229 45 22 min
827 229 34 22 del
872 229 43 22 för-

82 257 53 22 orda
151 257 201 26 bankfullmäktiges
367 257 87 27 förslag.

152 325 56 22 Herr
231 326 24 20 A.
271 324 170 28 Björkstén:
471 325 170 22 Bankutskottet
663 326 39 21 har
722 326 109 27 föreslagit
851 327 65 26 5,000

81 354 69 26 mark,
172 354 46 21 dels
238 354 27 27 på
287 354 40 22 den
349 354 67 27 grund
433 356 34 19 att
481 354 170 22 Bankutskottet
666 357 70 19 ansett
751 354 27 22 de
794 354 68 28 dryga
877 355 37 21 lef-

81 382 199 22 nadskostnaderna
300 383 27 27 på
343 386 61 18 orten
419 382 99 22 erfordra
533 382 70 22 denna
618 382 127 28 förhöjning,
761 382 46 23 dels
823 383 90 21 emedan

81 411 169 22 Bankutskottet
272 411 76 21 trodde
370 412 32 26 sig
423 414 50 18 veta
488 414 33 19 att
536 411 191 27 bankfullmäktige
743 412 76 22 endast
833 418 78 22 genom

82 442 32 20 ett
129 440 134 21 förbiseende
274 440 47 21 icke
331 440 109 27 föreslagit
450 440 66 26 5,000
527 440 68 26 mark,
603 440 70 22 såsom
681 440 90 28 afsigten
780 441 62 21 torde
850 440 62 23 varit.

152 508 35 22 Då
202 508 63 28 ingen
281 508 68 22 talare
363 508 76 22 vidare
454 508 50 22 ville
518 510 59 26 yttra
588 508 32 28 sig
630 509 91 21 rörande
733 509 6 21 i
751 509 60 27 fråga
821 510 94 21 varande

82 539 49 25 post
146 537 125 22 framstälde
286 538 55 21 Herr
355 537 156 22 Talmannen
547 537 95 27 följande

151 600 202 28 Proposition:
383 601 39 27 De,
438 607 47 15 som
507 600 115 28 godkänna
639 600 179 22 Bankutskottets
833 600 81 28 förslag

81 629 92 21 rörande
195 630 89 20 arvodet
305 629 34 21 för
360 629 210 22 kontorsskrifvaren
587 630 35 20 vid
639 629 101 21 kontoret
755 630 6 20 i
777 629 136 27 Petersburg,

82 664 62 15 svara
162 657 39 27 ja;
223 657 74 22 vinner
319 658 52 27 nej,
393 664 63 16 anses
479 658 182 27 Borgareståndet
683 658 93 21 beslutat
794 660 33 20 att
843 658 70 22 denna

81 686 134 22 funktionärs
238 687 78 21 arvode
331 686 54 22 skall
401 687 68 27 enligt
485 686 204 28 bankfullmäktiges
703 686 80 28 förslag
797 687 51 27 utgå
864 687 48 22 med

81 715 65 26 4,000
161 715 61 21 mark
238 722 33 14 om
287 715 52 21 året.

150 778 165 32 Propositionen
329 778 129 22 besvarades
475 778 35 22 vid
525 778 84 22 anstäld
625 778 97 27 votering
737 778 48 22 med
801 780 27 20 26
836 778 27 27 ja
874 778 40 22 och

84 807 26 21 10
134 806 51 28 nej;
205 807 39 21 och
259 807 55 21 hade
329 807 166 27 ifrågavarande
510 810 49 24 post
575 808 7 20 i
598 807 122 21 Utskottets
735 807 80 27 förslag
829 806 84 22 således

82 834 69 23 blifvit
166 835 23 21 af
203 836 179 26 Borgareståndet
398 839 52 18 utan
466 836 93 27 ändring
573 836 106 27 godkänd.

151 898 65 22 Emot
231 898 92 22 beslutet
337 899 110 21 anmäldes
463 899 133 21 reservation
612 899 23 21 af
647 898 57 22 Herr
719 898 159 27 Tengström,

152 955 142 28 Återstående
316 963 73 25 poster
404 962 7 21 i
426 961 126 22 Utskottets
568 961 79 28 förslag
661 961 33 22 till
709 963 43 20 stat
767 961 34 22 för
815 961 96 22 bankens

81 990 78 21 kontor
174 990 6 21 i
197 989 32 22 S:t
245 989 126 26 Petersburg
387 990 72 21 blefvo
475 990 91 21 likasom
582 989 61 22 äfven
658 990 107 27 förslagen
781 990 32 21 till
824 992 45 19 stat
878 990 33 21 för

81 1018 106 22 kontoren
203 1019 6 20 i
224 1009 54 41 Åbo,
293 1019 142 26 Nikolaistad,
453 1019 116 26 Uleåborg,
579 1019 92 26 Kuopio,
680 1019 80 27 Viborg
771 1019 39 21 och
821 1019 90 26 Björne-

81 1047 53 27 borg
149 1047 24 21 af
185 1047 180 27 Borgareståndet
380 1050 51 19 utan
447 1047 123 22 diskussion
586 1047 119 28 godkända.

150 1110 113 21 Likaledes
285 1110 122 27 godkändes
430 1110 126 22 Utskottets
577 1110 79 27 förslag
678 1112 33 19 att
728 1111 6 20 i
754 1112 69 19 staten
844 1109 68 22 skulle

81 1138 102 27 uppföras
207 1139 76 24 10,000
306 1139 60 21 mark
388 1139 33 21 till
445 1139 145 21 diskretioner
611 1141 32 20 att
663 1139 27 27 på
705 1138 207 22 Bankdirektionens

80 1167 80 27 förslag
175 1167 24 21 af
219 1167 194 27 Bankfullmäktige
431 1168 97 21 tilldelas
543 1168 128 26 tjenstemän
686 1168 39 21 och
741 1167 100 27 betjente,
857 1167 55 22 både

81 1195 106 22 ordinarie
208 1196 40 21 och
268 1199 59 18 extra
342 1196 35 21 vid
393 1196 87 21 banken
497 1196 39 22 och
552 1196 111 26 kontoren,
679 1198 56 19 samt
752 1196 76 26 10,000
844 1196 67 24 mark,

80 1224 119 28 utgörande
223 1224 122 27 förslagsvis
365 1225 123 22 beräknadt
510 1225 74 27 anslag
599 1224 33 22 för
647 1224 120 23 beredande
782 1225 22 21 af
818 1224 94 27 ledighet

80 1253 24 21 åt
123 1253 95 21 bankens
241 1253 92 22 embets-
352 1253 39 22 och
407 1254 131 27 tjenstemän
554 1256 32 19 att
601 1255 108 20 användas
724 1253 66 27 enligt
805 1253 108 22 bankfull-

80 1281 106 28 mäktiges
203 1282 153 22 bestämmelse.

150 1344 30 21 Af
194 1345 26 21 de
235 1345 33 27 sju
283 1345 172 28 anmärkningar,
471 1345 76 22 hvilka
562 1345 70 28 åtföljt
647 1345 122 22 Utskottets
785 1345 80 26 förslag
877 1345 34 22 till

80 1375 44 20 stat
145 1373 33 21 för
200 1373 102 22 Finlands
323 1374 56 22 bank
402 1374 70 22 skulle
496 1375 41 21 den
561 1375 66 20 första
649 1375 51 26 utgå
721 1374 46 21 med
783 1374 99 21 afseende
898 1374 13 21 &

81 1401 100 23 Ständets
197 1401 70 23 beslut
281 1403 110 27 angående
406 1404 13 25 &
435 1403 13 21 6
464 1404 7 20 i
488 1403 203 27 bankreglementet,
707 1402 110 22 hvaremot
829 1402 43 21 alla
884 1403 27 20 de

80 1430 68 28 öfriga
170 1430 23 21 af
209 1431 180 27 Borgareständet
404 1431 133 28 godkändes,
554 1431 55 22 blott
625 1434 32 19 att
673 1432 61 21 deras
749 1431 163 28 ordningsnum-

80 1466 46 44 H
141 1459 72 26 borde,
229 1460 48 21 med
292 1460 114 28 anledning
421 1460 24 22 af
459 1460 148 22 uteslutandet
622 1460 24 22 af
659 1460 166 28 anmärkningen
840 1459 41 22 N:o
898 1461 10 20 1

80 1490 84 20 ändras.
