1109 1786
199 118 54 21 1856
397 123 180 22 Borgareständet
590 124 53 17 1877.
667 125 27 16 24
706 124 116 17 November.

620 153 16 7 -

197 191 117 27 medgifver
336 192 123 27 visserligen
481 194 33 20 att
536 192 85 26 enhvar,
643 199 45 14 som
711 193 37 20 vill
764 193 56 24 läna,
837 192 55 21 helst
907 195 61 25 tager
983 195 44 20 mot

196 219 47 28 fyra
258 223 88 24 procent
361 221 40 21 och
425 221 66 21 hellre
507 223 52 19 utan
575 223 69 21 ränta,
660 223 26 19 än
703 224 56 18 emot
775 228 25 14 en
818 221 65 26 högre
898 224 62 19 ränta
976 222 51 21 eller

196 249 41 21 den
253 251 63 19 ränta
331 256 45 15 som
393 250 66 21 mäste
476 250 97 26 erläggas
589 250 33 21 för
638 250 34 21 län
688 251 27 25 pä
731 252 66 19 annat
811 249 50 26 häll,
878 257 48 14 men
939 251 37 26 jag
991 251 36 20 vill

197 277 67 25 fräga,
288 277 61 22 hvem
373 280 24 19 är
420 279 36 20 det
479 285 45 14 som
540 278 101 21 bekostar
659 278 69 21 denna
744 279 75 20 ränta?
849 279 42 20 För
906 281 32 19 att
954 285 24 15 en
994 279 33 21 rik

197 305 144 27 brukspatron
357 306 54 22 skall
427 306 21 21 fä
469 306 48 22 läna
532 309 45 19 mot
593 307 46 27 fyra
655 308 94 25 procent,
766 306 20 21 fä
802 307 26 21 de
844 307 68 26 öfriga
928 308 97 21 medlem-

197 340 74 15 marne
287 334 22 21 af
323 337 69 19 staten
414 335 90 27 bidraga
519 336 48 20 med
583 336 40 21 den
640 335 75 21 förlust
731 338 69 18 staten
817 336 39 20 har
871 336 22 20 af
907 338 32 19 att
955 336 72 22 utläna

197 365 46 19 mot
259 363 59 27 lägre
333 366 64 19 ränta
413 366 25 18 än
455 364 40 21 den
514 364 83 21 kunnat
612 364 27 21 få.
669 364 34 20 Då
719 364 36 21 det
771 364 91 21 faktiskt
877 370 27 15 nu
920 366 24 19 är
960 364 68 22 visadt

197 393 33 19 att
245 394 70 19 staten
339 392 39 22 har
401 393 78 20 osäkra
496 392 121 27 fordringar
632 392 32 22 till
680 393 26 20 de
722 392 75 26 siffror,
815 399 44 15 som
876 394 36 20 äro
929 394 97 25 nämnda,

197 420 40 21 och
261 420 39 21 har
322 421 90 21 förlorat
435 421 83 21 direkte
541 421 279 21 etthundranittioniotusen
840 422 66 26 mark,
922 422 24 20 sä
962 422 65 21 finnes

198 449 37 20 det
247 448 25 26 ju
293 450 46 20 skäl
363 450 31 20 till
419 450 62 21 dessa
502 450 171 26 anmärkningar.
704 450 166 21 Statsutskottet
887 450 37 20 har
940 450 52 22 dock
1008 451 18 27 ej

197 477 135 27 kategoriskt
354 478 129 22 föreskrifvit
506 479 65 26 nägot
597 479 138 27 upphörande
751 478 24 21 af
789 478 27 21 all
833 478 193 26 utläningsrörelse.

197 506 43 20 Det
256 506 39 21 har
310 507 78 27 endast
403 507 56 21 velat
475 507 57 21 fästa
547 507 216 27 uppmärksamheten
779 507 67 27 derpä
860 509 33 19 att
909 508 66 20 första
990 510 37 18 än-

198 534 95 22 damälet
309 536 47 20 med
372 536 261 21 amortissementsfonden
650 538 24 19 är
689 538 32 18 att
737 536 40 20 den
793 536 55 20 skall
864 538 76 24 utgöra
955 536 71 21 säker-

198 562 37 22 het
251 564 33 21 för
300 564 151 22 Rotschildska
467 565 57 21 länet
540 564 40 22 och
597 564 70 22 derför
683 565 39 20 bör
737 564 97 27 placeras
850 565 89 21 sälunda
954 567 32 19 att
1000 564 28 27 pä

198 598 83 15 samma
303 593 55 26 gäng
380 593 101 21 säkerhet
495 593 62 21 ernäs
577 593 39 21 och
632 593 96 27 antaglig
743 595 63 19 ränta
821 593 31 21 fäs
868 594 27 26 pä
911 594 25 20 de
953 593 74 27 medel,

199 627 45 14 som
268 622 67 20 finnas
359 622 124 26 disponibla.
515 622 42 20 Det
579 622 100 26 yttrande
702 622 167 21 Statsutskottet
887 622 51 26 haft,
954 624 32 19 att
1001 628 26 15 en

199 649 66 21 sädan
289 650 96 27 utläning
408 650 47 21 frän
475 653 81 18 statens
580 650 47 21 sida
642 650 139 27 ovilkorligen
797 650 67 21 mäste
880 657 50 14 vara
946 650 81 27 skadlig

198 678 34 20 för
247 678 184 22 kreditväsendets
450 679 73 21 vidare
538 679 122 26 utveckling
676 681 23 19 är
715 679 88 21 alldeles
819 679 133 21 motiveradt.
983 679 45 21 Här

199 706 102 27 beklagas
317 710 31 18 att
364 708 36 20 det
415 708 19 26 ej
449 707 68 21 finnes
532 708 39 20 hos
587 714 34 15 oss
633 708 65 25 nägra
709 707 182 25 kreditanstalter,
902 714 45 14 som
958 707 69 21 lemna

198 735 75 27 längre
289 736 34 20 län
339 737 22 20 ät
376 736 99 25 fabriker,
495 736 54 21 bruk
566 742 25 15 m.
607 743 26 14 m.
665 736 41 21 Det
722 736 95 21 kommer
833 736 31 26 sig
880 736 60 21 deraf
955 738 31 19 att
1002 736 25 21 de

199 764 19 26 ej
234 764 73 21 kunna
330 764 132 22 konkurrera
485 765 47 21 med
556 767 77 25 staten,
657 771 45 15 som
725 771 38 20 ger
785 765 46 21 sina
855 764 33 21 län
911 767 43 19 mot
970 764 56 26 lägre

199 794 63 19 ränta
278 795 26 19 än
321 793 39 21 den
383 794 96 20 enskilda
500 794 162 26 spekulationen
678 794 41 20 kan
735 796 54 24 göra
805 794 42 20 det.
877 794 11 20 I
904 793 85 26 Sverige
1004 795 24 19 är

199 820 144 22 förhällandet
358 822 45 21 helt
426 824 69 19 annat.
526 822 43 21 Der
585 822 40 21 har
640 828 47 15 man
704 828 25 14 en
746 824 69 19 större
832 822 90 21 industri
938 822 39 21 och
992 822 36 21 de-

199 856 35 14 ras
249 850 241 26 manufaktur-diskont,
500 857 44 15 som
561 851 120 27 egentligen
698 852 23 19 är
737 852 40 20 den
794 850 54 22 enda
861 850 111 27 statsfond,
982 857 45 15 som

199 878 110 21 meddelar
331 879 34 20 län
389 880 22 19 ät
434 879 240 27 industriinrättningar,
697 881 24 19 är
737 879 115 26 obetydlig,
874 880 90 25 jemförd
981 880 46 20 med

198 907 269 22 amortissementsfonden.
497 908 41 27 Jag
553 908 36 21 vill
606 908 81 21 minnas
702 910 32 18 att
750 908 41 21 den
806 907 34 21 för
852 908 66 26 nägra
929 908 24 20 är
964 908 63 21 sedan

199 941 37 14 var
251 937 33 19 tre
300 935 13 22 å
328 936 46 27 fyra
390 936 97 27 miljoner
508 937 87 20 kronor.
626 937 47 20 Men
691 936 96 21 deremot
802 936 39 21 har
856 943 48 14 man
921 937 6 20 i
942 936 86 27 Sverige

199 963 91 22 kommit
306 965 23 20 så
344 965 65 26 långt,
425 967 31 18 att
472 971 48 15 man
536 965 40 21 har
591 965 176 21 kreditanstalter
783 971 46 14 som
844 965 56 26 gifva
912 965 62 26 långa
986 965 40 26 län,

199 992 73 22 hvilka
287 993 19 21 vi
322 994 66 20 sakna
404 1000 33 15 om
459 1000 47 15 men
526 994 133 25 undantager
675 993 241 28 Hypoteksföreningen,
933 1000 44 14 som
993 1000 35 14 en-

199 1021 49 21 dast
271 1024 24 19 är
319 1022 74 21 afsedd
409 1022 32 21 för
455 1022 134 26 jordbruket.
619 1023 40 26 Jag
675 1029 62 14 anser
752 1023 84 20 derföre
853 1022 175 21 Statsutskottets

199 1050 112 21 uttalande
327 1057 50 14 vara
392 1051 128 27 fullkomligt
535 1051 102 26 befogadt
653 1051 38 21 och
708 1051 19 27 ej
743 1051 133 21 öfverskrida
891 1051 38 21 sitt
944 1051 48 20 mäl.

270 1108 56 21 Herr
342 1108 162 21 Ahlström:
527 1108 99 27 Sålänge
641 1110 76 19 räntan
733 1108 39 21 hos
788 1115 34 15 oss
838 1109 18 25 ej
872 1110 24 19 är
913 1107 32 27 fri,
962 1108 66 21 skulle

196 1136 38 27 jag
251 1137 67 20 önska
341 1139 31 18 att
395 1137 260 21 amortissementsfonden
678 1137 69 21 skulle
769 1137 103 21 förvaltas
888 1137 69 21 säsom
973 1137 56 20 förut

199 1165 40 20 och
255 1167 34 19 att
311 1165 53 21 först
389 1166 63 20 sedan
475 1167 76 20 räntan
576 1165 69 22 blifvit
660 1165 27 21 fri
703 1165 39 22 och
759 1172 48 15 man
824 1166 81 21 kunnat
920 1165 68 22 förmä
1003 1171 25 15 en

199 1192 33 21 rik
247 1193 93 27 köpman
367 1194 51 20 eller
441 1196 30 18 ett
493 1194 159 21 kommerseräd
676 1196 32 19 att
730 1196 70 25 öppna
815 1194 32 21 sin
864 1194 118 21 kassakista
997 1194 32 20 till

199 1221 156 22 allmänhetens
370 1222 138 27 begagnande
524 1223 273 21 amortissementsfondens
813 1229 80 20 pengar
909 1223 33 21 mä
960 1222 69 27 place-

199 1256 36 15 ras
250 1251 7 20 i
274 1251 156 21 räntebärande
445 1251 147 27 obligationer.

270 1309 57 20 Herr
349 1308 140 22 Höckert:
520 1309 40 26 Jag
576 1309 92 26 begärde
683 1309 60 21 ordet
760 1309 56 20 blott
832 1308 32 21 för
879 1310 33 19 att
927 1310 56 19 rätta
999 1310 31 19 ett

199 1336 96 27 misstag,
311 1343 45 15 som
372 1337 101 26 insmugit
488 1338 37 27 sig,
539 1338 37 26 jag
592 1340 45 19 tror
653 1337 116 27 ofrivilligt,
793 1337 1 20 i
808 1337 56 21 Herr
880 1337 94 26 Nyboms
990 1337 38 22 och

200 1365 56 20 Herr
280 1365 93 21 Kurtöns
397 1368 85 19 senaste
500 1366 137 21 anföranden.
669 1366 45 21 Här
729 1367 40 20 har
784 1365 115 27 uppgifvits
915 1367 32 20 att
962 1372 68 15 amor-

199 1393 203 22 tissementsfonden
426 1394 122 22 tillkommit
569 1395 33 20 för
622 1395 151 21 Rotschildska
787 1395 65 25 lånet,
868 1400 48 15 men
933 1394 58 21 detta
1006 1396 24 19 är

199 1421 19 28 ej
235 1421 68 28 fallet,
327 1425 22 24 ty
371 1423 262 22 amortissementsfonden
659 1423 118 22 inrättades
800 1423 24 21 är
848 1423 54 21 1859
923 1423 39 21 och
978 1423 52 20 Rot-

199 1450 110 22 schildska
331 1451 58 22 länet
410 1452 33 21 för
465 1451 81 22 hvilket
568 1453 97 20 annuitet
687 1452 40 21 och
749 1453 63 20 ränta
834 1457 29 15 nu
886 1451 82 22 betalas
984 1451 46 20 frän

199 1480 274 22 amortissementsfondens
496 1481 121 26 tillgängar,
641 1482 24 19 är
687 1480 156 22 kontraheradt
862 1481 62 21 1862.
954 1480 10 20 I
980 1479 50 21 kon-
