1109 1786
283 126 180 22 Borgareståndet
476 127 55 17 1877.
556 127 27 17 29
595 127 121 17 November.
853 121 54 22 1939

75 196 88 22 emedan
183 195 38 28 jag
243 201 62 16 anser
328 195 67 27 några
417 195 126 22 uttalanden
564 195 7 21 i
587 195 64 26 detalj
668 195 46 22 icke
730 195 53 22 böra
798 195 108 22 komma
892 191 19 36 i

74 225 62 26 fråga
150 225 40 20 och
211 225 36 26 jag
270 224 65 21 också
350 230 62 15 anser
434 226 33 19 att
482 224 40 21 den
538 224 110 27 inledning
664 230 45 15 som
726 225 105 20 utskottet
846 225 7 20 i
868 224 39 22 sitt

75 253 135 22 betänkande
232 253 39 21 har
294 252 87 25 lemnat,
403 252 70 26 gifver
493 252 131 27 fullkomligt
645 253 41 20 fria
702 253 81 21 händer
798 253 33 21 för
846 253 60 21 kom-

75 282 77 21 mande
175 281 92 22 Ständer
289 283 33 19 att
344 281 102 27 antingen
467 281 121 27 godkänna,
611 281 52 21 eller
683 281 28 27 pä
727 283 31 19 ett
773 281 53 21 eller
840 283 67 20 annat

75 312 44 20 sätt
141 310 112 21 modifiera
275 309 62 21 dessa
359 310 86 26 förslag.
484 309 111 21 Utskottet
617 310 90 21 föreslår
729 310 107 26 nämligen
860 312 46 23 ,att

76 339 119 21 Ständerna
211 338 33 21 för
259 338 32 21 sin
314 338 34 21 del
364 338 49 21 ville
431 338 115 26 godkänna
562 338 70 21 såsom
649 338 80 27 egnade
745 340 32 20 att
792 339 60 21 bilda
866 338 40 22 och

74 367 173 27 förfullständiga
261 369 32 19 ett
308 367 149 21 stambansnät
472 367 7 21 i
495 367 73 21 landet
583 366 93 27 följande
695 367 82 27 linjer.*
807 367 10 21 I
836 368 70 20 denna

76 396 132 27 ordalydelse
231 402 34 14 sev
285 396 45 26 jag,
353 396 70 20 såsom
447 396 63 26 sagdt
532 402 44 20 var,
599 396 48 20 icke
669 396 64 26 något
752 396 106 21 bindande
874 395 33 21 för

75 424 127 22 kommande
221 424 98 22 Ständer.
349 424 49 21 Men
414 424 62 21 deraf
489 424 61 27 följer
566 424 51 24 icke,
635 424 69 22 såsom
717 424 37 27 jag
769 425 66 21 redan
851 424 55 22 hade

74 455 52 19 äran
141 456 85 24 nämna,
241 455 33 19 att
289 452 120 22 Ständerna
424 453 53 21 böra
493 453 70 21 lemna
579 453 78 21 sådana
674 453 129 27 detaljerade
813 453 93 22 bestäm-

75 482 75 27 ningar
171 488 46 16 som
239 482 105 21 utskottet
365 482 122 20 sedermera
507 482 39 20 har
561 481 117 27 föreslagit,
695 484 51 18 utan
762 482 65 21 borde
843 482 63 22 Stän-

75 511 66 21 derna
156 511 66 27 enligt
244 510 49 21 mitt
315 510 144 26 förmenande,
480 511 68 26 jemte
570 510 149 22 bibehållande
735 510 23 22 af
771 511 134 26 inledningen

76 539 31 21 till
124 545 77 19 svaret,
218 540 75 21 endast
316 539 69 21 uttala
407 539 32 26 sig
455 539 72 21 derom
544 541 33 19 att
592 545 26 15 en
634 539 76 27 vestlig
725 539 111 21 stambana
851 540 55 20 ifrån

75 568 143 22 Tammerfors
233 571 76 18 norrut
325 568 39 21 och
375 574 26 15 en
413 567 65 28 ostlig
487 568 114 21 stambana
611 567 56 22 ifrån
680 568 93 27 Wiborg,
787 568 118 21 Davidstad

75 597 52 21 eller
142 598 69 25 någon
235 602 69 15 annan
327 596 88 27 lämplig
430 599 41 23 ort,
488 596 69 22 likaså
572 599 81 23 norrut,
670 602 50 16 vore
735 597 26 20 de
777 596 67 22 banor
859 602 46 16 som

75 626 67 21 under
157 628 108 18 närmaste
281 625 86 21 framtid
387 631 50 15 vore
453 628 55 18 mest
524 625 81 27 egnade
621 627 32 19 att
668 627 77 25 utgöra
760 625 145 21 stambanor
893 621 16 35 i

74 654 48 21 vårt
136 654 57 24 land,
209 654 39 21 och
264 656 32 19 att
311 654 120 21 Ständerna
447 654 89 21 dernäst
551 654 50 20 ville
615 654 70 21 uttala
701 654 32 26 sig
747 654 107 21 bestämdt
870 660 36 15 om

76 683 40 21 den
132 682 122 27 sträckning
270 688 45 16 som
331 682 66 21 borde
413 682 87 22 komma
515 683 7 20 i
538 682 61 27 fråga
614 682 33 21 för
663 682 40 22 den
719 682 55 21 bana
789 688 45 16 som
851 682 55 22 först

74 711 40 21 bör
129 711 80 27 byggas
225 711 68 21 under
313 711 177 21 nästkommande
511 711 78 21 femårs
605 711 81 27 period,
702 711 126 21 hvaribland
844 711 61 21 äfven

72 740 37 27 jag
124 740 39 21 har
179 742 71 19 ansett
265 742 32 19 att
313 740 56 20 bana
384 739 53 22 ifrån
454 740 146 21 Tammerfors
615 740 33 21 till
664 740 64 21 Wasa
743 741 7 19 i
765 740 68 21 första
847 746 57 15 rum-

75 771 44 19 met
142 768 39 22 bör
202 768 86 22 komma
303 769 6 20 i
325 768 67 27 fråga,
407 772 53 17 utan
479 771 33 18 att
524 768 39 28 jag
577 775 30 15 nu
622 769 36 21 vill
673 769 68 21 inlåta
755 768 43 27 mig
813 768 6 21 i
835 769 71 26 någon

74 797 115 27 utredning
205 797 52 21 eller
271 797 120 21 diskussion
407 803 34 15 om
458 797 87 21 hvilken
561 797 123 27 sträckning
695 798 68 20 denna
773 797 56 21 bana
840 797 66 27 lämp-

75 826 63 26 ligast
153 826 39 21 bör
215 826 70 25 hafva,
307 828 51 19 utan
381 826 70 21 lemna
468 826 60 21 detta
551 826 112 21 uttalande
686 826 107 22 beroende
809 826 33 21 till
857 826 50 21 dess

74 854 76 28 frågan
165 854 74 22 härom
256 854 75 22 blifver
346 854 89 22 föremål
451 854 34 22 för
500 854 129 22 diskussion.

144 911 56 22 Herr
221 911 168 26 Tengström:
419 911 56 21 Herr
498 911 109 22 Lindelöfs
629 911 48 21 med
698 911 61 21 fleres
774 911 80 27 förslag
868 918 37 15 an-

74 940 81 28 gående
171 941 41 20 den
228 940 141 27 begränsning
384 940 57 21 inom
457 940 87 21 hvilken
560 940 146 21 diskussionen
718 940 39 21 bör
765 940 64 26 föras,
842 946 64 15 anser

72 969 37 27 jag
124 969 53 20 böra
200 969 94 26 undergå
316 975 25 15 en
360 969 42 20 viss
426 968 150 22 modifikation
595 969 39 21 och
651 969 48 20 med
715 975 25 14 en
755 969 67 21 sådan
838 969 66 21 modi-

73 997 89 22 fikation
178 997 35 21 vill
227 997 36 27 jag
279 997 74 22 förena
364 997 43 27 mig
423 1003 34 15 om
474 998 70 20 denna
561 997 140 26 begränsning
716 997 21 21 af
752 997 154 22 diskussionen.

74 1027 78 20 Denna
167 1025 147 22 modifikation
331 1028 24 19 är
369 1026 108 27 nemligen
493 1026 67 21 sådan
575 1028 34 19 att
624 1026 121 21 uttalandet
759 1026 40 21 bör
814 1025 91 22 omfatta

75 1055 47 21 icke
144 1055 75 21 endast
240 1055 55 21 hvad
319 1061 45 15 som
380 1056 6 19 i
403 1055 39 20 den
459 1057 110 18 närmaste
587 1054 87 21 framtid
691 1055 39 20 bör
745 1055 32 20 till
791 1054 114 21 utförande

74 1083 108 27 företagas
205 1083 105 22 notabene
326 1083 6 21 i
349 1083 221 22 öfverensstämmelse
589 1083 47 21 med
653 1083 78 26 planen
753 1083 34 21 för
808 1083 97 21 fortsätt-

74 1112 77 27 ningen
166 1111 23 22 af
204 1112 89 25 arbetet,
315 1115 52 18 utan
386 1112 61 21 äfven
471 1112 39 21 bör
526 1112 89 21 omfatta
631 1112 110 21 uttalande
756 1118 34 15 om
806 1112 25 21 de
848 1113 57 20 ännu

73 1141 47 21 icke
136 1141 131 21 undersökta
282 1141 285 27 jernvägssträckningarna,
588 1141 106 20 huruvida
709 1141 26 21 de
750 1142 37 19 äro
803 1140 102 27 förtjenta

74 1169 24 22 af
112 1169 40 21 den
167 1169 190 27 uppmärksamhet
371 1171 33 20 att
419 1169 26 21 de
461 1169 55 21 böra
537 1169 143 21 underkastas
703 1169 148 21 instrumental
866 1175 38 15 un-

74 1198 129 26 dersökning
225 1198 53 21 eller
299 1198 53 21 icke.
383 1198 71 21 Sådan
477 1198 121 26 föreslagen
621 1198 122 26 sträckning
765 1204 34 14 om
818 1197 86 21 hvilken

74 1228 32 20 ett
128 1226 77 22 sådant
227 1226 111 22 uttalande
361 1226 66 21 borde
450 1226 45 27 ske,
518 1228 24 19 är
560 1228 15 19 t.
591 1232 32 15 ex.
647 1226 125 22 stambanan
787 1227 7 20 i
809 1226 96 27 riktning

74 1255 50 27 rättj
139 1258 75 25 norrut
237 1255 22 22 åt
281 1255 85 27 Kuopio
382 1255 54 21 efter
452 1255 41 21 den
510 1256 6 20 i
532 1255 120 26 möjligaste
668 1256 67 21 måtto
751 1255 97 21 linieräta
863 1257 42 25 väg

74 1289 45 16 som
139 1283 32 22 för
194 1284 245 27 terrängsförhållanden
463 1284 43 21 kan
529 1284 116 27 begynnas.
676 1284 42 21 Det
733 1286 24 19 är
771 1284 83 21 således
878 1289 26 16 en

73 1312 125 27 sträckning
213 1319 46 15 som
275 1313 117 26 egentligen
409 1313 68 21 borde
493 1313 70 21 kallas
584 1313 109 21 mellersta
708 1313 125 21 stambanan
849 1312 55 21 hvil-

74 1341 42 21 ken
132 1341 128 27 benämning
283 1342 80 21 kanske
379 1343 24 19 är
419 1341 90 28 oriktigt
532 1341 97 22 tilldelad
645 1341 65 22 linien
725 1341 179 22 Davidstad—S:t

74 1369 98 22 Michel—
183 1369 285 28 Jyväskylä
307 1365 12 36 —
331 1369 137 28 Nikolaistad,
486 1377 49 14 man
554 1370 43 21 kan
613 1370 105 27 nemligen
733 1370 46 21 icke
794 1369 58 22 kalla
868 1369 36 22 det

74 1405 40 15 ena
128 1397 23 22 af
165 1400 78 20 tvenne
258 1399 45 26 ting
319 1399 35 21 det
369 1399 115 21 mellersta.
516 1399 40 21 Om
572 1401 77 19 tvenne
665 1405 100 20 personer
775 1399 40 21 och
827 1401 78 18 tvenne

74 1427 74 22 hästar
162 1429 39 19 äro
216 1427 7 21 i
239 1427 73 26 bredd,
339 1427 24 22 sä
384 1427 43 21 kan
449 1433 51 16 man
524 1428 47 21 icke
594 1427 44 22 tala
653 1433 34 16 om
704 1428 39 21 den
759 1427 109 21 mellersta
882 1427 22 21 af

74 1457 55 21 dem.
159 1455 80 22 Vidare
262 1456 89 27 uppstär
371 1456 40 21 den
427 1456 76 27 frägan
520 1463 33 14 om
570 1457 41 20 den
627 1456 148 27 projekterade
797 1455 107 28 olyckliga

73 1485 25 21 sä
112 1485 86 21 kallade
220 1485 183 21 ödemarksbanan
414 1485 63 21 äfven
489 1485 104 26 förtjenar
605 1491 26 15 en
641 1485 164 25 undersökning.
828 1485 77 20 Denna

75 1513 166 27 bansträckning
256 1515 25 19 är
295 1513 120 26 föreslagen
431 1515 33 19 att
479 1513 29 27 gä
523 1520 77 20 genom
612 1513 25 21 de
650 1513 160 27 folkfattigaste,
822 1512 82 23 ofrukt-
