1109 1786
204 123 55 21 1988
408 127 181 22 Borgareståndet
601 128 55 17 1877.
677 128 28 17 30
717 128 120 17 November.

201 196 145 27 skålpundtal,
361 197 88 21 emedan
465 197 59 21 detta
540 197 69 22 måste
625 197 51 21 bero
692 197 27 27 på
735 197 221 26 omständigheterna;
972 199 15 20 t.
1000 203 32 15 ex.

202 231 26 16 en
243 225 90 26 lifligare
348 225 64 21 trafik
427 225 52 22 eller
494 227 69 22 större
579 225 133 28 svårigheter
727 225 7 22 i
749 225 107 22 anseende
871 225 32 22 till
919 226 68 21 oftare
1002 226 31 21 in-

201 253 106 22 träffande
323 254 95 21 kälskott
433 254 52 21 eller
499 253 137 25 frostknölar,
652 253 82 22 hvilket
756 254 86 27 uttryck
860 253 113 23 Utskottet
989 257 43 24 tyc-

201 283 40 20 kes
256 281 65 22 hafva
335 285 128 24 accepterat,
481 283 71 21 kunde
568 285 78 24 utgöra
661 283 45 21 skäl
723 283 32 20 för
770 283 140 21 användande
925 283 23 21 af
958 285 75 25 tyngre

201 310 86 22 skenor.
310 310 79 22 Likaså
403 311 42 21 kan
461 311 36 21 det
505 311 25 27 ju
544 311 100 27 möjligen
660 312 86 21 komma
756 311 7 21 i
774 311 60 27 fråga
844 313 34 19 att
886 313 82 19 ersätta
976 311 57 27 jern-

202 339 108 21 skenorna
332 340 49 20 med
403 340 126 25 stålskenor,
546 339 40 22 och
609 346 48 15 man
681 340 38 20 har
735 341 56 19 ännu
807 340 19 26 ej
842 340 90 21 kommit
946 340 32 21 till
995 340 38 21 full

203 367 80 22 visshet
299 374 34 15 om
348 368 7 21 i
371 368 80 21 hvilket
466 368 134 22 förhållande
615 369 63 21 dessa
693 368 56 21 båda
764 368 46 26 slag
824 368 35 21 stå
869 368 33 21 till
913 368 120 22 hvarandra

202 396 7 21 i
225 396 100 22 afseende
341 396 12 22 å
368 396 113 28 härdighet
495 397 41 21 och
546 397 51 26 vigt.
621 397 39 21 Om
675 396 147 22 erfarenheten
834 396 135 22 konstaterar
977 396 56 22 hvad

202 431 49 15 man
267 426 66 20 redan
349 427 54 19 trott
417 426 31 26 sig
463 425 63 26 finna,
542 426 107 26 nemligen
664 428 33 18 att
712 432 25 15 en
755 426 27 21 13
797 426 117 26 skålpunds
925 425 108 21 stålskena

202 453 49 22 fullt
273 456 119 19 motsvarar
407 460 26 14 en
451 454 115 27 jernskena
584 454 25 21 af
624 456 25 20 15
665 454 106 27 skålpund
787 460 38 21 per
840 454 37 27 fot,
893 455 23 20 så
931 460 51 15 vore
997 454 37 21 det

200 482 24 27 ju
240 482 120 27 oförsigtigt
375 484 33 20 att
423 482 39 21 här
477 482 72 27 intaga
565 489 26 15 en
607 483 134 26 bestämning
757 489 34 15 om
810 483 25 21 15
851 482 117 27 skålpunds
983 482 49 26 vigt.

202 510 41 28 Jag
259 516 62 16 anser
337 511 84 22 derföre
435 513 33 19 att
484 518 48 14 man
548 512 40 20 bör
603 512 130 20 öfverlemna
749 511 125 27 afgörandet
884 511 23 21 af
916 511 68 21 denna
994 510 39 22 sak

202 540 23 20 åt
240 539 141 21 fackmännen
397 540 39 21 och
451 540 76 21 endast
537 540 70 21 uttala
617 540 32 27 sig
660 540 109 27 angående
783 539 141 27 hastigheten,
935 541 55 20 samt
1000 541 33 19 att

203 567 186 28 öfverbyggnaden
413 569 18 26 ej
454 569 39 20 bör
516 569 80 27 byggas
619 569 92 26 svårare,
727 571 27 18 än
774 569 75 26 nödigt
867 571 24 18 är
910 568 33 21 för
958 569 74 26 tågens

202 596 149 28 fortskaffning
367 597 47 21 med
430 597 40 21 den
486 597 114 27 hastighet,
616 604 46 14 som
678 598 42 20 kan
737 596 65 22 blifva
818 597 103 21 bestämd.

272 654 57 21 Herr
343 654 139 27 Procopé:
504 654 31 21 På
550 654 60 22 sidan
627 655 12 20 7
655 654 6 21 i
677 654 122 22 Utskottets
814 654 135 22 betänkande
965 654 39 21 N:o
1020 656 12 20 3

203 682 86 22 anföres
304 683 6 20 i
327 682 66 27 fjerde
409 684 83 26 stycket
508 685 32 19 att
561 683 164 21 kommissionen
740 685 70 25 yttrar
825 682 132 22 beträffande
973 683 60 26 spår-

203 710 89 22 vidden:
323 712 85 26 ,Ehuru
430 710 165 23 kommistnen
618 714 71 18 ansett
710 712 33 26 sig
766 711 52 21 böra
837 711 85 21 förorda
938 711 40 21 den
994 711 39 21 hos

203 745 35 15 oss
254 740 65 21 redan
335 740 124 27 begagnade
474 740 139 27 spårviddens
628 740 156 26 bibehållande,
800 740 40 21 har
855 740 37 21 det
906 740 65 21 likväl
984 740 49 21 med

203 768 136 27 tillämpning
361 768 23 21 af
405 775 25 14 en
453 769 97 21 minskad
570 768 147 27 farhastighet,
734 776 26 14 en
776 769 82 21 mindre
873 768 94 22 kostsam
983 768 50 27 plan

203 796 34 22 för
259 798 140 26 terrassering
421 797 39 21 och
483 798 166 26 vattenledning,
666 804 25 14 en
710 797 79 21 lättare
805 797 157 27 öfverbyggnad
978 799 55 19 samt

204 831 25 15 en
245 826 56 20 efter
316 825 102 22 trafikens
433 826 109 27 antagliga
559 826 91 21 litenhet
667 826 177 27 proportionerad
854 826 66 26 rörlig
931 825 102 26 materiel,

203 854 135 21 oberäknadt
357 855 67 20 andra
443 854 83 22 mindre
541 854 121 27 betydande
677 854 102 24 faktorer,
795 854 81 27 lyckats
892 854 93 22 komitén
1000 856 33 19 att

203 882 22 21 få
239 882 270 27 anläggninskostnaderna
532 883 131 21 reducerade
681 884 23 20 så
720 883 116 26 betydligt"
852 890 18 14 o.
886 889 16 15 s.
919 889 18 14 v.
968 884 66 20 Detta

203 911 100 26 yttrande
328 911 89 27 antyder
439 911 124 27 tillräckligt
579 912 26 20 de
629 911 187 27 omständigheter,
832 917 46 16 som
894 911 97 22 inverkat
1005 911 29 27 pä

203 939 165 27 formuleringen
391 940 24 21 af
435 940 69 21 denna
526 941 64 24 kläm,
607 940 87 21 hvarför
714 940 37 27 jag
769 946 62 15 anser
847 941 36 20 det
898 946 51 15 vara
965 940 68 21 öfver-

203 967 76 28 flödigt
294 970 33 19 att
342 968 68 21 införa
425 969 36 20 det
476 968 23 21 af
515 969 55 20 Herr
585 969 56 26 Berg
656 968 121 28 föreslagna
792 969 102 26 tillägget.

273 1025 56 21 Herr
344 1025 26 22 K.
386 1025 79 27 Berg:
495 1025 57 22 Vore
565 1026 38 27 jag
618 1026 43 21 lika
677 1025 132 28 öfvertygad,
825 1032 46 15 som
888 1025 80 22 Herrar
978 1025 56 22 Kur-

203 1054 36 21 ten
263 1054 39 21 och
326 1054 101 27 Procop6,
451 1054 71 21 derom
544 1057 33 18 att
593 1055 70 20 denna
678 1054 63 26 kläm,
757 1054 67 22 sådan
841 1055 41 20 den
898 1061 27 14 nu
941 1056 23 19 är
979 1054 55 21 stili-

203 1082 63 21 serad
289 1082 42 27 eji
346 1089 25 14 en
388 1083 85 21 framtid
489 1083 69 21 skulle
573 1083 74 21 kunna
661 1083 137 25 missförstäs,
814 1083 24 21 sä
853 1089 51 16 vore
917 1083 37 26 jag
968 1089 66 20 gerna

203 1110 60 27 villig
285 1113 33 20 att
340 1111 112 27 godkänna
473 1111 130 22 densamma.
634 1112 49 21 Men
700 1112 37 27 jag
752 1112 86 21 befarar
854 1114 38 23 att,
909 1112 89 21 oaktadt
1013 1111 20 21 vi

203 1145 29 15 nu
254 1146 51 15 anse
328 1140 124 27 skenvigten
471 1140 52 21 böra
544 1142 78 25 utgöra
640 1142 24 20 15
681 1141 105 26 skälpund
801 1147 39 20 per
854 1140 91 27 löpande
961 1140 38 25 fot,
1013 1140 21 21 vi

203 1168 56 21 dock
279 1169 81 25 ganska
378 1171 59 19 snart
455 1169 39 21 och
514 1169 64 21 innan
595 1169 19 21 vi
630 1171 48 20 veta
694 1170 61 20 ordet
771 1169 23 20 af
808 1168 85 22 befinna
908 1175 34 15 oss
958 1169 34 21 vid
1008 1175 25 14 en

203 1196 161 28 Ofverbyggnad
387 1197 48 21 med
456 1197 26 21 21
506 1198 116 26 skälpunds
645 1198 104 26 skenvigt.
781 1198 42 20 Det
841 1199 25 19 är
886 1197 32 21 för
933 1199 32 19 att
980 1196 54 22 före-

202 1224 88 23 komma
313 1226 82 26 sädant,
411 1232 46 15 som
479 1226 36 27 jag
530 1226 57 21 velat
610 1226 63 21 hafva
696 1226 59 21 detta
777 1228 94 19 moment
889 1226 145 27 förtydligadt.

203 1253 42 28 Jag
260 1255 105 20 erkänner
381 1261 65 20 gerna
461 1255 36 21 det
512 1255 79 26 riktiga
609 1255 3 21 i
628 1255 56 22 Herr
700 1255 93 21 Kurtens
809 1255 141 26 anmärkning
960 1255 73 20 derom

202 1285 33 18 att
259 1283 36 21 det
317 1283 33 21 för
372 1283 105 21 särskilda
498 1283 42 25 fall,
557 1284 69 21 säsom
649 1284 27 21 dä
695 1283 131 22 frostknölar
842 1284 52 21 eller
909 1283 67 21 andra
991 1289 43 15 om-

203 1312 148 27 ständigheter
373 1312 85 27 päkalla
481 1319 25 14 en
530 1315 75 24 tyngre
624 1312 165 27 öfverbyggnad,
803 1313 42 21 kan
861 1319 51 14 vara
928 1312 58 21 svärt
1002 1313 32 20 att

202 1339 29 27 pä
246 1340 93 21 förhand
360 1341 119 21 bestämma
496 1341 133 26 skenvigten.
659 1341 49 21 Men
725 1341 60 21 detta
800 1341 88 21 hindrar
902 1341 18 26 ej
938 1343 32 19 att
985 1347 49 15 man

202 1369 83 20 uttalar
300 1369 40 21 den
357 1369 107 21 allmänna
479 1369 72 26 regeln
567 1369 48 22 frän
631 1369 84 22 hvilken
732 1369 36 22 det
783 1369 135 27 naturligtvis
934 1369 6 21 i
953 1370 81 21 undan-

202 1397 88 27 tagsfall
305 1399 24 20 är
344 1398 79 21 tillätet
438 1400 32 19 att
484 1398 78 21 afvika.

273 1455 56 20 Herr
349 1454 177 27 Tengström:
555 1455 12 21 1
589 1455 70 21 likhet
682 1455 47 21 med
751 1455 57 21 Herr
823 1455 57 27 Berg
895 1461 62 16 anser
972 1455 62 20 äfven

200 1483 37 26 jag
258 1485 33 19 att
312 1489 48 15 man
383 1483 42 27 eji
441 1483 130 22 Ständernas
590 1490 49 14 svar
653 1484 42 20 kan
712 1484 97 26 begagna
824 1486 32 18 ett
871 1484 24 20 sä
910 1483 125 27 knapphän-

203 1511 45 26 digt
273 1511 98 22 skrifsätt
394 1518 45 15 som
460 1514 47 23 ,att
530 1512 35 22 det
588 1512 22 21 af
631 1512 166 22 kommissionen
820 1512 121 27 föreslagna
956 1514 78 25 system
