1109 1786
276 103 179 22 Borgareståndet
468 103 54 18 1877.
547 104 13 16 2
572 86 124 43 November.
841 98 54 21 1619

132 173 56 21 Herr
202 172 92 22 Julin:
323 172 42 26 Jag
381 172 69 21 skulle
465 178 67 20 gerna
548 171 75 22 förena
638 172 43 27 mig
691 172 6 21 i
709 171 56 22 Herr
775 172 25 21 E.
811 171 83 28 Berghs

62 201 89 27 förslag;
174 207 48 15 men
246 201 27 21 dä
293 201 37 27 jag
353 200 124 28 föredrager
495 203 33 19 att
543 201 86 21 ansluta
645 201 43 26 mig
703 200 32 22 till
752 200 35 22 det
803 201 22 20 af
839 201 56 21 Herr

61 231 100 21 Boström
183 229 133 28 uppkastade
334 229 102 27 förslaget
454 231 33 20 att
502 229 62 22 äfven
580 229 61 22 detta
655 231 94 20 moment
765 229 69 21 skulle
850 229 45 22 för-

61 259 75 21 svinna
158 258 39 21 och
215 258 75 21 endast
306 258 36 21 det
357 257 107 28 generella
480 258 121 21 uttalandet
616 257 65 22 blifva
696 257 105 28 gällande,
817 259 23 20 sä
856 257 38 22 ber

59 287 37 27 jag
112 289 32 19 att
160 287 21 21 fä
195 286 132 21 understöda
342 286 57 22 Herr
413 286 108 22 Boström.

130 343 57 22 Herr
208 343 178 27 Tengström:
418 343 55 21 Herr
495 342 112 22 Boströms
630 342 156 27 framställning
805 342 33 22 lär
858 342 34 22 väl

60 378 52 15 vara
134 372 146 27 oemotsäglig.
311 371 44 22 När
377 378 49 15 man
446 372 133 21 beträffande
595 371 120 26 Uleäborgs
731 372 81 26 lyceum
828 371 65 23 fattat

61 401 37 21 det
119 400 77 27 beslut,
218 407 45 15 som
284 400 19 22 vi
325 400 43 22 alla
391 400 100 27 påminna
514 406 41 20 oss,
572 400 24 22 sä
615 402 25 19 är
655 400 129 27 följdriktigt
798 402 33 20 att
846 400 48 22 det-

60 435 81 16 samma
163 429 94 22 beslutes
281 429 61 21 äfven
365 428 134 22 beträffande
521 435 28 15 nu
570 429 8 21 i
599 428 61 28 fräga
679 428 92 22 varande
787 429 105 21 läroverk.

61 458 74 22 Skulle
156 458 37 21 det
215 458 55 22 dock
285 458 46 21 icke
347 457 66 22 blifva
428 457 67 26 fallet,
510 459 53 20 utan
579 459 32 19 ett
625 457 88 27 specielt
729 458 111 21 uttalande
855 464 37 15 an-

60 486 82 26 gäende
157 481 47 27 Äbo
221 487 39 21 och
275 486 134 28 Björneborg
424 486 86 21 komma
525 486 7 21 i
548 486 67 27 fräga,
629 486 24 21 sä
663 486 36 21 vill
712 486 60 21 äfven
781 486 43 27 jag,
835 486 57 22 huru

61 515 51 27 föga
127 515 74 27 troligt
217 516 36 20 det
267 517 27 19 än
311 517 24 19 är
350 517 33 19 att
399 521 25 15 en
440 514 67 22 sädan
524 514 101 22 händelse
640 514 103 27 inträffar,
760 514 74 22 förena
850 515 42 26 mig

60 544 49 21 med
124 544 57 21 Herr
197 544 26 21 E.
238 544 77 27 Bergh,
331 544 40 21 och
386 543 36 22 vill
439 543 109 21 dessutom
564 543 71 22 erinra
651 543 78 28 derom,
745 545 33 20 att
786 543 46 21 frän
844 537 48 27 Äbo

60 573 33 21 till
115 572 134 28 Björneborg
271 575 24 19 är
316 573 47 21 icke
385 573 84 20 mindre
484 574 27 19 än
527 572 80 21 femton
624 572 43 26 mil,
683 578 45 15 som
745 572 147 27 ungefärligen

60 602 25 20 är
107 601 124 21 medeltalet
251 601 23 21 af
293 601 112 21 afständen
420 601 92 21 emellan
528 601 26 21 de
569 600 74 22 städer
658 607 45 15 som
718 600 63 22 hafva
795 600 97 22 fullstän-

61 630 50 26 diga
132 629 106 22 läroverk.
269 630 40 21 Till
332 632 99 18 närmare
453 630 128 27 upplysning
603 629 93 22 rörande
715 628 177 22 medelafständet

61 658 90 22 emellan
164 658 127 22 läroverken
307 659 6 21 i
328 658 73 22 landet
417 658 97 21 anhåller
527 658 37 27 jag
580 660 32 19 att
627 658 22 21 få
665 658 100 27 uppgifva
780 657 111 22 afständen

60 687 49 21 dem
124 686 90 22 emellan
231 687 100 27 börjande
347 687 46 21 från
409 687 63 27 ryska
487 688 98 25 gränsen.
608 686 59 22 Ifrån
682 686 81 27 Viborg
778 686 32 22 till
820 686 72 28 Borgå

60 717 25 19 är
99 715 99 28 tjugutvä
214 716 43 24 mil,
273 716 45 21 från
334 716 71 26 Borgå
420 715 33 22 till
467 715 136 28 Helsingfors
619 715 42 21 fem
676 715 43 26 mil,
735 715 46 21 från
792 715 99 27 Helsing-

60 744 44 22 fors
126 744 34 21 till
183 738 48 28 Äbo
254 744 87 27 tjuguen
365 744 43 26 mil,
425 744 47 22 frän
491 738 48 28 Äbo
555 744 33 22 till
603 744 133 27 Björneborg
751 744 80 21 femton
846 743 44 26 mil,

60 772 46 22 frän
122 772 133 28 Björneborg
271 773 32 21 till
319 772 135 22 Nikolaistad
469 773 71 21 nitton
557 773 40 21 och
613 779 26 15 en
655 772 46 22 half
712 772 43 27 mil,
767 772 47 22 frän
824 772 66 22 Niko-

60 801 77 21 laistad
153 802 33 20 till
201 801 77 22 Gamla
293 802 100 26 Karleby,
409 807 46 15 som
471 801 39 21 har
526 801 55 21 blott
597 801 128 27 fyrklassigt,
736 801 46 21 icke
793 801 97 21 fullstän-

61 830 45 26 digt
128 830 89 26 lyceum,
239 830 81 22 femton
343 830 40 21 och
404 836 25 15 en
448 830 47 21 half
513 830 37 21 mil
567 832 55 19 samt
637 830 98 26 slutligen
751 830 46 20 frän
813 829 78 22 Gamla

60 858 93 28 Karleby
169 858 33 22 till
225 858 108 28 Uleäborg
356 858 97 27 tjugutvä
468 859 42 21 mil.
542 858 88 22 Säledes
646 859 89 21 emellan
751 858 26 22 de
793 858 97 22 fullstän-

60 886 49 27 diga
124 887 125 21 läroverken
266 888 6 20 i
288 887 133 22 Nikolaistad
438 887 40 21 och
489 887 109 26 Uleäborg
613 887 47 21 icke
673 887 83 21 mindre
767 889 28 19 än
805 887 85 21 trettio-

60 915 34 27 sju
116 915 39 22 och
177 922 26 14 en
223 915 46 22 half
289 916 43 21 mil.
363 915 41 22 Vid
421 915 62 22 dessa
498 915 86 22 afständ
600 915 66 22 fäster
679 915 37 28 jag
731 915 94 27 betydlig
840 915 50 27 vigt,

60 944 32 21 för
115 947 32 18 att
168 944 121 21 sedermera
305 945 6 20 i
327 944 68 21 sinom
412 945 31 20 tid
455 944 91 27 jemföra
563 944 47 21 dem
626 944 49 21 med
691 944 26 21 de
731 944 62 21 korta
809 944 80 21 afstän-

61 972 39 22 den
117 973 6 20 i
140 975 59 19 östra
214 973 91 21 Finland
321 973 91 22 emellan
427 973 26 21 de
469 976 65 23 orter,
550 973 32 21 till
597 973 74 21 hvilka
685 972 137 27 fullständiga
832 973 57 21 läro-

59 1001 51 21 verk
126 1003 36 20 äro
179 1001 100 27 begärda.

128 1059 57 20 Herr
205 1057 166 23 Molander:
402 1058 75 22 Ehuru
490 1059 37 26 jag
542 1058 41 21 har
594 1058 110 27 ingenting
719 1061 56 19 emot
791 1058 56 21 Herr
862 1058 25 21 £.

58 1087 82 26 Berghs
162 1087 91 27 projekt,
276 1087 24 22 sä
323 1087 68 22 mäste
411 1087 37 28 jag
469 1087 55 21 dock
547 1087 90 27 upplysa
652 1089 33 19 att
698 1087 36 27 jag
749 1087 39 20 har
803 1087 85 26 petitio-

58 1118 62 19 nerat
142 1122 35 15 om
200 1118 32 19 ett
254 1115 133 28 fullständigt
404 1115 100 22 läroverk
520 1116 48 21 med
591 1116 105 21 svenskan
719 1115 70 22 säsom
810 1115 78 21 under-

59 1144 158 27 visningsspräk
239 1144 28 27 pä
285 1145 40 21 den
346 1144 70 27 grund
431 1147 32 19 att
479 1146 202 25 representanterna
697 1144 32 21 för
743 1143 145 28 Björneborgs

58 1173 47 21 stad
128 1172 183 22 sammankallade
328 1176 31 18 ett
377 1175 57 19 möte
451 1173 38 21 der
505 1173 126 21 valmännen
646 1173 85 21 kommo
748 1171 140 23 tillsammans

58 1201 40 21 och
121 1201 110 27 päyrkade
254 1208 26 14 en
303 1202 66 21 sädan
392 1202 97 26 petition.
521 1201 42 21 För
585 1201 44 21 min
649 1201 33 21 del
699 1207 60 16 anser
772 1200 36 27 jag
823 1200 65 22 ocksä

58 1232 32 20 att
113 1229 102 22 behofvet
237 1230 23 21 af
274 1232 31 19 ett
328 1230 87 22 svenskt
438 1230 81 27 lyceum
538 1230 6 21 i
560 1230 133 27 Björneborg
708 1230 32 21 för
755 1229 132 22 närvarande

58 1261 24 19 är
104 1258 44 22 lika
170 1261 55 19 stort
247 1265 46 15 som
309 1259 99 21 behofvet
426 1259 21 21 af
459 1261 33 19 ett
508 1258 72 22 finskt.
610 1259 42 27 Jag
668 1259 38 21 har
721 1258 46 22 icke
782 1261 58 19 emot
856 1260 31 19 ett

57 1287 65 22 finskt
144 1287 98 22 läroverk
258 1294 34 15 om
309 1288 36 21 det
359 1287 69 22 skulle
441 1287 101 26 beslutas,
561 1294 48 15 men
622 1287 38 28 jag
675 1293 61 16 anser
751 1287 47 21 icke
813 1287 74 26 nödigt

58 1318 32 19 att
105 1315 91 22 Ständet
216 1318 69 25 yttrar
300 1317 31 24 sig
346 1317 103 21 särskildt
464 1323 34 14 om
516 1316 69 21 denna
599 1316 68 24 skola,
683 1318 52 19 utan
749 1322 62 15 anser
825 1316 7 21 i
848 1315 39 22 lik-

57 1344 37 21 het
117 1344 48 21 med
187 1345 57 21 Herr
265 1345 99 21 Boström
381 1347 32 19 att
432 1345 36 21 det
486 1345 40 21 bör
544 1345 6 21 i
568 1345 118 21 allmänhet
707 1343 141 23 öfverlämnas
863 1343 23 22 ät

58 1373 115 27 Styrelsen,
189 1376 33 19 att
237 1373 55 22 efter
307 1373 214 28 omständigheterna
536 1373 79 22 handla
630 1374 7 21 i
653 1373 69 22 denna
737 1373 44 22 sak.

125 1430 57 21 Herr
198 1429 159 22 Snellman:
387 1431 46 21 Den
449 1430 186 27 omständigheten
651 1433 33 19 att
695 1430 105 22 Ständet
790 1425 10 37 i
811 1429 75 28 frägan

58 1465 34 15 om
107 1459 122 21 läroverket
243 1459 7 20 i
265 1459 109 27 Uleåborg
393 1459 48 22 icke
456 1461 72 20 ansett
544 1459 32 27 sig
592 1459 54 22 böra
660 1459 142 28 uttryckligen
816 1458 70 22 uttala

56 1488 32 26 sig
110 1487 73 22 derför
205 1489 52 19 utan
279 1490 71 19 ansett
365 1487 60 22 detta
441 1488 161 27 önskningsmål
618 1488 52 21 böra
686 1487 100 23 hänföras
801 1487 33 22 till
849 1488 37 21 det
