1109 1786
194 113 61 35 2070
406 122 182 22 Borgareståndet
600 123 56 18 1877.
681 123 9 17 1
702 123 121 18 December.

198 191 41 21 har
264 191 83 27 påstått
369 192 33 21 att
423 191 168 27 strandegarene
613 191 44 22 lida
680 191 77 28 fasliga
779 191 103 22 förluster
903 198 76 21 genom
997 193 33 20 att

197 219 88 23 stockar
307 220 78 21 vräkas
405 220 28 27 på
448 220 63 21 deras
526 220 106 26 stränder,
648 226 46 16 som
710 220 91 22 sålunda
816 220 144 27 nedtrampas.
990 220 40 22 Så-

201 248 58 21 dana
280 248 38 21 fall
340 249 73 21 kunna
434 249 35 21 väl
491 248 93 27 inträffa,
607 255 49 15 men
679 251 153 31 strandegaren
848 249 40 21 har
901 249 24 27 ju
940 251 43 20 rätt
997 251 33 20 att

197 276 75 22 fordra
293 276 39 22 full
347 278 120 26 ersättning
482 277 48 24 och,
546 283 34 16 om
597 277 66 22 sådan
679 277 19 27 ej
714 277 89 24 lemnas,
819 277 87 22 behålla
919 277 89 22 stocken
1022 278 8 21 i

197 305 109 27 qvarstad.
327 305 94 22 Sålunda
436 306 74 27 tyckes
527 306 55 21 1873
598 306 36 21 års
649 306 126 32 förordning
790 306 72 21 lemna
876 306 153 32 strandegaren

197 328 127 37 tillräckligt
345 334 74 34 skydd,
442 336 23 25 ty
480 336 70 20 större
565 334 119 27 ersättning
699 334 40 22 bör
753 335 42 21 den
811 334 35 21 väl
862 334 18 28 ej
896 334 82 22 tilldela
992 335 37 21 ho-

197 368 58 20 nom,
270 364 27 20 än
313 362 82 22 skadan
411 364 25 20 är
450 363 61 21 värd.
533 363 57 21 Herr
604 362 93 22 Jansson
712 363 70 21 skulle
797 363 74 21 säkert
886 363 66 21 ändra
967 363 62 27 åsigt,

197 397 35 15 om
255 390 42 22 han
322 398 26 14 en
373 397 94 16 sommar
489 391 66 27 följde
578 392 48 21 med
649 391 172 22 stockflötarene.
851 391 79 22 Säkert
950 393 25 19 är
996 394 33 20 att

196 420 75 26 hvarje
286 420 144 27 strandegare,
447 420 27 21 då
489 420 43 21 han
547 420 70 22 håller
632 421 31 21 sin
679 426 38 21 syn
733 421 41 21 och
789 420 34 21 till
838 422 101 25 synemän
949 420 79 22 tillkal-

196 448 34 21 lar
245 448 46 21 sina
305 454 100 21 grannar,
420 448 102 22 värderar
537 449 82 21 skadan
634 448 47 22 icke
697 448 149 27 enfaldeligen,
862 455 35 15 om
910 449 37 27 jag
962 449 24 21 så
996 448 32 22 får

196 478 59 25 säga,
271 478 51 20 utan
338 476 120 28 flerfaldigt.
475 477 54 26 Den,
544 484 47 15 som
607 477 48 27 följt
669 478 49 21 med
735 477 82 22 utefter
831 477 147 26 ästränderna,
987 477 39 21 fin-

189 511 46 15 ner
257 507 34 19 att
309 506 38 20 der
361 506 62 21 alltid
438 506 60 27 löper
514 512 26 15 en
555 506 94 27 naturlig
664 506 99 27 trampad
779 506 80 26 späng;
876 505 68 22 denna
960 506 66 26 späng

196 534 102 22 värderas
317 534 74 27 hvarje
406 534 25 22 år
446 534 34 22 för
494 534 74 28 hvarje
583 537 116 25 transport,
716 541 46 15 som
778 534 40 28 går
833 534 39 21 der
887 534 62 27 förbi,
965 534 61 21 hvar-

195 563 86 27 igenom
301 564 152 26 strandegaren
469 563 68 22 under
552 570 27 15 en
595 564 55 21 enda
664 570 95 15 sommar
774 563 43 22 blir
831 562 114 28 flerfaldigt
960 564 66 21 ersatt

195 591 34 21 för
251 592 70 21 denna
336 593 73 25 spång.
439 592 47 21 Den
502 592 34 21 del
552 592 23 21 af
588 592 108 25 stranden,
711 598 47 16 som
774 592 86 21 utöfver
876 592 68 21 denna
960 592 66 26 spång

197 620 106 26 beträdes,
326 621 100 21 värderas
447 620 108 22 dessutom
577 620 73 27 skildt,
673 620 25 22 så
713 623 34 19 att
762 620 154 27 strandegaren
931 621 6 20 i
952 620 74 27 hvarje

197 648 122 22 hänseende
341 649 42 21 blir
405 649 153 27 mångdubbelt
582 651 74 19 ersatt.
687 649 57 27 Vilja
763 650 26 20 de
806 649 19 27 ej
841 648 58 22 hålla
914 655 38 21 syn
967 648 59 22 öfver

197 677 41 21 den
253 677 59 21 lidna
326 677 109 26 förlusten,
451 678 24 21 så
491 680 24 18 är
530 678 36 21 det
582 678 62 21 deras
660 684 53 21 egen
729 678 50 26 sak;
795 678 27 20 de
838 677 62 21 hafva
915 678 63 26 lagen
994 679 32 20 att

195 705 59 22 hålla
275 706 33 26 sig
330 706 39 21 till.
399 706 42 26 Jag
462 706 37 21 vill
514 706 113 22 framhålla
642 709 32 19 ett
689 706 117 28 belysande
821 706 102 27 exempel.
953 705 73 22 Under

196 734 146 22 innevarande
364 740 94 16 sommar
480 735 118 21 förstördes
613 741 76 21 genom
705 734 91 28 flötning
811 741 26 15 en
850 735 55 27 dam,
920 740 46 16 som
981 734 45 22 blef

195 763 106 21 värderad
321 763 32 21 till
373 764 63 25 2,000
451 764 67 23 mark,
534 763 73 21 hvilka
622 764 117 26 penningar
755 766 77 24 genast
847 763 67 21 måste
931 769 45 15 som
991 765 34 19 sä-

195 791 77 22 kerhet
287 792 118 26 deponeras
420 793 27 25 på
463 792 36 21 det
514 792 125 27 flottningen
655 792 70 22 skulle
740 792 75 22 kunna
825 791 75 27 fortgå.
916 792 53 24 Den,
978 797 46 16 som

195 820 68 22 vållat
277 821 92 24 skadan,
383 820 106 22 förbehöll
504 820 32 27 sig
551 822 33 20 att
599 820 48 28 själf
661 821 22 22 få
698 821 132 21 iståndsätta
846 820 104 22 dammen.
975 820 49 21 Han

195 848 85 28 byggde
303 849 40 21 den
364 855 28 21 ny
414 850 33 20 för
463 850 42 20 500
528 850 68 25 mark,
619 849 39 21 och
681 849 100 22 fordrade
805 850 27 20 då
847 850 34 20 att
895 849 69 21 återfå
978 849 47 21 sina

197 877 136 27 deponerade
351 878 64 25 2,000
429 878 67 21 mark.
527 878 48 21 Men
591 866 90 33 emedan
697 878 24 21 af
735 879 111 20 dammens
861 880 33 19 tre
910 884 62 25 egare
987 884 37 14 en-

195 907 50 20 dast
263 905 37 22 två
322 894 112 39 medgåfvo
457 908 33 19 att
510 906 99 21 dammen
632 913 37 15 var
689 907 70 26 färdig
775 906 40 21 och
831 908 33 19 att
879 905 145 28 penningarna

194 934 73 21 kunde
290 935 38 21 hos
350 935 139 21 länsmannen
512 935 22 21 få
554 935 70 27 lyftas,
647 935 122 22 förklarade
793 934 40 22 den
849 935 74 26 tredje,
939 935 27 20 då
981 934 43 22 han

195 963 123 27 ändteligen
340 964 72 21 kunde
433 963 103 22 anträffas
548 966 33 19 att
595 963 43 22 han
653 964 47 21 icke
716 970 37 15 var
769 963 85 22 belåten
870 963 48 21 med
933 963 90 21 arbetet.

194 991 35 22 Då
249 992 141 21 verkställdes
409 998 45 21 syn,
468 992 33 21 till
517 992 85 21 hvilken
618 993 55 20 dock
689 993 76 21 endast
781 992 26 21 de
822 991 37 22 två
874 991 148 23 förstnämnde,

194 1026 49 15 men
259 1020 48 21 icke
322 1021 40 21 den
377 1021 75 27 tredje,
468 1027 77 20 egarne
561 1021 88 21 infunno
665 1021 39 27 sig.
735 1021 44 21 Det
793 1027 38 15 var
846 1020 82 22 säledes
944 1026 79 21 uppen-

195 1049 50 21 bart
267 1051 32 20 att
321 1049 69 22 denne
412 1049 69 27 tredje
501 1049 49 22 ville
571 1050 8 21 i
601 1049 72 22 stället
694 1050 33 21 för
750 1049 50 26 500,
822 1049 88 21 komma
923 1050 23 20 åt
962 1049 61 22 dessa

195 1078 64 25 2,000
271 1078 68 26 mark,
354 1078 87 21 hvarför
455 1078 42 21 han
513 1078 32 21 för
556 1078 62 21 deras
633 1078 182 22 utbekommande
829 1077 70 22 stälde
914 1077 42 22 alla
971 1077 52 27 möj-

193 1106 44 27 liga
260 1106 75 22 hinder
357 1107 7 20 i
385 1109 73 25 vägen.
489 1107 43 21 Der
554 1107 58 26 ligga
634 1107 90 21 sålunda
745 1109 59 19 ännu
823 1106 63 21 dessa
908 1106 115 27 penningar

194 1135 67 21 sedan
279 1135 35 22 nio
329 1135 102 22 månader
445 1135 97 22 tillbaka.
573 1135 88 22 Enhvar
676 1142 46 15 som
737 1137 26 20 är
779 1135 65 26 något
859 1135 49 22 inne
924 1135 5 20 i
946 1134 78 22 förhål-

193 1163 94 22 landena
301 1164 55 21 skall
371 1164 87 21 komma
474 1163 32 22 till
522 1164 40 21 den
579 1164 156 27 öfvertygelsen
752 1165 34 20 att
801 1163 164 28 strandegarens
980 1165 43 20 rätt

193 1192 116 26 ingalunda
323 1194 25 19 är
362 1192 93 24 lidande,
471 1192 122 27 derigenom
609 1194 32 20 att
656 1192 43 22 han
714 1193 19 26 ej
749 1192 70 22 skulle
835 1192 29 21 ha
879 1192 61 26 lagen
954 1192 28 26 på
990 1192 32 21 sin

194 1220 53 22 sida.
277 1220 98 23 Skänker
396 1221 71 27 någon
489 1221 140 27 strandegare
644 1221 56 22 efter
715 1221 72 22 denna
802 1222 50 23 rätt,
868 1221 24 21 sä
907 1222 24 20 är
946 1221 36 21 det
996 1226 26 16 en

193 1255 72 16 annan
279 1249 45 22 sak.
355 1249 50 22 Men
420 1250 130 27 antagandet
566 1250 22 21 af
602 1250 69 21 denna
686 1256 28 15 nu
730 1249 148 28 föreliggande
893 1249 35 27 lag
943 1251 25 20 är
978 1250 45 21 det-

194 1284 82 15 samma
291 1284 45 15 som
352 1280 32 19 ett
398 1278 73 27 päbud
486 1280 33 20 att
533 1279 64 27 ingen
613 1278 154 27 stockflötning
782 1278 33 21 fär
829 1278 100 21 existera.
944 1278 78 27 Hvarje

193 1307 68 21 skada
280 1307 42 22 kan
344 1307 107 27 värderas,
474 1313 49 16 men
537 1307 57 21 huru
616 1307 55 22 skall
692 1313 49 16 man
757 1307 93 21 värdera
864 1308 159 25 eganderätten.

193 1335 47 22 Den
256 1342 41 15 ena
311 1335 102 22 värderar
427 1336 42 21 den
484 1336 33 21 till
532 1342 53 18 mer,
601 1336 40 21 den
657 1336 68 21 andra
739 1336 36 21 till
790 1336 89 21 mindre.
895 1335 57 21 Herr
961 1335 62 22 Jans-

193 1369 40 16 son
253 1364 40 21 har
311 1366 55 25 sagt,
382 1366 33 19 att
430 1371 35 15 om
481 1365 40 21 den
536 1365 103 21 värderas
655 1364 34 21 för
704 1364 61 27 högt,
779 1364 37 27 jag
831 1370 51 21 eger
898 1363 69 22 vända
981 1364 43 27 mig

193 1392 33 21 till
241 1392 126 22 domstolen.
383 1393 51 21 Men
449 1396 14 19 t.
480 1399 32 16 ex.
527 1393 69 22 under
610 1395 67 25 vägen
693 1393 48 21 frän
758 1392 124 22 Wiitasaari
898 1392 32 21 till
940 1392 82 27 kusten,

194 1421 28 21 30
243 1420 14 22 å
275 1421 29 21 40
319 1421 44 27 mil,
378 1421 69 22 finnes
461 1421 51 22 flere
527 1421 86 22 hundra
627 1421 72 22 skilda
712 1421 150 27 siraudegare,
878 1421 83 22 hvilkas
974 1427 50 21 pre-

192 1450 109 21 tensioner
316 1451 37 20 äro
369 1450 104 27 orimliga.
488 1451 42 26 Jag
545 1450 68 21 måste
630 1450 28 21 då
672 1457 52 14 vara
739 1449 88 22 försedd
844 1450 47 21 med
907 1438 117 39 penningar

192 1478 34 21 för
247 1480 33 20 att
294 1479 99 26 dagligen
408 1479 71 21 betala
494 1479 50 21 mitt
559 1479 52 25 folk,
626 1479 40 21 och
681 1479 112 21 dessutom
808 1485 52 15 vara
874 1478 86 22 försedd
975 1478 48 21 med

193 1512 26 15 en
233 1507 136 21 reservkassa
385 1507 34 22 för
433 1509 32 20 att
480 1507 72 22 kunna
567 1509 60 20 möta
641 1507 44 22 alla
692 1508 65 21 dessa
765 1508 151 26 strandegares
924 1506 98 28 anspråk,
