1109 1786
273 141 179 22 Borgareståndet
468 141 56 18 1877.
548 142 27 17 27
589 141 121 18 November.
854 136 55 22 1901

78 211 35 21 vid
129 211 131 26 rättigheten
275 212 39 25 att,
330 210 27 22 då
372 211 26 21 de
408 211 73 27 uppnå
492 210 203 28 myndighetsålder,
706 210 74 27 sjelfva
790 210 121 22 bestämma

77 239 61 22 öfver
153 239 32 22 sin
201 239 98 22 troslära.

148 295 57 22 Herr
226 296 133 21 Jansson:
388 296 42 26 Jag
452 297 39 19 ber
513 297 33 20 att
561 296 21 21 få
597 296 130 21 understöda
749 295 56 21 Herr
819 295 91 22 Fabritii

78 324 88 27 förslag.
196 324 33 21 Då
251 324 20 21 vi
293 324 65 21 redan
381 324 62 21 hafva
466 324 50 22 låtit
532 326 77 20 tvenne
624 324 67 22 andra
706 323 123 28 paragrafer
844 324 66 22 blifva

79 352 108 22 beroende
202 352 27 28 på
244 352 106 27 utgången
365 352 22 22 af
397 353 40 21 den
449 352 130 28 diskussion,
589 359 45 15 som
647 353 113 21 framdeles
771 352 41 22 kan
823 353 87 21 komma

77 383 35 20 att
127 382 78 27 uppstå
225 382 109 26 angående
350 382 12 26 &
378 382 27 20 22
421 381 7 21 i
444 382 167 26 propositionen,
633 382 24 20 sä
676 388 63 15 anser
754 381 38 27 jag
807 382 36 21 det
858 388 53 14 vara

79 410 40 22 allt
134 410 47 21 skäl
196 412 32 19 att
243 410 64 21 också
321 410 70 22 lemna
406 410 130 27 afgörandet
552 410 22 21 af
589 410 68 22 denna
667 412 12 24 $
690 410 32 21 till
737 410 49 21 dess
797 410 113 22 beroende.

149 467 70 22 Sedan
235 466 144 22 diskussionen
395 474 34 14 om
446 467 58 21 Herr
519 467 89 22 Fabritii
629 469 72 19 senast
719 466 133 23 framställda
868 466 42 22 för-

78 496 48 27 slag
141 496 89 22 härmed
245 496 113 24 afstannat,
375 496 132 22 framställde
522 496 57 21 Herr
593 496 165 22 Talmannen
774 496 49 21 med
837 496 73 22 anled-

79 524 51 28 ning
146 525 23 21 af
182 525 60 22 detta
257 524 78 28 förslag
349 524 33 22 till
398 524 91 22 Ståndet
506 524 93 28 följande

149 582 196 26 Proposition:
376 582 36 25 De,
429 588 45 15 som
499 582 50 26 vilja
571 583 32 20 att
625 582 156 26 behandlingen
804 582 23 21 af
848 583 13 26 &
885 583 25 20 12

78 610 56 22 skall
150 611 77 26 fortgä,
242 616 62 16 svara
315 611 38 27 ja;
373 610 32 27 de,
421 616 46 16 som
483 610 58 27 vilja,
557 612 33 20 att
605 610 48 22 med
670 611 40 21 den
725 610 73 22 vidare
814 610 96 22 behand-

80 639 71 27 lingen
167 640 23 21 af
205 639 25 21 de
245 641 33 19 tre
294 639 52 21 sista
360 641 122 19 momenten
498 640 7 20 i
521 640 35 25 &:n
571 639 54 21 skall
641 640 52 20 bero
709 639 31 21 till
756 640 48 20 dess
819 639 91 22 Ständet

78 667 66 22 fattat
158 667 71 22 beslut
244 667 7 21 i
265 667 113 27 anledning
393 667 24 21 af
431 668 12 26 $
458 668 54 26 22,i
525 668 41 21 den
581 668 78 26 nådiga
675 668 165 27 propositionen,
855 671 54 19 mot-

78 696 105 22 svarande
199 696 11 28 $
227 698 26 20 19
268 696 7 21 i
290 696 122 22 Utskottets
427 696 144 27 betänkande,
587 702 62 16 svara
665 696 49 27 nej.

148 754 163 27 Propositionen
326 753 127 22 besvarades
469 754 37 21 vid
521 754 99 27 votering
627 754 49 21 med
691 754 28 21 24
728 754 29 27 ja
768 754 40 21 och
822 754 25 21 17
858 754 51 27 nej.

148 810 11 22 I
181 806 51 31 följd
248 810 22 22 af
283 810 171 28 omröstningens
476 811 83 27 utgång
580 811 110 21 fortsattes
713 811 147 22 diskussionen
882 811 28 27 pä

77 841 45 20 sätt
137 846 46 15 som
198 839 73 27 följer:

148 896 57 21 Herr
227 896 106 27 Nybom:
364 896 69 22 Sedan
457 897 149 22 diskussionen
630 897 47 21 äter
699 897 97 26 vidtagit,
819 897 36 21 vill
873 897 37 27 jag

79 926 45 20 mot
146 925 57 21 Herr
225 925 33 21 W.
281 925 80 27 Nystön
383 926 112 24 anmärka,
519 928 33 19 att
567 925 38 28 jag
620 926 55 21 dock
690 925 45 22 icke
751 929 52 23 tror,
819 928 32 19 att
867 925 43 22 han

78 953 54 22 eller
146 953 71 27 någon
232 960 69 14 annan
317 953 98 22 lutheran
435 954 69 21 skulle
521 961 52 14 vara
588 955 24 20 sä
627 954 50 27 nöjd
693 954 47 21 med
756 956 32 19 att
804 960 37 15 ens
856 954 54 21 barn

79 982 69 21 skulle
164 982 21 21 fä
201 989 26 14 en
243 982 65 21 sädan
323 982 80 21 allmän
418 983 88 26 religiös
521 983 125 27 uppfostran
662 985 51 19 utan
725 982 77 27 speciel
813 983 97 26 tendens,

78 1017 47 14 som
141 1011 42 20 han
199 1013 70 19 ansett
283 1011 93 28 lämplig.
407 1011 41 27 Jag
463 1013 48 20 tror
527 1012 36 21 det
578 1011 46 22 icke
640 1018 50 15 vore
701 1013 113 26 angenämt
824 1011 33 22 för
867 1011 43 22 för-

80 1039 74 21 äldrar
169 1039 23 21 af
204 1039 240 27 Evangelisklutherska
469 1040 192 21 trosbekännelsen
677 1040 39 21 och
732 1040 68 21 likasä
815 1043 46 18 tror
874 1040 38 27 jag

80 1068 38 21 det
132 1067 47 22 icke
195 1074 50 15 vore
260 1070 113 25 angenämt
389 1068 34 21 för
438 1075 26 15 en
481 1069 123 21 bekännare
619 1069 24 21 af
656 1075 69 15 annan
741 1071 40 24 tro,
791 1070 32 20 att
834 1069 21 21 fä
864 1069 48 22 sina

81 1097 53 21 barn
150 1096 138 27 uppfostrade
303 1097 7 21 i
325 1103 26 16 en
367 1103 69 16 annan
459 1097 89 27 religion
565 1100 26 19 än
607 1098 40 21 den
663 1097 131 22 föräldrarne
816 1097 95 22 tillhöra.

79 1125 43 27 Jag
136 1126 69 21 mäste
219 1125 82 22 säledes
321 1126 132 21 fortfarande
476 1126 60 21 hälla
550 1127 27 26 pä
593 1126 39 21 den
648 1126 78 27 nädiga
741 1126 169 27 Propositionen.

150 1182 57 21 Herr
227 1182 143 22 Boström:
400 1183 41 27 Jag
465 1185 97 19 senterar
577 1183 7 21 i
599 1183 42 22 alla
657 1183 112 21 afseenden
785 1183 56 21 hvad
856 1183 56 21 Herr

80 1210 79 22 Wrede
179 1211 66 27 jemte
267 1211 66 21 andra
356 1213 135 20 reservanter
514 1211 62 22 hafva
591 1212 32 21 uti
637 1212 34 21 sin
686 1212 131 21 reservation
841 1212 71 21 anfört

82 1241 58 19 emot
156 1239 35 22 det
207 1239 84 28 förslag,
307 1246 44 15 som
368 1241 154 26 Lagutskottet
538 1241 40 21 här
592 1241 74 21 tillätit
680 1241 32 26 sig
727 1243 32 19 att
773 1243 60 25 göra.
863 1241 49 21 Men

77 1267 41 28 jag
132 1268 42 21 kan
191 1268 54 22 dock
260 1269 46 21 icke
320 1269 115 26 godkänna
457 1269 65 22 deras
539 1269 144 28 uppställning
698 1270 6 21 i
719 1270 72 21 saken.
821 1269 11 21 I
844 1269 69 22 likhet

82 1296 48 21 med
146 1296 57 21 hvad
218 1297 55 21 Herr
283 1297 96 27 Jgnatius
387 1299 66 20 redan
462 1298 79 25 anfört,
551 1305 62 14 anser
620 1298 39 27 jag
668 1298 183 22 samvetsfriheten
861 1304 52 15 vara

80 1325 42 20 den
136 1325 125 26 dyrbaraste
276 1326 39 21 och
327 1326 183 27 oförytterligaste
521 1329 44 19 rätt
575 1333 46 15 som
632 1333 26 16 en
671 1327 110 21 menniska
790 1327 41 21 kan
842 1326 70 22 hafva.

80 1353 43 26 Jag
138 1353 42 21 kan
196 1354 47 21 icke
259 1354 32 21 för
306 1355 43 20 min
365 1355 34 21 del
415 1355 96 22 erkänna
526 1355 117 22 föräldrars
665 1355 102 27 rättighet
783 1357 32 20 att
830 1355 6 21 i
853 1355 60 22 detta

80 1381 102 22 afseende
198 1382 62 22 döma
275 1383 40 21 och
330 1383 63 22 hafva
408 1385 71 26 nägon
503 1385 118 26 afgörande
641 1384 60 22 makt
716 1384 59 21 öfver
790 1384 47 21 sina
852 1383 60 22 barn.

81 1411 67 20 Detta
170 1410 70 22 blefve
263 1412 95 21 deremot
373 1419 26 14 en
415 1413 113 26 ovilkorlig
550 1413 52 27 följd
617 1419 34 16 om
668 1413 61 21 dessa
744 1415 77 20 tvenne
836 1413 78 21 omtvi-

80 1439 63 22 stade
164 1439 64 22 rader
251 1440 67 21 skulle
333 1441 21 22 fä
370 1441 93 27 gvarstä.
495 1441 137 27 Svärigheter
653 1441 71 22 kunna
739 1441 123 27 visserligen
878 1441 36 22 vid

82 1467 64 22 barns
161 1468 125 27 uppfostran
302 1469 7 21 i
325 1470 60 20 detta
400 1470 37 21 fall
453 1470 48 22 ofta
517 1477 42 21 nog
574 1471 83 26 uppstå,
673 1477 48 14 men
734 1470 37 27 jag
787 1476 63 16 anser
864 1471 49 20 dem

81 1496 47 22 icke
152 1497 23 21 sä
199 1497 190 27 oöfvervinnerliga
411 1501 33 19 att
467 1506 51 14 man
541 1499 32 21 för
595 1499 47 21 dem
665 1498 68 22 skulle
749 1499 52 21 böra
816 1498 98 27 uppofira

80 1526 72 21 denna
166 1525 74 27 hvarje
261 1526 121 22 menniskas
404 1527 106 27 rättighet
524 1528 34 21 till
573 1527 37 22 sitt
625 1529 105 20 samvetes
745 1527 71 22 frihet.
845 1527 69 22 Dessa
