1109 1786
280 123 179 22 Borgareståndet
471 123 55 18 1877.
551 123 28 18 80
591 123 121 18 November.
846 119 55 21 2041

73 192 87 21 komma
183 191 7 21 i
211 191 80 27 fråga".
321 191 62 22 Huru
406 191 54 22 låter
483 192 37 21 det
542 191 67 22 tänka
632 192 32 26 sig
682 193 33 20 att
732 193 32 20 ett
782 191 66 23 behof
862 192 42 21 blir

73 220 82 28 yppadt
170 220 40 21 och
225 220 96 26 erkändt,
336 223 51 18 utan
403 222 32 19 att
451 220 55 22 dock
521 221 86 21 komma
623 220 5 21 i
644 220 73 27 fråga?
741 221 43 21 Det
799 222 24 20 är
838 227 65 22 unge-

73 249 34 21 fär
129 255 46 15 som
199 255 34 15 om
256 255 49 15 man
326 248 68 22 skulle
413 249 91 22 skrifva:
520 255 49 19 ,,om
585 249 37 22 det
637 249 140 27 uppkommer
791 249 63 28 fråga
868 256 35 15 om

74 278 69 21 denna
164 277 46 27 sak,
226 278 23 21 så
264 277 55 22 skall
335 277 40 22 den
395 277 19 27 ej
429 277 87 22 komma
530 278 8 21 i
554 277 80 27 fråga".
666 278 45 21 Här
726 278 42 21 kan
783 284 29 15 nu
827 279 77 21 endast

72 305 58 28 gälla
153 308 34 19 att
205 307 78 25 antaga
306 305 51 22 eller
377 306 95 21 förkasta
495 306 109 27 förslaget,
620 312 49 15 men
691 306 102 22 öfversatt
813 306 34 22 till
865 313 39 15 ren

73 334 91 22 svenska
179 334 68 22 skulle
262 335 36 21 det
314 335 52 21 böra
381 334 58 27 lyda:
456 336 47 23 ,att
518 334 73 22 derest
605 335 74 26 nödigt
694 334 68 22 blefve
773 336 32 20 att
815 335 89 27 utvidga

73 363 152 27 normallyceet
241 363 6 21 i
262 363 132 21 Tavastehus
409 363 48 21 med
474 370 25 14 en
516 363 205 27 parallelafdelning,
737 370 26 15 en
779 363 66 22 sådan
860 364 43 21 för-

73 392 91 26 ändring
187 392 19 26 ej
229 392 66 21 måtte
318 392 113 26 vidtagas*.
463 392 41 27 Jag
527 392 118 27 tillstyrker
668 392 54 21 dock
739 394 33 19 att
790 392 112 22 Ständet
892 387 14 36 i

74 420 221 22 öfverensstämmelse
310 421 47 21 med
373 420 38 22 sitt
425 420 129 28 föregående
567 420 70 22 beslut
649 420 82 27 afböjer
740 421 163 27 sammanjemk-

73 449 165 27 ningsförslaget
253 449 6 21 i
275 450 60 20 detta
349 451 102 20 moment.

142 512 57 22 Herr
214 512 114 22 Höckert
343 512 102 22 förenade
461 512 31 27 sig
508 512 48 22 med
573 512 56 22 Herr
643 512 132 27 Tengström,
792 512 111 22 hvaremot

142 575 57 22 Herr
213 575 154 22 Hammarén
383 575 114 22 förordade
508 575 132 27 antagandet
650 575 21 22 af
681 575 222 27 sammanjemknings-

74 604 108 26 förslaget.

144 667 61 21 Efter
221 667 36 21 det
275 666 148 22 diskussionen
445 666 55 22 härä
522 666 107 27 afslutats,
648 666 111 22 famstälde
775 666 56 22 Herr
846 666 58 22 Tal-

73 701 116 16 mannen
205 695 92 27 följande

143 758 197 26 Proposition:
371 758 38 26 De,
425 764 47 15 som
488 758 114 26 godkänna
617 764 63 14 mom.
697 758 19 24 8,
733 764 61 14 svara
806 757 36 27 ja;
857 758 45 20 vin-

72 792 40 16 ner
126 786 52 27 nej,
194 792 61 16 anses
271 786 90 22 Ståndet
376 786 48 22 med
440 786 141 22 förkastande
596 786 21 22 af
632 786 122 22 Utskottets
767 786 80 27 förslag
857 786 45 21 vid-

73 814 69 22 blifvit
157 814 38 22 sitt
210 815 56 21 förra
280 815 70 21 beslut
366 815 6 21 i
388 815 69 21 denna
473 815 41 21 del.

142 878 163 27 Propositionen
321 878 127 21 besvarades
464 878 49 21 med
531 878 25 21 12
570 878 28 27 ja
613 877 40 22 och
669 878 27 21 27
712 878 51 26 nej.

400 969 141 22 Momentet
557 969 19 20 9.

143 1026 70 22 Sedan
236 1027 55 21 Herr
315 1027 120 21 Höckert
457 1026 93 28 påyrkat
569 1027 127 20 momentets
711 1025 135 22 förkastande
862 1025 39 22 och

74 1055 147 22 diskussionen
237 1055 99 22 afslutats
351 1055 125 22 framstälde
493 1055 55 21 Herr
563 1054 162 22 Talmannen
739 1054 93 27 följande

142 1118 195 27 Proposition:
369 1119 37 26 De,
422 1124 45 16 som
484 1118 114 27 godkänna
613 1125 64 14 mom.
693 1120 20 22 9,
729 1124 61 15 svara
803 1117 37 27 ja;
856 1117 46 21 vin-

73 1153 38 15 ner
133 1147 53 26 nej,
208 1153 62 15 anses
293 1147 90 22 Ståndet
403 1147 48 21 med
470 1147 140 21 förkastande
629 1147 23 21 af
665 1149 116 19 momentet
795 1145 107 22 vidblifvit

73 1176 37 20 sitt
125 1175 59 21 förra
200 1176 69 20 beslut
285 1176 6 20 i
307 1176 70 21 denna
393 1175 40 21 del.

142 1238 76 22 Denna
233 1238 131 27 proposition
377 1239 130 22 besvarades
518 1239 48 20 med
577 1238 104 22 obestridt
693 1238 153 27 öfvervägande
854 1238 46 26 nej.

141 1301 123 22 Utskottets
279 1302 98 27 yttrande
393 1302 7 21 i
415 1302 116 26 anledning
546 1302 23 21 af
583 1301 96 22 besluten
694 1301 91 21 rörande
797 1306 63 16 mom.
872 1300 29 27 m)

72 1330 6 21 i
100 1329 124 22 Utskottets
245 1330 148 28 ursprungliga
415 1330 137 22 betänkande
575 1330 36 27 gaf
631 1330 115 26 anledning
761 1329 32 22 till
808 1329 92 27 följande

72 1358 130 22 diskussion:

141 1421 56 21 Herr
211 1421 20 22 J.
249 1422 25 21 A.
291 1421 116 28 Nystén:
437 1422 42 26 Jag
498 1422 75 27 tycker
592 1423 33 20 att
643 1420 259 28 sammanjemkningsför-

72 1449 68 28 slaget
155 1449 6 22 i
177 1449 71 22 denna
266 1450 34 21 del
319 1452 25 19 är
362 1450 65 27 något
442 1449 153 28 besynnerligt.
625 1450 34 21 Då
674 1450 58 21 såväl
747 1449 155 27 Ridderskapet

71 1478 40 22 och
126 1477 69 23 Adeln
211 1485 46 15 som
273 1479 166 25 Presteståndet,
455 1479 38 21 det
508 1485 75 15 senare
599 1479 48 21 med
663 1478 154 27 öfvervägande
831 1478 71 27 plura-
