1109 1786
210 114 54 21 1680
398 118 181 22 Borgareståndet
589 119 56 18 1877.
671 120 12 17 6
695 120 122 17 November.

207 187 74 28 hvarje
305 188 30 21 uti
359 188 134 27 sjömansbus
517 188 116 21 inskrifven
657 188 82 27 sjöman
755 195 50 15 vore
821 188 85 28 skyldig
922 190 31 20 att
968 189 49 26 ingå
1032 188 7 21 i

208 217 206 27 pensionsanstalten
437 217 40 22 och
499 217 96 21 inbetala
617 217 48 20 sina
687 217 195 27 pensionsafgifter.
912 217 42 28 Jag
971 217 69 22 skulle

208 245 34 22 till
265 245 39 22 och
325 245 46 22 med
387 245 64 22 hafva
474 246 77 21 önskat
573 247 33 20 att
629 245 70 22 denna
713 245 123 28 skyldighet
851 245 68 22 blifvit
934 246 106 21 utsträckt

209 273 34 22 till
258 274 63 21 äfven
337 274 79 21 sådana
431 274 82 26 sjömän
530 281 45 14 som
590 273 48 22 icke
654 275 37 20 äro
707 274 106 21 inskrifna
829 275 6 20 i
850 274 134 27 sjömanshus
995 274 45 22 ifall

208 302 47 21 icke
279 303 36 20 det
335 302 132 22 förhållande
483 302 67 22 skulle
566 308 40 21 ega
621 308 47 16 rum
684 304 31 20 att
730 303 28 27 på
773 309 26 15 en
816 302 34 22 del
866 304 58 20 orter
939 302 40 22 och
994 302 47 22 huf-

209 330 147 28 vudsakligast
371 332 27 26 på
413 331 139 21 landtmanna
567 331 71 27 fartyg
653 337 102 21 personer
770 332 70 26 någon
856 332 87 21 kortare
958 331 30 22 tid
1002 333 38 20 äro

209 359 100 22 anstälda
330 360 7 21 i
360 360 97 27 sjötjenst
480 362 51 19 utan
554 363 33 18 att
603 360 71 21 derför
697 360 120 28 egentligen
839 366 54 21 egna
916 360 31 27 sig
962 361 23 21 åt
999 360 42 28 sjö-

211 388 147 27 mannayrket.
388 388 11 22 I
421 388 95 27 enlighet
538 388 48 22 med
610 388 61 22 detta
692 389 81 27 förslag
793 391 25 19 är
833 388 23 22 åt
871 388 73 28 hvarje
959 388 82 27 sjöman

211 416 117 22 öfverlåten
351 416 119 29 fullkomlig
492 417 65 21 frihet
576 419 33 19 att
628 416 118 23 bestämma
761 417 32 27 sig
809 424 35 14 om
860 417 42 22 han
918 417 36 21 vill
970 418 48 26 ingå
1033 417 8 21 i

211 445 158 27 sjömanshuset
389 446 39 21 och
443 446 213 27 pensionsanstalten.
689 446 130 22 Underlåter
834 446 42 21 han
892 448 33 19 att
939 446 103 22 inskrifva

211 474 34 28 sig
269 474 24 21 så
315 476 23 19 är
354 474 36 22 det
409 474 122 27 visserligen
547 476 49 20 sant
611 477 33 19 att
659 474 42 22 han
717 475 6 20 i
739 475 43 21 alla
797 474 38 22 fall
850 474 33 22 får
898 474 85 28 erlägga
998 474 44 22 för-

212 503 66 27 tjenst
301 502 68 28 afgift,
392 509 45 15 som
460 503 63 27 utgår
544 504 49 20 med
615 510 24 14 en
656 506 94 24 procent,
767 510 48 14 men
832 504 40 20 den
888 505 24 19 är
927 504 7 20 i
948 504 42 21 alla
1005 503 37 22 fall

212 531 83 28 ganska
317 531 48 21 litet
387 531 142 28 betungande.
559 532 235 27 Förhyrningsafgiften
815 534 46 19 tror
873 532 39 27 jag
927 535 31 19 att
973 532 27 27 på
1016 532 26 21 de

211 560 63 22 flesta
296 562 59 20 orter
377 560 83 22 betalas
475 560 24 22 af
513 560 110 22 redarene.
654 561 46 21 Den
716 560 117 28 frejdebok,
849 567 45 16 som
911 561 61 26 löses,
987 560 55 22 löses

213 596 26 14 en
255 589 56 27 gång
326 588 32 22 för
373 589 43 21 alla
431 590 61 20 tider.
524 590 56 20 Herr
595 589 83 21 Kurtén
694 589 39 21 har
748 589 120 21 framhållit
883 590 75 21 endast
970 589 26 21 de
1006 589 37 21 fall

213 618 38 20 der
268 618 39 20 den
323 617 66 22 första
404 624 73 15 resans
493 618 81 27 sjömän
591 618 48 21 med
655 620 40 19 den
711 618 70 26 lägsta
796 617 92 27 aflöning
904 618 22 21 af
941 620 26 19 20
982 617 61 22 mark

213 646 8 21 i
237 646 103 21 månaden
356 646 69 22 skulle
441 647 85 21 komma
541 647 6 21 i
563 646 66 27 fråga,
645 653 48 15 men
706 647 20 21 vi
740 647 70 21 känna
824 648 33 20 att
868 646 68 22 denna
946 646 98 27 aflöning,

213 675 55 21 efter
291 674 68 22 första
377 681 62 15 resan
455 676 64 20 redan
536 675 70 21 skulle
619 676 36 26 jag
672 678 39 23 tro,
728 675 105 27 betydligt
848 675 94 27 förhöjes
957 675 38 21 och
1011 677 33 19 att

213 704 41 20 den
278 704 121 20 sedermera
421 704 68 26 stiger
511 704 32 21 till
567 704 84 26 belopp,
668 710 45 15 som
730 704 69 27 öfriga
814 704 100 21 arbetare
930 704 6 20 i
951 703 93 22 landet
1034 699 15 36 i

213 732 118 21 allmänhet
354 732 46 22 icke
423 732 62 22 hafva
508 734 32 20 att
563 733 102 26 påräkna.
695 732 33 22 En
744 732 83 28 sjöman
842 739 29 15 nu
887 733 31 21 för
934 732 58 22 tiden
1008 732 36 21 be-

215 760 79 22 räknar
316 761 7 20 i
345 761 85 27 vanliga
453 761 37 21 fall
506 762 26 20 70
554 761 62 21 mark
636 761 6 20 i
662 761 105 21 månaden
788 766 60 16 utom
864 761 48 21 fritt
926 760 118 28 uppehälle.

215 788 41 22 Om
273 796 25 14 en
314 789 87 27 sjöman,
419 796 44 15 som
479 796 58 15 reser
552 790 69 21 första
636 796 68 19 resan,
719 796 64 15 anser
793 790 89 27 afgiften
893 790 32 21 till
936 790 108 27 pensions-

215 818 78 21 kassan
317 818 33 21 för
373 818 84 27 mycket
473 818 141 26 betungande,
631 818 23 21 så
670 824 49 20 eger
735 818 42 21 han
791 818 24 27 ju
830 825 54 21 qvar
898 819 40 21 den
953 821 92 25 utvägen

214 849 34 19 att
270 846 117 28 uppskjuta
409 847 48 21 med
477 847 31 21 sin
532 847 127 27 inskrifning
673 847 28 27 på
716 847 158 27 sjömanshuset
890 849 31 19 ett
936 847 24 21 år
974 848 22 21 så
1013 849 33 19 att

216 875 53 21 hans
291 875 92 27 aflöning
406 876 75 21 hinner
504 876 64 21 blifva
590 876 91 26 förhöjd.
711 876 10 20 I
744 876 118 21 allmänhet
884 879 45 18 tror
947 876 37 27 jag
1006 875 39 22 och

217 909 81 16 samma
313 903 122 22 erfarenhet
450 905 62 21 torde
526 904 63 21 äfven
605 905 67 20 andra
687 903 63 22 hafva
765 904 58 27 gjort
838 906 32 20 att
886 906 26 20 20
928 905 60 20 mark
1000 904 7 21 i
1019 910 27 15 en

215 932 95 27 sjömans
325 932 55 21 ficka
396 935 64 25 tynga
475 933 81 26 ganska
572 933 53 26 litet,
643 933 40 21 han
699 933 74 26 tyckes
789 933 106 28 nämligen
911 933 7 21 i
930 933 116 22 allmänhet

216 961 28 21 då
259 960 43 22 han
324 961 143 22 återkommer
481 962 32 21 till
529 949 96 34 hemmet
640 963 57 20 sätta
711 962 84 27 ganska
810 951 58 32 litet
873 962 65 21 värde
952 963 28 26 på
995 967 51 22 pen-

215 989 83 28 ningar.
327 989 52 22 Sina
402 990 117 27 penningar
541 991 104 26 förtjenar
669 990 42 21 han
733 990 83 21 kanske
835 991 47 21 icke
898 991 24 20 så
937 991 46 26 lätt,
998 996 48 15 men

215 1018 38 21 det
269 1019 88 26 uppstår
373 1019 54 21 dock
443 1019 34 21 för
492 1019 77 22 honom
585 1019 61 22 alltid
657 1025 26 15 en
693 1019 124 27 behällning
828 1019 89 22 emedan
927 1019 42 22 han
978 1007 68 33 under

216 1053 61 15 resan
301 1047 46 21 icke
369 1047 42 21 blir
433 1048 6 20 i
455 1047 82 22 tillfälle
552 1050 32 19 att
599 1049 53 25 göra
667 1048 23 21 af
705 1045 46 24 med
769 1048 55 21 dem.
855 1048 73 21 Afstår
942 1048 42 21 han
999 1047 47 22 från

215 1075 32 22 sin
271 1076 34 20 lön
330 1077 26 20 20
380 1077 60 20 mark
460 1076 33 21 för
508 1079 32 19 att
556 1076 103 27 betrygga
674 1077 32 20 sin
721 1077 119 25 ålderdom,
856 1077 24 21 så
895 1077 39 21 bör
949 1077 36 21 det
999 1076 47 21 icke

215 1103 34 22 för
264 1104 83 27 mycket
371 1105 92 26 betunga
478 1105 77 22 honom
571 1105 40 22 och
628 1106 122 27 derigenom
767 1107 24 19 är
807 1105 54 22 dock
877 1112 26 15 en
919 1107 45 20 stor
978 1105 68 21 fördel

215 1132 34 21 för
272 1133 78 21 honom
373 1139 91 16 vunnen.
494 1134 49 21 Man
564 1135 42 20 kan
623 1134 108 21 dessutom
747 1134 47 21 icke
809 1136 53 25 säga
876 1136 33 19 att
925 1134 35 21 det
975 1135 24 20 är
1014 1133 33 22 till

215 1161 42 21 den
273 1161 107 22 allmänna
403 1162 141 28 fattigvården
564 1163 42 21 han
623 1163 96 26 erlägger
734 1163 70 21 denna
819 1163 69 26 afgift.
918 1163 42 21 Det
974 1164 24 20 är
1013 1162 34 21 till

216 1195 25 15 en
265 1191 218 27 pensionsinrättning
498 1191 93 21 derifrån
611 1191 73 33 hvarje
702 1191 89 27 sjöman,
810 1191 42 21 han
868 1191 35 21 må
918 1197 52 15 vara
984 1191 62 26 fattig

215 1218 54 21 eller
292 1218 39 27 rik,
347 1219 55 22 skall
425 1219 21 22 få
461 1219 97 28 uppbära
573 1220 95 27 pension.
699 1220 42 21 Det
757 1222 25 19 är
797 1220 47 21 icke
861 1226 81 15 samma
956 1219 36 22 fall
1008 1219 39 22 här

216 1253 45 15 som
279 1235 52 33 med
342 1247 76 28 bidrag
433 1249 46 21 från
495 1249 164 32 sjömanshuset,
674 1249 73 21 hvilka
763 1249 76 21 endast
854 1249 68 26 gifves
937 1249 23 21 åt
975 1248 72 22 behöf-

215 1275 76 22 vande.
321 1276 41 27 Jag
385 1277 36 21 vill
443 1277 71 22 derför
530 1277 33 22 för
579 1278 42 21 min
638 1278 33 21 del
687 1278 87 21 förorda
789 1277 166 27 godkännandet
970 1277 22 22 af
1006 1277 41 22 den

216 1304 136 29 bestämning
367 1311 46 16 som
429 1305 66 22 finnes
511 1306 31 21 uti
558 1306 123 22 Utskottets
697 1307 86 26 förslag.

287 1391 30 22 På
340 1391 55 21 Herr
418 1391 172 22 Talmannens
613 1393 72 22 derom
709 1392 77 28 gjorda
805 1391 157 28 framställning
980 1392 68 21 beslöt

215 1409 92 32 Ständet
327 1410 33 31 att
383 1426 28 15 nu
434 1420 21 21 öf
469 1421 51 26 ergä
537 1421 32 21 till
585 1413 157 36 behandlingen
757 1421 25 21 af
795 1421 26 21 de
837 1420 80 27 förslag
932 1415 32 27 till
978 1421 71 21 beslut

215 1453 47 16 som
283 1448 131 22 förekomma
431 1449 6 21 i
453 1449 122 22 Utskottets
591 1449 135 23 betänkande
742 1450 13 21 &
771 1450 87 21 sidorna
876 1450 25 21 14
916 1450 39 21 och
973 1450 31 21 15.
