1109 1786
298 136 181 23 Borgareståndet
493 137 55 18 1877.
571 137 25 17 18
608 137 122 18 November.
873 132 55 21 1779

96 206 103 23 Finlands
214 206 56 22 bank
286 205 39 22 och
341 206 62 21 äfven
419 206 152 21 aktionärerne
586 206 7 21 i
609 205 178 28 privatbankerne
806 207 123 27 antagligen

96 235 98 22 använda
215 235 32 22 sin
270 235 55 21 vinst
347 234 32 22 till
402 234 85 28 nyttiga
502 235 108 26 ändamål,
626 241 63 21 synes
705 235 111 21 skilnaden
831 235 7 21 i
854 235 75 27 sjelfva

96 263 76 22 verket
187 270 50 15 vara
252 263 87 22 alldeles
355 263 70 26 ingen.
447 263 42 27 Jag
504 269 108 21 upprepar
626 263 44 21 min
685 263 122 28 tillstyrkan
823 266 33 20 att
866 263 63 22 Stån-

146 292 76 49 välte
242 292 114 26 godkänna
378 291 124 22 Utskottets
525 291 80 28 förslag
631 291 32 22 till
681 292 116 22 förändrad
813 292 80 28 lydelse
908 292 24 22 af

166 377 56 22 Herr
236 377 159 27 Borgström:
412 377 43 22 Vid
471 377 144 22 betraktande
629 377 24 22 af
667 377 36 21 det
717 379 60 19 stora
788 383 83 21 ansvar,
882 383 47 15 som

97 406 121 22 Ständerna
232 406 81 27 åligger
327 406 35 21 vid
377 406 159 26 förvaltningen
552 406 25 21 af
590 406 101 21 Finlands
707 405 56 22 bank
779 407 24 20 är
819 406 36 22 det
866 406 63 26 högst

96 434 103 28 naturligt
221 437 32 19 att
269 436 36 20 det
320 434 23 22 af
357 434 114 22 Utskottet
486 435 77 27 gjorda
579 434 102 28 förslaget
695 434 55 22 skall
766 441 52 15 vara
833 434 95 22 särdeles

97 463 120 22 tilltalande
241 463 39 22 och
295 464 111 21 lockande.
437 463 127 22 Emellertid
580 470 62 21 synes
658 463 49 27 mig,
723 465 32 19 att
771 470 55 19 man,
843 463 34 22 vid
894 463 35 22 be-

98 492 126 22 dömmande
244 492 23 21 af
281 492 69 22 denna
365 492 68 26 fråga,
450 492 47 21 icke
513 492 76 22 endast
604 492 33 22 får
651 492 58 27 följa,
726 491 56 22 hvad
797 498 49 16 man
854 492 75 26 tycker

97 527 52 15 vara
164 521 103 27 lämpligt,
283 523 51 19 utan
350 527 56 21 noga
421 522 53 25 göra
490 520 34 22 för
539 521 34 27 sig
587 521 58 21 klart
659 520 108 28 påföljden
783 520 23 22 af
819 527 26 15 en
856 520 72 22 förän-

97 550 62 27 dring
174 550 7 21 i
195 550 114 26 föreslaget
324 549 61 28 syfte.
416 549 51 22 Man
483 550 40 21 har
536 550 89 27 jemfört
640 549 101 22 Finlands
757 549 56 22 bank
829 550 47 26 mei
885 549 43 28 pri-

96 582 38 18 vat
150 579 87 21 banker.
267 578 74 22 Sävidt
354 579 38 26 jag
407 578 130 22 ätminstone
553 579 39 21 har
607 578 41 26 mig
665 578 79 22 bekant
759 578 40 21 har
809 578 119 21 emellertid

97 607 47 21 icke
159 607 69 27 nägon
244 607 69 27 privat
333 606 56 22 bank
405 607 82 21 lemnat
502 613 26 15 en
544 607 24 21 sä
583 608 45 20 stor
643 606 66 26 makt,
723 612 45 16 som
784 606 40 22 här
839 606 89 22 föresla-

97 636 49 26 gits,
168 636 23 20 åt
211 637 31 19 ett
263 635 187 26 förvaltningsräd,
474 642 46 14 som
541 636 69 21 skulle
625 636 82 21 bestått
722 636 23 20 af
759 635 45 28 fyra
819 641 109 21 personer.

98 664 44 22 Det
162 666 25 19 är
208 664 47 21 med
278 664 114 26 anledning
407 664 68 27 häraf,
497 670 47 15 som
559 664 36 27 jag
610 664 114 27 omöjligen
739 664 43 21 kan
797 664 73 21 förena
885 664 43 26 mig

98 699 35 15 om
156 692 121 22 Utskottets
299 693 85 27 förslag.
421 692 75 22 Skulle
522 694 60 20 detta
604 692 185 28 förvaltvingsräd,
812 692 52 22 eller
889 692 39 22 här

98 721 191 27 bankfullmäktige
304 721 60 22 bestå
379 721 24 21 af
417 722 47 20 åtta
479 728 108 21 personer,
604 722 24 21 sä
643 722 55 21 hade
713 721 144 22 förhållandet
872 721 56 21 varit

98 752 32 19 ett
145 752 71 20 annat.
245 750 35 21 Nu
295 750 68 22 mäste
377 750 37 26 jag
430 750 97 27 afstyrka
542 750 113 27 förslagets
666 750 120 27 antagande
794 750 39 22 och
842 750 87 22 förenar

98 779 44 27 mig
157 778 7 21 i
181 778 64 28 öfrigt
260 785 34 15 om
309 779 55 21 hvad
380 779 57 21 Herr
453 779 114 21 Lindblom
583 779 78 21 anfört.

167 836 56 20 Herr
242 835 132 22 Boström:
405 835 88 28 Mycket
509 836 39 21 har
564 835 39 22 här
617 835 129 22 framhällits
761 836 111 27 angäende
887 836 41 21 den

98 864 92 27 prekära
212 864 107 27 ställning,
341 864 61 21 hvari
427 864 146 22 ledamöterne
589 864 6 22 i
610 864 103 22 Finlands
728 864 57 22 bank
801 864 68 22 blefve
884 865 44 21 för-

98 894 63 25 satte,
181 893 70 21 derest
273 893 122 21 Utskottets
417 892 142 22 förevarande
582 893 80 27 förslag
680 899 69 15 vunne
764 893 163 26 godkännande.

98 922 42 26 Jag
162 921 79 22 tilläter
263 921 43 27 mig
328 921 54 22 atti
398 921 62 22 detta
483 921 101 22 afseende
603 923 57 20 ännu
675 921 112 22 framhälla
803 922 66 26 nägra
885 927 43 16 om-

100 949 151 28 ständigheter.
283 950 46 21 Den
351 950 116 27 vigtigaste
489 952 25 19 är
537 950 47 27 den,
608 953 33 18 att
659 950 201 27 bankfullmäktiges
875 956 53 21 egen

98 978 101 27 ställning
214 980 24 19 är
252 978 80 27 ganska
347 979 83 21 osäker.
461 979 32 21 De
510 981 58 19 utses
584 979 33 21 för
632 985 26 15 en
673 979 32 21 tid
720 979 21 21 af
755 979 76 21 endast
846 979 42 21 fem
904 979 24 21 är

98 1007 39 22 och
153 1007 65 22 redan
233 1007 67 21 under
316 1007 61 22 dessa
392 1007 42 22 fem
451 1007 26 22 är
492 1007 73 22 kunna
580 1008 107 26 äsigterna
701 1008 57 21 inom
771 1007 157 22 bankfullmäk-

98 1036 50 27 tige,
171 1035 71 22 hvilka
257 1037 76 26 utgöra
348 1038 32 19 ett
395 1036 24 21 sä
434 1036 63 27 ringa
512 1036 66 24 antal,
595 1036 104 27 betydligt
713 1036 117 25 förändras,
846 1035 46 22 dels
906 1036 24 21 af

98 1065 36 21 det
154 1065 81 26 ganska
254 1064 117 27 menskliga
393 1064 70 22 skälet
487 1067 33 19 att
542 1071 27 15 en
589 1065 39 21 och
644 1071 80 15 annans
739 1065 79 26 äsigter
832 1065 96 26 undergä

97 1093 154 27 förändringar,
273 1093 45 21 dels
333 1093 65 22 ocksä
413 1093 64 22 deraf
491 1095 33 20 att
539 1093 100 27 ombyten
655 1093 64 22 bland
735 1093 193 26 bankfullmäktige

97 1121 72 22 kunna
192 1122 66 21 under
273 1122 69 21 denna
357 1122 32 21 tid
405 1128 40 21 ega
461 1128 53 15 rum.
544 1122 40 21 Att
599 1123 68 20 under
685 1122 80 22 sädana
779 1122 149 21 förhällanden

98 1151 23 21 ät
144 1151 59 20 detta
224 1150 53 21 fätal
299 1150 131 22 öfverlemna
453 1153 34 18 att
508 1153 83 19 ensamt
613 1151 74 26 afgöra
706 1157 34 15 om
756 1151 135 21 besättandet
906 1151 23 21 af

99 1179 62 21 dessa
183 1179 80 27 vigtiga
286 1179 151 27 befattningar,
453 1185 64 21 synes
533 1179 43 27 mig
591 1180 46 20 icke
653 1179 33 21 väl
702 1179 95 21 betänkt.
827 1179 47 21 Här
888 1179 40 21 har

98 1207 127 21 framhållits
248 1207 94 28 exempel
365 1208 46 20 från
435 1208 99 25 London,
550 1208 60 21 Paris
626 1208 39 21 och
681 1208 66 21 andra
762 1210 69 19 större
846 1208 81 21 verlds-

98 1237 77 25 städer,
191 1243 47 14 men
251 1237 38 26 jag
304 1236 69 21 tviflar
389 1236 108 22 huruvida
513 1237 63 21 dessa
591 1236 94 27 exempel
701 1237 71 21 kunna
787 1236 62 22 hafva
858 1237 70 27 nägon

98 1265 135 27 tillämpning
248 1265 7 21 i
270 1265 139 26 Helsingfors.
439 1265 43 27 Jag
504 1265 37 22 vill
564 1265 47 22 icke
627 1265 58 22 tvifla
699 1267 32 20 att
746 1265 46 22 icke
807 1265 6 21 i
829 1265 99 27 Helsing-

96 1293 45 22 fors
156 1293 71 22 kunde
242 1293 67 22 finnas
324 1300 26 15 en
366 1293 40 22 och
421 1300 72 15 annan
509 1300 84 21 person,
609 1300 45 15 som
670 1293 98 28 möjligen
783 1294 72 21 kunde
866 1294 62 21 sköta

96 1321 163 28 ifrägavarande
281 1322 128 27 befattning;
433 1329 50 15 men
507 1323 69 26 nägon
595 1322 120 27 jemförelse
730 1323 7 20 i
753 1323 58 21 detta
827 1322 101 21 afseende

96 1351 43 20 kan
154 1350 47 22 icke
217 1357 39 21 ega
271 1357 46 15 rum
333 1351 48 21 med
398 1351 25 22 de
439 1353 62 20 stora
516 1351 179 22 verldsstäderna.
725 1351 100 22 Tvärtom
841 1350 40 21 har
890 1350 38 28 jag

96 1379 67 21 under
179 1379 40 22 den
234 1379 32 22 tid
279 1380 36 26 jag
331 1379 34 22 för
379 1379 133 28 landtdagen
528 1380 91 27 nödgats
634 1380 114 27 uppehälla
763 1380 42 27 mig
815 1380 112 21 härstädes

95 1408 90 21 kommit
201 1408 32 21 till
249 1408 40 21 den
305 1409 81 26 äsigten
401 1411 34 19 att
449 1408 42 22 här
506 1409 67 21 finnes
587 1409 82 27 ganska
684 1408 21 22 fä
720 1415 107 21 personer,
836 1413 45 16 som
890 1409 36 20 äro

96 1437 60 21 detta
177 1437 48 21 värf
244 1443 68 16 vuxne
333 1437 40 22 och
396 1439 33 19 att
451 1443 53 16 man
522 1439 93 20 tvärtom
631 1437 6 21 i
653 1437 148 22 landsorterna
815 1437 43 21 kan
874 1443 52 21 upp-

94 1465 64 27 spära
180 1471 107 21 personer,
303 1472 45 15 som
363 1466 8 21 i
387 1466 60 21 detta
463 1466 102 21 afseende
581 1472 38 20 ega
635 1473 25 14 en
676 1466 48 21 vida
739 1468 68 19 större
823 1465 103 27 förmäga.

96 1494 80 22 Genom
193 1494 120 28 antagande
328 1494 24 21 af
365 1493 126 23 Utskottets
504 1494 79 26 förslag
593 1494 68 22 skulle
668 1500 49 16 man
725 1494 117 22 emellertid
851 1494 77 26 stadga

94 1524 32 20 ett
148 1522 101 27 monopol
269 1522 28 28 pä
312 1523 62 21 dessa
390 1523 91 27 tjenster
497 1522 33 22 för
544 1529 103 21 personer
662 1522 47 23 frän
724 1522 132 28 Helsingfors
871 1523 56 26 stad,
