1109 1786
201 122 54 21 1846
394 128 183 21 Borgareståndet
590 129 53 17 1877.
668 130 27 16 24
707 129 120 17 November.

385 270 150 34 Lördagen
553 271 56 26 den
628 271 39 26 24
685 271 163 26 November.

272 356 35 22 Kl.
325 358 23 20 11
366 356 46 22 före
427 357 112 26 middagen
556 357 172 21 sammanträdde
743 357 180 27 Borgareståndet
938 357 32 21 till
985 358 44 26 ple-

208 391 57 15 num.
297 385 40 21 Vid
361 385 94 21 anstäldt
478 392 81 20 upprop
576 386 103 21 befunnos
695 386 67 26 öfrige
778 386 100 21 Ståndets
894 386 136 21 medlemmar

206 414 186 22 tillstädeskomne
414 417 59 18 utom
495 414 55 21 Herr
566 414 26 21 K.
608 414 61 27 Berg,
686 420 45 16 som
747 414 80 22 anmält
843 414 186 27 sjukdomsförfall.

272 557 120 27 Föredrogs
415 557 38 22 och
478 557 58 22 lades
559 557 33 22 till
615 557 154 28 handlingarna
787 557 105 22 särskilda
907 557 46 22 från
969 558 59 21 med-

202 586 91 21 stånden
309 587 106 20 ankomna
430 586 203 26 protokollsutdrag.

270 728 12 22 F
296 730 102 26 öredrogs
421 732 152 18 sammansatta
592 730 67 20 Stats-
683 730 39 20 och
746 729 221 22 Ekonomiutskottets
990 730 39 20 den

203 758 26 20 22
251 758 142 21 innevarande
416 758 120 21 November
550 758 120 27 bordlagda
685 758 79 27 förslag
781 758 32 21 till
829 758 202 27 sammanjemkning

203 786 22 20 af
247 786 107 22 Ständens
375 786 121 28 skiljaktiga
514 786 70 22 beslut
599 787 35 21 vid
651 787 155 26 behandlingen
822 787 22 20 af
858 786 121 22 Utskottets
995 786 36 21 be-

205 814 108 22 tänkande
335 815 41 21 N:o
399 816 13 20 2
427 816 7 20 i
455 816 113 26 anledning
583 816 22 20 af
620 816 58 20 Hans
694 816 118 26 Kejserliga
828 815 110 26 Majestäts
953 815 78 27 nådiga

205 844 136 26 proposition
367 844 109 27 angäende
501 844 74 27 anslag
600 844 21 21 af
644 844 195 27 bevillningsmedel
862 844 32 21 för
916 844 115 21 folkskole-

199 872 102 21 väsendet
316 872 6 21 i
338 873 78 21 landet.

271 929 66 22 Detta
348 929 293 28 sammanjemkningsförslag
648 929 71 22 blef
699 925 24 36 af
726 929 181 28 Borgareständet
915 929 115 27 godkändt.

271 1073 121 27 Föredrogs
408 1073 175 22 Statsutskottets
600 1073 39 22 den
651 1074 28 20 20
687 1074 144 21 innevarande
839 1073 119 21 November
967 1072 63 22 bord-

203 1100 64 27 lagda
290 1101 134 22 betänkande
447 1101 38 22 N:o
510 1103 31 24 11,
565 1102 6 21 i
594 1103 114 26 anledning
726 1103 24 21 af
768 1102 260 27 Finansexpeditionens
1015 1096 17 38 i

201 1129 121 27 Kejserliga
346 1131 91 20 Senaten
456 1131 31 20 till
504 1131 119 21 Ständerna
638 1131 80 27 afgifna
733 1131 91 22 relation
840 1137 34 14 om
890 1131 139 20 statsverkets

199 1158 103 21 tillständ.

271 1216 66 21 Detta
352 1216 134 21 betänkande
501 1216 123 22 föranledde
639 1216 92 27 följande
747 1216 131 22 diskussion:

269 1279 55 20 Herr
346 1279 121 21 Kurtén:
497 1279 40 21 Vid
559 1279 187 27 genomläsningen
771 1279 22 21 af
814 1279 59 21 detta
896 1279 133 22 betänkande

200 1306 43 21 kan
265 1307 36 21 det
319 1313 63 20 synas
397 1313 45 16 som
459 1314 32 14 om
508 1307 166 22 Statsutskottet
689 1308 69 21 skulle
774 1308 63 21 hafva
852 1308 64 21 fattat
930 1308 32 21 sin
977 1314 52 21 upp-

201 1335 41 26 gift
258 1342 51 14 vara
325 1335 181 28 hufvudsakligast
521 1339 31 18 att
568 1337 52 20 söka
637 1337 44 20 skäl
698 1337 33 20 till
747 1337 172 26 anmärkningar,
928 1337 100 21 eftersom

201 1365 70 20 större
288 1364 61 21 delen
365 1365 22 20 af
401 1366 35 19 det
451 1365 114 26 ingalunda
577 1365 64 21 korta
656 1365 146 21 betänkandet
814 1367 86 24 utgöres
914 1365 22 21 af
950 1366 80 20 sädana

201 1393 172 27 anmärkningar.
411 1393 28 22 Sä
463 1393 38 21 har
522 1394 118 21 emellertid
662 1394 18 26 ej
696 1395 55 20 varit
768 1393 65 22 fallet.
864 1393 165 22 Statsutskottet

201 1420 41 21 har
265 1421 54 21 varit
343 1421 90 27 pligtigt,
456 1423 27 25 på
506 1422 67 26 grund
596 1422 23 21 af
632 1423 240 26 landtdagsordningen,
888 1426 32 17 att
934 1424 54 25 göra
1002 1429 26 14 en

201 1449 35 21 del
261 1450 23 21 af
305 1450 61 21 dessa
381 1451 171 26 anmärkningar,
569 1451 104 26 nemligen
691 1451 46 21 dem
754 1457 46 15 som
816 1453 50 18 röra
881 1451 148 20 användandet

199 1477 40 21 och
256 1479 161 26 redovisningen
434 1479 23 21 af
470 1479 215 27 bevillningsmedlen.
713 1479 108 21 Särskildt
836 1479 40 21 har
890 1479 138 26 anmärkning

203 1506 69 26 gjorts
288 1509 57 19 emot
361 1507 128 21 relationens
505 1507 74 22 siffror.
609 1507 130 22 Äfvenledes
756 1507 40 21 har
811 1507 165 22 Statsutskottet
991 1513 37 15 un-
