1109 1786
209 142 56 21 2062
416 148 179 21 Borgareständet
607 148 54 17 1877.
685 149 10 16 1
707 148 120 17 December.

277 216 226 27 Proposition:
526 217 33 21 De
574 223 46 15 som
635 217 115 26 godkänna
765 217 27 21 de
807 217 37 21 två
859 216 68 23 första
936 217 24 21 af
969 217 31 21 de
1004 218 33 20 tre

207 247 102 23 moment,
324 245 7 21 i
346 245 73 21 hvilka
443 240 112 27 Utskottet
579 245 162 22 sammanfattat
766 245 39 22 sitt
826 245 80 26 förslag
928 245 113 28 angående

207 275 67 19 sättet
299 261 34 34 för
355 273 136 22 beräknande
512 274 24 21 af
559 280 28 15 nu
610 274 163 26 ifrågavarande
793 274 119 26 ersättning
927 273 34 22 för
976 274 62 21 tiden

207 300 57 22 efter
279 301 144 28 landtdagens
437 302 127 24 afslutande,
579 308 64 16 svara
655 302 44 28 ja;
716 302 75 22 vinner
805 302 57 27 nej,
872 308 63 16 anses
945 302 91 22 Ständet

207 330 88 21 beslutit
317 332 39 24 att,
379 331 47 21 med
449 331 182 22 underkännande
653 330 23 23 af
689 331 66 27 sagda
769 332 102 23 moment,
886 330 150 22 äterremitera

206 358 91 22 ärendet
311 359 6 21 i
334 359 69 21 denna
426 360 34 21 del
480 359 32 21 till
527 359 114 22 Utskottet
655 360 33 21 för
703 359 150 27 omarbetning
867 359 6 21 i
890 359 76 22 sådant
981 359 59 27 syfte

206 389 33 20 att
253 386 96 23 ledamot
363 388 52 21 eller
430 388 161 27 tjenstgörande
606 388 114 27 suppleant
735 388 62 27 skall,
806 388 71 21 derest
893 388 42 21 han
950 390 25 19 är
985 388 51 21 här-

206 417 73 20 städes
295 416 89 26 boende,
400 416 83 27 ätnjuta
497 417 79 21 arvode
592 416 33 22 för
640 416 189 28 förrättningsdag,
844 422 54 21 men,
912 422 35 16 om
958 416 41 22 han
1010 418 26 20 är

206 444 47 22 från
277 451 70 15 annan
363 447 41 24 ort,
419 451 50 15 vore
485 445 121 27 berättigad
621 446 34 21 till
670 446 80 21 arvode
765 445 34 21 för
815 445 26 21 de
857 445 72 26 dagar,
945 444 42 22 han
1002 445 37 21 för

205 473 121 27 uppdraget
345 474 81 26 nödgas
441 474 114 27 uppehälla
570 475 32 26 sig
617 474 118 26 härstädes,
747 474 24 22 sä
781 476 38 24 att,
830 474 72 21 derest
912 473 123 22 Utskottets

205 502 76 26 arbete
301 502 34 21 för
353 503 69 26 nägon
437 502 111 22 mellantid
564 502 47 22 icke
625 502 129 28 päfordrade
769 502 56 22 hans
840 502 97 22 vistande
951 502 84 21 härstä-

205 530 38 22 des
264 530 40 22 och
327 530 41 22 han
385 531 105 21 derunder
505 531 113 27 lämpligen
634 532 41 21 kan
692 532 79 20 besöka
789 531 32 21 sin
836 531 90 26 hemort,
942 531 42 21 han
1000 530 34 22 för

206 558 70 23 denna
291 559 30 22 tid
337 560 42 24 mä,
395 560 71 21 derest
481 560 90 27 utgiften
587 560 33 22 för
635 560 125 22 valmännen
772 560 47 21 icke
830 559 122 27 derigenom
964 559 70 22 blefve

205 588 97 27 drygare,
325 588 83 26 ätnjuta
430 589 74 21 endast
530 589 118 26 ersättning
670 589 33 21 för
725 589 83 27 verklig
830 588 139 22 resekostnad
994 588 39 21 och

205 616 188 28 dagtraktamente
407 617 33 21 för
455 618 26 20 de
496 618 72 26 dagar,
585 624 62 15 resan
663 619 68 20 varat.

275 674 76 22 Denna
369 674 132 28 proposition
518 674 127 22 besvarades
660 675 49 21 med
725 674 156 28 öfvervägande
886 670 12 36 n
910 680 1 15 e
935 674 15 27 j.

275 731 42 21 Det
332 731 69 27 tredje
413 731 127 22 hithörande
558 734 118 19 momentet
687 732 7 21 i
704 732 124 22 Utskottets
839 731 80 28 förslag
928 731 46 22 blef
982 734 53 19 utan

205 759 90 27 ändring
310 760 116 27 godkändt.

269 897 121 27 Föredrogs
395 897 155 22 Sammansatta
558 897 54 27 Lag-
620 897 39 22 och
665 897 224 22 Ekonomiutskottets
896 897 136 22 betänkande

204 925 41 22 N:o
259 926 13 21 8
287 925 6 21 i
309 926 114 27 anledning
437 925 22 22 af
473 926 60 21 Hans
548 926 121 27 Kejserliga
686 926 111 27 Majestäts
810 926 77 26 nädiga
898 925 132 28 proposition

204 954 33 21 till
260 954 103 21 Finlands
387 954 92 22 Ständer
500 961 34 15 om
558 954 129 22 utfärdande
709 955 24 21 af
754 961 28 20 ny
798 954 126 27 författning
940 954 90 22 rörande

203 982 102 27 flottning
319 983 23 21 af
355 983 134 27 skogsalster.

274 1039 67 22 Ordet
359 1040 102 27 begärdes
476 1040 76 22 främst
566 1040 25 22 af

274 1097 56 21 Herr
345 1097 87 25 Gadd,
448 1104 44 15 som
509 1098 49 21 med
574 1097 159 22 instämmande
748 1098 5 21 i
766 1097 56 22 Herr
832 1097 123 22 Molanders
964 1103 69 16 reser-

203 1125 83 26 vation,
309 1126 80 26 yrkade
411 1128 32 19 att
458 1126 141 21 förevarande
622 1126 117 33 lagförslag
754 1126 70 21 skulle
839 1126 107 21 förkastas
968 1126 66 25 (Herr

204 1153 19 22 G
236 1155 54 20 adds
311 1155 99 26 yttrande
433 1155 114 21 äterfinnes
571 1155 46 22 icke
637 1156 6 21 i
660 1156 36 21 det
719 1155 157 26 stenografiska
897 1154 139 27 pretokollet.

205 1182 166 22 Sekreterarens
386 1184 69 26 anm.).

274 1246 56 21 Herr
351 1246 169 21 Molander:
550 1247 41 27 Jag
610 1247 39 21 ber
669 1249 33 19 att
723 1246 58 22 blott
799 1247 8 20 i
825 1246 88 21 korthet
934 1245 20 22 få
974 1247 59 26 yttra

203 1274 45 27 mig
263 1274 7 21 i
287 1275 68 21 denna
370 1275 65 26 fräga,
450 1275 123 28 öfvertygad
589 1282 45 15 som
647 1275 38 27 jag
700 1277 31 22 är,
747 1277 33 20 att
796 1275 41 21 den
853 1275 65 21 redan
934 1274 59 21 förut
1008 1277 25 19 är

203 1303 34 21 för
252 1303 181 26 Borgareständet
448 1304 80 26 ganska
544 1304 47 21 klar
606 1304 41 21 och
662 1304 73 27 tydlig.
767 1304 33 21 Då
815 1304 71 21 denna
901 1303 59 26 fråga
975 1303 58 22 före-

203 1332 60 21 lades
279 1333 55 20 1872
350 1333 35 20 ärs
401 1332 98 27 Ständer,
514 1333 34 21 led
564 1333 129 26 landtdagen
709 1333 68 21 redan
793 1334 45 19 mot
853 1333 38 20 sitt
906 1331 48 24 slut,
968 1331 64 22 hvar-

203 1360 46 22 före
271 1361 64 21 ocksä
358 1361 26 21 de
405 1361 112 26 principer,
540 1367 45 16 som
601 1362 6 20 i
623 1362 70 20 denna
715 1361 34 28 lag
765 1361 95 27 ingingo,
876 1360 22 21 af
912 1360 121 22 Ständerna

203 1391 92 24 antogos
317 1389 56 21 blott
394 1390 69 21 säsom
479 1396 25 15 en
520 1389 229 27 interimsförordning.
781 1389 52 22 Man
848 1395 38 15 var
900 1389 47 21 icke
962 1389 71 21 öfver-

203 1418 66 26 tygad
287 1425 35 14 om
337 1419 33 20 ati
386 1418 26 21 de
427 1418 68 22 skulie
510 1425 50 14 vara
575 1418 184 27 ändamäiseniiga
775 1418 40 21 och
831 1417 114 28 lämpligen
960 1418 73 21 kunna

203 1446 83 28 skydda
301 1447 13 21 &
329 1453 40 14 ena
384 1447 59 21 sidan
459 1447 159 27 virkesegarens
633 1447 40 21 och
688 1448 13 20 &
716 1447 69 21 andra
796 1447 61 21 sidan
868 1446 166 27 strandegarens

202 1475 135 27 rättigheter.
368 1475 119 21 Ständerna
502 1475 87 21 anhöllo
605 1475 83 21 derföre
704 1478 33 19 att
753 1475 126 27 regeringen
896 1474 68 22 skulle
974 1475 58 20 före-

202 1502 65 28 lägga
289 1504 128 21 kommande
439 1504 103 34 landtdag
561 1510 26 14 en
603 1510 28 21 ny
646 1504 143 27 proposition,
812 1503 97 27 grundad
930 1504 28 26 pä
973 1508 60 16 mera

203 1532 123 22 erfarenhet
347 1532 7 21 i
372 1534 78 26 ämnet,
472 1534 26 20 än
514 1539 49 15 man
579 1532 76 22 dittills
671 1533 55 21 hade
740 1532 82 22 vunnit.
854 1532 120 22 Ständerna
990 1530 44 22 för-
