1109 1786
290 120 179 21 Borgareståndet
481 120 54 17 1877.
560 121 28 16 24
600 121 120 18 November.
863 112 54 23 1847

89 191 37 20 der
145 189 51 22 Litt.
217 190 26 25 A)
259 191 58 19 emot
332 189 190 26 bokföringssättet
534 189 57 21 velat
605 191 52 24 göra
673 189 66 26 några
753 189 166 27 anmärkningar

88 219 33 20 för
144 220 33 19 att
198 218 73 21 bättre
286 217 103 22 motivera
401 217 36 21 det
452 217 96 27 yrkande
564 217 165 22 Statsutskottet
744 218 57 27 gjort
815 218 29 27 på
858 218 60 21 sidan

89 247 27 20 47
132 247 7 20 i
155 247 48 20 4:de
219 246 82 27 stycket
316 246 109 26 angående
441 252 26 15 en
480 245 64 27 nödig
554 246 79 21 reform
645 245 22 22 af
678 247 240 26 räkenskapsväsendet.

90 275 42 21 Det
147 277 24 19 är
187 275 52 21 visst
256 274 45 21 icke
317 274 154 27 klandersjuka
485 281 46 14 som
543 274 39 21 har
596 275 33 20 för
640 275 165 21 Statsutskottet
816 276 55 21 varit
878 275 40 22 den

89 304 90 20 ledande
195 303 79 21 tanken
290 303 34 21 vid
340 302 126 22 affattandet
481 303 23 21 af
517 303 152 21 betänkandet.
689 303 41 21 Det
746 305 23 19 är
785 306 91 20 tvertom
892 310 26 14 en

91 332 82 21 önskan
196 334 33 19 att
251 331 111 27 påskynda
378 338 25 14 en
419 331 100 27 gagnelig
535 332 135 27 förbättring.
701 332 72 21 Kändt
790 332 38 21 bar
843 333 76 21 visser-

90 360 56 27 ligen
162 360 54 22 varit
231 360 32 21 för
279 360 166 21 Statsutskottet
460 362 32 19 att
508 366 27 15 en
550 360 125 27 förändring
690 360 6 21 i
712 360 98 22 afseende
826 361 13 21 ä
850 360 68 21 landt-

91 390 173 26 räkenskaperna
280 389 65 21 redan
361 388 69 21 blifvit
445 388 108 27 vidtagen,
569 395 48 15 men
633 389 69 21 denna
717 389 124 27 förändring
852 391 23 19 är
886 389 33 21 åt-

90 418 106 21 minstone
219 424 72 14 ensam
313 417 33 21 för
369 417 31 27 sig
423 417 47 21 icke
491 417 209 27 tillfyllestgörande.
729 418 42 20 Det
793 417 83 22 fordras
892 424 26 14 en

92 446 159 27 genomgående
275 446 77 20 reform
375 446 35 20 vid
434 446 217 27 sammanfattningen
667 446 23 21 af
703 446 26 21 de
745 446 68 21 skilda
829 446 89 22 verkens

92 475 151 27 räkenskaper,
259 474 89 21 sålunda
363 477 33 18 att
411 474 40 21 den
465 474 86 27 slutliga
559 474 151 22 hufvudboken
719 474 106 27 verkligen
834 475 84 21 komme

92 505 32 20 att
145 504 103 21 innefatta
268 503 43 21 alla
326 502 133 22 statsaffärer
471 503 40 21 och
527 506 32 18 att
575 504 40 20 den
631 504 5 20 i
652 504 24 21 så
691 504 41 26 god
747 503 32 21 tid
795 504 67 21 blefve
878 503 40 21 fär-

92 533 36 26 dig
150 535 33 19 att
206 533 40 21 den
270 532 69 21 kunde
357 531 58 27 tjena
431 531 32 21 till
479 531 86 27 ledning
580 532 33 21 för
629 532 39 21 den
685 534 105 19 närmaste
806 532 112 21 framtiden

92 562 40 21 och
155 561 48 22 icke
224 560 68 23 såsom
317 567 28 14 nu
366 560 75 22 endast
462 560 57 22 visar
534 560 109 22 hurudant
658 561 143 21 förbållandet
815 562 56 20 varit
887 563 33 19 tre

92 590 24 20 år
142 590 63 20 förut.
241 589 151 21 Redbarheten
417 589 40 21 hos
483 590 26 20 de
534 596 109 20 personer,
667 596 44 14 som
733 590 63 20 hafva
819 590 47 20 haft
888 589 32 26 sig

92 618 224 26 finansförvaltningen
333 618 132 25 anförtrodd,
482 620 25 18 är
522 622 59 16 utom
597 618 39 21 allt
652 618 79 21 tvifvel.
757 618 162 26 Granskningen

92 646 40 21 har
147 647 65 21 också
227 646 61 26 gifvit
303 646 34 21 vid
352 646 83 21 handen
452 648 33 20 att
501 647 100 21 omtanke
617 647 40 21 och
675 649 30 19 ett
721 647 113 21 oförtrutet
845 646 74 22 arbete

93 678 74 24 egnats
187 675 22 21 åt
225 676 69 20 denna
310 675 33 21 del
359 674 21 22 af
395 674 218 28 statsförvaltningen,
630 682 48 14 men
694 682 81 14 samma
790 675 130 27 granskning

92 704 39 21 har
146 704 71 26 också,
233 704 32 20 för
281 704 40 20 den
337 710 44 14 som
398 704 47 20 med
463 703 121 22 eftertanke
600 704 105 21 verkstält
721 704 127 26 densamma,
864 704 56 20 visat

92 734 32 19 att
140 732 36 22 det
191 732 68 21 måste
274 738 51 15 vara
340 732 33 21 för
387 731 144 22 finanschefen
548 734 31 20 ett
595 733 119 21 mödosamt
722 733 73 21 arbete
803 735 33 19 att
848 733 72 21 kunna

92 761 58 21 hålla
171 762 51 20 reda
243 762 27 26 på
286 761 35 21 det
331 760 48 22 hela
397 761 39 21 och
452 763 33 19 att
501 761 53 21 hans
570 762 154 21 arbetskrafter
739 767 75 21 genom
831 762 35 20 det
881 767 38 15 nu-

92 791 94 20 varande
209 789 188 27 bokföringssättet
420 790 69 20 måste
516 790 76 26 dragas
615 790 46 22 från
684 790 36 21 sitt
742 790 105 26 egentliga
870 790 48 25 mål,

92 818 105 27 nemligen
221 818 110 26 ledningen
351 818 23 21 af
387 818 76 27 sjelfva
478 818 164 28 förvaltningen,
658 819 33 21 till
707 825 25 15 en
748 819 67 24 bisak,
831 819 40 21 den
888 820 32 19 att

92 846 58 22 hålla
173 847 52 21 reda
247 847 27 27 på
295 847 55 21 hvad
366 853 44 15 som
427 847 68 21 finnes
511 848 39 20 och
567 850 32 19 att
614 847 67 21 skaffa
697 847 70 21 dertill
783 846 137 27 erforderliga

92 876 107 27 uppgifter
221 876 46 20 från
291 882 25 15 en
333 876 76 25 mängd
434 876 59 20 olika
516 876 50 24 håll,
585 876 27 21 då
627 876 24 21 så
665 876 106 21 behöfves.
801 876 38 21 Ett
854 879 66 17 annat

91 905 49 23 mål,
160 911 44 14 som
227 904 164 21 Statsutskottet
406 904 91 21 föresatt
512 905 32 26 sig
560 905 33 20 vid
609 905 150 20 utarbetandet
775 905 21 20 af
811 905 58 20 detta
885 904 35 21 be-

92 933 114 25 tänkande,
230 935 23 18 är
274 935 32 18 att
328 933 35 20 det
382 932 69 21 skulle
470 933 59 26 tjena
545 934 69 20 såsom
631 933 102 26 underlag
749 933 38 21 och
802 933 68 26 grund
886 933 34 20 för

91 961 37 21 det
150 968 75 15 senare
248 961 139 26 betänkande,
412 961 167 22 Statsutskottet
595 961 38 22 har
649 964 31 19 att
696 961 77 27 afgifva
789 962 5 20 i
810 962 60 25 fråga
884 967 34 16 om

92 990 26 21 de
140 989 108 22 allmänna
271 990 106 26 anslagen.
408 990 83 21 Nästan
514 990 43 21 alla
579 990 25 21 de
628 991 169 26 anmärkningar,
820 997 45 14 som
888 990 31 21 uti

92 1019 59 20 detta
175 1018 134 21 betänkande
330 1019 133 21 förekomma
479 1019 69 21 under
563 1019 52 21 Litt.
631 1019 32 26 A.,
680 1019 89 21 hänföra
783 1019 32 26 sig
827 1019 45 26 just
888 1017 31 22 till

91 1047 37 21 det
143 1053 75 16 senare
233 1047 236 26 anslagsbetänkandet.
501 1048 32 21 De
549 1049 37 20 äro
602 1047 75 26 gjorda
692 1048 32 21 för
739 1049 32 20 att
787 1048 42 20 visa
845 1048 6 20 i
868 1047 52 21 hvil-

91 1075 41 22 ken
156 1076 34 21 del
212 1076 39 21 den
274 1076 122 21 nuvarande
419 1077 173 26 uppställningen
608 1077 41 20 kan
666 1076 57 27 tjena
737 1076 31 21 till
785 1076 84 26 ledning
884 1075 35 22 vid

91 1110 26 15 en
140 1105 73 26 kalkyl
237 1105 38 21 och
299 1107 38 18 när
356 1111 48 14 man
420 1105 174 21 sammanställer
610 1105 47 21 dem
674 1105 47 20 med
737 1105 39 21 den
792 1104 72 27 kalkyl
880 1104 39 21 och

90 1133 117 27 förklaring
226 1133 164 22 Statsutskottet
412 1133 57 27 gjort
493 1134 6 20 i
522 1134 37 21 sitt
575 1134 134 21 betänkande
725 1133 108 27 angående
848 1133 71 21 ansla-

90 1167 40 21 gen
154 1162 6 21 i
182 1163 33 20 sin
234 1162 78 26 helhet,
324 1163 24 20 så
363 1162 82 26 hoppas
458 1162 39 27 jag
513 1165 32 18 att
561 1169 49 14 man
626 1162 55 21 skall
697 1161 54 22 finna
767 1164 32 19 att
815 1161 25 22 de
857 1161 62 22 hafva

90 1191 56 20 varit
169 1191 134 26 nödvändiga
325 1191 32 20 för
379 1194 32 17 att
436 1190 22 21 få
477 1191 66 21 saken
559 1197 59 15 mera
633 1191 52 21 klar.
716 1191 10 20 I
741 1190 99 21 afseende
855 1191 13 20 å
884 1190 36 20 be-

91 1219 184 26 villningsmedlen
298 1219 45 23 har,
367 1219 54 21 efter
445 1219 208 27 tidningsreferater,
675 1226 25 14 en
725 1219 118 22 diskussion
862 1218 56 21 inom

90 1247 158 27 Ridderskapet
271 1248 39 21 och
332 1248 68 21 Adeln
424 1251 36 23 egt
480 1254 46 15 rum
540 1249 41 20 och
596 1248 84 21 landets
695 1247 118 22 finanschef
827 1247 39 21 har
882 1247 37 22 der

90 1277 56 20 varit
167 1277 7 20 i
190 1276 85 22 tillfälle
291 1279 32 18 att
338 1276 78 27 afgifva
431 1277 108 21 särskilda
555 1277 144 26 förklaringar
714 1276 38 21 och
768 1277 151 26 upplysningar

90 1305 48 20 med
153 1305 116 27 anledning
284 1305 23 21 af
317 1305 26 21 de
358 1305 172 28 anmärkningar,
546 1311 45 16 som
607 1305 131 22 förekomma
751 1305 6 20 i
769 1305 149 21 betänkandet.

90 1333 32 20 En
139 1333 34 21 del
189 1334 24 21 af
227 1334 60 21 dessa
303 1334 143 27 förklaringar
461 1334 72 26 hafva,
549 1334 66 26 enligt
630 1335 43 20 min
689 1334 60 26 åsigt,
757 1334 54 21 varit
820 1333 99 22 fullkom-

90 1361 39 28 ligt
145 1362 197 21 tillfredsställande
358 1363 38 20 och
413 1362 52 21 böra
482 1363 198 26 anmärkningarna
696 1363 5 20 i
718 1363 61 20 dessa
795 1363 59 20 delar
864 1361 54 22 såle-

92 1391 36 20 des
151 1391 92 25 förfalla,
267 1391 38 22 och
319 1391 38 27 jag
371 1391 36 21 vill
424 1391 84 27 hoppas
524 1393 33 19 att
572 1391 37 21 det
623 1391 55 22 skall
694 1392 33 20 stå
743 1392 5 20 i
764 1390 154 22 finanschefens

90 1419 60 22 makt
166 1421 33 20 att
214 1419 94 22 förklara
323 1420 63 21 äfven
403 1419 67 27 öfriga
486 1420 77 27 gjorda
578 1420 171 26 anmärkningar.
779 1419 49 22 Men
844 1419 36 21 det
895 1420 24 19 är

88 1449 44 26 just
155 1448 83 22 derföre
260 1449 26 21 de
302 1450 37 19 äro
355 1448 81 27 gjorda,
453 1451 34 18 att
503 1449 71 20 lemna
589 1449 47 21 dem
653 1454 45 15 som
715 1449 65 20 saken
795 1447 67 28 angår
877 1447 41 22 till-

90 1476 50 22 fälle
162 1479 33 19 att
218 1477 96 21 förklara
335 1477 39 26 sig.
404 1477 33 20 En
453 1477 127 27 förklaring,
597 1483 44 15 som
657 1476 144 22 finanschefen
817 1477 79 21 lemnat
912 1476 7 20 i

89 1505 102 22 afseende
207 1506 12 21 å
234 1505 100 27 anslagen
351 1505 31 21 till
399 1505 188 27 fyrinrättningen,
604 1506 39 21 har
654 1505 38 27 jag
707 1505 54 22 dock
776 1505 46 21 icke
838 1504 81 22 kunnat

587 1541 19 12 .
