1109 1786
281 125 180 21 Borgareståndet
474 125 56 18 1877.
554 126 14 16 8
579 125 121 18 November.
855 121 53 21 1727

399 223 143 22 Momentet
562 223 19 21 3.

146 279 56 21 Herr
217 279 128 21 Höckert:
368 279 43 21 För
426 279 163 26 ifrågavarande
605 280 99 20 ändamål
719 279 53 22 eller
787 280 121 27 utvidgnin-

76 314 40 20 gen
132 307 21 21 af
166 307 156 27 straffängelset
337 308 6 20 i
359 302 54 32 Åbo,
431 314 62 15 anser
506 308 38 26 jag
560 309 32 20 att
603 308 120 21 Ständerna
733 308 65 21 redan
810 309 34 21 vid
856 310 52 21 sista

76 336 129 26 landtdagen
220 336 55 22 hade
290 336 83 22 anvisat
387 337 24 21 åt
426 337 135 27 Regeringen
577 337 74 26 anslag
667 337 23 21 af
705 336 202 28 bevillningsmedel,

76 364 52 22 eller
143 366 49 20 med
207 365 67 21 andra
293 365 39 21 ord
348 368 33 18 att
396 366 26 20 de
438 365 94 27 utgifter,
548 371 45 15 som
610 366 68 21 måste
693 365 85 21 förenas
794 366 47 21 med
857 366 51 21 ifrå-

75 394 122 26 gavarande
219 394 79 26 arbete,
321 394 52 21 böra
397 394 102 21 betäckas
515 400 76 21 genom
608 394 36 21 det
659 394 74 26 anslag
747 394 23 21 af
784 400 25 15 en
825 394 83 22 million

76 428 44 16 som
144 422 119 22 Ständerna
285 422 35 22 vid
340 423 55 21 1872
412 423 35 21 års
463 422 103 27 landtdag
582 422 107 22 anvisade.
719 423 42 21 Det
777 422 32 22 lär
824 424 84 21 således

76 451 46 21 icke
138 450 72 22 kunna
229 450 113 22 förefinnas
358 451 57 21 olika
431 451 111 27 meningar
559 451 80 26 derom,
656 453 32 20 att
703 451 59 21 detta
777 452 75 26 anslag
868 452 40 22 bör

76 480 22 21 af
112 480 119 21 Ständerna
254 486 29 14 nu
305 480 89 26 beviljas
416 480 92 21 sålunda
531 480 61 25 dock,
608 482 33 19 att
662 481 36 20 det
713 480 68 21 skulle
801 480 49 27 ingå
868 482 39 25 uti,

76 508 52 22 eller
144 510 81 20 rättare
240 508 62 27 sagdt
317 508 100 22 afräknas
431 509 29 27 på
476 508 56 22 hvad
545 515 46 15 som
602 508 66 22 redan
679 509 34 21 vid
725 510 54 20 1872
792 508 34 22 års
837 509 71 21 landt-

76 537 42 27 dag
132 536 91 28 anslogs,
239 537 39 21 och
291 537 37 27 jag
347 537 33 21 får
395 538 73 21 derför
484 538 109 26 tillstyrka
608 538 129 26 antagandet
752 537 23 21 af
789 537 118 22 betänkan-

76 567 36 20 det
134 566 6 21 i
164 566 69 21 denna
248 566 40 26 del,
310 567 24 21 så
357 568 32 20 att
412 567 71 21 denna
498 566 64 27 utgift
577 566 70 22 skulle
663 566 76 22 afföras
755 566 28 27 på
798 567 36 21 det
849 567 58 22 förut

76 595 105 27 beviljade
197 594 102 27 anslaget.

145 652 56 21 Herr
224 651 140 27 Lindberg:
387 652 32 22 På
440 652 23 21 af
477 652 45 27 mig
537 652 58 22 förut
610 652 89 21 anförda
715 652 89 22 motiver
819 652 39 22 ber
870 652 38 28 jag

76 682 33 20 att
123 680 21 22 få
159 680 97 28 afstyrka
272 681 59 21 detta
346 681 79 27 anslag.

144 737 33 22 På
200 738 72 21 derom
294 738 23 21 af
336 738 56 21 Herr
413 738 159 21 Talmannen
589 738 111 22 framstäld
715 738 132 28 proposition
863 738 46 22 blef

77 766 59 22 detta
151 769 94 19 moment
261 766 21 22 af
296 766 89 22 Ståndet
398 767 48 21 med
457 766 156 28 öfvervägande
624 767 154 27 röstpluralitet
788 767 118 27 godkändt.

390 853 163 21 Momentet
571 854 20 20 4.

145 909 56 22 Herr
223 909 132 28 Lindberg
373 909 81 28 yrkade
469 909 7 22 i
493 909 220 22 öfverensstämmelse
729 910 48 21 med
791 910 57 21 hvad
863 909 43 22 han

77 937 58 22 förut
150 938 77 27 anfört,
244 941 33 19 att
292 939 59 21 detta
367 940 95 20 moment
477 939 68 21 måtte
561 939 131 27 godkännas.

146 995 56 22 Herr
225 996 123 22 Höckert:
371 996 10 21 I
405 996 101 21 afseende
526 997 13 20 å
562 996 69 21 denna
653 996 68 27 punkt
736 996 37 21 ber
785 995 37 27 jag
837 998 32 19 att
885 996 21 21 få

76 1024 119 21 återhemta
219 1025 54 21 hvad
293 1025 38 26 jag
353 1025 66 21 redan
442 1025 7 20 i
465 1025 43 27 dag
523 1025 27 26 på
565 1024 146 27 förmiddagen
726 1025 84 26 yttrade
826 1024 80 22 beträf-

76 1053 62 21 fande
153 1052 226 29 fängelsebyggnaden,
396 1053 39 22 och
449 1053 38 27 jag
502 1054 68 21 måste
586 1054 7 20 i
608 1053 132 26 konseqvens
756 1053 48 21 med
815 1053 26 21 de
851 1053 55 27 åsig-

76 1084 33 19 ter
122 1082 37 26 jag
174 1081 39 22 har
228 1083 77 20 uttalat
321 1082 39 21 och
376 1082 48 21 med
439 1082 57 21 hvad
512 1082 40 21 här
567 1083 28 26 på
610 1082 145 27 förmiddagen
771 1081 134 26 framhållits,

76 1110 97 27 afstyrka
195 1110 160 27 utbetalningen
378 1111 23 21 af
414 1111 198 26 bevillningsmedel
628 1111 34 20 för
677 1111 59 21 detta
751 1110 99 21 ändamål
866 1110 39 21 och

74 1138 91 50 föreslår
187 1139 132 28 följaktligen
342 1141 32 20 att
389 1139 125 22 Utskottets
530 1139 81 27 förslag
626 1139 69 22 skulle
710 1139 23 21 af
747 1139 91 22 Ståndet
852 1139 54 27 god-

90 1169 73 20 ännas.

144 1224 56 22 Herr
221 1225 34 21 W.
271 1225 110 27 Nystén:
406 1224 33 23 Då
454 1231 52 15 man
521 1224 40 22 här
576 1224 76 22 endast
667 1224 73 28 tyckes
754 1225 53 26 yrka
822 1226 33 20 att
870 1225 36 22 det

75 1255 43 19 sätt
133 1253 81 27 hvarpå
230 1254 133 27 Regeringen
379 1254 95 21 användt
491 1255 39 20 den
547 1253 35 22 vid
594 1256 85 19 senaste
690 1253 101 27 landtdag
801 1253 105 27 beviljade

74 1281 100 27 miljonen
190 1281 33 22 för
238 1282 207 27 fängelseväsendets
461 1282 110 22 ordnande
587 1283 46 20 icke
645 1282 65 21 måtte
721 1282 131 27 godkännas,
866 1282 39 21 och

72 1311 38 26 jag
131 1310 46 21 icke
200 1311 43 21 kan
265 1311 74 22 förena
362 1311 43 27 mig
421 1311 77 26 deruti,
514 1312 24 21 så
554 1311 39 21 har
606 1311 38 27 jag
659 1311 74 26 begärt
749 1311 61 21 ordet
825 1311 33 20 för
873 1313 33 19 att

74 1339 169 26 tillkännagifva,
261 1342 31 19 att
314 1340 27 21 då
361 1340 38 27 jag
421 1340 47 21 icke
491 1340 42 21 kan
550 1346 51 15 anse
617 1340 35 21 det
667 1345 56 20 svar,
738 1345 45 16 som
802 1339 52 21 1872
870 1339 35 21 års

74 1367 92 22 Ständer
187 1367 80 23 lemnat
285 1368 27 27 på
327 1369 28 21 då
370 1368 111 28 förelagda
496 1368 78 27 nådiga
589 1368 136 27 Proposition
741 1375 33 14 om
791 1367 115 27 bevillning

73 1397 33 21 för
129 1396 206 26 fängelseväsendets
360 1397 115 26 ordnande,
492 1397 119 21 innehåller
626 1397 70 26 någon
712 1403 69 14 annan
797 1395 108 22 föreskrift

74 1425 52 21 eller
141 1425 66 27 något
221 1428 66 19 annat
303 1426 74 26 vilkor,
394 1426 32 21 till
441 1426 57 21 hvad
515 1425 25 22 de
557 1426 28 21 då
600 1425 105 28 beviljade
721 1425 89 27 medlen,
821 1431 26 14 en
858 1425 47 21 mil-

74 1453 44 22 lion
140 1454 68 26 mark,
224 1454 68 21 skulle
313 1455 115 26 användas,
451 1456 28 20 än
503 1457 32 19 att
559 1455 122 26 derigenom
705 1453 200 28 fängelsereformen

73 1483 67 21 måtte
161 1482 112 22 befordras
292 1483 39 21 och
347 1483 27 21 då
391 1483 66 25 deraf,
474 1483 68 27 enligt
558 1483 39 21 den
614 1483 131 26 ståndpunkt
757 1483 37 27 jag
809 1482 6 20 i
831 1481 73 27 frågan

73 1510 84 28 iptagit,
174 1510 63 27 följer
252 1513 33 20 att
300 1512 132 26 Regeringen
447 1512 48 21 icke
512 1511 65 27 enligt
587 1511 44 21 min
641 1511 56 27 åsigt
707 1512 118 26 egentligen
836 1510 69 22 åsido-
