1109 1786
200 103 56 21 1674
407 108 180 22 Borgareståndet
601 110 54 17 1877.
679 110 13 17 6
704 108 121 19 November.

198 177 160 27 förrättningar,
374 184 48 15 som
436 178 23 21 af
472 180 59 25 prest
547 178 55 21 skall
618 180 63 25 göras
696 181 59 19 utom
772 179 94 20 hemmet
882 177 52 22 eller
950 178 6 21 i
973 177 57 22 hem-

199 209 44 18 met
266 207 52 20 eller
339 207 6 21 i
369 207 88 26 kyrkan.
495 207 41 26 Jag
559 207 122 22 föreställer
703 208 44 27 mig
764 207 106 26 nemligen
886 208 32 19 att
932 213 35 14 om
983 206 6 21 i
1005 212 25 15 en

199 234 125 27 församling
344 235 23 21 af
379 237 69 20 större
463 235 51 22 vidd
528 235 69 22 finnas
613 235 50 22 flere
679 239 90 24 prester,
785 235 37 22 det
837 235 45 22 ofta
896 235 55 21 skall
967 234 64 22 blifva

198 263 62 22 fallet
275 265 32 19 att
323 269 26 16 en
364 264 152 21 företrädesvis
530 265 110 21 användes
656 264 35 21 vid
706 264 154 27 förrättningar
874 264 8 21 i
897 264 78 21 socken
991 263 40 22 och

199 291 42 21 han
263 292 82 21 således
368 292 33 21 får
425 292 50 22 bära
497 293 78 21 mödan
599 293 40 21 och
658 293 84 21 arbetet
758 293 33 21 för
808 293 25 21 de
850 292 67 22 andra
932 294 51 19 utan
999 294 32 19 att

199 320 72 21 derför
293 320 81 22 erhålla
399 320 69 28 någon
485 321 166 27 vedergällning,
668 323 22 25 ty
706 322 42 20 han
765 327 50 21 eger
831 321 66 26 enligt
912 320 119 28 ordalydel-

200 354 37 16 sen
257 349 6 21 i
280 349 69 21 denna
365 350 100 26 paragraf
479 350 47 21 icke
541 352 45 19 rätt
601 352 33 26 att
650 350 75 22 fordra
740 350 71 27 någon
827 355 70 15 annan
913 349 118 27 ersättning

199 379 28 19 än
250 378 27 21 fri
300 378 69 27 skjuts
391 378 52 22 fram
467 378 40 22 och
526 379 52 21 åter.
609 379 70 21 Äfven
695 381 45 19 tror
753 379 37 27 jag
806 384 76 21 genom
900 378 58 21 detta
974 378 57 20 stad-

199 406 70 27 gande
285 406 75 22 blifver
375 407 61 21 fallet
451 409 32 19 att
499 407 44 22 ofta
559 407 110 22 förhinder
684 408 87 21 komma
786 410 33 18 att
835 406 86 22 inträffa
936 406 33 21 för
984 413 46 20 pre-

199 438 48 18 sten
263 437 38 19 när
317 436 36 20 det
365 436 68 27 gäller
447 438 33 19 att
495 436 117 22 verkställa
627 443 26 15 en
669 436 130 26 förrättning
815 438 60 18 utom
892 435 92 21 hemmet
1002 435 29 21 el-

199 463 32 21 ler
254 464 7 20 i
283 464 90 26 kyrkan,
397 467 24 25 ty
442 465 37 21 det
499 465 67 27 ligger
582 467 52 19 nära
649 465 33 21 till
697 465 68 21 hands
781 464 34 22 för
831 465 85 26 presten
932 466 33 19 att
980 465 51 25 säga

200 492 32 27 sig
254 492 47 21 icke
323 492 64 22 hafva
410 492 83 22 tillfälle
516 496 32 18 att
563 494 87 21 komma
665 495 27 25 på
708 494 41 21 den
764 492 163 27 ifrågavarande
944 492 86 22 förrätt-

200 521 85 27 ningen,
302 522 88 20 emedan
406 522 41 21 han
463 528 51 15 vore
529 524 108 24 upptagen
653 522 22 22 af
689 522 67 22 andra
771 522 104 27 göromål.
901 521 39 21 Att
956 522 23 20 så
990 521 41 21 blir

199 549 61 22 fallet
275 550 6 21 i
298 550 113 22 framtiden
428 552 23 20 är
467 551 79 26 troligt,
562 553 22 25 ty
597 551 38 27 jag
651 557 62 16 anser
729 551 36 21 det
780 550 45 22 helt
841 550 103 26 naturligt
958 551 32 20 att
1000 550 31 21 in-

199 585 40 20 gen
263 579 36 21 vill
322 585 33 15 om
378 580 43 20 han
441 580 47 20 icke
504 579 33 21 får
552 580 126 26 ersättning,
694 582 53 25 göra
763 586 25 14 en
806 585 48 15 resa
870 585 45 15 som
930 578 42 21 han
988 579 42 20 kan

201 607 100 21 undvika.
331 607 40 27 Jag
394 608 68 21 skulle
486 608 71 21 derför
580 608 78 21 föreslå
673 611 33 19 att
722 614 75 15 senare
814 609 117 19 momentet
946 607 6 21 i
969 613 62 20 para-

199 636 75 26 grafen
295 636 167 22 återremitteras
484 637 7 21 i
515 637 35 21 det
567 636 61 28 syfte,
644 639 33 19 att
693 639 60 19 extra
769 636 120 26 ersättning
904 635 84 21 utöfver
1004 635 27 21 fri

201 664 68 27 skjuts
285 664 54 22 fram
355 665 40 21 och
410 665 47 21 åter
472 666 39 20 bör
527 666 120 20 tillkomma
663 666 40 20 den
718 668 67 24 prest,
801 671 46 15 som
864 666 58 20 utom
938 664 94 21 hemmet

201 692 52 22 eller
276 694 5 20 i
305 694 82 26 kyrkan
408 694 126 21 verkställer
549 694 130 27 förrättning
695 694 48 22 med
759 693 165 27 undantagande
940 692 54 22 dock
1010 692 23 22 af

200 721 122 27 sjukbesök.

270 779 33 21 Då
326 779 62 27 ingen
407 785 70 15 annan
493 780 68 21 talare
577 780 99 21 anmälde
692 780 31 26 sig
739 780 33 20 till
788 778 124 22 erhållande
928 778 22 22 af
964 780 67 25 ordet,

201 808 41 21 och
265 808 148 21 diskussionen
435 808 48 21 med
506 809 115 26 anledning
643 809 60 21 deraf
722 808 118 22 förklarats
856 808 92 21 afslutad
964 807 64 21 fram-

200 836 69 22 stälde
285 836 56 22 Herr
355 836 164 22 Talmannen
534 837 94 27 följande
643 838 167 26 propositioner:

270 899 170 27 Proposition
455 900 41 21 N:o
520 902 19 18 1:
569 899 39 27 De,
624 906 46 15 som
685 899 132 27 godkännna
832 899 58 21 förra
906 898 60 22 delen
982 898 23 21 af
1018 899 13 25 $

203 929 24 19 12
247 927 66 27 enligt
329 927 121 22 Utskottets
466 928 141 24 betänkande,
623 935 62 14 svara
698 929 35 26 ja;
749 929 76 20 vinner
841 927 47 26 nej,
904 933 61 15 anses
981 927 50 21 den-

201 962 82 15 samma
305 957 99 26 godkänd
429 957 47 21 med
499 957 67 21 sådan
589 957 91 26 ändring
695 959 32 19 att
743 957 68 21 orden
827 956 37 27 ,af
878 956 153 26 regleringsko-

201 985 65 22 mitén
289 985 31 21 till
343 985 118 26 utgörande
477 985 122 22 fördelade"
616 986 86 27 utbytas
718 987 45 20 mot
779 985 67 22 orden
862 985 41 26 ,,på
918 984 78 27 förslag
1012 984 21 21 af

200 1014 213 26 regleringskomitén
429 1014 32 21 till
477 1015 118 26 utgörande
611 1015 128 21 fördelade".

269 1077 163 27 Propositionen
455 1077 128 22 besvarades
601 1077 55 22 efter
677 1077 66 22 skedd
765 1076 101 27 votering
888 1076 48 21 med
959 1077 31 20 24
1003 1075 29 27 ja

201 1105 39 22 och
258 1107 28 20 16
302 1106 49 27 nej.

270 1168 185 27 Proposition
477 1169 41 21 N:o
535 1170 24 20 2:
589 1169 38 25 De,
647 1175 46 15 som
709 1169 118 27 godkänna
842 1173 76 16 senare
934 1167 61 22 delen
1010 1167 23 22 af

200 1198 12 25 8
229 1198 26 20 12
272 1197 65 27 enligt
353 1197 121 21 Utskottets
489 1197 142 27 betänkande,
640 1204 61 14 svara
714 1198 34 26 ja;
766 1197 76 21 vinner
850 1196 47 26 nej,
908 1202 62 15 anses
982 1196 50 21 den-

200 1232 82 15 samma
303 1226 172 21 äterremitterad
498 1226 33 21 för
554 1226 149 27 omarbetning
724 1226 6 21 i
751 1225 79 22 sådant
846 1224 54 28 syfte
916 1226 31 20 att
962 1225 70 27 någon

200 1257 61 19 extra
284 1255 117 27 ersättning
424 1255 83 21 utöfver
529 1255 26 21 fri
577 1255 68 26 skjuts
661 1255 69 21 skulle
745 1255 124 21 tillkomma
884 1255 59 26 prest
958 1253 32 22 för
1006 1254 26 21 de

200 1283 244 27 embetsförrättningar,
460 1290 46 15 som
522 1290 39 20 ega
576 1290 47 15 rum
639 1283 85 22 hemma
739 1283 40 21 hos
796 1287 88 22 presten
900 1282 51 21 eller
967 1283 6 20 i
984 1283 48 27 kyr-

200 1313 49 26 kan,
266 1312 115 27 sjukbesök
397 1313 54 20 dock
466 1313 142 26 undantagna.

270 1376 165 27 Propositionen
457 1375 127 22 besvarades
606 1375 54 22 efter
681 1376 29 27 pä
731 1375 96 28 begäran
844 1373 84 22 anstäld
944 1375 89 20 omröst-

201 1405 36 21 ning
269 1405 46 14 med
333 1405 30 15 24
379 1404 20 16 ja
418 1405 39 21 och
476 1405 30 21 15
522 1404 47 27 nei.

240 1411 13 8 o

233 1420 20 12 "5
269 1421 48 6 med
333 1421 30 5 <<
377 1421 26 10 ja

270 1469 12 26 8
299 1469 31 21 13
343 1467 124 28 godkändes
478 1467 128 22 oförändrad
618 1467 65 27 enligt
694 1467 127 22 Utskottets
831 1465 89 27 förslag.
