1109 1786
282 131 178 22 Borgareståndet
471 133 56 16 1877.
547 133 14 16 4
573 132 119 17 December.
844 126 56 21 2147

140 201 131 21 Besvarades
287 200 48 21 med
351 200 157 28 öfvervägande
521 201 34 26 ja.

140 258 171 27 Proposition
330 258 41 21 N:o
387 259 22 20 3:
440 258 39 26 De,
495 264 45 15 som
556 261 59 18 utom
631 257 32 22 för
678 258 24 21 sä
718 258 44 21 vidt
777 258 67 27 angär
860 259 40 20 den

70 287 67 21 redan
147 287 99 20 beslutna
256 286 116 26 ändringen
381 286 24 21 af
411 287 61 20 ordet
479 286 151 27 ,Kamrerare*
638 286 32 21 till
678 287 223 27 ,Landskamrerare*,

69 315 51 27 vilja
142 315 113 27 godkänna
277 314 70 28 tredje
369 314 133 27 afdelningen
524 314 67 27 enligt
605 314 117 22 utskottets
737 314 85 28 förslag,
838 320 62 16 svara

68 345 38 25 ja;
123 344 74 20 vinner
209 344 46 26 nej,
271 349 62 15 anses
347 344 117 20 utskottets
480 343 80 27 förslag
574 344 110 25 godkändt
699 344 48 20 med
760 344 41 21 den
812 344 24 21 af
845 344 57 21 Herr

70 372 85 27 Nybom
171 372 112 21 förordade
298 372 131 26 uteslutning
444 372 22 21 af
480 372 66 21 orden
563 372 115 25 ,Finlands
694 372 56 21 bank
766 372 48 22 med
825 373 75 21 under-

71 400 92 28 lydande
178 401 78 21 kontor
272 400 39 22 och
327 401 130 26 agenturer".

141 458 75 22 Denna
238 458 132 26 proposition
393 457 128 22 besvarades
544 458 35 21 vid
597 458 84 21 anstäld
697 458 97 27 votering
809 458 48 22 med
873 459 29 20 20

69 488 29 26 ja
114 486 39 22 och
171 488 25 20 18
212 487 51 26 nej.

141 538 142 27 Äterstäende
306 543 61 21 delen
387 543 23 21 af
427 543 11 28 $
454 545 13 19 4
483 543 43 22 blef
541 544 52 21 härä
609 545 51 19 utan
676 543 119 22 diskussion
811 544 23 21 af
847 544 55 21 Bor-

71 573 136 27 gareständet
223 573 104 26 godkänd.

489 638 19 13 D.

461 630 12 26 EA

142 687 41 21 Det
199 687 12 21 &
227 687 37 21 sid.
283 688 24 20 15
323 686 174 22 förekommande
513 687 113 21 inledande
636 690 117 18 momentet
763 690 76 25 antogs
851 689 50 20 utan

71 715 97 28 ändring.

142 773 33 21 Dä
189 773 56 21 Herr
269 773 155 21 Talmannen
447 772 95 22 härefter
562 772 32 22 till
609 773 120 21 diskussion
745 761 157 33 öfverlämnade

72 802 41 22 den
137 802 34 20 del
195 801 22 21 af
231 802 12 27 &
259 802 18 24 5,
301 808 45 14 som
365 801 141 22 förekommer
528 801 13 21 å
563 801 39 21 sid.
627 802 26 20 16
668 802 6 20 i
690 802 211 21 utskottsbetänkan-

72 830 37 22 det
124 830 104 27 begärdes
244 830 60 21 ordet
319 830 23 21 af

142 888 57 21 Herr
220 888 125 26 Procop6,
368 893 45 15 som
435 888 95 25 yttrade:
562 888 30 21 På
615 888 69 20 denna
702 887 46 22 sida
764 888 89 21 föreslås
868 889 34 19 att

72 916 70 21 införa
164 922 27 15 en
213 916 55 21 skild
283 916 91 26 stämpel
392 915 33 21 för
440 916 106 21 burabref.
578 915 33 22 Dä
627 923 28 14 nu
671 916 67 27 enligt
753 916 40 21 den
809 922 40 21 nya
864 917 37 20 nä-

72 944 129 27 ringslagen,
224 951 34 14 om
281 945 39 20 den
344 945 95 20 kommer
462 947 32 19 att
512 944 22 21 af
549 945 123 27 regeringen
688 945 130 26 godkännas,
834 945 66 21 sädan

73 973 41 22 den
129 973 40 21 har
185 973 68 21 blifvit
267 973 23 22 af
304 973 119 22 Ständerna
438 973 51 21 eller
506 973 129 22 ätminstone
651 973 22 21 af
689 974 59 21 detta
763 973 66 22 Ständ
840 975 61 19 anta-

72 1008 47 21 gen,
142 1002 66 26 nägot
230 1001 100 22 burabref
349 1001 46 22 icke
410 1002 97 21 kommer
522 1002 6 20 i
543 1001 67 27 fräga,
625 1003 25 20 sä
665 1008 62 15 anser
739 1002 38 27 jag
791 1004 32 19 att
840 1002 62 21 dessa

72 1031 160 26 bestämningar
247 1031 66 21 borde
329 1030 103 21 uteslutas
448 1031 51 21 eller
515 1031 65 21 ocksä
595 1031 70 27 nägon
681 1031 140 26 anmärkning
837 1031 6 20 i
859 1031 42 20 slu-

72 1061 32 19 tet
119 1059 80 21 införas
215 1061 32 20 att
262 1059 127 27 stadgandet
411 1061 25 19 är
451 1059 108 21 eventuelt
575 1059 39 21 och
630 1059 83 27 upphör
729 1061 32 19 att
775 1066 40 21 ega
829 1059 73 28 giltig-

72 1088 37 21 het
125 1088 23 21 sä
164 1087 65 22 framt
244 1088 40 21 den
299 1094 41 21 nya
356 1088 148 27 näringslagen
519 1088 96 21 kommer
630 1087 32 22 till
677 1088 70 21 ständ.

142 1145 57 21 Herr
213 1145 129 22 Boström:
373 1145 42 26 Jag
429 1145 91 21 ämnade
535 1147 53 24 göra
603 1151 82 15 samma
700 1145 139 27 anmärkning
854 1151 48 15 men

72 1179 63 15 anser
150 1175 32 19 att
204 1175 66 26 nägot
293 1174 106 21 eventuelt
415 1174 69 20 beslut
500 1174 47 20 icke
563 1173 101 22 behöfver
679 1173 66 21 fattas
761 1174 88 20 emedan
866 1173 36 21 det

72 1202 35 20 väl
123 1203 62 20 torde
201 1202 56 28 ligga
273 1204 57 19 utom
349 1202 39 21 allt
403 1202 72 21 tvifvel
491 1204 33 18 att
539 1202 40 21 den
595 1202 78 28 nädiga
688 1202 160 27 propositionen
864 1208 36 14 an-

72 1230 82 27 gäende
177 1231 147 27 näringslagen
341 1231 7 20 i
365 1231 58 21 detta
447 1230 100 22 afseende
565 1231 124 27 godkännes
705 1230 27 22 dä
747 1231 66 21 ocksä
828 1236 70 21 propo

72 1259 91 22 sitionen
189 1259 117 22 innehåller
332 1260 111 21 enahanda
469 1259 158 27 bestämningar
654 1260 40 21 och
716 1260 26 21 de
757 1259 140 26 förändringa

72 1294 46 15 som
134 1288 62 26 eljest
211 1290 37 20 äro
264 1288 69 22 deruti
352 1288 75 27 gjorda
441 1288 47 21 icke
504 1289 61 20 torde
581 1289 56 26 gifva
652 1288 113 27 anledning
781 1290 32 19 att
828 1287 74 22 befara

72 1319 32 18 att
120 1317 49 20 hela
184 1317 138 27 lagförslaget
337 1317 68 21 skulle
421 1317 91 21 förfalla.

142 1375 56 20 Herr
213 1375 18 20 J.
247 1375 25 20 A.
288 1375 106 26 Nystön:
425 1375 42 26 Jag
481 1381 63 14 anser
560 1376 33 19 att
608 1375 40 20 den
661 1374 34 21 för
705 1374 131 27 apothekare
847 1374 55 20 före-

72 1403 75 26 slagna
162 1403 167 27 karta-sigillata
343 1403 87 27 afgiften
447 1403 22 20 af
482 1403 77 26 fyratio
576 1403 61 21 mark
652 1405 24 18 är
691 1402 32 21 för
739 1403 40 26 låg.
809 1403 41 26 Jag
865 1408 38 15 an-

72 1438 34 15 ser
130 1432 62 21 deras
215 1432 53 21 affär
290 1438 52 15 vara
365 1432 24 21 sä
411 1431 62 22 säker
495 1433 33 20 att
552 1431 47 26 den,
621 1431 93 27 jemförd
737 1431 46 21 med
799 1431 51 21 flere
866 1437 37 14 an-

72 1461 39 20 dra
118 1460 48 49 är
189 1463 114 24 upptagna,
325 1461 70 21 kunde
416 1460 44 21 tåla
475 1466 26 15 en
518 1460 137 27 beskattning
671 1459 22 22 af
707 1460 56 21 ända
778 1459 32 22 till
825 1459 78 22 åttatio

71 1494 67 16 mark.
