1109 1786
268 148 181 22 Borgareståndet
461 149 55 18 1877.
541 150 25 17 10
578 149 121 18 November.
857 144 54 22 1763

78 218 38 21 des
130 217 33 22 för
179 217 53 25 litet,
255 220 51 19 utan
322 218 62 21 torde
403 218 242 21 utskottsbetänkandet
659 217 53 22 böra
727 218 7 21 i
749 218 38 22 det
801 218 111 22 afseendet

78 246 139 21 oförändradt
237 247 132 26 godkännas.
392 259 27 3 —
435 247 44 21 För
495 247 63 26 öfrigt
575 247 66 21 borde
657 246 122 22 Ständerna
794 247 70 22 uttala
878 247 34 26 sig

76 275 109 21 bestämdt
208 281 34 15 om
264 275 82 27 platsen
371 275 34 22 för
428 275 82 25 skolan,
526 277 22 25 ty
561 275 38 27 jag
614 277 35 19 vet
664 275 46 21 icke
726 281 34 16 om
776 275 135 28 Regeringen

77 305 25 19 är
116 303 7 21 i
138 302 85 22 tillfälle
245 303 32 21 till
300 305 33 19 att
355 303 72 21 bättre
443 304 73 21 kunna
534 303 90 21 bedöma
639 303 74 27 frågan
729 303 79 28 derom,
823 306 28 20 än
866 304 46 21 lan-

77 332 47 21 dets
140 331 93 22 Ständer
248 332 39 21 och
303 332 103 22 särskildt
421 332 188 27 Borgareståndet,
625 338 46 15 som
686 332 81 21 känner
782 332 77 22 kusten
870 332 41 22 och

77 360 37 22 det
129 360 71 28 språk,
215 366 45 16 som
276 360 67 22 folket
359 361 62 21 talar.

146 418 57 21 Herr
225 418 120 27 Liljeros:
376 418 43 27 Jag
441 418 36 21 vill
494 418 56 22 blott
565 418 89 28 tillägga
669 419 38 25 att,
724 418 28 22 då
766 418 145 28 petitionerne

76 446 7 22 i
98 446 122 27 skolfrågan
236 446 23 22 af
272 446 89 22 Ståndet
377 447 153 26 behandlades,
546 447 51 21 kom
613 447 90 21 Ståndet
718 447 33 21 till
767 448 36 21 det
819 447 90 22 resultat

76 477 33 19 att
132 477 32 19 ett
187 475 88 21 allmänt
296 476 93 21 uttaladt
410 476 68 21 behof
499 476 23 21 af
536 476 73 21 skolor
630 476 69 21 skulle
715 476 130 26 framhållas,
860 482 49 15 men

76 504 68 26 några
159 504 112 21 bestämda
287 506 64 24 orter,
369 504 38 22 der
422 504 74 22 skolor
511 504 68 22 skulle
595 504 96 27 placeras
706 504 47 22 icke
767 505 102 27 påpekas.
881 516 29 4 —

76 533 41 26 Jag
140 535 35 19 vet
197 532 47 22 icke
266 532 87 22 hvarför
375 539 49 15 man
441 533 6 21 i
464 533 70 21 denna
557 532 62 28 fråga
634 532 68 22 skulle
717 533 70 22 uttala
803 534 31 27 sig
850 540 59 15 mera

76 561 115 22 bestämdt.
214 561 39 22 Om
269 562 40 21 den
325 561 144 27 kuststräcka,
477 562 34 21 för
526 562 85 21 hvilken
627 568 26 15 en
668 562 195 27 navigationsskola
873 562 38 22 be-

76 591 79 25 höfves,
178 592 37 19 äro
238 590 42 22 alla
301 596 58 20 ense;
385 591 36 21 det
437 592 24 19 är
476 591 57 21 blott
548 596 34 15 om
599 591 82 25 staden,
697 591 38 21 der
749 591 76 21 skolan
840 590 70 22 skulle

75 620 102 26 placeras,
194 625 46 15 som
255 619 109 27 åsigterna
379 619 113 27 divergera
508 619 39 21 och
563 619 6 21 i
586 619 69 21 denna
671 619 34 21 del
720 620 61 21 torde
797 619 72 22 derför
878 619 32 22 af-

75 648 105 27 görandet
195 648 122 26 lämpligast
332 648 53 21 böra
400 648 23 21 åt
439 648 135 26 Regeringen
590 647 149 22 öfverlemnas.

145 705 57 21 Herr
225 705 124 21 Höckert:
380 705 43 27 Jag
447 711 64 15 anser
536 705 42 26 mig
594 711 39 20 ega
648 704 115 28 anledning
778 706 33 20 att
826 705 7 21 i
849 705 61 27 fråga

76 740 34 15 om
126 733 135 27 placeringen
277 733 21 21 af
319 734 40 20 den
377 734 23 20 af
413 733 117 22 Allmänna
544 734 198 21 Besvärsutskottet
757 734 68 21 under
840 734 69 27 punk-

75 765 36 19 ten
127 762 21 27 a)
172 762 117 27 tillstyrkta
311 762 197 27 navigationsskola
530 762 8 21 i
560 762 120 22 hufvudsak
701 762 74 22 förena
797 763 42 27 mig
860 763 49 21 med

75 791 57 21 Herr
154 790 96 27 Liljeros.
282 791 40 27 Jag
345 791 81 27 bygger
450 791 61 21 detta
533 791 49 21 mitt
604 791 151 27 tillstyrkande
779 791 44 21 dels
839 792 28 26 på
882 792 26 21 de

75 820 86 26 äsigter,
178 825 45 15 som
247 820 89 22 Ständet
351 820 58 21 förut
425 820 36 21 vid
477 819 132 27 behandling
624 819 23 22 af
659 819 121 28 skolfrågor
796 820 40 22 har
850 821 58 21 utta-

75 848 36 26 lat,
128 848 45 21 dels
189 848 40 21 ock
251 849 27 27 på
294 848 40 22 den
356 848 150 27 skiljaktighet
521 848 7 21 i
544 849 145 26 meningarna,
704 854 46 16 som
765 848 74 27 tyckes
855 849 6 21 i
876 848 32 22 af-

74 876 78 22 seende
173 877 13 20 å
201 876 70 22 denna
294 877 155 26 angelägenhet
472 876 117 22 förefinnas
607 877 90 21 emellan
714 877 25 21 de
755 877 65 21 värde
835 884 73 20 repre-

74 907 138 19 sentanterne
232 905 33 22 för
285 906 26 21 de
327 908 65 23 orter,
409 911 45 16 som
471 905 40 22 här
526 905 71 22 blifvit
611 905 102 22 särskildt
729 906 92 21 nämnda
837 906 7 21 i
860 906 48 27 syd-

74 935 71 20 vestra
167 934 96 22 Finland.
294 934 33 21 Då
350 935 61 20 dessa
427 936 174 25 representanter
619 934 74 27 tyckas
708 940 51 15 vara
774 934 23 21 af
811 935 23 21 så
849 933 59 28 skilj-

74 963 74 26 aktiga
162 963 81 26 åsigter
258 963 40 22 och
316 963 117 26 meningar,
449 963 24 21 så
489 963 108 22 förefaller
613 963 36 21 det
664 963 43 27 mig
722 969 44 15 mer
781 965 27 19 än
824 963 84 22 tvifvel-

74 991 69 26 aktigt
159 991 54 21 huru
229 992 66 21 andra
310 992 140 21 medlemmar
466 991 25 21 af
505 991 90 22 Ståndet
609 991 62 22 skola
686 991 71 22 kunna
772 991 48 22 med
836 992 72 27 någon

74 1019 102 22 säkerhet
199 1019 40 22 här
261 1020 76 27 afgifva
360 1022 32 19 ett
414 1020 110 27 grundadt
545 1020 98 22 omdöme
661 1020 7 21 i
683 1020 79 27 frågan.
794 1019 31 22 Af
838 1021 70 20 denna

72 1048 116 27 anledning
211 1055 62 15 anser
294 1049 37 26 jag
353 1049 37 21 det
405 1055 53 15 vara
477 1049 66 26 något
559 1049 120 26 oförsigtigt
694 1051 33 19 att
741 1048 69 22 uttala
825 1049 33 27 sig
873 1049 34 21 till

72 1076 83 22 förmån
172 1077 33 21 för
221 1077 40 22 den
277 1084 39 15 ena
338 1077 52 22 eller
405 1078 70 21 andra
489 1082 68 17 orten.
587 1077 42 27 Jag
644 1077 117 27 tillstyrker
775 1077 84 22 således
874 1079 34 20 att

72 1105 90 22 Ståndet
184 1107 66 20 måtte
273 1106 130 21 öfverlemna
425 1113 114 20 omsorgen
559 1106 75 21 härom
649 1106 24 21 åt
687 1106 140 27 Regeringen,
841 1106 67 27 jemte

72 1134 37 21 det
121 1134 38 27 jag
174 1135 6 20 i
197 1135 64 27 öfrigt
284 1135 79 21 önskar
385 1135 88 21 biträda
496 1135 56 21 Herr
574 1135 74 26 Krogii
670 1135 85 26 mening
777 1135 74 21 derom
874 1136 34 20 att

72 1163 70 21 denna
164 1163 193 27 navigationsskola
380 1163 34 22 till
438 1170 27 15 en
480 1163 76 28 början
577 1164 68 21 skulle
660 1163 91 22 inrättas
766 1163 76 22 endast
857 1163 49 22 med

72 1198 26 14 en
121 1191 108 28 afdelning
244 1192 6 20 i
267 1192 35 21 det
324 1192 80 27 hoppet
427 1194 34 19 att
485 1198 34 15 om
542 1198 26 15 en
591 1192 73 22 vidare
679 1192 124 27 utvidgning
818 1191 23 22 af
855 1192 51 21 den-

71 1226 82 16 samma
176 1220 114 25 erfordras,
312 1221 77 22 sådant
405 1220 45 23 helt
466 1220 74 23 säkert
555 1221 95 22 kommer
666 1222 32 20 att
713 1220 23 22 af
749 1220 133 28 Regeringen
898 1220 8 22 i

71 1249 68 21 sinom
155 1249 31 22 tid
202 1249 103 28 vidtagas.

141 1306 70 21 Sedan
235 1306 147 23 diskussionen
406 1307 95 21 rörande
523 1309 117 20 momentet
655 1307 21 27 a)
692 1307 89 21 härmed
796 1306 110 22 afstannat

71 1335 124 22 framstälde
218 1335 56 22 Herr
295 1335 182 22 Talmannen
500 1335 94 28 följande
609 1336 162 27 propositioner,
787 1335 118 27 nämligen:

140 1391 192 28 Proposition
347 1393 41 21 N:o
407 1395 22 19 1:
461 1393 39 26 De,
516 1399 45 16 som
577 1393 48 22 med
641 1393 122 28 anslutning
777 1393 34 21 till
821 1392 85 22 utskot-

71 1422 43 21 tets
136 1421 136 22 betänkande
295 1421 49 28 vilja
366 1423 33 20 att
415 1429 27 14 en
464 1422 91 27 petition
570 1422 56 21 skall
641 1422 76 21 aflåtas
733 1428 34 15 om
782 1421 124 22 inrättande

71 1450 23 21 af
108 1456 25 15 en
149 1449 196 28 navigationsskola
360 1451 49 20 med
425 1450 68 22 finskt
503 1450 226 28 undervisningsspråk
740 1450 6 21 i
757 1451 83 21 Raumo
851 1450 54 26 stad,

72 1485 62 15 svara
154 1478 37 27 ja;
215 1479 32 25 de,
270 1485 45 15 som
338 1479 51 27 vilja
405 1481 34 19 att
454 1479 119 27 petitionen
589 1479 55 21 skall
659 1479 28 27 gå
701 1481 24 19 ut
739 1479 29 27 på
782 1479 123 21 inrättande

70 1507 25 21 af
109 1513 25 15 en
150 1506 55 22 finsk
227 1508 197 26 navigationsskola
440 1508 13 21 å
470 1508 70 26 någon
555 1508 88 27 lämplig
658 1510 34 19 ort
707 1508 6 21 i
729 1508 111 27 sydvestra
854 1506 50 22 Fin-

62 1555 12 11 a
