1109 1786
285 113 180 21 Borgareståndet
477 114 56 17 1877.
558 113 27 17 27
596 113 122 17 November.
863 108 53 21 1911

153 182 56 22 Herr
228 182 133 21 Höckert:
392 177 68 26 Äfven
473 182 38 27 jag
526 182 39 21 ber
580 183 33 20 att
627 181 22 22 få
665 181 85 22 ansluta
765 182 43 27 mig
823 181 35 22 till
873 182 42 21 den

84 211 63 27 åsigt,
170 217 45 15 som
237 213 73 19 senast
332 210 22 21 af
373 210 56 22 Herr
444 211 108 21 Fabritius
568 210 95 22 uttalats.
694 211 42 26 Jag
751 210 42 21 kan
810 211 106 26 nemligen

85 239 19 28 ej
127 239 66 22 heller
214 239 58 21 finna
294 239 151 27 lämpligheten
468 239 27 26 af,
510 241 40 22 att,
566 239 27 22 då
616 239 37 21 det
674 238 67 28 gäller
761 241 34 20 att
813 239 60 22 stifta
888 245 28 15 en

85 267 145 28 dissenterlag,
244 269 109 26 undantag
369 268 69 21 deruti
453 270 63 24 göres
532 267 33 22 för
580 268 41 21 den
636 274 41 15 ena
692 267 51 22 eller
753 267 69 22 andra
833 267 84 22 kristna

85 297 71 20 lärans
178 297 167 21 trosbekännare
365 296 40 22 och
420 297 37 20 vill
473 296 99 28 föröfrigt
587 296 95 26 äberopa
697 296 43 26 mig
755 297 28 25 pä
798 296 118 22 innehället

86 325 22 21 af
121 325 40 21 den
176 325 136 25 reservation,
328 331 45 15 som
389 325 23 21 af
426 325 56 21 Herr
498 324 59 22 Öller
572 325 67 21 finnes
655 324 32 22 till
703 324 122 22 Utskottets
840 325 76 21 betän-

85 354 69 21 kande
169 354 98 26 afgifven,
283 353 40 22 och
338 354 31 20 uti
385 353 85 22 hvilken
486 354 131 21 reservation
633 352 44 22 han
691 352 33 22 för
737 353 32 21 sin
781 353 34 21 del
826 353 90 28 tillstyr-

85 382 38 22 ker
142 384 32 20 att
197 382 40 22 den
257 382 160 27 ifrågavarande
435 382 13 27 $
469 384 25 20 22
511 382 7 21 i
534 382 170 27 propositionen,
719 382 52 22 eller
787 382 11 28 $
817 383 25 21 19
858 382 6 21 i
880 382 36 22 be-

85 410 119 23 tänkandet
217 411 70 21 skulle
302 410 57 28 utgä.

154 468 68 22 Sedan
247 468 146 21 diskussionen
416 468 90 22 härmed
524 467 101 23 afslutats
643 467 124 22 framstälde
783 468 56 22 Herr
854 468 62 22 Tal-

85 503 101 15 mannen
224 496 33 22 till
272 496 90 22 Ständet
376 496 94 28 följande

153 554 202 29 Proposition:
385 554 38 27 De,
440 560 46 16 som
506 554 115 28 godkänna
635 554 14 29 &
667 555 24 21 19
707 554 67 27 enligt
793 554 122 22 Utskottets

84 583 85 27 förslag,
192 590 62 15 svara
273 583 41 27 ja;
338 583 32 26 de,
389 589 46 15 som
454 583 50 27 vilja
526 585 33 19 att
579 583 70 21 denna
667 582 101 28 paragraf
785 583 56 21 skall
856 583 58 27 utgä,

84 617 62 16 svara
160 612 51 27 nej.

153 668 162 28 Propositionen
333 668 128 22 besvarades
477 668 36 22 vid
528 668 29 28 pä
572 668 95 28 begäran
683 668 84 22 anstäld
782 668 133 28 omröstning

84 697 48 21 med
149 698 26 21 15
188 698 28 26 ja
231 697 39 22 och
287 698 26 20 24
329 697 46 27 nej.

153 755 64 21 Emot
239 754 112 22 Ständets'
363 754 90 22 sälunda
475 754 82 22 fattade
575 754 72 22 beslut
661 754 104 22 anmältes
781 754 132 22 reservation

83 782 23 22 af
127 783 80 22 Herrar
229 783 160 27 Lindblom,
411 783 84 27 Gadd,
517 783 141 26 Boström,
681 783 168 27 Tengström
873 783 40 21 och

84 811 161 23 Snellman.

151 869 89 21 Jemlikt
263 869 100 22 Ständets
382 869 59 21 förut
456 870 83 21 fattade
554 869 71 22 beslut
641 871 91 26 upptogs
747 869 95 22 härefter
858 870 26 26 $$
900 870 13 21 4

83 897 40 22 och
139 899 12 20 6
167 897 33 22 till
216 897 136 28 behandling.

472 955 11 26 8
499 957 20 19 4.

151 1011 56 22 Herr
229 1011 174 27 Tengström:
433 1012 62 21 Efter
519 1013 41 20 den
579 1012 82 27 utgång
676 1013 159 27 omröstningen
851 1012 62 27 om
896 1007 19 37 $

82 1040 27 21 19
125 1040 61 27 tagit,
202 1040 41 21 kan
259 1041 33 21 väl
310 1040 47 22 icke
373 1041 70 21 denna
457 1041 12 28 $
485 1041 132 28 godkännas.
648 1041 42 22 Det
704 1047 49 16 vore
769 1041 34 21 väl
819 1041 94 21 nödvän-

81 1068 46 27 digt
142 1070 33 20 att
189 1069 157 22 äterremittera
367 1069 125 22 densamma
508 1070 33 21 till
556 1069 113 22 Utskottet
684 1069 33 22 för
732 1071 32 20 att
779 1069 133 26 omarbetas;

82 1097 75 28 frägan
172 1097 67 28 gäller
254 1104 28 15 nu
297 1097 65 22 ocksä
377 1098 162 27 grekisk-ryska
555 1099 94 26 kyrkans
665 1098 154 25 förhällanden,
836 1098 77 21 inrätt-

81 1125 77 28 ningar
181 1127 39 20 och
243 1126 109 27 stiftelser,
369 1126 86 22 hvilken
479 1127 69 27 kyrka
571 1127 40 21 har
625 1129 60 20 stora
700 1127 128 27 egendomar
843 1126 6 21 i
865 1127 49 21 värt

80 1154 56 26 land,
152 1155 105 21 Wallamo
273 1155 40 21 och
328 1155 118 22 Konnevits
461 1156 98 21 klostren
575 1157 16 20 t.
607 1163 31 14 ex.
654 1155 63 22 hafva
733 1157 58 20 stora
800 1155 113 27 jordegen-

79 1183 85 50 W
178 1190 49 14 men
239 1183 68 27 enligt
321 1185 70 20 denna
405 1184 12 27 $
433 1183 70 23 skulle
519 1184 27 22 de
561 1184 47 22 icke
624 1191 52 15 vara
691 1184 132 26 berättigade
834 1185 33 20 att
877 1184 36 21 be-

125 1218 13 15 a
167 1218 40 15 dem.

149 1269 58 21 Herr
229 1269 162 22 Fabritius:
421 1270 42 27 Jag
486 1269 39 22 ber
547 1272 33 19 att
602 1270 22 21 fä
645 1270 74 22 förena
734 1270 44 27 mig
793 1269 49 22 med
857 1270 56 21 Herr

80 1296 127 28 Tengström
223 1304 34 15 om
273 1298 66 27 fjerde
355 1298 40 22 och
411 1298 64 27 sjette
490 1298 166 28 paragrafernas
671 1299 122 22 äterremiss
808 1297 34 22 till
857 1298 55 27 Lag-

79 1325 106 22 utskottet
207 1326 33 22 för
260 1326 149 28 omarbetning
423 1327 8 21 i
447 1327 37 22 det
506 1327 71 28 syftet,
600 1330 33 19 att
655 1327 160 28 grekisk-ryska
831 1327 82 21 trosbe-

80 1353 106 22 kännares
207 1357 45 20 rätt
271 1357 32 20 att
325 1355 79 22 besitta
419 1355 44 22 fast
479 1356 105 27 egendom
600 1357 7 20 i
623 1356 73 21 landet
711 1357 66 21 mätte
793 1355 120 22 bibehällas

80 1382 40 23 och
136 1385 33 19 att
185 1383 26 22 de
226 1383 81 23 kloster
321 1391 46 15 som
383 1384 66 22 redan
465 1384 70 22 finnas
550 1385 109 21 inrättade
674 1385 53 21 böra
742 1385 21 21 få
778 1384 93 28 gvarstä.

148 1440 34 22 Då
201 1441 63 28 ingen
285 1441 68 22 talare
376 1442 74 23 vidare
472 1442 96 27 begärde
591 1442 68 26 ordet,
675 1441 133 23 förklarades
830 1441 82 22 diskus-

79 1469 80 55 saa
175 1469 100 27 afslutad,
291 1470 40 22 och
353 1470 57 22 Herr
431 1470 165 22 Talmannen
620 1471 125 21 framstälde
767 1471 32 21 till
822 1470 91 22 Ständet

89 1504 84 15 öljande
