<?xml version="1.0" encoding="UTF-8"?>
<alto xmlns="http://www.loc.gov/standards/alto/ns-v3#" xmlns:xlink="http://www.w3.org/1999/xlink" xmlns:xsi="http://www.w3.org/2001/XMLSchema-instance" xsi:schemaLocation="http://www.loc.gov/standards/alto/ns-v3# http://www.loc.gov/alto/v3/alto-3-0.xsd">
	<Description>
		<MeasurementUnit>pixel</MeasurementUnit>
		<sourceImageInformation>
			<fileName>/tmp/tess_m_4byyg9_input.PNG</fileName>
		</sourceImageInformation>
		<OCRProcessing ID="OCR_0">
			<ocrProcessingStep>
				<processingSoftware>
					<softwareName>tesseract 5.3.4</softwareName>
				</processingSoftware>
			</ocrProcessingStep>
		</OCRProcessing>
	</Description>
	<Layout>
		<Page WIDTH="1109" HEIGHT="1786" PHYSICAL_IMG_NR="0" ID="page_0">
			<PrintSpace HPOS="0" VPOS="0" WIDTH="1109" HEIGHT="1786">
				<GraphicalElement ID="cblock_0" HPOS="0" VPOS="776" WIDTH="24" HEIGHT="974"></GraphicalElement >
				<ComposedBlock ID="cblock_1" HPOS="183" VPOS="105" WIDTH="630" HEIGHT="26">
					<TextBlock ID="block_0" HPOS="183" VPOS="105" WIDTH="630" HEIGHT="26">
						<TextLine ID="line_0" HPOS="183" VPOS="105" WIDTH="630" HEIGHT="26">
							<String ID="string_0" HPOS="183" VPOS="105" WIDTH="55" HEIGHT="22" WC="0.96" CONTENT="1958"/><SP WIDTH="141" VPOS="105" HPOS="238"/>
							<String ID="string_1" HPOS="379" VPOS="111" WIDTH="181" HEIGHT="20" WC="0.91" CONTENT="Borgareständet"/><SP WIDTH="13" VPOS="111" HPOS="560"/>
							<String ID="string_2" HPOS="573" VPOS="111" WIDTH="55" HEIGHT="18" WC="0.96" CONTENT="1877."/><SP WIDTH="25" VPOS="111" HPOS="628"/>
							<String ID="string_3" HPOS="653" VPOS="111" WIDTH="26" HEIGHT="18" WC="0.96" CONTENT="29"/><SP WIDTH="12" VPOS="111" HPOS="679"/>
							<String ID="string_4" HPOS="691" VPOS="111" WIDTH="122" HEIGHT="18" WC="0.95" CONTENT="November."/>
						</TextLine>
					</TextBlock>
				</ComposedBlock>
				<GraphicalElement ID="cblock_2" HPOS="536" VPOS="141" WIDTH="477" HEIGHT="2"></GraphicalElement >
				<ComposedBlock ID="cblock_3" HPOS="163" VPOS="179" WIDTH="850" HEIGHT="285">
					<TextBlock ID="block_1" HPOS="163" VPOS="179" WIDTH="850" HEIGHT="285">
						<TextLine ID="line_1" HPOS="180" VPOS="179" WIDTH="833" HEIGHT="28">
							<String ID="string_5" HPOS="180" VPOS="180" WIDTH="69" HEIGHT="22" WC="0.96" CONTENT="måste"/><SP WIDTH="22" VPOS="180" HPOS="249"/>
							<String ID="string_6" HPOS="271" VPOS="179" WIDTH="122" HEIGHT="27" WC="0.96" CONTENT="tillgodose,"/><SP WIDTH="21" VPOS="179" HPOS="393"/>
							<String ID="string_7" HPOS="414" VPOS="185" WIDTH="47" HEIGHT="16" WC="0.96" CONTENT="men"/><SP WIDTH="18" VPOS="185" HPOS="461"/>
							<String ID="string_8" HPOS="479" VPOS="179" WIDTH="27" HEIGHT="22" WC="0.96" CONTENT="då"/><SP WIDTH="15" VPOS="179" HPOS="506"/>
							<String ID="string_9" HPOS="521" VPOS="179" WIDTH="40" HEIGHT="22" WC="0.95" CONTENT="allt"/><SP WIDTH="15" VPOS="179" HPOS="561"/>
							<String ID="string_10" HPOS="576" VPOS="179" WIDTH="47" HEIGHT="22" WC="0.96" CONTENT="icke"/><SP WIDTH="16" VPOS="179" HPOS="623"/>
							<String ID="string_11" HPOS="639" VPOS="179" WIDTH="42" HEIGHT="22" WC="0.96" CONTENT="kan"/><SP WIDTH="15" VPOS="179" HPOS="681"/>
							<String ID="string_12" HPOS="696" VPOS="180" WIDTH="39" HEIGHT="21" WC="0.96" CONTENT="ske"/><SP WIDTH="16" VPOS="180" HPOS="735"/>
							<String ID="string_13" HPOS="751" VPOS="179" WIDTH="28" HEIGHT="28" WC="0.96" CONTENT="på"/><SP WIDTH="15" VPOS="179" HPOS="779"/>
							<String ID="string_14" HPOS="794" VPOS="186" WIDTH="25" HEIGHT="15" WC="0.96" CONTENT="en"/><SP WIDTH="16" VPOS="186" HPOS="819"/>
							<String ID="string_15" HPOS="835" VPOS="180" WIDTH="61" HEIGHT="27" WC="0.96" CONTENT="gång,"/><SP WIDTH="16" VPOS="180" HPOS="896"/>
							<String ID="string_16" HPOS="912" VPOS="181" WIDTH="25" HEIGHT="21" WC="0.96" CONTENT="så"/><SP WIDTH="14" VPOS="181" HPOS="937"/>
							<String ID="string_17" HPOS="951" VPOS="186" WIDTH="62" HEIGHT="16" WC="0.96" CONTENT="anser"/>
						</TextLine>
						<TextLine ID="line_2" HPOS="179" VPOS="208" WIDTH="833" HEIGHT="28">
							<String ID="string_18" HPOS="179" VPOS="209" WIDTH="37" HEIGHT="27" WC="0.96" CONTENT="jag"/><SP WIDTH="15" VPOS="209" HPOS="216"/>
							<String ID="string_19" HPOS="231" VPOS="210" WIDTH="32" HEIGHT="20" WC="0.96" CONTENT="att"/><SP WIDTH="15" VPOS="210" HPOS="263"/>
							<String ID="string_20" HPOS="278" VPOS="209" WIDTH="21" HEIGHT="20" WC="0.96" CONTENT="vi"/><SP WIDTH="16" VPOS="209" HPOS="299"/>
							<String ID="string_21" HPOS="315" VPOS="208" WIDTH="54" HEIGHT="21" WC="0.96" CONTENT="dock"/><SP WIDTH="16" VPOS="208" HPOS="369"/>
							<String ID="string_22" HPOS="385" VPOS="208" WIDTH="53" HEIGHT="21" WC="0.96" CONTENT="böra"/><SP WIDTH="15" VPOS="208" HPOS="438"/>
							<String ID="string_23" HPOS="453" VPOS="209" WIDTH="53" HEIGHT="26" WC="0.96" CONTENT="göra"/><SP WIDTH="14" VPOS="209" HPOS="506"/>
							<String ID="string_24" HPOS="520" VPOS="208" WIDTH="68" HEIGHT="27" WC="0.95" CONTENT="något"/><SP WIDTH="15" VPOS="208" HPOS="588"/>
							<String ID="string_25" HPOS="603" VPOS="208" WIDTH="40" HEIGHT="22" WC="0.96" CONTENT="och"/><SP WIDTH="15" VPOS="208" HPOS="643"/>
							<String ID="string_26" HPOS="658" VPOS="208" WIDTH="47" HEIGHT="21" WC="0.96" CONTENT="icke"/><SP WIDTH="16" VPOS="208" HPOS="705"/>
							<String ID="string_27" HPOS="721" VPOS="210" WIDTH="77" HEIGHT="20" WC="0.93" CONTENT="stanna"/><SP WIDTH="15" VPOS="210" HPOS="798"/>
							<String ID="string_28" HPOS="813" VPOS="209" WIDTH="85" HEIGHT="22" WC="0.91" CONTENT="derföre"/><SP WIDTH="14" VPOS="209" HPOS="898"/>
							<String ID="string_29" HPOS="912" VPOS="211" WIDTH="34" HEIGHT="20" WC="0.96" CONTENT="att"/><SP WIDTH="14" VPOS="211" HPOS="946"/>
							<String ID="string_30" HPOS="960" VPOS="209" WIDTH="20" HEIGHT="21" WC="0.96" CONTENT="vi"/><SP WIDTH="13" VPOS="209" HPOS="980"/>
							<String ID="string_31" HPOS="993" VPOS="209" WIDTH="19" HEIGHT="27" WC="0.96" CONTENT="ej"/>
						</TextLine>
						<TextLine ID="line_3" HPOS="181" VPOS="237" WIDTH="355" HEIGHT="27">
							<String ID="string_32" HPOS="181" VPOS="237" WIDTH="73" HEIGHT="22" WC="0.96" CONTENT="kunna"/><SP WIDTH="15" VPOS="237" HPOS="254"/>
							<String ID="string_33" HPOS="269" VPOS="239" WIDTH="52" HEIGHT="24" WC="0.96" CONTENT="göra"/><SP WIDTH="16" VPOS="239" HPOS="321"/>
							<String ID="string_34" HPOS="337" VPOS="237" WIDTH="38" HEIGHT="21" WC="0.96" CONTENT="allt"/><SP WIDTH="16" VPOS="237" HPOS="375"/>
							<String ID="string_35" HPOS="391" VPOS="237" WIDTH="27" HEIGHT="26" WC="0.96" CONTENT="på"/><SP WIDTH="15" VPOS="237" HPOS="418"/>
							<String ID="string_36" HPOS="433" VPOS="243" WIDTH="26" HEIGHT="15" WC="0.96" CONTENT="en"/><SP WIDTH="15" VPOS="243" HPOS="459"/>
							<String ID="string_37" HPOS="474" VPOS="237" WIDTH="62" HEIGHT="27" WC="0.96" CONTENT="gång."/>
						</TextLine>
						<TextLine ID="line_4" HPOS="249" VPOS="265" WIDTH="763" HEIGHT="28">
							<String ID="string_38" HPOS="249" VPOS="265" WIDTH="41" HEIGHT="26" WC="0.96" CONTENT="Jag"/><SP WIDTH="22" VPOS="265" HPOS="290"/>
							<String ID="string_39" HPOS="312" VPOS="265" WIDTH="100" HEIGHT="21" WC="0.95" CONTENT="förordar"/><SP WIDTH="19" VPOS="265" HPOS="412"/>
							<String ID="string_40" HPOS="431" VPOS="265" WIDTH="40" HEIGHT="22" WC="0.96" CONTENT="den"/><SP WIDTH="23" VPOS="265" HPOS="471"/>
							<String ID="string_41" HPOS="494" VPOS="265" WIDTH="133" HEIGHT="27" WC="0.96" CONTENT="sträckning,"/><SP WIDTH="22" VPOS="265" HPOS="627"/>
							<String ID="string_42" HPOS="649" VPOS="271" WIDTH="46" HEIGHT="16" WC="0.95" CONTENT="som"/><SP WIDTH="23" VPOS="271" HPOS="695"/>
							<String ID="string_43" HPOS="718" VPOS="265" WIDTH="115" HEIGHT="22" WC="0.94" CONTENT="Utskottet"/><SP WIDTH="15" VPOS="265" HPOS="833"/>
							<String ID="string_44" HPOS="848" VPOS="265" WIDTH="40" HEIGHT="22" WC="0.96" CONTENT="har"/><SP WIDTH="14" VPOS="265" HPOS="888"/>
							<String ID="string_45" HPOS="902" VPOS="265" WIDTH="110" HEIGHT="28" WC="0.96" CONTENT="föreslagit"/>
						</TextLine>
						<TextLine ID="line_5" HPOS="181" VPOS="293" WIDTH="831" HEIGHT="28">
							<String ID="string_46" HPOS="181" VPOS="293" WIDTH="40" HEIGHT="22" WC="0.96" CONTENT="och"/><SP WIDTH="16" VPOS="293" HPOS="221"/>
							<String ID="string_47" HPOS="237" VPOS="293" WIDTH="103" HEIGHT="25" WC="0.96" CONTENT="anhåller,"/><SP WIDTH="17" VPOS="293" HPOS="340"/>
							<String ID="string_48" HPOS="357" VPOS="293" WIDTH="34" HEIGHT="21" WC="0.96" CONTENT="för"/><SP WIDTH="14" VPOS="293" HPOS="391"/>
							<String ID="string_49" HPOS="405" VPOS="295" WIDTH="33" HEIGHT="20" WC="0.93" CONTENT="att"/><SP WIDTH="15" VPOS="295" HPOS="438"/>
							<String ID="string_50" HPOS="453" VPOS="294" WIDTH="169" HEIGHT="27" WC="0.91" CONTENT="sammanjemka"/><SP WIDTH="17" VPOS="294" HPOS="622"/>
							<String ID="string_51" HPOS="639" VPOS="294" WIDTH="25" HEIGHT="21" WC="0.91" CONTENT="de"/><SP WIDTH="10" VPOS="294" HPOS="664"/>
							<String ID="string_52" HPOS="674" VPOS="293" WIDTH="113" HEIGHT="25" WC="0.91" CONTENT="klämmar,"/><SP WIDTH="11" VPOS="293" HPOS="787"/>
							<String ID="string_53" HPOS="798" VPOS="294" WIDTH="7" HEIGHT="20" WC="0.96" CONTENT="i"/><SP WIDTH="11" VPOS="294" HPOS="805"/>
							<String ID="string_54" HPOS="816" VPOS="293" WIDTH="73" HEIGHT="22" WC="0.96" CONTENT="hvilka"/><SP WIDTH="11" VPOS="293" HPOS="889"/>
							<String ID="string_55" HPOS="900" VPOS="293" WIDTH="112" HEIGHT="23" WC="0.96" CONTENT="Utskottet"/>
						</TextLine>
						<TextLine ID="line_6" HPOS="163" VPOS="322" WIDTH="849" HEIGHT="25">
							<String ID="string_56" HPOS="163" VPOS="337" WIDTH="3" HEIGHT="2" WC="0.75" CONTENT="-"/><SP WIDTH="14" VPOS="337" HPOS="166"/>
							<String ID="string_57" HPOS="180" VPOS="322" WIDTH="97" HEIGHT="21" WC="0.96" CONTENT="förordat"/><SP WIDTH="15" VPOS="322" HPOS="277"/>
							<String ID="string_58" HPOS="292" VPOS="322" WIDTH="66" HEIGHT="21" WC="0.96" CONTENT="saken"/><SP WIDTH="15" VPOS="322" HPOS="358"/>
							<String ID="string_59" HPOS="373" VPOS="322" WIDTH="7" HEIGHT="21" WC="0.96" CONTENT="i"/><SP WIDTH="15" VPOS="322" HPOS="380"/>
							<String ID="string_60" HPOS="395" VPOS="322" WIDTH="47" HEIGHT="21" WC="0.96" CONTENT="sina"/><SP WIDTH="15" VPOS="322" HPOS="442"/>
							<String ID="string_61" HPOS="457" VPOS="322" WIDTH="151" HEIGHT="22" WC="0.93" CONTENT="betänkanden"/><SP WIDTH="15" VPOS="322" HPOS="608"/>
							<String ID="string_62" HPOS="623" VPOS="322" WIDTH="58" HEIGHT="21" WC="0.91" CONTENT="N:ris"/><SP WIDTH="18" VPOS="322" HPOS="681"/>
							<String ID="string_63" HPOS="699" VPOS="324" WIDTH="8" HEIGHT="19" WC="0.96" CONTENT="1"/><SP WIDTH="18" VPOS="324" HPOS="707"/>
							<String ID="string_64" HPOS="725" VPOS="322" WIDTH="42" HEIGHT="22" WC="0.96" CONTENT="och"/><SP WIDTH="10" VPOS="322" HPOS="767"/>
							<String ID="string_65" HPOS="777" VPOS="322" WIDTH="20" HEIGHT="25" WC="0.96" CONTENT="3,"/><SP WIDTH="10" VPOS="322" HPOS="797"/>
							<String ID="string_66" HPOS="807" VPOS="324" WIDTH="33" HEIGHT="19" WC="0.93" CONTENT="att"/><SP WIDTH="9" VPOS="324" HPOS="840"/>
							<String ID="string_67" HPOS="849" VPOS="322" WIDTH="90" HEIGHT="22" WC="0.92" CONTENT="Ständet"/><SP WIDTH="8" VPOS="322" HPOS="939"/>
							<String ID="string_68" HPOS="947" VPOS="323" WIDTH="65" HEIGHT="21" WC="0.96" CONTENT="måtte"/>
						</TextLine>
						<TextLine ID="line_7" HPOS="180" VPOS="350" WIDTH="832" HEIGHT="28">
							<String ID="string_69" HPOS="180" VPOS="350" WIDTH="56" HEIGHT="22" WC="0.96" CONTENT="fatta"/><SP WIDTH="15" VPOS="350" HPOS="236"/>
							<String ID="string_70" HPOS="251" VPOS="352" WIDTH="32" HEIGHT="20" WC="0.92" CONTENT="ett"/><SP WIDTH="15" VPOS="352" HPOS="283"/>
							<String ID="string_71" HPOS="298" VPOS="350" WIDTH="115" HEIGHT="27" WC="0.91" CONTENT="afgörande"/><SP WIDTH="16" VPOS="350" HPOS="413"/>
							<String ID="string_72" HPOS="429" VPOS="350" WIDTH="70" HEIGHT="22" WC="0.96" CONTENT="beslut"/><SP WIDTH="15" VPOS="350" HPOS="499"/>
							<String ID="string_73" HPOS="514" VPOS="357" WIDTH="35" HEIGHT="15" WC="0.96" CONTENT="om"/><SP WIDTH="16" VPOS="357" HPOS="549"/>
							<String ID="string_74" HPOS="565" VPOS="350" WIDTH="121" HEIGHT="28" WC="0.96" CONTENT="byggandet"/><SP WIDTH="15" VPOS="350" HPOS="686"/>
							<String ID="string_75" HPOS="701" VPOS="350" WIDTH="24" HEIGHT="22" WC="0.93" CONTENT="af"/><SP WIDTH="13" VPOS="350" HPOS="725"/>
							<String ID="string_76" HPOS="738" VPOS="351" WIDTH="202" HEIGHT="27" WC="0.91" CONTENT="jernvägssträckan"/><SP WIDTH="10" VPOS="351" HPOS="940"/>
							<String ID="string_77" HPOS="950" VPOS="351" WIDTH="62" HEIGHT="21" WC="0.92" CONTENT="Tam-"/>
						</TextLine>
						<TextLine ID="line_8" HPOS="180" VPOS="378" WIDTH="832" HEIGHT="28">
							<String ID="string_78" HPOS="180" VPOS="378" WIDTH="364" HEIGHT="28" WC="0.88" CONTENT="merfors—Etseri—Nikolaistad,"/><SP WIDTH="11" VPOS="378" HPOS="544"/>
							<String ID="string_79" HPOS="555" VPOS="380" WIDTH="6" HEIGHT="20" WC="0.93" CONTENT="i"/><SP WIDTH="11" VPOS="380" HPOS="561"/>
							<String ID="string_80" HPOS="572" VPOS="379" WIDTH="150" HEIGHT="27" WC="0.91" CONTENT="hufvudsaklig"/><SP WIDTH="11" VPOS="379" HPOS="722"/>
							<String ID="string_81" HPOS="733" VPOS="379" WIDTH="221" HEIGHT="22" WC="0.91" CONTENT="öfverensstämmelse"/><SP WIDTH="10" VPOS="379" HPOS="954"/>
							<String ID="string_82" HPOS="964" VPOS="380" WIDTH="48" HEIGHT="24" WC="0.96" CONTENT="med"/>
						</TextLine>
						<TextLine ID="line_9" HPOS="181" VPOS="408" WIDTH="831" HEIGHT="28">
							<String ID="string_83" HPOS="181" VPOS="408" WIDTH="41" HEIGHT="22" WC="0.92" CONTENT="den"/><SP WIDTH="15" VPOS="408" HPOS="222"/>
							<String ID="string_84" HPOS="237" VPOS="408" WIDTH="57" HEIGHT="26" WC="0.91" CONTENT="linie,"/><SP WIDTH="16" VPOS="408" HPOS="294"/>
							<String ID="string_85" HPOS="310" VPOS="414" WIDTH="46" HEIGHT="15" WC="0.96" CONTENT="som"/><SP WIDTH="16" VPOS="414" HPOS="356"/>
							<String ID="string_86" HPOS="372" VPOS="408" WIDTH="68" HEIGHT="21" WC="0.96" CONTENT="blifvit"/><SP WIDTH="15" VPOS="408" HPOS="440"/>
							<String ID="string_87" HPOS="455" VPOS="408" WIDTH="119" HEIGHT="27" WC="0.96" CONTENT="föreslagen"/><SP WIDTH="16" VPOS="408" HPOS="574"/>
							<String ID="string_88" HPOS="590" VPOS="410" WIDTH="32" HEIGHT="19" WC="0.96" CONTENT="att"/><SP WIDTH="11" VPOS="410" HPOS="622"/>
							<String ID="string_89" HPOS="633" VPOS="410" WIDTH="58" HEIGHT="19" WC="0.96" CONTENT="öster"/><SP WIDTH="10" VPOS="410" HPOS="691"/>
							<String ID="string_90" HPOS="701" VPOS="414" WIDTH="34" HEIGHT="15" WC="0.93" CONTENT="om"/><SP WIDTH="12" VPOS="414" HPOS="735"/>
							<String ID="string_91" HPOS="747" VPOS="408" WIDTH="107" HEIGHT="27" WC="0.92" CONTENT="Näsijärvi"/><SP WIDTH="12" VPOS="408" HPOS="854"/>
							<String ID="string_92" HPOS="866" VPOS="408" WIDTH="77" HEIGHT="28" WC="0.92" CONTENT="dragas"/><SP WIDTH="11" VPOS="408" HPOS="943"/>
							<String ID="string_93" HPOS="954" VPOS="408" WIDTH="58" HEIGHT="22" WC="0.96" CONTENT="öfver"/>
						</TextLine>
						<TextLine ID="line_10" HPOS="180" VPOS="436" WIDTH="385" HEIGHT="28">
							<String ID="string_94" HPOS="180" VPOS="436" WIDTH="86" HEIGHT="28" WC="0.92" CONTENT="Filpula"/><SP WIDTH="15" VPOS="436" HPOS="266"/>
							<String ID="string_95" HPOS="281" VPOS="438" WIDTH="66" HEIGHT="20" WC="0.96" CONTENT="ström"/><SP WIDTH="16" VPOS="438" HPOS="347"/>
							<String ID="string_96" HPOS="363" VPOS="436" WIDTH="40" HEIGHT="22" WC="0.93" CONTENT="och"/><SP WIDTH="14" VPOS="436" HPOS="403"/>
							<String ID="string_97" HPOS="417" VPOS="436" WIDTH="70" HEIGHT="22" WC="0.92" CONTENT="Kolho"/><SP WIDTH="17" VPOS="436" HPOS="487"/>
							<String ID="string_98" HPOS="504" VPOS="436" WIDTH="61" HEIGHT="22" WC="0.96" CONTENT="sund."/>
						</TextLine>
					</TextBlock>
				</ComposedBlock>
				<ComposedBlock ID="cblock_4" HPOS="177" VPOS="493" WIDTH="835" HEIGHT="1029">
					<TextBlock ID="block_2" HPOS="177" VPOS="493" WIDTH="835" HEIGHT="1029">
						<TextLine ID="line_11" HPOS="250" VPOS="493" WIDTH="760" HEIGHT="27">
							<String ID="string_99" HPOS="250" VPOS="494" WIDTH="57" HEIGHT="21" WC="0.95" CONTENT="Herr"/><SP WIDTH="14" VPOS="494" HPOS="307"/>
							<String ID="string_100" HPOS="321" VPOS="493" WIDTH="124" HEIGHT="22" WC="0.96" CONTENT="Jansson:"/><SP WIDTH="31" VPOS="493" HPOS="445"/>
							<String ID="string_101" HPOS="476" VPOS="494" WIDTH="81" HEIGHT="21" WC="0.93" CONTENT="Herrar"/><SP WIDTH="14" VPOS="494" HPOS="557"/>
							<String ID="string_102" HPOS="571" VPOS="494" WIDTH="97" HEIGHT="26" WC="0.91" CONTENT="Ignatius"/><SP WIDTH="20" VPOS="494" HPOS="668"/>
							<String ID="string_103" HPOS="688" VPOS="494" WIDTH="40" HEIGHT="21" WC="0.93" CONTENT="och"/><SP WIDTH="17" VPOS="494" HPOS="728"/>
							<String ID="string_104" HPOS="745" VPOS="493" WIDTH="105" HEIGHT="22" WC="0.90" CONTENT="Sanmark"/><SP WIDTH="16" VPOS="493" HPOS="850"/>
							<String ID="string_105" HPOS="866" VPOS="494" WIDTH="64" HEIGHT="21" WC="0.96" CONTENT="hafva"/><SP WIDTH="15" VPOS="494" HPOS="930"/>
							<String ID="string_106" HPOS="945" VPOS="494" WIDTH="65" HEIGHT="21" WC="0.96" CONTENT="redan"/>
						</TextLine>
						<TextLine ID="line_12" HPOS="181" VPOS="522" WIDTH="830" HEIGHT="27">
							<String ID="string_107" HPOS="181" VPOS="522" WIDTH="24" HEIGHT="22" WC="0.96" CONTENT="så"/><SP WIDTH="22" VPOS="522" HPOS="205"/>
							<String ID="string_108" HPOS="227" VPOS="522" WIDTH="135" HEIGHT="27" WC="0.95" CONTENT="fullständigt"/><SP WIDTH="18" VPOS="522" HPOS="362"/>
							<String ID="string_109" HPOS="380" VPOS="522" WIDTH="108" HEIGHT="22" WC="0.96" CONTENT="utvecklat"/><SP WIDTH="16" VPOS="522" HPOS="488"/>
							<String ID="string_110" HPOS="504" VPOS="522" WIDTH="25" HEIGHT="22" WC="0.96" CONTENT="de"/><SP WIDTH="15" VPOS="522" HPOS="529"/>
							<String ID="string_111" HPOS="544" VPOS="523" WIDTH="54" HEIGHT="24" WC="0.96" CONTENT="skäl,"/><SP WIDTH="16" VPOS="523" HPOS="598"/>
							<String ID="string_112" HPOS="614" VPOS="529" WIDTH="46" HEIGHT="15" WC="0.96" CONTENT="som"/><SP WIDTH="15" VPOS="529" HPOS="660"/>
							<String ID="string_113" HPOS="675" VPOS="522" WIDTH="44" HEIGHT="22" WC="0.95" CONTENT="tala"/><SP WIDTH="16" VPOS="522" HPOS="719"/>
							<String ID="string_114" HPOS="735" VPOS="524" WIDTH="46" HEIGHT="20" WC="0.96" CONTENT="mot"/><SP WIDTH="12" VPOS="524" HPOS="781"/>
							<String ID="string_115" HPOS="793" VPOS="522" WIDTH="123" HEIGHT="22" WC="0.96" CONTENT="Utskottets"/><SP WIDTH="16" VPOS="522" HPOS="916"/>
							<String ID="string_116" HPOS="932" VPOS="522" WIDTH="79" HEIGHT="27" WC="0.96" CONTENT="förslag"/>
						</TextLine>
						<TextLine ID="line_13" HPOS="180" VPOS="550" WIDTH="830" HEIGHT="28">
							<String ID="string_117" HPOS="180" VPOS="552" WIDTH="33" HEIGHT="21" WC="0.96" CONTENT="att"/><SP WIDTH="24" VPOS="552" HPOS="213"/>
							<String ID="string_118" HPOS="237" VPOS="551" WIDTH="44" HEIGHT="27" WC="0.96" CONTENT="mig"/><SP WIDTH="22" VPOS="551" HPOS="281"/>
							<String ID="string_119" HPOS="303" VPOS="551" WIDTH="76" HEIGHT="22" WC="0.96" CONTENT="endast"/><SP WIDTH="24" VPOS="551" HPOS="379"/>
							<String ID="string_120" HPOS="403" VPOS="551" WIDTH="92" HEIGHT="22" WC="0.96" CONTENT="återstår"/><SP WIDTH="23" VPOS="551" HPOS="495"/>
							<String ID="string_121" HPOS="518" VPOS="553" WIDTH="32" HEIGHT="20" WC="0.96" CONTENT="att"/><SP WIDTH="20" VPOS="553" HPOS="550"/>
							<String ID="string_122" HPOS="570" VPOS="551" WIDTH="48" HEIGHT="22" WC="0.95" CONTENT="med"/><SP WIDTH="17" VPOS="551" HPOS="618"/>
							<String ID="string_123" HPOS="635" VPOS="552" WIDTH="62" HEIGHT="21" WC="0.96" CONTENT="dessa"/><SP WIDTH="14" VPOS="552" HPOS="697"/>
							<String ID="string_124" HPOS="711" VPOS="551" WIDTH="76" HEIGHT="22" WC="0.95" CONTENT="herrar"/><SP WIDTH="16" VPOS="551" HPOS="787"/>
							<String ID="string_125" HPOS="803" VPOS="550" WIDTH="73" HEIGHT="22" WC="0.96" CONTENT="förena"/><SP WIDTH="15" VPOS="550" HPOS="876"/>
							<String ID="string_126" HPOS="891" VPOS="551" WIDTH="49" HEIGHT="27" WC="0.93" CONTENT="mig."/><SP WIDTH="30" VPOS="551" HPOS="940"/>
							<String ID="string_127" HPOS="970" VPOS="550" WIDTH="40" HEIGHT="22" WC="0.89" CONTENT="Ut-"/>
						</TextLine>
						<TextLine ID="line_14" HPOS="180" VPOS="579" WIDTH="830" HEIGHT="27">
							<String ID="string_128" HPOS="180" VPOS="580" WIDTH="83" HEIGHT="21" WC="0.96" CONTENT="skottet"/><SP WIDTH="20" VPOS="580" HPOS="263"/>
							<String ID="string_129" HPOS="283" VPOS="580" WIDTH="40" HEIGHT="21" WC="0.96" CONTENT="har"/><SP WIDTH="15" VPOS="580" HPOS="323"/>
							<String ID="string_130" HPOS="338" VPOS="580" WIDTH="65" HEIGHT="21" WC="0.96" CONTENT="bland"/><SP WIDTH="15" VPOS="580" HPOS="403"/>
							<String ID="string_131" HPOS="418" VPOS="583" WIDTH="65" HEIGHT="18" WC="0.96" CONTENT="annat"/><SP WIDTH="15" VPOS="583" HPOS="483"/>
							<String ID="string_132" HPOS="498" VPOS="580" WIDTH="93" HEIGHT="26" WC="0.96" CONTENT="grundat"/><SP WIDTH="15" VPOS="580" HPOS="591"/>
							<String ID="string_133" HPOS="606" VPOS="581" WIDTH="38" HEIGHT="20" WC="0.96" CONTENT="sitt"/><SP WIDTH="15" VPOS="581" HPOS="644"/>
							<String ID="string_134" HPOS="659" VPOS="580" WIDTH="80" HEIGHT="26" WC="0.96" CONTENT="förslag"/><SP WIDTH="16" VPOS="580" HPOS="739"/>
							<String ID="string_135" HPOS="755" VPOS="581" WIDTH="28" HEIGHT="25" WC="0.95" CONTENT="på"/><SP WIDTH="15" VPOS="581" HPOS="783"/>
							<String ID="string_136" HPOS="798" VPOS="586" WIDTH="25" HEIGHT="15" WC="0.95" CONTENT="en"/><SP WIDTH="17" VPOS="586" HPOS="823"/>
							<String ID="string_137" HPOS="840" VPOS="579" WIDTH="109" HEIGHT="22" WC="0.96" CONTENT="beräknad"/><SP WIDTH="15" VPOS="579" HPOS="949"/>
							<String ID="string_138" HPOS="964" VPOS="581" WIDTH="46" HEIGHT="20" WC="0.96" CONTENT="stor"/>
						</TextLine>
						<TextLine ID="line_15" HPOS="180" VPOS="608" WIDTH="830" HEIGHT="27">
							<String ID="string_139" HPOS="180" VPOS="610" WIDTH="204" HEIGHT="25" WC="0.91" CONTENT="trävarutransport,"/><SP WIDTH="27" VPOS="610" HPOS="384"/>
							<String ID="string_140" HPOS="411" VPOS="608" WIDTH="40" HEIGHT="22" WC="0.96" CONTENT="och"/><SP WIDTH="24" VPOS="608" HPOS="451"/>
							<String ID="string_141" HPOS="475" VPOS="608" WIDTH="57" HEIGHT="22" WC="0.92" CONTENT="Herr"/><SP WIDTH="22" VPOS="608" HPOS="532"/>
							<String ID="string_142" HPOS="554" VPOS="608" WIDTH="97" HEIGHT="27" WC="0.88" CONTENT="Ignatius"/><SP WIDTH="23" VPOS="608" HPOS="651"/>
							<String ID="string_143" HPOS="674" VPOS="608" WIDTH="101" HEIGHT="22" WC="0.95" CONTENT="framhöll"/><SP WIDTH="22" VPOS="608" HPOS="775"/>
							<String ID="string_144" HPOS="797" VPOS="608" WIDTH="67" HEIGHT="21" WC="0.96" CONTENT="redan"/><SP WIDTH="22" VPOS="608" HPOS="864"/>
							<String ID="string_145" HPOS="886" VPOS="610" WIDTH="33" HEIGHT="19" WC="0.96" CONTENT="att"/><SP WIDTH="23" VPOS="610" HPOS="919"/>
							<String ID="string_146" HPOS="942" VPOS="608" WIDTH="68" HEIGHT="22" WC="0.96" CONTENT="denna"/>
						</TextLine>
						<TextLine ID="line_16" HPOS="180" VPOS="636" WIDTH="830" HEIGHT="28">
							<String ID="string_147" HPOS="180" VPOS="639" WIDTH="110" HEIGHT="25" WC="0.96" CONTENT="transport"/><SP WIDTH="16" VPOS="639" HPOS="290"/>
							<String ID="string_148" HPOS="306" VPOS="637" WIDTH="18" HEIGHT="27" WC="0.96" CONTENT="ej"/><SP WIDTH="20" VPOS="637" HPOS="324"/>
							<String ID="string_149" HPOS="344" VPOS="643" WIDTH="51" HEIGHT="15" WC="0.96" CONTENT="vore"/><SP WIDTH="16" VPOS="643" HPOS="395"/>
							<String ID="string_150" HPOS="411" VPOS="637" WIDTH="83" HEIGHT="27" WC="0.96" CONTENT="mycket"/><SP WIDTH="15" VPOS="637" HPOS="494"/>
							<String ID="string_151" HPOS="509" VPOS="639" WIDTH="33" HEIGHT="19" WC="0.96" CONTENT="att"/><SP WIDTH="15" VPOS="639" HPOS="542"/>
							<String ID="string_152" HPOS="557" VPOS="637" WIDTH="70" HEIGHT="27" WC="0.97" CONTENT="bygga"/><SP WIDTH="14" VPOS="637" HPOS="627"/>
							<String ID="string_153" HPOS="641" VPOS="637" WIDTH="34" HEIGHT="27" WC="0.96" CONTENT="på."/><SP WIDTH="30" VPOS="637" HPOS="675"/>
							<String ID="string_154" HPOS="705" VPOS="636" WIDTH="42" HEIGHT="28" WC="0.96" CONTENT="Jag"/><SP WIDTH="16" VPOS="636" HPOS="747"/>
							<String ID="string_155" HPOS="763" VPOS="636" WIDTH="38" HEIGHT="22" WC="0.96" CONTENT="ber"/><SP WIDTH="15" VPOS="636" HPOS="801"/>
							<String ID="string_156" HPOS="816" VPOS="638" WIDTH="33" HEIGHT="20" WC="0.96" CONTENT="att"/><SP WIDTH="15" VPOS="638" HPOS="849"/>
							<String ID="string_157" HPOS="864" VPOS="636" WIDTH="21" HEIGHT="22" WC="0.96" CONTENT="få"/><SP WIDTH="16" VPOS="636" HPOS="885"/>
							<String ID="string_158" HPOS="901" VPOS="636" WIDTH="47" HEIGHT="22" WC="0.93" CONTENT="litet"/><SP WIDTH="14" VPOS="636" HPOS="948"/>
							<String ID="string_159" HPOS="962" VPOS="638" WIDTH="48" HEIGHT="20" WC="0.92" CONTENT="när-"/>
						</TextLine>
						<TextLine ID="line_17" HPOS="180" VPOS="665" WIDTH="830" HEIGHT="27">
							<String ID="string_160" HPOS="180" VPOS="672" WIDTH="59" HEIGHT="15" WC="0.96" CONTENT="mare"/><SP WIDTH="15" VPOS="672" HPOS="239"/>
							<String ID="string_161" HPOS="254" VPOS="666" WIDTH="105" HEIGHT="26" WC="0.96" CONTENT="redogöra"/><SP WIDTH="15" VPOS="666" HPOS="359"/>
							<String ID="string_162" HPOS="374" VPOS="665" WIDTH="33" HEIGHT="22" WC="0.96" CONTENT="för"/><SP WIDTH="15" VPOS="665" HPOS="407"/>
							<String ID="string_163" HPOS="422" VPOS="666" WIDTH="59" HEIGHT="21" WC="0.96" CONTENT="detta"/><SP WIDTH="15" VPOS="666" HPOS="481"/>
							<String ID="string_164" HPOS="496" VPOS="666" WIDTH="141" HEIGHT="21" WC="0.94" CONTENT="förhållande."/><SP WIDTH="31" VPOS="666" HPOS="637"/>
							<String ID="string_165" HPOS="668" VPOS="666" WIDTH="33" HEIGHT="21" WC="0.95" CONTENT="Då"/><SP WIDTH="15" VPOS="666" HPOS="701"/>
							<String ID="string_166" HPOS="716" VPOS="666" WIDTH="34" HEIGHT="20" WC="0.96" CONTENT="för"/><SP WIDTH="17" VPOS="666" HPOS="750"/>
							<String ID="string_167" HPOS="767" VPOS="666" WIDTH="77" HEIGHT="26" WC="0.92" CONTENT="Hangö"/><SP WIDTH="16" VPOS="666" HPOS="844"/>
							<String ID="string_168" HPOS="860" VPOS="666" WIDTH="86" HEIGHT="26" WC="0.91" CONTENT="jernväg"/><SP WIDTH="13" VPOS="666" HPOS="946"/>
							<String ID="string_169" HPOS="959" VPOS="666" WIDTH="51" HEIGHT="20" WC="0.92" CONTENT="kon-"/>
						</TextLine>
						<TextLine ID="line_18" HPOS="181" VPOS="694" WIDTH="829" HEIGHT="27">
							<String ID="string_170" HPOS="181" VPOS="694" WIDTH="82" HEIGHT="21" WC="0.92" CONTENT="cession"/><SP WIDTH="23" VPOS="694" HPOS="263"/>
							<String ID="string_171" HPOS="286" VPOS="694" WIDTH="106" HEIGHT="26" WC="0.91" CONTENT="ansöktes,"/><SP WIDTH="21" VPOS="694" HPOS="392"/>
							<String ID="string_172" HPOS="413" VPOS="694" WIDTH="24" HEIGHT="22" WC="0.96" CONTENT="så"/><SP WIDTH="18" VPOS="694" HPOS="437"/>
							<String ID="string_173" HPOS="455" VPOS="694" WIDTH="59" HEIGHT="22" WC="0.96" CONTENT="biföll"/><SP WIDTH="16" VPOS="694" HPOS="514"/>
							<String ID="string_174" HPOS="530" VPOS="700" WIDTH="49" HEIGHT="16" WC="0.95" CONTENT="man"/><SP WIDTH="16" VPOS="700" HPOS="579"/>
							<String ID="string_175" HPOS="595" VPOS="700" WIDTH="26" HEIGHT="16" WC="0.95" CONTENT="en"/><SP WIDTH="16" VPOS="700" HPOS="621"/>
							<String ID="string_176" HPOS="637" VPOS="694" WIDTH="24" HEIGHT="21" WC="0.96" CONTENT="så"/><SP WIDTH="15" VPOS="694" HPOS="661"/>
							<String ID="string_177" HPOS="676" VPOS="694" WIDTH="35" HEIGHT="27" WC="0.93" CONTENT="låg"/><SP WIDTH="16" VPOS="694" HPOS="711"/>
							<String ID="string_178" HPOS="727" VPOS="694" WIDTH="104" HEIGHT="21" WC="0.92" CONTENT="fraktsats"/><SP WIDTH="16" VPOS="694" HPOS="831"/>
							<String ID="string_179" HPOS="847" VPOS="700" WIDTH="48" HEIGHT="15" WC="0.96" CONTENT="man"/><SP WIDTH="17" VPOS="700" HPOS="895"/>
							<String ID="string_180" HPOS="912" VPOS="694" WIDTH="98" HEIGHT="26" WC="0.96" CONTENT="möjligen"/>
						</TextLine>
						<TextLine ID="line_19" HPOS="179" VPOS="722" WIDTH="831" HEIGHT="28">
							<String ID="string_181" HPOS="179" VPOS="722" WIDTH="80" HEIGHT="27" WC="0.96" CONTENT="kunde,"/><SP WIDTH="10" VPOS="722" HPOS="259"/>
							<String ID="string_182" HPOS="269" VPOS="723" WIDTH="34" HEIGHT="21" WC="0.96" CONTENT="för"/><SP WIDTH="10" VPOS="723" HPOS="303"/>
							<String ID="string_183" HPOS="313" VPOS="724" WIDTH="32" HEIGHT="20" WC="0.95" CONTENT="att"/><SP WIDTH="11" VPOS="724" HPOS="345"/>
							<String ID="string_184" HPOS="356" VPOS="723" WIDTH="89" HEIGHT="21" WC="0.96" CONTENT="sålunda"/><SP WIDTH="10" VPOS="723" HPOS="445"/>
							<String ID="string_185" HPOS="455" VPOS="729" WIDTH="70" HEIGHT="21" WC="0.93" CONTENT="gynna"/><SP WIDTH="8" VPOS="729" HPOS="525"/>
							<String ID="string_186" HPOS="533" VPOS="723" WIDTH="128" HEIGHT="27" WC="0.91" CONTENT="jernvägens"/><SP WIDTH="8" VPOS="723" HPOS="661"/>
							<String ID="string_187" HPOS="669" VPOS="723" WIDTH="130" HEIGHT="26" WC="0.96" CONTENT="anläggning"/><SP WIDTH="10" VPOS="723" HPOS="799"/>
							<String ID="string_188" HPOS="809" VPOS="722" WIDTH="40" HEIGHT="22" WC="0.96" CONTENT="och"/><SP WIDTH="11" VPOS="722" HPOS="849"/>
							<String ID="string_189" HPOS="860" VPOS="722" WIDTH="41" HEIGHT="22" WC="0.93" CONTENT="den"/><SP WIDTH="9" VPOS="722" HPOS="901"/>
							<String ID="string_190" HPOS="910" VPOS="723" WIDTH="100" HEIGHT="21" WC="0.91" CONTENT="transito-"/>
						</TextLine>
						<TextLine ID="line_20" HPOS="181" VPOS="751" WIDTH="829" HEIGHT="27">
							<String ID="string_191" HPOS="181" VPOS="751" WIDTH="65" HEIGHT="21" WC="0.96" CONTENT="trafik"/><SP WIDTH="15" VPOS="751" HPOS="246"/>
							<String ID="string_192" HPOS="261" VPOS="752" WIDTH="28" HEIGHT="26" WC="0.96" CONTENT="på"/><SP WIDTH="20" VPOS="752" HPOS="289"/>
							<String ID="string_193" HPOS="309" VPOS="752" WIDTH="134" HEIGHT="26" WC="0.96" CONTENT="Petersburg,"/><SP WIDTH="17" VPOS="752" HPOS="443"/>
							<String ID="string_194" HPOS="460" VPOS="758" WIDTH="45" HEIGHT="15" WC="0.96" CONTENT="som"/><SP WIDTH="16" VPOS="758" HPOS="505"/>
							<String ID="string_195" HPOS="521" VPOS="758" WIDTH="50" HEIGHT="14" WC="0.96" CONTENT="man"/><SP WIDTH="16" VPOS="758" HPOS="571"/>
							<String ID="string_196" HPOS="587" VPOS="752" WIDTH="77" HEIGHT="21" WC="0.96" CONTENT="trodde"/><SP WIDTH="15" VPOS="752" HPOS="664"/>
							<String ID="string_197" HPOS="679" VPOS="752" WIDTH="32" HEIGHT="26" WC="0.96" CONTENT="sig"/><SP WIDTH="15" VPOS="752" HPOS="711"/>
							<String ID="string_198" HPOS="726" VPOS="752" WIDTH="74" HEIGHT="20" WC="0.96" CONTENT="kunna"/><SP WIDTH="15" VPOS="752" HPOS="800"/>
							<String ID="string_199" HPOS="815" VPOS="751" WIDTH="89" HEIGHT="21" WC="0.95" CONTENT="förutse."/><SP WIDTH="30" VPOS="751" HPOS="904"/>
							<String ID="string_200" HPOS="934" VPOS="751" WIDTH="76" HEIGHT="21" WC="0.96" CONTENT="Denna"/>
						</TextLine>
						<TextLine ID="line_21" HPOS="180" VPOS="779" WIDTH="830" HEIGHT="28">
							<String ID="string_201" HPOS="180" VPOS="779" WIDTH="105" HEIGHT="22" WC="0.92" CONTENT="fraktsats"/><SP WIDTH="23" VPOS="779" HPOS="285"/>
							<String ID="string_202" HPOS="308" VPOS="780" WIDTH="87" HEIGHT="21" WC="0.96" CONTENT="ställdes"/><SP WIDTH="22" VPOS="780" HPOS="395"/>
							<String ID="string_203" HPOS="417" VPOS="780" WIDTH="33" HEIGHT="22" WC="0.93" CONTENT="till"/><SP WIDTH="25" VPOS="780" HPOS="450"/>
							<String ID="string_204" HPOS="475" VPOS="780" WIDTH="46" HEIGHT="27" WC="0.91" CONTENT="11/,"/><SP WIDTH="15" VPOS="780" HPOS="521"/>
							<String ID="string_205" HPOS="536" VPOS="780" WIDTH="64" HEIGHT="27" WC="0.96" CONTENT="penni"/><SP WIDTH="24" VPOS="780" HPOS="600"/>
							<String ID="string_206" HPOS="624" VPOS="786" WIDTH="38" HEIGHT="21" WC="0.93" CONTENT="per"/><SP WIDTH="22" VPOS="786" HPOS="662"/>
							<String ID="string_207" HPOS="684" VPOS="780" WIDTH="142" HEIGHT="21" WC="0.91" CONTENT="centner-mil."/><SP WIDTH="33" VPOS="780" HPOS="826"/>
							<String ID="string_208" HPOS="859" VPOS="780" WIDTH="59" HEIGHT="21" WC="0.95" CONTENT="Våra"/><SP WIDTH="21" VPOS="780" HPOS="918"/>
							<String ID="string_209" HPOS="939" VPOS="780" WIDTH="71" HEIGHT="21" WC="0.96" CONTENT="bättre"/>
						</TextLine>
						<TextLine ID="line_22" HPOS="180" VPOS="808" WIDTH="830" HEIGHT="28">
							<String ID="string_210" HPOS="180" VPOS="810" WIDTH="99" HEIGHT="20" WC="0.96" CONTENT="trävaror"/><SP WIDTH="22" VPOS="810" HPOS="279"/>
							<String ID="string_211" HPOS="301" VPOS="808" WIDTH="52" HEIGHT="22" WC="0.96" CONTENT="bära"/><SP WIDTH="19" VPOS="808" HPOS="353"/>
							<String ID="string_212" HPOS="372" VPOS="815" WIDTH="35" HEIGHT="20" WC="0.96" CONTENT="nu,"/><SP WIDTH="22" VPOS="815" HPOS="407"/>
							<String ID="string_213" HPOS="429" VPOS="815" WIDTH="34" HEIGHT="15" WC="0.96" CONTENT="om"/><SP WIDTH="18" VPOS="815" HPOS="463"/>
							<String ID="string_214" HPOS="481" VPOS="809" WIDTH="37" HEIGHT="27" WC="0.93" CONTENT="jag"/><SP WIDTH="15" VPOS="809" HPOS="518"/>
							<String ID="string_215" HPOS="533" VPOS="809" WIDTH="19" HEIGHT="27" WC="0.96" CONTENT="ej"/><SP WIDTH="16" VPOS="809" HPOS="552"/>
							<String ID="string_216" HPOS="568" VPOS="809" WIDTH="134" HEIGHT="21" WC="0.96" CONTENT="missminner"/><SP WIDTH="17" VPOS="809" HPOS="702"/>
							<String ID="string_217" HPOS="719" VPOS="810" WIDTH="48" HEIGHT="25" WC="0.96" CONTENT="mig,"/><SP WIDTH="18" VPOS="810" HPOS="767"/>
							<String ID="string_218" HPOS="785" VPOS="814" WIDTH="26" HEIGHT="16" WC="0.93" CONTENT="en"/><SP WIDTH="15" VPOS="814" HPOS="811"/>
							<String ID="string_219" HPOS="826" VPOS="808" WIDTH="102" HEIGHT="22" WC="0.93" CONTENT="fraktsats"/><SP WIDTH="15" VPOS="808" HPOS="928"/>
							<String ID="string_220" HPOS="943" VPOS="808" WIDTH="24" HEIGHT="21" WC="0.96" CONTENT="af"/><SP WIDTH="13" VPOS="808" HPOS="967"/>
							<String ID="string_221" HPOS="980" VPOS="809" WIDTH="30" HEIGHT="23" WC="0.85" CONTENT="2,6"/>
						</TextLine>
						<TextLine ID="line_23" HPOS="180" VPOS="836" WIDTH="830" HEIGHT="28">
							<String ID="string_222" HPOS="180" VPOS="836" WIDTH="63" HEIGHT="28" WC="0.96" CONTENT="penni"/><SP WIDTH="23" VPOS="836" HPOS="243"/>
							<String ID="string_223" HPOS="266" VPOS="844" WIDTH="39" HEIGHT="20" WC="0.93" CONTENT="per"/><SP WIDTH="22" VPOS="844" HPOS="305"/>
							<String ID="string_224" HPOS="327" VPOS="837" WIDTH="130" HEIGHT="22" WC="0.76" CONTENT="centnermil."/><SP WIDTH="30" VPOS="837" HPOS="457"/>
							<String ID="string_225" HPOS="487" VPOS="838" WIDTH="51" HEIGHT="21" WC="0.96" CONTENT="Man"/><SP WIDTH="24" VPOS="838" HPOS="538"/>
							<String ID="string_226" HPOS="562" VPOS="837" WIDTH="69" HEIGHT="21" WC="0.93" CONTENT="skulle"/><SP WIDTH="20" VPOS="837" HPOS="631"/>
							<String ID="string_227" HPOS="651" VPOS="837" WIDTH="89" HEIGHT="21" WC="0.96" CONTENT="sålunda"/><SP WIDTH="16" VPOS="837" HPOS="740"/>
							<String ID="string_228" HPOS="756" VPOS="837" WIDTH="64" HEIGHT="27" WC="0.96" CONTENT="tycka"/><SP WIDTH="16" VPOS="837" HPOS="820"/>
							<String ID="string_229" HPOS="836" VPOS="838" WIDTH="32" HEIGHT="20" WC="0.96" CONTENT="att"/><SP WIDTH="16" VPOS="838" HPOS="868"/>
							<String ID="string_230" HPOS="884" VPOS="838" WIDTH="68" HEIGHT="20" WC="0.93" CONTENT="denna"/><SP WIDTH="16" VPOS="838" HPOS="952"/>
							<String ID="string_231" HPOS="968" VPOS="839" WIDTH="42" HEIGHT="19" WC="0.92" CONTENT="trä-"/>
						</TextLine>
						<TextLine ID="line_24" HPOS="180" VPOS="865" WIDTH="829" HEIGHT="27">
							<String ID="string_232" HPOS="180" VPOS="868" WIDTH="163" HEIGHT="24" WC="0.92" CONTENT="varutransport"/><SP WIDTH="15" VPOS="868" HPOS="343"/>
							<String ID="string_233" HPOS="358" VPOS="866" WIDTH="67" HEIGHT="21" WC="0.93" CONTENT="borde"/><SP WIDTH="15" VPOS="866" HPOS="425"/>
							<String ID="string_234" HPOS="440" VPOS="866" WIDTH="70" HEIGHT="22" WC="0.92" CONTENT="lemna"/><SP WIDTH="15" VPOS="866" HPOS="510"/>
							<String ID="string_235" HPOS="525" VPOS="866" WIDTH="24" HEIGHT="22" WC="0.96" CONTENT="sä"/><SP WIDTH="16" VPOS="866" HPOS="549"/>
							<String ID="string_236" HPOS="565" VPOS="868" WIDTH="46" HEIGHT="19" WC="0.93" CONTENT="stor"/><SP WIDTH="15" VPOS="868" HPOS="611"/>
							<String ID="string_237" HPOS="626" VPOS="865" WIDTH="128" HEIGHT="27" WC="0.92" CONTENT="behällning,"/><SP WIDTH="11" VPOS="865" HPOS="754"/>
							<String ID="string_238" HPOS="765" VPOS="872" WIDTH="47" HEIGHT="14" WC="0.93" CONTENT="som"/><SP WIDTH="11" VPOS="872" HPOS="812"/>
							<String ID="string_239" HPOS="823" VPOS="865" WIDTH="112" HEIGHT="21" WC="0.92" CONTENT="skilnaden"/><SP WIDTH="11" VPOS="865" HPOS="935"/>
							<String ID="string_240" HPOS="946" VPOS="865" WIDTH="63" HEIGHT="22" WC="0.91" CONTENT="emel-"/>
						</TextLine>
						<TextLine ID="line_25" HPOS="179" VPOS="893" WIDTH="830" HEIGHT="28">
							<String ID="string_241" HPOS="179" VPOS="893" WIDTH="36" HEIGHT="22" WC="0.96" CONTENT="lan"/><SP WIDTH="16" VPOS="893" HPOS="215"/>
							<String ID="string_242" HPOS="231" VPOS="895" WIDTH="42" HEIGHT="20" WC="0.93" CONTENT="den"/><SP WIDTH="19" VPOS="895" HPOS="273"/>
							<String ID="string_243" HPOS="292" VPOS="894" WIDTH="69" HEIGHT="27" WC="0.92" CONTENT="lägsta"/><SP WIDTH="18" VPOS="894" HPOS="361"/>
							<String ID="string_244" HPOS="379" VPOS="894" WIDTH="129" HEIGHT="22" WC="0.92" CONTENT="fraktsatsen"/><SP WIDTH="16" VPOS="894" HPOS="508"/>
							<String ID="string_245" HPOS="524" VPOS="894" WIDTH="39" HEIGHT="22" WC="0.96" CONTENT="och"/><SP WIDTH="16" VPOS="894" HPOS="563"/>
							<String ID="string_246" HPOS="579" VPOS="894" WIDTH="41" HEIGHT="21" WC="0.96" CONTENT="den"/><SP WIDTH="15" VPOS="894" HPOS="620"/>
							<String ID="string_247" HPOS="635" VPOS="894" WIDTH="72" HEIGHT="27" WC="0.96" CONTENT="högre."/><SP WIDTH="31" VPOS="894" HPOS="707"/>
							<String ID="string_248" HPOS="738" VPOS="894" WIDTH="51" HEIGHT="21" WC="0.96" CONTENT="Men"/><SP WIDTH="16" VPOS="894" HPOS="789"/>
							<String ID="string_249" HPOS="805" VPOS="894" WIDTH="36" HEIGHT="21" WC="0.96" CONTENT="det"/><SP WIDTH="15" VPOS="894" HPOS="841"/>
							<String ID="string_250" HPOS="856" VPOS="895" WIDTH="24" HEIGHT="20" WC="0.92" CONTENT="är"/><SP WIDTH="16" VPOS="895" HPOS="880"/>
							<String ID="string_251" HPOS="896" VPOS="894" WIDTH="18" HEIGHT="27" WC="0.92" CONTENT="ej"/><SP WIDTH="16" VPOS="894" HPOS="914"/>
							<String ID="string_252" HPOS="930" VPOS="893" WIDTH="79" HEIGHT="22" WC="0.93" CONTENT="förhäl-"/>
						</TextLine>
						<TextLine ID="line_26" HPOS="179" VPOS="922" WIDTH="829" HEIGHT="28">
							<String ID="string_253" HPOS="179" VPOS="922" WIDTH="80" HEIGHT="23" WC="0.90" CONTENT="landet."/><SP WIDTH="30" VPOS="922" HPOS="259"/>
							<String ID="string_254" HPOS="289" VPOS="923" WIDTH="231" HEIGHT="27" WC="0.88" CONTENT="Trävarutransporten"/><SP WIDTH="18" VPOS="923" HPOS="520"/>
							<String ID="string_255" HPOS="538" VPOS="923" WIDTH="87" HEIGHT="21" WC="0.91" CONTENT="kräfver"/><SP WIDTH="16" VPOS="923" HPOS="625"/>
							<String ID="string_256" HPOS="641" VPOS="929" WIDTH="26" HEIGHT="15" WC="0.96" CONTENT="en"/><SP WIDTH="17" VPOS="929" HPOS="667"/>
							<String ID="string_257" HPOS="684" VPOS="924" WIDTH="45" HEIGHT="19" WC="0.96" CONTENT="stor"/><SP WIDTH="15" VPOS="924" HPOS="729"/>
							<String ID="string_258" HPOS="744" VPOS="922" WIDTH="101" HEIGHT="27" WC="0.93" CONTENT="personal"/><SP WIDTH="15" VPOS="922" HPOS="845"/>
							<String ID="string_259" HPOS="860" VPOS="923" WIDTH="107" HEIGHT="21" WC="0.93" CONTENT="äfvensom"/><SP WIDTH="16" VPOS="923" HPOS="967"/>
							<String ID="string_260" HPOS="983" VPOS="929" WIDTH="25" HEIGHT="14" WC="0.96" CONTENT="en"/>
						</TextLine>
						<TextLine ID="line_27" HPOS="180" VPOS="951" WIDTH="828" HEIGHT="27">
							<String ID="string_261" HPOS="180" VPOS="952" WIDTH="86" HEIGHT="26" WC="0.96" CONTENT="mycket"/><SP WIDTH="15" VPOS="952" HPOS="266"/>
							<String ID="string_262" HPOS="281" VPOS="954" WIDTH="45" HEIGHT="19" WC="0.96" CONTENT="stor"/><SP WIDTH="15" VPOS="954" HPOS="326"/>
							<String ID="string_263" HPOS="341" VPOS="952" WIDTH="66" HEIGHT="26" WC="0.93" CONTENT="rörlig"/><SP WIDTH="15" VPOS="952" HPOS="407"/>
							<String ID="string_264" HPOS="422" VPOS="951" WIDTH="103" HEIGHT="26" WC="0.96" CONTENT="materiel,"/><SP WIDTH="17" VPOS="951" HPOS="525"/>
							<String ID="string_265" HPOS="542" VPOS="951" WIDTH="93" HEIGHT="26" WC="0.96" CONTENT="hvilken,"/><SP WIDTH="16" VPOS="951" HPOS="635"/>
							<String ID="string_266" HPOS="651" VPOS="951" WIDTH="90" HEIGHT="22" WC="0.93" CONTENT="likasom"/><SP WIDTH="14" VPOS="951" HPOS="741"/>
							<String ID="string_267" HPOS="755" VPOS="951" WIDTH="187" HEIGHT="27" WC="0.92" CONTENT="öfverbyggnaden"/><SP WIDTH="10" VPOS="951" HPOS="942"/>
							<String ID="string_268" HPOS="952" VPOS="957" WIDTH="56" HEIGHT="21" WC="0.92" CONTENT="myc-"/>
						</TextLine>
						<TextLine ID="line_28" HPOS="179" VPOS="979" WIDTH="830" HEIGHT="28">
							<String ID="string_269" HPOS="179" VPOS="980" WIDTH="38" HEIGHT="21" WC="0.91" CONTENT="ket"/><SP WIDTH="15" VPOS="980" HPOS="217"/>
							<String ID="string_270" HPOS="232" VPOS="983" WIDTH="63" HEIGHT="19" WC="0.92" CONTENT="nötas"/><SP WIDTH="16" VPOS="983" HPOS="295"/>
							<String ID="string_271" HPOS="311" VPOS="980" WIDTH="33" HEIGHT="21" WC="0.96" CONTENT="till"/><SP WIDTH="16" VPOS="980" HPOS="344"/>
							<String ID="string_272" HPOS="360" VPOS="980" WIDTH="52" HEIGHT="27" WC="0.93" CONTENT="följd"/><SP WIDTH="16" VPOS="980" HPOS="412"/>
							<String ID="string_273" HPOS="428" VPOS="980" WIDTH="23" HEIGHT="21" WC="0.93" CONTENT="af"/><SP WIDTH="14" VPOS="980" HPOS="451"/>
							<String ID="string_274" HPOS="465" VPOS="982" WIDTH="136" HEIGHT="19" WC="0.92" CONTENT="trävarornas"/><SP WIDTH="12" VPOS="982" HPOS="601"/>
							<String ID="string_275" HPOS="613" VPOS="981" WIDTH="71" HEIGHT="26" WC="0.90" CONTENT="tyngd,"/><SP WIDTH="11" VPOS="981" HPOS="684"/>
							<String ID="string_276" HPOS="695" VPOS="979" WIDTH="100" HEIGHT="22" WC="0.92" CONTENT="hvarföre"/><SP WIDTH="11" VPOS="979" HPOS="795"/>
							<String ID="string_277" HPOS="806" VPOS="986" WIDTH="26" HEIGHT="15" WC="0.96" CONTENT="en"/><SP WIDTH="13" VPOS="986" HPOS="832"/>
							<String ID="string_278" HPOS="845" VPOS="982" WIDTH="69" HEIGHT="19" WC="0.93" CONTENT="större"/><SP WIDTH="12" VPOS="982" HPOS="914"/>
							<String ID="string_279" HPOS="926" VPOS="982" WIDTH="83" HEIGHT="19" WC="0.91" CONTENT="remont"/>
						</TextLine>
						<TextLine ID="line_29" HPOS="180" VPOS="1008" WIDTH="830" HEIGHT="28">
							<String ID="string_280" HPOS="180" VPOS="1008" WIDTH="114" HEIGHT="23" WC="0.90" CONTENT="erfordras."/><SP WIDTH="32" VPOS="1008" HPOS="294"/>
							<String ID="string_281" HPOS="326" VPOS="1009" WIDTH="133" HEIGHT="22" WC="0.87" CONTENT="Trävarorna"/><SP WIDTH="15" VPOS="1009" HPOS="459"/>
							<String ID="string_282" HPOS="474" VPOS="1009" WIDTH="64" HEIGHT="22" WC="0.96" CONTENT="hafva"/><SP WIDTH="16" VPOS="1009" HPOS="538"/>
							<String ID="string_283" HPOS="554" VPOS="1009" WIDTH="109" HEIGHT="21" WC="0.96" CONTENT="dessutom"/><SP WIDTH="16" VPOS="1009" HPOS="663"/>
							<String ID="string_284" HPOS="679" VPOS="1009" WIDTH="40" HEIGHT="21" WC="0.96" CONTENT="den"/><SP WIDTH="11" VPOS="1009" HPOS="719"/>
							<String ID="string_285" HPOS="730" VPOS="1010" WIDTH="71" HEIGHT="23" WC="0.96" CONTENT="natur,"/><SP WIDTH="11" VPOS="1010" HPOS="801"/>
							<String ID="string_286" HPOS="812" VPOS="1010" WIDTH="33" HEIGHT="19" WC="0.96" CONTENT="att"/><SP WIDTH="13" VPOS="1010" HPOS="845"/>
							<String ID="string_287" HPOS="858" VPOS="1009" WIDTH="26" HEIGHT="21" WC="0.93" CONTENT="de"/><SP WIDTH="11" VPOS="1009" HPOS="884"/>
							<String ID="string_288" HPOS="895" VPOS="1008" WIDTH="27" HEIGHT="27" WC="0.96" CONTENT="gå"/><SP WIDTH="12" VPOS="1008" HPOS="922"/>
							<String ID="string_289" HPOS="934" VPOS="1009" WIDTH="76" HEIGHT="27" WC="0.96" CONTENT="endast"/>
						</TextLine>
						<TextLine ID="line_30" HPOS="180" VPOS="1037" WIDTH="829" HEIGHT="26">
							<String ID="string_290" HPOS="180" VPOS="1037" WIDTH="23" HEIGHT="21" WC="0.96" CONTENT="ät"/><SP WIDTH="16" VPOS="1037" HPOS="203"/>
							<String ID="string_291" HPOS="219" VPOS="1040" WIDTH="32" HEIGHT="19" WC="0.93" CONTENT="ett"/><SP WIDTH="15" VPOS="1040" HPOS="251"/>
							<String ID="string_292" HPOS="266" VPOS="1037" WIDTH="51" HEIGHT="26" WC="0.91" CONTENT="häll,"/><SP WIDTH="16" VPOS="1037" HPOS="317"/>
							<String ID="string_293" HPOS="333" VPOS="1037" WIDTH="46" HEIGHT="22" WC="0.93" CONTENT="frän"/><SP WIDTH="16" VPOS="1037" HPOS="379"/>
							<String ID="string_294" HPOS="395" VPOS="1038" WIDTH="36" HEIGHT="21" WC="0.93" CONTENT="det"/><SP WIDTH="15" VPOS="1038" HPOS="431"/>
							<String ID="string_295" HPOS="446" VPOS="1038" WIDTH="46" HEIGHT="21" WC="0.92" CONTENT="inre"/><SP WIDTH="16" VPOS="1038" HPOS="492"/>
							<String ID="string_296" HPOS="508" VPOS="1037" WIDTH="73" HEIGHT="22" WC="0.93" CONTENT="landet"/><SP WIDTH="15" VPOS="1037" HPOS="581"/>
							<String ID="string_297" HPOS="596" VPOS="1037" WIDTH="65" HEIGHT="22" WC="0.92" CONTENT="nedät"/><SP WIDTH="15" VPOS="1037" HPOS="661"/>
							<String ID="string_298" HPOS="676" VPOS="1038" WIDTH="87" HEIGHT="25" WC="0.96" CONTENT="kusten;"/><SP WIDTH="18" VPOS="1038" HPOS="763"/>
							<String ID="string_299" HPOS="781" VPOS="1037" WIDTH="40" HEIGHT="22" WC="0.93" CONTENT="och"/><SP WIDTH="16" VPOS="1037" HPOS="821"/>
							<String ID="string_300" HPOS="837" VPOS="1037" WIDTH="89" HEIGHT="21" WC="0.92" CONTENT="emedan"/><SP WIDTH="15" VPOS="1037" HPOS="926"/>
							<String ID="string_301" HPOS="941" VPOS="1039" WIDTH="68" HEIGHT="20" WC="0.90" CONTENT="retur-"/>
						</TextLine>
						<TextLine ID="line_31" HPOS="180" VPOS="1065" WIDTH="829" HEIGHT="28">
							<String ID="string_302" HPOS="180" VPOS="1065" WIDTH="83" HEIGHT="23" WC="0.93" CONTENT="frakter"/><SP WIDTH="21" VPOS="1065" HPOS="263"/>
							<String ID="string_303" HPOS="284" VPOS="1067" WIDTH="85" HEIGHT="26" WC="0.96" CONTENT="saknas,"/><SP WIDTH="22" VPOS="1067" HPOS="369"/>
							<String ID="string_304" HPOS="391" VPOS="1067" WIDTH="24" HEIGHT="21" WC="0.93" CONTENT="sä"/><SP WIDTH="20" VPOS="1067" HPOS="415"/>
							<String ID="string_305" HPOS="435" VPOS="1066" WIDTH="66" HEIGHT="21" WC="0.92" CONTENT="rullar"/><SP WIDTH="18" VPOS="1066" HPOS="501"/>
							<String ID="string_306" HPOS="519" VPOS="1066" WIDTH="125" HEIGHT="21" WC="0.92" CONTENT="materielen"/><SP WIDTH="15" VPOS="1066" HPOS="644"/>
							<String ID="string_307" HPOS="659" VPOS="1066" WIDTH="7" HEIGHT="21" WC="0.96" CONTENT="i"/><SP WIDTH="17" VPOS="1066" HPOS="666"/>
							<String ID="string_308" HPOS="683" VPOS="1066" WIDTH="25" HEIGHT="21" WC="0.96" CONTENT="de"/><SP WIDTH="15" VPOS="1066" HPOS="708"/>
							<String ID="string_309" HPOS="723" VPOS="1065" WIDTH="64" HEIGHT="22" WC="0.96" CONTENT="flesta"/><SP WIDTH="16" VPOS="1065" HPOS="787"/>
							<String ID="string_310" HPOS="803" VPOS="1065" WIDTH="36" HEIGHT="22" WC="0.96" CONTENT="fall"/><SP WIDTH="15" VPOS="1065" HPOS="839"/>
							<String ID="string_311" HPOS="854" VPOS="1067" WIDTH="44" HEIGHT="20" WC="0.96" CONTENT="tom"/><SP WIDTH="16" VPOS="1067" HPOS="898"/>
							<String ID="string_312" HPOS="914" VPOS="1065" WIDTH="95" HEIGHT="25" WC="0.96" CONTENT="tillbaka."/>
						</TextLine>
						<TextLine ID="line_32" HPOS="179" VPOS="1094" WIDTH="829" HEIGHT="29">
							<String ID="string_313" HPOS="179" VPOS="1095" WIDTH="48" HEIGHT="20" WC="0.93" CONTENT="Den"/><SP WIDTH="16" VPOS="1095" HPOS="227"/>
							<String ID="string_314" HPOS="243" VPOS="1095" WIDTH="69" HEIGHT="22" WC="0.92" CONTENT="mäste"/><SP WIDTH="20" VPOS="1095" HPOS="312"/>
							<String ID="string_315" HPOS="332" VPOS="1095" WIDTH="83" HEIGHT="22" WC="0.92" CONTENT="säledes"/><SP WIDTH="15" VPOS="1095" HPOS="415"/>
							<String ID="string_316" HPOS="430" VPOS="1095" WIDTH="163" HEIGHT="28" WC="0.90" CONTENT="tillryggalägga"/><SP WIDTH="15" VPOS="1095" HPOS="593"/>
							<String ID="string_317" HPOS="608" VPOS="1094" WIDTH="79" HEIGHT="22" WC="0.91" CONTENT="dubbel"/><SP WIDTH="16" VPOS="1094" HPOS="687"/>
							<String ID="string_318" HPOS="703" VPOS="1095" WIDTH="119" HEIGHT="26" WC="0.92" CONTENT="vägalängd"/><SP WIDTH="15" VPOS="1095" HPOS="822"/>
							<String ID="string_319" HPOS="837" VPOS="1094" WIDTH="34" HEIGHT="21" WC="0.92" CONTENT="för"/><SP WIDTH="15" VPOS="1094" HPOS="871"/>
							<String ID="string_320" HPOS="886" VPOS="1094" WIDTH="46" HEIGHT="21" WC="0.93" CONTENT="half"/><SP WIDTH="14" VPOS="1094" HPOS="932"/>
							<String ID="string_321" HPOS="946" VPOS="1094" WIDTH="62" HEIGHT="21" WC="0.93" CONTENT="frakt."/>
						</TextLine>
						<TextLine ID="line_33" HPOS="179" VPOS="1123" WIDTH="831" HEIGHT="28">
							<String ID="string_322" HPOS="179" VPOS="1123" WIDTH="68" HEIGHT="22" WC="0.92" CONTENT="Deraf"/><SP WIDTH="14" VPOS="1123" HPOS="247"/>
							<String ID="string_323" HPOS="261" VPOS="1123" WIDTH="94" HEIGHT="27" WC="0.91" CONTENT="framgär"/><SP WIDTH="16" VPOS="1123" HPOS="355"/>
							<String ID="string_324" HPOS="371" VPOS="1124" WIDTH="100" HEIGHT="26" WC="0.92" CONTENT="temligen"/><SP WIDTH="15" VPOS="1124" HPOS="471"/>
							<String ID="string_325" HPOS="486" VPOS="1124" WIDTH="76" HEIGHT="27" WC="0.96" CONTENT="tydligt"/><SP WIDTH="15" VPOS="1124" HPOS="562"/>
							<String ID="string_326" HPOS="577" VPOS="1125" WIDTH="33" HEIGHT="20" WC="0.93" CONTENT="att"/><SP WIDTH="15" VPOS="1125" HPOS="610"/>
							<String ID="string_327" HPOS="625" VPOS="1123" WIDTH="181" HEIGHT="22" WC="0.92" CONTENT="trävarutrafiken"/><SP WIDTH="11" VPOS="1123" HPOS="806"/>
							<String ID="string_328" HPOS="817" VPOS="1123" WIDTH="46" HEIGHT="21" WC="0.92" CONTENT="icke"/><SP WIDTH="13" VPOS="1123" HPOS="863"/>
							<String ID="string_329" HPOS="876" VPOS="1125" WIDTH="24" HEIGHT="19" WC="0.97" CONTENT="är"/><SP WIDTH="10" VPOS="1125" HPOS="900"/>
							<String ID="string_330" HPOS="910" VPOS="1123" WIDTH="33" HEIGHT="21" WC="0.93" CONTENT="för"/><SP WIDTH="9" VPOS="1123" HPOS="943"/>
							<String ID="string_331" HPOS="952" VPOS="1123" WIDTH="58" HEIGHT="26" WC="0.92" CONTENT="jern-"/>
						</TextLine>
						<TextLine ID="line_34" HPOS="179" VPOS="1151" WIDTH="831" HEIGHT="28">
							<String ID="string_332" HPOS="179" VPOS="1153" WIDTH="69" HEIGHT="26" WC="0.92" CONTENT="vägen"/><SP WIDTH="24" VPOS="1153" HPOS="248"/>
							<String ID="string_333" HPOS="272" VPOS="1152" WIDTH="180" HEIGHT="27" WC="0.92" CONTENT="vinstbringande."/><SP WIDTH="34" VPOS="1152" HPOS="452"/>
							<String ID="string_334" HPOS="486" VPOS="1153" WIDTH="65" HEIGHT="21" WC="0.90" CONTENT="Detta"/><SP WIDTH="24" VPOS="1153" HPOS="551"/>
							<String ID="string_335" HPOS="575" VPOS="1152" WIDTH="142" HEIGHT="27" WC="0.88" CONTENT="ädagalägges"/><SP WIDTH="28" VPOS="1152" HPOS="717"/>
							<String ID="string_336" HPOS="745" VPOS="1151" WIDTH="66" HEIGHT="22" WC="0.87" CONTENT="ocksä"/><SP WIDTH="22" VPOS="1151" HPOS="811"/>
							<String ID="string_337" HPOS="833" VPOS="1151" WIDTH="23" HEIGHT="21" WC="0.90" CONTENT="af"/><SP WIDTH="24" VPOS="1151" HPOS="856"/>
							<String ID="string_338" HPOS="880" VPOS="1151" WIDTH="130" HEIGHT="22" WC="0.90" CONTENT="berättelsen"/>
						</TextLine>
						<TextLine ID="line_35" HPOS="179" VPOS="1180" WIDTH="832" HEIGHT="27">
							<String ID="string_339" HPOS="179" VPOS="1181" WIDTH="60" HEIGHT="21" WC="0.93" CONTENT="öfver"/><SP WIDTH="21" VPOS="1181" HPOS="239"/>
							<String ID="string_340" HPOS="260" VPOS="1181" WIDTH="153" HEIGHT="26" WC="0.87" CONTENT="jernvägarnas"/><SP WIDTH="24" VPOS="1181" HPOS="413"/>
							<String ID="string_341" HPOS="437" VPOS="1181" WIDTH="142" HEIGHT="21" WC="0.96" CONTENT="verksamhet."/><SP WIDTH="30" VPOS="1181" HPOS="579"/>
							<String ID="string_342" HPOS="609" VPOS="1181" WIDTH="47" HEIGHT="21" WC="0.93" CONTENT="Den"/><SP WIDTH="25" VPOS="1181" HPOS="656"/>
							<String ID="string_343" HPOS="681" VPOS="1180" WIDTH="94" HEIGHT="22" WC="0.93" CONTENT="inkomst"/><SP WIDTH="12" VPOS="1180" HPOS="775"/>
							<String ID="string_344" HPOS="787" VPOS="1180" WIDTH="145" HEIGHT="27" WC="0.92" CONTENT="jernvägarna"/><SP WIDTH="14" VPOS="1180" HPOS="932"/>
							<String ID="string_345" HPOS="946" VPOS="1180" WIDTH="65" HEIGHT="21" WC="0.93" CONTENT="hafva"/>
						</TextLine>
						<TextLine ID="line_36" HPOS="179" VPOS="1208" WIDTH="831" HEIGHT="29">
							<String ID="string_346" HPOS="179" VPOS="1208" WIDTH="90" HEIGHT="22" WC="0.96" CONTENT="skördat"/><SP WIDTH="21" VPOS="1208" HPOS="269"/>
							<String ID="string_347" HPOS="290" VPOS="1209" WIDTH="23" HEIGHT="21" WC="0.93" CONTENT="af"/><SP WIDTH="18" VPOS="1209" HPOS="313"/>
							<String ID="string_348" HPOS="331" VPOS="1209" WIDTH="177" HEIGHT="22" WC="0.92" CONTENT="trävarutrafiken"/><SP WIDTH="23" VPOS="1209" HPOS="508"/>
							<String ID="string_349" HPOS="531" VPOS="1209" WIDTH="58" HEIGHT="21" WC="0.94" CONTENT="visar"/><SP WIDTH="15" VPOS="1209" HPOS="589"/>
							<String ID="string_350" HPOS="604" VPOS="1209" WIDTH="123" HEIGHT="28" WC="0.96" CONTENT="visserligen"/><SP WIDTH="16" VPOS="1209" HPOS="727"/>
							<String ID="string_351" HPOS="743" VPOS="1215" WIDTH="26" HEIGHT="15" WC="0.97" CONTENT="en"/><SP WIDTH="16" VPOS="1215" HPOS="769"/>
							<String ID="string_352" HPOS="785" VPOS="1208" WIDTH="83" HEIGHT="28" WC="0.96" CONTENT="ganska"/><SP WIDTH="14" VPOS="1208" HPOS="868"/>
							<String ID="string_353" HPOS="882" VPOS="1210" WIDTH="46" HEIGHT="20" WC="0.92" CONTENT="stor"/><SP WIDTH="14" VPOS="1210" HPOS="928"/>
							<String ID="string_354" HPOS="942" VPOS="1208" WIDTH="68" HEIGHT="25" WC="0.94" CONTENT="siffra;"/>
						</TextLine>
						<TextLine ID="line_37" HPOS="179" VPOS="1237" WIDTH="831" HEIGHT="28">
							<String ID="string_355" HPOS="179" VPOS="1243" WIDTH="49" HEIGHT="16" WC="0.90" CONTENT="men"/><SP WIDTH="23" VPOS="1243" HPOS="228"/>
							<String ID="string_356" HPOS="251" VPOS="1238" WIDTH="95" HEIGHT="21" WC="0.96" CONTENT="inkomst"/><SP WIDTH="22" VPOS="1238" HPOS="346"/>
							<String ID="string_357" HPOS="368" VPOS="1240" WIDTH="24" HEIGHT="19" WC="0.93" CONTENT="är"/><SP WIDTH="21" VPOS="1240" HPOS="392"/>
							<String ID="string_358" HPOS="413" VPOS="1239" WIDTH="46" HEIGHT="20" WC="0.96" CONTENT="icke"/><SP WIDTH="21" VPOS="1239" HPOS="459"/>
							<String ID="string_359" HPOS="480" VPOS="1238" WIDTH="130" HEIGHT="27" WC="0.92" CONTENT="behållning."/><SP WIDTH="30" VPOS="1238" HPOS="610"/>
							<String ID="string_360" HPOS="640" VPOS="1237" WIDTH="67" HEIGHT="22" WC="0.75" CONTENT="Afven"/><SP WIDTH="23" VPOS="1237" HPOS="707"/>
							<String ID="string_361" HPOS="730" VPOS="1244" WIDTH="35" HEIGHT="15" WC="0.90" CONTENT="om"/><SP WIDTH="16" VPOS="1244" HPOS="765"/>
							<String ID="string_362" HPOS="781" VPOS="1237" WIDTH="147" HEIGHT="22" WC="0.96" CONTENT="inkomsterna"/><SP WIDTH="14" VPOS="1237" HPOS="928"/>
							<String ID="string_363" HPOS="942" VPOS="1239" WIDTH="27" HEIGHT="25" WC="0.96" CONTENT="pä"/><SP WIDTH="15" VPOS="1239" HPOS="969"/>
							<String ID="string_364" HPOS="984" VPOS="1237" WIDTH="26" HEIGHT="22" WC="0.96" CONTENT="de"/>
						</TextLine>
						<TextLine ID="line_38" HPOS="180" VPOS="1265" WIDTH="831" HEIGHT="29">
							<String ID="string_365" HPOS="180" VPOS="1272" WIDTH="76" HEIGHT="16" WC="0.91" CONTENT="senare"/><SP WIDTH="22" VPOS="1272" HPOS="256"/>
							<String ID="string_366" HPOS="278" VPOS="1267" WIDTH="52" HEIGHT="21" WC="0.95" CONTENT="åren"/><SP WIDTH="20" VPOS="1267" HPOS="330"/>
							<String ID="string_367" HPOS="350" VPOS="1267" WIDTH="45" HEIGHT="27" WC="0.96" CONTENT="just"/><SP WIDTH="22" VPOS="1267" HPOS="395"/>
							<String ID="string_368" HPOS="417" VPOS="1273" WIDTH="76" HEIGHT="21" WC="0.93" CONTENT="genom"/><SP WIDTH="19" VPOS="1273" HPOS="493"/>
							<String ID="string_369" HPOS="512" VPOS="1266" WIDTH="179" HEIGHT="22" WC="0.92" CONTENT="trävarutrafiken"/><SP WIDTH="14" VPOS="1266" HPOS="691"/>
							<String ID="string_370" HPOS="705" VPOS="1266" WIDTH="64" HEIGHT="22" WC="0.96" CONTENT="hafva"/><SP WIDTH="16" VPOS="1266" HPOS="769"/>
							<String ID="string_371" HPOS="785" VPOS="1266" WIDTH="106" HEIGHT="27" WC="0.93" CONTENT="betydligt"/><SP WIDTH="14" VPOS="1266" HPOS="891"/>
							<String ID="string_372" HPOS="905" VPOS="1266" WIDTH="65" HEIGHT="27" WC="0.96" CONTENT="stigit,"/><SP WIDTH="16" VPOS="1266" HPOS="970"/>
							<String ID="string_373" HPOS="986" VPOS="1265" WIDTH="25" HEIGHT="22" WC="0.96" CONTENT="sä"/>
						</TextLine>
						<TextLine ID="line_39" HPOS="180" VPOS="1294" WIDTH="831" HEIGHT="28">
							<String ID="string_374" HPOS="180" VPOS="1295" WIDTH="57" HEIGHT="21" WC="0.89" CONTENT="visar"/><SP WIDTH="22" VPOS="1295" HPOS="237"/>
							<String ID="string_375" HPOS="259" VPOS="1296" WIDTH="14" HEIGHT="21" WC="0.91" CONTENT="&amp;"/><SP WIDTH="19" VPOS="1296" HPOS="273"/>
							<String ID="string_376" HPOS="292" VPOS="1296" WIDTH="67" HEIGHT="21" WC="0.96" CONTENT="andra"/><SP WIDTH="14" VPOS="1296" HPOS="359"/>
							<String ID="string_377" HPOS="373" VPOS="1295" WIDTH="61" HEIGHT="22" WC="0.96" CONTENT="sidan"/><SP WIDTH="15" VPOS="1295" HPOS="434"/>
							<String ID="string_378" HPOS="449" VPOS="1302" WIDTH="81" HEIGHT="15" WC="0.93" CONTENT="samma"/><SP WIDTH="15" VPOS="1302" HPOS="530"/>
							<String ID="string_379" HPOS="545" VPOS="1295" WIDTH="116" HEIGHT="22" WC="0.93" CONTENT="berättelse"/><SP WIDTH="16" VPOS="1295" HPOS="661"/>
							<String ID="string_380" HPOS="677" VPOS="1297" WIDTH="32" HEIGHT="20" WC="0.93" CONTENT="att"/><SP WIDTH="15" VPOS="1297" HPOS="709"/>
							<String ID="string_381" HPOS="724" VPOS="1295" WIDTH="151" HEIGHT="26" WC="0.92" CONTENT="behällningen"/><SP WIDTH="15" VPOS="1295" HPOS="875"/>
							<String ID="string_382" HPOS="890" VPOS="1294" WIDTH="47" HEIGHT="21" WC="0.92" CONTENT="icke"/><SP WIDTH="15" VPOS="1294" HPOS="937"/>
							<String ID="string_383" HPOS="952" VPOS="1295" WIDTH="59" HEIGHT="27" WC="0.92" CONTENT="stigit"/>
						</TextLine>
						<TextLine ID="line_40" HPOS="179" VPOS="1323" WIDTH="831" HEIGHT="28">
							<String ID="string_384" HPOS="179" VPOS="1323" WIDTH="7" HEIGHT="21" WC="0.96" CONTENT="i"/><SP WIDTH="15" VPOS="1323" HPOS="186"/>
							<String ID="string_385" HPOS="201" VPOS="1329" WIDTH="83" HEIGHT="17" WC="0.93" CONTENT="samma"/><SP WIDTH="15" VPOS="1329" HPOS="284"/>
							<String ID="string_386" HPOS="299" VPOS="1325" WIDTH="132" HEIGHT="26" WC="0.92" CONTENT="proportion,"/><SP WIDTH="15" VPOS="1325" HPOS="431"/>
							<String ID="string_387" HPOS="446" VPOS="1326" WIDTH="51" HEIGHT="19" WC="0.93" CONTENT="utan"/><SP WIDTH="16" VPOS="1326" HPOS="497"/>
							<String ID="string_388" HPOS="513" VPOS="1325" WIDTH="100" HEIGHT="26" WC="0.93" CONTENT="tvärtom,"/><SP WIDTH="16" VPOS="1325" HPOS="613"/>
							<String ID="string_389" HPOS="629" VPOS="1324" WIDTH="128" HEIGHT="21" WC="0.91" CONTENT="ätminstone"/><SP WIDTH="17" VPOS="1324" HPOS="757"/>
							<String ID="string_390" HPOS="774" VPOS="1324" WIDTH="57" HEIGHT="21" WC="0.96" CONTENT="vissa"/><SP WIDTH="10" VPOS="1324" HPOS="831"/>
							<String ID="string_391" HPOS="841" VPOS="1323" WIDTH="29" HEIGHT="27" WC="0.93" CONTENT="är,"/><SP WIDTH="11" VPOS="1323" HPOS="870"/>
							<String ID="string_392" HPOS="881" VPOS="1323" WIDTH="47" HEIGHT="27" WC="0.92" CONTENT="gätt"/><SP WIDTH="11" VPOS="1323" HPOS="928"/>
							<String ID="string_393" HPOS="939" VPOS="1323" WIDTH="71" HEIGHT="22" WC="0.92" CONTENT="nedät."/>
						</TextLine>
						<TextLine ID="line_41" HPOS="178" VPOS="1351" WIDTH="833" HEIGHT="28">
							<String ID="string_394" HPOS="178" VPOS="1352" WIDTH="43" HEIGHT="27" WC="0.93" CONTENT="Jag"/><SP WIDTH="15" VPOS="1352" HPOS="221"/>
							<String ID="string_395" HPOS="236" VPOS="1355" WIDTH="47" HEIGHT="19" WC="0.93" CONTENT="tror"/><SP WIDTH="15" VPOS="1355" HPOS="283"/>
							<String ID="string_396" HPOS="298" VPOS="1353" WIDTH="83" HEIGHT="22" WC="0.89" CONTENT="derföre"/><SP WIDTH="14" VPOS="1353" HPOS="381"/>
							<String ID="string_397" HPOS="395" VPOS="1355" WIDTH="40" HEIGHT="23" WC="0.96" CONTENT="att,"/><SP WIDTH="16" VPOS="1355" HPOS="435"/>
							<String ID="string_398" HPOS="451" VPOS="1359" WIDTH="34" HEIGHT="15" WC="0.96" CONTENT="om"/><SP WIDTH="16" VPOS="1359" HPOS="485"/>
							<String ID="string_399" HPOS="501" VPOS="1359" WIDTH="49" HEIGHT="15" WC="0.93" CONTENT="man"/><SP WIDTH="16" VPOS="1359" HPOS="550"/>
							<String ID="string_400" HPOS="566" VPOS="1353" WIDTH="67" HEIGHT="21" WC="0.93" CONTENT="fäster"/><SP WIDTH="15" VPOS="1353" HPOS="633"/>
							<String ID="string_401" HPOS="648" VPOS="1353" WIDTH="99" HEIGHT="21" WC="0.92" CONTENT="afseende"/><SP WIDTH="11" VPOS="1353" HPOS="747"/>
							<String ID="string_402" HPOS="758" VPOS="1352" WIDTH="27" HEIGHT="27" WC="0.96" CONTENT="pä"/><SP WIDTH="12" VPOS="1352" HPOS="785"/>
							<String ID="string_403" HPOS="797" VPOS="1358" WIDTH="26" HEIGHT="15" WC="0.93" CONTENT="en"/><SP WIDTH="8" VPOS="1358" HPOS="823"/>
							<String ID="string_404" HPOS="831" VPOS="1351" WIDTH="101" HEIGHT="27" WC="0.92" CONTENT="jernvägs"/><SP WIDTH="9" VPOS="1351" HPOS="932"/>
							<String ID="string_405" HPOS="941" VPOS="1355" WIDTH="70" HEIGHT="18" WC="0.93" CONTENT="renta-"/>
						</TextLine>
						<TextLine ID="line_42" HPOS="179" VPOS="1380" WIDTH="833" HEIGHT="29">
							<String ID="string_406" HPOS="179" VPOS="1381" WIDTH="78" HEIGHT="26" WC="0.90" CONTENT="bilitet,"/><SP WIDTH="24" VPOS="1381" HPOS="257"/>
							<String ID="string_407" HPOS="281" VPOS="1387" WIDTH="49" HEIGHT="16" WC="0.93" CONTENT="man"/><SP WIDTH="22" VPOS="1387" HPOS="330"/>
							<String ID="string_408" HPOS="352" VPOS="1382" WIDTH="47" HEIGHT="21" WC="0.96" CONTENT="icke"/><SP WIDTH="16" VPOS="1382" HPOS="399"/>
							<String ID="string_409" HPOS="415" VPOS="1382" WIDTH="38" HEIGHT="21" WC="0.93" CONTENT="bör"/><SP WIDTH="15" VPOS="1382" HPOS="453"/>
							<String ID="string_410" HPOS="468" VPOS="1383" WIDTH="97" HEIGHT="26" WC="0.93" CONTENT="uppgöra"/><SP WIDTH="15" VPOS="1383" HPOS="565"/>
							<String ID="string_411" HPOS="580" VPOS="1381" WIDTH="67" HEIGHT="27" WC="0.95" CONTENT="några"/><SP WIDTH="16" VPOS="1381" HPOS="647"/>
							<String ID="string_412" HPOS="663" VPOS="1381" WIDTH="143" HEIGHT="26" WC="0.96" CONTENT="beräkningar"/><SP WIDTH="16" VPOS="1381" HPOS="806"/>
							<String ID="string_413" HPOS="822" VPOS="1381" WIDTH="29" HEIGHT="26" WC="0.96" CONTENT="pä"/><SP WIDTH="15" VPOS="1381" HPOS="851"/>
							<String ID="string_414" HPOS="866" VPOS="1380" WIDTH="68" HEIGHT="26" WC="0.96" CONTENT="grund"/><SP WIDTH="15" VPOS="1380" HPOS="934"/>
							<String ID="string_415" HPOS="949" VPOS="1381" WIDTH="22" HEIGHT="21" WC="0.96" CONTENT="af"/><SP WIDTH="14" VPOS="1381" HPOS="971"/>
							<String ID="string_416" HPOS="985" VPOS="1387" WIDTH="27" HEIGHT="16" WC="0.95" CONTENT="en"/>
						</TextLine>
						<TextLine ID="line_43" HPOS="179" VPOS="1409" WIDTH="832" HEIGHT="28">
							<String ID="string_417" HPOS="179" VPOS="1410" WIDTH="112" HEIGHT="26" WC="0.91" CONTENT="päräknad"/><SP WIDTH="23" VPOS="1410" HPOS="291"/>
							<String ID="string_418" HPOS="314" VPOS="1411" WIDTH="203" HEIGHT="26" WC="0.89" CONTENT="trävarutransport."/><SP WIDTH="29" VPOS="1411" HPOS="517"/>
							<String ID="string_419" HPOS="546" VPOS="1410" WIDTH="44" HEIGHT="21" WC="0.93" CONTENT="Det"/><SP WIDTH="20" VPOS="1410" HPOS="590"/>
							<String ID="string_420" HPOS="610" VPOS="1409" WIDTH="109" HEIGHT="22" WC="0.96" CONTENT="indirekta"/><SP WIDTH="14" VPOS="1409" HPOS="719"/>
							<String ID="string_421" HPOS="733" VPOS="1415" WIDTH="57" HEIGHT="21" WC="0.95" CONTENT="gagn"/><SP WIDTH="17" VPOS="1415" HPOS="790"/>
							<String ID="string_422" HPOS="807" VPOS="1415" WIDTH="26" HEIGHT="16" WC="0.93" CONTENT="en"/><SP WIDTH="13" VPOS="1415" HPOS="833"/>
							<String ID="string_423" HPOS="846" VPOS="1409" WIDTH="90" HEIGHT="27" WC="0.93" CONTENT="jernväg"/><SP WIDTH="14" VPOS="1409" HPOS="936"/>
							<String ID="string_424" HPOS="950" VPOS="1409" WIDTH="61" HEIGHT="22" WC="0.96" CONTENT="äfven"/>
						</TextLine>
						<TextLine ID="line_44" HPOS="178" VPOS="1437" WIDTH="834" HEIGHT="29">
							<String ID="string_425" HPOS="178" VPOS="1437" WIDTH="34" HEIGHT="22" WC="0.95" CONTENT="för"/><SP WIDTH="14" VPOS="1437" HPOS="212"/>
							<String ID="string_426" HPOS="226" VPOS="1438" WIDTH="71" HEIGHT="22" WC="0.96" CONTENT="denna"/><SP WIDTH="15" VPOS="1438" HPOS="297"/>
							<String ID="string_427" HPOS="312" VPOS="1440" WIDTH="110" HEIGHT="26" WC="0.96" CONTENT="transport"/><SP WIDTH="18" VPOS="1440" HPOS="422"/>
							<String ID="string_428" HPOS="440" VPOS="1439" WIDTH="82" HEIGHT="21" WC="0.96" CONTENT="medför"/><SP WIDTH="14" VPOS="1439" HPOS="522"/>
							<String ID="string_429" HPOS="536" VPOS="1445" WIDTH="77" HEIGHT="20" WC="0.96" CONTENT="genom"/><SP WIDTH="16" VPOS="1445" HPOS="613"/>
							<String ID="string_430" HPOS="629" VPOS="1439" WIDTH="41" HEIGHT="20" WC="0.96" CONTENT="den"/><SP WIDTH="15" VPOS="1439" HPOS="670"/>
							<String ID="string_431" HPOS="685" VPOS="1440" WIDTH="70" HEIGHT="20" WC="0.93" CONTENT="större"/><SP WIDTH="15" VPOS="1440" HPOS="755"/>
							<String ID="string_432" HPOS="770" VPOS="1437" WIDTH="186" HEIGHT="28" WC="0.92" CONTENT="begvämligheten"/><SP WIDTH="15" VPOS="1437" HPOS="956"/>
							<String ID="string_433" HPOS="971" VPOS="1437" WIDTH="41" HEIGHT="22" WC="0.96" CONTENT="och"/>
						</TextLine>
						<TextLine ID="line_45" HPOS="178" VPOS="1466" WIDTH="833" HEIGHT="28">
							<String ID="string_434" HPOS="178" VPOS="1467" WIDTH="131" HEIGHT="22" WC="0.92" CONTENT="säkerheten"/><SP WIDTH="21" VPOS="1467" HPOS="309"/>
							<String ID="string_435" HPOS="330" VPOS="1469" WIDTH="33" HEIGHT="20" WC="0.96" CONTENT="att"/><SP WIDTH="21" VPOS="1469" HPOS="363"/>
							<String ID="string_436" HPOS="384" VPOS="1467" WIDTH="7" HEIGHT="21" WC="0.96" CONTENT="i"/><SP WIDTH="22" VPOS="1467" HPOS="391"/>
							<String ID="string_437" HPOS="413" VPOS="1467" WIDTH="32" HEIGHT="22" WC="0.93" CONTENT="tid"/><SP WIDTH="22" VPOS="1467" HPOS="445"/>
							<String ID="string_438" HPOS="467" VPOS="1467" WIDTH="21" HEIGHT="22" WC="0.92" CONTENT="fä"/><SP WIDTH="18" VPOS="1467" HPOS="488"/>
							<String ID="string_439" HPOS="506" VPOS="1473" WIDTH="91" HEIGHT="16" WC="0.92" CONTENT="varorna"/><SP WIDTH="15" VPOS="1473" HPOS="597"/>
							<String ID="string_440" HPOS="612" VPOS="1467" WIDTH="61" HEIGHT="25" WC="0.96" CONTENT="fram,"/><SP WIDTH="16" VPOS="1467" HPOS="673"/>
							<String ID="string_441" HPOS="689" VPOS="1467" WIDTH="36" HEIGHT="21" WC="0.93" CONTENT="mä"/><SP WIDTH="15" VPOS="1467" HPOS="725"/>
							<String ID="string_442" HPOS="740" VPOS="1473" WIDTH="66" HEIGHT="21" WC="0.92" CONTENT="gerna"/><SP WIDTH="17" VPOS="1473" HPOS="806"/>
							<String ID="string_443" HPOS="823" VPOS="1467" WIDTH="35" HEIGHT="20" WC="0.93" CONTENT="stä"/><SP WIDTH="14" VPOS="1467" HPOS="858"/>
							<String ID="string_444" HPOS="872" VPOS="1472" WIDTH="60" HEIGHT="21" WC="0.91" CONTENT="gvar."/><SP WIDTH="30" VPOS="1472" HPOS="932"/>
							<String ID="string_445" HPOS="962" VPOS="1466" WIDTH="49" HEIGHT="21" WC="0.96" CONTENT="Men"/>
						</TextLine>
						<TextLine ID="line_46" HPOS="177" VPOS="1493" WIDTH="835" HEIGHT="29">
							<String ID="string_446" HPOS="177" VPOS="1494" WIDTH="37" HEIGHT="27" WC="0.93" CONTENT="jag"/><SP WIDTH="22" VPOS="1494" HPOS="214"/>
							<String ID="string_447" HPOS="236" VPOS="1497" WIDTH="47" HEIGHT="20" WC="0.92" CONTENT="tror"/><SP WIDTH="22" VPOS="1497" HPOS="283"/>
							<String ID="string_448" HPOS="305" VPOS="1496" WIDTH="54" HEIGHT="22" WC="0.96" CONTENT="dock"/><SP WIDTH="22" VPOS="1496" HPOS="359"/>
							<String ID="string_449" HPOS="381" VPOS="1498" WIDTH="40" HEIGHT="24" WC="0.93" CONTENT="att"/><SP WIDTH="16" VPOS="1498" HPOS="421"/>
							<String ID="string_450" HPOS="437" VPOS="1496" WIDTH="61" HEIGHT="21" WC="0.89" CONTENT="äfven"/><SP WIDTH="24" VPOS="1496" HPOS="498"/>
							<String ID="string_451" HPOS="522" VPOS="1495" WIDTH="70" HEIGHT="22" WC="0.93" CONTENT="denna"/><SP WIDTH="21" VPOS="1495" HPOS="592"/>
							<String ID="string_452" HPOS="613" VPOS="1494" WIDTH="158" HEIGHT="28" WC="0.92" CONTENT="omständighet"/><SP WIDTH="22" VPOS="1494" HPOS="771"/>
							<String ID="string_453" HPOS="793" VPOS="1494" WIDTH="48" HEIGHT="22" WC="0.90" CONTENT="icke"/><SP WIDTH="15" VPOS="1494" HPOS="841"/>
							<String ID="string_454" HPOS="856" VPOS="1494" WIDTH="40" HEIGHT="22" WC="0.93" CONTENT="bör"/><SP WIDTH="16" VPOS="1494" HPOS="896"/>
							<String ID="string_455" HPOS="912" VPOS="1496" WIDTH="53" HEIGHT="26" WC="0.93" CONTENT="väga"/><SP WIDTH="14" VPOS="1496" HPOS="965"/>
							<String ID="string_456" HPOS="979" VPOS="1493" WIDTH="33" HEIGHT="23" WC="0.96" CONTENT="för"/>
						</TextLine>
					</TextBlock>
				</ComposedBlock>
			</PrintSpace>
		</Page>
	</Layout>
</alto>
