<?xml version="1.0" encoding="UTF-8"?>
<alto xmlns="http://www.loc.gov/standards/alto/ns-v3#" xmlns:xlink="http://www.w3.org/1999/xlink" xmlns:xsi="http://www.w3.org/2001/XMLSchema-instance" xsi:schemaLocation="http://www.loc.gov/standards/alto/ns-v3# http://www.loc.gov/alto/v3/alto-3-0.xsd">
	<Description>
		<MeasurementUnit>pixel</MeasurementUnit>
		<sourceImageInformation>
			<fileName>/tmp/tess_cmg_cjau_input.PNG</fileName>
		</sourceImageInformation>
		<OCRProcessing ID="OCR_0">
			<ocrProcessingStep>
				<processingSoftware>
					<softwareName>tesseract 5.3.4</softwareName>
				</processingSoftware>
			</ocrProcessingStep>
		</OCRProcessing>
	</Description>
	<Layout>
		<Page WIDTH="1109" HEIGHT="1786" PHYSICAL_IMG_NR="0" ID="page_0">
			<PrintSpace HPOS="0" VPOS="0" WIDTH="1109" HEIGHT="1786">
				<ComposedBlock ID="cblock_0" HPOS="287" VPOS="103" WIDTH="625" HEIGHT="26">
					<TextBlock ID="block_0" HPOS="287" VPOS="103" WIDTH="625" HEIGHT="26">
						<TextLine ID="line_0" HPOS="287" VPOS="103" WIDTH="625" HEIGHT="26">
							<String ID="string_0" HPOS="287" VPOS="107" WIDTH="180" HEIGHT="22" WC="0.90" CONTENT="Borgareståndet"/><SP WIDTH="12" VPOS="107" HPOS="467"/>
							<String ID="string_1" HPOS="479" VPOS="109" WIDTH="55" HEIGHT="17" WC="0.96" CONTENT="1877."/><SP WIDTH="23" VPOS="109" HPOS="534"/>
							<String ID="string_2" HPOS="557" VPOS="109" WIDTH="15" HEIGHT="16" WC="0.96" CONTENT="8"/><SP WIDTH="12" VPOS="109" HPOS="572"/>
							<String ID="string_3" HPOS="584" VPOS="108" WIDTH="121" HEIGHT="17" WC="0.95" CONTENT="November."/><SP WIDTH="153" VPOS="108" HPOS="705"/>
							<String ID="string_4" HPOS="858" VPOS="103" WIDTH="54" HEIGHT="21" WC="0.96" CONTENT="1707"/>
						</TextLine>
					</TextBlock>
				</ComposedBlock>
				<GraphicalElement ID="cblock_1" HPOS="80" VPOS="133" WIDTH="833" HEIGHT="11"></GraphicalElement >
				<ComposedBlock ID="cblock_2" HPOS="80" VPOS="172" WIDTH="832" HEIGHT="60">
					<TextBlock ID="block_1" HPOS="80" VPOS="172" WIDTH="832" HEIGHT="60">
						<TextLine ID="line_1" HPOS="80" VPOS="172" WIDTH="832" HEIGHT="32">
							<String ID="string_5" HPOS="80" VPOS="177" WIDTH="47" HEIGHT="22" WC="0.96" CONTENT="icke"/><SP WIDTH="16" VPOS="177" HPOS="127"/>
							<String ID="string_6" HPOS="143" VPOS="176" WIDTH="40" HEIGHT="22" WC="0.96" CONTENT="här"/><SP WIDTH="15" VPOS="176" HPOS="183"/>
							<String ID="string_7" HPOS="198" VPOS="183" WIDTH="51" HEIGHT="15" WC="0.96" CONTENT="vara"/><SP WIDTH="21" VPOS="183" HPOS="249"/>
							<String ID="string_8" HPOS="270" VPOS="176" WIDTH="61" HEIGHT="28" WC="0.96" CONTENT="fråga"/><SP WIDTH="15" VPOS="176" HPOS="331"/>
							<String ID="string_9" HPOS="346" VPOS="183" WIDTH="35" HEIGHT="15" WC="0.96" CONTENT="om"/><SP WIDTH="20" VPOS="183" HPOS="381"/>
							<String ID="string_10" HPOS="401" VPOS="179" WIDTH="32" HEIGHT="19" WC="0.93" CONTENT="att"/><SP WIDTH="14" VPOS="179" HPOS="433"/>
							<String ID="string_11" HPOS="447" VPOS="177" WIDTH="99" HEIGHT="27" WC="0.91" CONTENT="återtaga"/><SP WIDTH="16" VPOS="177" HPOS="546"/>
							<String ID="string_12" HPOS="562" VPOS="176" WIDTH="117" HEIGHT="28" WC="0.96" CONTENT="någonting"/><SP WIDTH="15" VPOS="176" HPOS="679"/>
							<String ID="string_13" HPOS="694" VPOS="175" WIDTH="22" HEIGHT="22" WC="0.96" CONTENT="af"/><SP WIDTH="13" VPOS="175" HPOS="716"/>
							<String ID="string_14" HPOS="729" VPOS="178" WIDTH="33" HEIGHT="20" WC="0.96" CONTENT="ett"/><SP WIDTH="15" VPOS="178" HPOS="762"/>
							<String ID="string_15" HPOS="777" VPOS="176" WIDTH="75" HEIGHT="27" WC="0.96" CONTENT="anslag"/><SP WIDTH="12" VPOS="176" HPOS="852"/>
							<String ID="string_16" HPOS="864" VPOS="172" WIDTH="48" HEIGHT="26" WC="0.96" CONTENT="som"/>
						</TextLine>
						<TextLine ID="line_2" HPOS="80" VPOS="205" WIDTH="407" HEIGHT="27">
							<String ID="string_17" HPOS="80" VPOS="205" WIDTH="67" HEIGHT="22" WC="0.96" CONTENT="redan"/><SP WIDTH="16" VPOS="205" HPOS="147"/>
							<String ID="string_18" HPOS="163" VPOS="206" WIDTH="24" HEIGHT="20" WC="0.93" CONTENT="är"/><SP WIDTH="16" VPOS="206" HPOS="187"/>
							<String ID="string_19" HPOS="203" VPOS="205" WIDTH="102" HEIGHT="27" WC="0.92" CONTENT="beviljadt"/><SP WIDTH="15" VPOS="205" HPOS="305"/>
							<String ID="string_20" HPOS="320" VPOS="205" WIDTH="52" HEIGHT="22" WC="0.96" CONTENT="eller"/><SP WIDTH="15" VPOS="205" HPOS="372"/>
							<String ID="string_21" HPOS="387" VPOS="205" WIDTH="100" HEIGHT="22" WC="0.95" CONTENT="användt."/>
						</TextLine>
					</TextBlock>
				</ComposedBlock>
				<ComposedBlock ID="cblock_3" HPOS="74" VPOS="261" WIDTH="839" HEIGHT="1260">
					<TextBlock ID="block_2" HPOS="74" VPOS="261" WIDTH="839" HEIGHT="1260">
						<TextLine ID="line_3" HPOS="150" VPOS="261" WIDTH="762" HEIGHT="28">
							<String ID="string_22" HPOS="150" VPOS="262" WIDTH="57" HEIGHT="21" WC="0.96" CONTENT="Herr"/><SP WIDTH="40" VPOS="262" HPOS="207"/>
							<String ID="string_23" HPOS="247" VPOS="262" WIDTH="90" HEIGHT="27" WC="0.96" CONTENT="Nybom:"/><SP WIDTH="30" VPOS="262" HPOS="337"/>
							<String ID="string_24" HPOS="367" VPOS="262" WIDTH="51" HEIGHT="21" WC="0.95" CONTENT="Man"/><SP WIDTH="18" VPOS="262" HPOS="418"/>
							<String ID="string_25" HPOS="436" VPOS="261" WIDTH="40" HEIGHT="22" WC="0.95" CONTENT="har"/><SP WIDTH="15" VPOS="261" HPOS="476"/>
							<String ID="string_26" HPOS="491" VPOS="264" WIDTH="59" HEIGHT="20" WC="0.95" CONTENT="emot"/><SP WIDTH="14" VPOS="264" HPOS="550"/>
							<String ID="string_27" HPOS="564" VPOS="262" WIDTH="107" HEIGHT="22" WC="0.92" CONTENT="utskottet"/><SP WIDTH="15" VPOS="262" HPOS="671"/>
							<String ID="string_28" HPOS="686" VPOS="262" WIDTH="127" HEIGHT="22" WC="0.89" CONTENT="framkastat"/><SP WIDTH="16" VPOS="262" HPOS="813"/>
							<String ID="string_29" HPOS="829" VPOS="264" WIDTH="32" HEIGHT="20" WC="0.96" CONTENT="att"/><SP WIDTH="15" VPOS="264" HPOS="861"/>
							<String ID="string_30" HPOS="876" VPOS="262" WIDTH="36" HEIGHT="22" WC="0.96" CONTENT="det"/>
						</TextLine>
						<TextLine ID="line_4" HPOS="80" VPOS="290" WIDTH="833" HEIGHT="28">
							<String ID="string_31" HPOS="80" VPOS="291" WIDTH="48" HEIGHT="21" WC="0.96" CONTENT="icke"/><SP WIDTH="15" VPOS="291" HPOS="128"/>
							<String ID="string_32" HPOS="143" VPOS="290" WIDTH="68" HEIGHT="22" WC="0.96" CONTENT="skulle"/><SP WIDTH="23" VPOS="290" HPOS="211"/>
							<String ID="string_33" HPOS="234" VPOS="291" WIDTH="65" HEIGHT="21" WC="0.92" CONTENT="hafva"/><SP WIDTH="21" VPOS="291" HPOS="299"/>
							<String ID="string_34" HPOS="320" VPOS="290" WIDTH="86" HEIGHT="22" WC="0.92" CONTENT="förfarit"/><SP WIDTH="22" VPOS="290" HPOS="406"/>
							<String ID="string_35" HPOS="428" VPOS="291" WIDTH="76" HEIGHT="27" WC="0.96" CONTENT="riktigt"/><SP WIDTH="14" VPOS="291" HPOS="504"/>
							<String ID="string_36" HPOS="518" VPOS="291" WIDTH="7" HEIGHT="21" WC="0.96" CONTENT="i"/><SP WIDTH="16" VPOS="291" HPOS="525"/>
							<String ID="string_37" HPOS="541" VPOS="291" WIDTH="61" HEIGHT="21" WC="0.96" CONTENT="detta"/><SP WIDTH="14" VPOS="291" HPOS="602"/>
							<String ID="string_38" HPOS="616" VPOS="291" WIDTH="85" HEIGHT="21" WC="0.96" CONTENT="ärende."/><SP WIDTH="30" VPOS="291" HPOS="701"/>
							<String ID="string_39" HPOS="731" VPOS="291" WIDTH="50" HEIGHT="21" WC="0.96" CONTENT="Med"/><SP WIDTH="16" VPOS="291" HPOS="781"/>
							<String ID="string_40" HPOS="797" VPOS="291" WIDTH="116" HEIGHT="27" WC="0.96" CONTENT="anledning"/>
						</TextLine>
						<TextLine ID="line_5" HPOS="80" VPOS="319" WIDTH="832" HEIGHT="27">
							<String ID="string_41" HPOS="80" VPOS="319" WIDTH="24" HEIGHT="21" WC="0.96" CONTENT="af"/><SP WIDTH="14" VPOS="319" HPOS="104"/>
							<String ID="string_42" HPOS="118" VPOS="319" WIDTH="60" HEIGHT="21" WC="0.96" CONTENT="detta"/><SP WIDTH="15" VPOS="319" HPOS="178"/>
							<String ID="string_43" HPOS="193" VPOS="319" WIDTH="116" HEIGHT="27" WC="0.96" CONTENT="påstående"/><SP WIDTH="15" VPOS="319" HPOS="309"/>
							<String ID="string_44" HPOS="324" VPOS="319" WIDTH="39" HEIGHT="21" WC="0.96" CONTENT="ber"/><SP WIDTH="18" VPOS="319" HPOS="363"/>
							<String ID="string_45" HPOS="381" VPOS="319" WIDTH="38" HEIGHT="27" WC="0.96" CONTENT="jag"/><SP WIDTH="16" VPOS="319" HPOS="419"/>
							<String ID="string_46" HPOS="435" VPOS="322" WIDTH="32" HEIGHT="18" WC="0.95" CONTENT="att"/><SP WIDTH="16" VPOS="322" HPOS="467"/>
							<String ID="string_47" HPOS="483" VPOS="320" WIDTH="27" HEIGHT="20" WC="0.96" CONTENT="de"/><SP WIDTH="15" VPOS="320" HPOS="510"/>
							<String ID="string_48" HPOS="525" VPOS="320" WIDTH="65" HEIGHT="21" WC="0.93" CONTENT="ärade"/><SP WIDTH="16" VPOS="320" HPOS="590"/>
							<String ID="string_49" HPOS="606" VPOS="320" WIDTH="165" HEIGHT="21" WC="0.91" CONTENT="medlemmarne"/><SP WIDTH="16" VPOS="320" HPOS="771"/>
							<String ID="string_50" HPOS="787" VPOS="320" WIDTH="21" HEIGHT="21" WC="0.93" CONTENT="af"/><SP WIDTH="14" VPOS="320" HPOS="808"/>
							<String ID="string_51" HPOS="822" VPOS="319" WIDTH="90" HEIGHT="22" WC="0.92" CONTENT="Ståndet"/>
						</TextLine>
						<TextLine ID="line_6" HPOS="78" VPOS="348" WIDTH="834" HEIGHT="27">
							<String ID="string_52" HPOS="78" VPOS="348" WIDTH="92" HEIGHT="26" WC="0.92" CONTENT="jemföra"/><SP WIDTH="22" VPOS="348" HPOS="170"/>
							<String ID="string_53" HPOS="192" VPOS="348" WIDTH="144" HEIGHT="27" WC="0.96" CONTENT="Regeringens"/><SP WIDTH="22" VPOS="348" HPOS="336"/>
							<String ID="string_54" HPOS="358" VPOS="348" WIDTH="133" HEIGHT="27" WC="0.96" CONTENT="proposition"/><SP WIDTH="17" VPOS="348" HPOS="491"/>
							<String ID="string_55" HPOS="508" VPOS="348" WIDTH="6" HEIGHT="22" WC="0.96" CONTENT="i"/><SP WIDTH="16" VPOS="348" HPOS="514"/>
							<String ID="string_56" HPOS="530" VPOS="350" WIDTH="73" HEIGHT="19" WC="0.96" CONTENT="ämnet"/><SP WIDTH="22" VPOS="350" HPOS="603"/>
							<String ID="string_57" HPOS="625" VPOS="348" WIDTH="49" HEIGHT="22" WC="0.96" CONTENT="med"/><SP WIDTH="23" VPOS="348" HPOS="674"/>
							<String ID="string_58" HPOS="697" VPOS="348" WIDTH="116" HEIGHT="22" WC="0.93" CONTENT="utskottets"/><SP WIDTH="23" VPOS="348" HPOS="813"/>
							<String ID="string_59" HPOS="836" VPOS="348" WIDTH="76" HEIGHT="21" WC="0.91" CONTENT="betän-"/>
						</TextLine>
						<TextLine ID="line_7" HPOS="81" VPOS="376" WIDTH="831" HEIGHT="22">
							<String ID="string_60" HPOS="81" VPOS="376" WIDTH="75" HEIGHT="22" WC="0.96" CONTENT="kande."/><SP WIDTH="31" VPOS="376" HPOS="156"/>
							<String ID="string_61" HPOS="187" VPOS="376" WIDTH="42" HEIGHT="22" WC="0.96" CONTENT="Det"/><SP WIDTH="16" VPOS="376" HPOS="229"/>
							<String ID="string_62" HPOS="245" VPOS="376" WIDTH="54" HEIGHT="22" WC="0.96" CONTENT="skall"/><SP WIDTH="23" VPOS="376" HPOS="299"/>
							<String ID="string_63" HPOS="322" VPOS="376" WIDTH="27" HEIGHT="22" WC="0.95" CONTENT="då"/><SP WIDTH="18" VPOS="376" HPOS="349"/>
							<String ID="string_64" HPOS="367" VPOS="376" WIDTH="65" HEIGHT="21" WC="0.91" CONTENT="blitva"/><SP WIDTH="16" VPOS="376" HPOS="432"/>
							<String ID="string_65" HPOS="448" VPOS="376" WIDTH="57" HEIGHT="22" WC="0.96" CONTENT="klart"/><SP WIDTH="15" VPOS="376" HPOS="505"/>
							<String ID="string_66" HPOS="520" VPOS="377" WIDTH="34" HEIGHT="21" WC="0.93" CONTENT="för"/><SP WIDTH="15" VPOS="377" HPOS="554"/>
							<String ID="string_67" HPOS="569" VPOS="376" WIDTH="80" HEIGHT="22" WC="0.92" CONTENT="enhvar"/><SP WIDTH="15" VPOS="376" HPOS="649"/>
							<String ID="string_68" HPOS="664" VPOS="378" WIDTH="33" HEIGHT="20" WC="0.96" CONTENT="att"/><SP WIDTH="14" VPOS="378" HPOS="697"/>
							<String ID="string_69" HPOS="711" VPOS="376" WIDTH="82" HEIGHT="22" WC="0.96" CONTENT="formen"/><SP WIDTH="16" VPOS="376" HPOS="793"/>
							<String ID="string_70" HPOS="809" VPOS="379" WIDTH="24" HEIGHT="19" WC="0.93" CONTENT="är"/><SP WIDTH="15" VPOS="379" HPOS="833"/>
							<String ID="string_71" HPOS="848" VPOS="376" WIDTH="64" HEIGHT="22" WC="0.91" CONTENT="abso-"/>
						</TextLine>
						<TextLine ID="line_8" HPOS="81" VPOS="404" WIDTH="831" HEIGHT="28">
							<String ID="string_72" HPOS="81" VPOS="405" WIDTH="33" HEIGHT="21" WC="0.83" CONTENT="lut"/><SP WIDTH="22" VPOS="405" HPOS="114"/>
							<String ID="string_73" HPOS="136" VPOS="405" WIDTH="128" HEIGHT="21" WC="0.93" CONTENT="densamma."/><SP WIDTH="30" VPOS="405" HPOS="264"/>
							<String ID="string_74" HPOS="294" VPOS="405" WIDTH="145" HEIGHT="27" WC="0.96" CONTENT="Regeringens"/><SP WIDTH="23" VPOS="405" HPOS="439"/>
							<String ID="string_75" HPOS="462" VPOS="405" WIDTH="134" HEIGHT="27" WC="0.93" CONTENT="proposition"/><SP WIDTH="17" VPOS="405" HPOS="596"/>
							<String ID="string_76" HPOS="613" VPOS="404" WIDTH="123" HEIGHT="22" WC="0.75" CONTENT="framhåller"/><SP WIDTH="16" VPOS="404" HPOS="736"/>
							<String ID="string_77" HPOS="752" VPOS="405" WIDTH="55" HEIGHT="22" WC="0.96" CONTENT="först"/><SP WIDTH="21" VPOS="405" HPOS="807"/>
							<String ID="string_78" HPOS="828" VPOS="405" WIDTH="43" HEIGHT="22" WC="0.97" CONTENT="alla"/><SP WIDTH="15" VPOS="405" HPOS="871"/>
							<String ID="string_79" HPOS="886" VPOS="404" WIDTH="26" HEIGHT="22" WC="0.96" CONTENT="de"/>
						</TextLine>
						<TextLine ID="line_9" HPOS="80" VPOS="433" WIDTH="831" HEIGHT="28">
							<String ID="string_80" HPOS="80" VPOS="433" WIDTH="66" HEIGHT="22" WC="0.91" CONTENT="behof"/><SP WIDTH="14" VPOS="433" HPOS="146"/>
							<String ID="string_81" HPOS="160" VPOS="440" WIDTH="47" HEIGHT="15" WC="0.96" CONTENT="som"/><SP WIDTH="16" VPOS="440" HPOS="207"/>
							<String ID="string_82" HPOS="223" VPOS="434" WIDTH="66" HEIGHT="21" WC="0.93" CONTENT="borde"/><SP WIDTH="16" VPOS="434" HPOS="289"/>
							<String ID="string_83" HPOS="305" VPOS="434" WIDTH="124" HEIGHT="27" WC="0.92" CONTENT="tillgodoses"/><SP WIDTH="21" VPOS="434" HPOS="429"/>
							<String ID="string_84" HPOS="450" VPOS="434" WIDTH="39" HEIGHT="21" WC="0.96" CONTENT="och"/><SP WIDTH="16" VPOS="434" HPOS="489"/>
							<String ID="string_85" HPOS="505" VPOS="434" WIDTH="25" HEIGHT="21" WC="0.93" CONTENT="af"/><SP WIDTH="13" VPOS="434" HPOS="530"/>
							<String ID="string_86" HPOS="543" VPOS="434" WIDTH="121" HEIGHT="22" WC="0.92" CONTENT="Ständerna"/><SP WIDTH="14" VPOS="434" HPOS="664"/>
							<String ID="string_87" HPOS="678" VPOS="434" WIDTH="132" HEIGHT="26" WC="0.92" CONTENT="godkännas."/><SP WIDTH="30" VPOS="434" HPOS="810"/>
							<String ID="string_88" HPOS="840" VPOS="434" WIDTH="71" HEIGHT="22" WC="0.96" CONTENT="Sedan"/>
						</TextLine>
						<TextLine ID="line_10" HPOS="80" VPOS="462" WIDTH="831" HEIGHT="28">
							<String ID="string_89" HPOS="80" VPOS="463" WIDTH="41" HEIGHT="20" WC="0.93" CONTENT="den"/><SP WIDTH="17" VPOS="463" HPOS="121"/>
							<String ID="string_90" HPOS="138" VPOS="462" WIDTH="89" HEIGHT="22" WC="0.92" CONTENT="sälunda"/><SP WIDTH="14" VPOS="462" HPOS="227"/>
							<String ID="string_91" HPOS="241" VPOS="462" WIDTH="90" HEIGHT="22" WC="0.96" CONTENT="kommit"/><SP WIDTH="15" VPOS="462" HPOS="331"/>
							<String ID="string_92" HPOS="346" VPOS="462" WIDTH="32" HEIGHT="22" WC="0.96" CONTENT="till"/><SP WIDTH="16" VPOS="462" HPOS="378"/>
							<String ID="string_93" HPOS="394" VPOS="468" WIDTH="25" HEIGHT="16" WC="0.94" CONTENT="en"/><SP WIDTH="16" VPOS="468" HPOS="419"/>
							<String ID="string_94" HPOS="435" VPOS="468" WIDTH="84" HEIGHT="16" WC="0.93" CONTENT="summa"/><SP WIDTH="15" VPOS="468" HPOS="519"/>
							<String ID="string_95" HPOS="534" VPOS="462" WIDTH="101" HEIGHT="28" WC="0.93" CONTENT="afdrager"/><SP WIDTH="15" VPOS="462" HPOS="635"/>
							<String ID="string_96" HPOS="650" VPOS="463" WIDTH="40" HEIGHT="21" WC="0.93" CONTENT="den"/><SP WIDTH="10" VPOS="463" HPOS="690"/>
							<String ID="string_97" HPOS="700" VPOS="462" WIDTH="91" HEIGHT="22" WC="0.92" CONTENT="derifrän"/><SP WIDTH="10" VPOS="462" HPOS="791"/>
							<String ID="string_98" HPOS="801" VPOS="463" WIDTH="36" HEIGHT="21" WC="0.96" CONTENT="det"/><SP WIDTH="9" VPOS="463" HPOS="837"/>
							<String ID="string_99" HPOS="846" VPOS="462" WIDTH="65" HEIGHT="22" WC="0.97" CONTENT="redan"/>
						</TextLine>
						<TextLine ID="line_11" HPOS="80" VPOS="490" WIDTH="831" HEIGHT="29">
							<String ID="string_100" HPOS="80" VPOS="491" WIDTH="59" HEIGHT="21" WC="0.96" CONTENT="förut"/><SP WIDTH="22" VPOS="491" HPOS="139"/>
							<String ID="string_101" HPOS="161" VPOS="490" WIDTH="32" HEIGHT="22" WC="0.96" CONTENT="för"/><SP WIDTH="23" VPOS="490" HPOS="193"/>
							<String ID="string_102" HPOS="216" VPOS="497" WIDTH="81" HEIGHT="15" WC="0.91" CONTENT="samma"/><SP WIDTH="22" VPOS="497" HPOS="297"/>
							<String ID="string_103" HPOS="319" VPOS="491" WIDTH="100" HEIGHT="21" WC="0.95" CONTENT="ändamål"/><SP WIDTH="22" VPOS="491" HPOS="419"/>
							<String ID="string_104" HPOS="441" VPOS="491" WIDTH="105" HEIGHT="28" WC="0.96" CONTENT="beviljade"/><SP WIDTH="23" VPOS="491" HPOS="546"/>
							<String ID="string_105" HPOS="569" VPOS="492" WIDTH="97" HEIGHT="26" WC="0.96" CONTENT="anslaget"/><SP WIDTH="15" VPOS="492" HPOS="666"/>
							<String ID="string_106" HPOS="681" VPOS="491" WIDTH="22" HEIGHT="21" WC="0.96" CONTENT="af"/><SP WIDTH="14" VPOS="491" HPOS="703"/>
							<String ID="string_107" HPOS="717" VPOS="498" WIDTH="26" HEIGHT="14" WC="0.96" CONTENT="en"/><SP WIDTH="16" VPOS="498" HPOS="743"/>
							<String ID="string_108" HPOS="759" VPOS="491" WIDTH="74" HEIGHT="27" WC="0.96" CONTENT="miljon"/><SP WIDTH="16" VPOS="491" HPOS="833"/>
							<String ID="string_109" HPOS="849" VPOS="491" WIDTH="62" HEIGHT="21" WC="0.96" CONTENT="mark"/>
						</TextLine>
						<TextLine ID="line_12" HPOS="80" VPOS="519" WIDTH="831" HEIGHT="28">
							<String ID="string_110" HPOS="80" VPOS="519" WIDTH="41" HEIGHT="22" WC="0.92" CONTENT="och"/><SP WIDTH="16" VPOS="519" HPOS="121"/>
							<String ID="string_111" HPOS="137" VPOS="519" WIDTH="90" HEIGHT="22" WC="0.91" CONTENT="föreslär"/><SP WIDTH="15" VPOS="519" HPOS="227"/>
							<String ID="string_112" HPOS="242" VPOS="520" WIDTH="65" HEIGHT="21" WC="0.96" CONTENT="sedan"/><SP WIDTH="16" VPOS="520" HPOS="307"/>
							<String ID="string_113" HPOS="323" VPOS="522" WIDTH="32" HEIGHT="19" WC="0.93" CONTENT="att"/><SP WIDTH="15" VPOS="522" HPOS="355"/>
							<String ID="string_114" HPOS="370" VPOS="520" WIDTH="123" HEIGHT="21" WC="0.93" CONTENT="äterstoden"/><SP WIDTH="17" VPOS="520" HPOS="493"/>
							<String ID="string_115" HPOS="510" VPOS="520" WIDTH="55" HEIGHT="22" WC="0.97" CONTENT="skall"/><SP WIDTH="16" VPOS="520" HPOS="565"/>
							<String ID="string_116" HPOS="581" VPOS="520" WIDTH="24" HEIGHT="21" WC="0.93" CONTENT="af"/><SP WIDTH="14" VPOS="520" HPOS="605"/>
							<String ID="string_117" HPOS="619" VPOS="520" WIDTH="118" HEIGHT="22" WC="0.92" CONTENT="Ständerna"/><SP WIDTH="16" VPOS="520" HPOS="737"/>
							<String ID="string_118" HPOS="753" VPOS="520" WIDTH="95" HEIGHT="27" WC="0.93" CONTENT="beviljas."/><SP WIDTH="18" VPOS="520" HPOS="848"/>
							<String ID="string_119" HPOS="866" VPOS="519" WIDTH="45" HEIGHT="22" WC="0.87" CONTENT="All-"/>
						</TextLine>
						<TextLine ID="line_13" HPOS="80" VPOS="548" WIDTH="831" HEIGHT="28">
							<String ID="string_120" HPOS="80" VPOS="548" WIDTH="58" HEIGHT="23" WC="0.92" CONTENT="deles"/><SP WIDTH="15" VPOS="548" HPOS="138"/>
							<String ID="string_121" HPOS="153" VPOS="549" WIDTH="28" HEIGHT="26" WC="0.96" CONTENT="pä"/><SP WIDTH="15" VPOS="549" HPOS="181"/>
							<String ID="string_122" HPOS="196" VPOS="554" WIDTH="81" HEIGHT="16" WC="0.96" CONTENT="samma"/><SP WIDTH="15" VPOS="554" HPOS="277"/>
							<String ID="string_123" HPOS="292" VPOS="550" WIDTH="43" HEIGHT="20" WC="0.96" CONTENT="sätt"/><SP WIDTH="15" VPOS="550" HPOS="335"/>
							<String ID="string_124" HPOS="350" VPOS="548" WIDTH="39" HEIGHT="21" WC="0.93" CONTENT="har"/><SP WIDTH="15" VPOS="548" HPOS="389"/>
							<String ID="string_125" HPOS="404" VPOS="548" WIDTH="108" HEIGHT="23" WC="0.93" CONTENT="utskottet"/><SP WIDTH="14" VPOS="548" HPOS="512"/>
							<String ID="string_126" HPOS="526" VPOS="548" WIDTH="89" HEIGHT="22" WC="0.90" CONTENT="förfarit."/><SP WIDTH="31" VPOS="548" HPOS="615"/>
							<String ID="string_127" HPOS="646" VPOS="548" WIDTH="42" HEIGHT="22" WC="0.96" CONTENT="Det"/><SP WIDTH="15" VPOS="548" HPOS="688"/>
							<String ID="string_128" HPOS="703" VPOS="548" WIDTH="46" HEIGHT="27" WC="0.93" CONTENT="har,"/><SP WIDTH="12" VPOS="548" HPOS="749"/>
							<String ID="string_129" HPOS="761" VPOS="548" WIDTH="150" HEIGHT="28" WC="0.92" CONTENT="uppställande"/>
						</TextLine>
						<TextLine ID="line_14" HPOS="80" VPOS="577" WIDTH="830" HEIGHT="27">
							<String ID="string_130" HPOS="80" VPOS="577" WIDTH="27" HEIGHT="21" WC="0.93" CONTENT="de"/><SP WIDTH="15" VPOS="577" HPOS="107"/>
							<String ID="string_131" HPOS="122" VPOS="577" WIDTH="78" HEIGHT="27" WC="0.93" CONTENT="nödiga"/><SP WIDTH="22" VPOS="577" HPOS="200"/>
							<String ID="string_132" HPOS="222" VPOS="577" WIDTH="112" HEIGHT="23" WC="0.92" CONTENT="behofven,"/><SP WIDTH="21" VPOS="577" HPOS="334"/>
							<String ID="string_133" HPOS="355" VPOS="577" WIDTH="91" HEIGHT="21" WC="0.96" CONTENT="kommit"/><SP WIDTH="22" VPOS="577" HPOS="446"/>
							<String ID="string_134" HPOS="468" VPOS="577" WIDTH="34" HEIGHT="21" WC="0.96" CONTENT="till"/><SP WIDTH="23" VPOS="577" HPOS="502"/>
							<String ID="string_135" HPOS="525" VPOS="584" WIDTH="25" HEIGHT="15" WC="0.95" CONTENT="en"/><SP WIDTH="25" VPOS="584" HPOS="550"/>
							<String ID="string_136" HPOS="575" VPOS="584" WIDTH="82" HEIGHT="14" WC="0.96" CONTENT="summa"/><SP WIDTH="20" VPOS="584" HPOS="657"/>
							<String ID="string_137" HPOS="677" VPOS="577" WIDTH="24" HEIGHT="21" WC="0.93" CONTENT="af"/><SP WIDTH="16" VPOS="577" HPOS="701"/>
							<String ID="string_138" HPOS="717" VPOS="578" WIDTH="111" HEIGHT="23" WC="0.89" CONTENT="1,557,700"/><SP WIDTH="16" VPOS="578" HPOS="828"/>
							<String ID="string_139" HPOS="844" VPOS="577" WIDTH="66" HEIGHT="21" WC="0.96" CONTENT="mark."/>
						</TextLine>
						<TextLine ID="line_15" HPOS="80" VPOS="605" WIDTH="830" HEIGHT="28">
							<String ID="string_140" HPOS="80" VPOS="606" WIDTH="100" HEIGHT="21" WC="0.89" CONTENT="Derifrän"/><SP WIDTH="23" VPOS="606" HPOS="180"/>
							<String ID="string_141" HPOS="203" VPOS="605" WIDTH="98" HEIGHT="27" WC="0.89" CONTENT="afdrages"/><SP WIDTH="23" VPOS="605" HPOS="301"/>
							<String ID="string_142" HPOS="324" VPOS="606" WIDTH="41" HEIGHT="21" WC="0.93" CONTENT="den"/><SP WIDTH="23" VPOS="606" HPOS="365"/>
							<String ID="string_143" HPOS="388" VPOS="606" WIDTH="57" HEIGHT="21" WC="0.92" CONTENT="förut"/><SP WIDTH="16" VPOS="606" HPOS="445"/>
							<String ID="string_144" HPOS="461" VPOS="605" WIDTH="106" HEIGHT="28" WC="0.92" CONTENT="beviljade"/><SP WIDTH="16" VPOS="605" HPOS="567"/>
							<String ID="string_145" HPOS="583" VPOS="606" WIDTH="111" HEIGHT="27" WC="0.91" CONTENT="miljonen;"/><SP WIDTH="17" VPOS="606" HPOS="694"/>
							<String ID="string_146" HPOS="711" VPOS="606" WIDTH="92" HEIGHT="21" WC="0.90" CONTENT="äterstär"/><SP WIDTH="14" VPOS="606" HPOS="803"/>
							<String ID="string_147" HPOS="817" VPOS="606" WIDTH="93" HEIGHT="25" WC="0.92" CONTENT="557,700"/>
						</TextLine>
						<TextLine ID="line_16" HPOS="80" VPOS="634" WIDTH="830" HEIGHT="28">
							<String ID="string_148" HPOS="80" VPOS="634" WIDTH="67" HEIGHT="26" WC="0.95" CONTENT="mark,"/><SP WIDTH="17" VPOS="634" HPOS="147"/>
							<String ID="string_149" HPOS="164" VPOS="640" WIDTH="45" HEIGHT="16" WC="0.96" CONTENT="som"/><SP WIDTH="16" VPOS="640" HPOS="209"/>
							<String ID="string_150" HPOS="225" VPOS="641" WIDTH="28" HEIGHT="15" WC="0.93" CONTENT="nu"/><SP WIDTH="15" VPOS="641" HPOS="253"/>
							<String ID="string_151" HPOS="268" VPOS="634" WIDTH="88" HEIGHT="22" WC="0.93" CONTENT="föresläs"/><SP WIDTH="15" VPOS="634" HPOS="356"/>
							<String ID="string_152" HPOS="371" VPOS="637" WIDTH="33" HEIGHT="19" WC="0.93" CONTENT="att"/><SP WIDTH="16" VPOS="637" HPOS="404"/>
							<String ID="string_153" HPOS="420" VPOS="636" WIDTH="91" HEIGHT="20" WC="0.92" CONTENT="voteras."/><SP WIDTH="29" VPOS="636" HPOS="511"/>
							<String ID="string_154" HPOS="540" VPOS="634" WIDTH="41" HEIGHT="27" WC="0.96" CONTENT="Jag"/><SP WIDTH="15" VPOS="634" HPOS="581"/>
							<String ID="string_155" HPOS="596" VPOS="635" WIDTH="39" HEIGHT="21" WC="0.95" CONTENT="ber"/><SP WIDTH="14" VPOS="635" HPOS="635"/>
							<String ID="string_156" HPOS="649" VPOS="636" WIDTH="34" HEIGHT="20" WC="0.93" CONTENT="att"/><SP WIDTH="14" VPOS="636" HPOS="683"/>
							<String ID="string_157" HPOS="697" VPOS="634" WIDTH="22" HEIGHT="22" WC="0.92" CONTENT="fä"/><SP WIDTH="12" VPOS="634" HPOS="719"/>
							<String ID="string_158" HPOS="731" VPOS="634" WIDTH="54" HEIGHT="22" WC="0.92" CONTENT="fästa"/><SP WIDTH="10" VPOS="634" HPOS="785"/>
							<String ID="string_159" HPOS="795" VPOS="634" WIDTH="115" HEIGHT="28" WC="0.92" CONTENT="uppmärk-"/>
						</TextLine>
						<TextLine ID="line_17" HPOS="79" VPOS="663" WIDTH="831" HEIGHT="27">
							<String ID="string_160" HPOS="79" VPOS="663" WIDTH="111" HEIGHT="21" WC="0.91" CONTENT="samheten"/><SP WIDTH="16" VPOS="663" HPOS="190"/>
							<String ID="string_161" HPOS="206" VPOS="663" WIDTH="34" HEIGHT="21" WC="0.96" CONTENT="vid"/><SP WIDTH="16" VPOS="663" HPOS="240"/>
							<String ID="string_162" HPOS="256" VPOS="665" WIDTH="32" HEIGHT="19" WC="0.93" CONTENT="att"/><SP WIDTH="15" VPOS="665" HPOS="288"/>
							<String ID="string_163" HPOS="303" VPOS="664" WIDTH="106" HEIGHT="20" WC="0.93" CONTENT="utskottet"/><SP WIDTH="14" VPOS="664" HPOS="409"/>
							<String ID="string_164" HPOS="423" VPOS="663" WIDTH="117" HEIGHT="27" WC="0.92" CONTENT="ingalunda"/><SP WIDTH="16" VPOS="663" HPOS="540"/>
							<String ID="string_165" HPOS="556" VPOS="663" WIDTH="89" HEIGHT="22" WC="0.93" CONTENT="föreslär"/><SP WIDTH="16" VPOS="663" HPOS="645"/>
							<String ID="string_166" HPOS="661" VPOS="665" WIDTH="32" HEIGHT="19" WC="0.93" CONTENT="att"/><SP WIDTH="15" VPOS="665" HPOS="693"/>
							<String ID="string_167" HPOS="708" VPOS="663" WIDTH="78" HEIGHT="27" WC="0.93" CONTENT="bevilja"/><SP WIDTH="14" VPOS="663" HPOS="786"/>
							<String ID="string_168" HPOS="800" VPOS="663" WIDTH="110" HEIGHT="26" WC="0.91" CONTENT="1,557,700"/>
						</TextLine>
						<TextLine ID="line_18" HPOS="80" VPOS="691" WIDTH="830" HEIGHT="28">
							<String ID="string_169" HPOS="80" VPOS="692" WIDTH="66" HEIGHT="25" WC="0.93" CONTENT="mark,"/><SP WIDTH="17" VPOS="692" HPOS="146"/>
							<String ID="string_170" HPOS="163" VPOS="692" WIDTH="136" HEIGHT="26" WC="0.92" CONTENT="hvarigenom"/><SP WIDTH="24" VPOS="692" HPOS="299"/>
							<String ID="string_171" HPOS="323" VPOS="692" WIDTH="40" HEIGHT="21" WC="0.93" CONTENT="den"/><SP WIDTH="23" VPOS="692" HPOS="363"/>
							<String ID="string_172" HPOS="386" VPOS="692" WIDTH="58" HEIGHT="21" WC="0.93" CONTENT="förut"/><SP WIDTH="16" VPOS="692" HPOS="444"/>
							<String ID="string_173" HPOS="460" VPOS="692" WIDTH="105" HEIGHT="27" WC="0.91" CONTENT="beviljade"/><SP WIDTH="16" VPOS="692" HPOS="565"/>
							<String ID="string_174" HPOS="581" VPOS="692" WIDTH="101" HEIGHT="27" WC="0.92" CONTENT="miljonen"/><SP WIDTH="15" VPOS="692" HPOS="682"/>
							<String ID="string_175" HPOS="697" VPOS="692" WIDTH="48" HEIGHT="21" WC="0.92" CONTENT="äter"/><SP WIDTH="14" VPOS="692" HPOS="745"/>
							<String ID="string_176" HPOS="759" VPOS="692" WIDTH="68" HEIGHT="21" WC="0.93" CONTENT="skulle"/><SP WIDTH="17" VPOS="692" HPOS="827"/>
							<String ID="string_177" HPOS="844" VPOS="691" WIDTH="66" HEIGHT="22" WC="0.93" CONTENT="blifva"/>
						</TextLine>
						<TextLine ID="line_19" HPOS="80" VPOS="720" WIDTH="830" HEIGHT="28">
							<String ID="string_178" HPOS="80" VPOS="720" WIDTH="98" HEIGHT="27" WC="0.96" CONTENT="beviljad,"/><SP WIDTH="21" VPOS="720" HPOS="178"/>
							<String ID="string_179" HPOS="199" VPOS="723" WIDTH="51" HEIGHT="19" WC="0.90" CONTENT="utan"/><SP WIDTH="23" VPOS="723" HPOS="250"/>
							<String ID="string_180" HPOS="273" VPOS="720" WIDTH="106" HEIGHT="22" WC="0.96" CONTENT="utskottet"/><SP WIDTH="22" VPOS="720" HPOS="379"/>
							<String ID="string_181" HPOS="401" VPOS="720" WIDTH="90" HEIGHT="22" WC="0.96" CONTENT="föreslår"/><SP WIDTH="23" VPOS="720" HPOS="491"/>
							<String ID="string_182" HPOS="514" VPOS="727" WIDTH="26" HEIGHT="15" WC="0.93" CONTENT="en"/><SP WIDTH="20" VPOS="727" HPOS="540"/>
							<String ID="string_183" HPOS="560" VPOS="720" WIDTH="116" HEIGHT="28" WC="0.45" CONTENT="bevillning"/><SP WIDTH="15" VPOS="720" HPOS="676"/>
							<String ID="string_184" HPOS="691" VPOS="720" WIDTH="21" HEIGHT="22" WC="0.97" CONTENT="af"/><SP WIDTH="15" VPOS="720" HPOS="712"/>
							<String ID="string_185" HPOS="727" VPOS="721" WIDTH="74" HEIGHT="21" WC="0.93" CONTENT="endast"/><SP WIDTH="16" VPOS="721" HPOS="801"/>
							<String ID="string_186" HPOS="817" VPOS="721" WIDTH="93" HEIGHT="25" WC="0.91" CONTENT="557,700"/>
						</TextLine>
						<TextLine ID="line_20" HPOS="80" VPOS="748" WIDTH="829" HEIGHT="28">
							<String ID="string_187" HPOS="80" VPOS="749" WIDTH="60" HEIGHT="21" WC="0.96" CONTENT="mark"/><SP WIDTH="23" VPOS="749" HPOS="140"/>
							<String ID="string_188" HPOS="163" VPOS="748" WIDTH="52" HEIGHT="22" WC="0.92" CONTENT="eller"/><SP WIDTH="25" VPOS="748" HPOS="215"/>
							<String ID="string_189" HPOS="240" VPOS="750" WIDTH="90" HEIGHT="24" WC="0.92" CONTENT="111,540"/><SP WIDTH="23" VPOS="750" HPOS="330"/>
							<String ID="string_190" HPOS="353" VPOS="749" WIDTH="60" HEIGHT="21" WC="0.96" CONTENT="mark"/><SP WIDTH="24" VPOS="749" HPOS="413"/>
							<String ID="string_191" HPOS="437" VPOS="756" WIDTH="34" HEIGHT="14" WC="0.93" CONTENT="om"/><SP WIDTH="23" VPOS="756" HPOS="471"/>
							<String ID="string_192" HPOS="494" VPOS="750" WIDTH="54" HEIGHT="21" WC="0.91" CONTENT="äret."/><SP WIDTH="22" VPOS="750" HPOS="548"/>
							<String ID="string_193" HPOS="570" VPOS="762" WIDTH="28" HEIGHT="3" WC="0.92" CONTENT="—"/><SP WIDTH="15" VPOS="762" HPOS="598"/>
							<String ID="string_194" HPOS="613" VPOS="749" WIDTH="45" HEIGHT="22" WC="0.89" CONTENT="Gär"/><SP WIDTH="15" VPOS="749" HPOS="658"/>
							<String ID="string_195" HPOS="673" VPOS="755" WIDTH="49" HEIGHT="15" WC="0.96" CONTENT="man"/><SP WIDTH="15" VPOS="755" HPOS="722"/>
							<String ID="string_196" HPOS="737" VPOS="749" WIDTH="73" HEIGHT="21" WC="0.93" CONTENT="vidare"/><SP WIDTH="15" VPOS="749" HPOS="810"/>
							<String ID="string_197" HPOS="825" VPOS="749" WIDTH="84" HEIGHT="27" WC="0.93" CONTENT="igenom"/>
						</TextLine>
						<TextLine ID="line_21" HPOS="78" VPOS="777" WIDTH="831" HEIGHT="28">
							<String ID="string_198" HPOS="78" VPOS="778" WIDTH="42" HEIGHT="21" WC="0.85" CONTENT="den"/><SP WIDTH="25" VPOS="778" HPOS="120"/>
							<String ID="string_199" HPOS="145" VPOS="777" WIDTH="77" HEIGHT="27" WC="0.93" CONTENT="nådiga"/><SP WIDTH="24" VPOS="777" HPOS="222"/>
							<String ID="string_200" HPOS="246" VPOS="778" WIDTH="170" HEIGHT="27" WC="0.92" CONTENT="propositionens"/><SP WIDTH="27" VPOS="778" HPOS="416"/>
							<String ID="string_201" HPOS="443" VPOS="778" WIDTH="91" HEIGHT="22" WC="0.93" CONTENT="motiver"/><SP WIDTH="25" VPOS="778" HPOS="534"/>
							<String ID="string_202" HPOS="559" VPOS="778" WIDTH="103" HEIGHT="27" WC="0.90" CONTENT="börjande"/><SP WIDTH="22" VPOS="778" HPOS="662"/>
							<String ID="string_203" HPOS="684" VPOS="778" WIDTH="47" HEIGHT="21" WC="0.96" CONTENT="från"/><SP WIDTH="15" VPOS="778" HPOS="731"/>
							<String ID="string_204" HPOS="746" VPOS="778" WIDTH="102" HEIGHT="21" WC="0.96" CONTENT="rubriken"/><SP WIDTH="15" VPOS="778" HPOS="848"/>
							<String ID="string_205" HPOS="863" VPOS="784" WIDTH="46" HEIGHT="15" WC="0.96" CONTENT="som"/>
						</TextLine>
						<TextLine ID="line_22" HPOS="79" VPOS="806" WIDTH="831" HEIGHT="28">
							<String ID="string_206" HPOS="79" VPOS="806" WIDTH="71" HEIGHT="27" WC="0.91" CONTENT="lyder:"/><SP WIDTH="26" VPOS="806" HPOS="150"/>
							<String ID="string_207" HPOS="176" VPOS="806" WIDTH="122" HEIGHT="28" WC="0.81" CONTENT=",angäende"/><SP WIDTH="25" VPOS="806" HPOS="298"/>
							<String ID="string_208" HPOS="323" VPOS="806" WIDTH="116" HEIGHT="28" WC="0.92" CONTENT="bevillning"/><SP WIDTH="24" VPOS="806" HPOS="439"/>
							<String ID="string_209" HPOS="463" VPOS="807" WIDTH="34" HEIGHT="21" WC="0.93" CONTENT="till"/><SP WIDTH="23" VPOS="807" HPOS="497"/>
							<String ID="string_210" HPOS="520" VPOS="806" WIDTH="207" HEIGHT="27" WC="0.92" CONTENT="fängelseväsendets"/><SP WIDTH="23" VPOS="806" HPOS="727"/>
							<String ID="string_211" HPOS="750" VPOS="806" WIDTH="120" HEIGHT="22" WC="0.93" CONTENT="ordnande&quot;"/><SP WIDTH="16" VPOS="806" HPOS="870"/>
							<String ID="string_212" HPOS="886" VPOS="806" WIDTH="24" HEIGHT="21" WC="0.96" CONTENT="sä"/>
						</TextLine>
						<TextLine ID="line_23" HPOS="79" VPOS="834" WIDTH="830" HEIGHT="28">
							<String ID="string_213" HPOS="79" VPOS="834" WIDTH="69" HEIGHT="22" WC="0.92" CONTENT="finner"/><SP WIDTH="15" VPOS="834" HPOS="148"/>
							<String ID="string_214" HPOS="163" VPOS="841" WIDTH="48" HEIGHT="15" WC="0.96" CONTENT="man"/><SP WIDTH="16" VPOS="841" HPOS="211"/>
							<String ID="string_215" HPOS="227" VPOS="837" WIDTH="33" HEIGHT="19" WC="0.96" CONTENT="att"/><SP WIDTH="15" VPOS="837" HPOS="260"/>
							<String ID="string_216" HPOS="275" VPOS="835" WIDTH="36" HEIGHT="21" WC="0.93" CONTENT="det"/><SP WIDTH="23" VPOS="835" HPOS="311"/>
							<String ID="string_217" HPOS="334" VPOS="835" WIDTH="46" HEIGHT="21" WC="0.91" CONTENT="icke"/><SP WIDTH="15" VPOS="835" HPOS="380"/>
							<String ID="string_218" HPOS="395" VPOS="836" WIDTH="91" HEIGHT="26" WC="0.93" CONTENT="begäres"/><SP WIDTH="15" VPOS="836" HPOS="486"/>
							<String ID="string_219" HPOS="501" VPOS="836" WIDTH="35" HEIGHT="20" WC="0.93" CONTENT="för"/><SP WIDTH="15" VPOS="836" HPOS="536"/>
							<String ID="string_220" HPOS="551" VPOS="836" WIDTH="67" HEIGHT="26" WC="0.93" CONTENT="nägra"/><SP WIDTH="10" VPOS="836" HPOS="618"/>
							<String ID="string_221" HPOS="628" VPOS="836" WIDTH="55" HEIGHT="20" WC="0.93" CONTENT="vissa"/><SP WIDTH="11" VPOS="836" HPOS="683"/>
							<String ID="string_222" HPOS="694" VPOS="835" WIDTH="105" HEIGHT="27" WC="0.91" CONTENT="fängelser"/><SP WIDTH="11" VPOS="835" HPOS="799"/>
							<String ID="string_223" HPOS="810" VPOS="837" WIDTH="51" HEIGHT="19" WC="0.96" CONTENT="utan"/><SP WIDTH="15" VPOS="837" HPOS="861"/>
							<String ID="string_224" HPOS="876" VPOS="836" WIDTH="33" HEIGHT="20" WC="0.97" CONTENT="att"/>
						</TextLine>
						<TextLine ID="line_24" HPOS="78" VPOS="863" WIDTH="830" HEIGHT="27">
							<String ID="string_225" HPOS="78" VPOS="864" WIDTH="38" HEIGHT="21" WC="0.96" CONTENT="det"/><SP WIDTH="14" VPOS="864" HPOS="116"/>
							<String ID="string_226" HPOS="130" VPOS="863" WIDTH="68" HEIGHT="27" WC="0.96" CONTENT="gäller"/><SP WIDTH="14" VPOS="863" HPOS="198"/>
							<String ID="string_227" HPOS="212" VPOS="864" WIDTH="49" HEIGHT="21" WC="0.93" CONTENT="hela"/><SP WIDTH="15" VPOS="864" HPOS="261"/>
							<String ID="string_228" HPOS="276" VPOS="864" WIDTH="199" HEIGHT="26" WC="0.91" CONTENT="fängelseväsendet"/><SP WIDTH="15" VPOS="864" HPOS="475"/>
							<String ID="string_229" HPOS="490" VPOS="864" WIDTH="7" HEIGHT="21" WC="0.96" CONTENT="i"/><SP WIDTH="16" VPOS="864" HPOS="497"/>
							<String ID="string_230" HPOS="513" VPOS="864" WIDTH="79" HEIGHT="21" WC="0.96" CONTENT="landet."/><SP WIDTH="30" VPOS="864" HPOS="592"/>
							<String ID="string_231" HPOS="622" VPOS="864" WIDTH="43" HEIGHT="21" WC="0.96" CONTENT="Det"/><SP WIDTH="14" VPOS="864" HPOS="665"/>
							<String ID="string_232" HPOS="679" VPOS="864" WIDTH="61" HEIGHT="22" WC="0.96" CONTENT="heter"/><SP WIDTH="15" VPOS="864" HPOS="740"/>
							<String ID="string_233" HPOS="755" VPOS="864" WIDTH="72" HEIGHT="21" WC="0.95" CONTENT="vidare"/><SP WIDTH="16" VPOS="864" HPOS="827"/>
							<String ID="string_234" HPOS="843" VPOS="864" WIDTH="7" HEIGHT="20" WC="0.83" CONTENT="i"/><SP WIDTH="10" VPOS="864" HPOS="850"/>
							<String ID="string_235" HPOS="860" VPOS="870" WIDTH="48" HEIGHT="20" WC="0.83" CONTENT="pro-"/>
						</TextLine>
						<TextLine ID="line_25" HPOS="78" VPOS="892" WIDTH="830" HEIGHT="27">
							<String ID="string_236" HPOS="78" VPOS="892" WIDTH="132" HEIGHT="26" WC="0.91" CONTENT="positionen:"/><SP WIDTH="23" VPOS="892" HPOS="210"/>
							<String ID="string_237" HPOS="233" VPOS="892" WIDTH="47" HEIGHT="25" WC="0.89" CONTENT=",för"/><SP WIDTH="22" VPOS="892" HPOS="280"/>
							<String ID="string_238" HPOS="302" VPOS="893" WIDTH="32" HEIGHT="20" WC="0.93" CONTENT="att"/><SP WIDTH="15" VPOS="893" HPOS="334"/>
							<String ID="string_239" HPOS="349" VPOS="892" WIDTH="119" HEIGHT="21" WC="0.93" CONTENT="emellertid"/><SP WIDTH="16" VPOS="892" HPOS="468"/>
							<String ID="string_240" HPOS="484" VPOS="892" WIDTH="96" HEIGHT="27" WC="0.89" CONTENT="afhjelpa"/><SP WIDTH="15" VPOS="892" HPOS="580"/>
							<String ID="string_241" HPOS="595" VPOS="892" WIDTH="27" HEIGHT="21" WC="0.96" CONTENT="de"/><SP WIDTH="16" VPOS="892" HPOS="622"/>
							<String ID="string_242" HPOS="638" VPOS="895" WIDTH="55" HEIGHT="18" WC="0.93" CONTENT="mest"/><SP WIDTH="14" VPOS="895" HPOS="693"/>
							<String ID="string_243" HPOS="707" VPOS="892" WIDTH="143" HEIGHT="21" WC="0.92" CONTENT="framstäende"/><SP WIDTH="17" VPOS="892" HPOS="850"/>
							<String ID="string_244" HPOS="867" VPOS="892" WIDTH="41" HEIGHT="21" WC="0.93" CONTENT="bri-"/>
						</TextLine>
						<TextLine ID="line_26" HPOS="78" VPOS="920" WIDTH="830" HEIGHT="28">
							<String ID="string_245" HPOS="78" VPOS="923" WIDTH="73" HEIGHT="18" WC="0.93" CONTENT="sterna"/><SP WIDTH="14" VPOS="923" HPOS="151"/>
							<String ID="string_246" HPOS="165" VPOS="920" WIDTH="7" HEIGHT="21" WC="0.95" CONTENT="i"/><SP WIDTH="10" VPOS="920" HPOS="172"/>
							<String ID="string_247" HPOS="182" VPOS="921" WIDTH="98" HEIGHT="26" WC="0.93" CONTENT="gällande"/><SP WIDTH="10" VPOS="921" HPOS="280"/>
							<String ID="string_248" HPOS="290" VPOS="920" WIDTH="95" HEIGHT="28" WC="0.96" CONTENT="strafflag"/><SP WIDTH="11" VPOS="920" HPOS="385"/>
							<String ID="string_249" HPOS="396" VPOS="920" WIDTH="39" HEIGHT="22" WC="0.93" CONTENT="och"/><SP WIDTH="11" VPOS="920" HPOS="435"/>
							<String ID="string_250" HPOS="446" VPOS="921" WIDTH="103" HEIGHT="22" WC="0.96" CONTENT="särskildt"/><SP WIDTH="12" VPOS="921" HPOS="549"/>
							<String ID="string_251" HPOS="561" VPOS="921" WIDTH="48" HEIGHT="21" WC="0.93" CONTENT="dess"/><SP WIDTH="11" VPOS="921" HPOS="609"/>
							<String ID="string_252" HPOS="620" VPOS="921" WIDTH="121" HEIGHT="21" WC="0.93" CONTENT="föråldrade"/><SP WIDTH="10" VPOS="921" HPOS="741"/>
							<String ID="string_253" HPOS="751" VPOS="920" WIDTH="157" HEIGHT="28" WC="0.84" CONTENT="straffsystem*."/>
						</TextLine>
						<TextLine ID="line_27" HPOS="78" VPOS="949" WIDTH="831" HEIGHT="28">
							<String ID="string_254" HPOS="78" VPOS="949" WIDTH="50" HEIGHT="21" WC="0.96" CONTENT="Icke"/><SP WIDTH="15" VPOS="949" HPOS="128"/>
							<String ID="string_255" HPOS="143" VPOS="949" WIDTH="33" HEIGHT="21" WC="0.93" CONTENT="till"/><SP WIDTH="16" VPOS="949" HPOS="176"/>
							<String ID="string_256" HPOS="192" VPOS="949" WIDTH="65" HEIGHT="27" WC="0.96" CONTENT="något"/><SP WIDTH="14" VPOS="949" HPOS="257"/>
							<String ID="string_257" HPOS="271" VPOS="952" WIDTH="66" HEIGHT="19" WC="0.96" CONTENT="annat"/><SP WIDTH="15" VPOS="952" HPOS="337"/>
							<String ID="string_258" HPOS="352" VPOS="951" WIDTH="27" HEIGHT="20" WC="0.96" CONTENT="än"/><SP WIDTH="16" VPOS="951" HPOS="379"/>
							<String ID="string_259" HPOS="395" VPOS="949" WIDTH="37" HEIGHT="22" WC="0.96" CONTENT="det"/><SP WIDTH="15" VPOS="949" HPOS="432"/>
							<String ID="string_260" HPOS="447" VPOS="953" WIDTH="56" HEIGHT="18" WC="0.93" CONTENT="mest"/><SP WIDTH="11" VPOS="953" HPOS="503"/>
							<String ID="string_261" HPOS="514" VPOS="950" WIDTH="187" HEIGHT="27" WC="0.91" CONTENT="maktpäliggande"/><SP WIDTH="14" VPOS="950" HPOS="701"/>
							<String ID="string_262" HPOS="715" VPOS="949" WIDTH="66" HEIGHT="22" WC="0.92" CONTENT="behof"/><SP WIDTH="8" VPOS="949" HPOS="781"/>
							<String ID="string_263" HPOS="789" VPOS="949" WIDTH="40" HEIGHT="22" WC="0.96" CONTENT="har"/><SP WIDTH="11" VPOS="949" HPOS="829"/>
							<String ID="string_264" HPOS="840" VPOS="949" WIDTH="69" HEIGHT="21" WC="0.96" CONTENT="denna"/>
						</TextLine>
						<TextLine ID="line_28" HPOS="78" VPOS="977" WIDTH="830" HEIGHT="28">
							<String ID="string_265" HPOS="78" VPOS="977" WIDTH="73" HEIGHT="28" WC="0.86" CONTENT="miljon"/><SP WIDTH="23" VPOS="977" HPOS="151"/>
							<String ID="string_266" HPOS="174" VPOS="977" WIDTH="69" HEIGHT="22" WC="0.90" CONTENT="blifvit"/><SP WIDTH="22" VPOS="977" HPOS="243"/>
							<String ID="string_267" HPOS="265" VPOS="978" WIDTH="98" HEIGHT="27" WC="0.93" CONTENT="beviljad."/><SP WIDTH="15" VPOS="978" HPOS="363"/>
							<String ID="string_268" HPOS="378" VPOS="991" WIDTH="28" HEIGHT="2" WC="0.90" CONTENT="—"/><SP WIDTH="19" VPOS="991" HPOS="406"/>
							<String ID="string_269" HPOS="425" VPOS="978" WIDTH="80" HEIGHT="22" WC="0.96" CONTENT="Vidare"/><SP WIDTH="15" VPOS="978" HPOS="505"/>
							<String ID="string_270" HPOS="520" VPOS="980" WIDTH="63" HEIGHT="25" WC="0.96" CONTENT="säger"/><SP WIDTH="15" VPOS="980" HPOS="583"/>
							<String ID="string_271" HPOS="598" VPOS="978" WIDTH="160" HEIGHT="27" WC="0.96" CONTENT="propositionen"/><SP WIDTH="15" VPOS="978" HPOS="758"/>
							<String ID="string_272" HPOS="773" VPOS="977" WIDTH="48" HEIGHT="22" WC="0.96" CONTENT="litet"/><SP WIDTH="14" VPOS="977" HPOS="821"/>
							<String ID="string_273" HPOS="835" VPOS="977" WIDTH="73" HEIGHT="27" WC="0.96" CONTENT="längre"/>
						</TextLine>
						<TextLine ID="line_29" HPOS="76" VPOS="1005" WIDTH="832" HEIGHT="29">
							<String ID="string_274" HPOS="76" VPOS="1006" WIDTH="55" HEIGHT="21" WC="0.96" CONTENT="fram"/><SP WIDTH="23" VPOS="1006" HPOS="131"/>
							<String ID="string_275" HPOS="154" VPOS="1008" WIDTH="33" HEIGHT="19" WC="0.96" CONTENT="att"/><SP WIDTH="21" VPOS="1008" HPOS="187"/>
							<String ID="string_276" HPOS="208" VPOS="1006" WIDTH="49" HEIGHT="21" WC="0.95" CONTENT="hela"/><SP WIDTH="20" VPOS="1006" HPOS="257"/>
							<String ID="string_277" HPOS="277" VPOS="1007" WIDTH="70" HEIGHT="21" WC="0.93" CONTENT="denna"/><SP WIDTH="22" VPOS="1007" HPOS="347"/>
							<String ID="string_278" HPOS="369" VPOS="1007" WIDTH="183" HEIGHT="27" WC="0.92" CONTENT="omorganisation"/><SP WIDTH="23" VPOS="1007" HPOS="552"/>
							<String ID="string_279" HPOS="575" VPOS="1007" WIDTH="70" HEIGHT="21" WC="0.93" CONTENT="skulle"/><SP WIDTH="22" VPOS="1007" HPOS="645"/>
							<String ID="string_280" HPOS="667" VPOS="1007" WIDTH="38" HEIGHT="21" WC="0.92" CONTENT="ske"/><SP WIDTH="16" VPOS="1007" HPOS="705"/>
							<String ID="string_281" HPOS="721" VPOS="1007" WIDTH="52" HEIGHT="21" WC="0.96" CONTENT="efter"/><SP WIDTH="15" VPOS="1007" HPOS="773"/>
							<String ID="string_282" HPOS="788" VPOS="1013" WIDTH="26" HEIGHT="14" WC="0.97" CONTENT="en"/><SP WIDTH="15" VPOS="1013" HPOS="814"/>
							<String ID="string_283" HPOS="829" VPOS="1005" WIDTH="79" HEIGHT="22" WC="0.96" CONTENT="allmän"/>
						</TextLine>
						<TextLine ID="line_30" HPOS="76" VPOS="1035" WIDTH="832" HEIGHT="28">
							<String ID="string_284" HPOS="76" VPOS="1035" WIDTH="50" HEIGHT="27" WC="0.96" CONTENT="plan"/><SP WIDTH="23" VPOS="1035" HPOS="126"/>
							<String ID="string_285" HPOS="149" VPOS="1035" WIDTH="40" HEIGHT="21" WC="0.95" CONTENT="och"/><SP WIDTH="24" VPOS="1035" HPOS="189"/>
							<String ID="string_286" HPOS="213" VPOS="1035" WIDTH="68" HEIGHT="22" WC="0.91" CONTENT="denna"/><SP WIDTH="23" VPOS="1035" HPOS="281"/>
							<String ID="string_287" HPOS="304" VPOS="1035" WIDTH="93" HEIGHT="27" WC="0.90" CONTENT="begäran"/><SP WIDTH="21" VPOS="1035" HPOS="397"/>
							<String ID="string_288" HPOS="418" VPOS="1035" WIDTH="23" HEIGHT="22" WC="0.93" CONTENT="af"/><SP WIDTH="14" VPOS="1035" HPOS="441"/>
							<String ID="string_289" HPOS="455" VPOS="1035" WIDTH="122" HEIGHT="22" WC="0.92" CONTENT="Ständerna"/><SP WIDTH="15" VPOS="1035" HPOS="577"/>
							<String ID="string_290" HPOS="592" VPOS="1035" WIDTH="40" HEIGHT="22" WC="0.96" CONTENT="har"/><SP WIDTH="15" VPOS="1035" HPOS="632"/>
							<String ID="string_291" HPOS="647" VPOS="1035" WIDTH="132" HEIGHT="28" WC="0.93" CONTENT="Regeringen"/><SP WIDTH="16" VPOS="1035" HPOS="779"/>
							<String ID="string_292" HPOS="795" VPOS="1035" WIDTH="113" HEIGHT="21" WC="0.92" CONTENT="tillmötes-"/>
						</TextLine>
						<TextLine ID="line_31" HPOS="75" VPOS="1063" WIDTH="832" HEIGHT="28">
							<String ID="string_293" HPOS="75" VPOS="1063" WIDTH="48" HEIGHT="27" WC="0.96" CONTENT="gått"/><SP WIDTH="14" VPOS="1063" HPOS="123"/>
							<String ID="string_294" HPOS="137" VPOS="1069" WIDTH="77" HEIGHT="21" WC="0.96" CONTENT="genom"/><SP WIDTH="22" VPOS="1069" HPOS="214"/>
							<String ID="string_295" HPOS="236" VPOS="1066" WIDTH="32" HEIGHT="19" WC="0.93" CONTENT="att"/><SP WIDTH="22" VPOS="1066" HPOS="268"/>
							<String ID="string_296" HPOS="290" VPOS="1064" WIDTH="91" HEIGHT="21" WC="0.95" CONTENT="tillsätta"/><SP WIDTH="22" VPOS="1064" HPOS="381"/>
							<String ID="string_297" HPOS="403" VPOS="1071" WIDTH="25" HEIGHT="14" WC="0.93" CONTENT="en"/><SP WIDTH="17" VPOS="1071" HPOS="428"/>
							<String ID="string_298" HPOS="445" VPOS="1064" WIDTH="88" HEIGHT="22" WC="0.33" CONTENT="komit&amp;."/><SP WIDTH="32" VPOS="1064" HPOS="533"/>
							<String ID="string_299" HPOS="565" VPOS="1065" WIDTH="42" HEIGHT="21" WC="0.94" CONTENT="Det"/><SP WIDTH="15" VPOS="1065" HPOS="607"/>
							<String ID="string_300" HPOS="622" VPOS="1064" WIDTH="42" HEIGHT="21" WC="0.93" CONTENT="kan"/><SP WIDTH="16" VPOS="1064" HPOS="664"/>
							<String ID="string_301" HPOS="680" VPOS="1063" WIDTH="166" HEIGHT="28" WC="0.95" CONTENT="uppenbarligen"/><SP WIDTH="15" VPOS="1063" HPOS="846"/>
							<String ID="string_302" HPOS="861" VPOS="1063" WIDTH="46" HEIGHT="21" WC="0.96" CONTENT="icke"/>
						</TextLine>
						<TextLine ID="line_32" HPOS="76" VPOS="1091" WIDTH="832" HEIGHT="29">
							<String ID="string_303" HPOS="76" VPOS="1098" WIDTH="52" HEIGHT="15" WC="0.93" CONTENT="vara"/><SP WIDTH="15" VPOS="1098" HPOS="128"/>
							<String ID="string_304" HPOS="143" VPOS="1092" WIDTH="60" HEIGHT="27" WC="0.90" CONTENT="fräga"/><SP WIDTH="16" VPOS="1092" HPOS="203"/>
							<String ID="string_305" HPOS="219" VPOS="1099" WIDTH="34" HEIGHT="15" WC="0.96" CONTENT="om"/><SP WIDTH="16" VPOS="1099" HPOS="253"/>
							<String ID="string_306" HPOS="269" VPOS="1095" WIDTH="64" HEIGHT="19" WC="0.96" CONTENT="annat"/><SP WIDTH="23" VPOS="1095" HPOS="333"/>
							<String ID="string_307" HPOS="356" VPOS="1094" WIDTH="27" HEIGHT="20" WC="0.96" CONTENT="än"/><SP WIDTH="16" VPOS="1094" HPOS="383"/>
							<String ID="string_308" HPOS="399" VPOS="1095" WIDTH="32" HEIGHT="19" WC="0.93" CONTENT="att"/><SP WIDTH="16" VPOS="1095" HPOS="431"/>
							<String ID="string_309" HPOS="447" VPOS="1093" WIDTH="150" HEIGHT="21" WC="0.92" CONTENT="ästadkomma"/><SP WIDTH="16" VPOS="1093" HPOS="597"/>
							<String ID="string_310" HPOS="613" VPOS="1093" WIDTH="116" HEIGHT="27" WC="0.92" CONTENT="nägonting"/><SP WIDTH="15" VPOS="1093" HPOS="729"/>
							<String ID="string_311" HPOS="744" VPOS="1093" WIDTH="50" HEIGHT="26" WC="0.93" CONTENT="helt,"/><SP WIDTH="16" VPOS="1093" HPOS="794"/>
							<String ID="string_312" HPOS="810" VPOS="1091" WIDTH="47" HEIGHT="22" WC="0.93" CONTENT="icke"/><SP WIDTH="15" VPOS="1091" HPOS="857"/>
							<String ID="string_313" HPOS="872" VPOS="1092" WIDTH="36" HEIGHT="21" WC="0.92" CONTENT="nä-"/>
						</TextLine>
						<TextLine ID="line_33" HPOS="76" VPOS="1120" WIDTH="832" HEIGHT="28">
							<String ID="string_314" HPOS="76" VPOS="1121" WIDTH="90" HEIGHT="27" WC="0.90" CONTENT="gonting"/><SP WIDTH="21" VPOS="1121" HPOS="166"/>
							<String ID="string_315" HPOS="187" VPOS="1121" WIDTH="94" HEIGHT="27" WC="0.54" CONTENT="partielt,"/><SP WIDTH="23" VPOS="1121" HPOS="281"/>
							<String ID="string_316" HPOS="304" VPOS="1121" WIDTH="39" HEIGHT="22" WC="0.93" CONTENT="och"/><SP WIDTH="22" VPOS="1121" HPOS="343"/>
							<String ID="string_317" HPOS="365" VPOS="1121" WIDTH="72" HEIGHT="22" WC="0.96" CONTENT="derför"/><SP WIDTH="16" VPOS="1121" HPOS="437"/>
							<String ID="string_318" HPOS="453" VPOS="1121" WIDTH="40" HEIGHT="22" WC="0.92" CONTENT="har"/><SP WIDTH="15" VPOS="1121" HPOS="493"/>
							<String ID="string_319" HPOS="508" VPOS="1122" WIDTH="61" HEIGHT="21" WC="0.96" CONTENT="äfven"/><SP WIDTH="16" VPOS="1122" HPOS="569"/>
							<String ID="string_320" HPOS="585" VPOS="1121" WIDTH="134" HEIGHT="27" WC="0.96" CONTENT="Regeringen"/><SP WIDTH="14" VPOS="1121" HPOS="719"/>
							<String ID="string_321" HPOS="733" VPOS="1121" WIDTH="53" HEIGHT="21" WC="0.93" CONTENT="först"/><SP WIDTH="15" VPOS="1121" HPOS="786"/>
							<String ID="string_322" HPOS="801" VPOS="1120" WIDTH="107" HEIGHT="22" WC="0.92" CONTENT="framstält"/>
						</TextLine>
						<TextLine ID="line_34" HPOS="76" VPOS="1149" WIDTH="832" HEIGHT="28">
							<String ID="string_323" HPOS="76" VPOS="1149" WIDTH="105" HEIGHT="22" WC="0.92" CONTENT="behofven"/><SP WIDTH="24" VPOS="1149" HPOS="181"/>
							<String ID="string_324" HPOS="205" VPOS="1149" WIDTH="40" HEIGHT="22" WC="0.96" CONTENT="och"/><SP WIDTH="24" VPOS="1149" HPOS="245"/>
							<String ID="string_325" HPOS="269" VPOS="1149" WIDTH="64" HEIGHT="22" WC="0.93" CONTENT="sedan"/><SP WIDTH="23" VPOS="1149" HPOS="333"/>
							<String ID="string_326" HPOS="356" VPOS="1150" WIDTH="56" HEIGHT="21" WC="0.92" CONTENT="hvad"/><SP WIDTH="16" VPOS="1150" HPOS="412"/>
							<String ID="string_327" HPOS="428" VPOS="1150" WIDTH="32" HEIGHT="21" WC="0.93" CONTENT="till"/><SP WIDTH="17" VPOS="1150" HPOS="460"/>
							<String ID="string_328" HPOS="477" VPOS="1150" WIDTH="104" HEIGHT="27" WC="0.92" CONTENT="fyllandet"/><SP WIDTH="15" VPOS="1150" HPOS="581"/>
							<String ID="string_329" HPOS="596" VPOS="1150" WIDTH="24" HEIGHT="21" WC="0.96" CONTENT="af"/><SP WIDTH="14" VPOS="1150" HPOS="620"/>
							<String ID="string_330" HPOS="634" VPOS="1151" WIDTH="62" HEIGHT="20" WC="0.93" CONTENT="dessa"/><SP WIDTH="15" VPOS="1151" HPOS="696"/>
							<String ID="string_331" HPOS="711" VPOS="1149" WIDTH="65" HEIGHT="22" WC="0.91" CONTENT="behof"/><SP WIDTH="14" VPOS="1149" HPOS="776"/>
							<String ID="string_332" HPOS="790" VPOS="1149" WIDTH="67" HEIGHT="22" WC="0.93" CONTENT="borde"/><SP WIDTH="15" VPOS="1149" HPOS="857"/>
							<String ID="string_333" HPOS="872" VPOS="1149" WIDTH="36" HEIGHT="21" WC="0.92" CONTENT="be-"/>
						</TextLine>
						<TextLine ID="line_35" HPOS="76" VPOS="1177" WIDTH="831" HEIGHT="28">
							<String ID="string_334" HPOS="76" VPOS="1177" WIDTH="68" HEIGHT="27" WC="0.80" CONTENT="viljas."/><SP WIDTH="31" VPOS="1177" HPOS="144"/>
							<String ID="string_335" HPOS="175" VPOS="1179" WIDTH="128" HEIGHT="25" WC="0.50" CONTENT=" Derigenom"/><SP WIDTH="16" VPOS="1179" HPOS="303"/>
							<String ID="string_336" HPOS="319" VPOS="1179" WIDTH="39" HEIGHT="20" WC="0.96" CONTENT="har"/><SP WIDTH="22" VPOS="1179" HPOS="358"/>
							<String ID="string_337" HPOS="380" VPOS="1179" WIDTH="136" HEIGHT="26" WC="0.96" CONTENT="Regeringen"/><SP WIDTH="16" VPOS="1179" HPOS="516"/>
							<String ID="string_338" HPOS="532" VPOS="1179" WIDTH="90" HEIGHT="21" WC="0.96" CONTENT="kommit"/><SP WIDTH="15" VPOS="1179" HPOS="622"/>
							<String ID="string_339" HPOS="637" VPOS="1179" WIDTH="32" HEIGHT="21" WC="0.96" CONTENT="till"/><SP WIDTH="16" VPOS="1179" HPOS="669"/>
							<String ID="string_340" HPOS="685" VPOS="1185" WIDTH="25" HEIGHT="15" WC="0.97" CONTENT="en"/><SP WIDTH="16" VPOS="1185" HPOS="710"/>
							<String ID="string_341" HPOS="726" VPOS="1179" WIDTH="66" HEIGHT="25" WC="0.93" CONTENT="högre"/><SP WIDTH="15" VPOS="1179" HPOS="792"/>
							<String ID="string_342" HPOS="807" VPOS="1177" WIDTH="59" HEIGHT="22" WC="0.96" CONTENT="siffra"/><SP WIDTH="14" VPOS="1177" HPOS="866"/>
							<String ID="string_343" HPOS="880" VPOS="1179" WIDTH="27" HEIGHT="19" WC="0.97" CONTENT="än"/>
						</TextLine>
						<TextLine ID="line_36" HPOS="76" VPOS="1206" WIDTH="834" HEIGHT="28">
							<String ID="string_344" HPOS="76" VPOS="1206" WIDTH="113" HEIGHT="22" WC="0.89" CONTENT="utskottet."/><SP WIDTH="30" VPOS="1206" HPOS="189"/>
							<String ID="string_345" HPOS="219" VPOS="1207" WIDTH="96" HEIGHT="21" WC="0.90" CONTENT="Emedan"/><SP WIDTH="22" VPOS="1207" HPOS="315"/>
							<String ID="string_346" HPOS="337" VPOS="1207" WIDTH="108" HEIGHT="21" WC="0.92" CONTENT="utskottet"/><SP WIDTH="23" VPOS="1207" HPOS="445"/>
							<String ID="string_347" HPOS="468" VPOS="1209" WIDTH="72" HEIGHT="19" WC="0.92" CONTENT="ansett"/><SP WIDTH="23" VPOS="1209" HPOS="540"/>
							<String ID="string_348" HPOS="563" VPOS="1207" WIDTH="197" HEIGHT="27" WC="0.91" CONTENT="fängelseväsendet"/><SP WIDTH="14" VPOS="1207" HPOS="760"/>
							<String ID="string_349" HPOS="774" VPOS="1212" WIDTH="51" HEIGHT="16" WC="0.96" CONTENT="vara"/><SP WIDTH="15" VPOS="1212" HPOS="825"/>
							<String ID="string_350" HPOS="840" VPOS="1208" WIDTH="32" HEIGHT="20" WC="0.96" CONTENT="ett"/><SP WIDTH="14" VPOS="1208" HPOS="872"/>
							<String ID="string_351" HPOS="886" VPOS="1206" WIDTH="24" HEIGHT="21" WC="0.97" CONTENT="af"/>
						</TextLine>
						<TextLine ID="line_37" HPOS="76" VPOS="1235" WIDTH="832" HEIGHT="28">
							<String ID="string_352" HPOS="76" VPOS="1235" WIDTH="26" HEIGHT="21" WC="0.96" CONTENT="de"/><SP WIDTH="15" VPOS="1235" HPOS="102"/>
							<String ID="string_353" HPOS="117" VPOS="1235" WIDTH="68" HEIGHT="22" WC="0.93" CONTENT="första"/><SP WIDTH="21" VPOS="1235" HPOS="185"/>
							<String ID="string_354" HPOS="206" VPOS="1235" WIDTH="66" HEIGHT="22" WC="0.92" CONTENT="behof"/><SP WIDTH="13" VPOS="1235" HPOS="272"/>
							<String ID="string_355" HPOS="285" VPOS="1241" WIDTH="46" HEIGHT="16" WC="0.96" CONTENT="som"/><SP WIDTH="22" VPOS="1241" HPOS="331"/>
							<String ID="string_356" HPOS="353" VPOS="1236" WIDTH="22" HEIGHT="21" WC="0.96" CONTENT="af"/><SP WIDTH="14" VPOS="1236" HPOS="375"/>
							<String ID="string_357" HPOS="389" VPOS="1236" WIDTH="147" HEIGHT="27" WC="0.96" CONTENT="Regeringens"/><SP WIDTH="19" VPOS="1236" HPOS="536"/>
							<String ID="string_358" HPOS="555" VPOS="1235" WIDTH="70" HEIGHT="22" WC="0.96" CONTENT="medel"/><SP WIDTH="14" VPOS="1235" HPOS="625"/>
							<String ID="string_359" HPOS="639" VPOS="1236" WIDTH="68" HEIGHT="21" WC="0.93" CONTENT="borde"/><SP WIDTH="16" VPOS="1236" HPOS="707"/>
							<String ID="string_360" HPOS="723" VPOS="1235" WIDTH="130" HEIGHT="27" WC="0.96" CONTENT="tillgodoses,"/><SP WIDTH="15" VPOS="1235" HPOS="853"/>
							<String ID="string_361" HPOS="868" VPOS="1235" WIDTH="40" HEIGHT="22" WC="0.96" CONTENT="har"/>
						</TextLine>
						<TextLine ID="line_38" HPOS="76" VPOS="1263" WIDTH="832" HEIGHT="28">
							<String ID="string_362" HPOS="76" VPOS="1263" WIDTH="106" HEIGHT="22" WC="0.92" CONTENT="utskottet"/><SP WIDTH="22" VPOS="1263" HPOS="182"/>
							<String ID="string_363" HPOS="204" VPOS="1264" WIDTH="72" HEIGHT="22" WC="0.96" CONTENT="vidare"/><SP WIDTH="22" VPOS="1264" HPOS="276"/>
							<String ID="string_364" HPOS="298" VPOS="1264" WIDTH="55" HEIGHT="22" WC="0.93" CONTENT="efter"/><SP WIDTH="21" VPOS="1264" HPOS="353"/>
							<String ID="string_365" HPOS="374" VPOS="1271" WIDTH="78" HEIGHT="20" WC="0.91" CONTENT="mogen"/><SP WIDTH="17" VPOS="1271" HPOS="452"/>
							<String ID="string_366" HPOS="469" VPOS="1264" WIDTH="162" HEIGHT="27" WC="0.92" CONTENT="öfverläggning"/><SP WIDTH="14" VPOS="1264" HPOS="631"/>
							<String ID="string_367" HPOS="645" VPOS="1266" WIDTH="72" HEIGHT="20" WC="0.93" CONTENT="ansett"/><SP WIDTH="15" VPOS="1266" HPOS="717"/>
							<String ID="string_368" HPOS="732" VPOS="1266" WIDTH="32" HEIGHT="20" WC="0.93" CONTENT="att"/><SP WIDTH="14" VPOS="1266" HPOS="764"/>
							<String ID="string_369" HPOS="778" VPOS="1263" WIDTH="130" HEIGHT="22" WC="0.92" CONTENT="statsverket"/>
						</TextLine>
						<TextLine ID="line_39" HPOS="75" VPOS="1292" WIDTH="832" HEIGHT="29">
							<String ID="string_370" HPOS="75" VPOS="1292" WIDTH="85" HEIGHT="28" WC="0.96" CONTENT="mycket"/><SP WIDTH="15" VPOS="1292" HPOS="160"/>
							<String ID="string_371" HPOS="175" VPOS="1293" WIDTH="34" HEIGHT="21" WC="0.96" CONTENT="väl"/><SP WIDTH="15" VPOS="1293" HPOS="209"/>
							<String ID="string_372" HPOS="224" VPOS="1299" WIDTH="77" HEIGHT="21" WC="0.96" CONTENT="genom"/><SP WIDTH="15" VPOS="1299" HPOS="301"/>
							<String ID="string_373" HPOS="316" VPOS="1293" WIDTH="47" HEIGHT="21" WC="0.96" CONTENT="sina"/><SP WIDTH="14" VPOS="1293" HPOS="363"/>
							<String ID="string_374" HPOS="377" VPOS="1295" WIDTH="60" HEIGHT="20" WC="0.93" CONTENT="stora"/><SP WIDTH="16" VPOS="1295" HPOS="437"/>
							<String ID="string_375" HPOS="453" VPOS="1293" WIDTH="142" HEIGHT="28" WC="0.92" CONTENT="besparingar"/><SP WIDTH="14" VPOS="1293" HPOS="595"/>
							<String ID="string_376" HPOS="609" VPOS="1293" WIDTH="42" HEIGHT="22" WC="0.93" CONTENT="kan"/><SP WIDTH="16" VPOS="1293" HPOS="651"/>
							<String ID="string_377" HPOS="667" VPOS="1294" WIDTH="27" HEIGHT="27" WC="0.93" CONTENT="gä"/><SP WIDTH="15" VPOS="1294" HPOS="694"/>
							<String ID="string_378" HPOS="709" VPOS="1293" WIDTH="7" HEIGHT="21" WC="0.97" CONTENT="i"/><SP WIDTH="16" VPOS="1293" HPOS="716"/>
							<String ID="string_379" HPOS="732" VPOS="1293" WIDTH="49" HEIGHT="21" WC="0.96" CONTENT="land"/><SP WIDTH="11" VPOS="1293" HPOS="781"/>
							<String ID="string_380" HPOS="792" VPOS="1292" WIDTH="49" HEIGHT="22" WC="0.92" CONTENT="med"/><SP WIDTH="11" VPOS="1292" HPOS="841"/>
							<String ID="string_381" HPOS="852" VPOS="1292" WIDTH="55" HEIGHT="22" WC="0.92" CONTENT="hvad"/>
						</TextLine>
						<TextLine ID="line_40" HPOS="75" VPOS="1320" WIDTH="832" HEIGHT="29">
							<String ID="string_382" HPOS="75" VPOS="1320" WIDTH="107" HEIGHT="22" WC="0.91" CONTENT="utskottet"/><SP WIDTH="22" VPOS="1320" HPOS="182"/>
							<String ID="string_383" HPOS="204" VPOS="1321" WIDTH="39" HEIGHT="22" WC="0.93" CONTENT="har"/><SP WIDTH="22" VPOS="1321" HPOS="243"/>
							<String ID="string_384" HPOS="265" VPOS="1324" WIDTH="72" HEIGHT="19" WC="0.91" CONTENT="ansett"/><SP WIDTH="14" VPOS="1324" HPOS="337"/>
							<String ID="string_385" HPOS="351" VPOS="1322" WIDTH="54" HEIGHT="21" WC="0.92" CONTENT="böra"/><SP WIDTH="14" VPOS="1322" HPOS="405"/>
							<String ID="string_386" HPOS="419" VPOS="1323" WIDTH="72" HEIGHT="25" WC="0.90" CONTENT="göras."/><SP WIDTH="31" VPOS="1323" HPOS="491"/>
							<String ID="string_387" HPOS="522" VPOS="1322" WIDTH="39" HEIGHT="21" WC="0.93" CONTENT="Att"/><SP WIDTH="15" VPOS="1322" HPOS="561"/>
							<String ID="string_388" HPOS="576" VPOS="1322" WIDTH="47" HEIGHT="21" WC="0.92" CONTENT="icke"/><SP WIDTH="15" VPOS="1322" HPOS="623"/>
							<String ID="string_389" HPOS="638" VPOS="1325" WIDTH="95" HEIGHT="24" WC="0.92" CONTENT="upptaga"/><SP WIDTH="15" VPOS="1325" HPOS="733"/>
							<String ID="string_390" HPOS="748" VPOS="1321" WIDTH="159" HEIGHT="28" WC="0.92" CONTENT="fängelsebygg-"/>
						</TextLine>
						<TextLine ID="line_41" HPOS="76" VPOS="1349" WIDTH="832" HEIGHT="28">
							<String ID="string_391" HPOS="76" VPOS="1349" WIDTH="68" HEIGHT="22" WC="0.92" CONTENT="naden"/><SP WIDTH="15" VPOS="1349" HPOS="144"/>
							<String ID="string_392" HPOS="159" VPOS="1349" WIDTH="8" HEIGHT="22" WC="0.95" CONTENT="i"/><SP WIDTH="15" VPOS="1349" HPOS="167"/>
							<String ID="string_393" HPOS="182" VPOS="1350" WIDTH="135" HEIGHT="27" WC="0.96" CONTENT="Helsingfors"/><SP WIDTH="22" VPOS="1350" HPOS="317"/>
							<String ID="string_394" HPOS="339" VPOS="1353" WIDTH="52" HEIGHT="19" WC="0.92" CONTENT="utan"/><SP WIDTH="22" VPOS="1353" HPOS="391"/>
							<String ID="string_395" HPOS="413" VPOS="1350" WIDTH="47" HEIGHT="21" WC="0.91" CONTENT="läta"/><SP WIDTH="23" VPOS="1350" HPOS="460"/>
							<String ID="string_396" HPOS="483" VPOS="1351" WIDTH="37" HEIGHT="21" WC="0.93" CONTENT="det"/><SP WIDTH="22" VPOS="1351" HPOS="520"/>
							<String ID="string_397" HPOS="542" VPOS="1350" WIDTH="67" HEIGHT="22" WC="0.92" CONTENT="blifva"/><SP WIDTH="22" VPOS="1350" HPOS="609"/>
							<String ID="string_398" HPOS="631" VPOS="1351" WIDTH="144" HEIGHT="26" WC="0.93" CONTENT="Regeringens"/><SP WIDTH="19" VPOS="1351" HPOS="775"/>
							<String ID="string_399" HPOS="794" VPOS="1349" WIDTH="66" HEIGHT="22" WC="0.92" CONTENT="ensak"/><SP WIDTH="15" VPOS="1349" HPOS="860"/>
							<String ID="string_400" HPOS="875" VPOS="1351" WIDTH="33" HEIGHT="20" WC="0.96" CONTENT="att"/>
						</TextLine>
						<TextLine ID="line_42" HPOS="75" VPOS="1377" WIDTH="832" HEIGHT="30">
							<String ID="string_401" HPOS="75" VPOS="1377" WIDTH="108" HEIGHT="23" WC="0.91" CONTENT="fullborda"/><SP WIDTH="14" VPOS="1377" HPOS="183"/>
							<String ID="string_402" HPOS="197" VPOS="1379" WIDTH="50" HEIGHT="26" WC="0.96" CONTENT="den,"/><SP WIDTH="14" VPOS="1379" HPOS="247"/>
							<String ID="string_403" HPOS="261" VPOS="1379" WIDTH="27" HEIGHT="21" WC="0.96" CONTENT="dä"/><SP WIDTH="15" VPOS="1379" HPOS="288"/>
							<String ID="string_404" HPOS="303" VPOS="1379" WIDTH="132" HEIGHT="27" WC="0.93" CONTENT="Regeringen"/><SP WIDTH="16" VPOS="1379" HPOS="435"/>
							<String ID="string_405" HPOS="451" VPOS="1385" WIDTH="75" HEIGHT="16" WC="0.92" CONTENT="ensam"/><SP WIDTH="15" VPOS="1385" HPOS="526"/>
							<String ID="string_406" HPOS="541" VPOS="1379" WIDTH="41" HEIGHT="22" WC="0.93" CONTENT="har"/><SP WIDTH="14" VPOS="1379" HPOS="582"/>
							<String ID="string_407" HPOS="596" VPOS="1379" WIDTH="99" HEIGHT="28" WC="0.92" CONTENT="päbörjat"/><SP WIDTH="12" VPOS="1379" HPOS="695"/>
							<String ID="string_408" HPOS="707" VPOS="1379" WIDTH="48" HEIGHT="26" WC="0.96" CONTENT="den,"/><SP WIDTH="10" VPOS="1379" HPOS="755"/>
							<String ID="string_409" HPOS="765" VPOS="1379" WIDTH="68" HEIGHT="26" WC="0.93" CONTENT="ligger"/><SP WIDTH="10" VPOS="1379" HPOS="833"/>
							<String ID="string_410" HPOS="843" VPOS="1377" WIDTH="64" HEIGHT="22" WC="0.91" CONTENT="ocksä"/>
						</TextLine>
						<TextLine ID="line_43" HPOS="75" VPOS="1406" WIDTH="831" HEIGHT="27">
							<String ID="string_411" HPOS="75" VPOS="1407" WIDTH="8" HEIGHT="21" WC="0.93" CONTENT="i"/><SP WIDTH="15" VPOS="1407" HPOS="83"/>
							<String ID="string_412" HPOS="98" VPOS="1406" WIDTH="131" HEIGHT="23" WC="0.92" CONTENT="Ständernas"/><SP WIDTH="15" VPOS="1406" HPOS="229"/>
							<String ID="string_413" HPOS="244" VPOS="1407" WIDTH="65" HEIGHT="26" WC="0.96" CONTENT="makt,"/><SP WIDTH="16" VPOS="1407" HPOS="309"/>
							<String ID="string_414" HPOS="325" VPOS="1407" WIDTH="39" HEIGHT="22" WC="0.96" CONTENT="och"/><SP WIDTH="15" VPOS="1407" HPOS="364"/>
							<String ID="string_415" HPOS="379" VPOS="1407" WIDTH="61" HEIGHT="23" WC="0.96" CONTENT="detta"/><SP WIDTH="15" VPOS="1407" HPOS="440"/>
							<String ID="string_416" HPOS="455" VPOS="1407" WIDTH="42" HEIGHT="22" WC="0.93" CONTENT="har"/><SP WIDTH="15" VPOS="1407" HPOS="497"/>
							<String ID="string_417" HPOS="512" VPOS="1408" WIDTH="103" HEIGHT="21" WC="0.92" CONTENT="särskildt"/><SP WIDTH="11" VPOS="1408" HPOS="615"/>
							<String ID="string_418" HPOS="626" VPOS="1408" WIDTH="49" HEIGHT="21" WC="0.93" CONTENT="hört"/><SP WIDTH="10" VPOS="1408" HPOS="675"/>
							<String ID="string_419" HPOS="685" VPOS="1407" WIDTH="33" HEIGHT="22" WC="0.93" CONTENT="till"/><SP WIDTH="10" VPOS="1407" HPOS="718"/>
							<String ID="string_420" HPOS="728" VPOS="1407" WIDTH="117" HEIGHT="22" WC="0.92" CONTENT="utskottets"/><SP WIDTH="9" VPOS="1407" HPOS="845"/>
							<String ID="string_421" HPOS="854" VPOS="1412" WIDTH="52" HEIGHT="21" WC="0.92" CONTENT="upp-"/>
						</TextLine>
						<TextLine ID="line_44" HPOS="75" VPOS="1435" WIDTH="830" HEIGHT="28">
							<String ID="string_422" HPOS="75" VPOS="1435" WIDTH="64" HEIGHT="28" WC="0.96" CONTENT="gifter"/><SP WIDTH="22" VPOS="1435" HPOS="139"/>
							<String ID="string_423" HPOS="161" VPOS="1435" WIDTH="66" HEIGHT="28" WC="0.96" CONTENT="enligt"/><SP WIDTH="24" VPOS="1435" HPOS="227"/>
							<String ID="string_424" HPOS="251" VPOS="1437" WIDTH="27" HEIGHT="21" WC="0.91" CONTENT="36"/><SP WIDTH="15" VPOS="1437" HPOS="278"/>
							<String ID="string_425" HPOS="293" VPOS="1438" WIDTH="46" HEIGHT="23" WC="0.57" CONTENT="S:en"/><SP WIDTH="16" VPOS="1438" HPOS="339"/>
							<String ID="string_426" HPOS="355" VPOS="1436" WIDTH="6" HEIGHT="21" WC="0.93" CONTENT="i"/><SP WIDTH="16" VPOS="1436" HPOS="361"/>
							<String ID="string_427" HPOS="377" VPOS="1436" WIDTH="252" HEIGHT="27" WC="0.92" CONTENT="Landtdagsordningen,"/><SP WIDTH="16" VPOS="1436" HPOS="629"/>
							<String ID="string_428" HPOS="645" VPOS="1437" WIDTH="38" HEIGHT="21" WC="0.97" CONTENT="der"/><SP WIDTH="16" VPOS="1437" HPOS="683"/>
							<String ID="string_429" HPOS="699" VPOS="1437" WIDTH="36" HEIGHT="21" WC="0.93" CONTENT="det"/><SP WIDTH="15" VPOS="1437" HPOS="735"/>
							<String ID="string_430" HPOS="750" VPOS="1437" WIDTH="61" HEIGHT="26" WC="0.96" CONTENT="säges"/><SP WIDTH="14" VPOS="1437" HPOS="811"/>
							<String ID="string_431" HPOS="825" VPOS="1436" WIDTH="34" HEIGHT="20" WC="0.93" CONTENT="att"/><SP WIDTH="14" VPOS="1436" HPOS="859"/>
							<String ID="string_432" HPOS="873" VPOS="1437" WIDTH="32" HEIGHT="20" WC="0.92" CONTENT="ut-"/>
						</TextLine>
						<TextLine ID="line_45" HPOS="74" VPOS="1463" WIDTH="833" HEIGHT="29">
							<String ID="string_433" HPOS="74" VPOS="1464" WIDTH="82" HEIGHT="21" WC="0.91" CONTENT="skottet"/><SP WIDTH="15" VPOS="1464" HPOS="156"/>
							<String ID="string_434" HPOS="171" VPOS="1471" WIDTH="50" HEIGHT="20" WC="0.92" CONTENT="eger"/><SP WIDTH="15" VPOS="1471" HPOS="221"/>
							<String ID="string_435" HPOS="236" VPOS="1465" WIDTH="101" HEIGHT="21" WC="0.90" CONTENT="särskildt"/><SP WIDTH="14" VPOS="1465" HPOS="337"/>
							<String ID="string_436" HPOS="351" VPOS="1465" WIDTH="94" HEIGHT="27" WC="0.92" CONTENT="granska"/><SP WIDTH="15" VPOS="1465" HPOS="445"/>
							<String ID="string_437" HPOS="460" VPOS="1465" WIDTH="29" HEIGHT="27" WC="0.92" CONTENT="pä"/><SP WIDTH="15" VPOS="1465" HPOS="489"/>
							<String ID="string_438" HPOS="504" VPOS="1465" WIDTH="57" HEIGHT="22" WC="0.92" CONTENT="hvad"/><SP WIDTH="15" VPOS="1465" HPOS="561"/>
							<String ID="string_439" HPOS="576" VPOS="1467" WIDTH="44" HEIGHT="20" WC="0.96" CONTENT="sätt"/><SP WIDTH="15" VPOS="1467" HPOS="620"/>
							<String ID="string_440" HPOS="635" VPOS="1465" WIDTH="26" HEIGHT="22" WC="0.96" CONTENT="de"/><SP WIDTH="16" VPOS="1465" HPOS="661"/>
							<String ID="string_441" HPOS="677" VPOS="1465" WIDTH="34" HEIGHT="21" WC="0.93" CONTENT="vid"/><SP WIDTH="16" VPOS="1465" HPOS="711"/>
							<String ID="string_442" HPOS="727" VPOS="1466" WIDTH="83" HEIGHT="20" WC="0.93" CONTENT="senaste"/><SP WIDTH="15" VPOS="1466" HPOS="810"/>
							<String ID="string_443" HPOS="825" VPOS="1463" WIDTH="82" HEIGHT="22" WC="0.91" CONTENT="Landt-"/>
						</TextLine>
						<TextLine ID="line_46" HPOS="75" VPOS="1492" WIDTH="832" HEIGHT="29">
							<String ID="string_444" HPOS="75" VPOS="1492" WIDTH="42" HEIGHT="28" WC="0.96" CONTENT="dag"/><SP WIDTH="14" VPOS="1492" HPOS="117"/>
							<String ID="string_445" HPOS="131" VPOS="1492" WIDTH="34" HEIGHT="22" WC="0.95" CONTENT="för"/><SP WIDTH="14" VPOS="1492" HPOS="165"/>
							<String ID="string_446" HPOS="179" VPOS="1492" WIDTH="57" HEIGHT="22" WC="0.93" CONTENT="vissa"/><SP WIDTH="15" VPOS="1492" HPOS="236"/>
							<String ID="string_447" HPOS="251" VPOS="1493" WIDTH="99" HEIGHT="22" WC="0.96" CONTENT="ändamål"/><SP WIDTH="16" VPOS="1493" HPOS="350"/>
							<String ID="string_448" HPOS="366" VPOS="1492" WIDTH="106" HEIGHT="28" WC="0.96" CONTENT="beviljade"/><SP WIDTH="17" VPOS="1492" HPOS="472"/>
							<String ID="string_449" HPOS="489" VPOS="1493" WIDTH="102" HEIGHT="28" WC="0.93" CONTENT="anslagen"/><SP WIDTH="16" VPOS="1493" HPOS="591"/>
							<String ID="string_450" HPOS="607" VPOS="1493" WIDTH="71" HEIGHT="22" WC="0.96" CONTENT="blifvit"/><SP WIDTH="14" VPOS="1493" HPOS="678"/>
							<String ID="string_451" HPOS="692" VPOS="1493" WIDTH="103" HEIGHT="22" WC="0.94" CONTENT="använda."/><SP WIDTH="32" VPOS="1493" HPOS="795"/>
							<String ID="string_452" HPOS="827" VPOS="1492" WIDTH="41" HEIGHT="22" WC="0.94" CONTENT="Det"/><SP WIDTH="14" VPOS="1492" HPOS="868"/>
							<String ID="string_453" HPOS="882" VPOS="1494" WIDTH="25" HEIGHT="20" WC="0.96" CONTENT="är"/>
						</TextLine>
					</TextBlock>
				</ComposedBlock>
			</PrintSpace>
		</Page>
	</Layout>
</alto>
