1109 1786
197 119 58 21 1614
401 124 180 22 Borgareståndet
594 125 56 18 1877.
675 125 12 17 2
699 125 121 17 November.

196 198 46 16 som
257 193 57 21 visat
336 193 31 26 sig
385 193 97 28 uppfylla
497 195 32 20 ett
551 193 175 27 bildningsbehof
739 193 53 22 böra
807 193 148 22 understödas.
985 194 43 21 Det

196 221 67 22 finnes
279 221 70 22 derför
364 222 46 21 icke
425 222 68 27 nägra
508 221 121 28 synnerliga
644 222 47 21 skäl
707 228 46 15 som
768 222 45 21 tala
828 224 58 19 emot
900 222 37 21 det
952 221 24 22 af
984 223 43 25 mig

196 250 77 26 gjorda
294 251 111 26 yrkandet,
421 257 45 15 som
483 250 88 22 innebär
586 253 33 18 att
634 250 45 21 läta
694 252 32 20 ett
741 250 65 22 finskt
822 251 98 21 läroverk
936 251 92 21 existera

196 279 7 20 i
219 278 114 26 Uleåborg.
363 279 42 27 Jag
419 279 38 21 vill
473 279 40 21 och
529 279 41 21 kan
586 279 47 21 icke
648 281 59 24 yttra
723 279 42 27 mig
781 279 79 25 derom,
878 279 104 21 huruvida
991 279 36 21 det

196 306 68 22 finnes
285 307 46 21 skäl
354 313 45 15 som
415 307 44 21 tala
475 307 32 21 för
522 310 33 19 att
570 307 36 21 det
621 307 133 27 nödvändigt
769 307 39 21 bör
823 313 51 15 vara
888 308 7 20 i
911 306 116 28 Uleäborg,

197 341 48 15 men
267 336 62 21 dessa
343 336 46 21 skäl
405 336 118 21 bestämma
538 336 43 26 mig
596 336 47 21 icke
658 336 143 26 tillräckligen
817 336 32 21 för
864 337 32 20 att
912 338 51 25 taga
978 336 52 21 bort

197 364 36 21 det
256 364 27 21 dä
306 364 36 22 det
363 364 66 22 redan
449 364 110 27 existerar,
575 364 124 26 isynnerhet
714 370 34 16 om
764 364 36 22 det
816 364 74 21 blifver
905 370 25 16 en
946 364 82 27 privat-

196 392 61 22 skola
273 392 49 22 med
337 392 86 22 Statens
437 393 134 21 subvention.
587 393 27 21 Vi
629 394 38 20 äro
683 393 46 21 icke
745 393 39 21 här
800 392 33 22 för
848 395 32 19 att
897 393 55 21 lotta
963 393 64 21 emel-

195 421 35 21 lan
253 421 59 21 olika
334 424 65 22 orter,
421 424 52 19 utan
496 421 34 22 för
550 424 33 19 att
600 423 52 25 säga
670 428 34 14 om
721 424 31 19 ett
767 421 98 21 läroverk
880 423 25 19 är
920 421 40 21 bra
975 422 56 21 eller:

195 450 54 21 icke.
280 450 43 21 För
337 453 71 18 resten
423 452 25 19 är
463 450 36 21 det
514 450 116 28 ingalunda
645 450 72 26 gifvet,
733 452 32 20 att
781 450 36 21 det
827 450 54 21 skall
892 450 67 21 finnas
972 450 57 21 blott

196 480 31 19 ett
242 478 53 22 eller
310 478 36 22 tvä
361 478 97 22 läroverk
474 479 27 26 pä
516 485 26 15 en
558 481 40 19 ort.
629 478 63 22 Visar
707 479 37 21 det
759 479 32 26 sig
805 480 34 20 att
854 479 37 21 der
906 478 67 22 finnas
984 478 42 22 ele-

195 513 43 19 ver,
263 507 23 21 sä
301 509 24 19 är
341 508 36 20 det
399 507 152 27 obestridligen
571 507 86 22 Statens
673 509 44 19 rätt
732 509 39 23 att,
786 507 100 27 antingen
902 513 76 21 genom
994 510 33 18 att

196 535 133 22 understöda
344 536 97 21 enskilda
456 536 80 27 skolor,
552 536 52 21 eller
619 542 76 21 genom
713 536 141 27 anläggandet
869 535 22 21 af
905 542 53 20 egna
974 536 52 21 söka

195 564 147 27 upprätthålla
363 564 87 25 sådana,
473 564 40 22 och
534 564 131 23 Ständernas
681 564 111 22 uttalande
807 564 42 21 kan
865 564 69 27 aldrig
949 564 20 21 få
985 564 43 21 den

195 595 76 24 turnyr
287 595 32 19 att
334 593 35 21 det
384 593 69 27 skulle
468 593 102 21 innebära
585 596 33 18 att
634 593 73 21 skolor
721 593 47 21 icke
783 593 69 21 skulle
863 593 90 21 inrättas
964 593 62 20 äfven

196 621 5 21 i
219 622 68 20 andra
301 622 72 21 städer
388 622 7 20 i
410 622 146 26 Österbotten,
572 628 34 15 om
623 622 36 21 det
673 622 70 21 skulle
758 622 45 20 visa
819 622 33 26 sig
866 623 33 19 att
914 622 23 20 sä
952 621 74 21 behöf-

196 656 41 15 ves.
268 650 41 26 Jag
331 650 90 22 föreslår
443 650 83 22 således
548 652 33 19 att
603 650 60 22 detta
686 652 94 19 moment
801 650 32 21 får
848 656 82 15 samma
945 650 81 26 lydelse:

195 684 46 15 som
265 679 36 21 det
323 679 64 25 förra,
410 683 59 17 utom
491 681 33 19 att
546 679 37 21 det
601 679 6 21 i
623 678 72 22 stället
710 679 33 21 för
760 695 7 9 ,
773 678 70 26 finska
858 678 144 28 privatskolan
1018 678 10 21 i

195 707 152 27 Helsingfors”,
364 708 39 20 bör
419 708 50 21 heta
485 708 153 26 ,privatlyceet
654 708 6 20 i
677 707 128 27 Uleäborg*.

265 764 56 22 Herr
344 764 141 22 Snellman:
516 764 10 22 I
548 764 114 27 anledning
685 764 24 21 af
729 765 26 21 de
773 764 40 21 ord
827 764 36 26 jag
878 764 39 21 sist
931 764 93 26 yttrade,

195 792 60 22 anför
279 800 24 14 en
327 793 67 21 talare
417 796 32 18 att
472 794 40 20 ban
531 794 47 20 icke
593 793 38 21 vill
646 794 49 26 ingå
711 793 6 21 i
734 794 66 26 något
815 792 132 22 bedömande
962 792 22 21 af
998 792 28 21 de

194 821 67 27 fakta,
285 828 45 14 som
348 822 38 27 jag
401 822 54 22 hade
471 824 114 22 omnämnt,
602 822 89 21 emedan
707 822 42 21 han
765 821 95 21 hvarken
876 821 81 21 känner
972 821 54 21 eller

194 850 36 21 vill
253 850 94 21 erkänna
370 851 53 21 dem.
454 851 41 26 Jag
513 851 82 21 erinrar
611 851 44 26 mig
670 851 6 20 i
692 851 89 25 sanning
796 850 48 21 icke
859 851 32 20 att
903 850 37 26 jag
956 849 70 21 skulle

195 878 63 21 hafva
273 879 71 20 anfört
359 879 6 20 i
381 879 116 21 allmänhet
512 880 67 20 andra
595 878 65 27 fakta,
677 881 26 19 än
719 880 26 20 de
761 884 46 15 som
822 878 102 27 framgätt
939 878 23 21 af
970 878 54 26 peti-

195 907 72 21 tionen
283 907 7 21 i
305 909 71 19 ämnet
399 907 109 22 äfvensom
530 907 22 22 af
574 907 123 22 Utskottets
716 907 143 25 betänkande,
876 909 55 18 samt
946 906 22 21 af
984 906 40 21 den
1045 930 2 2 -

195 935 120 22 diskussion
331 943 45 14 som
392 936 85 21 förevar
492 937 7 20 i
514 936 188 27 Borgareståndet.
725 937 40 20 Om
782 936 69 21 denna
861 935 69 21 talare
941 935 84 21 således

194 964 47 21 icke
256 964 38 21 vill
316 965 71 21 känna
409 965 39 21 och
467 965 96 21 erkänna
577 965 81 21 sådana
673 967 137 24 argumenter
825 964 40 21 och
880 963 19 27 ej
914 963 37 21 vill
966 963 59 21 med-

193 993 58 26 gifva
267 993 60 21 fakta
343 999 44 16 som
403 993 68 22 blifvit
486 993 96 27 anförda,
597 993 24 21 så
636 993 41 22 kan
694 999 48 16 man
755 993 136 26 naturligtvis
901 992 47 21 icke
959 994 67 19 annat

193 1021 66 22 tänka
275 1028 34 15 om
326 1022 85 23 honom,
427 1024 26 19 än
469 1024 32 20 att
511 1022 41 21 han
563 1022 108 27 verkligen
683 1022 68 21 måste
762 1021 62 21 hafva
835 1021 43 21 alla
888 1021 59 20 fakta
958 1020 66 21 hand-

193 1050 105 27 gripligen
309 1050 33 21 för
353 1051 32 26 sig
396 1051 32 20 för
436 1053 32 19 att
476 1051 107 27 medgifva
591 1051 63 20 deras
662 1051 108 26 riktighet.
787 1050 42 21 Det
837 1050 41 20 kan
887 1049 82 21 således
978 1049 47 21 icke

193 1078 58 27 tjena
268 1079 31 21 till
315 1079 116 27 någonting
446 1081 33 19 att
493 1079 124 27 ytterligare
633 1079 53 21 söka
701 1079 21 21 få
737 1079 78 21 honom
829 1080 32 19 att
872 1077 107 28 medgifva
991 1080 33 19 att

194 1109 61 19 orten
275 1108 33 21 för
327 1109 40 20 den
382 1107 161 28 ifrågavarande
559 1107 68 22 finska
643 1108 74 21 skolan
733 1107 70 22 skulle
818 1107 65 21 blifva
898 1106 128 27 lämpligare

193 1135 6 21 i
222 1135 109 28 Uleåborg
353 1138 27 19 än
404 1137 5 20 i
434 1136 125 22 Brahestad.
590 1137 46 20 Den
659 1138 84 19 senaste
764 1136 82 21 talaren
866 1135 38 21 har
919 1135 63 26 yrkat
997 1141 27 15 en

193 1164 67 21 sådan
279 1165 123 26 förändring
417 1165 7 21 i
439 1167 116 20 momentet
573 1168 32 18 att
629 1165 35 21 det
685 1165 69 22 skulle
770 1165 190 20 öfverensstämma
975 1164 48 21 med

193 1195 118 19 momentet
325 1195 30 24 g).
385 1194 42 27 Jag
441 1194 36 20 vill
493 1194 97 20 häremot
605 1194 104 20 anmärka
723 1196 32 18 att
768 1192 143 22 förhållandet
922 1192 49 21 med
981 1192 42 26 pri-

192 1221 114 22 vatskolan
321 1222 6 21 i
343 1222 108 27 Uleåborg
473 1222 39 21 och
535 1223 39 20 den
590 1222 7 21 i
612 1222 134 27 Helsingfors
769 1222 47 21 icke
831 1223 24 19 är
871 1220 87 22 alldeles
974 1226 51 16 ena-

192 1250 78 21 handa.
301 1251 46 21 Den
363 1251 83 27 privata
461 1251 74 21 skolan
551 1251 7 20 i
574 1251 135 26 Helsingfors
724 1257 46 15 som
787 1250 39 21 har
837 1249 70 22 blifvit
917 1249 107 22 omfattad

193 1279 24 20 af
234 1279 50 21 hela
299 1279 72 22 landet
387 1280 48 21 med
451 1280 81 21 direkta
548 1280 74 25 bidrag
638 1280 39 20 har
692 1280 67 20 redan
775 1281 32 20 ett
821 1278 82 27 ganska
918 1277 105 28 betydligt

192 1307 82 27 kapital
293 1308 39 21 och
349 1308 36 21 det
399 1309 42 20 kan
457 1315 50 14 vara
519 1308 154 27 jemförelsevis
689 1308 41 21 lätt
744 1307 33 22 för
793 1307 40 21 den
848 1307 75 21 skolan
935 1310 33 18 att
983 1313 40 21 ega

192 1335 98 27 bestånd,
312 1336 55 21 blott
391 1337 39 21 den
453 1337 32 21 får
508 1337 116 21 understöd
639 1337 47 21 från
703 1337 86 21 Statens
805 1336 53 21 sida.
888 1335 10 21 I
914 1335 108 26 Uleåborg

192 1366 24 19 är
231 1365 143 21 förhållandet
389 1367 71 20 annat.
485 1365 40 22 Till
541 1366 40 21 den
597 1365 64 21 hafva
677 1365 74 22 endast
763 1365 23 21 af
796 1365 40 20 den
847 1365 95 20 närmast
952 1364 70 26 kring-

192 1393 100 27 liggande
308 1394 92 24 trakten,
417 1394 127 21 åtminstone
560 1394 43 27 mig
619 1394 116 26 veterligen
747 1393 49 22 icke
808 1393 85 21 utöfver
904 1392 120 27 Uleåborgs

191 1421 47 22 läns
254 1424 95 25 gränser,
364 1422 77 27 bidrag
454 1422 67 21 blifvit
536 1423 103 26 lemnade,
656 1422 40 22 och
712 1422 72 21 derför
799 1421 64 22 hafva
874 1421 62 21 dessa
947 1421 76 26 bidrag

191 1451 137 26 naturligtvis
349 1451 48 21 icke
419 1451 81 21 kunnat
522 1457 51 15 vara
595 1451 24 21 så
642 1451 109 27 betydliga
774 1453 33 19 att
821 1451 70 26 någon
907 1449 115 27 besparing

191 1479 70 21 skulle
277 1479 74 24 finnas,
367 1482 52 18 utan
431 1480 27 20 de
473 1482 37 18 äro
525 1481 70 20 såsom
611 1479 57 21 förut
679 1479 70 21 blifvit
760 1480 69 26 sagdt,
840 1478 64 22 totalt
914 1477 106 22 uttömda.

190 1507 43 21 Det
254 1508 69 21 skulle
343 1508 82 22 således
439 1508 8 21 i
462 1508 73 27 sjelfva
550 1508 74 22 verket
640 1508 107 22 erfordras
763 1507 34 21 för
813 1507 70 21 denna
897 1506 72 22 skolas
984 1506 37 22 be-
