1109 1786
287 129 180 22 Borgareståndet
479 131 54 17 1877.
559 131 22 16 15
593 130 124 17 November.
860 124 56 22 1807

155 198 76 21 Denna
246 198 163 27 Lagutskottets
425 198 111 23 skrifvelse
550 199 38 26 gaf
601 205 29 15 nu
645 198 116 27 anledning
775 199 34 21 till
819 198 95 28 följande

86 227 127 21 diskussion:

154 283 57 21 Herr
229 283 33 21 W.
277 283 108 28 Nystén:
415 284 43 26 Jag
473 284 33 21 för
519 284 44 21 min
580 283 34 22 del
629 283 43 21 kan
687 283 47 21 icke
749 283 52 27 gilla
817 284 36 22 det
863 284 51 26 slut,

86 312 6 20 i
107 311 83 22 hvilket
204 312 152 26 Lagutskottet
371 314 87 20 stannat
473 312 6 21 i
495 312 116 26 anledning
626 312 23 21 af
663 312 26 21 de
705 311 123 28 skiljaktiga
844 312 72 22 beslut

86 340 95 22 Stånden
203 340 63 22 fattat
284 341 6 21 i
306 341 61 27 fråga
382 347 34 15 om
430 347 25 15 en
471 341 79 21 reform
567 340 22 22 af
603 340 207 22 domstolsväsendet
825 342 27 26 på
868 342 46 20 lan-

86 368 43 22 det.
160 368 74 23 Såsom
251 369 39 21 den
307 369 22 22 af
343 370 55 21 Herr
413 369 131 22 Talmannen
561 375 49 21 nyss
621 368 100 28 upplästa
731 368 125 22 skrifvelsen
864 371 50 19 när-

86 404 59 15 mare
167 398 120 21 vidhanden
309 398 72 26 gifver,
404 398 39 21 har
458 398 123 22 Utskottets
597 398 142 25 betänkande,
754 404 46 15 som
815 398 100 21 förordar

86 426 70 22 denna
177 426 85 27 reform,
286 426 68 22 blifvit
376 427 7 21 i
406 426 119 22 hufvudsak
540 426 111 27 godkändt
666 426 22 22 af
701 426 157 28 Ridderskapet
874 426 40 22 och

86 454 70 22 Adeln
173 457 55 19 samt
243 455 186 27 Borgareståndet.
458 455 163 21 Bondeståndet
635 455 40 21 har
691 455 63 21 också
769 455 144 27 uttryckligen

87 485 69 25 yttrat
179 484 32 26 sig
233 490 33 15 om
283 483 155 27 behöfligheten
454 483 23 22 af
491 484 41 21 den
548 484 7 21 i
571 484 60 27 fråga
647 486 58 19 satta
719 483 112 27 reformen,
846 484 68 22 ehuru

88 512 36 22 det
146 512 83 22 befarat
252 514 33 20 att
308 512 133 22 densammas
462 512 169 28 genomförande
649 512 33 22 för
697 512 132 22 närvarande
844 512 70 22 skulle

87 542 57 20 stöta
164 542 28 27 på
212 541 104 21 särskilda
332 541 131 28 svårigheter
479 541 39 21 och
535 541 70 21 derför
621 543 71 19 ansett
706 541 75 28 frågan
797 541 32 21 för
844 541 70 21 denna

86 570 56 27 gång
163 571 53 20 böra
237 570 90 21 förfalla.
354 570 83 21 Endast
459 570 162 21 Presteständet
635 570 40 21 har
690 572 51 19 utan
757 570 65 26 något
837 570 76 21 sådant

86 598 111 22 uttalande
219 598 40 22 och
279 601 52 19 utan
347 601 32 19 att
394 599 83 26 engång
491 598 51 27 ingå
558 599 6 21 i
580 598 121 22 diskussion
718 598 21 21 af
753 598 74 27 frågan
843 598 70 22 förka-

86 628 43 20 stat
149 627 60 21 detta
230 627 27 27 på
277 627 68 27 grund
361 627 24 21 af
398 627 93 27 enhällig
507 627 184 27 Ständerpetition
706 626 113 26 tillkomna
832 627 80 27 vigtiga

86 654 122 28 lagförslag,
224 656 33 20 för
273 656 62 21 hvars
350 656 190 22 åstadkommande
555 655 132 28 Regeringen
703 656 56 26 gjort
773 656 32 26 sig
820 655 24 21 så
854 656 58 27 myk-

86 683 41 22 ken
150 684 71 22 möda.
250 684 73 22 Andra
345 686 116 20 momentet
484 685 23 21 af
520 684 12 28 $
547 685 27 21 67
590 684 31 22 uti
637 684 99 27 gällande
751 684 161 27 landtdagsord-

86 712 51 27 ning
151 712 61 28 lyder
226 713 119 21 emellertid
360 713 91 21 sålunda
466 712 83 27 ,,finner
563 712 112 22 Utskottet
690 712 75 22 härvid
775 715 33 19 att
818 712 94 22 Ständen

86 742 30 20 uti
142 741 70 27 någon
227 741 60 27 fråga
301 744 86 19 stannat
401 742 8 21 i
424 742 23 21 så
463 741 124 27 skiljaktiga
602 742 71 21 beslut
688 744 32 18 att
735 741 92 27 lagenlig
842 741 70 27 plura-

86 769 48 22 litet
148 770 22 21 af
185 770 26 21 de
226 770 58 21 olika
299 770 136 27 meningarne
451 770 18 27 ej
486 770 42 22 kan
543 770 76 27 bildas,
634 770 40 22 bör
688 770 112 22 Utskottet
808 770 53 22 söka
871 771 41 25 att,

86 798 69 22 såvidt
181 798 82 28 möjligt
285 800 30 25 är,
337 799 168 27 sammanjemka
528 799 26 21 de
577 799 58 21 olika
657 799 136 27 meningarne
816 798 40 22 och
879 798 33 22 till

86 827 95 21 Stånden
203 827 108 22 inkomma
333 828 48 21 med
405 828 79 26 förslag
505 827 32 21 till
559 834 26 15 en
607 827 59 27 dylik
689 827 222 27 sammanjemkning.''

85 856 63 21 Hvad
171 856 48 21 med
241 856 92 27 lagenlig
355 857 110 26 pluralitet
481 856 40 22 och
536 858 32 20 ett
583 856 79 22 ärende
677 856 84 26 förstås,
777 856 93 27 framgår
886 861 26 15 ur

86 885 34 24 71,
144 885 27 20 72
190 885 39 20 och
246 885 27 20 73
289 885 12 26 8
317 885 66 25 enligt
399 884 72 22 hvilka
486 885 6 20 i
509 885 96 27 ärender,
621 890 46 16 som
683 887 50 19 röra
747 884 112 28 grundlag,
874 884 37 21 be-

84 912 89 27 villning
188 913 40 22 och
243 913 74 26 anslag
332 913 83 22 fordras
430 913 47 27 fyra
493 913 79 22 Stånds
587 913 160 27 samstämmiga
762 913 76 25 beslut,
848 913 63 21 hvar-

85 943 57 20 emot
164 941 32 22 uti
219 941 68 28 öfriga
305 942 77 27 frågor,
398 942 89 21 ärendet
502 942 85 27 afgöres
601 948 77 20 genom
694 944 32 19 tre
741 941 78 22 Stånds
833 941 77 22 beslut.

85 969 75 27 Någon
183 970 66 22 sådan
274 971 109 26 pluralitet
403 971 114 21 förefinnes
532 971 47 21 icke
594 971 31 20 uti
642 971 69 21 denna
726 971 59 26 fråga
801 970 39 21 och
856 969 55 22 hade

84 998 90 21 sålunda
196 999 111 22 Utskottet
329 999 66 27 enligt
415 999 43 21 min
474 999 57 27 åsigt
550 999 49 21 bort
614 999 87 22 försöka
715 1001 33 20 att
762 1001 102 25 upprätta
879 1000 32 19 ett

84 1027 295 28 sammanjemkningsförslag
401 1028 39 21 och
463 1028 88 21 dermed
573 1028 33 21 till
617 1027 94 22 Stånden
727 1028 113 21 inkomma.
870 1026 40 22 Ut-

84 1055 82 22 skottet
189 1056 54 21 hade
265 1056 74 22 dervid
357 1057 55 21 varit
428 1056 80 22 bundet
523 1057 23 21 af
559 1056 76 22 endast
650 1058 32 19 ett
697 1056 68 21 vilkor
779 1056 39 21 och
835 1056 35 21 det
886 1057 25 19 är

84 1085 33 20 att
138 1091 25 14 en
183 1085 204 27 sammanjemkning
403 1085 55 22 varit
473 1085 80 27 möjlig.
583 1085 47 21 Här
645 1091 56 21 vore,
717 1085 70 22 såsom
800 1085 37 26 jag
851 1084 59 24 sade,

84 1113 36 21 två
140 1113 67 22 Stånd
228 1113 35 22 för
285 1113 122 22 Utskottets
429 1114 137 21 betänkande
587 1113 40 22 och
643 1115 32 20 ett
689 1113 68 27 tredje
772 1113 66 22 Stånd
855 1112 55 21 hade

84 1141 78 22 uttalat
185 1142 32 27 sig
237 1141 34 22 för
286 1142 155 27 behöfligheten
457 1142 23 21 af
494 1143 70 21 denna
579 1142 88 26 reform,
682 1142 36 21 vid
734 1142 79 21 hvilket
829 1141 82 22 förhål-

83 1170 63 21 lande
169 1171 68 26 enligt
258 1171 43 21 min
323 1171 55 27 åsigt
399 1173 32 19 ett
445 1171 296 27 sammanjemkningsförslag
757 1171 55 21 varit
827 1169 85 27 möjligt

83 1198 28 26 på
126 1198 130 28 grundvalen
272 1199 22 21 af
301 1199 122 22 Utskottets
431 1200 142 21 betänkande.
589 1199 131 27 Visserligen
729 1199 142 21 förekommer
880 1198 31 21 uti

84 1228 28 21 73
127 1228 14 25 &
157 1229 32 20 ett
204 1228 117 27 stadgande
337 1228 73 22 derom
426 1230 39 23 att,
481 1235 35 15 om
532 1228 36 22 två
584 1228 68 22 Stånd
667 1228 7 21 i
689 1228 46 21 sina
746 1228 69 21 beslut
824 1229 86 19 stannat

82 1258 46 19 mot
149 1257 36 20 två
207 1257 72 25 andra,
295 1257 54 21 skall
364 1257 75 27 frågan
454 1257 34 22 för
504 1257 69 21 denna
588 1257 103 26 landtdag
705 1256 90 27 förfal'a,
810 1262 48 15 men
875 1256 36 21 det

82 1284 68 21 finnes
173 1285 46 21 icke
241 1285 100 27 stadgadt
364 1292 35 15 om
422 1286 69 21 denna
513 1285 80 28 påföljd
615 1285 55 22 skall
692 1285 84 22 inträffa
798 1285 66 21 sedan
879 1286 32 19 ett

82 1313 290 28 sammanjemkningsförsök
393 1314 40 22 har
456 1315 58 21 skett
537 1314 52 21 eller
611 1317 51 18 utan
685 1314 81 21 sådant.
794 1314 39 21 Att
856 1313 54 21 dock

82 1347 26 16 en
124 1342 205 27 sammanjemkning
345 1344 61 20 äfven
422 1343 31 22 uti
468 1343 82 22 sådana
564 1342 37 23 fall
617 1343 39 21 bör
670 1343 96 21 försökas
781 1342 94 26 framgår
886 1347 25 15 ur

82 1370 68 21 andra
164 1373 118 19 momentet
296 1371 7 21 i
319 1372 26 21 67
362 1373 13 25 &
391 1371 108 22 äfvensom
516 1378 26 15 ur
554 1373 28 20 74
597 1373 14 24 &
626 1372 32 21 uti
672 1370 238 28 landtdagsordningen.

82 1399 74 21 Praxis
180 1399 34 21 vid
225 1399 69 22 denna
308 1399 103 28 landtdag
426 1401 56 21 talar
498 1401 65 21 också
578 1400 33 21 för
626 1407 25 14 en
668 1400 66 21 sådan
749 1398 162 27 sammanjemk-

82 1428 57 27 ning.
169 1428 42 27 Jag
233 1428 38 21 ber
288 1430 33 20 att
336 1429 21 21 fä
373 1429 70 21 erinra
459 1431 33 19 att
508 1429 27 21 dä
550 1429 61 26 fräga
627 1435 34 15 om
676 1429 79 21 valrätt
770 1428 40 22 och
825 1427 86 21 valbar-

81 1456 37 21 het
142 1457 32 20 till
197 1456 164 28 landtdagsman
383 1457 7 21 i
412 1457 183 28 Borgareständet
618 1457 91 27 förevar,
725 1457 54 21 hade
794 1459 33 19 tre
842 1455 68 22 Ständ

81 1487 87 19 stannat
183 1485 32 21 uti
231 1488 31 19 ett
277 1485 70 22 beslut
362 1486 40 21 och
411 1487 36 20 det
462 1486 68 27 fjerde
545 1486 32 21 uti
592 1487 32 20 ett
639 1487 71 20 annat.
733 1485 94 22 Sålunda
834 1483 76 27 skulle,

82 1513 26 22 dä
131 1513 93 28 lagenlig
245 1514 111 27 pluralitet
377 1514 6 21 i
406 1514 70 22 denna
499 1514 177 28 grundlagsfräga
691 1514 46 21 icke
752 1513 91 25 vunnits,
860 1512 51 22 den-
