1109 1786
277 112 180 22 Borgareståndet
469 113 55 17 1877.
548 113 13 16 2
573 112 121 17 November.
847 107 54 20 1629

70 183 110 26 Uleåborg
194 181 108 27 trettiosju
318 181 43 27 mil,
377 181 82 21 således
475 181 81 21 inemot
571 179 123 22 tredubbelt
710 180 36 21 det
757 180 86 21 afständ
856 186 46 15 som

66 211 99 22 Joensuu
180 210 39 22 har
234 210 33 21 till
282 209 93 28 Kuopio.
405 209 94 22 Hvarför
515 209 127 22 läroverken
658 209 68 21 skulle
741 209 25 21 så
781 211 42 19 tätt
839 215 63 20 paras

71 240 35 21 vid
121 239 121 22 hvarandra
257 239 7 20 i
279 245 26 15 en
321 239 24 20 så
361 238 68 27 ödslig
445 238 40 21 och
501 237 99 22 obebodd
617 239 34 20 ort
666 243 46 15 som
728 243 65 16 norra
802 237 99 26 Karelen,

71 269 40 20 har
131 274 49 15 man
203 268 58 21 svårt
283 270 32 19 att
337 266 74 22 förstå.
441 267 96 21 Joensuu
557 273 45 14 som
618 266 49 21 stad
681 266 42 21 kan
739 266 35 21 väl
789 266 48 21 icke
849 266 53 27 jem-

71 297 59 21 föras
149 296 48 22 med
221 296 26 21 de
269 296 72 20 städer
357 301 45 15 som
418 295 7 21 i
441 295 100 21 afseende
557 295 13 21 å
585 295 99 21 läroverk
699 296 38 20 äro
753 295 90 27 ungefär
858 295 44 21 lika

72 325 83 21 lottade
177 330 45 16 som
245 324 102 22 Joensuu.
377 323 135 28 Björneborg
534 325 15 19 t.
573 330 32 14 ex.
621 325 25 19 är
661 329 26 15 en
703 323 48 21 stad
767 329 45 15 som
829 329 73 15 svarar

72 358 33 17 tre
128 354 80 27 gånger
231 356 57 18 emot
303 353 102 21 Joensuu.
437 352 124 21 Detsamma
577 354 24 19 är
615 351 145 21 förhållandet
776 352 48 21 med
840 351 62 22 Tam-

72 382 97 26 merfors,
185 381 40 22 och
239 381 52 22 flere
307 381 66 21 andra
389 381 78 21 städer.
498 380 42 22 Det
556 382 24 19 är
595 380 82 21 således
693 380 7 21 i
716 380 115 26 synnerhet
847 380 55 22 hvad

68 411 101 21 Joensuu
189 410 66 27 angår
271 416 44 15 som
329 410 38 26 jag
381 410 119 26 tillstyrker
516 410 120 25 antagande
652 408 24 22 af
689 408 122 22 Utskottets
827 409 75 22 betän-

73 440 77 25 kande,
169 446 47 15 men
232 438 62 22 äfven
309 439 8 20 i
333 438 68 28 öfriga
417 438 65 26 delar,
499 444 64 15 anser
575 438 38 27 jag
628 438 43 26 mig
687 438 52 20 böra
755 438 88 21 förorda
858 444 44 15 mo-

74 470 80 20 mentet
169 468 31 27 m)
216 467 66 27 enligt
297 473 82 15 samma
395 466 141 22 betänkande.

143 525 56 21 Herr
221 524 114 28 Öhberg:
367 524 70 22 Sedan
461 524 91 22 Ständet
574 524 78 21 uttalat
675 524 40 21 den
731 524 55 26 äsigt
801 526 33 19 att
849 523 53 21 bild-

73 554 163 27 ningsbehofvet
258 553 65 22 borde
347 553 126 25 bestämma,
494 552 34 23 öm
552 559 25 15 en
593 552 61 22 skola
669 552 55 22 skall
740 553 27 26 pä
783 558 25 16 en
824 555 34 19 ort
872 552 30 21 in-

74 585 69 19 rättas
166 583 52 20 eller
240 583 53 25 icke,
309 583 24 21 sä
349 588 62 15 anser
424 582 37 27 jag
477 582 37 21 det
530 582 123 26 visserligen
670 588 88 14 numera
773 587 51 15 vara
840 581 62 25 klart,

72 614 35 18 att
130 618 25 14 en
172 611 76 21 svensk
263 610 61 22 skola
342 610 3 21 i
361 611 84 26 Kuopio
462 610 40 21 bör
517 610 163 27 upprätthällas.
712 609 27 22 Af
753 609 150 27 skolöfversty-

74 640 81 21 relsens
177 639 118 22 statistiska
311 639 102 27 öfversist
428 639 100 26 framgår,
544 641 33 19 att
593 639 36 21 det
644 638 69 22 finska
727 638 122 22 läroverket
864 638 40 21 har

73 669 99 21 nittiotre
187 668 70 22 elever
272 674 45 15 som
333 668 64 21 hafva
412 668 105 21 svenskan
533 667 32 21 till
581 667 135 21 modersmål.
739 667 115 21 Dessutom
864 666 39 22 har

74 698 7 20 i
96 698 75 21 staden
186 697 98 27 uppstätt
299 702 26 16 en
341 697 70 27 privat
425 696 78 21 svensk
518 696 67 26 skola,
598 702 45 15 som
660 696 39 21 har
714 696 97 26 tjugusex
827 696 76 25 elever,

75 726 83 21 säledes
180 725 186 22 etthundranitton
388 726 70 20 elever
481 731 45 15 som
545 724 70 22 skulle
635 725 72 21 kunna
722 724 134 27 fregventera
872 726 31 19 ett

73 755 88 21 svenskt
176 754 103 21 läroverk.
303 754 50 21 Man
369 754 42 20 kan
427 754 53 21 visst
495 755 58 25 säga,
570 755 33 19 att
618 754 26 20 de
660 753 53 21 barn
729 759 45 15 som
791 759 28 15 nu
834 752 69 22 blifvit

73 785 59 19 satta
154 783 7 21 i
184 783 36 21 det
235 782 69 22 finska
319 782 129 25 läroverket,
465 782 68 22 ehuru
549 782 26 21 de
586 782 64 21 hafva
665 782 71 26 utgätt
751 781 46 21 frän
813 781 91 21 svenska

74 812 56 26 hem,
153 818 44 20 nog
218 811 71 21 kuana
304 811 24 21 sä
344 811 84 27 mycket
444 810 76 27 finska,
536 813 33 19 att
585 810 26 22 de
626 810 72 22 kunna
713 810 50 21 reda
779 810 32 26 sig
825 810 31 20 uti
872 812 31 19 ett

75 840 99 21 läroverk
194 840 47 21 med
264 839 65 22 finskt
351 839 234 27 undervisningsspräk.
616 839 45 21 Och
685 840 57 20 ännu
757 838 70 22 bättre
842 838 62 22 skola

74 868 28 22 de
125 868 71 22 kunna
219 868 51 27 följa
290 868 55 24 med,
369 874 34 15 om
426 869 26 21 de
475 875 26 14 en
524 868 31 21 tid
570 868 55 21 varit
641 868 43 21 der.
715 867 49 22 Men
780 868 61 20 dessa
856 866 47 22 frän

76 897 89 21 svenska
188 897 48 21 hem
258 897 109 27 utgängna
389 897 52 21 barn
464 897 62 20 skola
547 903 76 20 genom
646 895 177 27 undervisningen
839 896 6 20 i
862 895 40 21 den

74 925 70 22 finska
163 925 76 22 skolan
261 927 63 25 göras
346 925 132 21 främmande
501 925 33 21 för
556 925 38 21 sitt
612 924 48 21 hem
680 925 39 20 och
735 923 105 28 aflägsnas
856 923 47 22 frän

75 955 107 20 föräldrar
203 954 40 21 och
257 954 85 27 syskon,
359 960 44 15 som
419 954 48 21 icka
483 954 72 21 kunna
571 953 51 28 följa
638 953 48 21 med
702 954 62 20 deras
779 953 102 26 framsteg
896 953 7 20 i

75 983 99 21 vetande.
205 983 162 21 Motständarne
385 982 33 21 till
434 982 91 22 svenska
540 982 133 26 tungomälet
688 982 39 21 och
742 982 90 21 svenska
848 981 55 21 bild-

75 1011 78 26 ningen
169 1011 61 22 skola
246 1011 72 22 säkert
333 1011 62 27 påstå
410 1013 32 19 att
457 1011 43 21 alla
515 1011 128 21 innevånare
659 1011 6 20 i
681 1010 84 27 Kuopio
781 1016 42 21 nog
838 1010 66 21 förstå

75 1039 84 22 finskan
175 1040 23 21 sä
213 1040 84 27 mycket
312 1042 32 19 att
360 1040 27 21 de
401 1039 72 22 kunna
489 1039 51 27 följa
556 1039 49 22 med
620 1039 47 21 sina
682 1039 63 21 barns
760 1038 123 27 utveckling
898 1039 6 20 i

76 1068 82 21 skolan.
189 1069 41 26 Jag
252 1071 46 18 tror
321 1069 54 21 dock
397 1068 47 21 icke
466 1070 33 19 att
522 1068 24 21 sä
569 1070 24 19 är
608 1067 73 26 fallet;
699 1074 48 15 man
762 1068 42 20 kan
821 1067 84 27 mycket

75 1096 36 22 väl
126 1097 99 28 uttrycka
241 1097 32 26 sig
288 1103 33 15 om
338 1097 115 26 alldagliga
468 1097 64 21 saker
547 1097 40 21 och
603 1097 71 20 känna
686 1097 181 25 benämningarna
877 1096 28 26 pä

74 1126 29 21 de
118 1126 6 20 i
141 1126 84 27 dagliga
240 1126 59 21 lifvet
315 1126 127 21 allmännast
457 1125 174 22 förekommande
647 1125 63 21 saker
725 1127 51 19 utan
792 1126 31 19 att
833 1125 72 20 känna

73 1155 43 20 den
137 1154 134 27 terminologi
287 1161 45 14 som
348 1155 6 20 i
370 1154 51 21 vära
437 1154 67 27 dagar
520 1155 88 25 skapats
623 1154 40 21 och
680 1153 132 22 fortfarande
826 1153 79 26 skapas

74 1183 8 20 i
98 1183 159 27 vetenskapliga
272 1183 40 21 och
327 1183 112 21 abstrakta
455 1185 84 19 ämnen.
555 1183 66 21 Detta
637 1183 84 20 bevisas
736 1182 61 21 äfven
806 1181 21 21 af
838 1181 66 25 fakta,

76 1217 46 15 som
144 1211 86 28 nyligen
253 1211 99 21 omtalats
375 1212 7 20 i
405 1211 191 28 tidningspressen.
629 1210 84 28 Kuopio
733 1210 68 22 finska
823 1210 83 27 tidning

75 1240 114 21 berättade
205 1242 32 19 att
252 1241 7 20 i
274 1246 26 15 en
316 1240 96 21 säkallad
428 1239 55 22 finsk
499 1240 67 21 klubb
581 1240 6 21 i
599 1239 84 28 Kuopio
693 1239 140 27 delegarene
827 1235 9 36 i
844 1239 61 20 klub-

75 1268 42 21 ben
138 1269 48 21 icke
207 1269 70 21 kunde
297 1269 46 20 föra
359 1269 38 20 sitt
412 1269 112 26 samspråk
540 1269 27 26 pä
583 1268 68 21 finska
667 1271 52 18 utan
734 1268 67 21 måste
817 1267 33 22 till
865 1267 41 21 tid-

76 1297 89 26 ningens
180 1299 60 20 stora
256 1297 131 22 bedröfvelse
403 1297 97 27 begagna
515 1297 112 22 svenskan.
643 1297 78 21 Kunna
729 1297 26 21 de
763 1296 83 22 säledes
858 1296 48 21 icke

76 1326 8 20 i
99 1325 80 28 dagens
194 1325 71 28 frägor
281 1326 91 21 samtala
387 1326 28 27 pä
446 1326 60 26 finska,
522 1327 24 20 sä
561 1326 72 21 kunna
650 1326 25 21 de
692 1327 56 20 ännu
761 1325 81 21 mindre
854 1324 52 27 följa

76 1354 48 21 med
140 1355 47 20 sina
203 1354 63 21 barns
282 1355 151 26 undervisning
449 1355 36 20 der
502 1355 40 21 den
559 1355 49 20 sker
619 1355 27 26 pä
661 1355 60 20 detta
735 1354 71 27 spräk.
828 1353 78 22 Derför

76 1383 67 21 finnes
160 1383 36 22 det
210 1383 40 21 allt
265 1383 46 21 skäl
326 1384 33 21 för
375 1383 131 27 antagandet
521 1383 22 22 af
557 1383 56 21 Herr
628 1383 119 26 Lindbergs
763 1383 38 21 och
817 1382 43 21 min
871 1387 35 21 pe-

75 1412 65 21 tition
156 1413 33 20 att
203 1412 7 21 i
226 1411 85 27 Kuopio
327 1412 54 21 skall
397 1412 91 21 inrättas
505 1414 31 19 ett
551 1412 87 21 svenskt
653 1412 106 21 läroverk.
789 1411 33 21 Dä
837 1410 69 21 denna

76 1440 90 27 petition
182 1441 47 20 icke
244 1441 7 20 i
267 1441 113 20 Allmänna
395 1441 200 21 Besvärsutskottet
610 1440 69 22 erhöll
694 1440 115 21 understöd
817 1439 25 22 af
848 1439 58 21 med-

76 1469 116 21 lemmarne
215 1469 47 21 frän
285 1469 26 21 de
333 1469 70 27 öfriga
425 1469 103 27 Ständen,
551 1469 23 21 sä
589 1469 66 27 ansäg
668 1469 37 26 jag
721 1469 35 21 det
772 1467 134 27 öfverflödigt

75 1499 34 19 att
130 1497 73 27 bifoga
225 1498 59 21 detta
307 1497 135 22 betänkande
465 1504 26 14 en
510 1497 137 27 reservation,
671 1504 49 15 men
733 1497 36 27 jag
784 1496 37 22 vill
836 1496 71 22 derför
