1109 1786
191 121 55 22 1830
385 126 180 22 Borgareståndet
579 128 56 17 1877.
655 128 22 17 17
689 127 122 18 November.

189 195 84 22 formen
294 195 34 22 för
350 195 116 27 bevillning
489 195 91 22 kommit
603 197 33 20 att
657 195 74 22 betala
753 198 62 20 mest.
846 197 32 21 De
893 197 68 23 andra
975 203 47 16 som

189 224 56 22 hade
261 226 89 20 motsatt
365 224 32 27 sig
411 224 126 27 petitionen,
553 225 26 21 de
595 225 87 21 komma
711 225 8 21 i
733 225 76 27 sjelfva
821 225 75 22 verket
907 227 34 20 att
951 226 71 22 betala

190 259 26 15 en
231 253 82 26 ganska
328 253 62 34 ringa
404 252 97 26 bråkdel,
524 259 35 16 om
575 253 99 33 afgiften
683 253 108 28 uppbäres
807 253 55 22 efter
878 254 144 27 mantalspen-

188 287 46 27 gar,
250 283 23 25 ty
289 281 26 21 de
331 283 38 19 äro
385 281 27 21 de
434 281 121 27 fåtaligaste
570 281 83 22 klasser
668 281 7 21 i
691 282 80 22 landet.
802 282 33 21 Då
850 289 26 14 en
892 283 56 26 gång
962 283 60 27 fråga

189 311 25 19 är
229 315 35 15 om
279 315 26 16 en
317 309 62 27 afgift
393 316 45 15 som
449 309 55 22 skall
511 310 140 25 utdebiteras,
659 310 24 22 så
692 310 69 22 måste
769 316 51 16 man
829 311 35 21 väl
868 317 54 21 vara
931 311 90 22 betänkt

189 338 29 27 på
233 340 32 20 att
288 338 70 22 denna
379 338 62 27 afgift
462 337 78 23 blifver
554 338 25 22 så
594 339 48 21 litet
663 339 136 27 betungande
814 345 46 15 som
877 339 91 27 möjligt;
985 340 36 21 det

189 366 69 22 finnes
273 366 47 22 icke
343 366 66 27 något
423 367 47 21 skäl
492 368 32 20 att
538 369 54 23 göra
608 368 40 21 den
663 367 74 22 alltför
752 367 144 28 betungande.
926 368 38 22 Att
979 368 42 22 för-

190 395 49 22 dela
254 396 41 21 den
310 396 28 26 på
353 396 42 21 fem
411 396 29 26 år,
457 396 69 21 såsom
545 396 227 27 Bevillningutskottet
787 396 117 27 föreslagit,
919 396 39 22 har
972 397 48 21 haft

189 424 78 27 många
289 424 57 28 goda
368 424 47 21 skäl
437 424 34 22 för
485 424 33 27 sig
537 424 57 22 helst
609 424 73 27 hvarje
697 430 70 16 annan
784 424 116 28 bevillning
914 426 65 21 också
994 426 27 26 på

189 458 83 16 samma
294 454 44 20 sätt
360 452 71 22 blifvit
453 452 98 22 bestämd
574 455 33 20 att
622 453 93 21 fördelas
731 454 28 26 på
774 453 41 21 fem
832 454 30 20 år.
893 454 127 26 Derigenom

189 480 92 22 erhålles
296 482 109 21 dessutom
421 487 26 15 en
462 481 129 27 fullkomligt
604 482 60 26 jemn
678 482 124 27 beräkning,
819 482 36 21 det
863 482 75 22 blifver
946 483 74 21 trettio

189 510 64 26 penni
274 516 39 21 per
335 516 49 15 man
400 510 39 22 och
456 510 80 22 femton
552 516 39 20 per
606 511 85 26 qvinna.
721 511 42 26 Jag
787 510 117 27 medgifver
918 513 32 19 att
965 511 56 21 Herr

189 538 105 22 Masalins
319 538 80 28 förslag
421 538 65 22 också
500 538 8 22 i
523 538 78 28 många
621 539 135 21 hänseenden
773 540 24 20 är
811 539 82 28 ganska
908 539 112 27 praktiskt,

190 567 40 22 och
243 567 38 28 jag
296 569 46 20 tror
356 569 33 20 att
412 567 112 22 Utskottet
540 568 34 21 för
593 568 32 21 sin
641 568 35 21 del
691 568 47 21 icke
755 568 69 21 skulle
840 567 46 22 helt
900 569 40 20 och
955 568 66 21 hållet

190 595 56 22 varit
265 599 58 18 emot
346 598 33 19 att
399 596 75 21 förena
496 596 32 27 sig
552 597 80 25 derom,
656 602 35 15 om
707 596 60 21 detta
788 596 79 27 förslag
882 596 55 22 hade
952 596 69 22 blifvit

189 624 92 27 tidigare
304 624 128 22 framstäldt.
462 624 50 22 Men
535 624 75 27 frågan
627 631 37 15 var
685 624 23 22 af
721 624 112 22 Utskottet
849 625 65 21 redan
930 625 90 27 afgjord,

189 654 40 20 när
250 652 57 22 Herr
328 653 102 21 Masalins
452 652 79 28 förslag
554 653 104 21 förekom.
689 653 34 21 Då
741 654 69 26 begge
826 654 62 20 dessa
902 653 80 28 förslag
997 654 23 21 så

190 681 121 27 obetydligt
327 681 63 27 skilja
405 682 32 26 sig
451 682 47 21 från
515 682 128 26 hvarandra,
659 681 40 22 och
715 682 36 21 det
767 688 40 15 ena
822 684 25 19 är
859 682 43 21 lika
914 682 106 26 praktiskt

189 716 47 16 som
259 710 36 22 det
316 710 75 26 andra,
413 710 24 22 så
460 710 74 27 tycker
553 710 38 27 jag
607 711 36 21 det
661 710 47 22 icke
725 716 52 16 vara
791 711 66 26 något
872 710 47 22 skäl
934 712 32 20 att
982 710 38 22 här

191 738 74 28 frångå
281 739 41 21 den
337 738 83 28 princip
435 745 46 15 som
496 739 36 21 vid
546 739 44 21 alla
606 739 67 21 andra
688 738 141 28 bevillningar
845 739 117 27 iakttagits.

259 796 56 21 Herr
335 796 143 21 Boström:
516 796 41 27 Jag
580 796 33 21 för
633 796 44 21 min
700 796 35 21 del
751 796 69 27 hyllar
840 796 26 22 de
881 796 78 27 åsigter
974 802 46 16 som

190 824 57 22 Herr
261 824 96 22 Höckert
371 825 80 21 uttalat
466 824 111 26 angående
591 825 122 27 grunderna
730 824 34 22 för
779 825 129 27 utgörandet
918 825 23 21 af
952 825 68 21 denna

190 852 193 28 bevillningsskatt,
405 859 47 16 men
476 854 41 20 kan
533 853 7 21 i
556 855 90 19 motsats
669 853 32 21 till
717 853 80 22 honom
813 853 46 22 icke
875 853 53 27 hysa
942 853 26 22 de
984 853 36 21 be-

189 881 145 27 tänkligheter
348 888 46 14 som
409 882 42 21 han
467 882 39 20 har
522 882 83 21 uttalat.
637 881 102 22 Tvärtom
755 888 64 15 anser
831 882 39 27 jag
884 882 75 27 frågan
969 888 51 15 vara

191 910 27 27 på
233 911 32 20 ett
287 909 135 28 synnerligen
437 910 87 27 lyckligt
546 912 43 19 sätt
605 910 42 21 löst
661 916 77 21 genom
755 910 56 21 Herr
826 909 130 23 Grotenfelts
972 910 48 21 med

189 938 64 22 fleras
275 939 138 21 reservation.
444 939 32 21 De
498 939 46 21 skäl
568 939 62 21 dessa
651 941 136 19 reservanter
808 938 66 22 hafva
888 939 79 21 uttalat
982 941 37 19 äro

190 968 24 21 så
229 967 159 28 öfvertygande,
404 969 32 20 att
451 967 97 22 deremot
562 967 48 22 icke
625 967 62 22 torde
703 968 73 21 kunna
791 967 97 27 inläggas
903 967 117 27 någonting

189 995 48 22 utaf
252 996 51 27 vigt.
333 996 42 27 Jag
389 995 86 22 förenar
490 996 42 27 mig
548 995 71 22 derför
634 996 7 21 i
657 996 43 21 alla
715 996 116 21 afseenden
848 1003 34 14 om
898 996 56 21 Herr
965 995 55 22 Gro-

189 1024 88 22 tenfelts
291 1024 132 23 reservation
438 1025 40 21 och
493 1026 39 25 gör
547 1025 38 21 det
594 1024 25 22 så
629 1024 86 27 mycket
725 1024 68 22 hellre
804 1031 46 15 som
862 1025 56 21 Herr
928 1024 92 22 Groten-

189 1053 40 22 felt
251 1053 50 27 sjelf
319 1055 25 20 är
362 1053 142 26 jordbrukare
519 1053 8 22 i
542 1053 74 22 landet
638 1053 41 22 och
699 1053 73 22 derför
787 1053 40 22 bör
842 1053 72 22 kunna
929 1053 91 21 bedöma

190 1081 41 22 den
247 1082 65 21 saken
335 1082 82 27 ganska
439 1082 41 21 väl.
512 1082 42 26 Jag
577 1081 97 22 anhåller
697 1081 73 22 derför
785 1083 32 20 att
838 1081 182 28 Borgareståndet

189 1111 68 21 måtte
280 1111 74 21 förena
376 1110 32 27 sig
430 1117 34 15 om
486 1110 69 21 denna
578 1110 137 27 reservation,
738 1110 91 22 såsom
817 1106 14 36 i
846 1110 42 22 alla
906 1110 114 22 afseenden

189 1139 233 22 öfverensstämmande
444 1139 47 22 med
515 1139 26 22 de
563 1139 81 27 äsigter
663 1139 40 21 och
724 1139 128 22 uttalanden
867 1145 46 16 som
929 1139 91 27 tidigare

189 1167 64 22 hafva
267 1168 58 26 gjort
340 1167 32 28 sig
387 1168 7 21 i
409 1167 90 23 Ständet
514 1167 99 27 gällande
629 1168 6 21 i
651 1167 70 22 denna
737 1167 47 22 sak.

258 1224 57 23 Herr
331 1224 140 27 Lindberg:
509 1224 33 22 Dä
565 1224 70 22 denna
657 1224 80 21 million
761 1224 103 27 anslagits
880 1224 34 21 för
936 1226 31 20 ett
988 1224 33 21 för

189 1254 48 21 värt
252 1253 149 22 fädernesland
421 1253 87 22 alldeles
522 1253 133 22 främmande
670 1253 71 26 behof,
757 1253 25 22 sä
797 1259 63 16 anser
873 1253 36 26 jag
925 1253 35 21 det
971 1259 50 15 vara

189 1283 65 26 nägot
270 1283 64 21 härdt
349 1285 32 19 att
397 1289 26 14 en
437 1281 81 28 ganska
533 1284 46 19 stor
594 1282 35 21 del
644 1281 22 22 af
681 1281 84 22 landets
776 1281 110 28 fattigaste
897 1281 124 28 befolkning

189 1317 77 22 genom
282 1314 31 19 att
330 1311 119 22 Ständerna
464 1311 27 25 pä
506 1312 31 20 ett
552 1310 77 22 sädant
644 1312 44 20 sätt
703 1316 46 15 som
766 1311 6 20 i
788 1310 69 22 denna
880 1310 61 27 fräga
963 1311 58 21 skett

189 1340 76 22 utöfva
279 1340 33 22 sin
327 1339 60 22 makt
401 1340 96 21 kommer
513 1341 33 19 att
561 1339 87 27 deltaga
669 1339 32 21 uti
717 1339 71 21 denna
803 1339 65 25 skatt,
883 1339 85 21 hvarför
982 1339 36 27 jag

188 1369 42 21 ock
253 1369 58 21 helst
332 1369 55 21 hade
411 1368 57 22 velat
483 1369 33 20 att
530 1370 70 25 steget
619 1367 55 22 hade
690 1367 65 28 tagits
772 1367 49 22 fullt
837 1370 31 23 ut,
884 1367 40 22 och
939 1369 31 20 att
985 1373 36 16 en-

188 1397 51 22 dast
255 1397 40 22 den
307 1397 8 22 i
330 1397 103 22 manta!
423 1399 57 19 satta
491 1396 77 27 jorden
584 1396 55 22 hade
654 1396 56 27 lagts
726 1396 31 21 till
779 1396 69 27 grund
862 1384 34 32 för
910 1396 112 21 bevillnin-

187 1432 50 21 gen.
269 1425 50 22 Men
343 1426 27 21 då
384 1425 49 27 inga
452 1425 90 32 utsigter
557 1427 38 20 äro
611 1426 32 20 att
658 1415 30 31 få
695 1426 32 20 ett
741 1416 79 30 sådant
834 1424 80 27 förslag
931 1424 91 33 igenom,

187 1454 27 22 så
229 1454 37 22 vill
287 1455 37 27 jag
339 1454 54 22 helst
409 1454 73 21 förena
503 1453 43 28 mig
561 1460 36 15 om
613 1453 56 22 Herr
684 1452 134 23 Grotenfelts
833 1453 139 26 reservation,
988 1452 34 22 så-

189 1488 47 16 som
251 1483 38 21 det
311 1482 80 28 förslag
404 1482 80 22 hvilket
501 1483 69 21 under
585 1488 29 15 nu
629 1481 142 23 förevarande
792 1481 148 22 förbållanden
954 1481 68 27 ligger

189 1513 98 20 närmast
301 1512 36 21 det
352 1512 64 21 rätta.
