1109 1786
281 122 179 22 Borgareståndet
473 123 56 17 1877.
554 123 23 17 15
589 123 122 16 November.
858 117 54 22 1813

81 191 100 22 behofvet
199 190 23 22 ai
237 191 73 21 skolor
325 191 7 21 i
347 191 120 22 Jakobstad
483 191 40 22 och
538 191 145 22 Kristinestad
699 192 69 21 måtte
784 197 62 16 anses
862 191 50 22 obe-

81 220 73 27 fogadt
169 220 40 21 och
223 219 114 28 grundlöst
352 222 56 19 samt
423 222 32 19 att
471 226 26 15 en
513 220 134 27 underdänig
663 220 90 27 petition
769 220 7 21 i
792 221 89 20 ärendet
892 220 22 21 af

80 249 182 26 Borgareständet
278 249 66 20 mätte
360 248 100 22 beslutas.

150 305 57 21 Herr
221 304 155 22 Vendelin:
407 304 120 28 Medgifvas
543 305 68 21 mäste
627 305 34 21 väl
676 306 33 20 att
717 305 36 21 det
762 306 90 21 vetande
860 312 52 20 ung-

82 334 76 21 domen
180 334 34 20 vid
235 334 159 26 genomgäende
410 333 24 21 af
448 340 25 15 en
490 333 118 27 tväklassig
623 333 113 27 realskola,
752 333 42 21 kan
810 334 102 26 inhemta,

82 362 69 21 mäste
173 362 66 21 blifva
254 362 162 27 knapphändigt
431 368 34 16 om
481 362 48 22 icke
544 362 99 22 eleverne
658 362 121 21 sedermera
795 364 36 19 äro
847 363 7 20 i
870 362 42 22 till-

80 390 50 22 fälle
153 393 32 19 att
209 391 100 21 fortsätta
332 391 31 21 sin
387 391 110 27 skolgång.
528 391 33 21 Då
577 391 59 21 detta
652 393 24 19 är
692 391 59 21 fallet
767 391 49 21 med
831 393 81 19 största

82 419 61 21 delen
166 419 23 21 af
211 420 25 21 de
259 420 77 24 elever,
359 426 46 14 som
428 420 81 20 besöka
527 419 122 22 realskolan
664 420 28 26 pä
708 419 40 21 den
764 422 41 24 ort,
818 420 38 26 jag
871 419 41 21 har

81 450 53 19 äran
156 450 154 25 representera,
331 448 24 21 sä
377 450 24 19 är
417 448 36 21 det
468 448 97 27 onekligt
581 450 33 19 att
629 449 84 26 mycket
728 448 33 21 för
777 448 47 21 dem
840 448 72 22 kunde

81 477 81 25 vinnas,
179 483 33 15 om
229 477 130 21 dervarande
370 477 106 21 realskola
492 477 69 21 blefve
576 477 103 27 utvidgad
694 476 32 22 till
741 483 26 15 en
783 476 127 28 fyraklassig

82 505 70 21 sädan.
185 506 42 21 Det
247 508 24 18 är
286 506 27 26 pä
329 506 60 20 dessa
405 506 45 20 skäl
467 506 41 21 och
526 506 27 26 pä
569 506 26 21 de
611 506 52 25 skäl,
680 511 46 15 som
741 512 26 14 en
783 505 129 27 föregäende

82 534 51 21 ärad
156 534 68 22 talare
247 534 38 21 här
301 534 38 21 har
355 534 78 24 anfört,
449 540 45 15 som
509 535 37 27 jag
562 534 69 21 skulle
648 534 32 21 till
697 534 90 21 Ständet
802 534 110 21 vördsamt

81 563 119 26 hemställa,
224 569 33 16 om
279 562 46 23 icke
349 562 90 23 Ständet
461 563 56 26 ville,
541 564 48 21 med
606 562 139 22 förkastande
760 562 24 22 af
797 563 115 21 Allmänna

81 592 209 21 Besvärsutskottets
306 591 110 21 utlätande
431 592 7 20 i
453 593 75 23 saken,
544 592 75 21 förena
635 592 31 26 sig
682 597 34 15 om
731 592 40 20 den
780 592 131 20 reservation

81 626 46 16 som
143 620 56 21 Herr
214 620 107 22 Törnroth
337 620 83 27 bifogat
436 620 34 21 till
487 620 152 22 betänkandet.

151 677 56 21 Herr
223 677 177 27 Chydenius:
427 677 42 21 Det
485 677 142 25 betänkande,
645 684 44 14 som
706 677 23 21 af
742 677 114 21 Allmänna
870 678 42 20 Be-

83 706 167 21 svärsutskottet
266 706 67 26 afgafs
349 706 110 27 angäende
475 706 105 27 lyceerna,
596 706 101 26 ätföljdes
713 706 22 21 af
743 712 26 15 en
779 706 131 21 reservation

81 734 47 22 utaf
150 735 56 21 Herr
222 734 120 26 Hornborg.
372 735 11 21 I
403 735 70 20 denna
489 735 131 21 reservation
636 734 109 22 utvecklas
761 741 25 15 en
802 735 56 27 äsigt
874 741 38 15 an-

82 763 81 27 gäende
179 763 150 25 realskolorna,
346 769 45 15 som
407 769 62 21 synes
485 764 43 26 mig
544 764 53 20 böra
613 770 50 14 vara
678 763 88 27 förtjent
781 763 47 21 utaf
848 764 61 21 Stän-

82 792 47 21 dets
144 792 120 27 synnerliga
280 792 194 26 uppmärksamhet.
506 792 75 21 Denna
597 792 55 26 äsigt
667 794 24 19 är
707 792 46 25 den,
769 794 32 19 att
817 792 94 21 realsko-

82 820 61 22 lorna
164 820 70 22 säsom
251 821 80 21 sädaua
345 820 47 22 icke
408 820 67 22 borde
490 821 67 21 skildt
571 820 116 22 förefinnas
703 823 51 18 utan
771 820 139 22 sammansläs

82 849 48 21 med
154 850 25 20 de
195 849 108 21 såkallade
319 850 103 26 lyceerna,
439 850 31 20 uti
487 850 71 20 hvilka
574 849 132 21 realskolans
722 849 75 21 kurser
812 850 98 20 väsendt-

82 878 56 26 ligen
162 878 67 20 skulle
252 880 108 19 motsvara
379 878 104 20 kurserna
499 878 35 21 för
550 878 26 21 de
591 878 59 26 lägre
666 878 116 26 klasserna,
797 878 24 21 sä
836 880 33 19 att
884 878 26 20 de

82 907 83 23 ämnen,
189 912 44 15 som
256 906 149 21 företrädesvis
428 906 64 27 skilja
516 907 40 20 den
573 906 109 21 säkallade
698 906 60 21 lärda
773 906 75 21 skolan
863 906 48 21 frän

82 935 127 25 realskolan,
225 935 104 26 nämligen
346 935 25 20 de
386 935 107 21 klassiska
508 935 111 21 studierna
635 935 69 21 skulle
719 935 84 20 inträda
819 935 54 20 först
884 935 28 26 pä

82 963 26 21 de
131 963 66 26 högre
220 963 115 22 klasserna.
366 964 76 21 Denna
464 963 58 27 äsigt
537 964 40 21 har
592 964 85 26 mycket
691 969 46 16 som
753 963 56 21 talar
823 963 34 21 för
872 964 38 25 sig.

82 991 49 22 Men
148 992 63 21 innan
225 992 37 27 jag
277 992 94 27 päpekar
385 993 68 20 andra
468 993 185 26 omständigheter
668 998 44 15 som
729 992 44 21 tala
789 992 77 25 derför,
874 991 37 22 vill

80 1020 36 27 jag
138 1023 52 24 säga
212 1023 32 19 att
263 1021 19 20 vi
299 1021 128 21 ätminstone
443 1021 6 20 i
466 1021 60 21 detta
543 1021 67 21 Ständ
626 1021 22 21 af
661 1021 111 26 praktiska
788 1021 40 21 och
844 1021 66 20 andra

82 1049 101 26 speciella
206 1049 53 26 skäl,
281 1049 105 26 nämligen
409 1050 50 20 vära
476 1050 220 26 spräkförhällanden,
712 1049 68 21 blifvit
795 1049 69 21 drifaa
879 1052 33 18 att

82 1078 54 27 yrka
156 1078 27 27 pä
206 1085 26 14 en
251 1078 90 27 ändring
356 1079 6 20 i
378 1079 26 20 de
420 1078 106 21 klassiska
542 1079 103 26 spräkens
661 1078 38 21 och
716 1078 121 21 studiernas
852 1078 59 20 ställ-

82 1107 50 26 ning
148 1107 105 26 nämligen
271 1107 61 20 deras
348 1107 159 26 uppskjutande
522 1107 74 26 längre
612 1107 61 21 fram.
703 1107 57 26 Vilja
776 1107 18 20 vi
810 1106 101 21 fasthälla

82 1135 70 21 denna
175 1135 62 28 äsigt,
253 1136 24 20 sä
292 1135 159 21 sammanfaller
467 1136 41 21 den
526 1136 47 21 med
589 1136 40 21 den
645 1136 62 25 äsigt,
723 1141 44 15 som
784 1135 128 21 reservatio-

81 1169 41 16 nen
145 1164 52 26 eljes
219 1164 39 21 och
281 1164 24 21 af
326 1165 66 20 andra
408 1164 46 21 skäl
471 1165 88 24 uttalar,
575 1164 52 21 eller
643 1166 32 19 att
691 1165 26 20 de
732 1163 105 22 klassiska
852 1164 58 26 sprä-

80 1192 52 21 kens
155 1192 102 26 ställning
279 1192 69 21 blefve
368 1192 89 21 ändrad.
489 1192 62 22 Huru
567 1192 85 28 mycket
667 1193 44 26 vigt
727 1192 39 21 och
782 1192 64 21 värde
862 1198 48 14 man

81 1222 26 19 än
131 1221 34 21 mä
189 1222 62 25 lägga
265 1221 28 27 pä
309 1221 26 21 de
351 1221 106 21 klassiska
472 1221 119 27 studierna,
607 1221 24 22 sä
647 1223 37 19 äro
701 1221 25 21 de
743 1220 53 22 dock
811 1220 47 22 icke
874 1220 37 22 ab-

81 1249 56 21 solut
152 1250 141 26 nödvändiga.
324 1250 31 21 De
373 1249 101 22 behöfvas
489 1250 48 21 icke
552 1250 34 21 för
601 1251 67 26 nägra
683 1249 99 27 speciella
797 1249 72 27 yrken,
885 1250 27 20 de

80 1277 104 22 behöfvas
205 1279 76 20 endast
305 1278 33 21 för
358 1285 25 14 en
400 1278 65 27 högre
482 1279 127 26 uppdrifven
626 1279 95 32 bildning
737 1278 38 21 och
791 1278 73 21 kunna
879 1277 33 22 till

80 1306 40 21 och
136 1307 48 20 med
201 1307 33 21 för
249 1307 68 21 denna
333 1307 114 21 undvaras.
477 1307 34 21 De
527 1307 101 21 behöfvas
644 1308 7 20 i
667 1307 43 21 alla
725 1307 112 21 händelser
853 1312 59 15 mera

80 1335 34 20 för
138 1335 41 21 den
202 1335 67 22 finare
292 1335 122 33 bildningen
437 1337 26 19 än
480 1336 35 21 för
530 1338 32 19 att
577 1336 72 21 kunna
665 1336 55 21 lefva
735 1335 7 22 i
758 1335 25 22 de
799 1335 111 21 samhälls-

80 1363 153 33 förhållanden,
255 1365 6 20 i
283 1365 73 20 hvilka
372 1365 19 20 vi
408 1364 86 21 befinna
510 1371 40 15 oss.
582 1365 42 21 Det
639 1367 25 19 är
679 1365 65 26 detta,
759 1370 45 15 som
821 1364 66 21 redan
904 1363 6 21 i

80 1392 39 22 och
142 1392 33 21 för
191 1393 32 26 sig
238 1393 49 27 sjelf
301 1393 56 21 talar
371 1393 33 21 för
419 1395 33 19 att
468 1393 48 21 icke
532 1393 69 28 bygga
617 1393 117 22 förnämsta
749 1393 61 21 delen
826 1393 25 20 af
864 1393 48 20 värt

80 1409 141 34 skolväsende
244 1421 27 28 pä
294 1421 61 22 dessa
377 1422 87 21 studier.
497 1422 41 21 Lät
561 1422 40 21 den
625 1428 52 15 vara
693 1422 40 21 den
750 1421 100 24 blomma,
866 1427 45 14 som

80 1450 39 21 den
144 1449 66 22 finare
233 1450 121 27 bildningen
377 1450 77 27 pryder
479 1451 34 26 sig
536 1451 55 25 med,
611 1451 36 21 det
662 1453 24 18 är
700 1451 7 20 i
723 1450 42 21 alla
781 1450 37 21 fall
840 1450 72 26 något,

79 1481 51 19 utan
154 1479 81 21 hvilket
255 1485 48 15 man
319 1479 42 20 kan
377 1479 85 21 komma
478 1479 34 21 till
528 1481 65 19 rätta.
623 1479 50 21 Man
689 1479 42 21 kan
747 1485 49 15 vara
813 1477 57 22 bäde
885 1484 26 15 en

79 1507 41 28 god
144 1507 39 21 och
207 1508 69 26 nyttig
298 1507 140 27 medborgare
461 1510 53 18 utan
538 1508 61 21 dessa
623 1507 87 22 studier.
740 1508 49 20 Men
813 1513 34 15 om
863 1512 49 16 man
