1109 1786
200 119 57 22 2150
396 118 191 43 ”Borgareståndet
599 125 54 18 1877.
677 127 16 31 4
703 118 118 43 December.

199 193 56 22 dock
270 196 59 19 emot
343 193 29 22 all
388 194 97 26 billighet
504 194 92 21 särskild
611 195 63 20 karta
689 195 33 20 för
737 194 141 27 borgarebref
892 194 65 22 blifva
972 195 59 21 bibe-

199 221 78 27 hällen,
294 222 24 21 sä
333 222 66 21 borde
411 223 26 21 de
453 223 109 21 nedsättas
573 223 46 21 icke
628 223 55 21 blott
693 223 32 21 till
737 223 56 21 hvad
803 223 41 21 den
855 223 118 27 Kejserliga
983 229 47 21 pro-

199 251 122 26 positionen
343 251 118 21 innehåller
483 251 52 22 eller
557 251 34 21 för
614 251 66 22 första
703 251 96 22 klassens
823 251 121 22 handlande
963 251 67 22 sextio

200 279 69 23 mark,
286 279 33 21 för
335 280 39 20 den
390 280 67 20 andra
472 280 76 27 fyratio
565 279 39 22 och
620 281 40 19 den
676 280 68 26 tredje
760 280 60 26 tjugu
836 281 66 26 mark,
913 283 51 19 utan
975 282 56 19 ännu

200 307 131 22 derutöfver.
361 308 40 27 Jag
416 308 65 27 yrkar
495 308 91 22 sålunda
601 311 32 19 att
649 314 54 20 man,
720 308 33 21 för
768 308 40 22 den
825 308 139 22 oförmodade
979 310 51 20 hän-

200 336 74 21 delsen
290 338 32 20 att
338 337 92 21 särskild
453 336 245 28 stämpelpappersafgift
713 336 70 22 blefve
798 337 122 21 bibehållen
936 338 32 20 för
983 338 49 21 bor-

199 364 106 27 garebref,
321 365 82 21 hvilket
418 366 84 21 komme
518 367 32 19 att
565 366 69 20 strida
649 368 58 18 emot
722 366 40 20 den
776 365 22 21 af
808 365 120 22 Ständerna
938 369 94 24 antagna

200 394 248 26 näringsförfattningen,
475 394 62 21 dessa
560 394 84 27 afgifter
667 394 34 21 mä
724 394 111 22 nedsättas
856 394 32 22 till
911 395 120 26 respektive

200 422 87 27 fyratio,
295 423 60 26 tjugu
368 423 40 21 och
418 423 31 21 tio
465 423 67 21 mark.
557 423 50 21 Men
618 423 35 27 jag
663 423 82 27 hoppas
760 426 33 18 att
807 423 62 21 äfven
886 423 35 21 det
936 423 46 21 icke
997 424 35 20 må

201 450 93 22 behöfva
316 451 85 21 komma
417 452 6 20 i
438 452 60 26 fråga
520 454 51 18 utan
595 452 59 20 detta
676 452 118 26 stadgande
811 452 6 20 i
833 452 72 21 stället
920 452 110 26 uteslutas,

200 479 25 21 så
240 481 33 19 att
289 480 142 26 bevillningen
447 480 67 21 måtte
529 480 98 27 upphöra
642 480 65 21 sedan
723 480 74 27 sjelfva
809 480 120 27 privilegiet
940 480 92 27 upphört

199 507 42 22 och
258 508 178 27 näringsfribeten
451 508 69 22 blifvit
535 508 113 22 utsträckt.

273 565 55 22 Herr
342 566 149 27 Ignatius:
520 566 35 21 Dä
570 566 106 21 utskottet
692 566 93 21 bibehöll
802 566 69 21 denna
886 566 12 27 $
914 566 66 21 under
996 573 35 14 ru-

200 593 77 21 briken
301 595 152 26 ,borgarebref
473 595 33 20 för
521 595 128 24 handlande,
665 595 108 21 fabrikant
789 600 18 15 o.
825 600 16 15 s.
857 596 31 19 v.*
904 595 24 21 sä
943 601 37 14 var
995 595 36 21 det

200 622 108 22 utskottet
331 623 123 27 visserligen
474 623 46 21 icke
542 623 95 21 obekant
655 626 32 18 att
703 630 25 14 en
744 630 28 20 ny
788 623 122 27 näringslag
926 629 36 15 var
977 623 54 21 före-

201 652 49 26 lagd
267 652 70 20 denna
352 652 101 26 landtdag
469 652 38 20 och
524 652 60 21 äfven
601 652 54 21 hade
671 652 28 21 all
715 652 144 26 förhoppning
874 654 32 18 att
916 652 35 20 vid
962 652 69 21 denna

200 680 104 26 landtdag
324 680 65 21 blifva
409 683 100 23 antagen,
531 687 48 14 men
592 680 45 27 just
658 680 89 22 emedan
763 680 69 21 denna
848 680 38 21 sak
901 680 6 21 i
923 680 43 21 alla
981 680 49 21 hän-

200 708 71 21 delser
287 710 57 20 ännu
359 710 24 19 är
399 709 105 21 beroende
515 710 27 26 pä
553 709 135 27 regeringens
698 709 162 27 godkännande,
871 708 66 28 ansäg
948 709 83 21 utskot-

200 739 33 19 tet
256 737 75 26 nödigt
353 739 32 19 att
403 738 44 21 låta
463 738 38 21 den
518 737 70 27 gamla
603 738 102 20 rubriken
722 737 93 27 gvarstä.
846 737 110 21 Utskottet
970 737 61 27 hyste

200 766 48 21 icke
271 766 69 26 nägon
363 766 66 21 sädan
452 766 95 26 farhäga,
571 772 45 15 som
639 766 56 21 Herr
718 766 97 26 Procop6
833 766 85 26 uttalat,
938 768 32 19 att
986 766 44 21 ifall

201 794 208 27 borgarebegreppet
430 794 67 22 skulle
521 794 104 28 upphöra,
647 801 48 15 man
716 796 47 20 icke
778 795 57 27 förty
850 794 68 22 skulle
933 794 49 27 vilja
998 797 32 19 ut-

201 822 61 22 färda
285 822 142 28 borgarebref.
458 825 40 19 Det
520 825 24 19 är
567 823 28 27 pä
613 824 70 20 denna
697 824 69 26 grund
783 823 39 21 och
839 823 27 21 dä
876 824 37 26 jag
928 823 45 21 icke
988 824 42 21 kan

201 854 34 18 tro
251 854 32 18 att
299 852 150 26 gvarstäendet
464 852 22 21 af
499 852 62 21 dessa
576 852 61 21 titlar
648 852 40 21 kan
700 852 95 22 medföra
806 852 40 21 den
858 853 92 25 ringaste
961 852 70 25 oreda,

200 886 47 15 som
260 880 39 27 jag
314 880 68 21 skulle
397 887 50 14 anse
461 882 31 19 att
508 881 26 20 de
550 881 67 20 borde
631 881 22 20 fä
669 882 91 25 gvarstä.
792 880 62 21 Hvad
870 880 47 21 äter
932 881 40 20 den
988 887 43 14 om-

199 909 152 26 ständigheten
368 909 99 21 beträffar
482 911 32 19 att
524 909 107 21 utskottet
643 909 98 26 förhöjde
750 909 62 21 dessa
820 909 92 26 afgifter,
922 909 22 21 sä
952 909 79 21 skedde

199 937 39 21 det
254 937 71 21 derför
341 940 32 19 att
388 944 26 15 en
429 938 66 21 sådan
516 937 119 27 förhöjning
651 937 39 22 har
705 938 114 26 försiggätt
835 938 48 21 med
899 939 74 20 nästan
988 938 44 21 alla

201 965 68 21 andra
291 968 78 24 poster.
400 967 41 26 Jag
460 966 32 21 får
508 966 32 21 för
557 967 64 26 öfrigt
639 967 112 21 hemställa
768 966 31 21 till
816 966 96 25 Ständet,
928 966 104 21 huruvida

201 994 38 21 det
254 994 43 21 kan
313 1001 50 14 vara
382 995 98 26 förenligt
496 995 48 21 med
560 995 41 21 den
617 995 38 26 tid,
671 1001 45 15 som
731 995 95 22 äterstär
841 995 34 20 för
890 995 89 21 Ständet
995 1001 36 15 un-

201 1023 39 20 der
255 1023 70 21 denna
340 1023 108 27 landtdag,
464 1026 31 19 att
511 1030 28 15 nu
555 1024 49 26 ingä
619 1024 7 20 i
642 1030 25 15 en
683 1024 131 26 granskning
825 1023 23 22 af
857 1024 73 25 hvarje
941 1024 91 21 särskild

201 1054 57 24 post.
288 1052 67 21 Dessa
378 1052 144 27 förhöjningar
543 1053 167 26 sammanhänga
726 1053 48 20 med
789 1052 121 21 hvarandra
925 1052 38 21 och
978 1053 54 20 efter

201 1080 57 21 hvad
279 1081 38 26 jag
339 1081 128 21 ätminstone
487 1082 66 26 vägar
575 1084 39 24 tro,
632 1081 24 21 sä
672 1083 24 19 är
712 1081 69 21 denna
797 1081 115 27 ingalunda
927 1081 63 21 bland
1006 1082 26 20 de

202 1108 83 27 högsta.
316 1109 83 22 Hittills
414 1109 63 21 hafva
492 1098 122 33 handlande
627 1110 40 21 allt
681 1110 66 21 sedan
766 1098 65 33 1840
836 1109 67 22 betalt
918 1109 6 21 i
937 1109 95 22 kartaaf-

201 1137 41 27 gift
263 1138 68 21 sextio
351 1138 60 21 mark
433 1139 51 20 eller
506 1138 80 21 femton
603 1138 66 21 rubel.
699 1137 40 22 Om
755 1144 50 15 man
821 1138 110 21 betraktar
947 1139 85 26 pennin-

201 1172 53 20 gens
277 1167 98 25 ständiga
391 1167 90 21 fallande
503 1167 66 21 sedan
585 1167 55 25 dess,
655 1167 24 21 så
694 1169 24 19 är
733 1167 71 21 denna
823 1166 120 27 förhöjning
958 1167 75 21 visser-

202 1194 57 26 ligen
283 1195 46 21 icke
351 1197 52 19 stor.
433 1195 42 21 För
497 1195 157 21 handtverkare
675 1195 39 21 och
736 1195 68 21 andra
819 1195 161 26 näringsidkare
995 1195 39 21 har

201 1223 78 21 endast
302 1223 42 22 fem
368 1224 71 21 marks
461 1224 122 27 förhöjning
605 1224 128 27 föreslagits.
764 1224 74 26 Några
857 1224 63 21 hafva
935 1224 99 22 anmärkt

200 1254 35 19 att
257 1253 186 26 apothekarebref,
466 1253 31 20 för
520 1253 72 21 hvilka
608 1253 165 26 kartabeloppet
789 1252 68 21 blifvit
872 1252 98 27 förhöjda
986 1253 47 21 med

202 1280 85 22 hundra
302 1283 95 24 procent,
413 1281 67 22 skulle
495 1281 45 22 tåla
556 1288 26 15 en
597 1282 126 26 ytterligare
738 1281 128 27 förhöjning.
897 1281 137 26 Apothekare

201 1309 29 24 få,
247 1311 39 20 när
307 1310 27 21 de
349 1309 100 28 tillträda!
464 1312 31 19 ett
514 1310 101 27 apothek,
631 1310 72 21 betala
719 1313 31 18 ett
766 1309 159 28 privilegiebref
938 1316 44 15 som
999 1310 36 21 be-

201 1337 75 27 lägges
292 1339 48 20 med
355 1339 68 20 sextio
439 1339 71 21 marks
525 1339 70 21 karta.
625 1339 43 21 Det
683 1339 77 21 blifver
775 1338 83 21 således
869 1339 65 26 jemte
948 1339 87 26 apothe-

202 1367 137 21 karebrefvet
361 1367 139 22 tillsammans
529 1367 116 22 etthundra
668 1368 60 20 mark
751 1367 41 22 och
815 1367 26 21 de
864 1367 67 21 blifva
952 1367 82 22 således

203 1395 110 22 likställda
329 1396 47 21 med
393 1395 125 22 handlande.
544 1397 38 20 Att
597 1395 33 22 för
645 1396 64 27 öfrigt
725 1396 62 21 deras
803 1398 49 19 taxa
868 1397 24 20 är
908 1396 70 26 högre,
989 1398 46 19 tror

197 1423 42 27 jag
253 1423 48 22 icke
317 1426 24 19 är
356 1424 65 27 något
436 1424 44 21 skäl
496 1426 34 19 att
545 1424 40 21 här
599 1425 54 26 yrka
668 1425 28 26 på
711 1431 26 15 en
753 1424 75 22 alltför
842 1428 46 17 stor
899 1424 137 27 beskattning

202 1452 26 21 af
242 1452 55 26 dem,
313 1453 90 21 emedan
424 1453 36 21 det
481 1455 25 19 är
521 1459 26 15 en
563 1453 56 21 känd
635 1453 39 21 sak
690 1455 32 19 att
738 1453 27 22 de
781 1453 131 21 utminutera
926 1453 46 21 sina
988 1454 47 21 dro-

201 1487 40 19 ger
257 1481 6 20 i
279 1481 24 21 så
319 1481 98 27 ofantligt
436 1482 45 20 små
495 1484 74 24 poster
585 1484 32 18 att
633 1481 39 21 den
688 1483 62 24 vinst,
767 1487 46 15 som
829 1481 33 21 för
877 1481 47 21 dem
941 1482 94 26 uppstår,

203 1509 7 20 i
226 1509 27 21 de
269 1509 61 22 flesta
345 1509 36 22 fall
397 1512 24 19 är
435 1512 78 25 ytterst
531 1510 67 27 ringa.
630 1510 31 21 De
677 1512 37 19 äro
730 1510 12 21 å
759 1510 67 21 andra
841 1510 61 21 sidan
917 1509 120 22 förbundna
