1109 1786
206 115 55 20 1760
412 119 180 22 Borgareständet
605 120 56 17 1877.
686 121 25 16 10
723 120 122 18 November.

204 190 61 20 orten
281 188 32 21 för
328 189 75 21 skolan
419 189 40 21 och
475 195 28 15 nu
519 189 75 21 endast
609 189 70 21 uttala
694 189 33 26 sig
742 195 35 16 om
794 189 100 22 behofvet
905 188 22 22 af
941 195 25 16 en
982 188 54 22 finsk

205 217 197 27 navigationsskola
417 217 28 28 pä
460 217 84 22 landets
559 217 112 28 sydvestra
686 217 58 22 kust.

274 274 56 21 Herr
345 274 137 26 Krogius:
514 274 30 21 Af
558 274 25 21 de
600 275 120 26 petitioner,
736 281 45 15 som
799 274 69 21 blifvit
882 274 120 22 inlemnade
1016 273 22 23 af

205 302 81 21 Herrar
309 302 108 22 Törnroth
441 303 39 21 och
503 303 87 26 Langen
609 309 62 21 synes
687 305 32 19 att
735 310 25 14 en
777 302 196 27 navigationsskola
988 303 48 21 med

204 330 82 22 finskan
303 330 32 22 till
351 332 227 26 undervisningsspräk
594 338 61 15 anses
671 338 51 15 vara
741 331 93 27 behöflig
849 332 28 26 pä
888 331 149 21 kuststräckan

205 359 90 22 emellan
311 359 58 22 Vasa
384 360 39 21 och
439 354 54 27 Äbo.
524 360 33 21 Dä
573 360 149 27 befolkningen
739 360 28 27 pä
783 361 70 21 denna
868 360 57 21 trakt
941 360 47 21 med
1000 366 36 15 un-

205 388 80 27 dantag
307 388 21 22 af
350 389 47 21 dei
413 389 101 21 städerna
536 389 84 21 bosatte
641 388 32 22 för
689 389 36 21 det
741 392 68 18 mesta
825 390 25 19 är
865 390 47 20 rent
927 388 54 22 finsk
997 388 39 22 och

205 416 69 22 finska
297 417 207 27 navigationsskolor
526 417 68 21 finnas
615 418 76 20 endast
707 418 6 20 i
730 417 82 27 Viborg
827 417 41 21 och
883 416 115 28 Uleäborg,
1014 417 23 21 sä

206 451 63 15 anser
282 446 37 26 jag
335 448 32 19 att
383 452 26 15 en
425 446 67 21 sädan
514 446 71 22 skolas
600 446 108 27 placering
727 446 3 21 i
745 446 83 22 Raumo
845 446 71 21 kunde
931 452 50 15 vara
996 446 41 26 sjö-

206 474 69 21 farten
297 475 26 25 pä
347 474 69 22 denna
438 474 86 22 sträcka
546 474 32 22 till
600 481 62 21 gagn.
693 475 34 21 Dä
749 474 120 28 emeliertid
892 474 75 27 sjöfart
990 474 46 21 frän

207 502 69 22 denna
299 503 137 21 kuststräcka
458 503 62 21 idkas
543 504 76 20 endast
641 503 90 22 emellan
748 503 111 27 Östersjön
876 503 39 21 och
930 502 107 27 Nordsjön

206 532 24 20 sä
246 538 63 20 synes
325 532 35 21 det
381 531 127 27 tillräckligt
526 534 32 19 att
573 532 76 21 skolan
665 533 90 20 inrättas
771 532 77 22 endast
863 532 48 20 med
927 538 27 14 en
969 531 67 21 afdel-

206 560 56 27 ning,
286 560 106 27 nämligen
415 560 32 22 för
470 560 201 28 kofferdiskeppare.
703 560 74 28 Enligt
792 560 78 27 nådiga
886 560 150 26 förordningen

207 595 34 15 om
257 589 155 27 navigationen,
435 589 69 27 gifven
520 589 40 21 den
578 591 25 19 15
620 589 58 27 April
697 590 53 20 1874
767 590 41 20 kan
825 595 50 15 man
899 589 46 21 frän
962 595 24 15 en
1002 589 34 20 sä-

206 618 41 20 dan
263 618 60 20 skola
340 618 64 21 ocksä
419 618 147 22 utexaminera
581 618 169 27 understyrmän.
782 618 42 21 Vid
841 617 142 21 Mariehamns
998 624 38 14 na-

205 646 168 26 vigationsskola
395 646 55 22 hade
474 653 48 14 man
545 646 55 22 ända
623 647 32 21 till
671 646 24 22 är
713 647 54 21 1874
789 647 77 21 endast
881 652 25 15 en
922 646 114 27 skeppare-

205 674 116 28 afdelning.
351 674 51 22 Men
425 675 33 21 till
481 675 50 27 följd
554 675 23 21 af
598 676 143 26 petitionerna
764 676 35 20 vid
814 675 55 21 1872
885 674 34 22 ärs
934 674 102 27 landtdag

206 703 45 21 blef
273 703 123 21 densamma
418 704 102 26 utvidgad
542 704 33 21 till
591 710 25 15 en
637 704 124 26 fullständig
777 703 62 23 skola
854 703 49 22 med
918 705 32 19 tre
970 702 67 22 afdel-

206 732 81 26 ningar.
318 732 70 21 Sedan
412 732 47 22 dess
475 732 39 22 har
535 732 40 22 den
591 732 116 22 emellertid
725 732 76 22 endast
816 732 48 21 haft
880 738 26 15 en
922 732 53 21 enda
990 731 46 21 elev

205 760 28 27 pä
248 760 123 28 sjökaptens
387 760 92 27 klassen,
488 767 47 15 men
550 761 64 27 ingen
630 762 27 26 pä
665 761 199 27 styrmansklassen.
889 760 71 22 Häraf
968 760 68 21 mäste

205 795 50 15 man
271 790 56 20 sluta
342 789 33 21 till
390 792 32 19 att
438 790 69 21 denna
522 790 126 27 utvidgning
662 796 37 15 var
715 790 89 21 alldeles
821 788 111 28 obehöflig.
963 789 9 21 I
985 788 52 22 hän-

207 817 58 22 delse
281 818 40 21 den
337 818 22 21 af
373 818 142 27 petitionären
531 818 94 22 önskade
637 818 246 28 styrmansafdelningen
894 817 61 21 äfven
967 817 69 21 blefve

207 846 101 26 inrättad,
325 847 24 21 sä
363 846 86 22 befarar
462 847 37 27 jag
516 850 32 18 att
565 847 122 21 densamma
703 847 69 21 blefve
789 849 51 19 utan
856 846 75 27 elever,
948 846 88 21 emedan

207 875 75 21 endast
290 875 203 27 -kofferdiskeppare
508 876 39 20 och
563 876 164 27 understyrmän
743 875 105 22 behöfvas
863 875 33 21 för
911 875 40 20 den
962 875 75 26 sjöfart

207 903 57 22 inom
290 903 110 28 Östersjön
426 904 39 21 och
490 904 114 27 Nordsjön,
630 911 45 14 som
697 904 47 21 från
767 904 63 21 dessa
850 906 58 19 orter
923 903 113 22 bedrifvas.

206 932 113 21 Allmänna
341 932 196 22 Besvärsutskottet
559 933 39 26 går
620 933 125 26 emellertid,
766 933 38 26 jag
827 934 35 19 vet
883 932 46 21 icke
944 932 22 21 af
982 931 54 22 hvad

206 960 53 27 skäl,
284 961 73 26 längre
379 963 26 19 än
429 961 142 26 petitionären
594 961 39 22 och
656 961 98 22 förordar
773 961 124 22 inrättande
911 961 23 20 af
948 967 25 14 en
989 960 48 21 full-

207 989 85 27 ständig
307 989 62 22 skola
384 990 6 21 i
406 990 89 25 Raumo,
512 997 47 14 men
575 990 27 27 pä
618 990 23 21 af
654 991 43 26 mig
713 991 38 20 här
768 989 129 22 framhällna
912 989 46 22 skäl
974 995 62 15 anser

203 1017 39 28 jag
257 1020 32 19 att
305 1018 122 21 inrättande
443 1019 23 20 af
480 1025 26 14 en
522 1019 57 26 dylik
595 1019 59 21 skola
669 1019 46 21 icke
732 1019 67 21 borde
816 1018 160 27 ifrägakomma,
985 1020 52 19 utan

207 1046 33 21 fär
252 1047 38 26 jag
305 1049 52 19 äran
373 1047 79 22 föreslä
467 1054 25 14 en
508 1047 91 27 petition
615 1048 7 21 i
637 1048 36 21 det
689 1047 54 28 syfte
759 1049 34 20 att
803 1054 26 14 en
840 1046 197 27 navigationsskola

206 1075 34 21 för
267 1075 195 28 kofferdiskeppare
487 1076 48 21 med
560 1075 83 22 finskan
669 1076 32 21 till
724 1075 229 28 undervisningsspräk
969 1075 68 21 blefve

206 1104 95 21 inrättad
317 1104 6 21 i
338 1104 90 27 Raumo,
452 1104 84 22 hvilken
559 1105 60 21 skola
635 1105 7 21 i
657 1111 49 16 mon
729 1105 22 21 af
773 1105 68 21 behof
854 1104 113 21 framdeles
982 1103 55 27 finge

206 1133 105 26 utvidgas.

276 1190 56 21 Herr
354 1190 161 21 Lindblom:
546 1191 41 26 Jag
609 1192 24 20 är
656 1191 147 21 förekommen
827 1190 25 21 af
872 1191 56 20 Herr
946 1189 92 27 Krogius

207 1218 39 21 och
271 1218 38 22 ber
331 1219 76 21 endast
429 1220 32 21 att
476 1218 6 22 i
498 1218 42 22 allo
563 1220 21 21 få
606 1220 114 21 instämma
743 1219 50 22 med
814 1218 56 23 hvad
885 1218 41 22 han
942 1218 7 21 i
964 1218 73 27 frågan

206 1249 73 25 yttrat.
309 1247 62 22 Hvad
394 1247 134 28 placeringen
552 1248 23 21 af
596 1248 163 27 ifrågavarande
782 1248 63 21 skola
860 1247 138 25 vidkommer,
1014 1247 24 21 sä

207 1282 62 15 anser
283 1276 36 27 jag
335 1276 34 21 för
384 1277 43 20 min
443 1277 34 20 del
492 1277 82 21 Raumo
585 1277 62 21 hafva
663 1280 31 19 ett
705 1277 139 27 obestridligt
854 1276 106 22 företräde
972 1275 66 22 fram-

206 1304 32 21 för
254 1305 89 26 Nystad,
352 1305 87 21 emedan
457 1305 38 21 den
512 1305 67 26 ligger
593 1312 59 15 mera
667 1305 92 22 centralt
775 1305 34 22 för
825 1305 40 22 den
876 1304 68 22 finska
953 1305 85 21 talande

206 1333 157 27 befolkningen,
387 1339 45 16 som
455 1334 39 21 har
509 1333 64 22 behof
587 1334 22 21 af
624 1335 68 21 denna
708 1335 69 26 skola,
793 1336 28 19 än
837 1333 87 28 Nystad,
939 1339 44 16 som
1000 1333 38 27 lig-

206 1368 37 21 ger
259 1363 7 20 i
283 1364 32 20 ett
330 1362 54 21 hörn
401 1362 64 22 deraf.

275 1420 57 21 Herr
354 1419 90 22 Julin:
474 1420 70 21 Jemte
567 1420 37 21 det
623 1420 38 27 jag
675 1419 62 22 äiven
754 1419 71 22 skulle
841 1419 27 22 be
882 1421 33 20 att
930 1420 20 21 fä
965 1419 73 22 förena

206 1447 43 27 mig
272 1455 35 15 om
330 1455 25 15 en
379 1448 67 22 sädan
461 1448 89 27 petition
566 1449 55 21 Herr
636 1449 94 28 Krogius
746 1449 41 21 har
803 1448 111 27 föreslagit
929 1447 109 28 angäende

207 1476 123 22 inrättande
353 1477 23 21 af
397 1484 26 14 en
446 1477 194 27 navigationsskola
664 1478 49 20 med
728 1477 68 22 finskt
811 1476 228 27 undervisningsspräk

207 1504 33 22 för
265 1506 171 27 utexaminering
461 1505 21 22 af
506 1504 201 29 kofferdiskeppare,
732 1506 40 22 der
798 1506 63 21 äfven
876 1505 163 27 understyrmän
