1109 1786
184 113 56 21 1974
379 119 182 21 Borgareständet
573 119 54 18 1877.
652 120 27 17 29
691 119 121 18 November.

182 187 63 26 fäste,
260 187 41 22 och
313 187 38 27 jag
366 187 37 22 vill
419 188 75 26 medge
509 190 33 19 att
558 188 71 21 dertill
645 187 115 28 anledning
777 194 41 20 nog
833 187 42 22 kan
885 188 74 26 finnas,
970 189 45 20 sär-

183 215 58 22 deles
257 221 35 16 om
307 222 49 15 man
371 216 48 21 icke
433 216 7 21 i
455 219 32 18 ett
501 216 155 28 sammanhang
667 217 117 27 genomgår
799 215 49 22 hela
863 216 151 22 betänkandet.

181 244 40 21 Att
236 243 39 22 här
291 244 74 22 anföra
379 245 28 26 på
422 244 73 22 hvilka
512 245 94 26 grunder
629 245 69 22 denna
714 245 85 22 sträcka
814 245 90 21 kommit
918 247 33 19 att
965 245 50 27 ingå

181 272 68 21 under
272 272 68 22 första
362 275 118 20 momentet
502 273 77 26 skulle,
602 280 35 15 om
661 274 36 21 det
719 273 108 27 verkligen
850 280 50 15 vore
920 273 94 27 görbart,

181 300 66 22 blifva
262 307 26 15 en
304 302 49 27 lång
369 302 89 21 historia
473 302 47 21 från
535 301 124 22 Utskottets
669 302 120 26 interiörer,
801 301 72 22 hvilka
884 302 37 21 det
934 301 80 22 kanske

182 331 24 19 är
221 329 125 27 lämpligare
369 332 32 20 att
423 330 40 22 här
484 331 70 21 lemna
577 330 112 22 oberörda.
720 331 41 21 Det
785 332 45 20 tror
850 330 36 28 jag
902 330 42 27 mig
960 330 54 22 dock

181 358 72 21 kunna
275 358 99 22 försäkra
396 361 33 19 att
451 359 123 21 Utskottets
597 359 110 27 pluralitet
729 358 117 27 ingalunda
864 360 66 26 ansåg
946 359 68 21 denna

181 387 56 21 bana
259 393 51 15 vara
326 388 47 25 den,
389 394 46 15 som
450 387 54 22 först
518 387 67 22 borde
606 388 87 21 komma
708 388 7 20 i
730 388 67 27 fråga,
813 387 79 22 hvilket
912 388 24 26 ju
951 388 63 21 äfven

180 415 49 21 bäst
244 421 63 21 synes
330 416 86 22 derutaf
429 419 33 19 att
478 416 36 22 det
530 418 24 19 är
569 423 26 15 en
612 416 45 22 helt
672 423 71 15 annan
759 417 62 25 bana,
838 422 46 16 som
900 416 113 22 Utskottet

181 444 90 21 föreslår
286 446 32 20 att
333 445 54 22 först
402 445 88 25 utföras,
511 445 91 21 likasom
619 446 36 20 det
670 446 61 20 äfven
748 445 93 26 framgår
857 452 25 14 ur
897 445 116 21 betänkan-

181 472 42 27 det,
239 472 62 22 sidan
316 474 34 20 42.
382 474 43 21 Der
439 474 67 21 finnes
521 474 94 21 uttaladt
631 474 6 21 i
653 474 84 21 hvilken
755 473 91 27 ordning
860 474 112 21 Utskottet
982 473 31 21 ef-

181 503 33 19 ter
229 502 100 21 anstälda
343 502 122 27 voteringar
487 504 70 19 ansett
573 502 26 22 de
614 503 70 21 skilda
700 503 96 21 banorna
811 502 52 21 böra
880 502 85 21 komma
980 502 33 20 till

180 529 125 27 utförande;
321 530 54 22 efter
391 531 68 21 banan
470 531 409 21 Tammerfors—Etseri—Nikolaistad
890 531 122 27 uppräknas

180 558 26 22 de
222 558 68 28 öfriga
305 558 120 29 föreslagna
441 560 95 21 banorna
552 560 7 20 i
574 559 93 28 följande
678 560 102 27 ordning:
813 561 32 20 1:0
862 560 45 21 från
924 559 88 22 Davids-

179 587 49 21 stad
243 588 33 20 till
291 588 96 27 Kuopio;
411 589 33 20 2:o
467 589 46 20 från
534 589 71 20 Etseri
623 589 32 21 till
670 589 121 26 Uleåborg;
815 589 34 21 3:0
865 588 147 26 förgreningen

180 615 47 22 från
243 616 132 22 sistnämnda
397 617 55 21 bana
473 616 33 22 till
527 617 134 26 vestkusten;
677 619 35 19 4:o
725 618 46 20 från
786 617 85 27 Kuopio
888 616 31 22 till
935 616 77 22 Kärsä-

180 644 65 25 mäki;
263 646 34 20 5:0
314 645 40 21 den
370 645 141 26 återstående,
535 646 78 20 mellan
629 645 32 22 S:t
677 645 76 22 Michel
770 646 39 21 och
826 646 71 20 Etseri
921 644 91 28 belägna

180 673 62 21 delen
258 674 23 20 af
295 674 108 21 mellersta
418 674 137 24 stambanan;
571 675 34 20 6:o
621 675 71 20 banan
708 674 77 21 mellan
801 674 81 26 Viborg
898 674 38 21 och
947 674 64 21 Joen-

179 707 46 15 suu.
256 702 42 27 Jag
320 708 63 16 anser
406 704 42 25 mig
463 702 7 21 i
485 703 155 26 sammanhang
663 703 88 21 härmed
777 703 52 21 böra
848 704 112 20 omnämna
976 702 36 21 det

179 730 140 27 förhällande,
335 737 46 15 som
397 731 135 27 antagligtvis
549 738 37 14 var
602 732 91 20 orsaken
709 731 32 21 till
753 733 32 19 att
796 731 112 21 Utskottet
919 730 93 28 föreslog

179 761 32 19 att
226 760 100 20 sträckan
343 755 150 36 Davidsstad—
502 760 81 26 Kuopio
600 760 69 21 skulle
681 760 86 21 komma
779 760 32 21 till
822 760 114 21 utförande
947 759 64 21 fram-

179 787 34 21 för
227 788 101 21 sträckan
344 788 216 27 Etseri—-Uleäborg.
590 789 41 27 Jag
647 789 68 21 skulle
731 788 55 22 dock
802 789 18 26 ej
837 791 70 19 ansett
922 788 43 27 mig
976 788 36 21 be-

179 816 64 21 höfva
266 818 77 20 nämna
365 818 66 26 något
452 818 78 24 derom,
547 817 74 21 såvida
637 818 19 26 ej
672 818 6 20 i
694 818 82 20 Herrar
792 823 40 15 von
848 817 99 21 Alfthans
963 817 48 21 med

179 844 62 22 fleres
256 845 131 22 reservation
405 846 62 21 dessa
483 846 80 21 Herrar
578 846 68 21 skulle
663 849 70 19 ansett
748 846 75 26 nödigt
839 848 31 19 att
886 848 78 19 nämna
978 848 34 18 att

179 873 95 22 beslutet
289 874 75 21 fattats
379 875 49 20 med
443 881 26 14 en
485 874 61 27 ringa
561 874 116 27 pluralitet,
693 875 83 20 hvilket
791 875 26 20 de
832 881 50 14 anse
894 874 72 22 bevisa
979 876 32 19 att

179 901 70 27 någon
272 902 82 27 verklig
377 903 108 26 pluralitet
500 903 33 21 för
548 909 27 15 en
591 903 66 21 sådan
673 903 58 21 bana
745 903 48 21 icke
809 903 121 21 förefinnes.
960 903 51 21 För-

179 930 112 21 hållandet
306 937 38 15 var
359 931 104 27 nemligen
480 933 32 19 att
528 931 27 21 då
571 931 62 22 dessa
649 933 157 25 omröstningar
821 932 5 20 i
843 931 111 22 Utskottet
970 931 41 21 för-

178 959 104 26 siggingo,
298 959 24 22 så
338 966 37 15 var
390 967 25 14 en
431 960 24 21 af
469 960 25 21 de
510 960 106 21 ordinarie
633 960 173 25 medlemmarna,
822 966 46 15 som
884 960 61 27 eljest
955 960 55 21 hade

178 988 80 21 uttalat
273 988 32 27 sig
321 988 32 21 för
369 989 70 21 denna
453 989 62 25 bana,
532 989 147 26 frånvarande,
696 989 39 21 och
751 989 7 21 i
774 989 72 21 stället
862 989 71 26 deltog
948 989 7 21 i
966 995 44 15 om-

177 1017 125 27 röstningen
318 1023 26 15 en
359 1017 119 27 suppleant,
489 1023 45 16 som
545 1017 19 26 ej
576 1017 143 22 intresserade
735 1018 32 25 sig
783 1017 33 22 för
831 1017 70 22 denna
917 1017 91 25 sträcka,

178 1047 52 19 utan
245 1046 88 21 röstade
348 1045 33 22 för
395 1046 64 21 linien
476 1046 249 27 Davidsstad—Kuopio.
756 1045 80 22 Härtill
846 1046 95 21 kommer
954 1048 55 19 ännu

178 1075 33 20 att
226 1080 26 15 en
269 1074 22 21 af
305 1074 165 22 medlemmarna
485 1075 54 21 hade
555 1075 101 21 aflemnat
672 1081 25 15 en
711 1075 80 26 oriktig
802 1075 206 26 omröstningssedel,

177 1102 82 22 hvilket
275 1103 42 21 han
333 1103 62 21 äfven
411 1104 77 21 efteråt
504 1103 147 27 tillkännagaf,
669 1105 50 20 utan
735 1106 33 19 att
783 1103 55 21 dock
851 1103 111 22 Utskottet
972 1110 38 15 an-

177 1131 38 26 såg
230 1131 33 28 sig
279 1131 70 22 derför
365 1132 90 21 behöfva
477 1134 52 25 göra
552 1133 69 26 någon
645 1133 93 20 rättelse.
769 1131 112 22 Utskottet
896 1132 66 26 ansåg
977 1132 33 21 för

178 1159 66 27 öfrigt
259 1160 7 21 i
282 1161 37 20 det
341 1162 59 19 stora
422 1161 48 21 hela
490 1161 64 27 ingen
575 1163 45 19 stor
635 1162 45 25 vigt
695 1161 58 27 ligga
768 1161 29 26 på
813 1161 69 21 denna
898 1161 112 26 ordnings-

177 1187 57 27 följd.
266 1189 65 21 Detta
346 1189 7 20 i
369 1189 114 27 anledning
498 1190 22 20 af
536 1190 56 20 Herr
615 1189 102 21 Masalins
739 1190 101 20 sednaste
854 1190 100 26 yttrande
969 1189 41 21 och

177 1216 53 22 hans
253 1217 199 22 rekommendation
476 1218 31 21 till
530 1218 111 27 byggande
659 1218 23 21 af
696 1218 40 21 den
753 1217 108 22 mellersta
876 1218 132 21 stambanan.

246 1246 35 21 Då
295 1246 36 27 jag
346 1247 28 26 på
389 1247 145 27 förmiddagen
556 1247 55 21 hade
628 1247 61 21 ordet
705 1247 55 21 hade
773 1246 38 27 jag
826 1249 52 18 äran
894 1247 74 21 anföra
983 1246 26 22 de

176 1274 98 27 motiver,
298 1281 45 15 som
366 1275 63 22 ledde
444 1275 49 27 mig,
508 1275 28 21 då
548 1276 38 26 jag
601 1276 7 21 i
623 1275 112 22 Utskottet
751 1275 114 22 förordade
882 1275 41 21 den
938 1277 72 20 vestra

177 1303 127 22 stambanan
320 1305 32 20 att
367 1304 52 26 utgå
434 1304 46 21 från
495 1304 144 22 Tammerfors
655 1305 26 26 på
697 1306 72 19 vestra
783 1304 61 21 sidan
858 1311 35 14 om
904 1304 105 27 Näsijärvi

176 1331 33 21 till
231 1332 73 21 Etseri
327 1332 40 21 och
390 1332 91 22 derifrån
500 1333 32 21 till
555 1333 108 26 Uleåborg
685 1333 48 21 med
748 1332 122 27 förgrening
885 1333 33 21 till
933 1332 77 23 Gamla

175 1359 103 28 Karleby,
294 1361 125 22 alternativt
430 1361 127 22 Jakobstad.
587 1361 65 22 Emot
667 1362 70 21 denna
748 1361 56 22 bana
815 1361 63 21 hafva
888 1361 122 22 sedermera

175 1388 120 23 framstälts
310 1390 107 27 åtskilliga
432 1390 76 25 inkast,
524 1396 46 16 som
587 1391 55 20 dock
657 1391 66 20 redan
739 1389 69 22 blifvit
816 1389 96 22 bemötta
922 1390 23 21 af
954 1390 56 21 Herr

175 1417 91 28 Kurtén,
287 1418 87 21 hvilken
395 1419 125 26 ytterligare
542 1419 119 22 framhållit
682 1419 26 21 de
730 1419 55 23 skäl,
804 1425 46 14 som
866 1420 89 20 förmätt
972 1420 38 20 Ut-

174 1445 84 23 skottet
280 1449 33 20 att
334 1447 87 22 förorda
444 1447 69 22 denna
531 1447 173 28 bansträckning.
735 1448 34 21 En
785 1447 67 22 talare
867 1447 99 22 framhöll
981 1447 29 27 på

174 1473 148 29 förmiddagen
338 1477 33 20 att
385 1475 112 22 Utskottet
512 1477 6 20 i
534 1476 90 26 sanning
639 1476 47 21 icke
701 1476 56 21 hade
773 1476 82 21 kunnat
870 1475 64 22 hafva
944 1475 66 27 något

174 1505 66 19 annat
263 1504 66 21 motiv
352 1506 33 20 att
407 1504 86 23 förorda
515 1505 71 22 denna
606 1504 63 28 bana,
684 1506 27 20 än
728 1504 44 28 det,
787 1506 33 20 att
836 1504 122 28 derigenom
974 1504 36 22 be-
