1109 1786
289 119 181 22 Borgareståndet
481 121 56 18 1877.
562 120 28 17 24
601 119 131 18 November.
859 114 55 21 1865

82 189 76 22 föröka
174 188 189 22 betänksamheten
379 188 38 22 hos
433 195 26 15 en
474 188 119 25 husbonde,
611 188 27 21 då
653 188 42 21 han
711 187 54 22 skall
781 187 86 22 besluta
882 188 33 27 sig

82 217 34 22 till
132 219 32 20 att
179 217 72 21 utföra
264 217 45 21 åtal
325 219 56 19 emot
396 217 95 27 tjenaren
508 217 55 22 inför
579 216 100 22 domstol.
709 217 42 20 Det
762 216 86 27 förslag,
857 217 57 20 Herr

82 246 25 21 E.
124 245 71 28 Bergh
211 245 39 22 har
265 245 122 27 uppkastat,
411 252 50 15 vore
482 246 36 27 jag
536 246 33 21 för
585 245 43 22 min
645 245 33 21 del
694 245 19 26 ej
729 245 66 21 heller
811 247 64 24 emot,
892 247 22 25 ty

83 275 37 20 det
135 276 24 19 är
174 274 65 21 redan
255 274 114 26 lindrigare
384 276 27 19 än
424 274 37 21 det
471 275 30 20 uti
513 274 123 22 Utskottets
647 273 135 22 betänkande
793 273 121 27 föreslagna

82 302 41 22 och
146 303 51 26 står,
220 303 68 21 såsom
313 302 55 22 Herr
391 303 25 21 E.
439 302 71 27 Bergh
526 302 65 22 också
606 302 79 25 visade,
701 302 6 20 i
723 302 128 21 konformité
866 302 48 22 med

82 330 42 22 den
140 331 23 21 af
177 331 120 21 Ständerna
312 333 93 25 antagna
421 331 156 27 näringslagen.
608 331 33 21 En
657 330 158 27 omständighet
830 330 6 21 i
854 331 60 21 detta

82 359 79 27 förslag
176 360 103 26 förtjenar
293 360 54 21 dock
363 362 32 19 att
410 360 39 21 här
463 360 96 27 påpekas
575 360 39 21 och
631 360 36 20 det
682 361 24 19 är
721 361 38 23 att,
775 365 33 15 om
822 358 37 27 jag
871 358 43 22 för-

82 388 50 22 stod
148 388 55 21 Herr
219 388 23 21 E.
260 388 72 27 Bergh
347 390 51 24 rätt,
415 388 42 22 han
473 389 18 27 ej
508 389 67 21 fästat
589 388 32 27 sig
636 388 35 21 vid
687 390 32 19 att
735 388 40 20 den
791 387 123 22 nuvarande

82 417 139 27 legostadgan
237 417 7 21 i
259 418 65 20 slutet
339 420 104 24 upptager
459 424 26 14 en
507 424 70 14 annan
599 416 214 28 förvandlingsgrund
829 416 33 22 för
877 416 37 21 bö-

82 448 35 18 ter
139 447 27 20 än
189 446 64 21 den
242 440 15 37 i
273 446 203 27 rättegångsbalken
499 445 134 22 föreskrifna.
663 446 68 21 Dessa
753 445 62 21 böter
837 444 76 27 skulle,

83 474 70 22 såvidt
165 474 39 28 jag
219 474 42 22 kan
276 474 59 26 fatta,
351 475 86 21 komma
452 476 34 20 att
497 474 124 22 förvandlas
633 474 56 22 efter
697 474 217 26 utsökningsbalkens

83 503 74 50 Mead
180 503 80 27 kapitel
283 503 32 21 till
337 502 156 28 fängelsestraff
516 503 40 21 och
571 503 47 21 icke
633 503 33 21 till
681 502 94 27 fängelse
791 503 33 21 vid
840 504 74 20 vatten

83 538 25 15 och
138 532 61 22 bröd.

152 589 57 21 Herr
231 589 137 21 Boström:
399 589 49 21 Med
472 589 117 27 anledning
609 589 23 21 af
651 589 56 21 Herr
729 589 24 21 E.
775 588 82 27 Berghs
872 590 43 24 ytt-

83 617 67 21 rande
169 617 48 21 ville
237 617 37 28 jag
296 618 75 21 endast
392 617 85 27 påpeka
497 620 33 19 att
551 624 29 14 nu
601 618 99 26 gällande
716 617 122 27 näringslag
852 616 24 22 af
890 617 24 20 år

84 647 56 20 1868
156 646 89 21 likasom
261 646 64 22 också
341 646 39 21 den
395 646 36 27 lag
445 646 7 21 i
468 648 79 25 ämnet,
563 652 45 15 som
625 646 22 22 af
661 646 119 22 Ständerna
795 646 71 21 blifvit
876 652 38 14 an-

84 678 64 24 tagen
164 674 35 22 vid
215 675 68 21 denna
305 675 108 27 landtdag,
437 676 87 26 stadgar
544 677 33 19 att
592 675 90 21 böterna
697 677 36 19 äro
749 674 165 26 treskiftsböter,

84 709 47 16 som
147 703 122 22 förvandlas
285 704 65 26 enligt
365 704 210 26 rättegångsbalken,
583 704 27 20 då
623 704 96 21 deremot
729 703 67 27 enligt
806 703 108 27 legostad-

82 738 42 20 gan
140 732 95 26 böterna,
251 734 38 20 när
305 732 18 26 ej
339 732 133 22 annorlunda
483 732 114 22 förordnas
608 734 37 19 äro
657 732 77 21 ensaks
749 731 62 22 böter
821 731 39 22 och
871 731 43 21 till-

83 760 52 22 falla
151 761 26 21 de
192 760 77 27 fattiga
284 761 39 21 och
339 760 133 28 följaktligen
487 761 66 21 också
569 760 121 28 förvandlas
701 760 66 27 enligt
777 760 137 27 utsöknings-

83 788 78 22 balken
185 789 32 21 till
240 789 71 22 enkelt
335 789 100 28 fängelse.
465 790 35 21 Då
518 789 120 22 emellertid
653 790 7 20 i
676 790 37 20 det
728 796 27 14 nu
771 788 143 28 föreliggande

82 818 139 28 lagförslaget
235 818 19 27 ej
270 820 24 19 är
309 818 69 22 afsedt
393 820 33 20 att
440 820 53 25 göra
508 818 68 26 några
591 818 149 26 förändringar
755 818 108 27 angående
876 817 36 21 bö-

83 849 73 19 ternas
180 846 134 28 förvandling
337 847 38 22 och
397 847 117 27 försoning,
530 847 25 21 så
570 848 41 20 kan
624 847 38 27 jag
676 847 47 21 icke
738 846 57 22 finna
809 848 33 19 att
858 846 56 21 Herr

83 876 24 20 E.
124 874 81 27 Berghs
220 875 85 27 projekt
319 876 66 21 borde
400 876 63 20 hafva
479 876 66 26 något
561 876 56 26 slags
633 876 47 20 skäl
695 875 33 21 för
737 875 38 26 sig.
799 875 114 20 Dessutom

82 903 50 22 ville
144 903 38 27 jag
197 903 118 26 framhålla,
331 906 38 23 att,
385 904 66 27 enligt
466 904 50 21 mitt
528 904 145 26 förmenande,
687 910 26 15 en
723 903 80 26 ganska
813 903 100 21 väsendt-

82 932 30 27 lig
126 932 85 21 skilnad
225 932 6 21 i
248 932 145 27 värkligheten
413 939 50 20 eger
478 939 47 14 rum
542 932 91 22 emellan
649 939 25 14 en
691 932 92 27 tjenares
799 931 114 22 afvikande

82 961 47 21 från
145 961 32 21 sin
194 961 65 26 tjenst
273 961 53 21 eller
341 967 26 16 en
383 961 110 22 arbetares
510 961 113 22 afvikande
643 961 54 21 ifrån
717 961 40 21 sin.
787 961 42 26 Jag
851 961 61 20 anta-

82 995 38 21 ger
142 989 107 27 nämligen
271 992 32 19 att
318 990 30 21 uti
365 990 26 21 de
406 989 62 22 flesta
491 989 37 22 fall
544 996 26 16 en
586 990 250 21 handtverkaremästare
860 989 54 20 eller

81 1017 157 22 fabriksidkare
260 1019 19 26 ej
301 1018 42 21 kan
363 1018 127 28 tillskyndas
514 1019 41 21 den
576 1018 67 22 skada
666 1025 75 20 genom
762 1024 25 15 en
803 1018 110 21 arbetares

82 1047 107 26 bortgång
203 1053 46 15 som
265 1047 32 21 till
313 1048 94 26 exempel
423 1053 25 16 en
462 1047 144 27 jordbrukare
626 1047 68 21 under
709 1047 39 21 den
764 1046 100 21 brådaste
880 1052 34 15 ar-

82 1075 113 22 betstiden.
225 1075 42 28 Jag
281 1076 42 21 kan
339 1075 83 22 derföre
440 1075 133 22 fortfarande
589 1076 19 27 ej
624 1079 66 18 annat
705 1075 56 22 fiona
777 1077 27 19 än
819 1077 33 19 att
868 1077 45 19 mot

83 1104 124 21 Utskottets
223 1104 80 27 förslag
318 1104 7 21 i
340 1105 59 20 detta
414 1107 95 18 moment
532 1105 90 21 likasom
638 1105 31 20 uti
685 1104 36 21 det
736 1103 67 27 tredje
819 1109 95 16 momen-

82 1134 38 23 tet,
136 1132 81 21 hvilket
232 1133 67 21 under
315 1133 145 22 diskussionen
471 1133 71 21 blifvit
554 1133 93 27 berördt,
663 1133 66 21 ehuru
741 1133 35 20 det
787 1132 18 27 ej
817 1138 29 15 nu
858 1131 56 22 före-

82 1161 67 27 ligger
171 1161 34 21 till
226 1161 135 28 behandling,
378 1162 47 21 icke
441 1162 65 27 något
528 1162 47 21 skäl
591 1162 6 21 i
613 1161 74 27 sjelfva
702 1161 74 21 verket
791 1161 69 21 blifvit
876 1167 38 14 an-

81 1189 63 25 fördt,
160 1195 47 15 som
223 1190 70 21 kunde
309 1191 64 20 verka
388 1191 32 20 till
435 1190 126 27 förändring
577 1190 22 21 af
613 1190 122 22 Utskottets
750 1190 85 26 förslag,
852 1189 60 21 hvar-

81 1218 46 22 före
140 1218 38 27 jag
193 1224 107 22 upprepar
315 1218 49 22 mitt
379 1218 58 22 förra
449 1219 103 27 yrkande.

150 1275 57 22 Herr
229 1275 159 22 Molander:
419 1276 43 21 För
478 1277 43 20 min
538 1276 34 21 del
588 1276 38 21 ber
639 1276 36 27 jag
691 1276 46 21 åter
752 1277 32 20 att
799 1275 22 22 få
836 1275 77 21 under-

81 1303 63 22 stöda
158 1303 57 22 Herr
231 1305 24 20 E.
271 1305 71 26 Bergh
357 1305 7 21 i
379 1305 46 21 allt.
455 1305 51 21 Alla
526 1305 26 21 de
569 1305 53 24 skäl,
638 1311 46 16 som
699 1305 56 21 Herr
769 1304 100 22 Boström
884 1309 30 16 nu

81 1332 132 27 framdragit,
230 1333 42 21 kan
285 1333 37 27 jag
337 1333 18 28 ej
372 1340 51 15 anse
439 1334 89 21 inverka
543 1334 28 27 på
587 1334 72 21 saken.
690 1333 47 22 Han
753 1333 39 21 har
801 1332 69 27 sagdt,
881 1334 33 19 att

80 1361 215 27 legohjonsstadgans
311 1363 51 20 sista
377 1363 103 26 paragraf
495 1369 34 15 om
544 1362 135 27 förvandling
695 1362 85 26 stadgar
795 1363 39 24 att,
846 1361 38 21 der
894 1361 18 26 ej

80 1389 136 22 annorlunda
238 1390 68 22 finnes
330 1391 107 27 stadgadt,
459 1391 91 22 böterna
573 1391 61 22 skola
656 1391 121 21 förvandlas
793 1389 32 22 till
841 1389 72 22 enkelt

80 1418 101 27 fängelse.
211 1419 75 22 Denna
301 1419 13 28 $
330 1419 27 22 53
379 1420 48 21 åter
448 1419 70 28 gäller
540 1422 33 19 ett
594 1418 253 29 undantagsförhällande
866 1423 47 16 som

80 1447 56 22 skall
158 1447 75 27 stäfjas
249 1448 40 21 och
307 1448 159 27 propositionen
482 1448 42 22 har
538 1449 65 21 också
618 1448 109 27 föreslagit
742 1454 26 15 en
783 1448 130 25 undantags-

80 1476 142 27 förvandling.
251 1476 42 27 Jag
315 1479 35 19 vet
369 1477 70 21 derför
454 1477 19 26 ej
490 1477 57 21 hvad
563 1483 46 15 som
625 1477 87 21 hindrar
727 1479 32 19 att
773 1477 61 20 äfven
851 1475 63 21 dessa

81 1504 63 22 böter
160 1504 123 22 förvandlas
305 1505 29 27 på
356 1506 43 20 sätt
422 1505 57 21 Herr
503 1506 23 20 E.
550 1505 72 27 Bergh
637 1505 115 27 föreslagit.
783 1505 40 21 Att
838 1504 36 22 det
889 1505 25 20 är
