1109 1786
293 128 179 23 Borgareståndet
485 129 55 18 1877.
565 129 27 18 30
602 129 120 17 November.
863 123 57 22 2023

86 198 67 27 sagda
179 197 81 28 förslag
283 197 25 22 så
337 197 141 27 modifieradt,
510 204 46 15 som
584 198 57 21 Herr
675 197 104 22 Sanmark
814 197 104 27 förordat,

86 233 63 15 svara
164 226 47 27 nej.

156 283 161 27 Propositionen
333 283 128 21 besvarades
477 283 49 21 med
544 283 26 21 10
583 283 26 27 ja
625 283 38 21 och
681 283 26 21 26
723 283 48 26 nej.

156 340 189 27 Proposition
356 340 40 21 N:o
412 340 22 21 3:
455 340 39 24 De,
517 346 46 15 som
579 340 113 26 godkänna
707 339 120 22 Utskottets
842 340 78 27 ifråga-

86 369 93 21 varande
201 368 80 26 förslag
296 375 61 15 svara
374 368 35 27 ja;
434 368 74 22 vinner
523 368 47 28 nej,
585 374 62 16 anses
663 368 96 26 Ståndet,
775 368 48 22 med
839 369 80 21 under-

86 397 112 22 kännande
222 397 24 21 af
266 398 66 26 sagda
354 398 87 26 förslag,
465 397 33 21 för
520 397 32 21 sin
569 397 34 21 del
619 397 95 26 beslutit,
730 399 45 25 ,att
790 397 128 26 Ständerna,

84 426 66 26 jemte
166 427 36 21 det
217 426 27 22 de
259 426 32 21 till
307 432 32 20 en,
355 426 33 21 för
404 426 78 21 lättare
495 426 128 21 samfärdsel
634 426 89 21 emellan
734 426 108 27 bygderna
855 426 64 26 kring

86 454 73 22 Saima
181 455 126 26 vattendrag
330 454 39 22 och
392 454 179 22 Riihimäki—S:t
593 454 130 27 Petersburg
741 454 89 28 jernväg
854 454 65 27 nödig

87 483 79 22 bibana
189 484 54 21 ifrån
267 483 187 21 Willmanstrands
477 484 48 21 stad
548 483 40 21 och
611 483 64 21 hamn
695 483 31 21 till
743 483 78 22 Simola
838 483 80 22 station

86 512 61 22 anslå
162 519 27 15 en
204 518 83 15 summa
302 512 23 21 af
340 512 113 26 1,853,070
469 512 69 26 mark,
553 512 62 21 skola
631 512 39 21 hos
685 512 26 20 H.
727 512 26 21 K.
769 511 39 22 M:t
823 512 7 21 i
841 512 77 22 under-

86 541 103 27 dånighet
203 541 92 26 anhålla,
311 540 36 22 det
363 541 82 21 täcktes
461 541 21 21 H
501 541 46 26 M:t,
563 540 24 22 så
597 542 61 20 snart
670 541 26 21 de
709 540 139 27 erforderliga
860 540 59 22 med-

87 570 33 21 len
142 571 72 20 kunna
237 570 94 25 beredas,
348 569 44 22 låta
407 569 73 22 utföra
495 570 85 21 arbetet
595 570 13 21 å
624 570 69 21 denna
709 569 77 22 bibana
801 571 47 20 näst
864 570 55 21 efter

86 599 37 21 det
146 598 41 21 den
208 598 22 21 af
252 598 119 21 Ständerna
390 598 111 22 beslutade
517 598 156 26 anläggningen
689 598 22 21 af
722 598 89 27 jernväg
827 598 90 22 emellan

85 626 144 22 Tammerfors
251 627 38 21 och
311 626 134 22 Nikolaistad
462 627 41 21 blir
518 626 129 26 fullbordad,
663 626 58 25 eller,
737 627 72 21 derest
824 628 94 20 omstän-

86 655 126 27 digheterna
231 656 77 21 sådant
330 655 91 27 påkalla,
445 656 111 25 samtidigt
576 656 47 21 med
648 656 65 26 sagda
730 656 188 26 jernvägsanlägg-

86 684 52 27 ning
160 686 56 19 samt
234 684 7 20 i
256 684 64 26 öfrigt
341 684 49 21 med
412 684 140 27 iakttagande
574 685 23 21 af
618 690 81 16 samma
721 684 196 28 byggnadssystem,

86 718 46 16 som
148 712 36 22 det
199 713 34 21 vid
249 713 193 27 statsjernvägarne
458 713 7 21 i
482 713 73 21 landet
570 712 138 23 härförinnan
724 712 82 28 följda."

155 770 75 21 Denna
245 770 132 27 proposition
387 770 129 21 besvarades
526 770 49 22 med
586 770 105 21 obestridt
701 769 154 28 öfvervägande
857 765 13 37 n
878 776 1 14 e
901 770 15 27 j.

155 826 32 22 Pä
202 826 80 27 förslag
294 826 23 22 af
326 827 55 21 Herr
397 826 107 28 Nybom
520 827 70 21 beslöt
600 827 180 26 Borgareständet
791 827 77 21 derhos
884 829 33 19 att

85 856 111 21 remittera
210 856 89 21 ärendet
313 856 7 20 i
336 856 69 21 denna
421 856 34 21 del
471 856 33 21 till
520 856 167 21 Statsutskottet
702 856 47 21 med
765 856 105 21 anmodan
883 856 33 21 till

86 884 61 21 detta
169 886 32 19 att
224 884 107 21 inkomma
354 884 48 21 med
426 885 143 26 betänkande,
592 885 55 20 huru
666 885 25 20 de
707 885 32 20 för
753 884 164 27 ifrägavarande

82 912 231 28 jernvägsanläggning
327 913 78 26 nödiga
421 913 85 21 medlen
521 913 62 21 skola
597 913 114 21 anskaffas.

155 969 165 22 Slutmomentet
342 970 6 21 i
371 969 223 28 Jernvägsutskottets
619 970 139 21 förevarande
781 970 136 22 betänkande

84 998 126 27 godkändes
225 999 24 21 af
262 999 187 26 Borgareständet.

154 1141 121 27 Föredrogs
294 1141 113 22 Allmänna
422 1142 212 21 Besvärsutskottets
650 1142 40 21 den
705 1142 27 20 27
747 1141 121 22 November
883 1147 34 16 se-

85 1172 49 19 nast
148 1170 119 26 bordlagda
278 1171 79 26 förslag
369 1171 31 20 till
413 1170 208 27 sammanjemkning
631 1170 24 21 af
667 1171 26 20 de
705 1170 121 27 skiljaktiga
838 1169 78 26 beslut,

85 1198 61 21 hvari
161 1198 94 22 Ständen
271 1201 86 19 stannat
371 1199 35 21 vid
422 1199 157 27 behandlingen
595 1199 23 21 af
632 1199 47 21 dess
697 1198 131 22 betänkande
840 1204 34 16 n:o
890 1200 24 20 17

86 1227 48 22 med
156 1228 114 27 anledning
295 1227 22 22 af
335 1228 26 21 de
379 1228 56 21 inom
451 1227 96 22 Ständen
564 1227 77 22 väckta
656 1227 113 27 petitioner
784 1226 132 23 beträffande

85 1255 251 28 undervisningsspräket
359 1257 34 20 vid
416 1256 246 22 elementarläroverken
685 1258 55 20 samt
757 1255 121 22 inrättande
893 1255 25 22 af

85 1290 42 22 nya
142 1285 75 26 lyceer.

154 1341 135 22 Beträffande
305 1342 122 22 Utskottets
443 1342 122 27 förslag
582 1344 37 19 1:0
635 1342 84 28 yttrade
735 1342 32 27 sig

154 1398 57 21 Herr
232 1399 134 22 Höckert:
390 1399 36 21 Uti
442 1399 38 21 det
495 1399 80 26 förslag
590 1399 115 21 Allmänna
720 1397 197 23 Besvärsutskottet

85 1427 67 21 under
174 1427 95 26 punkten
288 1429 19 25 1)
330 1427 90 26 förelagt
443 1427 122 22 Ständerna
581 1428 32 21 tili
629 1427 154 28 godkännande
799 1427 68 21 finner
879 1426 39 28 jag

84 1455 34 22 till
133 1455 43 22 min
192 1456 112 27 förvåning
319 1462 25 15 en
361 1456 149 27 ordställning,
526 1456 33 21 till
575 1456 84 21 hvilken
676 1462 48 15 man
737 1456 105 26 förgäfves
852 1455 65 22 söker

85 1490 27 15 en
135 1484 154 27 motsvarighet
305 1485 7 21 i
327 1485 66 26 nägot
415 1484 24 21 af
460 1485 28 21 de
512 1485 70 21 beslut
605 1485 26 21 de
649 1485 70 21 skilda
734 1484 93 22 Ständen
843 1483 74 26 fattat;

82 1513 38 27 jag
134 1518 74 16 menar
223 1512 81 23 frasen:
328 1516 70 23 ,samt
419 1512 56 22 efter
491 1513 134 27 sakkunnige
640 1514 61 20 mäns
716 1512 111 22 hörande.”
849 1512 69 22 Hvar-
