1109 1786
185 104 57 34 2006
383 113 180 22 Borgareståndet
575 115 56 17 1877.
652 115 28 18 30
693 115 122 18 November.

255 182 56 21 Herr
325 182 170 27 Tengström:
526 183 72 26 Några
613 183 70 21 medel
699 183 33 21 för
747 183 60 22 detta
821 183 101 21 ändamål
937 181 79 23 torde
1002 177 17 36 i

185 211 178 21 Statsutskottets
375 211 136 22 betänkande
526 211 47 21 icke
588 218 51 15 vara
655 211 129 26 beräknade,
799 212 71 21 såvidt
883 211 37 26 jag
934 211 35 21 vid
985 212 32 20 ett

185 239 82 28 hastigt
281 240 176 27 genomögnande
473 240 22 21 af
510 240 119 21 detsamma
640 240 83 21 kunnat
735 240 64 21 finna.
816 240 48 21 Men
876 240 55 21 hvad
943 239 73 28 sjelfva

185 267 65 22 saken
274 267 103 22 beträffar
392 268 36 21 vill
440 268 38 28 jag
493 269 71 20 eriora
579 275 34 15 om
629 269 37 21 det
681 269 99 27 ovanliga
794 268 41 22 och
850 269 120 26 olämpliga
984 269 32 22 uti

184 298 34 19 att
239 295 91 28 anlägga
346 303 25 15 en
385 297 90 27 jernväg
489 297 33 21 för
537 299 33 19 att
585 297 150 21 åstadkomma
751 298 70 20 bättre
836 297 180 21 kommunikatio-

185 330 39 16 ner
241 325 8 21 i
264 331 27 15 en
305 325 56 27 glest
376 325 83 21 bebodd
475 326 40 21 och
531 328 61 24 svagt
607 326 65 21 odlad
688 326 66 26 trakt,
771 326 6 20 i
793 325 82 22 saknad
890 325 24 21 af
927 326 43 20 alla
984 326 32 20 in-

185 353 100 25 dustrier,
304 354 66 21 sådan
387 360 45 16 som
448 354 84 27 Kajana
547 354 35 22 län
598 355 39 21 och
654 354 26 22 de
695 354 92 22 socknar
803 360 46 16 som
865 354 97 26 vanligen
978 360 38 15 un-

186 382 38 21 der
247 382 60 22 detta
329 389 64 15 namn
415 382 84 22 förstås.
529 383 42 21 Det
593 386 25 18 är
639 385 63 19 sannt
724 386 33 18 att
772 384 27 20 de
813 384 39 20 äro
868 382 82 27 fattiga,
966 389 48 15 men

186 411 59 21 detta
269 411 69 22 blefve
361 418 26 14 en
411 412 38 20 allt
472 412 33 21 för
520 412 39 27 dyr
573 412 120 26 fattigdom.
725 412 40 22 Det
781 411 68 21 finnes
864 412 66 20 andra
947 411 68 21 medel

186 442 33 18 att
240 439 75 27 hjälpa
336 440 26 21 de
385 439 83 27 fattiga,
492 442 26 20 än
542 442 33 19 att
597 440 49 22 leda
668 447 26 14 en
707 440 90 27 jernväg
813 439 33 21 till
862 440 152 27 fattigdomens

186 467 139 27 hembygder;
343 468 36 21 det
394 470 24 20 är
432 469 19 27 ej
465 469 153 27 jernvägarnas
635 469 155 21 bestämmelse.
822 468 46 22 Den
884 471 24 19 är
924 470 32 20 att
971 468 43 21 för-

185 496 72 22 medla
271 503 26 15 en
313 496 96 28 befintlig
425 498 133 21 verksamhet
575 499 28 25 på
615 498 147 26 jordbrukets,
778 498 140 26 näringarnas
932 497 40 21 och
983 497 31 21 in-

186 525 94 21 dustrins
303 526 93 21 område.
426 526 71 26 Något
513 526 77 22 sådant
605 526 100 22 ändamål
721 527 41 21 kan
779 526 47 21 med
843 526 69 21 denna
925 526 89 26 jernväg

185 553 47 22 icke
248 554 120 28 befrämjas,
383 554 46 27 och,
445 555 70 21 såsom
528 555 37 27 jag
581 555 66 22 redan
663 555 106 26 framhöll,
778 561 45 15 som
832 554 122 28 fattighjelp
962 555 53 21 böra

183 583 143 26 jernvägarna
348 584 47 20 icke
416 584 114 21 användas.
561 584 114 21 Dessutom
701 584 115 21 förefinnes
833 584 36 20 det
885 583 71 21 lokala
972 584 42 20 för-

162 635 10 8 .
187 611 116 22 hällanden
325 614 33 19 att
381 612 104 27 allmogen
509 612 7 21 i
540 612 62 22 dessa
618 612 84 22 trakter
717 612 61 21 älska
791 612 47 21 sina
853 612 119 25 bätfärder;
988 612 26 20 de

185 639 86 23 komme
296 640 19 27 ej
338 642 33 20 att
386 640 65 22 forsla
465 641 32 21 sin
514 641 55 27 tjära
584 642 49 20 med
645 641 124 27 jernvägen,
785 643 51 19 utan
853 641 26 20 de
894 640 69 22 skulle
979 640 36 22 be-

185 674 70 21 gagna
278 669 36 21 det
336 671 44 19 sätt
403 669 26 21 de
445 670 38 21 och
499 670 63 20 deras
577 670 96 20 förfäder
688 670 6 20 i
711 670 42 20 alla
769 670 56 20 tider
841 669 106 27 begagnat
963 671 51 19 utan

185 699 39 22 att,
240 697 24 22 sä
279 698 45 20 vidt
340 704 48 15 man
404 700 41 24 vet,
461 698 69 27 någon
547 698 47 21 fara
609 698 33 21 för
658 698 24 21 lif
696 698 39 21 och
751 698 59 21 helsa
825 698 122 26 derigenom
964 704 51 20 upp-

185 726 60 21 stått.
275 720 135 28 Åtminstone
425 728 38 20 äro
478 727 109 27 exemplen
604 728 27 26 pä
646 726 127 22 inträffande
789 726 187 27 olyekshändelser
990 727 24 20 sä

185 754 106 28 sällsynta
312 757 33 19 att
367 755 38 27 jag
427 755 67 21 under
517 756 41 20 min
582 755 64 27 länga
670 755 116 21 lefnadstid
802 755 69 26 aldrig
887 755 48 21 hört
950 755 65 26 nägot

186 783 81 26 derom,
291 783 102 22 ehburuväl
415 784 36 26 jag
473 784 47 26 följt
542 784 49 21 med
606 784 191 27 uppmärksamhet
813 784 61 21 dessa
889 786 69 19 orters
973 784 42 20 för-

185 811 122 22 hällanden.
337 812 42 27 Jag
393 813 106 26 äberopar
514 812 55 22 hvad
583 813 37 26 jag
636 812 58 22 förut
709 813 78 21 anfört.
816 813 42 26 Jag
874 818 62 15 anser
951 814 15 19 t.
982 819 32 14 ex.

185 840 42 22 den
242 840 185 28 omständigheten
443 842 18 26 ej
477 841 28 21 ha
520 841 68 21 blifvit
603 842 115 26 vederlagd
733 844 34 18 att
782 841 26 21 de
824 840 88 26 frakter,
921 847 45 15 som
977 842 37 20 äro

185 868 123 23 beräknade
324 870 33 20 för
372 869 49 22 hela
435 870 106 25 sträckan,
557 876 35 15 om
608 870 27 21 de
650 870 40 21 alls
706 870 82 25 utfalla,
805 869 85 22 komma
900 871 32 19 att
941 869 74 21 utfalla

185 897 57 22 blott
264 898 33 21 för
317 904 26 15 en
365 898 108 27 obetydlig
495 899 87 20 distans.
613 898 42 22 Det
670 900 25 19 är
710 899 77 20 endast
801 897 67 28 några
883 897 77 22 bruks-
975 897 40 22 och

186 925 109 28 sägegare,
317 933 45 14 som
379 927 62 21 hafva
456 927 64 26 nägot
535 927 92 21 intresse
641 927 24 21 af
679 927 69 21 denna
761 927 103 26 järnväg;
880 927 32 20 för
927 926 87 21 allmän-

185 955 65 21 heten
273 955 85 21 komme
381 956 40 21 den
444 958 32 19 att
491 956 33 21 stä
536 962 53 24 som
598 962 26 15 en
640 955 125 28 obegagnad
782 955 72 27 nyhet,
870 955 41 21 den
926 955 90 21 allmänt

185 983 71 26 heten,
279 984 48 21 med
348 984 40 21 den
404 985 7 20 i
426 984 113 28 synnerhet
554 985 28 26 pä
598 984 61 22 dessa
675 986 58 19 orter
747 984 26 21 sä
789 983 60 28 djupt
864 983 98 22 inrotade
976 983 38 22 fin-

185 1012 40 21 ska
239 1012 99 27 flegman,
355 1012 40 22 alls
410 1013 19 27 ej
445 1013 83 21 komme
543 1015 33 19 att
592 1013 72 21 anlita.
680 1013 42 27 Jag
735 1019 108 20 upprepar
859 1015 32 18 att
906 1012 110 27 petitions-

185 1040 104 27 förslaget
304 1041 39 21 bör
358 1041 91 27 förfalla,
461 1041 57 27 eller,
534 1048 34 15 om
585 1042 24 21 sä
623 1041 20 28 ej
659 1042 42 21 kan
717 1042 44 26 ske,
773 1041 131 22 ätminstone
912 1041 104 26 betydligt

185 1069 133 22 inskränkas.

255 1127 57 21 Herr
334 1127 110 22 Kurtön:
474 1127 41 28 Jag
535 1127 39 22 ber
589 1128 76 21 endast
681 1129 32 20 att
728 1128 8 21 i
751 1127 88 22 korthet
854 1127 22 21 fä
891 1129 78 19 nämna
984 1128 33 19 att

182 1155 38 27 jag
243 1155 60 22 delar
319 1156 40 21 den
375 1156 52 21 sista
443 1156 66 21 ärade
524 1156 95 21 talarens
634 1158 51 23 sats,
701 1158 33 19 att
739 1156 153 27 jernvägarna
908 1155 18 27 ej
944 1155 22 22 få
981 1155 36 21 be-

185 1184 84 21 traktas
290 1184 71 21 säsom
377 1191 25 14 en
418 1185 126 26 fattighjelp.
575 1185 82 21 Sädant
673 1185 39 21 har
726 1185 65 26 ingen
807 1184 97 27 päyrkat,
919 1190 47 15 men
982 1184 35 20 väl

185 1214 25 20 är
232 1212 37 22 det
292 1219 25 15 en
337 1212 63 22 allom
416 1213 56 21 känd
488 1213 38 22 sak
542 1215 33 20 att
591 1219 25 16 en
632 1213 79 22 lättare
725 1212 186 22 kommunikation
928 1212 89 22 bereder

185 1243 70 20 större
270 1241 85 22 tillfälle
370 1242 32 21 till
419 1242 85 26 förvärf,
520 1242 39 21 och
575 1242 91 21 sälunda
681 1244 64 25 utgör
761 1241 41 22 den
818 1241 62 22 bästa
896 1241 120 27 fattighjelp

185 1270 20 21 vi
225 1270 74 21 kunna
323 1270 79 22 bereda
416 1271 48 21 värt
478 1270 57 22 land.
564 1270 41 22 Vid
621 1271 73 21 Saima
709 1270 76 22 kanals
801 1270 129 27 anläggning
945 1270 72 21 fördes

185 1299 61 21 äfven
266 1299 36 21 det
317 1299 30 21 tal
363 1301 31 20 att
410 1299 40 22 den
466 1299 55 22 blott
537 1299 68 22 skulle
621 1300 86 21 komma
722 1299 69 27 nägra
806 1299 168 27 brukspatroner
984 1299 33 21 till

184 1328 64 26 godo,
271 1334 49 15 men
343 1329 34 20 att
399 1328 72 21 landet
493 1328 8 21 i
523 1328 32 21 sin
579 1328 74 21 helhet
671 1328 24 21 af
709 1328 125 21 densamma
850 1327 18 27 ej
885 1328 84 21 komme
985 1330 32 19 att

184 1355 65 22 hafva
268 1357 67 26 nägot
357 1363 61 20 gagn.
448 1357 41 26 Jag
510 1359 47 19 tror
575 1358 33 20 att
627 1356 37 22 det
679 1357 55 21 dock
749 1356 85 21 bevisat
849 1356 33 27 sig
898 1358 32 19 att
945 1356 72 22 landet

184 1384 41 22 har
247 1385 37 21 det
304 1386 80 20 största
398 1391 55 21 gagn
469 1385 22 22 af
506 1386 70 21 denna
591 1385 202 27 kanalanläggning.
824 1384 49 22 Men
889 1385 36 21 det
940 1386 24 20 är
979 1384 38 22 all-

184 1414 33 20 tid
239 1415 33 20 ett
293 1413 134 27 oundvikiigt
448 1413 134 22 förhäilande
603 1415 34 20 att
653 1420 26 15 en
695 1417 45 18 stor
755 1414 47 26 sak,
818 1413 33 22 för
866 1415 32 20 att
912 1413 28 27 gå
955 1413 61 26 fram,

185 1441 62 22 äfven
262 1442 69 21 mäste
345 1448 70 21 gagna
431 1443 26 20 de
469 1445 59 19 stora
535 1443 136 26 köpmännen
681 1442 40 22 och
729 1442 205 27 brukspatronerna.
950 1441 67 22 Dessa

184 1470 155 28 anläggningar
361 1473 64 24 göras
447 1471 54 21 dock
523 1471 48 21 icke
591 1471 34 21 för
640 1471 26 21 de
681 1473 60 19 stora
756 1470 115 22 herrarnas
887 1470 62 26 skull,
965 1472 52 18 utan

184 1498 35 22 för
234 1499 41 21 den
297 1501 60 19 stora
380 1499 160 27 allmänhetens,
563 1499 86 22 hvilken
663 1499 63 22 dessa
741 1504 105 22 personer
861 1499 94 27 betjena.
985 1498 32 21 De
