<?xml version="1.0" encoding="UTF-8"?>
<alto xmlns="http://www.loc.gov/standards/alto/ns-v3#" xmlns:xlink="http://www.w3.org/1999/xlink" xmlns:xsi="http://www.w3.org/2001/XMLSchema-instance" xsi:schemaLocation="http://www.loc.gov/standards/alto/ns-v3# http://www.loc.gov/alto/v3/alto-3-0.xsd">
	<Description>
		<MeasurementUnit>pixel</MeasurementUnit>
		<sourceImageInformation>
			<fileName>/tmp/tess_obpso2qi_input.PNG</fileName>
		</sourceImageInformation>
		<OCRProcessing ID="OCR_0">
			<ocrProcessingStep>
				<processingSoftware>
					<softwareName>tesseract 5.3.4</softwareName>
				</processingSoftware>
			</ocrProcessingStep>
		</OCRProcessing>
	</Description>
	<Layout>
		<Page WIDTH="1109" HEIGHT="1786" PHYSICAL_IMG_NR="0" ID="page_0">
			<PrintSpace HPOS="0" VPOS="0" WIDTH="1109" HEIGHT="1786">
				<ComposedBlock ID="cblock_0" HPOS="193" VPOS="141" WIDTH="629" HEIGHT="25">
					<TextBlock ID="block_0" HPOS="193" VPOS="141" WIDTH="629" HEIGHT="25">
						<TextLine ID="line_0" HPOS="193" VPOS="141" WIDTH="629" HEIGHT="25">
							<String ID="string_0" HPOS="193" VPOS="141" WIDTH="55" HEIGHT="20" WC="0.96" CONTENT="1890"/><SP WIDTH="146" VPOS="141" HPOS="248"/>
							<String ID="string_1" HPOS="394" VPOS="144" WIDTH="180" HEIGHT="22" WC="0.90" CONTENT="Borgareståndet"/><SP WIDTH="13" VPOS="144" HPOS="574"/>
							<String ID="string_2" HPOS="587" VPOS="145" WIDTH="55" HEIGHT="18" WC="0.96" CONTENT="1877."/><SP WIDTH="20" VPOS="145" HPOS="642"/>
							<String ID="string_3" HPOS="662" VPOS="145" WIDTH="26" HEIGHT="17" WC="0.96" CONTENT="27"/><SP WIDTH="12" VPOS="145" HPOS="688"/>
							<String ID="string_4" HPOS="700" VPOS="145" WIDTH="122" HEIGHT="18" WC="0.94" CONTENT="November."/>
						</TextLine>
					</TextBlock>
				</ComposedBlock>
				<GraphicalElement ID="cblock_1" HPOS="192" VPOS="172" WIDTH="833" HEIGHT="7"></GraphicalElement >
				<ComposedBlock ID="cblock_2" HPOS="190" VPOS="213" WIDTH="835" HEIGHT="56">
					<TextBlock ID="block_1" HPOS="190" VPOS="213" WIDTH="835" HEIGHT="56">
						<TextLine ID="line_1" HPOS="190" VPOS="213" WIDTH="835" HEIGHT="28">
							<String ID="string_5" HPOS="190" VPOS="213" WIDTH="33" HEIGHT="22" WC="0.96" CONTENT="sin"/><SP WIDTH="23" VPOS="213" HPOS="223"/>
							<String ID="string_6" HPOS="246" VPOS="213" WIDTH="134" HEIGHT="28" WC="0.96" CONTENT="förteckning"/><SP WIDTH="19" VPOS="213" HPOS="380"/>
							<String ID="string_7" HPOS="399" VPOS="213" WIDTH="58" HEIGHT="22" WC="0.96" CONTENT="öfver"/><SP WIDTH="20" VPOS="213" HPOS="457"/>
							<String ID="string_8" HPOS="477" VPOS="213" WIDTH="163" HEIGHT="27" WC="0.96" CONTENT="församlingens"/><SP WIDTH="19" VPOS="213" HPOS="640"/>
							<String ID="string_9" HPOS="659" VPOS="214" WIDTH="147" HEIGHT="21" WC="0.96" CONTENT="medlemmar."/><SP WIDTH="32" VPOS="214" HPOS="806"/>
							<String ID="string_10" HPOS="838" VPOS="213" WIDTH="40" HEIGHT="27" WC="0.95" CONTENT="Jag"/><SP WIDTH="14" VPOS="213" HPOS="878"/>
							<String ID="string_11" HPOS="892" VPOS="213" WIDTH="68" HEIGHT="22" WC="0.93" CONTENT="skulle"/><SP WIDTH="17" VPOS="213" HPOS="960"/>
							<String ID="string_12" HPOS="977" VPOS="213" WIDTH="48" HEIGHT="22" WC="0.92" CONTENT="der-"/>
						</TextLine>
						<TextLine ID="line_2" HPOS="191" VPOS="242" WIDTH="550" HEIGHT="27">
							<String ID="string_13" HPOS="191" VPOS="242" WIDTH="33" HEIGHT="21" WC="0.93" CONTENT="för"/><SP WIDTH="18" VPOS="242" HPOS="224"/>
							<String ID="string_14" HPOS="242" VPOS="242" WIDTH="83" HEIGHT="27" WC="0.92" CONTENT="påyrka"/><SP WIDTH="15" VPOS="242" HPOS="325"/>
							<String ID="string_15" HPOS="340" VPOS="244" WIDTH="33" HEIGHT="19" WC="0.96" CONTENT="att"/><SP WIDTH="15" VPOS="244" HPOS="373"/>
							<String ID="string_16" HPOS="388" VPOS="243" WIDTH="70" HEIGHT="20" WC="0.96" CONTENT="denna"/><SP WIDTH="15" VPOS="243" HPOS="458"/>
							<String ID="string_17" HPOS="473" VPOS="242" WIDTH="112" HEIGHT="21" WC="0.96" CONTENT="föreskrift"/><SP WIDTH="15" VPOS="242" HPOS="585"/>
							<String ID="string_18" HPOS="600" VPOS="242" WIDTH="67" HEIGHT="22" WC="0.96" CONTENT="måtte"/><SP WIDTH="16" VPOS="242" HPOS="667"/>
							<String ID="string_19" HPOS="683" VPOS="243" WIDTH="58" HEIGHT="26" WC="0.96" CONTENT="utgå."/>
						</TextLine>
					</TextBlock>
				</ComposedBlock>
				<ComposedBlock ID="cblock_3" HPOS="187" VPOS="299" WIDTH="838" HEIGHT="972">
					<TextBlock ID="block_2" HPOS="187" VPOS="299" WIDTH="838" HEIGHT="972">
						<TextLine ID="line_3" HPOS="261" VPOS="299" WIDTH="763" HEIGHT="27">
							<String ID="string_20" HPOS="261" VPOS="299" WIDTH="57" HEIGHT="21" WC="0.92" CONTENT="Herr"/><SP WIDTH="19" VPOS="299" HPOS="318"/>
							<String ID="string_21" HPOS="337" VPOS="299" WIDTH="150" HEIGHT="27" WC="0.92" CONTENT="Ignatius:"/><SP WIDTH="33" VPOS="299" HPOS="487"/>
							<String ID="string_22" HPOS="520" VPOS="299" WIDTH="40" HEIGHT="21" WC="0.96" CONTENT="Om"/><SP WIDTH="21" VPOS="299" HPOS="560"/>
							<String ID="string_23" HPOS="581" VPOS="299" WIDTH="38" HEIGHT="27" WC="0.96" CONTENT="jag"/><SP WIDTH="16" VPOS="299" HPOS="619"/>
							<String ID="string_24" HPOS="635" VPOS="299" WIDTH="79" HEIGHT="22" WC="0.96" CONTENT="förstår"/><SP WIDTH="15" VPOS="299" HPOS="714"/>
							<String ID="string_25" HPOS="729" VPOS="300" WIDTH="58" HEIGHT="20" WC="0.96" CONTENT="Herr"/><SP WIDTH="15" VPOS="300" HPOS="787"/>
							<String ID="string_26" HPOS="802" VPOS="299" WIDTH="112" HEIGHT="21" WC="0.96" CONTENT="Boströms"/><SP WIDTH="14" VPOS="299" HPOS="914"/>
							<String ID="string_27" HPOS="928" VPOS="299" WIDTH="96" HEIGHT="27" WC="0.96" CONTENT="yrkande"/>
						</TextLine>
						<TextLine ID="line_4" HPOS="190" VPOS="327" WIDTH="834" HEIGHT="27">
							<String ID="string_28" HPOS="190" VPOS="327" WIDTH="83" HEIGHT="27" WC="0.96" CONTENT="rigtigt,"/><SP WIDTH="14" VPOS="327" HPOS="273"/>
							<String ID="string_29" HPOS="287" VPOS="327" WIDTH="25" HEIGHT="21" WC="0.96" CONTENT="så"/><SP WIDTH="15" VPOS="327" HPOS="312"/>
							<String ID="string_30" HPOS="327" VPOS="327" WIDTH="90" HEIGHT="22" WC="0.96" CONTENT="innebar"/><SP WIDTH="14" VPOS="327" HPOS="417"/>
							<String ID="string_31" HPOS="431" VPOS="328" WIDTH="36" HEIGHT="21" WC="0.96" CONTENT="det"/><SP WIDTH="16" VPOS="328" HPOS="467"/>
							<String ID="string_32" HPOS="483" VPOS="329" WIDTH="33" HEIGHT="20" WC="0.96" CONTENT="att"/><SP WIDTH="15" VPOS="329" HPOS="516"/>
							<String ID="string_33" HPOS="531" VPOS="328" WIDTH="66" HEIGHT="21" WC="0.92" CONTENT="orden"/><SP WIDTH="17" VPOS="328" HPOS="597"/>
							<String ID="string_34" HPOS="614" VPOS="328" WIDTH="71" HEIGHT="24" WC="0.92" CONTENT=",inom"/><SP WIDTH="16" VPOS="328" HPOS="685"/>
							<String ID="string_35" HPOS="701" VPOS="334" WIDTH="26" HEIGHT="15" WC="0.96" CONTENT="en"/><SP WIDTH="16" VPOS="334" HPOS="727"/>
							<String ID="string_36" HPOS="743" VPOS="328" WIDTH="77" HEIGHT="21" WC="0.96" CONTENT="månad"/><SP WIDTH="16" VPOS="328" HPOS="820"/>
							<String ID="string_37" HPOS="836" VPOS="327" WIDTH="54" HEIGHT="21" WC="0.96" CONTENT="efter"/><SP WIDTH="15" VPOS="327" HPOS="890"/>
							<String ID="string_38" HPOS="905" VPOS="327" WIDTH="72" HEIGHT="27" WC="0.96" CONTENT="hvarje"/><SP WIDTH="11" VPOS="327" HPOS="977"/>
							<String ID="string_39" HPOS="988" VPOS="328" WIDTH="36" HEIGHT="20" WC="0.96" CONTENT="års"/>
						</TextLine>
						<TextLine ID="line_5" HPOS="191" VPOS="356" WIDTH="833" HEIGHT="27">
							<String ID="string_40" HPOS="191" VPOS="356" WIDTH="44" HEIGHT="21" WC="0.96" CONTENT="slut"/><SP WIDTH="16" VPOS="356" HPOS="235"/>
							<String ID="string_41" HPOS="251" VPOS="356" WIDTH="33" HEIGHT="21" WC="0.96" CONTENT="till"/><SP WIDTH="16" VPOS="356" HPOS="284"/>
							<String ID="string_42" HPOS="300" VPOS="356" WIDTH="137" HEIGHT="22" WC="0.93" CONTENT="Guvernören"/><SP WIDTH="16" VPOS="356" HPOS="437"/>
							<String ID="string_43" HPOS="453" VPOS="356" WIDTH="94" HEIGHT="22" WC="0.91" CONTENT="aflemna"/><SP WIDTH="16" VPOS="356" HPOS="547"/>
							<String ID="string_44" HPOS="563" VPOS="356" WIDTH="136" HEIGHT="27" WC="0.93" CONTENT="förteckning"/><SP WIDTH="15" VPOS="356" HPOS="699"/>
							<String ID="string_45" HPOS="714" VPOS="356" WIDTH="13" HEIGHT="22" WC="0.93" CONTENT="å"/><SP WIDTH="16" VPOS="356" HPOS="727"/>
							<String ID="string_46" HPOS="743" VPOS="356" WIDTH="162" HEIGHT="26" WC="0.93" CONTENT="församlingens"/><SP WIDTH="17" VPOS="356" HPOS="905"/>
							<String ID="string_47" HPOS="922" VPOS="356" WIDTH="102" HEIGHT="21" WC="0.92" CONTENT="medlem-"/>
						</TextLine>
						<TextLine ID="line_6" HPOS="191" VPOS="384" WIDTH="833" HEIGHT="28">
							<String ID="string_48" HPOS="191" VPOS="386" WIDTH="60" HEIGHT="20" WC="0.76" CONTENT="mar”"/><SP WIDTH="22" VPOS="386" HPOS="251"/>
							<String ID="string_49" HPOS="273" VPOS="384" WIDTH="70" HEIGHT="22" WC="0.96" CONTENT="skulle"/><SP WIDTH="21" VPOS="384" HPOS="343"/>
							<String ID="string_50" HPOS="364" VPOS="385" WIDTH="58" HEIGHT="27" WC="0.92" CONTENT="utgå."/><SP WIDTH="31" VPOS="385" HPOS="422"/>
							<String ID="string_51" HPOS="453" VPOS="385" WIDTH="66" HEIGHT="21" WC="0.96" CONTENT="Detta"/><SP WIDTH="19" VPOS="385" HPOS="519"/>
							<String ID="string_52" HPOS="538" VPOS="386" WIDTH="25" HEIGHT="20" WC="0.96" CONTENT="är"/><SP WIDTH="20" VPOS="386" HPOS="563"/>
							<String ID="string_53" HPOS="583" VPOS="386" WIDTH="40" HEIGHT="20" WC="0.96" CONTENT="den"/><SP WIDTH="22" VPOS="386" HPOS="623"/>
							<String ID="string_54" HPOS="645" VPOS="385" WIDTH="54" HEIGHT="21" WC="0.96" CONTENT="enda"/><SP WIDTH="15" VPOS="385" HPOS="699"/>
							<String ID="string_55" HPOS="714" VPOS="384" WIDTH="111" HEIGHT="22" WC="0.96" CONTENT="föreskrift"/><SP WIDTH="16" VPOS="384" HPOS="825"/>
							<String ID="string_56" HPOS="841" VPOS="390" WIDTH="45" HEIGHT="16" WC="0.96" CONTENT="som"/><SP WIDTH="16" VPOS="390" HPOS="886"/>
							<String ID="string_57" HPOS="902" VPOS="384" WIDTH="39" HEIGHT="22" WC="0.95" CONTENT="här"/><SP WIDTH="15" VPOS="384" HPOS="941"/>
							<String ID="string_58" HPOS="956" VPOS="384" WIDTH="68" HEIGHT="22" WC="0.95" CONTENT="finnes"/>
						</TextLine>
						<TextLine ID="line_7" HPOS="191" VPOS="413" WIDTH="833" HEIGHT="28">
							<String ID="string_59" HPOS="191" VPOS="420" WIDTH="34" HEIGHT="15" WC="0.96" CONTENT="om"/><SP WIDTH="24" VPOS="420" HPOS="225"/>
							<String ID="string_60" HPOS="249" VPOS="415" WIDTH="34" HEIGHT="19" WC="0.96" CONTENT="att"/><SP WIDTH="22" VPOS="415" HPOS="283"/>
							<String ID="string_61" HPOS="305" VPOS="414" WIDTH="62" HEIGHT="21" WC="0.93" CONTENT="dessa"/><SP WIDTH="21" VPOS="414" HPOS="367"/>
							<String ID="string_62" HPOS="388" VPOS="413" WIDTH="276" HEIGHT="28" WC="0.91" CONTENT="dissentersförsamlingars"/><SP WIDTH="15" VPOS="413" HPOS="664"/>
							<String ID="string_63" HPOS="679" VPOS="414" WIDTH="148" HEIGHT="21" WC="0.96" CONTENT="föreståndare"/><SP WIDTH="22" VPOS="414" HPOS="827"/>
							<String ID="string_64" HPOS="849" VPOS="413" WIDTH="61" HEIGHT="21" WC="0.93" CONTENT="skola"/><SP WIDTH="22" VPOS="413" HPOS="910"/>
							<String ID="string_65" HPOS="932" VPOS="413" WIDTH="92" HEIGHT="21" WC="0.92" CONTENT="aflemna"/>
						</TextLine>
						<TextLine ID="line_8" HPOS="190" VPOS="442" WIDTH="833" HEIGHT="27">
							<String ID="string_66" HPOS="190" VPOS="442" WIDTH="71" HEIGHT="27" WC="0.96" CONTENT="någon"/><SP WIDTH="24" VPOS="442" HPOS="261"/>
							<String ID="string_67" HPOS="285" VPOS="442" WIDTH="58" HEIGHT="27" WC="0.96" CONTENT="slags"/><SP WIDTH="22" VPOS="442" HPOS="343"/>
							<String ID="string_68" HPOS="365" VPOS="442" WIDTH="135" HEIGHT="27" WC="0.96" CONTENT="redogörelse"/><SP WIDTH="19" VPOS="442" HPOS="500"/>
							<String ID="string_69" HPOS="519" VPOS="442" WIDTH="60" HEIGHT="22" WC="0.95" CONTENT="öfver"/><SP WIDTH="16" VPOS="442" HPOS="579"/>
							<String ID="string_70" HPOS="595" VPOS="442" WIDTH="164" HEIGHT="27" WC="0.96" CONTENT="församlingens"/><SP WIDTH="12" VPOS="442" HPOS="759"/>
							<String ID="string_71" HPOS="771" VPOS="442" WIDTH="145" HEIGHT="26" WC="0.96" CONTENT="medlemmar,"/><SP WIDTH="15" VPOS="442" HPOS="916"/>
							<String ID="string_72" HPOS="931" VPOS="442" WIDTH="39" HEIGHT="21" WC="0.96" CONTENT="och"/><SP WIDTH="16" VPOS="442" HPOS="970"/>
							<String ID="string_73" HPOS="986" VPOS="442" WIDTH="37" HEIGHT="21" WC="0.96" CONTENT="det"/>
						</TextLine>
						<TextLine ID="line_9" HPOS="188" VPOS="470" WIDTH="835" HEIGHT="28">
							<String ID="string_74" HPOS="188" VPOS="470" WIDTH="47" HEIGHT="28" WC="0.96" CONTENT="just"/><SP WIDTH="20" VPOS="470" HPOS="235"/>
							<String ID="string_75" HPOS="255" VPOS="470" WIDTH="33" HEIGHT="22" WC="0.96" CONTENT="för"/><SP WIDTH="18" VPOS="470" HPOS="288"/>
							<String ID="string_76" HPOS="306" VPOS="470" WIDTH="120" HEIGHT="22" WC="0.93" CONTENT="statistiska"/><SP WIDTH="18" VPOS="470" HPOS="426"/>
							<String ID="string_77" HPOS="444" VPOS="470" WIDTH="69" HEIGHT="22" WC="0.83" CONTENT="behof."/><SP WIDTH="31" VPOS="470" HPOS="513"/>
							<String ID="string_78" HPOS="544" VPOS="470" WIDTH="11" HEIGHT="22" WC="0.90" CONTENT="I"/><SP WIDTH="18" VPOS="470" HPOS="555"/>
							<String ID="string_79" HPOS="573" VPOS="471" WIDTH="75" HEIGHT="27" WC="0.95" CONTENT="sjelfva"/><SP WIDTH="21" VPOS="471" HPOS="648"/>
							<String ID="string_80" HPOS="669" VPOS="471" WIDTH="75" HEIGHT="21" WC="0.96" CONTENT="verket"/><SP WIDTH="19" VPOS="471" HPOS="744"/>
							<String ID="string_81" HPOS="763" VPOS="472" WIDTH="37" HEIGHT="20" WC="0.93" CONTENT="äro"/><SP WIDTH="20" VPOS="472" HPOS="800"/>
							<String ID="string_82" HPOS="820" VPOS="470" WIDTH="132" HEIGHT="22" WC="0.92" CONTENT="nominativa"/><SP WIDTH="15" VPOS="470" HPOS="952"/>
							<String ID="string_83" HPOS="967" VPOS="476" WIDTH="56" HEIGHT="21" WC="0.92" CONTENT="upp-"/>
						</TextLine>
						<TextLine ID="line_10" HPOS="190" VPOS="499" WIDTH="833" HEIGHT="27">
							<String ID="string_84" HPOS="190" VPOS="499" WIDTH="64" HEIGHT="27" WC="0.96" CONTENT="gifter"/><SP WIDTH="20" VPOS="499" HPOS="254"/>
							<String ID="string_85" HPOS="274" VPOS="499" WIDTH="60" HEIGHT="21" WC="0.93" CONTENT="öfver"/><SP WIDTH="20" VPOS="499" HPOS="334"/>
							<String ID="string_86" HPOS="354" VPOS="500" WIDTH="165" HEIGHT="21" WC="0.91" CONTENT="medlemmarne"/><SP WIDTH="20" VPOS="500" HPOS="519"/>
							<String ID="string_87" HPOS="539" VPOS="499" WIDTH="6" HEIGHT="21" WC="0.96" CONTENT="i"/><SP WIDTH="22" VPOS="499" HPOS="545"/>
							<String ID="string_88" HPOS="567" VPOS="506" WIDTH="26" HEIGHT="14" WC="0.96" CONTENT="en"/><SP WIDTH="16" VPOS="506" HPOS="593"/>
							<String ID="string_89" HPOS="609" VPOS="500" WIDTH="130" HEIGHT="26" WC="0.96" CONTENT="församling,"/><SP WIDTH="18" VPOS="500" HPOS="739"/>
							<String ID="string_90" HPOS="757" VPOS="506" WIDTH="34" HEIGHT="15" WC="0.96" CONTENT="om"/><SP WIDTH="17" VPOS="506" HPOS="791"/>
							<String ID="string_91" HPOS="808" VPOS="499" WIDTH="62" HEIGHT="21" WC="0.95" CONTENT="dessa"/><SP WIDTH="15" VPOS="499" HPOS="870"/>
							<String ID="string_92" HPOS="885" VPOS="499" WIDTH="71" HEIGHT="21" WC="0.92" CONTENT="kunna"/><SP WIDTH="15" VPOS="499" HPOS="956"/>
							<String ID="string_93" HPOS="971" VPOS="505" WIDTH="52" HEIGHT="21" WC="0.92" CONTENT="upp-"/>
						</TextLine>
						<TextLine ID="line_11" HPOS="190" VPOS="527" WIDTH="833" HEIGHT="28">
							<String ID="string_94" HPOS="190" VPOS="530" WIDTH="57" HEIGHT="25" WC="0.96" CONTENT="taga,"/><SP WIDTH="16" VPOS="530" HPOS="247"/>
							<String ID="string_95" HPOS="263" VPOS="527" WIDTH="47" HEIGHT="22" WC="0.96" CONTENT="icke"/><SP WIDTH="15" VPOS="527" HPOS="310"/>
							<String ID="string_96" HPOS="325" VPOS="528" WIDTH="57" HEIGHT="21" WC="0.96" CONTENT="blott"/><SP WIDTH="15" VPOS="528" HPOS="382"/>
							<String ID="string_97" HPOS="397" VPOS="530" WIDTH="86" HEIGHT="20" WC="0.96" CONTENT="namnet"/><SP WIDTH="15" VPOS="530" HPOS="483"/>
							<String ID="string_98" HPOS="498" VPOS="530" WIDTH="52" HEIGHT="19" WC="0.96" CONTENT="utan"/><SP WIDTH="15" VPOS="530" HPOS="550"/>
							<String ID="string_99" HPOS="565" VPOS="528" WIDTH="62" HEIGHT="22" WC="0.95" CONTENT="äfven"/><SP WIDTH="11" VPOS="528" HPOS="627"/>
							<String ID="string_100" HPOS="638" VPOS="528" WIDTH="130" HEIGHT="22" WC="0.96" CONTENT="födelseåret"/><SP WIDTH="11" VPOS="528" HPOS="768"/>
							<String ID="string_101" HPOS="779" VPOS="528" WIDTH="40" HEIGHT="21" WC="0.96" CONTENT="och"/><SP WIDTH="12" VPOS="528" HPOS="819"/>
							<String ID="string_102" HPOS="831" VPOS="528" WIDTH="69" HEIGHT="27" WC="0.96" CONTENT="öfriga"/><SP WIDTH="10" VPOS="528" HPOS="900"/>
							<String ID="string_103" HPOS="910" VPOS="527" WIDTH="113" HEIGHT="27" WC="0.96" CONTENT="uppgifter,"/>
						</TextLine>
						<TextLine ID="line_12" HPOS="191" VPOS="555" WIDTH="825" HEIGHT="30">
							<String ID="string_104" HPOS="191" VPOS="556" WIDTH="36" HEIGHT="22" WC="0.96" CONTENT="det"/><SP WIDTH="20" VPOS="556" HPOS="227"/>
							<String ID="string_105" HPOS="247" VPOS="562" WIDTH="46" HEIGHT="16" WC="0.96" CONTENT="som"/><SP WIDTH="16" VPOS="562" HPOS="293"/>
							<String ID="string_106" HPOS="309" VPOS="556" WIDTH="33" HEIGHT="22" WC="0.96" CONTENT="för"/><SP WIDTH="15" VPOS="556" HPOS="342"/>
							<String ID="string_107" HPOS="357" VPOS="556" WIDTH="122" HEIGHT="23" WC="0.96" CONTENT="statistiken"/><SP WIDTH="15" VPOS="556" HPOS="479"/>
							<String ID="string_108" HPOS="494" VPOS="563" WIDTH="50" HEIGHT="15" WC="0.96" CONTENT="vore"/><SP WIDTH="16" VPOS="563" HPOS="544"/>
							<String ID="string_109" HPOS="560" VPOS="557" WIDTH="36" HEIGHT="22" WC="0.96" CONTENT="det"/><SP WIDTH="15" VPOS="557" HPOS="596"/>
							<String ID="string_110" HPOS="611" VPOS="557" WIDTH="117" HEIGHT="28" WC="0.96" CONTENT="nyttigaste"/><SP WIDTH="16" VPOS="557" HPOS="728"/>
							<String ID="string_111" HPOS="744" VPOS="556" WIDTH="40" HEIGHT="22" WC="0.96" CONTENT="och"/><SP WIDTH="16" VPOS="556" HPOS="784"/>
							<String ID="string_112" HPOS="800" VPOS="556" WIDTH="158" HEIGHT="28" WC="0.95" CONTENT="väsentligaste."/><SP WIDTH="30" VPOS="556" HPOS="958"/>
							<String ID="string_113" HPOS="988" VPOS="555" WIDTH="28" HEIGHT="22" WC="0.96" CONTENT="Sä"/>
						</TextLine>
						<TextLine ID="line_13" HPOS="191" VPOS="584" WIDTH="832" HEIGHT="28">
							<String ID="string_114" HPOS="191" VPOS="587" WIDTH="24" HEIGHT="19" WC="0.96" CONTENT="är"/><SP WIDTH="24" VPOS="587" HPOS="215"/>
							<String ID="string_115" HPOS="239" VPOS="586" WIDTH="65" HEIGHT="20" WC="0.96" CONTENT="redan"/><SP WIDTH="17" VPOS="586" HPOS="304"/>
							<String ID="string_116" HPOS="321" VPOS="586" WIDTH="65" HEIGHT="20" WC="0.96" CONTENT="också"/><SP WIDTH="16" VPOS="586" HPOS="386"/>
							<String ID="string_117" HPOS="402" VPOS="585" WIDTH="59" HEIGHT="22" WC="0.96" CONTENT="fallet"/><SP WIDTH="16" VPOS="585" HPOS="461"/>
							<String ID="string_118" HPOS="477" VPOS="586" WIDTH="6" HEIGHT="20" WC="0.96" CONTENT="i"/><SP WIDTH="17" VPOS="586" HPOS="483"/>
							<String ID="string_119" HPOS="500" VPOS="585" WIDTH="86" HEIGHT="26" WC="0.96" CONTENT="Sverige"/><SP WIDTH="16" VPOS="585" HPOS="586"/>
							<String ID="string_120" HPOS="602" VPOS="588" WIDTH="33" HEIGHT="19" WC="0.96" CONTENT="att"/><SP WIDTH="16" VPOS="588" HPOS="635"/>
							<String ID="string_121" HPOS="651" VPOS="586" WIDTH="42" HEIGHT="20" WC="0.96" CONTENT="alla"/><SP WIDTH="16" VPOS="586" HPOS="693"/>
							<String ID="string_122" HPOS="709" VPOS="588" WIDTH="83" HEIGHT="24" WC="0.96" CONTENT="prester"/><SP WIDTH="17" VPOS="588" HPOS="792"/>
							<String ID="string_123" HPOS="809" VPOS="585" WIDTH="37" HEIGHT="21" WC="0.96" CONTENT="der"/><SP WIDTH="15" VPOS="585" HPOS="846"/>
							<String ID="string_124" HPOS="861" VPOS="585" WIDTH="73" HEIGHT="27" WC="0.95" CONTENT="hvarje"/><SP WIDTH="16" VPOS="585" HPOS="934"/>
							<String ID="string_125" HPOS="950" VPOS="584" WIDTH="73" HEIGHT="22" WC="0.96" CONTENT="tionde"/>
						</TextLine>
						<TextLine ID="line_14" HPOS="190" VPOS="606" WIDTH="833" HEIGHT="35">
							<String ID="string_126" HPOS="190" VPOS="614" WIDTH="25" HEIGHT="21" WC="0.96" CONTENT="år"/><SP WIDTH="15" VPOS="614" HPOS="215"/>
							<String ID="string_127" HPOS="230" VPOS="614" WIDTH="71" HEIGHT="21" WC="0.96" CONTENT="lemna"/><SP WIDTH="16" VPOS="614" HPOS="301"/>
							<String ID="string_128" HPOS="317" VPOS="620" WIDTH="24" HEIGHT="14" WC="0.93" CONTENT="en"/><SP WIDTH="17" VPOS="620" HPOS="341"/>
							<String ID="string_129" HPOS="358" VPOS="614" WIDTH="85" HEIGHT="21" WC="0.91" CONTENT="afskrift"/><SP WIDTH="15" VPOS="614" HPOS="443"/>
							<String ID="string_130" HPOS="458" VPOS="614" WIDTH="22" HEIGHT="21" WC="0.93" CONTENT="af"/><SP WIDTH="14" VPOS="614" HPOS="480"/>
							<String ID="string_131" HPOS="494" VPOS="614" WIDTH="140" HEIGHT="27" WC="0.92" CONTENT="kyrkoboken"/><SP WIDTH="16" VPOS="614" HPOS="634"/>
							<String ID="string_132" HPOS="650" VPOS="614" WIDTH="33" HEIGHT="21" WC="0.96" CONTENT="för"/><SP WIDTH="15" VPOS="614" HPOS="683"/>
							<String ID="string_133" HPOS="698" VPOS="614" WIDTH="122" HEIGHT="22" WC="0.93" CONTENT="statistiska"/><SP WIDTH="16" VPOS="614" HPOS="820"/>
							<String ID="string_134" HPOS="836" VPOS="613" WIDTH="69" HEIGHT="22" WC="0.91" CONTENT="behof."/><SP WIDTH="32" VPOS="613" HPOS="905"/>
							<String ID="string_135" HPOS="937" VPOS="606" WIDTH="86" HEIGHT="34" WC="0.96" CONTENT="Årligen"/>
						</TextLine>
						<TextLine ID="line_15" HPOS="191" VPOS="642" WIDTH="832" HEIGHT="28">
							<String ID="string_136" HPOS="191" VPOS="642" WIDTH="98" HEIGHT="22" WC="0.92" CONTENT="deremot"/><SP WIDTH="21" VPOS="642" HPOS="289"/>
							<String ID="string_137" HPOS="310" VPOS="642" WIDTH="93" HEIGHT="22" WC="0.92" CONTENT="aflemna"/><SP WIDTH="24" VPOS="642" HPOS="403"/>
							<String ID="string_138" HPOS="427" VPOS="643" WIDTH="25" HEIGHT="21" WC="0.93" CONTENT="de"/><SP WIDTH="24" VPOS="643" HPOS="452"/>
							<String ID="string_139" HPOS="476" VPOS="643" WIDTH="131" HEIGHT="21" WC="0.89" CONTENT="nominativa"/><SP WIDTH="23" VPOS="643" HPOS="607"/>
							<String ID="string_140" HPOS="630" VPOS="643" WIDTH="161" HEIGHT="27" WC="0.96" CONTENT="förteckningar"/><SP WIDTH="15" VPOS="643" HPOS="791"/>
							<String ID="string_141" HPOS="806" VPOS="642" WIDTH="59" HEIGHT="22" WC="0.96" CONTENT="öfver"/><SP WIDTH="15" VPOS="642" HPOS="865"/>
							<String ID="string_142" HPOS="880" VPOS="642" WIDTH="71" HEIGHT="25" WC="0.96" CONTENT="födda,"/><SP WIDTH="17" VPOS="642" HPOS="951"/>
							<String ID="string_143" HPOS="968" VPOS="642" WIDTH="55" HEIGHT="21" WC="0.96" CONTENT="döda"/>
						</TextLine>
						<TextLine ID="line_16" HPOS="191" VPOS="670" WIDTH="831" HEIGHT="29">
							<String ID="string_144" HPOS="191" VPOS="671" WIDTH="40" HEIGHT="21" WC="0.93" CONTENT="och"/><SP WIDTH="23" VPOS="671" HPOS="231"/>
							<String ID="string_145" HPOS="254" VPOS="670" WIDTH="32" HEIGHT="22" WC="0.93" CONTENT="in-"/><SP WIDTH="16" VPOS="670" HPOS="286"/>
							<String ID="string_146" HPOS="302" VPOS="670" WIDTH="40" HEIGHT="22" WC="0.95" CONTENT="och"/><SP WIDTH="24" VPOS="670" HPOS="342"/>
							<String ID="string_147" HPOS="366" VPOS="671" WIDTH="121" HEIGHT="27" WC="0.96" CONTENT="utflyttade."/><SP WIDTH="30" VPOS="671" HPOS="487"/>
							<String ID="string_148" HPOS="517" VPOS="672" WIDTH="42" HEIGHT="26" WC="0.96" CONTENT="Jag"/><SP WIDTH="22" VPOS="672" HPOS="559"/>
							<String ID="string_149" HPOS="581" VPOS="671" WIDTH="68" HEIGHT="21" WC="0.96" CONTENT="skulle"/><SP WIDTH="19" VPOS="671" HPOS="649"/>
							<String ID="string_150" HPOS="668" VPOS="672" WIDTH="125" HEIGHT="27" WC="0.96" CONTENT="visserligen"/><SP WIDTH="16" VPOS="672" HPOS="793"/>
							<String ID="string_151" HPOS="809" VPOS="671" WIDTH="33" HEIGHT="21" WC="0.96" CONTENT="för"/><SP WIDTH="14" VPOS="671" HPOS="842"/>
							<String ID="string_152" HPOS="856" VPOS="671" WIDTH="43" HEIGHT="21" WC="0.96" CONTENT="min"/><SP WIDTH="17" VPOS="671" HPOS="899"/>
							<String ID="string_153" HPOS="916" VPOS="670" WIDTH="34" HEIGHT="22" WC="0.96" CONTENT="del"/><SP WIDTH="15" VPOS="670" HPOS="950"/>
							<String ID="string_154" HPOS="965" VPOS="676" WIDTH="57" HEIGHT="21" WC="0.96" CONTENT="anse,"/>
						</TextLine>
						<TextLine ID="line_17" HPOS="190" VPOS="699" WIDTH="834" HEIGHT="27">
							<String ID="string_155" HPOS="190" VPOS="701" WIDTH="33" HEIGHT="20" WC="0.96" CONTENT="att"/><SP WIDTH="21" VPOS="701" HPOS="223"/>
							<String ID="string_156" HPOS="244" VPOS="700" WIDTH="37" HEIGHT="21" WC="0.96" CONTENT="det"/><SP WIDTH="18" VPOS="700" HPOS="281"/>
							<String ID="string_157" HPOS="299" VPOS="700" WIDTH="118" HEIGHT="26" WC="0.96" CONTENT="stadgande"/><SP WIDTH="18" VPOS="700" HPOS="417"/>
							<String ID="string_158" HPOS="435" VPOS="706" WIDTH="46" HEIGHT="15" WC="0.96" CONTENT="som"/><SP WIDTH="20" VPOS="706" HPOS="481"/>
							<String ID="string_159" HPOS="501" VPOS="699" WIDTH="39" HEIGHT="22" WC="0.96" CONTENT="här"/><SP WIDTH="16" VPOS="699" HPOS="540"/>
							<String ID="string_160" HPOS="556" VPOS="700" WIDTH="150" HEIGHT="26" WC="0.96" CONTENT="förekommer,"/><SP WIDTH="17" VPOS="700" HPOS="706"/>
							<String ID="string_161" HPOS="723" VPOS="702" WIDTH="32" HEIGHT="20" WC="0.96" CONTENT="att"/><SP WIDTH="18" VPOS="702" HPOS="755"/>
							<String ID="string_162" HPOS="773" VPOS="699" WIDTH="162" HEIGHT="22" WC="0.96" CONTENT="föreståndaren"/><SP WIDTH="15" VPOS="699" HPOS="935"/>
							<String ID="string_163" HPOS="950" VPOS="699" WIDTH="74" HEIGHT="27" WC="0.96" CONTENT="hvarje"/>
						</TextLine>
						<TextLine ID="line_18" HPOS="191" VPOS="728" WIDTH="833" HEIGHT="26">
							<String ID="string_164" HPOS="191" VPOS="728" WIDTH="24" HEIGHT="21" WC="0.96" CONTENT="år"/><SP WIDTH="23" VPOS="728" HPOS="215"/>
							<String ID="string_165" HPOS="238" VPOS="728" WIDTH="76" HEIGHT="22" WC="0.96" CONTENT="endast"/><SP WIDTH="23" VPOS="728" HPOS="314"/>
							<String ID="string_166" HPOS="337" VPOS="728" WIDTH="39" HEIGHT="22" WC="0.93" CONTENT="bör"/><SP WIDTH="22" VPOS="728" HPOS="376"/>
							<String ID="string_167" HPOS="398" VPOS="728" WIDTH="93" HEIGHT="22" WC="0.91" CONTENT="aflemna"/><SP WIDTH="19" VPOS="728" HPOS="491"/>
							<String ID="string_168" HPOS="510" VPOS="728" WIDTH="31" HEIGHT="22" WC="0.96" CONTENT="till"/><SP WIDTH="20" VPOS="728" HPOS="541"/>
							<String ID="string_169" HPOS="561" VPOS="728" WIDTH="136" HEIGHT="22" WC="0.96" CONTENT="Guvernören"/><SP WIDTH="17" VPOS="728" HPOS="697"/>
							<String ID="string_170" HPOS="714" VPOS="735" WIDTH="26" HEIGHT="15" WC="0.96" CONTENT="en"/><SP WIDTH="16" VPOS="735" HPOS="740"/>
							<String ID="string_171" HPOS="756" VPOS="728" WIDTH="117" HEIGHT="22" WC="0.96" CONTENT="nominativ"/><SP WIDTH="15" VPOS="728" HPOS="873"/>
							<String ID="string_172" HPOS="888" VPOS="728" WIDTH="136" HEIGHT="26" WC="0.96" CONTENT="förteckning"/>
						</TextLine>
						<TextLine ID="line_19" HPOS="190" VPOS="756" WIDTH="834" HEIGHT="28">
							<String ID="string_173" HPOS="190" VPOS="757" WIDTH="28" HEIGHT="27" WC="0.96" CONTENT="på"/><SP WIDTH="18" VPOS="757" HPOS="218"/>
							<String ID="string_174" HPOS="236" VPOS="757" WIDTH="163" HEIGHT="27" WC="0.96" CONTENT="församlingens"/><SP WIDTH="16" VPOS="757" HPOS="399"/>
							<String ID="string_175" HPOS="415" VPOS="757" WIDTH="144" HEIGHT="26" WC="0.96" CONTENT="medlemmar,"/><SP WIDTH="19" VPOS="757" HPOS="559"/>
							<String ID="string_176" HPOS="578" VPOS="758" WIDTH="6" HEIGHT="20" WC="0.96" CONTENT="i"/><SP WIDTH="23" VPOS="758" HPOS="584"/>
							<String ID="string_177" HPOS="607" VPOS="758" WIDTH="36" HEIGHT="20" WC="0.93" CONTENT="det"/><SP WIDTH="20" VPOS="758" HPOS="643"/>
							<String ID="string_178" HPOS="663" VPOS="757" WIDTH="112" HEIGHT="21" WC="0.90" CONTENT="afseendet"/><SP WIDTH="18" VPOS="757" HPOS="775"/>
							<String ID="string_179" HPOS="793" VPOS="758" WIDTH="25" HEIGHT="20" WC="0.91" CONTENT="är"/><SP WIDTH="15" VPOS="758" HPOS="818"/>
							<String ID="string_180" HPOS="833" VPOS="756" WIDTH="142" HEIGHT="26" WC="0.91" CONTENT="öfverflödigt,"/><SP WIDTH="17" VPOS="756" HPOS="975"/>
							<String ID="string_181" HPOS="992" VPOS="758" WIDTH="32" HEIGHT="20" WC="0.96" CONTENT="att"/>
						</TextLine>
						<TextLine ID="line_20" HPOS="190" VPOS="785" WIDTH="834" HEIGHT="27">
							<String ID="string_182" HPOS="190" VPOS="785" WIDTH="48" HEIGHT="21" WC="0.96" CONTENT="från"/><SP WIDTH="20" VPOS="785" HPOS="238"/>
							<String ID="string_183" HPOS="258" VPOS="786" WIDTH="26" HEIGHT="20" WC="0.96" CONTENT="de"/><SP WIDTH="22" VPOS="786" HPOS="284"/>
							<String ID="string_184" HPOS="306" VPOS="786" WIDTH="67" HEIGHT="26" WC="0.96" CONTENT="öfriga"/><SP WIDTH="16" VPOS="786" HPOS="373"/>
							<String ID="string_185" HPOS="389" VPOS="786" WIDTH="178" HEIGHT="26" WC="0.95" CONTENT="församlingarna"/><SP WIDTH="15" VPOS="786" HPOS="567"/>
							<String ID="string_186" HPOS="582" VPOS="786" WIDTH="47" HEIGHT="21" WC="0.96" CONTENT="icke"/><SP WIDTH="16" VPOS="786" HPOS="629"/>
							<String ID="string_187" HPOS="645" VPOS="786" WIDTH="109" HEIGHT="21" WC="0.52" CONTENT="inkomma"/><SP WIDTH="15" VPOS="786" HPOS="754"/>
							<String ID="string_188" HPOS="769" VPOS="786" WIDTH="81" HEIGHT="21" WC="0.96" CONTENT="sådana"/><SP WIDTH="15" VPOS="786" HPOS="850"/>
							<String ID="string_189" HPOS="865" VPOS="785" WIDTH="159" HEIGHT="27" WC="0.96" CONTENT="förteckningar"/>
						</TextLine>
						<TextLine ID="line_21" HPOS="190" VPOS="814" WIDTH="833" HEIGHT="27">
							<String ID="string_190" HPOS="190" VPOS="820" WIDTH="47" HEIGHT="16" WC="0.96" CONTENT="mer"/><SP WIDTH="20" VPOS="820" HPOS="237"/>
							<String ID="string_191" HPOS="257" VPOS="816" WIDTH="28" HEIGHT="19" WC="0.96" CONTENT="än"/><SP WIDTH="15" VPOS="816" HPOS="285"/>
							<String ID="string_192" HPOS="300" VPOS="814" WIDTH="74" HEIGHT="27" WC="0.96" CONTENT="hvarje"/><SP WIDTH="15" VPOS="814" HPOS="374"/>
							<String ID="string_193" HPOS="389" VPOS="814" WIDTH="72" HEIGHT="22" WC="0.96" CONTENT="tionde"/><SP WIDTH="16" VPOS="814" HPOS="461"/>
							<String ID="string_194" HPOS="477" VPOS="814" WIDTH="24" HEIGHT="21" WC="0.92" CONTENT="år"/><SP WIDTH="16" VPOS="814" HPOS="501"/>
							<String ID="string_195" HPOS="517" VPOS="815" WIDTH="18" HEIGHT="20" WC="0.91" CONTENT="d."/><SP WIDTH="16" VPOS="815" HPOS="535"/>
							<String ID="string_196" HPOS="551" VPOS="821" WIDTH="20" HEIGHT="15" WC="0.92" CONTENT="v."/><SP WIDTH="16" VPOS="821" HPOS="571"/>
							<String ID="string_197" HPOS="587" VPOS="820" WIDTH="16" HEIGHT="16" WC="0.92" CONTENT="s."/><SP WIDTH="17" VPOS="820" HPOS="603"/>
							<String ID="string_198" HPOS="620" VPOS="821" WIDTH="26" HEIGHT="15" WC="0.95" CONTENT="en"/><SP WIDTH="15" VPOS="821" HPOS="646"/>
							<String ID="string_199" HPOS="661" VPOS="814" WIDTH="66" HEIGHT="22" WC="0.96" CONTENT="tabell"/><SP WIDTH="17" VPOS="814" HPOS="727"/>
							<String ID="string_200" HPOS="744" VPOS="814" WIDTH="59" HEIGHT="22" WC="0.96" CONTENT="öfver"/><SP WIDTH="14" VPOS="814" HPOS="803"/>
							<String ID="string_201" HPOS="817" VPOS="814" WIDTH="74" HEIGHT="27" WC="0.96" CONTENT="folket,"/><SP WIDTH="21" VPOS="814" HPOS="891"/>
							<String ID="string_202" HPOS="912" VPOS="820" WIDTH="48" HEIGHT="15" WC="0.93" CONTENT="men"/><SP WIDTH="16" VPOS="820" HPOS="960"/>
							<String ID="string_203" HPOS="976" VPOS="814" WIDTH="47" HEIGHT="21" WC="0.92" CONTENT="der-"/>
						</TextLine>
						<TextLine ID="line_22" HPOS="191" VPOS="842" WIDTH="832" HEIGHT="28">
							<String ID="string_204" HPOS="191" VPOS="844" WIDTH="58" HEIGHT="20" WC="0.96" CONTENT="emot"/><SP WIDTH="23" VPOS="844" HPOS="249"/>
							<String ID="string_205" HPOS="272" VPOS="843" WIDTH="73" HEIGHT="26" WC="0.96" CONTENT="hvarje"/><SP WIDTH="24" VPOS="843" HPOS="345"/>
							<String ID="string_206" HPOS="369" VPOS="843" WIDTH="24" HEIGHT="21" WC="0.96" CONTENT="år"/><SP WIDTH="23" VPOS="843" HPOS="393"/>
							<String ID="string_207" HPOS="416" VPOS="849" WIDTH="25" HEIGHT="15" WC="0.96" CONTENT="en"/><SP WIDTH="22" VPOS="849" HPOS="441"/>
							<String ID="string_208" HPOS="463" VPOS="843" WIDTH="83" HEIGHT="27" WC="0.96" CONTENT="uppgift"/><SP WIDTH="17" VPOS="843" HPOS="546"/>
							<String ID="string_209" HPOS="563" VPOS="843" WIDTH="58" HEIGHT="21" WC="0.96" CONTENT="öfver"/><SP WIDTH="16" VPOS="843" HPOS="621"/>
							<String ID="string_210" HPOS="637" VPOS="843" WIDTH="71" HEIGHT="25" WC="0.96" CONTENT="födda,"/><SP WIDTH="17" VPOS="843" HPOS="708"/>
							<String ID="string_211" HPOS="725" VPOS="843" WIDTH="64" HEIGHT="24" WC="0.93" CONTENT="döda,"/><SP WIDTH="16" VPOS="843" HPOS="789"/>
							<String ID="string_212" HPOS="805" VPOS="842" WIDTH="32" HEIGHT="22" WC="0.91" CONTENT="in-"/><SP WIDTH="16" VPOS="842" HPOS="837"/>
							<String ID="string_213" HPOS="853" VPOS="842" WIDTH="39" HEIGHT="22" WC="0.96" CONTENT="och"/><SP WIDTH="16" VPOS="842" HPOS="892"/>
							<String ID="string_214" HPOS="908" VPOS="842" WIDTH="115" HEIGHT="27" WC="0.96" CONTENT="utflyttade"/>
						</TextLine>
						<TextLine ID="line_23" HPOS="191" VPOS="871" WIDTH="833" HEIGHT="28">
							<String ID="string_215" HPOS="191" VPOS="873" WIDTH="56" HEIGHT="19" WC="0.94" CONTENT="samt"/><SP WIDTH="18" VPOS="873" HPOS="247"/>
							<String ID="string_216" HPOS="265" VPOS="872" WIDTH="71" HEIGHT="27" WC="0.94" CONTENT="vigda."/><SP WIDTH="31" VPOS="872" HPOS="336"/>
							<String ID="string_217" HPOS="367" VPOS="872" WIDTH="40" HEIGHT="21" WC="0.96" CONTENT="Om"/><SP WIDTH="21" VPOS="872" HPOS="407"/>
							<String ID="string_218" HPOS="428" VPOS="872" WIDTH="35" HEIGHT="21" WC="0.96" CONTENT="det"/><SP WIDTH="20" VPOS="872" HPOS="463"/>
							<String ID="string_219" HPOS="483" VPOS="872" WIDTH="82" HEIGHT="21" WC="0.96" CONTENT="således"/><SP WIDTH="16" VPOS="872" HPOS="565"/>
							<String ID="string_220" HPOS="581" VPOS="872" WIDTH="69" HEIGHT="21" WC="0.96" CONTENT="skulle"/><SP WIDTH="15" VPOS="872" HPOS="650"/>
							<String ID="string_221" HPOS="665" VPOS="871" WIDTH="75" HEIGHT="22" WC="0.96" CONTENT="ställas"/><SP WIDTH="17" VPOS="871" HPOS="740"/>
							<String ID="string_222" HPOS="757" VPOS="872" WIDTH="6" HEIGHT="20" WC="0.93" CONTENT="i"/><SP WIDTH="17" VPOS="872" HPOS="763"/>
							<String ID="string_223" HPOS="780" VPOS="871" WIDTH="128" HEIGHT="21" WC="0.91" CONTENT="konformité"/><SP WIDTH="16" VPOS="871" HPOS="908"/>
							<String ID="string_224" HPOS="924" VPOS="871" WIDTH="48" HEIGHT="21" WC="0.95" CONTENT="med"/><SP WIDTH="15" VPOS="871" HPOS="972"/>
							<String ID="string_225" HPOS="987" VPOS="871" WIDTH="37" HEIGHT="21" WC="0.95" CONTENT="det"/>
						</TextLine>
						<TextLine ID="line_24" HPOS="193" VPOS="899" WIDTH="831" HEIGHT="28">
							<String ID="string_226" HPOS="193" VPOS="899" WIDTH="104" HEIGHT="22" WC="0.92" CONTENT="utherska"/><SP WIDTH="19" VPOS="899" HPOS="297"/>
							<String ID="string_227" HPOS="316" VPOS="900" WIDTH="171" HEIGHT="27" WC="0.91" CONTENT="presterskapets"/><SP WIDTH="25" VPOS="900" HPOS="487"/>
							<String ID="string_228" HPOS="512" VPOS="900" WIDTH="128" HEIGHT="27" WC="0.96" CONTENT="skyldighet,"/><SP WIDTH="23" VPOS="900" HPOS="640"/>
							<String ID="string_229" HPOS="663" VPOS="901" WIDTH="22" HEIGHT="20" WC="0.96" CONTENT="så"/><SP WIDTH="24" VPOS="901" HPOS="685"/>
							<String ID="string_230" HPOS="709" VPOS="899" WIDTH="40" HEIGHT="22" WC="0.96" CONTENT="har"/><SP WIDTH="20" VPOS="899" HPOS="749"/>
							<String ID="string_231" HPOS="769" VPOS="900" WIDTH="39" HEIGHT="27" WC="0.96" CONTENT="jag"/><SP WIDTH="28" VPOS="900" HPOS="808"/>
							<String ID="string_232" HPOS="836" VPOS="899" WIDTH="109" HEIGHT="27" WC="0.95" CONTENT="ingenting"/><SP WIDTH="21" VPOS="899" HPOS="945"/>
							<String ID="string_233" HPOS="966" VPOS="901" WIDTH="58" HEIGHT="20" WC="0.96" CONTENT="emot"/>
						</TextLine>
						<TextLine ID="line_25" HPOS="189" VPOS="927" WIDTH="836" HEIGHT="27">
							<String ID="string_234" HPOS="189" VPOS="928" WIDTH="52" HEIGHT="26" WC="0.68" CONTENT="Idet,"/><SP WIDTH="16" VPOS="928" HPOS="241"/>
							<String ID="string_235" HPOS="257" VPOS="928" WIDTH="40" HEIGHT="21" WC="0.96" CONTENT="och"/><SP WIDTH="16" VPOS="928" HPOS="297"/>
							<String ID="string_236" HPOS="313" VPOS="928" WIDTH="69" HEIGHT="22" WC="0.96" CONTENT="skulle"/><SP WIDTH="15" VPOS="928" HPOS="382"/>
							<String ID="string_237" HPOS="397" VPOS="929" WIDTH="6" HEIGHT="20" WC="0.96" CONTENT="i"/><SP WIDTH="16" VPOS="929" HPOS="403"/>
							<String ID="string_238" HPOS="419" VPOS="929" WIDTH="75" HEIGHT="21" WC="0.95" CONTENT="sådant"/><SP WIDTH="16" VPOS="929" HPOS="494"/>
							<String ID="string_239" HPOS="510" VPOS="928" WIDTH="99" HEIGHT="22" WC="0.96" CONTENT="afseende"/><SP WIDTH="16" VPOS="928" HPOS="609"/>
							<String ID="string_240" HPOS="625" VPOS="928" WIDTH="87" HEIGHT="22" WC="0.96" CONTENT="förorda"/><SP WIDTH="11" VPOS="928" HPOS="712"/>
							<String ID="string_241" HPOS="723" VPOS="935" WIDTH="26" HEIGHT="15" WC="0.93" CONTENT="en"/><SP WIDTH="14" VPOS="935" HPOS="749"/>
							<String ID="string_242" HPOS="763" VPOS="928" WIDTH="112" HEIGHT="22" WC="0.92" CONTENT="äterremis"/><SP WIDTH="15" VPOS="928" HPOS="875"/>
							<String ID="string_243" HPOS="890" VPOS="927" WIDTH="31" HEIGHT="22" WC="0.93" CONTENT="till"/><SP WIDTH="15" VPOS="927" HPOS="921"/>
							<String ID="string_244" HPOS="936" VPOS="927" WIDTH="89" HEIGHT="22" WC="0.93" CONTENT="Utskot-"/>
						</TextLine>
						<TextLine ID="line_26" HPOS="190" VPOS="956" WIDTH="833" HEIGHT="27">
							<String ID="string_245" HPOS="190" VPOS="958" WIDTH="32" HEIGHT="20" WC="0.96" CONTENT="tet"/><SP WIDTH="23" VPOS="958" HPOS="222"/>
							<String ID="string_246" HPOS="245" VPOS="957" WIDTH="34" HEIGHT="21" WC="0.96" CONTENT="för"/><SP WIDTH="22" VPOS="957" HPOS="279"/>
							<String ID="string_247" HPOS="301" VPOS="959" WIDTH="32" HEIGHT="19" WC="0.97" CONTENT="att"/><SP WIDTH="24" VPOS="959" HPOS="333"/>
							<String ID="string_248" HPOS="357" VPOS="957" WIDTH="59" HEIGHT="22" WC="0.96" CONTENT="detta"/><SP WIDTH="21" VPOS="957" HPOS="416"/>
							<String ID="string_249" HPOS="437" VPOS="957" WIDTH="116" HEIGHT="26" WC="0.96" CONTENT="stadgande"/><SP WIDTH="22" VPOS="957" HPOS="553"/>
							<String ID="string_250" HPOS="575" VPOS="957" WIDTH="70" HEIGHT="22" WC="0.96" CONTENT="skulle"/><SP WIDTH="25" VPOS="957" HPOS="645"/>
							<String ID="string_251" HPOS="670" VPOS="957" WIDTH="75" HEIGHT="22" WC="0.96" CONTENT="ställas"/><SP WIDTH="24" VPOS="957" HPOS="745"/>
							<String ID="string_252" HPOS="769" VPOS="957" WIDTH="7" HEIGHT="21" WC="0.96" CONTENT="i"/><SP WIDTH="21" VPOS="957" HPOS="776"/>
							<String ID="string_253" HPOS="797" VPOS="957" WIDTH="67" HEIGHT="21" WC="0.93" CONTENT="sådan"/><SP WIDTH="23" VPOS="957" HPOS="864"/>
							<String ID="string_254" HPOS="887" VPOS="956" WIDTH="136" HEIGHT="22" WC="0.91" CONTENT="konformité."/>
						</TextLine>
						<TextLine ID="line_27" HPOS="189" VPOS="985" WIDTH="836" HEIGHT="28">
							<String ID="string_255" HPOS="189" VPOS="985" WIDTH="51" HEIGHT="22" WC="0.95" CONTENT="Men"/><SP WIDTH="15" VPOS="985" HPOS="240"/>
							<String ID="string_256" HPOS="255" VPOS="985" WIDTH="71" HEIGHT="22" WC="0.95" CONTENT="fastän"/><SP WIDTH="17" VPOS="985" HPOS="326"/>
							<String ID="string_257" HPOS="343" VPOS="985" WIDTH="36" HEIGHT="22" WC="0.96" CONTENT="det"/><SP WIDTH="14" VPOS="985" HPOS="379"/>
							<String ID="string_258" HPOS="393" VPOS="986" WIDTH="123" HEIGHT="27" WC="0.96" CONTENT="visserligen"/><SP WIDTH="15" VPOS="986" HPOS="516"/>
							<String ID="string_259" HPOS="531" VPOS="986" WIDTH="47" HEIGHT="21" WC="0.96" CONTENT="icke"/><SP WIDTH="16" VPOS="986" HPOS="578"/>
							<String ID="string_260" HPOS="594" VPOS="986" WIDTH="39" HEIGHT="21" WC="0.96" CONTENT="har"/><SP WIDTH="15" VPOS="986" HPOS="633"/>
							<String ID="string_261" HPOS="648" VPOS="986" WIDTH="32" HEIGHT="21" WC="0.96" CONTENT="för"/><SP WIDTH="16" VPOS="986" HPOS="680"/>
							<String ID="string_262" HPOS="696" VPOS="985" WIDTH="123" HEIGHT="22" WC="0.96" CONTENT="statistiken"/><SP WIDTH="14" VPOS="985" HPOS="819"/>
							<String ID="string_263" HPOS="833" VPOS="985" WIDTH="70" HEIGHT="27" WC="0.96" CONTENT="någon"/><SP WIDTH="12" VPOS="985" HPOS="903"/>
							<String ID="string_264" HPOS="915" VPOS="985" WIDTH="110" HEIGHT="27" WC="0.96" CONTENT="betydelse"/>
						</TextLine>
						<TextLine ID="line_28" HPOS="190" VPOS="1014" WIDTH="835" HEIGHT="27">
							<String ID="string_265" HPOS="190" VPOS="1016" WIDTH="34" HEIGHT="19" WC="0.96" CONTENT="att"/><SP WIDTH="23" VPOS="1016" HPOS="224"/>
							<String ID="string_266" HPOS="247" VPOS="1014" WIDTH="82" HEIGHT="22" WC="0.96" CONTENT="erhålla"/><SP WIDTH="22" VPOS="1014" HPOS="329"/>
							<String ID="string_267" HPOS="351" VPOS="1014" WIDTH="62" HEIGHT="22" WC="0.95" CONTENT="dessa"/><SP WIDTH="23" VPOS="1014" HPOS="413"/>
							<String ID="string_268" HPOS="436" VPOS="1015" WIDTH="105" HEIGHT="26" WC="0.95" CONTENT="uppgifter"/><SP WIDTH="22" VPOS="1015" HPOS="541"/>
							<String ID="string_269" HPOS="563" VPOS="1015" WIDTH="58" HEIGHT="21" WC="0.96" CONTENT="öfver"/><SP WIDTH="16" VPOS="1015" HPOS="621"/>
							<String ID="string_270" HPOS="637" VPOS="1015" WIDTH="152" HEIGHT="26" WC="0.96" CONTENT="folkmängden"/><SP WIDTH="16" VPOS="1015" HPOS="789"/>
							<String ID="string_271" HPOS="805" VPOS="1014" WIDTH="73" HEIGHT="27" WC="0.96" CONTENT="hvarje"/><SP WIDTH="16" VPOS="1014" HPOS="878"/>
							<String ID="string_272" HPOS="894" VPOS="1014" WIDTH="30" HEIGHT="25" WC="0.96" CONTENT="år,"/><SP WIDTH="16" VPOS="1014" HPOS="924"/>
							<String ID="string_273" HPOS="940" VPOS="1014" WIDTH="23" HEIGHT="21" WC="0.96" CONTENT="så"/><SP WIDTH="15" VPOS="1014" HPOS="963"/>
							<String ID="string_274" HPOS="978" VPOS="1016" WIDTH="47" HEIGHT="19" WC="0.96" CONTENT="tror"/>
						</TextLine>
						<TextLine ID="line_29" HPOS="187" VPOS="1042" WIDTH="835" HEIGHT="28">
							<String ID="string_275" HPOS="187" VPOS="1043" WIDTH="38" HEIGHT="27" WC="0.95" CONTENT="jag"/><SP WIDTH="24" VPOS="1043" HPOS="225"/>
							<String ID="string_276" HPOS="249" VPOS="1043" WIDTH="61" HEIGHT="27" WC="0.96" CONTENT="dock,"/><SP WIDTH="24" VPOS="1043" HPOS="310"/>
							<String ID="string_277" HPOS="334" VPOS="1045" WIDTH="33" HEIGHT="19" WC="0.96" CONTENT="att"/><SP WIDTH="19" VPOS="1045" HPOS="367"/>
							<String ID="string_278" HPOS="386" VPOS="1043" WIDTH="25" HEIGHT="21" WC="0.96" CONTENT="de"/><SP WIDTH="16" VPOS="1043" HPOS="411"/>
							<String ID="string_279" HPOS="427" VPOS="1043" WIDTH="46" HEIGHT="22" WC="0.94" CONTENT="icke"/><SP WIDTH="16" VPOS="1043" HPOS="473"/>
							<String ID="string_280" HPOS="489" VPOS="1043" WIDTH="68" HEIGHT="22" WC="0.95" CONTENT="skulle"/><SP WIDTH="16" VPOS="1043" HPOS="557"/>
							<String ID="string_281" HPOS="573" VPOS="1043" WIDTH="66" HEIGHT="21" WC="0.95" CONTENT="blifva"/><SP WIDTH="16" VPOS="1043" HPOS="639"/>
							<String ID="string_282" HPOS="655" VPOS="1043" WIDTH="137" HEIGHT="27" WC="0.95" CONTENT="betungande"/><SP WIDTH="16" VPOS="1043" HPOS="792"/>
							<String ID="string_283" HPOS="808" VPOS="1043" WIDTH="33" HEIGHT="20" WC="0.96" CONTENT="för"/><SP WIDTH="15" VPOS="1043" HPOS="841"/>
							<String ID="string_284" HPOS="856" VPOS="1042" WIDTH="166" HEIGHT="27" WC="0.96" CONTENT="vederbörande,"/>
						</TextLine>
						<TextLine ID="line_30" HPOS="189" VPOS="1071" WIDTH="834" HEIGHT="27">
							<String ID="string_285" HPOS="189" VPOS="1071" WIDTH="92" HEIGHT="22" WC="0.96" CONTENT="emedan"/><SP WIDTH="20" VPOS="1071" HPOS="281"/>
							<String ID="string_286" HPOS="301" VPOS="1072" WIDTH="62" HEIGHT="21" WC="0.96" CONTENT="dessa"/><SP WIDTH="18" VPOS="1072" HPOS="363"/>
							<String ID="string_287" HPOS="381" VPOS="1071" WIDTH="149" HEIGHT="27" WC="0.96" CONTENT="församlingar"/><SP WIDTH="20" VPOS="1071" HPOS="530"/>
							<String ID="string_288" HPOS="550" VPOS="1072" WIDTH="129" HEIGHT="21" WC="0.96" CONTENT="åtminstone"/><SP WIDTH="21" VPOS="1072" HPOS="679"/>
							<String ID="string_289" HPOS="700" VPOS="1072" WIDTH="33" HEIGHT="21" WC="0.95" CONTENT="till"/><SP WIDTH="22" VPOS="1072" HPOS="733"/>
							<String ID="string_290" HPOS="755" VPOS="1078" WIDTH="26" HEIGHT="15" WC="0.96" CONTENT="en"/><SP WIDTH="22" VPOS="1078" HPOS="781"/>
							<String ID="string_291" HPOS="803" VPOS="1071" WIDTH="76" HEIGHT="27" WC="0.96" CONTENT="början"/><SP WIDTH="15" VPOS="1071" HPOS="879"/>
							<String ID="string_292" HPOS="894" VPOS="1071" WIDTH="47" HEIGHT="21" WC="0.96" CONTENT="icke"/><SP WIDTH="15" VPOS="1071" HPOS="941"/>
							<String ID="string_293" HPOS="956" VPOS="1071" WIDTH="67" HEIGHT="22" WC="0.96" CONTENT="borde"/>
						</TextLine>
						<TextLine ID="line_31" HPOS="190" VPOS="1099" WIDTH="833" HEIGHT="28">
							<String ID="string_294" HPOS="190" VPOS="1099" WIDTH="67" HEIGHT="22" WC="0.96" CONTENT="blifva"/><SP WIDTH="15" VPOS="1099" HPOS="257"/>
							<String ID="string_295" HPOS="272" VPOS="1101" WIDTH="95" HEIGHT="20" WC="0.96" CONTENT="särdeles"/><SP WIDTH="16" VPOS="1101" HPOS="367"/>
							<String ID="string_296" HPOS="383" VPOS="1100" WIDTH="83" HEIGHT="21" WC="0.92" CONTENT="talrika."/><SP WIDTH="25" VPOS="1100" HPOS="466"/>
							<String ID="string_297" HPOS="491" VPOS="1100" WIDTH="39" HEIGHT="22" WC="0.96" CONTENT="Om"/><SP WIDTH="15" VPOS="1100" HPOS="530"/>
							<String ID="string_298" HPOS="545" VPOS="1101" WIDTH="48" HEIGHT="21" WC="0.95" CONTENT="åter"/><SP WIDTH="14" VPOS="1101" HPOS="593"/>
							<String ID="string_299" HPOS="607" VPOS="1101" WIDTH="57" HEIGHT="21" WC="0.96" CONTENT="Herr"/><SP WIDTH="15" VPOS="1101" HPOS="664"/>
							<String ID="string_300" HPOS="679" VPOS="1101" WIDTH="113" HEIGHT="21" WC="0.92" CONTENT="Boströms"/><SP WIDTH="15" VPOS="1101" HPOS="792"/>
							<String ID="string_301" HPOS="807" VPOS="1100" WIDTH="63" HEIGHT="27" WC="0.90" CONTENT="afsigt"/><SP WIDTH="16" VPOS="1100" HPOS="870"/>
							<String ID="string_302" HPOS="886" VPOS="1106" WIDTH="38" HEIGHT="15" WC="0.96" CONTENT="var"/><SP WIDTH="13" VPOS="1106" HPOS="924"/>
							<String ID="string_303" HPOS="937" VPOS="1102" WIDTH="33" HEIGHT="19" WC="0.92" CONTENT="att"/><SP WIDTH="10" VPOS="1102" HPOS="970"/>
							<String ID="string_304" HPOS="980" VPOS="1100" WIDTH="43" HEIGHT="21" WC="0.92" CONTENT="för-"/>
						</TextLine>
						<TextLine ID="line_32" HPOS="191" VPOS="1128" WIDTH="832" HEIGHT="27">
							<String ID="string_305" HPOS="191" VPOS="1129" WIDTH="54" HEIGHT="21" WC="0.96" CONTENT="orda"/><SP WIDTH="16" VPOS="1129" HPOS="245"/>
							<String ID="string_306" HPOS="261" VPOS="1135" WIDTH="26" HEIGHT="15" WC="0.95" CONTENT="en"/><SP WIDTH="16" VPOS="1135" HPOS="287"/>
							<String ID="string_307" HPOS="303" VPOS="1129" WIDTH="122" HEIGHT="22" WC="0.96" CONTENT="återremiss"/><SP WIDTH="16" VPOS="1129" HPOS="425"/>
							<String ID="string_308" HPOS="441" VPOS="1129" WIDTH="33" HEIGHT="21" WC="0.96" CONTENT="till"/><SP WIDTH="15" VPOS="1129" HPOS="474"/>
							<String ID="string_309" HPOS="489" VPOS="1129" WIDTH="119" HEIGHT="26" WC="0.96" CONTENT="Utskottet,"/><SP WIDTH="15" VPOS="1129" HPOS="608"/>
							<String ID="string_310" HPOS="623" VPOS="1129" WIDTH="33" HEIGHT="21" WC="0.96" CONTENT="för"/><SP WIDTH="15" VPOS="1129" HPOS="656"/>
							<String ID="string_311" HPOS="671" VPOS="1132" WIDTH="33" HEIGHT="19" WC="0.96" CONTENT="att"/><SP WIDTH="17" VPOS="1132" HPOS="704"/>
							<String ID="string_312" HPOS="721" VPOS="1129" WIDTH="64" HEIGHT="22" WC="0.93" CONTENT="dessa"/><SP WIDTH="16" VPOS="1129" HPOS="785"/>
							<String ID="string_313" HPOS="801" VPOS="1129" WIDTH="159" HEIGHT="21" WC="0.92" CONTENT="föreständares"/><SP WIDTH="10" VPOS="1129" HPOS="960"/>
							<String ID="string_314" HPOS="970" VPOS="1128" WIDTH="53" HEIGHT="27" WC="0.93" CONTENT="älig-"/>
						</TextLine>
						<TextLine ID="line_33" HPOS="189" VPOS="1157" WIDTH="833" HEIGHT="27">
							<String ID="string_315" HPOS="189" VPOS="1157" WIDTH="86" HEIGHT="27" WC="0.92" CONTENT="ganden"/><SP WIDTH="19" VPOS="1157" HPOS="275"/>
							<String ID="string_316" HPOS="294" VPOS="1157" WIDTH="68" HEIGHT="22" WC="0.96" CONTENT="skulle"/><SP WIDTH="16" VPOS="1157" HPOS="362"/>
							<String ID="string_317" HPOS="378" VPOS="1157" WIDTH="126" HEIGHT="22" WC="0.95" CONTENT="formuleras"/><SP WIDTH="15" VPOS="1157" HPOS="504"/>
							<String ID="string_318" HPOS="519" VPOS="1158" WIDTH="7" HEIGHT="21" WC="0.93" CONTENT="i"/><SP WIDTH="16" VPOS="1158" HPOS="526"/>
							<String ID="string_319" HPOS="542" VPOS="1158" WIDTH="221" HEIGHT="21" WC="0.91" CONTENT="öfverensstämmelse"/><SP WIDTH="11" VPOS="1158" HPOS="763"/>
							<String ID="string_320" HPOS="774" VPOS="1157" WIDTH="49" HEIGHT="22" WC="0.96" CONTENT="med"/><SP WIDTH="11" VPOS="1157" HPOS="823"/>
							<String ID="string_321" HPOS="834" VPOS="1158" WIDTH="36" HEIGHT="21" WC="0.93" CONTENT="det"/><SP WIDTH="13" VPOS="1158" HPOS="870"/>
							<String ID="string_322" HPOS="883" VPOS="1157" WIDTH="139" HEIGHT="27" WC="0.90" CONTENT="Evangelisk-"/>
						</TextLine>
						<TextLine ID="line_34" HPOS="189" VPOS="1185" WIDTH="835" HEIGHT="28">
							<String ID="string_323" HPOS="189" VPOS="1186" WIDTH="112" HEIGHT="21" WC="0.88" CONTENT="lutherska"/><SP WIDTH="22" VPOS="1186" HPOS="301"/>
							<String ID="string_324" HPOS="323" VPOS="1187" WIDTH="171" HEIGHT="26" WC="0.88" CONTENT="presterskapets"/><SP WIDTH="23" VPOS="1187" HPOS="494"/>
							<String ID="string_325" HPOS="517" VPOS="1186" WIDTH="134" HEIGHT="27" WC="0.95" CONTENT="åligganden,"/><SP WIDTH="24" VPOS="1186" HPOS="651"/>
							<String ID="string_326" HPOS="675" VPOS="1187" WIDTH="23" HEIGHT="21" WC="0.96" CONTENT="så"/><SP WIDTH="23" VPOS="1187" HPOS="698"/>
							<String ID="string_327" HPOS="721" VPOS="1186" WIDTH="88" HEIGHT="22" WC="0.96" CONTENT="förenar"/><SP WIDTH="18" VPOS="1186" HPOS="809"/>
							<String ID="string_328" HPOS="827" VPOS="1186" WIDTH="37" HEIGHT="26" WC="0.96" CONTENT="jag"/><SP WIDTH="18" VPOS="1186" HPOS="864"/>
							<String ID="string_329" HPOS="882" VPOS="1185" WIDTH="44" HEIGHT="27" WC="0.96" CONTENT="mig"/><SP WIDTH="16" VPOS="1185" HPOS="926"/>
							<String ID="string_330" HPOS="942" VPOS="1186" WIDTH="82" HEIGHT="24" WC="0.96" CONTENT="derom,"/>
						</TextLine>
						<TextLine ID="line_35" HPOS="189" VPOS="1214" WIDTH="835" HEIGHT="29">
							<String ID="string_331" HPOS="189" VPOS="1220" WIDTH="49" HEIGHT="16" WC="0.96" CONTENT="men"/><SP WIDTH="17" VPOS="1220" HPOS="238"/>
							<String ID="string_332" HPOS="255" VPOS="1215" WIDTH="37" HEIGHT="21" WC="0.96" CONTENT="vill"/><SP WIDTH="15" VPOS="1215" HPOS="292"/>
							<String ID="string_333" HPOS="307" VPOS="1214" WIDTH="33" HEIGHT="22" WC="0.96" CONTENT="för"/><SP WIDTH="15" VPOS="1214" HPOS="340"/>
							<String ID="string_334" HPOS="355" VPOS="1214" WIDTH="44" HEIGHT="21" WC="0.96" CONTENT="min"/><SP WIDTH="16" VPOS="1214" HPOS="399"/>
							<String ID="string_335" HPOS="415" VPOS="1215" WIDTH="97" HEIGHT="22" WC="0.96" CONTENT="enskilda"/><SP WIDTH="16" VPOS="1215" HPOS="512"/>
							<String ID="string_336" HPOS="528" VPOS="1214" WIDTH="35" HEIGHT="22" WC="0.96" CONTENT="del"/><SP WIDTH="15" VPOS="1214" HPOS="563"/>
							<String ID="string_337" HPOS="578" VPOS="1215" WIDTH="47" HEIGHT="22" WC="0.93" CONTENT="icke"/><SP WIDTH="15" VPOS="1215" HPOS="625"/>
							<String ID="string_338" HPOS="640" VPOS="1215" WIDTH="82" HEIGHT="28" WC="0.91" CONTENT="påyrka"/><SP WIDTH="16" VPOS="1215" HPOS="722"/>
							<String ID="string_339" HPOS="738" VPOS="1216" WIDTH="37" HEIGHT="21" WC="0.96" CONTENT="det"/><SP WIDTH="16" VPOS="1216" HPOS="775"/>
							<String ID="string_340" HPOS="791" VPOS="1216" WIDTH="51" HEIGHT="20" WC="0.96" CONTENT="utan"/><SP WIDTH="11" VPOS="1216" HPOS="842"/>
							<String ID="string_341" HPOS="853" VPOS="1214" WIDTH="85" HEIGHT="21" WC="0.93" CONTENT="förorda"/><SP WIDTH="10" VPOS="1214" HPOS="938"/>
							<String ID="string_342" HPOS="948" VPOS="1214" WIDTH="76" HEIGHT="22" WC="0.92" CONTENT="betän-"/>
						</TextLine>
						<TextLine ID="line_36" HPOS="188" VPOS="1243" WIDTH="239" HEIGHT="28">
							<String ID="string_343" HPOS="188" VPOS="1243" WIDTH="93" HEIGHT="22" WC="0.91" CONTENT="kandets"/><SP WIDTH="19" VPOS="1243" HPOS="281"/>
							<String ID="string_344" HPOS="300" VPOS="1243" WIDTH="127" HEIGHT="28" WC="0.96" CONTENT="antagande."/>
						</TextLine>
					</TextBlock>
				</ComposedBlock>
				<ComposedBlock ID="cblock_4" HPOS="187" VPOS="1300" WIDTH="836" HEIGHT="257">
					<TextBlock ID="block_3" HPOS="187" VPOS="1300" WIDTH="836" HEIGHT="257">
						<TextLine ID="line_37" HPOS="261" VPOS="1300" WIDTH="761" HEIGHT="28">
							<String ID="string_345" HPOS="261" VPOS="1301" WIDTH="56" HEIGHT="21" WC="0.96" CONTENT="Herr"/><SP WIDTH="15" VPOS="1301" HPOS="317"/>
							<String ID="string_346" HPOS="332" VPOS="1301" WIDTH="149" HEIGHT="21" WC="0.96" CONTENT="Boström:"/><SP WIDTH="30" VPOS="1301" HPOS="481"/>
							<String ID="string_347" HPOS="511" VPOS="1300" WIDTH="45" HEIGHT="21" WC="0.96" CONTENT="Min"/><SP WIDTH="25" VPOS="1300" HPOS="556"/>
							<String ID="string_348" HPOS="581" VPOS="1301" WIDTH="86" HEIGHT="27" WC="0.96" CONTENT="mening"/><SP WIDTH="20" VPOS="1301" HPOS="667"/>
							<String ID="string_349" HPOS="687" VPOS="1307" WIDTH="39" HEIGHT="15" WC="0.96" CONTENT="var"/><SP WIDTH="23" VPOS="1307" HPOS="726"/>
							<String ID="string_350" HPOS="749" VPOS="1301" WIDTH="42" HEIGHT="21" WC="0.96" CONTENT="den"/><SP WIDTH="15" VPOS="1301" HPOS="791"/>
							<String ID="string_351" HPOS="806" VPOS="1302" WIDTH="34" HEIGHT="19" WC="0.96" CONTENT="att"/><SP WIDTH="14" VPOS="1302" HPOS="840"/>
							<String ID="string_352" HPOS="854" VPOS="1301" WIDTH="76" HEIGHT="20" WC="0.93" CONTENT="orden:"/><SP WIDTH="24" VPOS="1301" HPOS="930"/>
							<String ID="string_353" HPOS="954" VPOS="1300" WIDTH="68" HEIGHT="27" WC="0.90" CONTENT=",inom"/>
						</TextLine>
						<TextLine ID="line_38" HPOS="189" VPOS="1328" WIDTH="833" HEIGHT="29">
							<String ID="string_354" HPOS="189" VPOS="1335" WIDTH="26" HEIGHT="15" WC="0.96" CONTENT="en"/><SP WIDTH="22" VPOS="1335" HPOS="215"/>
							<String ID="string_355" HPOS="237" VPOS="1329" WIDTH="80" HEIGHT="22" WC="0.96" CONTENT="månad"/><SP WIDTH="19" VPOS="1329" HPOS="317"/>
							<String ID="string_356" HPOS="336" VPOS="1329" WIDTH="54" HEIGHT="22" WC="0.96" CONTENT="efter"/><SP WIDTH="22" VPOS="1329" HPOS="390"/>
							<String ID="string_357" HPOS="412" VPOS="1329" WIDTH="73" HEIGHT="28" WC="0.96" CONTENT="hvarje"/><SP WIDTH="23" VPOS="1329" HPOS="485"/>
							<String ID="string_358" HPOS="508" VPOS="1329" WIDTH="36" HEIGHT="22" WC="0.96" CONTENT="års"/><SP WIDTH="15" VPOS="1329" HPOS="544"/>
							<String ID="string_359" HPOS="559" VPOS="1329" WIDTH="43" HEIGHT="22" WC="0.96" CONTENT="slut"/><SP WIDTH="16" VPOS="1329" HPOS="602"/>
							<String ID="string_360" HPOS="618" VPOS="1329" WIDTH="32" HEIGHT="22" WC="0.96" CONTENT="till"/><SP WIDTH="17" VPOS="1329" HPOS="650"/>
							<String ID="string_361" HPOS="667" VPOS="1329" WIDTH="139" HEIGHT="22" WC="0.93" CONTENT="Guvernören"/><SP WIDTH="17" VPOS="1329" HPOS="806"/>
							<String ID="string_362" HPOS="823" VPOS="1329" WIDTH="93" HEIGHT="21" WC="0.92" CONTENT="aflemna"/><SP WIDTH="15" VPOS="1329" HPOS="916"/>
							<String ID="string_363" HPOS="931" VPOS="1328" WIDTH="91" HEIGHT="23" WC="0.91" CONTENT="förteck-"/>
						</TextLine>
						<TextLine ID="line_39" HPOS="188" VPOS="1357" WIDTH="835" HEIGHT="28">
							<String ID="string_364" HPOS="188" VPOS="1357" WIDTH="53" HEIGHT="28" WC="0.93" CONTENT="ning"/><SP WIDTH="19" VPOS="1357" HPOS="241"/>
							<String ID="string_365" HPOS="260" VPOS="1358" WIDTH="13" HEIGHT="21" WC="0.88" CONTENT="å"/><SP WIDTH="18" VPOS="1358" HPOS="273"/>
							<String ID="string_366" HPOS="291" VPOS="1358" WIDTH="164" HEIGHT="27" WC="0.96" CONTENT="församlingens"/><SP WIDTH="20" VPOS="1358" HPOS="455"/>
							<String ID="string_367" HPOS="475" VPOS="1358" WIDTH="152" HEIGHT="21" WC="0.92" CONTENT="medlemmar&quot;"/><SP WIDTH="21" VPOS="1358" HPOS="627"/>
							<String ID="string_368" HPOS="648" VPOS="1358" WIDTH="66" HEIGHT="22" WC="0.96" CONTENT="borde"/><SP WIDTH="19" VPOS="1358" HPOS="714"/>
							<String ID="string_369" HPOS="733" VPOS="1358" WIDTH="60" HEIGHT="27" WC="0.96" CONTENT="utgå,"/><SP WIDTH="15" VPOS="1358" HPOS="793"/>
							<String ID="string_370" HPOS="808" VPOS="1364" WIDTH="48" HEIGHT="15" WC="0.96" CONTENT="men"/><SP WIDTH="16" VPOS="1364" HPOS="856"/>
							<String ID="string_371" HPOS="872" VPOS="1357" WIDTH="47" HEIGHT="22" WC="0.96" CONTENT="icke"/><SP WIDTH="11" VPOS="1357" HPOS="919"/>
							<String ID="string_372" HPOS="930" VPOS="1357" WIDTH="46" HEIGHT="27" WC="0.96" CONTENT="den,"/><SP WIDTH="14" VPOS="1357" HPOS="976"/>
							<String ID="string_373" HPOS="990" VPOS="1359" WIDTH="33" HEIGHT="20" WC="0.96" CONTENT="att"/>
						</TextLine>
						<TextLine ID="line_40" HPOS="187" VPOS="1386" WIDTH="835" HEIGHT="27">
							<String ID="string_374" HPOS="187" VPOS="1386" WIDTH="48" HEIGHT="21" WC="0.96" CONTENT="icke"/><SP WIDTH="23" VPOS="1386" HPOS="235"/>
							<String ID="string_375" HPOS="258" VPOS="1386" WIDTH="163" HEIGHT="27" WC="0.96" CONTENT="församlingens"/><SP WIDTH="22" VPOS="1386" HPOS="421"/>
							<String ID="string_376" HPOS="443" VPOS="1386" WIDTH="146" HEIGHT="22" WC="0.96" CONTENT="föreståndare"/><SP WIDTH="18" VPOS="1386" HPOS="589"/>
							<String ID="string_377" HPOS="607" VPOS="1387" WIDTH="70" HEIGHT="21" WC="0.96" CONTENT="skulle"/><SP WIDTH="20" VPOS="1387" HPOS="677"/>
							<String ID="string_378" HPOS="697" VPOS="1393" WIDTH="52" HEIGHT="15" WC="0.96" CONTENT="vara"/><SP WIDTH="16" VPOS="1393" HPOS="749"/>
							<String ID="string_379" HPOS="765" VPOS="1386" WIDTH="84" HEIGHT="27" WC="0.96" CONTENT="skyldig"/><SP WIDTH="14" VPOS="1386" HPOS="849"/>
							<String ID="string_380" HPOS="863" VPOS="1388" WIDTH="33" HEIGHT="19" WC="0.96" CONTENT="att"/><SP WIDTH="15" VPOS="1388" HPOS="896"/>
							<String ID="string_381" HPOS="911" VPOS="1386" WIDTH="64" HEIGHT="21" WC="0.96" CONTENT="ställa"/><SP WIDTH="15" VPOS="1386" HPOS="975"/>
							<String ID="string_382" HPOS="990" VPOS="1386" WIDTH="32" HEIGHT="27" WC="0.96" CONTENT="sig"/>
						</TextLine>
						<TextLine ID="line_41" HPOS="188" VPOS="1414" WIDTH="834" HEIGHT="28">
							<String ID="string_383" HPOS="188" VPOS="1415" WIDTH="34" HEIGHT="21" WC="0.89" CONTENT="tili"/><SP WIDTH="23" VPOS="1415" HPOS="222"/>
							<String ID="string_384" HPOS="245" VPOS="1415" WIDTH="144" HEIGHT="22" WC="0.81" CONTENT="efterrätteise"/><SP WIDTH="22" VPOS="1415" HPOS="389"/>
							<String ID="string_385" HPOS="411" VPOS="1415" WIDTH="63" HEIGHT="27" WC="0.96" CONTENT="lagen"/><SP WIDTH="22" VPOS="1415" HPOS="474"/>
							<String ID="string_386" HPOS="496" VPOS="1415" WIDTH="40" HEIGHT="22" WC="0.96" CONTENT="och"/><SP WIDTH="23" VPOS="1415" HPOS="536"/>
							<String ID="string_387" HPOS="559" VPOS="1415" WIDTH="26" HEIGHT="21" WC="0.94" CONTENT="de"/><SP WIDTH="24" VPOS="1415" HPOS="585"/>
							<String ID="string_388" HPOS="609" VPOS="1415" WIDTH="108" HEIGHT="22" WC="0.96" CONTENT="särskilda"/><SP WIDTH="15" VPOS="1415" HPOS="717"/>
							<String ID="string_389" HPOS="732" VPOS="1415" WIDTH="136" HEIGHT="22" WC="0.96" CONTENT="föreskrifter"/><SP WIDTH="14" VPOS="1415" HPOS="868"/>
							<String ID="string_390" HPOS="882" VPOS="1421" WIDTH="45" HEIGHT="14" WC="0.96" CONTENT="som"/><SP WIDTH="16" VPOS="1421" HPOS="927"/>
							<String ID="string_391" HPOS="943" VPOS="1414" WIDTH="79" HEIGHT="22" WC="0.96" CONTENT="honom"/>
						</TextLine>
						<TextLine ID="line_42" HPOS="187" VPOS="1443" WIDTH="835" HEIGHT="28">
							<String ID="string_392" HPOS="187" VPOS="1443" WIDTH="76" HEIGHT="22" WC="0.93" CONTENT="kunna"/><SP WIDTH="14" VPOS="1443" HPOS="263"/>
							<String ID="string_393" HPOS="277" VPOS="1443" WIDTH="116" HEIGHT="22" WC="0.91" CONTENT="meddelas."/><SP WIDTH="30" VPOS="1443" HPOS="393"/>
							<String ID="string_394" HPOS="423" VPOS="1444" WIDTH="33" HEIGHT="21" WC="0.93" CONTENT="En"/><SP WIDTH="15" VPOS="1444" HPOS="456"/>
							<String ID="string_395" HPOS="471" VPOS="1444" WIDTH="124" HEIGHT="21" WC="0.89" CONTENT="äterremiss"/><SP WIDTH="15" VPOS="1444" HPOS="595"/>
							<String ID="string_396" HPOS="610" VPOS="1444" WIDTH="36" HEIGHT="21" WC="0.96" CONTENT="vill"/><SP WIDTH="13" VPOS="1444" HPOS="646"/>
							<String ID="string_397" HPOS="659" VPOS="1444" WIDTH="37" HEIGHT="27" WC="0.93" CONTENT="jag"/><SP WIDTH="15" VPOS="1444" HPOS="696"/>
							<String ID="string_398" HPOS="711" VPOS="1443" WIDTH="120" HEIGHT="28" WC="0.92" CONTENT="ingalunda"/><SP WIDTH="11" VPOS="1443" HPOS="831"/>
							<String ID="string_399" HPOS="842" VPOS="1445" WIDTH="56" HEIGHT="20" WC="0.92" CONTENT="sätta"/><SP WIDTH="10" VPOS="1445" HPOS="898"/>
							<String ID="string_400" HPOS="908" VPOS="1443" WIDTH="42" HEIGHT="27" WC="0.97" CONTENT="mig"/><SP WIDTH="8" VPOS="1443" HPOS="950"/>
							<String ID="string_401" HPOS="958" VPOS="1444" WIDTH="64" HEIGHT="26" WC="0.96" CONTENT="emot,"/>
						</TextLine>
						<TextLine ID="line_43" HPOS="187" VPOS="1472" WIDTH="834" HEIGHT="28">
							<String ID="string_402" HPOS="187" VPOS="1478" WIDTH="50" HEIGHT="15" WC="0.96" CONTENT="men"/><SP WIDTH="14" VPOS="1478" HPOS="237"/>
							<String ID="string_403" HPOS="251" VPOS="1473" WIDTH="38" HEIGHT="27" WC="0.93" CONTENT="jag"/><SP WIDTH="16" VPOS="1473" HPOS="289"/>
							<String ID="string_404" HPOS="305" VPOS="1475" WIDTH="45" HEIGHT="18" WC="0.93" CONTENT="tror"/><SP WIDTH="15" VPOS="1475" HPOS="350"/>
							<String ID="string_405" HPOS="365" VPOS="1474" WIDTH="33" HEIGHT="19" WC="0.96" CONTENT="att"/><SP WIDTH="14" VPOS="1474" HPOS="398"/>
							<String ID="string_406" HPOS="412" VPOS="1473" WIDTH="66" HEIGHT="21" WC="0.96" CONTENT="saken"/><SP WIDTH="15" VPOS="1473" HPOS="478"/>
							<String ID="string_407" HPOS="493" VPOS="1473" WIDTH="72" HEIGHT="21" WC="0.93" CONTENT="kunde"/><SP WIDTH="15" VPOS="1473" HPOS="565"/>
							<String ID="string_408" HPOS="580" VPOS="1472" WIDTH="127" HEIGHT="22" WC="0.92" CONTENT="formuleras"/><SP WIDTH="16" VPOS="1472" HPOS="707"/>
							<String ID="string_409" HPOS="723" VPOS="1473" WIDTH="68" HEIGHT="26" WC="0.93" CONTENT="nägot"/><SP WIDTH="14" VPOS="1473" HPOS="791"/>
							<String ID="string_410" HPOS="805" VPOS="1472" WIDTH="25" HEIGHT="21" WC="0.96" CONTENT="sä"/><SP WIDTH="15" VPOS="1472" HPOS="830"/>
							<String ID="string_411" HPOS="845" VPOS="1474" WIDTH="39" HEIGHT="19" WC="0.96" CONTENT="när"/><SP WIDTH="13" VPOS="1474" HPOS="884"/>
							<String ID="string_412" HPOS="897" VPOS="1472" WIDTH="28" HEIGHT="26" WC="0.96" CONTENT="pä"/><SP WIDTH="10" VPOS="1472" HPOS="925"/>
							<String ID="string_413" HPOS="935" VPOS="1472" WIDTH="36" HEIGHT="21" WC="0.93" CONTENT="det"/><SP WIDTH="8" VPOS="1472" HPOS="971"/>
							<String ID="string_414" HPOS="979" VPOS="1473" WIDTH="42" HEIGHT="20" WC="0.92" CONTENT="sät-"/>
						</TextLine>
						<TextLine ID="line_44" HPOS="187" VPOS="1500" WIDTH="835" HEIGHT="28">
							<String ID="string_415" HPOS="187" VPOS="1502" WIDTH="40" HEIGHT="24" WC="0.95" CONTENT="tet,"/><SP WIDTH="21" VPOS="1502" HPOS="227"/>
							<String ID="string_416" HPOS="248" VPOS="1502" WIDTH="34" HEIGHT="20" WC="0.96" CONTENT="att"/><SP WIDTH="23" VPOS="1502" HPOS="282"/>
							<String ID="string_417" HPOS="305" VPOS="1501" WIDTH="40" HEIGHT="21" WC="0.96" CONTENT="den"/><SP WIDTH="16" VPOS="1501" HPOS="345"/>
							<String ID="string_418" HPOS="361" VPOS="1501" WIDTH="86" HEIGHT="27" WC="0.96" CONTENT="mening"/><SP WIDTH="16" VPOS="1501" HPOS="447"/>
							<String ID="string_419" HPOS="463" VPOS="1507" WIDTH="45" HEIGHT="15" WC="0.93" CONTENT="som"/><SP WIDTH="16" VPOS="1507" HPOS="508"/>
							<String ID="string_420" HPOS="524" VPOS="1500" WIDTH="145" HEIGHT="22" WC="0.96" CONTENT="förekommer"/><SP WIDTH="15" VPOS="1500" HPOS="669"/>
							<String ID="string_421" HPOS="684" VPOS="1501" WIDTH="55" HEIGHT="21" WC="0.93" CONTENT="efter"/><SP WIDTH="16" VPOS="1501" HPOS="739"/>
							<String ID="string_422" HPOS="755" VPOS="1500" WIDTH="119" HEIGHT="22" WC="0.96" CONTENT="semikolon"/><SP WIDTH="16" VPOS="1500" HPOS="874"/>
							<String ID="string_423" HPOS="890" VPOS="1500" WIDTH="68" HEIGHT="22" WC="0.93" CONTENT="skulle"/><SP WIDTH="16" VPOS="1500" HPOS="958"/>
							<String ID="string_424" HPOS="974" VPOS="1500" WIDTH="48" HEIGHT="26" WC="0.96" CONTENT="lyda"/>
						</TextLine>
						<TextLine ID="line_45" HPOS="187" VPOS="1528" WIDTH="836" HEIGHT="29">
							<String ID="string_425" HPOS="187" VPOS="1529" WIDTH="78" HEIGHT="22" WC="0.92" CONTENT="endast"/><SP WIDTH="23" VPOS="1529" HPOS="265"/>
							<String ID="string_426" HPOS="288" VPOS="1546" WIDTH="5" HEIGHT="8" WC="0.83" CONTENT=","/><SP WIDTH="1" VPOS="1546" HPOS="293"/>
							<String ID="string_427" HPOS="294" VPOS="1532" WIDTH="63" HEIGHT="23" WC="0.83" CONTENT="samt"/><SP WIDTH="22" VPOS="1532" HPOS="357"/>
							<String ID="string_428" HPOS="379" VPOS="1531" WIDTH="32" HEIGHT="21" WC="0.93" CONTENT="att"/><SP WIDTH="24" VPOS="1531" HPOS="411"/>
							<String ID="string_429" HPOS="435" VPOS="1530" WIDTH="97" HEIGHT="26" WC="0.92" CONTENT="föröfrigt"/><SP WIDTH="22" VPOS="1530" HPOS="532"/>
							<String ID="string_430" HPOS="554" VPOS="1530" WIDTH="64" HEIGHT="21" WC="0.96" CONTENT="ställa"/><SP WIDTH="15" VPOS="1530" HPOS="618"/>
							<String ID="string_431" HPOS="633" VPOS="1530" WIDTH="32" HEIGHT="27" WC="0.96" CONTENT="sig"/><SP WIDTH="16" VPOS="1530" HPOS="665"/>
							<String ID="string_432" HPOS="681" VPOS="1530" WIDTH="33" HEIGHT="21" WC="0.93" CONTENT="till"/><SP WIDTH="15" VPOS="1530" HPOS="714"/>
							<String ID="string_433" HPOS="729" VPOS="1529" WIDTH="146" HEIGHT="22" WC="0.92" CONTENT="efterrättelse"/><SP WIDTH="16" VPOS="1529" HPOS="875"/>
							<String ID="string_434" HPOS="891" VPOS="1529" WIDTH="35" HEIGHT="27" WC="0.96" CONTENT="lag"/><SP WIDTH="14" VPOS="1529" HPOS="926"/>
							<String ID="string_435" HPOS="940" VPOS="1528" WIDTH="41" HEIGHT="22" WC="0.96" CONTENT="och"/><SP WIDTH="15" VPOS="1528" HPOS="981"/>
							<String ID="string_436" HPOS="996" VPOS="1528" WIDTH="27" HEIGHT="22" WC="0.96" CONTENT="de"/>
						</TextLine>
					</TextBlock>
				</ComposedBlock>
			</PrintSpace>
		</Page>
	</Layout>
</alto>
