<?xml version="1.0" encoding="UTF-8"?>
<alto xmlns="http://www.loc.gov/standards/alto/ns-v3#" xmlns:xlink="http://www.w3.org/1999/xlink" xmlns:xsi="http://www.w3.org/2001/XMLSchema-instance" xsi:schemaLocation="http://www.loc.gov/standards/alto/ns-v3# http://www.loc.gov/alto/v3/alto-3-0.xsd">
	<Description>
		<MeasurementUnit>pixel</MeasurementUnit>
		<sourceImageInformation>
			<fileName>/tmp/tess_rgo2gtoh_input.PNG</fileName>
		</sourceImageInformation>
		<OCRProcessing ID="OCR_0">
			<ocrProcessingStep>
				<processingSoftware>
					<softwareName>tesseract 5.3.4</softwareName>
				</processingSoftware>
			</ocrProcessingStep>
		</OCRProcessing>
	</Description>
	<Layout>
		<Page WIDTH="1109" HEIGHT="1786" PHYSICAL_IMG_NR="0" ID="page_0">
			<PrintSpace HPOS="0" VPOS="0" WIDTH="1109" HEIGHT="1786">
				<ComposedBlock ID="cblock_0" HPOS="283" VPOS="117" WIDTH="636" HEIGHT="28">
					<TextBlock ID="block_0" HPOS="283" VPOS="117" WIDTH="636" HEIGHT="28">
						<TextLine ID="line_0" HPOS="283" VPOS="117" WIDTH="636" HEIGHT="28">
							<String ID="string_0" HPOS="283" VPOS="123" WIDTH="180" HEIGHT="22" WC="0.91" CONTENT="Borgareståndet"/><SP WIDTH="12" VPOS="123" HPOS="463"/>
							<String ID="string_1" HPOS="475" VPOS="124" WIDTH="55" HEIGHT="17" WC="0.96" CONTENT="1877."/><SP WIDTH="24" VPOS="124" HPOS="530"/>
							<String ID="string_2" HPOS="554" VPOS="123" WIDTH="29" HEIGHT="17" WC="0.91" CONTENT="30"/><SP WIDTH="11" VPOS="123" HPOS="583"/>
							<String ID="string_3" HPOS="594" VPOS="123" WIDTH="122" HEIGHT="17" WC="0.96" CONTENT="November."/><SP WIDTH="148" VPOS="123" HPOS="716"/>
							<String ID="string_4" HPOS="864" VPOS="117" WIDTH="55" HEIGHT="22" WC="0.94" CONTENT="1985"/>
						</TextLine>
					</TextBlock>
				</ComposedBlock>
				<GraphicalElement ID="cblock_1" HPOS="87" VPOS="151" WIDTH="833" HEIGHT="6"></GraphicalElement >
				<ComposedBlock ID="cblock_2" HPOS="271" VPOS="265" WIDTH="464" HEIGHT="34">
					<TextBlock ID="block_1" HPOS="271" VPOS="265" WIDTH="464" HEIGHT="34">
						<TextLine ID="line_1" HPOS="271" VPOS="265" WIDTH="464" HEIGHT="34">
							<String ID="string_5" HPOS="271" VPOS="265" WIDTH="147" HEIGHT="34" WC="0.96" CONTENT="Fredagen"/><SP WIDTH="19" VPOS="265" HPOS="418"/>
							<String ID="string_6" HPOS="437" VPOS="265" WIDTH="55" HEIGHT="27" WC="0.96" CONTENT="den"/><SP WIDTH="19" VPOS="265" HPOS="492"/>
							<String ID="string_7" HPOS="511" VPOS="265" WIDTH="39" HEIGHT="27" WC="0.96" CONTENT="30"/><SP WIDTH="18" VPOS="265" HPOS="550"/>
							<String ID="string_8" HPOS="568" VPOS="265" WIDTH="167" HEIGHT="28" WC="0.96" CONTENT="November."/>
						</TextLine>
					</TextBlock>
				</ComposedBlock>
				<ComposedBlock ID="cblock_3" HPOS="87" VPOS="334" WIDTH="833" HEIGHT="141">
					<TextBlock ID="block_2" HPOS="87" VPOS="334" WIDTH="833" HEIGHT="137">
						<TextLine ID="line_2" HPOS="158" VPOS="334" WIDTH="762" HEIGHT="27">
							<String ID="string_9" HPOS="158" VPOS="334" WIDTH="35" HEIGHT="22" WC="0.94" CONTENT="Kl."/><SP WIDTH="18" VPOS="334" HPOS="193"/>
							<String ID="string_10" HPOS="211" VPOS="335" WIDTH="23" HEIGHT="21" WC="0.89" CONTENT="11"/><SP WIDTH="19" VPOS="335" HPOS="234"/>
							<String ID="string_11" HPOS="253" VPOS="334" WIDTH="160" HEIGHT="27" WC="0.89" CONTENT="föremiddagen"/><SP WIDTH="19" VPOS="334" HPOS="413"/>
							<String ID="string_12" HPOS="432" VPOS="334" WIDTH="176" HEIGHT="22" WC="0.93" CONTENT="sammanträdde"/><SP WIDTH="20" VPOS="334" HPOS="608"/>
							<String ID="string_13" HPOS="628" VPOS="334" WIDTH="183" HEIGHT="27" WC="0.92" CONTENT="Borgareståndet"/><SP WIDTH="14" VPOS="334" HPOS="811"/>
							<String ID="string_14" HPOS="825" VPOS="334" WIDTH="34" HEIGHT="22" WC="0.93" CONTENT="till"/><SP WIDTH="15" VPOS="334" HPOS="859"/>
							<String ID="string_15" HPOS="874" VPOS="334" WIDTH="46" HEIGHT="27" WC="0.92" CONTENT="ple-"/>
						</TextLine>
						<TextLine ID="line_3" HPOS="88" VPOS="363" WIDTH="832" HEIGHT="27">
							<String ID="string_16" HPOS="88" VPOS="369" WIDTH="58" HEIGHT="15" WC="0.94" CONTENT="num."/><SP WIDTH="30" VPOS="369" HPOS="146"/>
							<String ID="string_17" HPOS="176" VPOS="363" WIDTH="42" HEIGHT="21" WC="0.93" CONTENT="Vid"/><SP WIDTH="23" VPOS="363" HPOS="218"/>
							<String ID="string_18" HPOS="241" VPOS="364" WIDTH="95" HEIGHT="20" WC="0.91" CONTENT="anstäldt"/><SP WIDTH="22" VPOS="364" HPOS="336"/>
							<String ID="string_19" HPOS="358" VPOS="369" WIDTH="83" HEIGHT="21" WC="0.93" CONTENT="upprop"/><SP WIDTH="19" VPOS="369" HPOS="441"/>
							<String ID="string_20" HPOS="460" VPOS="363" WIDTH="105" HEIGHT="21" WC="0.92" CONTENT="befunnos"/><SP WIDTH="15" VPOS="363" HPOS="565"/>
							<String ID="string_21" HPOS="580" VPOS="363" WIDTH="69" HEIGHT="27" WC="0.92" CONTENT="öfrige"/><SP WIDTH="16" VPOS="363" HPOS="649"/>
							<String ID="string_22" HPOS="665" VPOS="363" WIDTH="100" HEIGHT="21" WC="0.92" CONTENT="Ständets"/><SP WIDTH="16" VPOS="363" HPOS="765"/>
							<String ID="string_23" HPOS="781" VPOS="363" WIDTH="139" HEIGHT="21" WC="0.95" CONTENT="medlemmar"/>
						</TextLine>
						<TextLine ID="line_4" HPOS="87" VPOS="391" WIDTH="831" HEIGHT="27">
							<String ID="string_24" HPOS="87" VPOS="392" WIDTH="186" HEIGHT="21" WC="0.90" CONTENT="tillstädeskomne"/><SP WIDTH="21" VPOS="392" HPOS="273"/>
							<String ID="string_25" HPOS="294" VPOS="394" WIDTH="59" HEIGHT="19" WC="0.92" CONTENT="utom"/><SP WIDTH="16" VPOS="394" HPOS="353"/>
							<String ID="string_26" HPOS="369" VPOS="392" WIDTH="82" HEIGHT="21" WC="0.92" CONTENT="Herrar"/><SP WIDTH="14" VPOS="392" HPOS="451"/>
							<String ID="string_27" HPOS="465" VPOS="391" WIDTH="101" HEIGHT="22" WC="0.96" CONTENT="Cronvall"/><SP WIDTH="16" VPOS="391" HPOS="566"/>
							<String ID="string_28" HPOS="582" VPOS="392" WIDTH="39" HEIGHT="21" WC="0.96" CONTENT="och"/><SP WIDTH="17" VPOS="392" HPOS="621"/>
							<String ID="string_29" HPOS="638" VPOS="391" WIDTH="114" HEIGHT="27" WC="0.93" CONTENT="Lindberg,"/><SP WIDTH="17" VPOS="391" HPOS="752"/>
							<String ID="string_30" HPOS="769" VPOS="391" WIDTH="73" HEIGHT="22" WC="0.92" CONTENT="hvilka"/><SP WIDTH="15" VPOS="391" HPOS="842"/>
							<String ID="string_31" HPOS="857" VPOS="391" WIDTH="61" HEIGHT="21" WC="0.93" CONTENT="hvar-"/>
						</TextLine>
						<TextLine ID="line_5" HPOS="88" VPOS="416" WIDTH="831" HEIGHT="59">
							<String ID="string_32" HPOS="88" VPOS="420" WIDTH="61" HEIGHT="50" WC="0.14" CONTENT="dera,"/><SP WIDTH="8" VPOS="420" HPOS="149"/>
							<String ID="string_33" HPOS="157" VPOS="416" WIDTH="94" HEIGHT="59" WC="0.0" CONTENT="ortall"/><SP WIDTH="26" VPOS="416" HPOS="251"/>
							<String ID="string_34" HPOS="277" VPOS="420" WIDTH="100" HEIGHT="22" WC="0.86" CONTENT="Ständets"/><SP WIDTH="27" VPOS="420" HPOS="377"/>
							<String ID="string_35" HPOS="404" VPOS="420" WIDTH="125" HEIGHT="27" WC="0.71" CONTENT="begifvande"/><SP WIDTH="23" VPOS="420" HPOS="529"/>
							<String ID="string_36" HPOS="552" VPOS="422" WIDTH="33" HEIGHT="20" WC="0.93" CONTENT="att"/><SP WIDTH="22" VPOS="422" HPOS="585"/>
							<String ID="string_37" HPOS="607" VPOS="420" WIDTH="48" HEIGHT="21" WC="0.96" CONTENT="från"/><SP WIDTH="24" VPOS="420" HPOS="655"/>
							<String ID="string_38" HPOS="679" VPOS="420" WIDTH="59" HEIGHT="22" WC="0.93" CONTENT="detta"/><SP WIDTH="23" VPOS="420" HPOS="738"/>
							<String ID="string_39" HPOS="761" VPOS="420" WIDTH="158" HEIGHT="21" WC="0.96" CONTENT="sammanträde"/>
						</TextLine>
						<TextLine ID="line_6" HPOS="88" VPOS="449" WIDTH="111" HEIGHT="22">
							<String ID="string_40" HPOS="88" VPOS="449" WIDTH="111" HEIGHT="22" WC="0.68" CONTENT="uteblifva."/>
						</TextLine>
					</TextBlock>
				</ComposedBlock>
				<ComposedBlock ID="cblock_4" HPOS="156" VPOS="575" WIDTH="763" HEIGHT="27">
					<TextBlock ID="block_3" HPOS="156" VPOS="575" WIDTH="763" HEIGHT="27">
						<TextLine ID="line_7" HPOS="156" VPOS="575" WIDTH="763" HEIGHT="27">
							<String ID="string_41" HPOS="156" VPOS="575" WIDTH="126" HEIGHT="22" WC="0.92" CONTENT="Justerades"/><SP WIDTH="16" VPOS="575" HPOS="282"/>
							<String ID="string_42" HPOS="298" VPOS="575" WIDTH="77" HEIGHT="27" WC="0.92" CONTENT="utdrag"/><SP WIDTH="15" VPOS="575" HPOS="375"/>
							<String ID="string_43" HPOS="390" VPOS="581" WIDTH="26" HEIGHT="15" WC="0.93" CONTENT="ur"/><SP WIDTH="15" VPOS="581" HPOS="416"/>
							<String ID="string_44" HPOS="431" VPOS="575" WIDTH="194" HEIGHT="27" WC="0.91" CONTENT="Borgareständets"/><SP WIDTH="16" VPOS="575" HPOS="625"/>
							<String ID="string_45" HPOS="641" VPOS="575" WIDTH="108" HEIGHT="27" WC="0.92" CONTENT="protokoll"/><SP WIDTH="16" VPOS="575" HPOS="749"/>
							<String ID="string_46" HPOS="765" VPOS="575" WIDTH="32" HEIGHT="22" WC="0.93" CONTENT="för"/><SP WIDTH="7" VPOS="575" HPOS="797"/>
							<String ID="string_47" HPOS="804" VPOS="575" WIDTH="115" HEIGHT="27" WC="0.91" CONTENT="gärdagen."/>
						</TextLine>
					</TextBlock>
				</ComposedBlock>
				<ComposedBlock ID="cblock_5" HPOS="89" VPOS="723" WIDTH="831" HEIGHT="85">
					<TextBlock ID="block_4" HPOS="89" VPOS="723" WIDTH="831" HEIGHT="85">
						<TextLine ID="line_8" HPOS="159" VPOS="723" WIDTH="761" HEIGHT="29">
							<String ID="string_48" HPOS="159" VPOS="724" WIDTH="120" HEIGHT="28" WC="0.92" CONTENT="Föredrogs"/><SP WIDTH="23" VPOS="724" HPOS="279"/>
							<String ID="string_49" HPOS="302" VPOS="724" WIDTH="179" HEIGHT="21" WC="0.91" CONTENT="Bankutskottets"/><SP WIDTH="22" VPOS="724" HPOS="481"/>
							<String ID="string_50" HPOS="503" VPOS="724" WIDTH="137" HEIGHT="22" WC="0.92" CONTENT="betänkande"/><SP WIDTH="20" VPOS="724" HPOS="640"/>
							<String ID="string_51" HPOS="660" VPOS="723" WIDTH="41" HEIGHT="22" WC="0.96" CONTENT="N:o"/><SP WIDTH="16" VPOS="723" HPOS="701"/>
							<String ID="string_52" HPOS="717" VPOS="725" WIDTH="13" HEIGHT="19" WC="0.96" CONTENT="8"/><SP WIDTH="15" VPOS="725" HPOS="730"/>
							<String ID="string_53" HPOS="745" VPOS="724" WIDTH="6" HEIGHT="21" WC="0.93" CONTENT="i"/><SP WIDTH="16" VPOS="724" HPOS="751"/>
							<String ID="string_54" HPOS="767" VPOS="724" WIDTH="114" HEIGHT="28" WC="0.92" CONTENT="anledning"/><SP WIDTH="15" VPOS="724" HPOS="881"/>
							<String ID="string_55" HPOS="896" VPOS="724" WIDTH="24" HEIGHT="21" WC="0.96" CONTENT="af"/>
						</TextLine>
						<TextLine ID="line_9" HPOS="89" VPOS="752" WIDTH="829" HEIGHT="28">
							<String ID="string_56" HPOS="89" VPOS="752" WIDTH="64" HEIGHT="22" WC="0.91" CONTENT="väckt"/><SP WIDTH="22" VPOS="752" HPOS="153"/>
							<String ID="string_57" HPOS="175" VPOS="752" WIDTH="80" HEIGHT="28" WC="0.96" CONTENT="förslag"/><SP WIDTH="20" VPOS="752" HPOS="255"/>
							<String ID="string_58" HPOS="275" VPOS="759" WIDTH="33" HEIGHT="15" WC="0.93" CONTENT="om"/><SP WIDTH="16" VPOS="759" HPOS="308"/>
							<String ID="string_59" HPOS="324" VPOS="752" WIDTH="120" HEIGHT="27" WC="0.92" CONTENT="minskning"/><SP WIDTH="15" VPOS="752" HPOS="444"/>
							<String ID="string_60" HPOS="459" VPOS="752" WIDTH="24" HEIGHT="22" WC="0.96" CONTENT="af"/><SP WIDTH="13" VPOS="752" HPOS="483"/>
							<String ID="string_61" HPOS="496" VPOS="753" WIDTH="41" HEIGHT="21" WC="0.93" CONTENT="den"/><SP WIDTH="15" VPOS="753" HPOS="537"/>
							<String ID="string_62" HPOS="552" VPOS="753" WIDTH="122" HEIGHT="21" WC="0.91" CONTENT="metalliska"/><SP WIDTH="15" VPOS="753" HPOS="674"/>
							<String ID="string_63" HPOS="689" VPOS="753" WIDTH="89" HEIGHT="21" WC="0.91" CONTENT="kassans"/><SP WIDTH="15" VPOS="753" HPOS="778"/>
							<String ID="string_64" HPOS="793" VPOS="753" WIDTH="6" HEIGHT="21" WC="0.96" CONTENT="i"/><SP WIDTH="16" VPOS="753" HPOS="799"/>
							<String ID="string_65" HPOS="815" VPOS="752" WIDTH="103" HEIGHT="22" WC="0.96" CONTENT="Finlands"/>
						</TextLine>
						<TextLine ID="line_10" HPOS="89" VPOS="780" WIDTH="368" HEIGHT="28">
							<String ID="string_66" HPOS="89" VPOS="782" WIDTH="59" HEIGHT="20" WC="0.93" CONTENT="bank"/><SP WIDTH="14" VPOS="782" HPOS="148"/>
							<String ID="string_67" HPOS="162" VPOS="780" WIDTH="113" HEIGHT="22" WC="0.92" CONTENT="faststälda"/><SP WIDTH="15" VPOS="780" HPOS="275"/>
							<String ID="string_68" HPOS="290" VPOS="782" WIDTH="69" HEIGHT="26" WC="0.91" CONTENT="lägsta"/><SP WIDTH="15" VPOS="782" HPOS="359"/>
							<String ID="string_69" HPOS="374" VPOS="781" WIDTH="83" HEIGHT="27" WC="0.91" CONTENT="belopp."/>
						</TextLine>
					</TextBlock>
				</ComposedBlock>
				<ComposedBlock ID="cblock_6" HPOS="158" VPOS="838" WIDTH="760" HEIGHT="28">
					<TextBlock ID="block_5" HPOS="158" VPOS="838" WIDTH="760" HEIGHT="28">
						<TextLine ID="line_11" HPOS="158" VPOS="838" WIDTH="760" HEIGHT="28">
							<String ID="string_70" HPOS="158" VPOS="838" WIDTH="67" HEIGHT="22" WC="0.93" CONTENT="Detta"/><SP WIDTH="15" VPOS="838" HPOS="225"/>
							<String ID="string_71" HPOS="240" VPOS="838" WIDTH="134" HEIGHT="22" WC="0.92" CONTENT="betänkande"/><SP WIDTH="21" VPOS="838" HPOS="374"/>
							<String ID="string_72" HPOS="395" VPOS="838" WIDTH="115" HEIGHT="22" WC="0.92" CONTENT="bordlades"/><SP WIDTH="16" VPOS="838" HPOS="510"/>
							<String ID="string_73" HPOS="526" VPOS="838" WIDTH="33" HEIGHT="22" WC="0.93" CONTENT="till"/><SP WIDTH="16" VPOS="838" HPOS="559"/>
							<String ID="string_74" HPOS="575" VPOS="839" WIDTH="118" HEIGHT="27" WC="0.92" CONTENT="mändagen"/><SP WIDTH="17" VPOS="839" HPOS="693"/>
							<String ID="string_75" HPOS="710" VPOS="839" WIDTH="39" HEIGHT="21" WC="0.96" CONTENT="den"/><SP WIDTH="16" VPOS="839" HPOS="749"/>
							<String ID="string_76" HPOS="765" VPOS="840" WIDTH="12" HEIGHT="20" WC="0.96" CONTENT="3"/><SP WIDTH="17" VPOS="840" HPOS="777"/>
							<String ID="string_77" HPOS="794" VPOS="838" WIDTH="124" HEIGHT="22" WC="0.95" CONTENT="December."/>
						</TextLine>
					</TextBlock>
				</ComposedBlock>
				<ComposedBlock ID="cblock_7" HPOS="88" VPOS="992" WIDTH="832" HEIGHT="56">
					<TextBlock ID="block_6" HPOS="88" VPOS="992" WIDTH="832" HEIGHT="56">
						<TextLine ID="line_12" HPOS="158" VPOS="992" WIDTH="762" HEIGHT="27">
							<String ID="string_78" HPOS="158" VPOS="992" WIDTH="120" HEIGHT="22" WC="0.92" CONTENT="Fortsattes"/><SP WIDTH="23" VPOS="992" HPOS="278"/>
							<String ID="string_79" HPOS="301" VPOS="993" WIDTH="40" HEIGHT="21" WC="0.96" CONTENT="den"/><SP WIDTH="23" VPOS="993" HPOS="341"/>
							<String ID="string_80" HPOS="364" VPOS="993" WIDTH="33" HEIGHT="20" WC="0.93" CONTENT="vid"/><SP WIDTH="23" VPOS="993" HPOS="397"/>
							<String ID="string_81" HPOS="420" VPOS="993" WIDTH="120" HEIGHT="26" WC="0.91" CONTENT="gärdagens"/><SP WIDTH="21" VPOS="993" HPOS="540"/>
							<String ID="string_82" HPOS="561" VPOS="992" WIDTH="239" HEIGHT="27" WC="0.91" CONTENT="eftermiddagsplenum"/><SP WIDTH="18" VPOS="992" HPOS="800"/>
							<String ID="string_83" HPOS="818" VPOS="992" WIDTH="102" HEIGHT="21" WC="0.93" CONTENT="afbrutna"/>
						</TextLine>
						<TextLine ID="line_13" HPOS="88" VPOS="1020" WIDTH="831" HEIGHT="28">
							<String ID="string_84" HPOS="88" VPOS="1020" WIDTH="186" HEIGHT="28" WC="0.96" CONTENT="handläggningen"/><SP WIDTH="21" VPOS="1020" HPOS="274"/>
							<String ID="string_85" HPOS="295" VPOS="1021" WIDTH="22" HEIGHT="21" WC="0.93" CONTENT="af"/><SP WIDTH="12" VPOS="1021" HPOS="317"/>
							<String ID="string_86" HPOS="329" VPOS="1022" WIDTH="223" HEIGHT="26" WC="0.92" CONTENT="Jernvägsutskottets"/><SP WIDTH="22" VPOS="1022" HPOS="552"/>
							<String ID="string_87" HPOS="574" VPOS="1021" WIDTH="150" HEIGHT="22" WC="0.93" CONTENT="betänkanden"/><SP WIDTH="18" VPOS="1021" HPOS="724"/>
							<String ID="string_88" HPOS="742" VPOS="1021" WIDTH="56" HEIGHT="22" WC="0.92" CONTENT="N:ris"/><SP WIDTH="18" VPOS="1021" HPOS="798"/>
							<String ID="string_89" HPOS="816" VPOS="1022" WIDTH="8" HEIGHT="20" WC="0.95" CONTENT="1"/><SP WIDTH="19" VPOS="1022" HPOS="824"/>
							<String ID="string_90" HPOS="843" VPOS="1021" WIDTH="40" HEIGHT="22" WC="0.96" CONTENT="och"/><SP WIDTH="16" VPOS="1021" HPOS="883"/>
							<String ID="string_91" HPOS="899" VPOS="1021" WIDTH="20" HEIGHT="22" WC="0.95" CONTENT="3."/>
						</TextLine>
					</TextBlock>
				</ComposedBlock>
				<ComposedBlock ID="cblock_8" HPOS="89" VPOS="1078" WIDTH="831" HEIGHT="51">
					<TextBlock ID="block_7" HPOS="89" VPOS="1078" WIDTH="831" HEIGHT="51">
						<TextLine ID="line_14" HPOS="159" VPOS="1078" WIDTH="761" HEIGHT="27">
							<String ID="string_92" HPOS="159" VPOS="1078" WIDTH="82" HEIGHT="21" WC="0.93" CONTENT="Härvid"/><SP WIDTH="16" VPOS="1078" HPOS="241"/>
							<String ID="string_93" HPOS="257" VPOS="1079" WIDTH="168" HEIGHT="21" WC="0.91" CONTENT="öfverlämnades"/><SP WIDTH="16" VPOS="1079" HPOS="425"/>
							<String ID="string_94" HPOS="441" VPOS="1079" WIDTH="32" HEIGHT="20" WC="0.93" CONTENT="till"/><SP WIDTH="18" VPOS="1079" HPOS="473"/>
							<String ID="string_95" HPOS="491" VPOS="1079" WIDTH="120" HEIGHT="21" WC="0.91" CONTENT="diskussion"/><SP WIDTH="16" VPOS="1079" HPOS="611"/>
							<String ID="string_96" HPOS="627" VPOS="1079" WIDTH="37" HEIGHT="21" WC="0.96" CONTENT="det"/><SP WIDTH="9" VPOS="1079" HPOS="664"/>
							<String ID="string_97" HPOS="673" VPOS="1079" WIDTH="52" HEIGHT="21" WC="0.93" CONTENT="sista"/><SP WIDTH="11" VPOS="1079" HPOS="725"/>
							<String ID="string_98" HPOS="736" VPOS="1078" WIDTH="184" HEIGHT="27" WC="0.91" CONTENT="förslagsmomen-"/>
						</TextLine>
						<TextLine ID="line_15" HPOS="89" VPOS="1107" WIDTH="437" HEIGHT="22">
							<String ID="string_99" HPOS="89" VPOS="1109" WIDTH="33" HEIGHT="19" WC="0.89" CONTENT="tet"/><SP WIDTH="14" VPOS="1109" HPOS="122"/>
							<String ID="string_100" HPOS="136" VPOS="1107" WIDTH="13" HEIGHT="20" WC="0.89" CONTENT="&amp;"/><SP WIDTH="15" VPOS="1107" HPOS="149"/>
							<String ID="string_101" HPOS="164" VPOS="1107" WIDTH="41" HEIGHT="21" WC="0.96" CONTENT="sid."/><SP WIDTH="17" VPOS="1107" HPOS="205"/>
							<String ID="string_102" HPOS="222" VPOS="1108" WIDTH="26" HEIGHT="20" WC="0.96" CONTENT="53"/><SP WIDTH="15" VPOS="1108" HPOS="248"/>
							<String ID="string_103" HPOS="263" VPOS="1107" WIDTH="8" HEIGHT="21" WC="0.92" CONTENT="i"/><SP WIDTH="15" VPOS="1107" HPOS="271"/>
							<String ID="string_104" HPOS="286" VPOS="1107" WIDTH="148" HEIGHT="22" WC="0.91" CONTENT="betänkandet"/><SP WIDTH="15" VPOS="1107" HPOS="434"/>
							<String ID="string_105" HPOS="449" VPOS="1107" WIDTH="40" HEIGHT="22" WC="0.87" CONTENT="N:o"/><SP WIDTH="18" VPOS="1107" HPOS="489"/>
							<String ID="string_106" HPOS="507" VPOS="1108" WIDTH="19" HEIGHT="20" WC="0.96" CONTENT="1."/>
						</TextLine>
					</TextBlock>
				</ComposedBlock>
				<ComposedBlock ID="cblock_9" HPOS="159" VPOS="1164" WIDTH="225" HEIGHT="27">
					<TextBlock ID="block_8" HPOS="159" VPOS="1164" WIDTH="225" HEIGHT="27">
						<TextLine ID="line_16" HPOS="159" VPOS="1164" WIDTH="225" HEIGHT="27">
							<String ID="string_107" HPOS="159" VPOS="1164" WIDTH="68" HEIGHT="21" WC="0.91" CONTENT="Ordet"/><SP WIDTH="15" VPOS="1164" HPOS="227"/>
							<String ID="string_108" HPOS="242" VPOS="1164" WIDTH="103" HEIGHT="27" WC="0.92" CONTENT="begärdes"/><SP WIDTH="17" VPOS="1164" HPOS="345"/>
							<String ID="string_109" HPOS="362" VPOS="1164" WIDTH="22" HEIGHT="22" WC="0.96" CONTENT="af"/>
						</TextLine>
					</TextBlock>
				</ComposedBlock>
				<ComposedBlock ID="cblock_10" HPOS="88" VPOS="1220" WIDTH="835" HEIGHT="314">
					<TextBlock ID="block_9" HPOS="88" VPOS="1220" WIDTH="835" HEIGHT="314">
						<TextLine ID="line_17" HPOS="159" VPOS="1220" WIDTH="763" HEIGHT="29">
							<String ID="string_110" HPOS="159" VPOS="1220" WIDTH="58" HEIGHT="22" WC="0.95" CONTENT="Herr"/><SP WIDTH="15" VPOS="1220" HPOS="217"/>
							<String ID="string_111" HPOS="232" VPOS="1221" WIDTH="32" HEIGHT="22" WC="0.93" CONTENT="W."/><SP WIDTH="17" VPOS="1221" HPOS="264"/>
							<String ID="string_112" HPOS="281" VPOS="1221" WIDTH="108" HEIGHT="28" WC="0.53" CONTENT="Nyst6n,"/><SP WIDTH="17" VPOS="1221" HPOS="389"/>
							<String ID="string_113" HPOS="406" VPOS="1228" WIDTH="45" HEIGHT="15" WC="0.93" CONTENT="som"/><SP WIDTH="15" VPOS="1228" HPOS="451"/>
							<String ID="string_114" HPOS="466" VPOS="1221" WIDTH="95" HEIGHT="28" WC="0.96" CONTENT="yttrade:"/><SP WIDTH="24" VPOS="1221" HPOS="561"/>
							<String ID="string_115" HPOS="585" VPOS="1222" WIDTH="34" HEIGHT="21" WC="0.96" CONTENT="Då"/><SP WIDTH="15" VPOS="1222" HPOS="619"/>
							<String ID="string_116" HPOS="634" VPOS="1222" WIDTH="23" HEIGHT="21" WC="0.93" CONTENT="af"/><SP WIDTH="9" VPOS="1222" HPOS="657"/>
							<String ID="string_117" HPOS="666" VPOS="1221" WIDTH="177" HEIGHT="22" WC="0.92" CONTENT="Statsutskottets"/><SP WIDTH="11" VPOS="1221" HPOS="843"/>
							<String ID="string_118" HPOS="854" VPOS="1220" WIDTH="68" HEIGHT="22" WC="0.97" CONTENT="under"/>
						</TextLine>
						<TextLine ID="line_18" HPOS="90" VPOS="1249" WIDTH="831" HEIGHT="28">
							<String ID="string_119" HPOS="90" VPOS="1249" WIDTH="109" HEIGHT="28" WC="0.91" CONTENT="gärdagen"/><SP WIDTH="16" VPOS="1249" HPOS="199"/>
							<String ID="string_120" HPOS="215" VPOS="1250" WIDTH="99" HEIGHT="21" WC="0.92" CONTENT="utdelade"/><SP WIDTH="16" VPOS="1250" HPOS="314"/>
							<String ID="string_121" HPOS="330" VPOS="1251" WIDTH="134" HEIGHT="20" WC="0.92" CONTENT="betänkande"/><SP WIDTH="17" VPOS="1251" HPOS="464"/>
							<String ID="string_122" HPOS="481" VPOS="1251" WIDTH="95" HEIGHT="26" WC="0.92" CONTENT="framgär"/><SP WIDTH="13" VPOS="1251" HPOS="576"/>
							<String ID="string_123" HPOS="589" VPOS="1253" WIDTH="32" HEIGHT="18" WC="0.96" CONTENT="att"/><SP WIDTH="17" VPOS="1253" HPOS="621"/>
							<String ID="string_124" HPOS="638" VPOS="1251" WIDTH="1" HEIGHT="20" WC="0.92" CONTENT="i"/><SP WIDTH="11" VPOS="1251" HPOS="639"/>
							<String ID="string_125" HPOS="650" VPOS="1249" WIDTH="271" HEIGHT="22" WC="0.92" CONTENT="kommunikationsfonden"/>
						</TextLine>
						<TextLine ID="line_19" HPOS="90" VPOS="1278" WIDTH="831" HEIGHT="28">
							<String ID="string_126" HPOS="90" VPOS="1278" WIDTH="36" HEIGHT="21" WC="0.92" CONTENT="vid"/><SP WIDTH="14" VPOS="1278" HPOS="126"/>
							<String ID="string_127" HPOS="140" VPOS="1278" WIDTH="144" HEIGHT="22" WC="0.96" CONTENT="innevarande"/><SP WIDTH="16" VPOS="1278" HPOS="284"/>
							<String ID="string_128" HPOS="300" VPOS="1279" WIDTH="34" HEIGHT="21" WC="0.96" CONTENT="års"/><SP WIDTH="15" VPOS="1279" HPOS="334"/>
							<String ID="string_129" HPOS="349" VPOS="1280" WIDTH="80" HEIGHT="26" WC="0.96" CONTENT="utgång"/><SP WIDTH="16" VPOS="1280" HPOS="429"/>
							<String ID="string_130" HPOS="445" VPOS="1279" WIDTH="67" HEIGHT="21" WC="0.96" CONTENT="finnes"/><SP WIDTH="14" VPOS="1279" HPOS="512"/>
							<String ID="string_131" HPOS="526" VPOS="1285" WIDTH="25" HEIGHT="15" WC="0.93" CONTENT="en"/><SP WIDTH="14" VPOS="1285" HPOS="551"/>
							<String ID="string_132" HPOS="565" VPOS="1279" WIDTH="122" HEIGHT="26" WC="0.96" CONTENT="behållning"/><SP WIDTH="11" VPOS="1279" HPOS="687"/>
							<String ID="string_133" HPOS="698" VPOS="1279" WIDTH="22" HEIGHT="21" WC="0.93" CONTENT="af"/><SP WIDTH="10" VPOS="1279" HPOS="720"/>
							<String ID="string_134" HPOS="730" VPOS="1279" WIDTH="113" HEIGHT="25" WC="0.92" CONTENT="8,600,000"/><SP WIDTH="11" VPOS="1279" HPOS="843"/>
							<String ID="string_135" HPOS="854" VPOS="1278" WIDTH="67" HEIGHT="26" WC="0.96" CONTENT="mark,"/>
						</TextLine>
						<TextLine ID="line_20" HPOS="90" VPOS="1306" WIDTH="832" HEIGHT="28">
							<String ID="string_136" HPOS="90" VPOS="1306" WIDTH="86" HEIGHT="21" WC="0.91" CONTENT="hvilken"/><SP WIDTH="19" VPOS="1306" HPOS="176"/>
							<String ID="string_137" HPOS="195" VPOS="1307" WIDTH="80" HEIGHT="26" WC="0.92" CONTENT="ärligen"/><SP WIDTH="17" VPOS="1307" HPOS="275"/>
							<String ID="string_138" HPOS="292" VPOS="1308" WIDTH="51" HEIGHT="21" WC="0.92" CONTENT="ökas"/><SP WIDTH="16" VPOS="1308" HPOS="343"/>
							<String ID="string_139" HPOS="359" VPOS="1309" WIDTH="47" HEIGHT="20" WC="0.93" CONTENT="med"/><SP WIDTH="17" VPOS="1309" HPOS="406"/>
							<String ID="string_140" HPOS="423" VPOS="1308" WIDTH="114" HEIGHT="26" WC="0.92" CONTENT="2,000,000"/><SP WIDTH="15" VPOS="1308" HPOS="537"/>
							<String ID="string_141" HPOS="552" VPOS="1308" WIDTH="69" HEIGHT="25" WC="0.96" CONTENT="mark,"/><SP WIDTH="16" VPOS="1308" HPOS="621"/>
							<String ID="string_142" HPOS="637" VPOS="1307" WIDTH="39" HEIGHT="22" WC="0.96" CONTENT="och"/><SP WIDTH="17" VPOS="1307" HPOS="676"/>
							<String ID="string_143" HPOS="693" VPOS="1308" WIDTH="27" HEIGHT="21" WC="0.96" CONTENT="dä"/><SP WIDTH="15" VPOS="1308" HPOS="720"/>
							<String ID="string_144" HPOS="735" VPOS="1307" WIDTH="35" HEIGHT="22" WC="0.93" CONTENT="det"/><SP WIDTH="15" VPOS="1307" HPOS="770"/>
							<String ID="string_145" HPOS="785" VPOS="1306" WIDTH="89" HEIGHT="22" WC="0.92" CONTENT="sälunda"/><SP WIDTH="15" VPOS="1306" HPOS="874"/>
							<String ID="string_146" HPOS="889" VPOS="1312" WIDTH="33" HEIGHT="15" WC="0.93" CONTENT="re-"/>
						</TextLine>
						<TextLine ID="line_21" HPOS="90" VPOS="1335" WIDTH="832" HEIGHT="28">
							<String ID="string_147" HPOS="90" VPOS="1335" WIDTH="42" HEIGHT="21" WC="0.91" CONTENT="dan"/><SP WIDTH="23" VPOS="1335" HPOS="132"/>
							<String ID="string_148" HPOS="155" VPOS="1335" WIDTH="67" HEIGHT="22" WC="0.94" CONTENT="finnes"/><SP WIDTH="23" VPOS="1335" HPOS="222"/>
							<String ID="string_149" HPOS="245" VPOS="1337" WIDTH="68" HEIGHT="20" WC="0.95" CONTENT="medel"/><SP WIDTH="24" VPOS="1337" HPOS="313"/>
							<String ID="string_150" HPOS="337" VPOS="1337" WIDTH="32" HEIGHT="20" WC="0.93" CONTENT="till"/><SP WIDTH="23" VPOS="1337" HPOS="369"/>
							<String ID="string_151" HPOS="392" VPOS="1337" WIDTH="132" HEIGHT="26" WC="0.90" CONTENT="päbörjande"/><SP WIDTH="19" VPOS="1337" HPOS="524"/>
							<String ID="string_152" HPOS="543" VPOS="1337" WIDTH="23" HEIGHT="20" WC="0.96" CONTENT="af"/><SP WIDTH="17" VPOS="1337" HPOS="566"/>
							<String ID="string_153" HPOS="583" VPOS="1337" WIDTH="39" HEIGHT="20" WC="0.93" CONTENT="den"/><SP WIDTH="15" VPOS="1337" HPOS="622"/>
							<String ID="string_154" HPOS="637" VPOS="1335" WIDTH="233" HEIGHT="28" WC="0.92" CONTENT="jernvägsanläggning,"/><SP WIDTH="17" VPOS="1335" HPOS="870"/>
							<String ID="string_155" HPOS="887" VPOS="1341" WIDTH="35" HEIGHT="15" WC="0.96" CONTENT="om"/>
						</TextLine>
						<TextLine ID="line_22" HPOS="90" VPOS="1363" WIDTH="832" HEIGHT="29">
							<String ID="string_156" HPOS="90" VPOS="1363" WIDTH="63" HEIGHT="21" WC="0.90" CONTENT="hvars"/><SP WIDTH="22" VPOS="1363" HPOS="153"/>
							<String ID="string_157" HPOS="175" VPOS="1364" WIDTH="114" HEIGHT="22" WC="0.90" CONTENT="utförande"/><SP WIDTH="21" VPOS="1364" HPOS="289"/>
							<String ID="string_158" HPOS="310" VPOS="1365" WIDTH="181" HEIGHT="26" WC="0.92" CONTENT="Borgareständet"/><SP WIDTH="15" VPOS="1365" HPOS="491"/>
							<String ID="string_159" HPOS="506" VPOS="1365" WIDTH="68" HEIGHT="21" WC="0.93" CONTENT="under"/><SP WIDTH="15" VPOS="1365" HPOS="574"/>
							<String ID="string_160" HPOS="589" VPOS="1365" WIDTH="108" HEIGHT="27" WC="0.92" CONTENT="gärdagen"/><SP WIDTH="16" VPOS="1365" HPOS="697"/>
							<String ID="string_161" HPOS="713" VPOS="1365" WIDTH="92" HEIGHT="26" WC="0.92" CONTENT="beslutit,"/><SP WIDTH="15" VPOS="1365" HPOS="805"/>
							<String ID="string_162" HPOS="820" VPOS="1363" WIDTH="24" HEIGHT="22" WC="0.96" CONTENT="sä"/><SP WIDTH="16" VPOS="1363" HPOS="844"/>
							<String ID="string_163" HPOS="860" VPOS="1369" WIDTH="62" HEIGHT="16" WC="0.96" CONTENT="anser"/>
						</TextLine>
						<TextLine ID="line_23" HPOS="88" VPOS="1392" WIDTH="834" HEIGHT="29">
							<String ID="string_164" HPOS="88" VPOS="1392" WIDTH="37" HEIGHT="27" WC="0.96" CONTENT="jag"/><SP WIDTH="15" VPOS="1392" HPOS="125"/>
							<String ID="string_165" HPOS="140" VPOS="1394" WIDTH="33" HEIGHT="19" WC="0.96" CONTENT="att"/><SP WIDTH="21" VPOS="1394" HPOS="173"/>
							<String ID="string_166" HPOS="194" VPOS="1393" WIDTH="70" HEIGHT="22" WC="0.93" CONTENT="denna"/><SP WIDTH="15" VPOS="1393" HPOS="264"/>
							<String ID="string_167" HPOS="279" VPOS="1394" WIDTH="230" HEIGHT="27" WC="0.92" CONTENT="jernvägsanläggning"/><SP WIDTH="15" VPOS="1394" HPOS="509"/>
							<String ID="string_168" HPOS="524" VPOS="1393" WIDTH="153" HEIGHT="28" WC="0.91" CONTENT="ofördröjligen"/><SP WIDTH="16" VPOS="1393" HPOS="677"/>
							<String ID="string_169" HPOS="693" VPOS="1394" WIDTH="39" HEIGHT="21" WC="0.93" CONTENT="bör"/><SP WIDTH="16" VPOS="1394" HPOS="732"/>
							<String ID="string_170" HPOS="748" VPOS="1393" WIDTH="106" HEIGHT="27" WC="0.92" CONTENT="päbörjas."/><SP WIDTH="30" VPOS="1393" HPOS="854"/>
							<String ID="string_171" HPOS="884" VPOS="1393" WIDTH="38" HEIGHT="20" WC="0.96" CONTENT="Ett"/>
						</TextLine>
						<TextLine ID="line_24" HPOS="90" VPOS="1421" WIDTH="833" HEIGHT="28">
							<String ID="string_172" HPOS="90" VPOS="1421" WIDTH="78" HEIGHT="26" WC="0.92" CONTENT="belopp"/><SP WIDTH="23" VPOS="1421" HPOS="168"/>
							<String ID="string_173" HPOS="191" VPOS="1421" WIDTH="25" HEIGHT="21" WC="0.96" CONTENT="af"/><SP WIDTH="21" VPOS="1421" HPOS="216"/>
							<String ID="string_174" HPOS="237" VPOS="1422" WIDTH="27" HEIGHT="21" WC="0.93" CONTENT="18"/><SP WIDTH="20" VPOS="1422" HPOS="264"/>
							<String ID="string_175" HPOS="284" VPOS="1422" WIDTH="104" HEIGHT="22" WC="0.92" CONTENT="millioner"/><SP WIDTH="15" VPOS="1422" HPOS="388"/>
							<String ID="string_176" HPOS="403" VPOS="1422" WIDTH="68" HEIGHT="21" WC="0.92" CONTENT="finnes"/><SP WIDTH="17" VPOS="1422" HPOS="471"/>
							<String ID="string_177" HPOS="488" VPOS="1422" WIDTH="90" HEIGHT="21" WC="0.92" CONTENT="sälunda"/><SP WIDTH="16" VPOS="1422" HPOS="578"/>
							<String ID="string_178" HPOS="594" VPOS="1422" WIDTH="129" HEIGHT="27" WC="0.92" CONTENT="disponibelt"/><SP WIDTH="14" VPOS="1422" HPOS="723"/>
							<String ID="string_179" HPOS="737" VPOS="1422" WIDTH="68" HEIGHT="21" WC="0.96" CONTENT="under"/><SP WIDTH="14" VPOS="1422" HPOS="805"/>
							<String ID="string_180" HPOS="819" VPOS="1422" WIDTH="27" HEIGHT="21" WC="0.93" CONTENT="de"/><SP WIDTH="16" VPOS="1422" HPOS="846"/>
							<String ID="string_181" HPOS="862" VPOS="1421" WIDTH="61" HEIGHT="21" WC="0.92" CONTENT="kom-"/>
						</TextLine>
						<TextLine ID="line_25" HPOS="90" VPOS="1450" WIDTH="833" HEIGHT="28">
							<String ID="string_182" HPOS="90" VPOS="1450" WIDTH="77" HEIGHT="21" WC="0.96" CONTENT="mande"/><SP WIDTH="23" VPOS="1450" HPOS="167"/>
							<String ID="string_183" HPOS="190" VPOS="1450" WIDTH="42" HEIGHT="21" WC="0.86" CONTENT="fem"/><SP WIDTH="24" VPOS="1450" HPOS="232"/>
							<String ID="string_184" HPOS="256" VPOS="1451" WIDTH="52" HEIGHT="21" WC="0.96" CONTENT="åren"/><SP WIDTH="23" VPOS="1451" HPOS="308"/>
							<String ID="string_185" HPOS="331" VPOS="1451" WIDTH="40" HEIGHT="21" WC="0.96" CONTENT="och"/><SP WIDTH="22" VPOS="1451" HPOS="371"/>
							<String ID="string_186" HPOS="393" VPOS="1452" WIDTH="35" HEIGHT="20" WC="0.96" CONTENT="det"/><SP WIDTH="20" VPOS="1452" HPOS="428"/>
							<String ID="string_187" HPOS="448" VPOS="1451" WIDTH="40" HEIGHT="21" WC="0.93" CONTENT="bör"/><SP WIDTH="15" VPOS="1451" HPOS="488"/>
							<String ID="string_188" HPOS="503" VPOS="1451" WIDTH="84" HEIGHT="21" WC="0.96" CONTENT="således"/><SP WIDTH="16" VPOS="1451" HPOS="587"/>
							<String ID="string_189" HPOS="603" VPOS="1451" WIDTH="18" HEIGHT="27" WC="0.95" CONTENT="ej"/><SP WIDTH="17" VPOS="1451" HPOS="621"/>
							<String ID="string_190" HPOS="638" VPOS="1451" WIDTH="29" HEIGHT="21" WC="0.93" CONTENT="bli"/><SP WIDTH="16" VPOS="1451" HPOS="667"/>
							<String ID="string_191" HPOS="683" VPOS="1451" WIDTH="59" HEIGHT="21" WC="0.96" CONTENT="svårt"/><SP WIDTH="15" VPOS="1451" HPOS="742"/>
							<String ID="string_192" HPOS="757" VPOS="1453" WIDTH="32" HEIGHT="19" WC="0.93" CONTENT="att"/><SP WIDTH="15" VPOS="1453" HPOS="789"/>
							<String ID="string_193" HPOS="804" VPOS="1450" WIDTH="119" HEIGHT="27" WC="0.92" CONTENT="hopbringa"/>
						</TextLine>
						<TextLine ID="line_26" HPOS="90" VPOS="1478" WIDTH="833" HEIGHT="28">
							<String ID="string_194" HPOS="90" VPOS="1478" WIDTH="41" HEIGHT="21" WC="0.96" CONTENT="den"/><SP WIDTH="22" VPOS="1478" HPOS="131"/>
							<String ID="string_195" HPOS="153" VPOS="1485" WIDTH="90" HEIGHT="18" WC="0.96" CONTENT="summa,"/><SP WIDTH="16" VPOS="1485" HPOS="243"/>
							<String ID="string_196" HPOS="259" VPOS="1485" WIDTH="45" HEIGHT="15" WC="0.93" CONTENT="som"/><SP WIDTH="24" VPOS="1485" HPOS="304"/>
							<String ID="string_197" HPOS="328" VPOS="1481" WIDTH="154" HEIGHT="25" WC="0.88" CONTENT="anläggningen"/><SP WIDTH="24" VPOS="1481" HPOS="482"/>
							<String ID="string_198" HPOS="506" VPOS="1480" WIDTH="107" HEIGHT="20" WC="0.96" CONTENT="beräknas"/><SP WIDTH="22" VPOS="1480" HPOS="613"/>
							<String ID="string_199" HPOS="635" VPOS="1480" WIDTH="86" HEIGHT="20" WC="0.96" CONTENT="komma"/><SP WIDTH="18" VPOS="1480" HPOS="721"/>
							<String ID="string_200" HPOS="739" VPOS="1481" WIDTH="32" HEIGHT="19" WC="0.96" CONTENT="att"/><SP WIDTH="16" VPOS="1481" HPOS="771"/>
							<String ID="string_201" HPOS="787" VPOS="1479" WIDTH="71" HEIGHT="21" WC="0.93" CONTENT="kosta:"/><SP WIDTH="17" VPOS="1479" HPOS="858"/>
							<String ID="string_202" HPOS="875" VPOS="1479" WIDTH="48" HEIGHT="20" WC="0.92" CONTENT="när-"/>
						</TextLine>
						<TextLine ID="line_27" HPOS="90" VPOS="1506" WIDTH="833" HEIGHT="28">
							<String ID="string_203" HPOS="90" VPOS="1512" WIDTH="58" HEIGHT="16" WC="0.91" CONTENT="mare"/><SP WIDTH="25" VPOS="1512" HPOS="148"/>
							<String ID="string_204" HPOS="173" VPOS="1508" WIDTH="159" HEIGHT="26" WC="0.91" CONTENT="bestämningar"/><SP WIDTH="21" VPOS="1508" HPOS="332"/>
							<String ID="string_205" HPOS="353" VPOS="1508" WIDTH="74" HEIGHT="22" WC="0.92" CONTENT="härom"/><SP WIDTH="20" VPOS="1508" HPOS="427"/>
							<String ID="string_206" HPOS="447" VPOS="1508" WIDTH="62" HEIGHT="22" WC="0.96" CONTENT="torde"/><SP WIDTH="17" VPOS="1508" HPOS="509"/>
							<String ID="string_207" HPOS="526" VPOS="1508" WIDTH="54" HEIGHT="22" WC="0.96" CONTENT="dock"/><SP WIDTH="15" VPOS="1508" HPOS="580"/>
							<String ID="string_208" HPOS="595" VPOS="1508" WIDTH="87" HEIGHT="22" WC="0.96" CONTENT="komma"/><SP WIDTH="15" VPOS="1508" HPOS="682"/>
							<String ID="string_209" HPOS="697" VPOS="1510" WIDTH="33" HEIGHT="19" WC="0.93" CONTENT="att"/><SP WIDTH="15" VPOS="1510" HPOS="730"/>
							<String ID="string_210" HPOS="745" VPOS="1508" WIDTH="50" HEIGHT="21" WC="0.91" CONTENT="bero"/><SP WIDTH="16" VPOS="1508" HPOS="795"/>
							<String ID="string_211" HPOS="811" VPOS="1507" WIDTH="28" HEIGHT="27" WC="0.93" CONTENT="pä"/><SP WIDTH="16" VPOS="1507" HPOS="839"/>
							<String ID="string_212" HPOS="855" VPOS="1506" WIDTH="68" HEIGHT="22" WC="0.93" CONTENT="Stats-"/>
						</TextLine>
					</TextBlock>
				</ComposedBlock>
				<ComposedBlock ID="cblock_11" HPOS="821" VPOS="1546" WIDTH="33" HEIGHT="18">
					<TextBlock ID="block_10" HPOS="821" VPOS="1546" WIDTH="33" HEIGHT="18">
						<TextLine ID="line_28" HPOS="821" VPOS="1546" WIDTH="33" HEIGHT="18">
							<String ID="string_213" HPOS="821" VPOS="1546" WIDTH="33" HEIGHT="18" WC="0.96" CONTENT="125"/>
						</TextLine>
					</TextBlock>
				</ComposedBlock>
				<GraphicalElement ID="cblock_12" HPOS="1103" VPOS="1009" WIDTH="6" HEIGHT="324"></GraphicalElement >
			</PrintSpace>
		</Page>
	</Layout>
</alto>
