1109 1786
191 118 55 22 1862
385 123 180 22 Borgareståndet
577 124 55 17 1877.
654 125 27 16 24
693 124 122 18 November.

189 192 112 22 förelsevis
315 192 66 27 ringa,
397 193 40 21 och
452 192 37 22 vill
504 194 33 20 att
553 193 154 27 tjenstebjonet
723 193 56 21 skall
794 192 22 22 få
831 195 32 20 ett
874 193 61 27 ringa
945 199 77 16 ansvar

189 227 46 16 som
251 221 28 27 på
294 221 54 21 intet
363 223 44 20 sätt
429 223 109 25 uppväger
559 222 39 21 den
615 221 94 22 inkomst
724 221 43 22 han
782 221 68 22 under
865 221 58 22 tiden
940 221 82 22 kunnat

188 249 108 22 förvärfva
312 250 38 26 sig.
380 250 44 21 För
439 249 44 22 min
499 250 34 21 del
548 251 42 21 kan
604 251 37 26 jag
656 250 47 21 icke
719 252 66 19 annat
801 252 26 19 än
843 250 91 27 beklaga
950 257 26 14 en
988 250 34 21 så-

189 278 43 21 dan
247 277 118 27 filantropi.
395 279 46 20 Den
458 281 25 18 är
497 279 126 25 emellertid,
641 281 78 25 tyvärr,
736 281 32 19 ett
783 278 88 27 sjukligt
883 278 139 26 förhållande,

188 312 47 16 som
250 306 69 22 under
334 306 62 22 dessa
411 307 55 21 tider
481 307 74 27 tyckes
569 307 50 27 vilja
635 309 52 25 göra
702 308 32 26 sig
750 313 45 15 mer
810 307 40 21 och
861 313 45 15 mer
916 306 105 27 gällande.

189 335 57 23 Herr
270 334 127 28 Tengström
418 336 39 20 har
481 336 65 22 redan
570 336 117 21 framhällit
709 336 26 21 de
757 336 53 25 skäl,
827 342 45 15 som
888 335 44 21 tala
947 336 27 26 pä
990 338 32 19 ett

189 363 152 27 Ofvertygande
365 366 43 19 sätt
428 364 33 21 för
477 366 32 19 att
531 365 59 21 detta
606 365 73 21 oskick
695 364 40 22 bör
749 364 81 27 stäfjas.
862 364 42 21 Det
919 364 103 22 kontrakt

189 398 47 16 som
251 398 27 15 en
301 392 82 27 tjenare
403 392 118 23 tillsvidare
536 394 39 20 hos
591 399 34 15 oss
641 393 60 27 ingär
716 393 49 21 med
781 393 32 21 sin
829 392 117 26 husbonde,
962 394 24 20 är
1002 393 18 27 ej

189 423 32 19 ett
242 422 49 20 rent
313 421 150 27 civilrättsligt.
493 421 74 22 Skulle
589 422 60 21 detta
672 428 51 15 vara
738 421 152 25 förhällandet,
906 422 24 20 sä
945 422 76 25 skulle,

188 449 71 21 säsom
268 450 56 20 Herr
338 450 125 26 Tengström
479 450 66 22 redan
561 450 106 25 anmärkt,
675 450 46 22 icke
731 450 67 26 nägot
808 450 152 26 lagstadgande
970 456 52 15 vara

189 478 143 26 erforderligt.
362 479 67 21 Detta
451 479 103 21 kontrakt
579 481 25 19 är
619 478 118 22 emellertid
753 478 22 22 af
789 478 46 22 helt
850 484 70 16 annan
936 478 85 22 beskaf-

189 506 74 22 fenhet
286 507 40 21 och
349 509 31 19 ett
403 507 103 28 brytande
522 510 45 19 mot
589 508 59 21 detta
663 507 53 22 aftal
731 508 43 20 kan
790 507 84 21 derföre
890 507 49 21 icke
954 507 67 21 heller

189 535 137 22 subsumeras
341 536 68 21 under
423 536 85 27 vanliga
523 536 126 28 rättsreglor
665 536 35 21 vid
715 536 121 26 kränkning
852 535 52 22 eller
916 536 104 26 brytande

189 564 24 21 af
227 566 31 20 ett
273 564 81 28 vanligt
375 564 157 23 civilkontrakt.
563 565 38 22 Att
617 564 83 22 utöfver
716 565 27 21 de
757 564 48 22 skäl
821 564 56 22 Herr
894 564 126 27 Tengström

189 593 68 21 redan
282 593 71 21 anfört
374 593 88 27 tillägga
484 594 73 25 andra,
581 600 62 15 anser
656 594 38 26 jag
709 600 52 14 vara
777 593 94 26 onödigt.
902 593 40 27 Jag
958 593 63 27 hyser

189 622 106 26 nemligen
318 621 41 22 den
381 622 162 27 öfvertygelsen,
567 624 33 20 att
622 622 129 21 ätminstone
768 622 26 20 de
811 622 23 20 af
848 621 100 22 Ständets
964 621 57 21 med-

189 650 96 26 lemmar,
309 656 45 16 som
378 652 37 20 äro
439 650 45 22 från
507 652 67 20 andra
595 652 59 20 orter
669 652 27 20 än
712 651 71 21 denna
797 650 56 26 stad,
869 650 63 21 hafva
947 650 75 21 vunnit

189 678 118 28 tillräcklig
329 678 65 28 insigt
416 680 23 20 af
459 680 26 21 de
504 680 62 21 svåra
585 679 144 27 olägenheter,
746 685 46 15 som
809 679 97 27 uppstått
921 678 32 21 till
968 678 53 28 följd

189 707 62 21 deraf
265 710 32 18 att
312 713 29 15 nu
356 707 98 27 gällande
470 708 117 27 stadgande
602 709 7 20 i
621 708 59 21 detta
688 708 101 21 afseende
797 708 56 21 varit
861 707 72 21 alltför
940 707 81 27 slappa.

188 736 43 26 Jag
254 736 37 21 vill
313 736 82 22 derföre
419 736 75 22 endast
509 737 7 21 i
534 736 121 22 hufvudsak
671 736 75 22 förena
761 736 44 26 mig
820 736 48 21 med
885 736 55 20 Herr
954 735 67 26 Teng-

188 766 66 20 ström
271 764 40 22 och
326 764 93 28 påyrkar
434 767 33 19 att
482 765 59 21 detta
555 767 96 20 moment
663 765 68 21 blefve
745 764 24 22 af
779 764 89 22 Ståndet
881 764 139 22 oförändradt

188 795 95 24 antaget.
314 793 57 21 Herr
392 794 79 27 Nystén
495 794 39 21 har
554 794 123 26 visserligen
694 796 57 19 emot
767 794 118 20 utskottets
900 792 120 27 redigering

189 822 23 21 af
225 822 148 27 ordalydelsen
389 823 6 20 i
411 822 60 22 detta
485 824 96 20 moment
595 823 57 27 gjort
667 829 25 15 en
709 822 148 26 anmärkning,
874 828 47 15 men
937 822 32 20 för
978 821 42 21 min

189 850 34 22 del
246 850 42 22 kan
308 850 37 27 jag
367 850 19 28 ej
409 853 33 19 tro
464 853 32 19 att
519 851 69 21 denna
603 851 142 27 anmärkning
760 850 71 22 kunde
848 850 91 26 förtjena
954 849 66 28 något

189 879 107 21 afseende.
328 878 40 27 Jag
391 879 37 21 vill
447 880 51 21 visst
513 880 107 26 medgifva
635 882 32 18 att
682 879 170 26 ordställningen
868 879 55 20 hade
938 878 82 21 kunnat

188 913 51 15 vara
254 907 66 26 något
342 908 137 21 annorlunda.
510 908 95 21 Sålunda
620 908 55 21 hade
691 907 54 22 efter
761 907 42 22 den
818 907 141 26 ordställning
974 913 46 15 som

189 936 98 26 vanligen
304 937 6 20 i
325 937 51 21 våra
392 936 59 27 lagar
466 937 148 25 förekommer,
631 937 59 21 detta
706 938 96 20 moment
812 937 82 20 kunnat
905 936 50 21 heta
965 937 15 20 t.
988 942 31 15 ex.

189 981 10 9 »
203 964 36 21 vill
262 965 110 22 husbonde
395 965 129 27 tjenstehjon
540 965 17 27 ej
581 965 91 26 behålla,
687 965 75 21 dömes
779 964 129 28 tjenstehjon
924 964 22 21 af
961 964 59 21 dom-

187 993 92 22 stolen".
309 994 66 21 Detta
389 995 25 20 är
435 997 31 18 ett
481 994 80 27 vanligt
577 994 39 21 och
633 994 88 21 allmänt
737 993 143 28 uttryckssätt
895 993 31 21 uti
941 993 78 27 lagstil,

187 1028 49 15 men
249 1022 38 27 jag
309 1023 42 20 kan
376 1022 46 22 icke
444 1023 51 25 inse,
516 1025 31 18 att
563 1023 61 21 detta
638 1023 143 27 uttryckssätt
800 1022 32 21 uti
848 1021 38 22 sak
901 1021 73 28 skiljer
988 1021 32 27 sig

187 1051 28 26 på
231 1050 78 21 minsta
323 1053 44 19 sätt
382 1051 54 22 ifrån
452 1052 39 21 den
508 1051 140 27 ordalydelse,
664 1052 108 21 utskottet
787 1050 60 27 gifvit
862 1050 23 22 åt
901 1050 58 21 detta
975 1056 44 15 mo-

187 1081 66 19 ment.
284 1079 41 27 Jag
348 1079 42 22 kan
412 1081 105 26 nemligen
538 1080 69 27 aldrig
630 1082 33 19 tro
687 1081 32 20 att
741 1080 37 21 det
799 1079 69 21 skulle
883 1078 51 22 falla
950 1079 69 26 någon

188 1107 93 26 domstol
305 1109 28 25 in,
354 1110 33 20 att
410 1109 35 20 det
467 1108 69 22 skulle
551 1115 63 15 anses
630 1115 51 14 vara
697 1109 47 21 med
761 1108 73 26 lagens
850 1108 56 21 anda
922 1107 39 22 och
977 1113 43 15 me-

186 1136 52 27 ning
261 1137 40 21 och
324 1137 80 27 tydliga
425 1137 132 28 ordalydelse
580 1137 107 26 förenligt,
703 1139 33 19 att
752 1137 64 20 döma
831 1143 26 14 en
874 1142 83 21 person,
974 1142 46 15 som

187 1167 25 18 är
227 1165 99 27 angifven
342 1165 34 22 för
391 1171 26 16 en
433 1165 133 27 förbrytelse,
583 1166 32 21 till
631 1171 77 16 ansvar
723 1168 53 19 utan
792 1167 32 18 att
840 1165 74 26 pröfva
926 1166 94 20 omstän-

187 1193 126 27 digheterna
328 1194 79 21 dervid.
438 1194 32 21 En
486 1194 66 22 sådan
568 1194 100 24 domstol,
684 1196 45 19 tror
742 1194 46 26 jag,
803 1193 69 22 finnes
887 1193 47 21 icke
949 1193 7 21 i
972 1193 48 21 vårt

187 1222 51 21 land
254 1222 40 21 och
309 1222 40 21 har
364 1222 18 28 ej
399 1222 66 22 heller
485 1222 75 23 hittills
575 1223 87 26 funnits,
678 1223 92 21 likasom
787 1222 40 22 den
842 1222 19 27 ej
879 1221 65 23 heller
959 1222 61 21 kom-

186 1257 47 15 mer
248 1253 33 20 att
296 1251 74 22 finnas.

257 1309 57 21 Herr
337 1308 22 22 S.
381 1309 156 27 Björkstén:
571 1309 32 22 De
627 1311 76 19 tvenne
718 1307 180 28 nästföregäende
924 1307 95 23 talarene

185 1337 66 21 hafva
267 1337 66 22 redan
348 1337 49 22 med
412 1338 81 27 tydliga
508 1337 39 22 och
562 1337 61 22 klara
639 1337 46 22 skäl
696 1337 63 26 visat,
769 1339 32 19 att
811 1336 123 22 Utskottets
944 1336 75 22 betän-

185 1365 72 22 kande
272 1366 40 21 har
327 1365 108 22 företräde
450 1366 86 21 framför
558 1366 165 22 reservationen.
753 1366 43 26 Jag
809 1365 36 21 vill
861 1365 56 22 blott
932 1365 88 27 tillägga

186 1396 39 25 att,
241 1401 36 14 om
293 1394 36 21 det
344 1394 24 21 af
381 1397 136 19 reservanten
533 1395 114 21 förordade
670 1394 141 27 lagförslaget
826 1393 68 22 skulle
910 1393 62 22 vinna
987 1394 33 21 bi-

185 1421 45 27 fall,
246 1423 136 27 fängelserna
404 1425 90 20 tvertom
510 1423 70 22 skulle
595 1424 87 21 komma
697 1426 32 19 att
744 1423 71 27 fyllas,
831 1425 23 24 ty
870 1422 60 21 detta
945 1423 75 20 oskick

185 1451 71 22 skulle
271 1451 96 22 fortfara.
397 1451 160 28 Tjenstehjonet
578 1452 69 21 skulle
669 1452 98 21 dömmas
783 1451 33 22 till
831 1457 78 16 ansvar
924 1451 39 21 och
978 1450 42 21 för-

186 1485 53 16 sona
255 1480 60 21 detta
330 1480 48 21 med
398 1480 93 27 fängelse
513 1480 81 22 istället
609 1480 33 21 för
657 1481 68 21 böter.
756 1480 42 26 Jag
813 1481 46 19 tror
875 1482 32 19 att
922 1479 98 21 däremot

186 1509 31 20 ett
232 1508 137 28 tjenstehjon,
385 1515 45 15 som
446 1511 35 19 vet
495 1511 33 19 att
543 1508 78 22 urbota
643 1515 78 15 ansvar
740 1509 45 21 kan
800 1508 79 22 honom
902 1508 118 25 ädömmas,
