1109 1786
285 119 178 22 Borgareståndet
477 120 54 18 1877.
559 121 8 16 1
580 120 119 17 December.
852 115 56 21 2047

77 189 58 22 hålla
156 189 34 27 sig
212 189 47 21 från
281 188 127 22 utöfvandet
428 188 24 21 af
472 189 48 20 sina
542 188 223 27 tjenstebefattningar
783 189 40 21 och
838 188 70 23 aflöna

77 217 98 22 vikarier.
205 217 45 22 Den
267 217 22 22 af
302 217 163 27 suppleanterne
481 217 8 21 i
505 217 253 28 Expeditionsutskottet,
774 223 45 16 som
832 218 75 27 tjenst-

77 247 57 27 gjort
149 246 6 21 i
171 246 72 21 stället
258 246 33 21 för
305 245 112 22 framlidne
434 246 207 21 Hofrättsassessorn
657 245 119 28 Öhrnberg,
793 246 38 21 har
847 247 59 21 dess-

76 277 68 23 utom,
166 274 175 26 hufvudsakligen
363 275 27 26 på
412 281 82 15 samma
516 274 53 26 skäl,
593 274 56 26 gjort
672 274 92 27 anspråk
785 275 28 26 på
827 275 80 22 arvode

77 303 61 22 äfven
154 302 33 22 för
202 303 58 21 tiden
275 302 47 22 från
338 302 40 22 den
394 304 13 20 2
423 303 98 26 Augusti,
536 303 28 21 då
578 302 112 22 Utskottet
701 302 109 26 åtskildes,
821 304 33 21 till
866 304 40 21 den

78 334 9 19 1
106 332 103 26 Oktober,
224 331 89 22 emedan
327 331 119 26 Utskottet,
461 337 46 15 som
524 331 67 21 under
606 331 59 21 tiden
681 331 31 21 till
729 331 39 22 den
782 332 9 20 1
803 331 103 25 Oktober,

77 360 69 22 skulle
166 360 89 27 fungera
277 360 6 21 i
299 360 176 22 Statsutskottets
491 360 62 21 ställe
569 360 100 27 möjligen
685 360 68 21 under
767 360 93 22 berörda
875 361 31 21 tid

77 390 82 20 kunnat
181 389 64 21 blifva
260 388 179 22 sammankalladt
453 388 33 22 för
501 389 163 21 utanordnande
679 388 22 22 af
715 389 66 26 några
796 389 88 27 utgifter
899 390 7 20 i

77 418 40 21 och
133 418 33 21 för
181 418 135 26 landtdagen.

145 446 112 22 Utskottet
272 446 67 27 hyser,
355 446 70 21 såsom
441 446 69 27 sagdt,
524 452 26 15 en
566 452 70 15 annan
650 446 85 27 mening
746 446 92 22 rörande
848 448 58 20 rätta

76 475 119 22 förståndet
214 475 23 21 af
257 475 99 21 Ståndets
377 477 83 19 senaste
479 475 38 21 vår
532 474 82 22 fattade
629 474 77 22 beslut.
735 474 42 22 Det
792 475 71 22 kunde
878 476 28 21 då

75 504 48 21 icke
146 510 66 20 gerna
234 504 85 20 komma
341 503 7 21 i
370 503 61 27 fråga
449 505 32 19 att
497 504 6 20 i
520 503 64 27 detalj
601 504 124 26 bestämma,
740 505 39 19 när
793 504 113 27 suppleant

76 538 51 15 vore
142 532 121 26 berättigad
278 532 33 21 till
327 532 87 25 arvode;
427 531 91 22 Ståndet
533 531 50 22 ville
596 532 75 21 endast
681 532 39 21 hos
731 532 174 26 Statsutskottet,

77 560 32 22 till
128 561 63 22 hvars
210 561 71 22 vidare
297 560 116 27 beredning
427 561 90 21 ärendet
532 560 174 27 öfverlemnades,
723 560 84 22 anmäla
823 568 34 15 om
873 562 32 21 sin

76 589 56 27 åsigt
152 596 33 15 om
205 590 224 26 dagtraktamentenas
449 589 83 27 belopp.
564 589 27 21 Så
607 589 46 21 litet
668 590 7 20 i
691 589 65 27 detalj
771 590 82 26 gående
868 589 37 21 be-

76 618 66 22 slutet
164 620 27 20 än
213 624 42 21 var,
277 618 92 21 innehöll
393 618 36 21 det
450 618 120 21 emellertid
592 618 142 26 uttryckligen
750 620 33 19 att
798 618 107 22 arvodena

76 646 69 22 skulle
170 647 105 21 beräknas
300 646 33 22 för
358 647 40 21 den
421 647 31 21 tid
475 646 95 22 ledamot
593 646 52 22 eller
667 646 113 27 suppleant
795 647 6 20 i
818 648 39 20 och
873 647 33 21 för

76 675 162 27 ifrågavarande
262 676 96 26 uppdrag
382 675 110 27 nödgades
517 676 32 26 sig
574 675 112 21 härstädes
711 675 113 27 uppehålla
850 675 55 22 efter

75 704 142 27 landtdagens
237 704 47 21 slut.
301 716 27 3 —
344 704 74 21 Ehuru
440 704 102 22 Ständets
557 704 35 21 vid
607 706 85 19 senaste
707 704 101 27 landtdag
823 704 82 21 fattade

76 732 70 22 beslut
169 733 75 21 härvid
267 733 46 21 icke
335 733 62 21 torde
415 732 140 22 tillerkännas
571 733 66 27 nägot
652 733 115 26 afgörande
782 733 122 27 inflytande,

76 762 24 20 sä
121 761 36 21 vill
180 761 117 26 Utskottet,
321 763 52 19 enär
395 761 71 27 praxis
489 762 45 21 från
558 763 85 20 senaste
666 761 103 27 landtdag
784 761 120 27 ä&beropats,

75 792 79 19 nämna
172 792 40 24 att,
231 790 65 27 enligt
312 790 53 21 hvad
382 790 101 21 Ständets
498 790 96 21 enskilda
610 790 74 21 kassas
699 790 145 26 räkenskaper
859 790 44 21 vid-

75 818 149 27 handengifva,
240 825 25 15 en
281 819 24 21 af
319 818 163 28 suppleanterne
497 819 37 21 vid
548 819 67 26 sagda
629 818 102 27 landtdag
746 818 46 22 icke
803 819 101 27 uppburit

74 848 67 26 nägot
162 848 79 21 arvode
263 847 40 21 och
325 854 27 14 en
375 854 69 14 annan
467 848 77 20 endast
565 847 34 21 för
614 848 26 20 de
655 850 77 18 tvenne
747 847 105 25 tillfällen,
869 848 35 21 vid

75 876 73 21 hvilka
163 876 43 21 han
221 876 32 21 för
268 876 141 27 tjenstgöring
424 876 6 21 i
447 876 112 21 Utskottet
573 876 74 21 iustält
662 876 33 26 sig
709 876 116 26 härstädes,
842 876 62 21 hvar-

74 907 59 18 emot
148 906 77 19 tvenne
240 905 142 26 suppleanter,
397 904 70 21 säsom
484 904 178 21 hemmavarande
675 904 46 21 frän
734 903 94 28 aflägsna
838 907 65 22 orter,

75 933 40 21 den
132 939 39 15 ena
187 933 46 21 frän
249 933 82 21 Torneä
347 933 40 21 och
403 933 40 21 den
459 933 67 21 andra
542 933 47 22 frän
602 933 171 27 Gamlakarleby,
785 933 119 27 uppehällit

74 962 32 26 sig
122 961 38 22 här
175 961 33 22 för
223 963 32 20 att
269 968 52 15 vara
335 961 102 22 tillhands
453 962 39 21 och
508 961 24 22 af
545 961 67 22 sädan
628 961 113 27 anledning
756 962 105 21 beräknat
871 962 32 27 sig

74 990 84 22 arvode.
174 1003 26 2 —
217 990 61 22 Hvad
301 990 99 27 slutligen
424 990 102 21 beträffar
549 991 36 20 det
603 990 62 21 äfven
682 989 88 22 anförda
786 990 69 21 skälet
870 992 33 19 att

73 1019 121 26 suppleant,
210 1019 33 21 för
258 1021 32 19 att
305 1019 57 21 hälla
377 1019 32 27 sig
424 1019 80 21 beredd
520 1021 32 19 att
567 1019 86 21 inställa
668 1019 33 26 sig
716 1019 117 25 härstädes,
850 1019 53 20 nöd-

73 1050 49 24 gats
145 1047 80 22 afhälla
243 1048 31 26 sig
297 1048 47 21 frän
366 1047 126 22 utöfvandet
510 1048 23 21 af
546 1047 32 22 sin
595 1048 64 27 tjenst
674 1047 41 22 och
730 1047 70 21 aflöna
815 1047 87 27 vikarie,

74 1076 23 21 sä
120 1075 42 22 kan
184 1076 31 21 till
239 1083 24 14 en
285 1076 74 26 början
375 1077 60 20 detta
449 1076 48 21 skäl
513 1076 46 21 icke
575 1077 22 20 af
612 1076 43 21 alla
670 1076 136 27 suppleanter
821 1076 6 21 i
843 1075 60 28 fräga

74 1105 113 26 åberopas;
205 1105 39 21 och
261 1105 54 21 hvad
331 1105 26 21 de
372 1105 67 26 öfrige
455 1105 73 27 angår,
544 1105 24 20 sä
583 1105 68 20 finner
663 1105 110 21 Utskottet
784 1105 46 20 icke
841 1104 61 21 hvar-

74 1133 34 21 för
129 1133 47 22 icke
199 1133 66 25 desse,
282 1133 27 22 då
324 1133 26 22 de
363 1133 56 22 ändå
433 1134 94 21 vistades
543 1133 12 21 å
571 1133 46 22 sina
633 1133 114 26 hemorter,
763 1133 81 21 kunnat
858 1133 44 21 vid-

73 1164 52 25 taga
139 1162 48 21 med
209 1162 123 27 utöfningen
348 1162 23 21 af
388 1163 46 20 sina
449 1168 56 21 resp.
520 1162 95 27 tjenster.
645 1162 74 27 Någon
736 1161 89 22 särskild
841 1162 61 26 godt-

73 1191 83 25 görelse
178 1191 33 20 för
232 1192 33 19 att
288 1191 25 21 de
334 1191 76 21 sådant
427 1191 115 21 underlåtit
557 1196 63 21 synes
635 1191 18 26 ej
671 1191 51 20 böra
737 1191 164 26 ifrågakomma;

72 1219 128 21 aldraminst
221 1219 43 21 kan
285 1219 40 21 den
349 1220 105 21 beräknas
477 1219 54 22 efter
550 1221 31 19 ett
597 1219 192 27 dagtraktamente,
804 1225 45 15 som
865 1218 38 22 be-

73 1249 76 20 stämts
171 1248 33 21 för
226 1248 123 26 ledamöter,
371 1248 72 21 hvilka
463 1248 66 21 vistas
544 1248 13 21 å
573 1248 69 21 denna
657 1250 40 23 ort,
714 1248 39 21 och
769 1248 85 21 fixerats
869 1247 33 22 till

73 1277 28 21 30
123 1277 61 20 mark
208 1277 47 20 med
277 1277 98 21 afseende
399 1277 45 21 dels
459 1277 13 21 å
488 1277 227 20 lefnadskostnaderna
736 1276 110 21 härstädes
862 1275 40 24 och

72 1305 46 21 dels
133 1305 13 21 å
161 1305 184 27 nödvändigheten
360 1305 33 22 för
409 1305 186 22 utskottsraedlem
611 1305 46 21 från
669 1311 69 15 annan
750 1307 33 19 ort
793 1306 32 19 att
835 1310 67 21 uppe-

72 1333 58 22 hålla
145 1333 84 22 hushåll
244 1334 28 27 på
286 1336 77 19 tvenne
379 1334 82 27 ställen,
477 1334 39 21 allt
528 1334 185 26 förutsättningar,
724 1333 71 22 hvilka
805 1333 39 22 alls
855 1333 47 21 icke

75 1368 40 21 ega
130 1362 152 27 tillämplighet
296 1363 28 26 på
339 1363 62 21 desse
415 1363 146 26 suppleanter,
577 1362 72 21 hvilka
664 1363 76 21 vistats
755 1363 13 20 å
783 1363 45 20 sina
843 1362 60 21 hem-

72 1393 64 19 orter.
158 1391 25 26 Ej
200 1391 67 21 heller
281 1391 40 21 har
335 1391 66 22 sådan
411 1391 137 27 godtgörelse
560 1391 124 27 stipulerats
695 1391 39 22 hos
744 1391 69 27 öfriga
823 1390 77 26 Stånd;

72 1419 130 22 åtminstone
225 1420 38 21 hos
283 1420 68 21 Adeln
370 1420 40 21 och
423 1420 162 21 Presteståndet
601 1420 52 27 utgå
668 1420 155 21 ledamöternes
839 1419 6 21 i
861 1419 40 21 Ex-

71 1448 116 27 peditions-
211 1448 39 21 och
272 1449 233 27 Justeringsutskotten
528 1449 93 21 arvoden
643 1449 75 20 endast
739 1449 32 20 för
791 1454 53 16 rese-
860 1447 41 22 och

70 1477 183 27 förrättningsdag
271 1477 39 21 och
326 1477 59 21 detta
401 1477 90 21 oaktadt
507 1477 108 21 arvodena
631 1477 104 21 bestämts
750 1477 31 21 till
799 1475 102 28 betydligt

71 1505 59 28 lägre
146 1505 52 21 eller
213 1506 28 20 20
257 1512 53 20 resp.
327 1506 27 21 10
369 1506 61 21 mark
446 1505 33 21 för
494 1506 75 26 dagen.
