1109 1786
279 123 179 21 Borgareståndet
471 123 55 17 1877.
550 124 13 16 6
576 123 121 18 November.
849 118 55 21 1649

73 193 67 27 fråga,
162 195 23 25 ty
207 192 70 21 såvidt
296 192 37 27 jag
355 193 42 20 kan
421 192 73 26 förstå,
517 192 24 21 så
556 192 115 27 föreligger
685 192 39 21 här
739 191 47 22 icke
802 198 26 15 en
844 192 60 27 fråga

72 228 46 15 som
134 223 36 19 rör
192 221 122 25 förändring
337 221 22 20 af
376 221 104 26 kyrkolag
496 220 52 21 eller
563 220 98 27 kyrkliga
675 220 154 22 förhållanden.
861 221 43 21 Det

71 250 69 26 gäller
155 249 56 22 blott
227 255 24 15 en
275 249 172 28 aflöningsfråga,
471 250 6 20 i
493 249 64 22 hvars
572 249 131 27 behandling
715 249 38 27 jag
768 249 69 22 skulle
852 255 52 16 anse

71 279 27 21 de
113 278 160 26 grekisk-ryska
295 278 198 21 trosbekännarena
515 277 24 22 så
561 277 85 27 mycket
668 277 66 22 hellre
750 278 53 22 böra
818 278 86 26 deltaga

72 313 46 15 som
142 307 36 21 det
201 308 24 19 är
246 306 67 21 kändt
335 308 32 20 att
389 306 36 21 det
447 306 163 27 grekisk-ryska
625 306 169 26 presterskapets
809 306 95 27 aflöning

72 338 15 18 t.
104 342 31 14 ex.
151 335 6 21 i
174 335 91 26 Viborgs
288 335 34 21 län
345 335 64 27 utgår
431 334 67 27 enligt
514 341 81 15 samma
618 335 93 26 grunder
727 341 45 15 som
789 335 36 21 det
840 342 64 14 evan-

71 364 190 27 gelisk-lutherska
276 364 171 26 presterskapets
470 363 40 22 och
526 363 36 22 det
577 364 108 20 dessutom
702 365 24 19 är
741 370 26 14 en
782 364 60 26 fråga
857 370 46 15 som

71 394 37 19 rör
123 392 23 21 så
160 392 52 27 godt
227 398 44 16 som
287 392 43 21 alla
345 392 129 21 innevånare
490 392 7 20 i
514 392 59 21 detta
589 392 56 26 land,
661 392 28 21 då
701 391 202 28 aflöningsgrunden

72 421 40 21 här
127 421 46 21 icke
189 423 23 19 är
228 420 130 27 persontalet
373 423 53 19 utan
442 420 135 27 fastigheten.

141 479 55 20 Herr
219 478 119 27 Nybom:
368 478 42 27 Jag
433 478 50 20 ville
504 478 70 20 uttala
597 478 42 27 mig
655 478 6 21 i
677 484 80 15 samma
780 478 54 27 syfte
856 484 46 16 som

72 507 56 21 Herr
142 506 102 28 Ignatius.
275 507 41 27 Jag
331 513 62 15 anser
412 506 37 22 det
464 513 52 15 vara
532 507 77 27 tydligt
624 508 33 20 att
672 507 39 21 här
725 507 47 21 icke
787 506 116 28 föreligger

71 535 80 27 förslag
166 536 32 21 till
215 535 104 27 kyrkolag
334 535 18 27 ej
369 535 66 21 heller
451 536 67 25 något
533 536 78 20 ärende
627 535 24 21 af
660 536 84 26 kyrklig
755 535 148 21 beskaffenhet

70 564 41 22 och
127 571 63 15 anser
203 564 37 27 jag
255 564 71 21 derför
344 563 55 22 Herr
415 564 103 27 Dunajeff
531 571 50 14 vara
597 564 54 21 både
663 564 120 27 berättigad
794 564 39 22 och
845 564 58 27 skyl-

71 593 37 27 dig
124 595 31 19 att
171 594 6 20 i
190 593 155 26 behandlingen
362 592 23 21 af
399 593 60 20 detta
475 593 79 21 ärende
570 593 63 21 delta.
665 593 85 21 Samma
765 593 138 27 uppfattning

72 622 56 21 hade
142 621 161 22 Bondeståndet
319 621 37 21 der
379 627 25 15 en
421 621 92 21 medlem
530 621 23 21 af
567 621 160 27 grekisk-ryska
743 621 159 22 trosbekännel-

71 656 38 16 sen
126 650 72 28 deltog
213 650 6 21 i
237 650 156 27 behandlingen
409 649 24 21 af
447 650 61 21 detta
523 650 86 21 ärende.

142 708 56 21 Herr
220 708 141 21 Höckert:
391 706 58 22 Herr
473 706 101 28 Dunajeff
587 707 40 21 har
642 707 23 21 af
677 707 164 27 granlagenhets
856 707 47 22 skäl

72 736 109 22 hemställt
196 736 33 21 till
245 736 89 21 Ståndet
349 742 34 15 om
398 736 48 21 icke
462 736 91 21 Ståndet
569 736 65 26 ansåg
649 738 32 19 att
694 736 41 21 han
747 736 65 22 borde
823 736 79 22 afhålla

72 765 33 27 sig
120 765 46 21 från
190 768 32 18 att
245 765 85 27 deltaga
351 765 6 21 i
376 764 158 28 behandlingen
550 765 23 21 af
587 764 60 22 detta
662 765 83 23 ärende,
761 771 44 15 som
822 765 80 21 uteslu-

72 794 65 20 tande
152 794 67 26 gäller
244 793 35 21 det
303 793 109 21 lutherska
433 793 172 27 presterskapets
624 793 6 21 i
646 793 72 21 landet
733 793 98 27 aflöning.
861 793 41 27 Jag

72 822 42 21 kan
130 822 47 21 icke
193 824 65 20 annat
273 824 51 25 säga
339 824 27 18 än
381 824 33 19 att
427 822 38 26 jag
481 822 49 21 fullt
544 824 97 19 senterar
652 822 25 21 de
689 822 213 27 granlagenhetsskäl

72 857 46 15 som
134 851 62 21 hafva
220 851 39 21 hos
280 851 56 21 Herr
359 850 102 27 Dunajeff
474 851 57 27 gjort
549 850 32 27 sig
597 850 104 27 gällande,
718 851 85 21 hvarför
817 851 36 27 jag
868 850 34 22 för

72 880 44 20 min
132 880 33 20 del
182 879 117 26 tillstyrker
321 879 59 21 bifall
400 879 32 21 till
448 879 54 21 hans
518 879 39 21 hos
573 879 90 21 Ståndet
678 880 74 26 gjorda
767 879 133 21 hemställan.

73 908 45 21 Här
134 908 39 20 har
189 908 68 21 blifvit
271 907 99 22 anmärkt
385 907 46 22 från
449 910 32 19 ett
496 907 44 22 håll
556 909 32 19 att
603 907 162 28 grekisk-ryska
777 908 126 21 trosbekän-

73 936 83 21 nelsens
171 936 136 27 presterskap
322 937 6 20 i
345 943 25 14 en
387 936 34 21 del
437 936 23 21 af
475 937 91 20 Finland
582 936 83 27 åtnjuta
681 937 31 20 sin
729 936 92 27 aflöning
836 937 66 26 enligt

71 971 83 15 samma
177 965 92 26 grunder
291 971 44 15 som
353 965 36 21 det
409 965 246 27 evangelisk-lutherska
669 966 164 26 presterskapet.
865 965 37 22 Må

72 999 52 15 vara
139 995 31 20 att
187 994 23 21 så
233 996 30 23 är,
278 1000 47 15 men
348 993 40 21 här
403 995 24 19 är
440 994 25 26 ju
481 994 59 26 fråga
557 1000 34 15 om
607 994 36 21 det
659 993 243 27 evangelisk-lutherska

71 1022 159 27 presterskapet
253 1029 47 14 men
322 1023 46 20 icke
391 1029 34 14 om
448 1023 27 20 de
491 1023 93 26 grunder
599 1023 54 20 efter
668 1022 72 21 hvilka
755 1023 36 20 det
805 1023 97 26 grekisk-

72 1051 64 26 ryska
157 1051 160 26 presterskapet
338 1051 83 26 uppbär
444 1051 33 21 sin
501 1051 98 26 aflöning.
631 1051 43 21 Det
696 1053 24 19 är
735 1051 82 21 således
831 1051 71 21 skilda

70 1080 71 20 saker.
172 1080 61 20 Hvad
256 1080 35 21 det
313 1080 132 21 vidkommer
472 1082 32 19 att
520 1079 159 22 Bondeståndet
695 1079 45 22 haft
755 1086 25 15 en
796 1079 46 22 från
858 1079 44 22 min

70 1108 111 21 stridande
203 1108 62 27 åsigt,
289 1108 24 21 så
328 1108 98 21 inverkar
442 1109 37 20 det
495 1108 46 21 icke
558 1109 27 26 på
600 1109 43 20 min
660 1108 145 27 öfvertygelse,
822 1111 23 24 ty
860 1114 42 21 nog

71 1137 42 20 kan
129 1143 48 15 man
193 1137 6 20 i
216 1143 25 15 en
265 1137 38 20 sak
325 1137 62 21 hafva
410 1137 59 21 olika
491 1137 85 27 åsigter,
598 1137 39 21 och
657 1137 36 20 det
707 1139 24 18 är
747 1137 44 21 icke
807 1139 47 24 sagt
870 1138 33 20 att

71 1165 160 22 Bondeståndet
253 1165 46 22 haft
322 1166 40 21 den
384 1167 58 20 rätta
457 1166 171 26 uppfattningen.
659 1165 42 21 För
717 1165 63 27 öfrigt
795 1165 107 22 förefaller

72 1194 36 20 det
124 1193 41 27 mig
181 1194 84 26 mycket
280 1194 77 26 tydligt
372 1194 39 21 och
427 1194 58 21 klart
501 1196 32 19 att
548 1194 20 20 vi
584 1194 63 21 hafva
662 1194 36 21 två
709 1194 56 26 slags
776 1194 126 21 kommuner

72 1222 41 21 den
136 1222 120 27 borgerliga
277 1222 39 22 och
339 1223 40 20 den
403 1223 107 27 kyrkliga.
539 1222 11 22 I
565 1223 40 20 den
625 1222 120 27 borgerliga
760 1222 84 27 deltaga
861 1222 42 22 alla

71 1254 51 18 utan
138 1251 99 22 afseende
252 1251 28 27 på
302 1251 199 22 trosbekännelsen.
532 1252 10 21 I
559 1251 39 21 den
614 1251 97 27 kyrkliga
727 1252 84 26 deltaga
826 1251 76 22 endast

71 1279 27 22 de
114 1285 44 15 som
175 1279 53 22 höra
243 1281 32 20 till
291 1286 82 15 samma
395 1280 175 27 kyrkosamfund.
601 1280 73 21 Skulle
690 1281 107 26 uttrycket
811 1280 91 27 ,förhäl-

71 1307 89 22 landen"
183 1309 86 26 utbytas
291 1311 45 19 mot
360 1325 5 8 ,
366 1309 200 27 angelägenheter”
589 1309 24 21 så
629 1308 68 22 skulle
713 1309 44 21 icke
773 1309 36 21 det
824 1308 79 22 minsta

71 1336 72 21 tvifvel
159 1336 115 23 förefinnas
297 1340 31 19 att
349 1338 56 21 Herr
427 1337 104 28 Dunajeff
544 1338 66 21 borde
631 1337 79 22 afhålla
725 1338 31 26 sig
771 1337 47 21 från
835 1337 68 21 delta-

70 1365 70 27 gande
156 1365 6 20 i
181 1365 155 28 behandlingen
359 1366 24 21 af
403 1366 60 21 detta
488 1367 85 20 ärende.
604 1366 49 21 Men
666 1366 37 27 jag
719 1367 40 20 kan
774 1366 47 21 icke
836 1365 68 21 förstå

71 1396 33 19 att
120 1393 110 22 skilnaden
253 1395 89 21 emellan
366 1395 149 21 förhållanden
531 1395 40 21 och
586 1395 177 27 angelägenheter
779 1397 24 18 är
818 1394 24 21 så
858 1395 46 20 stor

71 1424 33 19 att
120 1429 48 14 man
185 1423 42 21 kan
242 1423 53 21 råka
310 1423 5 21 i
335 1423 137 26 villrådighet
487 1430 35 15 om
538 1427 33 18 att
586 1423 46 22 icke
648 1423 36 22 det
699 1430 45 14 som
760 1430 47 15 man
823 1422 81 27 åsyftar

71 1453 25 19 är
112 1451 117 22 detsamma
245 1458 45 15 som
314 1452 97 27 kyrkliga
430 1452 188 27 angelägenheter.
648 1451 41 27 Jag
705 1452 66 21 håller
786 1452 56 21 Herr
858 1451 46 21 Du-

72 1479 64 27 najeff
150 1479 89 28 räkning
254 1480 33 22 för
303 1481 53 21 hans
371 1481 157 26 granlagenhet
544 1481 39 21 och
599 1481 117 26 tillstyrker
731 1480 59 22 bifall
806 1479 34 22 till
850 1479 54 22 hans

71 1508 134 22 hemställan.

801 1542 34 18 104
