1109 1786
276 120 181 23 Borgareståndet
467 121 56 18 1877.
548 121 14 16 2
574 121 129 16 November.
846 115 54 21 1603

69 191 46 22 deri
136 191 67 26 några
217 190 118 27 väsentliga
350 190 153 27 upplysningar
518 189 56 22 ändå
589 189 46 21 icke
651 189 82 21 kunnat
747 189 81 21 vinnas.
858 189 42 27 Jag

68 220 69 21 måste
152 219 56 22 dock
223 219 85 21 bemöta
323 219 67 26 några
405 220 44 19 mot
465 219 43 25 mig
523 218 101 21 särskildt
640 217 84 22 riktade
736 217 162 27 invändningar.

69 249 57 21 Herr
141 247 108 22 Snellman
265 247 82 26 företog
362 247 31 26 sig
409 249 33 18 att
457 246 93 27 granska
566 246 36 21 det
616 246 100 27 yttrande
728 246 37 27 jag
780 246 33 21 för
829 253 25 14 en
867 246 32 21 tid

69 277 66 21 sedan
157 276 66 26 afgaf,
246 276 27 21 då
295 276 73 26 frågan
385 281 34 15 om
434 275 120 26 Uleåborgs
569 274 99 22 läroverk
683 275 54 21 först
752 274 90 27 förevar,
859 275 39 21 och

69 305 45 21 deri
134 304 37 27 jag
193 304 70 22 såsom
286 306 31 19 ett
336 303 53 27 skäl,
413 303 80 22 hvilket
509 303 116 27 möjligtvis
639 303 82 21 kunnat
736 303 45 21 tala
795 303 33 21 för
843 303 56 21 läro-

68 334 86 20 verkets
175 333 107 27 placering
303 332 140 22 annorstädes
465 334 26 19 än
508 332 7 21 i
531 332 115 27 Uleåborg,
662 331 87 22 anförde
765 333 32 20 att
813 331 7 21 i
835 331 64 22 Uleå-

68 362 54 26 borg
137 362 66 21 redan
217 361 68 21 finnas
300 360 51 22 flere
365 360 74 22 skolor
453 360 108 22 inrättade
577 364 56 18 samt
648 362 33 20 att
696 366 26 15 en
737 366 28 21 ny
783 360 63 21 skola
860 360 38 21 der

68 390 48 22 icke
131 390 68 22 skulle
215 390 21 21 få
251 390 123 26 tillräckligt
389 389 59 21 antal
464 390 77 25 elever,
557 389 130 21 åtminstone
703 388 46 22 icke
765 388 133 22 annorlunda

68 421 27 19 än
117 420 28 26 på
166 418 119 22 bekostnad
306 418 23 22 af
342 418 67 21 andra
425 418 38 21 der
479 418 58 21 förut
553 418 134 21 existerande
702 417 77 22 skolor.
809 417 36 21 Nu
860 418 38 26 på-

70 448 45 21 står
130 448 57 21 Herr
202 447 106 22 Snellman
325 449 32 19 att
369 447 38 26 jag
421 446 48 22 icke
485 446 70 22 skulle
570 446 44 22 låta
630 446 60 22 detta
705 446 46 21 skäl
766 446 57 27 gälla
838 446 7 21 i
855 446 43 21 frå-

69 483 42 20 gan
134 483 34 15 om
190 476 118 22 Brahestad
330 475 39 21 och
393 475 122 27 derigenom
538 474 57 28 gjort
614 475 44 27 mig
673 475 84 27 skyldig
771 474 34 21 till
820 481 26 15 en
862 481 36 15 an-

70 505 175 27 märkningsvärd
268 504 160 26 inkonseqvens.
459 504 70 21 Fallet
544 505 25 19 är
585 503 54 22 dock
654 505 33 20 att
699 504 37 26 jag
751 503 75 21 endast
842 503 56 22 velat

70 534 89 26 påpeka,
183 533 100 21 hurusom
299 532 113 22 Allmänna
426 532 199 22 Besvärsutskottet
638 532 45 27 just
699 532 36 21 vill
750 532 96 26 tillämpa
862 532 36 20 det

70 562 22 22 af
114 562 42 27 mig
181 562 88 21 anförda
289 561 87 22 motivet
391 562 33 21 för
439 563 33 20 att
487 561 47 21 icke
550 561 95 26 förlägga
660 560 75 22 skolan
750 561 6 21 i
771 560 126 26 Brahestad,

69 597 49 15 men
140 591 77 26 ogillar
238 591 117 21 detsamma
377 590 28 21 då
420 589 61 27 fråga
497 591 25 19 är
538 596 34 14 om
588 589 113 27 Uleåborg.
732 589 42 21 Det
789 591 24 19 är
828 589 70 21 denna

70 620 155 26 inkonseqvens
246 619 39 21 hos
308 618 113 22 Allmänna
443 618 199 21 Besvärsutskottet
664 624 45 15 som
730 617 37 27 jag
785 617 41 21 har
840 617 58 21 velat

69 648 113 21 framhälla
202 647 39 22 och
257 647 109 27 iogenting
381 650 72 18 annat.
484 647 42 21 Det
542 648 25 20 är
581 647 83 21 således
680 646 47 22 icke
742 646 42 27 mig
799 652 45 15 som
861 646 36 22 be-

70 676 133 28 skyllningen
228 676 33 21 för
283 676 154 27 inkonsegvens
460 676 74 20 träffar
556 676 6 20 i
582 676 59 20 detta
656 675 45 26 fall,
717 676 51 20 utan
783 674 114 22 Allmänna

68 705 205 24 Besvärsutskottet,
289 704 24 22 sä
327 705 85 27 mycket
427 710 46 15 mer
487 710 46 15 som
549 704 7 21 i
571 704 61 27 fråga
647 704 93 20 varande
755 703 65 21 motiv
836 704 6 20 i
858 702 39 22 Ut-

69 734 91 21 skottets
184 734 133 20 betänkande
341 732 77 22 hänför
440 732 32 27 sig
493 732 33 22 till
548 739 26 15 en
594 732 169 26 läroinrättning,
778 738 47 15 som
840 733 57 20 ännu

69 762 46 22 icke
137 762 41 22 alls
201 762 102 21 existerar
317 762 40 21 och
373 768 34 14 om
422 762 87 20 hvilken
524 768 50 14 man
591 761 46 21 icke
653 767 37 15 ens
705 763 36 19 vet
755 766 33 16 om
805 761 40 21 den
860 760 37 21 nä-

68 791 74 27 gonsin
165 791 96 21 kommer
277 790 31 22 till
323 790 68 26 ständ,
408 790 106 27 nämligen
532 790 36 21 det
583 790 125 26 ifrägasatta
723 789 173 21 handelsinstitu-

68 822 37 19 tet.
135 820 62 20 Hvad
221 820 66 26 angär
307 820 56 20 Herr
378 818 78 27 Ignatii
472 818 148 27 anmärkning,
636 820 33 20 att
681 818 37 26 jag
733 818 108 26 ingenting
855 819 41 26 ytt-

68 850 34 19 rat
124 848 103 21 särskildt
241 854 34 15 om
292 848 40 21 den
350 848 68 20 finska
433 847 76 21 skolan
525 848 7 20 i
548 847 133 27 Helsingfors
697 846 39 22 och
752 848 32 19 att
798 852 50 15 man
863 846 33 21 sä-

68 876 58 21 ledes
150 876 69 21 skulle
241 876 52 27 tyda
308 876 35 21 det
359 876 87 25 derhän,
463 878 32 19 att
511 876 115 26 möjligtvis
639 876 38 26 jag
691 876 33 20 för
739 875 43 20 min
798 875 34 20 del
848 874 48 21 ville

68 907 102 19 motsätta
193 905 42 27 mig
258 905 67 21 denna
347 905 72 21 skolas
441 904 154 27 öfvertagande
617 904 51 21 eller
689 903 172 22 understödande
876 903 23 21 af

68 933 81 26 Staten,
166 933 24 22 sä
205 935 24 20 är
244 933 36 22 det
295 939 26 15 en
336 939 26 15 ur
377 933 68 21 luften
459 933 76 26 gripen
550 933 118 21 förmodan.
691 932 41 27 Jag
747 931 39 22 har
801 931 45 22 helt
861 937 36 15 na-

67 962 75 27 turligt
164 964 67 25 yttrat
254 962 42 27 mig
318 961 95 22 hvarken
429 968 34 15 om
480 961 40 22 den
536 961 75 21 skolan
628 961 52 21 eller
695 967 34 15 om
742 961 69 26 nägon
826 966 70 15 annan

68 990 21 21 af
109 991 26 21 de
150 991 40 20 här
205 990 121 27 föreslagna
340 991 106 24 skolorna,
463 990 89 21 emedan
565 990 38 26 jag
618 992 71 19 ansett
704 991 32 20 att
751 989 64 26 nägot
830 988 67 21 skildt

67 1019 111 21 uttalande
201 1019 47 22 icke
269 1019 68 21 skulle
352 1018 109 26 behöfvas,
477 1019 27 21 dä
519 1018 182 27 Borgareständet
716 1018 65 21 redan
796 1017 7 21 i
818 1019 32 19 ett
865 1017 30 20 fö-

67 1048 106 25 regäende
189 1050 94 19 moment
298 1047 78 22 uttalat
391 1048 31 25 sig
439 1047 88 26 derhän,
543 1049 33 19 att
591 1047 143 26 uppkomsten
745 1046 23 21 af
776 1045 120 28 privatsko-

66 1076 32 21 lor
114 1076 67 21 borde
196 1076 27 27 pä
238 1077 39 20 allt
293 1078 43 19 sätt
351 1076 111 21 befordras
478 1075 91 22 medelst
584 1075 76 28 bidrag
675 1075 23 22 af
710 1075 105 21 allmänna
826 1074 69 21 medel

66 1105 32 20 för
123 1105 63 21 deras
209 1105 117 21 underhåll.
356 1104 37 22 Uti
412 1104 130 27 beviljandet
558 1103 23 22 af
596 1104 71 27 dylika
682 1104 75 25 bidrag
772 1103 32 21 till
819 1103 77 20 under-

66 1133 44 21 häll
125 1133 23 21 af
161 1133 66 22 redan
243 1133 132 22 existerande
390 1133 151 26 privatskolor,
557 1132 68 27 ligger
641 1133 104 26 nemligen
757 1132 44 27 just
810 1137 26 15 en
845 1137 51 21 upp-

66 1163 98 20 muntran
180 1161 32 22 för
227 1162 132 21 inrättandet
373 1161 22 22 af
406 1168 41 21 nya
463 1161 152 27 privatskolor.
645 1161 76 22 Denna
736 1160 108 27 betydelse
856 1159 40 22 har

65 1190 130 22 åtminstone
213 1191 37 26 jag
265 1191 32 20 för
313 1191 42 20 min
371 1190 34 21 del
421 1192 72 19 ansett
508 1190 57 27 ligga
581 1191 31 20 uti
628 1190 36 21 det
679 1189 23 21 af
716 1188 180 27 Borgareständet

65 1220 93 25 antagna
180 1220 118 20 momentet
319 1219 28 26 d).
378 1218 49 22 Men
451 1218 49 22 med
516 1218 115 27 anledning
647 1218 23 22 af
684 1218 57 21 Herr
755 1217 78 27 Ignatii
849 1223 47 21 spe-

65 1247 50 22 cielt
136 1250 58 19 emot
209 1248 44 27 mig
271 1248 83 21 riktade
370 1247 148 26 anmärkning,
534 1246 33 22 fär
581 1247 36 26 jag
632 1253 28 15 nu
676 1247 95 21 förklara
785 1249 33 18 att
833 1245 62 22 äfven

62 1277 38 26 jag
115 1275 33 22 för
163 1277 44 20 min
223 1277 34 20 del
272 1283 63 14 anser
350 1276 36 21 det
401 1277 33 20 för
449 1275 73 27 gifvet,
538 1277 32 20 att
585 1275 66 28 nägot
667 1275 75 27 bidrag
757 1274 24 21 af
788 1275 108 20 allmänna

64 1305 70 21 medel
157 1305 34 21 för
212 1305 146 26 privatskolan
373 1305 7 20 i
395 1304 135 26 Helsingfors
551 1304 80 27 jemväl
654 1304 39 21 bör
711 1303 161 27 ifrägakomma,
888 1303 7 20 i

64 1333 103 22 händelse
188 1333 47 22 icke
259 1334 59 21 detta
333 1334 82 26 lyceum
430 1333 24 21 af
468 1333 76 22 Staten
561 1333 127 27 öfvertages.
718 1332 49 21 Men
780 1332 37 27 jag
832 1337 64 16 anser

65 1363 76 21 sädant
162 1362 48 21 icke
232 1362 90 21 behöfva
337 1369 28 14 nu
381 1361 102 22 särskildt
499 1361 131 27 framhällas,
647 1362 27 21 dä
689 1363 32 19 ett
736 1361 88 21 allmänt
839 1362 57 19 utta-

64 1391 63 21 lande
151 1391 6 20 i
181 1391 65 21 saken
269 1391 65 21 redan
356 1390 120 26 förefinnes,
498 1390 82 21 hvilket
603 1390 66 21 borde
691 1396 52 15 vara
771 1389 124 26 tillräckligt

63 1421 64 20 klart.

133 1477 56 21 Herr
205 1477 134 21 Rissanen
354 1476 35 27 (pä
404 1476 85 26 finska):
513 1476 41 26 Jag
570 1475 93 27 begärde
678 1475 67 21 redan
760 1475 35 21 vid
810 1476 85 20 senaste

63 1506 93 26 plenum,
180 1505 69 22 fastän
265 1506 36 21 det
316 1504 92 28 undgick
423 1505 56 21 Herr
496 1505 171 25 Talmannen,
684 1504 67 26 ordet,
767 1503 33 21 för
815 1505 33 19 att
863 1504 31 20 in-
