1109 1786
207 127 54 20 1666
415 131 180 22 Borgareståndet
608 133 55 17 1877.
687 133 12 16 6
711 132 121 17 November.

275 201 56 21 Herr
347 201 168 26 Tengström:
532 201 50 21 Med
598 201 115 28 anledning
728 201 24 22 af
765 201 36 22 det
817 201 100 26 upplästa
932 207 62 16 anser
1003 201 37 27 jag

205 229 42 27 mig
263 229 54 21 böra
331 229 48 21 icke
394 231 81 20 ensamt
492 229 87 22 förorda
595 230 128 27 indragning
738 230 23 21 af
775 230 25 21 de
809 229 163 28 ifrågavarande
980 229 58 22 med-

204 257 42 26 len,
262 261 52 18 utan
337 257 70 22 tillika
421 257 74 22 bifalla
512 260 32 19 ett
560 258 160 22 bestämmande
737 259 80 26 derom,
832 260 33 19 att
880 258 26 21 de
921 258 7 21 i
944 259 42 20 alla
1001 258 39 22 fall

205 287 33 20 till
253 287 171 26 presterskapets
439 287 67 21 fördel
523 287 85 21 komma
624 289 33 19 att
671 287 7 21 i
695 293 25 15 en
737 287 52 21 eller
805 293 71 15 annan
891 287 54 21 form
960 289 79 19 använ-

206 315 44 26 das,
265 314 61 22 äfven
342 315 54 21 efter
411 315 62 21 deras
489 315 133 27 indragning.

274 372 57 22 Herr
345 372 122 22 Jansson:
484 372 64 22 Emot
564 372 103 28 förslaget
682 372 7 22 i
704 372 68 22 första
787 374 119 20 momentet
922 372 72 22 derom
1005 374 33 20 att

205 401 63 21 dessa
287 400 74 28 anslag
385 400 71 22 kunna
477 401 108 27 indragas,
607 401 39 21 har
661 401 66 27 något
741 401 111 22 uttalande
869 401 69 22 sävidt
952 401 36 27 jag
1004 404 34 18 vet

205 429 47 22 icke
268 429 69 21 blifvit
353 429 71 27 gjordt
440 429 40 21 och
496 430 56 21 Herr
567 430 112 21 Boströms
694 430 143 27 anmärkning
852 430 6 20 i
874 430 40 20 den
930 430 62 21 delen
1001 436 37 15 var

205 458 83 22 således
303 458 46 21 icke
369 458 100 26 påkallad
486 458 28 21 då
528 459 63 26 ingen
606 459 81 21 uttalat
702 458 32 27 sig
749 460 103 20 deremot.
884 458 102 22 Deremot
1001 464 37 16 an-

205 492 34 16 ser
252 486 37 28 jag
305 486 132 22 fortfarande
452 488 33 20 att
501 487 65 21 slutet
581 486 23 22 af
617 487 128 27 paragrafen
761 488 40 20 bör
817 487 94 27 qvarstå.
935 487 50 21 Med
998 486 39 22 bil-

205 516 80 21 dandet
308 515 22 22 af
352 516 39 20 den
415 515 39 22 här
477 516 130 21 omnämnda
622 516 78 21 fonden
716 516 43 21 kan
773 516 38 26 jag
826 516 46 21 icke
889 515 67 22 förstå
972 517 65 20 annat

205 546 27 20 än
255 546 32 20 att
310 544 80 22 sådana
406 544 67 21 medel
490 550 45 16 som
550 544 88 22 komma
653 547 33 19 att
701 545 100 26 indragas
817 544 35 21 må
868 544 101 22 särskildt
984 544 52 22 bok-

205 573 58 22 föras
279 573 39 22 och
334 573 93 21 kontroll
443 573 58 22 föras
517 573 98 22 deröfver
623 575 32 20 att
666 574 57 21 dessa
732 573 69 22 medel
810 573 132 22 fortfarande
950 573 86 21 komma

204 603 33 20 att
252 602 34 22 för
301 602 59 21 detta
376 602 99 21 ändamål
491 602 117 21 användas.

274 659 56 21 Herr
351 659 139 21 Boström:
520 659 43 21 För
585 660 42 20 min
648 659 34 21 del
698 659 41 21 kan
753 659 38 27 jag
807 658 45 22 icke
868 658 67 22 förstå
950 658 85 22 hvartill

204 688 37 21 det
262 687 69 27 tjenar
346 689 32 20 att
393 687 91 22 bokföra
500 688 26 20 de
541 688 105 27 indragna
661 688 101 27 anslagen
779 687 41 21 och
836 687 56 21 tillse
908 689 32 19 att
956 688 26 19 dé
998 693 38 15 an-

203 716 82 21 vändas
300 716 32 21 till
348 722 81 16 samma
444 716 106 22 ändamål.
573 716 42 21 Det
631 718 24 20 är
671 716 32 21 väl
719 716 126 21 statsmedel
862 722 44 15 som
922 716 60 21 skola
998 722 38 14 an-

204 745 81 21 vändas
308 745 32 21 till
363 745 36 21 det
422 745 98 21 ändamål
542 745 86 21 hvartill
645 745 26 21 de
687 745 102 21 behöfvas
806 744 39 22 och
861 744 47 22 icke
923 744 32 21 till
970 744 66 27 något

204 773 87 27 specielt
307 773 104 22 ändamål.
435 773 105 22 Behöfvas
557 774 25 21 de
598 774 47 21 icke
660 773 73 21 vidare
748 776 14 19 t.
780 780 31 14 ex.
828 775 32 19 att
868 772 69 22 aflöna
948 775 87 25 pastorn

203 802 7 21 i
226 802 140 27 Helsingfors,
383 802 23 21 så
422 803 34 21 må
476 803 25 21 de
517 802 108 22 användas
640 802 32 21 till
688 802 66 27 något
769 804 67 19 annat
851 802 71 21 bättre
936 801 99 22 ändamål

203 833 53 19 utan
272 833 33 19 att
321 831 25 21 de
361 831 7 21 i
384 831 128 27 evinnerliga
528 831 56 21 tider
594 830 92 22 behöfva
696 830 70 28 skylta
775 831 6 20 i
790 830 245 28 räkenskapsböckerne.

203 859 42 22 Det
261 860 69 21 blefve
346 866 25 15 en
387 862 48 24 post
451 866 44 15 som
505 859 129 27 evinnerliga
649 860 56 21 tider
721 859 69 21 skulle
807 859 72 21 bevisa
891 861 33 19 att
938 859 97 27 Helsing-

203 888 51 26 fors,
279 888 101 21 Finlands
404 888 136 26 hufvudstad,
560 888 39 21 har
615 888 55 21 varit
685 888 24 21 så
725 894 45 15 arm
787 890 33 18 att
836 888 40 21 den
892 888 46 21 icke
953 888 82 21 kunnat

203 916 70 21 aflöna
289 917 31 20 sin
336 918 79 25 pastor.
445 917 42 27 Jag
501 917 74 27 tycker
591 919 33 19 att
639 923 26 14 en
681 917 66 21 sådan
764 917 125 20 annotation
898 916 39 21 bör
944 916 24 21 så
976 918 59 19 snart

203 951 45 15 som
272 945 83 27 möjligt
377 945 93 27 spårlöst
488 945 114 22 försvinna.
633 946 42 26 Jag
690 945 33 21 för
739 945 44 21 min
800 944 33 22 del
849 945 42 21 kan
906 945 47 21 icke
968 945 67 21 heller

202 973 59 22 finna
275 976 33 19 att
324 974 36 21 det
375 974 111 24 förbehåll,
502 980 45 15 som
563 974 162 21 Presteståndet
740 974 58 26 gjort
813 973 105 27 förtjenar
928 973 64 28 något
1004 973 29 21 af-

203 1003 78 21 seende
297 1002 39 22 och
352 1003 41 20 kan
407 1003 38 26 jag
460 1003 33 20 för
509 1003 42 21 min
568 1003 34 21 del
617 1003 47 21 icke
680 1003 72 21 derför
769 1002 85 21 biträda
869 1002 122 21 detsamma.

272 1059 55 22 Herr
343 1059 111 28 Nybom:
471 1060 31 21 De
518 1060 150 27 förändringar
684 1066 45 15 som
745 1060 40 21 här
800 1060 7 21 i
823 1059 90 22 Ståndet
921 1059 68 21 blifvit
997 1059 37 22 be-

202 1088 73 21 slutna
289 1089 31 20 uti
335 1088 123 21 Utskottets
473 1088 79 27 förslag
568 1088 64 22 hafva
648 1089 6 20 i
671 1088 118 21 allmänhet
804 1088 174 26 skett
866 1084 10 36 i
882 1088 96 26 enlighet
986 1088 47 21 med

203 1117 173 21 Presteståndets
401 1117 69 21 beslut
485 1117 6 21 i
507 1117 73 27 frågan
597 1117 39 21 och
653 1117 36 21 det
704 1119 23 19 är
743 1117 34 21 väl
794 1117 66 21 också
875 1117 87 21 alldeles
978 1117 7 20 i
1001 1117 32 20 sin

202 1146 98 27 ordning,
315 1152 48 15 men
376 1145 37 27 jag
429 1145 39 22 har
483 1146 59 27 tyckt
562 1146 43 27 mig
620 1146 23 21 af
656 1146 67 26 några
738 1146 115 27 yttranden
870 1145 74 21 märka
959 1147 31 19 att
1006 1151 26 15 en

201 1174 67 21 sådan
291 1174 136 27 uppfattning
449 1174 67 21 finnes
537 1177 32 19 att
585 1181 48 14 man
649 1175 47 21 icke
711 1177 52 18 utan
780 1173 171 22 Presteståndets
967 1173 66 27 begif-

200 1203 70 21 vande
286 1202 71 22 kunde
372 1203 87 27 vidtaga
474 1203 65 27 några
554 1204 68 20 andra
637 1203 152 27 förändringar
805 1203 6 20 i
827 1202 60 22 detta
903 1202 79 27 förslag
992 1202 40 21 och

200 1231 7 21 i
231 1231 116 22 allmänhet
369 1232 46 21 icke
439 1231 71 22 afvika
530 1231 46 22 från
592 1232 173 21 Presteständets
781 1231 71 21 beslut
867 1231 6 21 i
889 1231 72 21 saken.
991 1231 42 26 Jag

199 1260 43 21 kan
266 1260 33 21 för
314 1260 43 21 min
374 1261 33 20 del
423 1261 47 21 icke
485 1260 73 22 förena
574 1261 43 26 mig
633 1267 33 14 om
682 1267 26 15 en
725 1261 67 20 sådan
809 1260 61 27 åsigt.
900 1260 33 21 Då
948 1259 84 22 Preste-

201 1289 86 22 ståndet
302 1289 39 21 har
356 1289 76 21 afstått
447 1289 46 21 från
510 1290 45 20 sina
571 1289 122 27 privilegier
707 1289 33 21 för
756 1289 72 20 såvidt
844 1289 35 20 det
895 1288 63 21 berör
974 1289 58 21 detta

199 1317 226 28 författningsförslag,
441 1318 24 21 så
480 1317 64 22 hafva
564 1318 26 21 de
605 1318 46 21 icke
668 1317 105 28 uppställt
789 1317 36 21 det
841 1317 69 21 vilkor
926 1319 31 19 att
972 1317 60 22 detta

200 1346 217 27 författningsförslag
433 1346 54 21 skall
503 1347 76 20 sådant
594 1347 26 20 de
636 1346 64 21 hafva
715 1346 85 27 antagit
809 1347 118 20 detsamma
937 1346 94 27 godkän-

199 1381 39 16 nas
254 1375 25 22 af
293 1375 26 21 de
335 1375 67 27 öfriga
419 1375 99 21 Stånden.
549 1375 32 21 De
597 1375 64 21 hafva
676 1375 125 26 visserligen
817 1375 89 20 beslutit
922 1377 32 18 att
962 1375 69 20 denna

200 1403 127 27 författning
342 1403 55 22 skall
413 1404 85 21 komma
513 1405 33 20 att
560 1404 58 27 gälla
634 1404 48 21 med
697 1410 84 15 samma
797 1403 102 27 privilegii
916 1403 62 26 helgd
985 1409 45 14 som

199 1432 223 27 prestaprivilegierna
444 1433 7 20 i
473 1432 71 27 öfrigt,
569 1439 47 14 men
633 1433 36 20 det
684 1432 91 21 innebär
791 1431 67 27 enligt
873 1431 41 22 min
931 1431 56 26 åsigt
1001 1431 31 21 in-

199 1461 94 26 galunda
308 1463 32 18 att
356 1461 47 21 icke
419 1461 241 27 författningsförslaget
675 1461 6 20 i
698 1461 43 21 alla
757 1460 38 21 fall
812 1461 38 20 bör
866 1460 81 27 framgå
962 1466 26 14 ur
998 1461 33 20 tre

200 1488 79 22 Stånds
301 1489 70 21 beslut
387 1490 39 21 och
449 1490 75 21 sådant
548 1490 36 20 det
607 1489 92 28 framgår
716 1490 99 21 kommer
830 1489 36 21 det
881 1491 33 19 att
930 1488 64 22 blifva
1009 1488 24 21 af

197 1518 105 27 privilegii
318 1520 69 19 natur.
417 1518 41 28 Jag
473 1518 48 22 ville
537 1518 68 22 uttala
621 1518 68 22 denna
705 1519 42 20 min
764 1518 57 27 åsigt
836 1517 33 21 för
884 1520 32 19 att
931 1517 102 27 möjligen
