1109 1786
301 137 179 22 Borgareståndet
491 138 57 17 1877.
573 139 12 16 2
597 138 121 18 November.
871 133 54 21 1627

90 207 39 27 jag
144 206 66 22 redan
225 207 27 27 på
267 206 145 27 förmiddagen
427 207 83 26 androg
525 206 40 22 och
581 206 77 25 tillika,
669 207 28 21 då
711 213 48 15 man
775 207 55 21 talat
840 207 84 27 mycket

94 241 34 15 om
149 235 86 21 Statens
257 235 110 26 oförmåga
389 237 32 19 att
443 235 91 22 bekosta
548 235 43 22 alla
607 235 26 22 de
648 241 28 15 nu
693 235 121 28 föreslagna
828 235 96 22 lärover-

94 264 48 25 ken,
163 264 70 21 lemna
248 263 40 22 den
303 263 154 28 upplysningen
473 265 33 20 att
520 264 96 21 Joensuu
631 264 112 21 stadsboer
757 264 64 21 hafva
836 263 87 22 förbun-

93 291 32 22 dit
147 293 39 25 sig,
209 294 32 19 att
263 293 6 20 i
284 292 103 22 händelse
402 293 37 20 det
453 292 128 28 fyrklassiga
597 293 68 26 lyceet
680 291 68 22 skulle
763 293 99 25 utvidgas
875 292 48 22 med

92 322 34 19 tre
144 320 89 24 klasser,
255 320 114 28 uppbygga
383 320 40 22 och
439 321 22 21 åt
476 321 89 21 Kronan
581 321 33 21 för
622 320 60 22 detta
697 320 81 28 lyceum
793 321 89 27 upplåta
896 327 26 15 en

93 349 65 27 nödig
179 349 64 21 lokal.
273 349 41 27 Jag
336 356 63 14 anser
420 351 33 19 att
469 349 70 22 denna
554 349 161 27 omständighet
729 349 72 21 tillika
816 350 48 22 med
878 350 41 21 den

92 378 185 27 omständigheten
299 380 32 19 att
353 378 96 21 Joensuu
471 378 62 21 skola
548 378 40 21 har
603 380 23 20 så
641 379 78 25 många
734 378 77 25 elever,
826 378 32 22 för
873 380 49 19 när-

92 406 93 22 varande
205 406 58 22 öfver
283 406 110 22 hundrade
415 408 56 20 samt
486 409 33 19 att
534 406 85 28 Kuopio
635 406 32 22 för
683 407 26 21 de
725 408 58 20 östra
798 407 87 21 delarne
900 406 24 22 af

92 434 93 22 Karelen
206 437 23 19 är
251 435 32 21 för
305 435 90 27 aflägset
414 435 40 21 bör
475 435 70 22 förmå
561 435 218 28 Skolöfverstyrelsen
795 437 32 20 att
842 434 79 22 föreslå

90 463 72 28 någon
178 464 56 26 slags
249 464 75 26 åtgärd
339 464 7 21 i
362 464 61 22 detta
437 463 60 28 syfte.

159 520 11 22 I
193 520 112 28 anledning
328 521 23 21 af
371 521 56 21 Herr
450 516 98 32 Öhbergs
569 522 86 20 senaste
678 521 100 27 yttrande
794 520 126 22 hemställde

90 550 57 21 Herr
162 549 168 22 Talmannen
346 550 32 21 till
394 549 91 22 Ståndet
495 550 107 21 huruvida
617 550 73 26 frågan
706 556 34 15 om
755 550 165 27 formuleringen

89 578 25 21 af
134 578 37 21 det
189 579 97 21 beslutna
301 579 100 27 generela
416 579 122 21 uttalandet
553 578 69 22 skulle
637 579 85 26 afgöras
738 579 46 21 före
799 579 52 21 eller
866 578 54 21 efter

89 606 149 22 diskussionen
253 607 91 21 rörande
359 609 119 19 momentet
493 610 35 21 m).

158 664 11 21 I
184 664 113 28 anledning
308 664 63 21 häraf
384 664 86 27 yttrade
485 664 33 27 sig

158 722 56 21 Herr
229 721 136 27 Procopé:
395 722 42 26 Jag
459 728 64 15 anser
544 723 34 20 att
596 722 19 20 vi
631 721 47 22 icke
693 723 56 19 ännu
764 721 53 22 böra
833 721 85 26 öfvergå

88 750 34 21 till
145 750 164 26 formuleringen
332 750 23 21 af
375 750 36 21 det
434 750 108 27 generella
558 750 127 26 uttalandet,
702 750 87 22 emedan
803 750 37 27 jag
854 756 63 15 anser

88 779 26 21 de
136 778 6 22 i
159 779 70 21 denna
243 778 68 27 punkt
327 780 129 20 omnämnda
471 779 129 21 läroverken
615 779 62 21 äfven
694 779 53 21 böra
761 778 155 22 sammanföras

88 807 32 21 till
136 808 59 21 detta
209 808 106 26 generella
331 808 116 21 uttalande.

157 864 56 22 Herr
236 864 139 22 Boström:
406 865 43 27 Jag
472 864 42 22 kan
537 864 47 22 icke
607 864 114 27 godkänna
736 864 122 22 Utskottets
874 864 43 21 för-

86 892 48 27 slag
156 893 73 21 derom
245 895 32 19 att
292 893 61 21 dessa
369 893 99 21 läroverk
484 893 53 21 eller
552 893 68 21 andra
635 892 70 22 skulle
720 893 80 21 lemnas
815 895 52 19 utan
882 892 34 21 af-

86 921 80 21 seende
191 921 22 21 af
234 921 126 27 Ständerna,
383 923 52 20 utan
458 928 64 15 anser
544 923 33 20 att
600 921 36 21 det
659 921 106 27 generella
788 922 127 25 uttalandet,

87 949 89 22 hvarom
197 949 90 23 Ståndet
308 950 65 21 fattat
392 950 71 21 beslut
479 951 61 20 äfven
557 950 39 21 bör
611 949 56 28 gälla
683 951 26 20 de
724 950 7 21 i
747 950 59 21 detta
821 953 95 18 moment

86 979 131 21 omnämnda
232 979 105 22 läroverk.

155 1035 56 22 Herr
234 1036 23 21 E.
284 1035 91 28 Bergh:
413 1035 42 27 Jag
478 1035 69 22 skulle
565 1035 7 21 i
587 1035 68 22 likhet
678 1036 48 21 med
749 1035 56 22 Herr
829 1031 87 30 Öhberg

84 1070 54 15 anse
158 1066 33 19 att
207 1064 35 21 det
257 1065 106 26 generella
378 1064 112 27 yttrandet
506 1071 28 14 nu
550 1064 66 21 borde
632 1064 125 21 formuleras
772 1064 64 21 innan
852 1064 20 21 vi
887 1063 28 28 gå

85 1092 33 22 till
140 1093 156 26 granskningen
320 1093 23 21 af
363 1095 118 19 momentet
504 1093 36 26 m),
564 1093 96 26 emedan,
677 1093 66 27 enligt
758 1093 55 21 hvad
825 1092 38 27 jag
877 1092 38 21 vill

85 1121 72 22 erinra
173 1121 48 28 mig,
237 1122 36 21 det
288 1121 107 28 generella
409 1121 113 27 yttrandet
536 1121 104 27 föreslogs
655 1121 89 22 sålunda
760 1123 33 20 att
808 1121 36 21 det
859 1121 57 21 blott

84 1150 70 21 skulle
169 1150 58 27 gälla
246 1150 68 21 finska
329 1150 79 27 skolor,
425 1156 49 15 men
490 1150 31 21 uti
537 1150 97 27 punkten
650 1151 28 26 m)
695 1150 142 21 förekommer
852 1149 62 22 äfven

84 1181 33 19 ett
136 1179 105 25 läroverk,
260 1179 47 21 med
323 1179 86 21 svenskt
424 1179 235 27 undervisningsspråk,
675 1185 46 15 som
736 1178 89 22 sålunda
840 1178 74 27 tyckes

85 1206 66 22 blifva
173 1207 59 21 svårt
253 1209 31 19 att
305 1207 112 28 inbegripa
439 1207 69 21 under
524 1207 37 21 det
575 1207 110 26 generella
700 1207 111 21 uttalande
827 1213 35 15 om
878 1206 37 22 det

84 1235 127 22 formuleras
227 1236 69 21 såsom
312 1237 112 26 meningen
439 1237 63 20 varit.

153 1293 56 21 Herr
231 1293 155 27 Tengström:
417 1293 43 22 Det
481 1293 69 22 skulle
571 1293 69 22 strida
663 1295 58 20 emot
741 1293 40 22 den
802 1293 112 22 förutsätt-

83 1321 52 27 ning
158 1321 120 22 hvarunder
300 1321 90 22 Ståndet
413 1321 122 22 diskuterat
551 1322 129 27 föregående
695 1324 99 24 moment,
815 1328 34 15 om
865 1327 49 16 man

83 1349 57 27 ville,
162 1350 65 22 innan
243 1351 40 21 den
299 1350 148 22 diskussionen
463 1353 26 19 är
498 1350 93 22 slutförd
606 1351 111 26 angående
732 1350 82 28 hvarje'
819 1352 95 20 moment

83 1378 109 27 särskildt,
215 1379 114 22 formulera
351 1379 36 22 det
405 1379 111 22 såkallade
531 1379 109 27 generella
655 1379 128 22 uttalandet.
813 1380 41 25 Jag
870 1379 44 21 för-

82 1413 53 16 enar
150 1407 44 27 mig
209 1408 48 21 med
272 1407 56 22 Herr
342 1408 97 27 Procopé
455 1407 77 27 deruti,
548 1410 33 19 att
597 1408 36 21 det
649 1408 66 21 måtte
731 1408 21 21 få
760 1408 51 21 bero
821 1407 32 22 till
866 1407 48 22 dess

81 1435 29 22 de
123 1436 108 21 särskilda
245 1437 120 26 punkterna
379 1438 38 19 äro
433 1436 189 22 slutbehandlade.

152 1492 57 22 Herr
223 1487 127 33 Öhberg:
380 1493 34 21 Då
437 1492 37 22 det
490 1494 111 27 generella
617 1493 122 22 uttalandet
752 1494 7 20 i
773 1494 44 21 alla
832 1492 38 22 fall
886 1498 27 16 en

82 1521 55 27 gång
160 1520 55 23 skall
231 1522 132 26 formuleras,
379 1521 24 22 så
418 1528 51 16 vore
486 1522 34 22 väl
536 1522 52 22 bäst
603 1524 32 20 att
651 1522 37 22 det
703 1528 28 16 nu
746 1522 68 22 skulle
829 1522 45 26 ske,
889 1524 23 24 ty
