1109 1786
184 116 57 22 2008
392 121 180 22 Borgareståndet
585 122 56 18 1877.
665 123 28 16 30
705 122 120 17 November.

183 192 68 20 ström
274 190 105 27 medgifva
401 192 33 19 att
453 191 38 26 jag
509 190 40 21 har
564 192 51 24 rätt,
632 190 27 22 då
671 190 38 27 jag
732 190 73 27 påstår
820 191 33 20 att
868 189 36 22 det
923 191 92 20 tvärtom

184 219 77 22 endast
282 219 154 27 undantagsvis
458 219 143 21 förekommer
623 219 66 26 något
709 219 31 25 år,
764 218 27 22 då
807 219 36 21 det
857 219 47 21 icke
919 218 97 22 inträffar

184 249 33 20 att
232 248 68 21 under
316 248 61 21 dessa
393 247 110 22 båtfärder
517 247 66 27 något
598 247 25 22 lif
637 248 39 26 går
688 247 111 22 förloradt.
821 247 43 21 Det
873 247 40 21 hör
923 249 92 20 tvärtom

184 275 33 22 till
233 277 80 25 regeln.
343 276 76 21 Denna
433 276 46 21 färd
496 278 25 19 är
536 277 109 20 dessutom
661 276 24 21 så
699 276 159 26 ansträngande
873 275 40 22 och
925 275 49 22 svår
984 277 32 20 att

185 304 38 22 det
237 304 63 22 torde
315 311 52 15 vara
382 304 21 22 få
423 311 102 21 personer
540 305 23 21 af
577 305 54 25 dem,
647 304 72 22 hvilka
734 307 64 24 egnat
813 304 32 27 sig
860 304 24 22 åt
898 305 61 21 dessa
974 304 42 22 fär-

185 333 45 25 der,
245 339 46 15 som
308 333 46 21 icke
377 333 61 21 skola
453 333 71 21 känna
539 335 33 19 att
588 334 61 20 deras
666 333 59 21 helsa
741 333 123 27 derigenom
880 332 41 22 blir
936 332 80 22 försva-

185 362 42 27 gad
243 362 39 21 och
298 362 99 27 slutligen
413 362 99 21 förstörd.
541 362 107 22 Särskildt
663 362 67 21 finnes
745 362 35 21 vid
797 362 69 21 denna
878 361 102 27 landtdag
991 368 25 14 en

184 393 157 24 representant,
356 397 45 15 som
417 391 6 21 i
439 391 46 21 sina
500 396 57 21 unga
572 390 25 22 år
612 403 28 3 —
653 391 37 27 jag
705 392 35 20 vet
755 390 19 26 ej
791 390 56 21 huru
860 390 51 27 lång
921 390 37 26 tid,
968 396 48 15 men

184 420 69 20 under
276 419 77 27 många
375 420 24 20 år
417 419 41 21 kan
481 419 37 21 det
540 419 19 27 ej
583 419 27 21 ha
632 420 62 24 varit,
717 419 28 21 då
768 419 41 21 han
825 420 57 20 ännu
896 420 25 20 är
935 418 82 28 ganska

184 454 43 20 ung
245 460 24 2 —
286 448 45 21 ofta
349 448 58 26 gjort
427 448 81 21 sådana
530 448 121 26 forsfärder,
675 447 39 22 och
737 448 42 21 han
802 447 106 22 förklarar
926 449 32 19 att
974 447 42 21 han

185 476 108 22 derunder
309 476 68 21 brutit
393 477 31 21 sin
439 476 67 26 helsa,
522 476 40 22 och
579 476 36 22 det
629 476 82 27 ganska
726 476 64 22 svårt.

254 533 57 21 Herr
326 528 106 33 Åberg:
462 534 42 27 Jag
518 540 63 15 anser
597 534 36 20 det
648 540 51 14 vara
715 540 26 15 en
756 533 82 27 ganska
853 532 103 27 väsentlig
966 532 50 21 skil-

185 562 43 21 nad
251 562 92 21 emellan
366 564 31 20 ett
412 562 75 27 anslag
508 562 32 21 för
556 569 25 15 en
598 562 96 27 offentlig
709 562 40 22 och
765 562 34 21 för
815 568 25 15 en
856 561 82 22 enskild
954 561 61 22 bana.

185 591 44 21 Det
244 592 25 20 är
283 591 66 21 också
365 591 18 27 ej
403 591 32 21 för
450 591 70 21 denna
534 591 72 26 frågas
621 591 112 21 financiela
748 591 109 27 betydelse
870 591 36 26 jag
922 590 94 21 önskade

185 619 22 21 få
223 619 124 22 densamma
370 620 122 21 remitterad
514 620 33 21 till
571 619 173 27 Statsutskottet,
767 622 52 18 utan
843 619 36 21 det
896 620 25 19 är
935 618 33 22 för
984 621 33 19 att

185 647 83 22 erhålla
290 648 115 27 utredning
428 648 80 24 derom,
527 648 106 21 huruvida
649 648 36 21 det
700 648 109 27 verkligen
825 649 24 19 är
864 647 46 21 skäl
925 649 33 19 att
973 649 43 19 sta-

185 679 37 19 ten
237 677 142 21 understöder
402 677 95 21 enskilda
518 676 191 28 jernvägsföretag,
732 676 123 28 isynnerhet
876 676 27 21 då
918 676 26 21 de
959 676 57 26 gälla

186 705 24 21 så
225 705 110 27 betydliga
349 705 190 27 penningebelopp,
554 712 45 15 som
615 706 37 20 det
667 705 169 27 ifrågavarande.

256 762 57 22 Herr
336 762 138 22 Höckert:
505 762 131 27 Flerfaldiga
651 763 80 25 gånger
746 762 68 22 under
829 762 70 21 denna
914 761 102 27 landtdag

185 790 64 22 hafva
265 791 56 21 inom
338 791 59 21 detta
412 791 74 25 Stånd,
502 792 27 20 då
544 791 61 27 fråga
620 791 102 21 förevarit
737 798 34 14 om
787 791 75 26 anslag
877 790 33 21 till
922 792 31 19 ett
964 790 52 21 eller

185 822 66 19 annat
274 820 106 25 ändamål,
403 820 46 27 höjt
471 820 31 26 sig
524 822 75 24 röster,
623 820 97 26 vanligen
743 820 48 21 från
806 825 81 15 samma
902 818 50 25 håll,
968 818 48 22 med

185 848 96 27 yrkande
302 850 33 20 att
354 848 74 27 frågan
447 848 54 22 skall
516 848 127 27 hänskjutas
658 848 32 22 till
706 848 173 26 Statsutskottet,
895 847 63 21 innan
975 848 41 20 den

185 877 43 20 kan
244 876 65 22 blifva
324 876 89 21 föremål
435 877 34 21 för
485 877 129 26 behandling
629 877 57 21 inom
703 877 97 21 Ständet.
832 876 76 21 Denna
922 876 94 27 uppfatt-

185 905 57 27 ning,
259 911 46 16 som
325 905 38 27 jag
378 907 45 20 tror
445 908 32 19 att
499 906 19 26 ej
533 905 105 28 nägonsin
653 905 71 22 blifvit
739 905 24 22 af
777 905 91 22 Ständet
883 904 133 27 accepterad,

185 933 40 22 har
238 933 37 27 jag
290 934 61 21 alltid
375 934 48 21 sökt
446 934 133 27 vederlägga,
603 934 39 21 och
663 934 35 27 jag
713 934 82 27 hoppas
811 936 32 19 att
860 933 39 22 den
914 933 19 26 ej
949 933 67 21 heller

185 969 29 14 nu
229 962 56 21 skall
308 962 64 21 blifva
395 963 105 26 godkänd.
530 963 57 22 Herr
633 963 52 26 Åberg
707 963 39 21 har
769 963 89 20 betonat
876 964 32 19 att
924 961 92 22 Statsut-

186 991 83 21 skottet
293 991 67 21 borde
382 997 25 20 ge
430 991 110 22 utlätande
563 991 60 22 öfver
637 991 153 27 lämpligheten
806 993 32 19 att
854 991 162 21 subventionera

185 1019 98 22 enskilda
298 1019 93 27 företag;
407 1020 36 21 det
458 1020 68 27 ligger
540 1020 56 21 dock
613 1022 57 19 utom
687 1020 177 21 Statsutskottets
874 1019 141 21 verksamhet.

185 1048 67 21 Detta
267 1049 84 20 utskott
371 1048 38 21 har
425 1049 54 20 blott
494 1051 33 19 att
541 1051 58 24 yttra
615 1049 32 26 sig
663 1048 59 21 öfver
738 1048 106 21 huruvida
859 1047 69 22 medel
943 1047 73 22 kunna

185 1077 92 21 beredas
300 1077 32 21 för
355 1077 106 25 ändamäl,
485 1083 44 16 som
552 1077 121 22 Ständerna
695 1077 57 21 finna
774 1083 51 15 vara
840 1077 120 20 önskvärda
976 1076 40 21 och

185 1106 88 27 nyttiga.
305 1105 46 22 Den
374 1105 23 22 sä
420 1105 76 28 många
518 1106 80 27 gånger
621 1106 120 27 åberopade
764 1107 12 25 $
795 1106 27 20 36
839 1105 39 21 har
901 1105 65 21 redan
982 1105 33 20 vid

184 1133 50 22 flere
250 1134 129 26 föregående
402 1134 97 21 tillfällen
518 1135 68 21 blifvit
602 1134 110 22 förklarad
727 1135 40 21 och
784 1134 80 26 utlagd,
880 1133 85 22 hvarför
978 1133 38 27 jag

184 1169 63 15 anser
270 1163 43 26 mig
336 1163 46 21 icke
405 1163 54 27 ånyo
482 1163 91 22 behöfva
596 1164 88 27 utlägga
699 1163 48 24 den,
763 1165 52 19 utan
831 1163 126 21 inskränker
972 1162 44 27 mig

184 1191 33 21 till
232 1192 33 20 att
281 1191 79 21 föreslå
375 1193 32 19 att
423 1191 89 22 Ståndet
527 1198 28 15 nu
571 1192 87 27 pröfvar
669 1192 40 21 och
719 1192 96 21 besluter
826 1191 110 27 angående
946 1191 70 20 denna

184 1219 97 28 petition,
304 1219 60 22 allt
360 1214 13 38 i
381 1220 40 21 den
443 1220 152 27 förutsättning
618 1223 33 19 att
673 1220 69 22 medel
765 1220 73 21 kunna
857 1220 95 21 beredas.
982 1218 34 23 Då

184 1248 37 22 det
236 1249 65 21 sedan
317 1249 41 21 blir
373 1249 60 26 fråga
449 1255 34 15 om
499 1250 39 20 den
555 1251 61 20 extra
631 1249 196 27 statsregleringen,
838 1249 24 21 så
874 1248 41 21 blir
925 1249 91 21 Ståndet

183 1277 7 21 i
206 1277 85 22 tillfälle
307 1279 38 22 att,
361 1278 71 21 derest
447 1277 46 22 icke
508 1278 127 27 tillräckligt
650 1278 69 21 medel
734 1278 75 25 finnes,
826 1277 94 21 derifrån
930 1279 86 19 utmön-

184 1307 45 20 stra
245 1306 26 21 de
287 1308 79 25 poster,
389 1306 74 21 hvilka
485 1306 43 22 afse
551 1306 106 24 ändamål,
673 1307 54 23 dem
743 1306 91 22 Ståndet
850 1312 62 15 anser
927 1306 7 21 i
949 1305 67 22 första

184 1337 93 19 rummet
299 1335 72 21 kunna
394 1334 117 23 tillsvidare
532 1335 108 22 umbäras.
670 1335 34 22 Då
725 1335 37 27 jag
778 1335 23 20 af
817 1335 69 21 denna
902 1334 114 27 anledning

183 1363 72 21 funnit
271 1363 42 26 mig
329 1363 76 21 manad
421 1365 32 20 att
468 1363 78 28 begära
561 1364 68 26 ordet,
645 1364 43 21 kan
702 1364 36 27 jag
753 1364 20 27 ej
789 1363 113 21 underlåta
912 1365 33 19 att
954 1363 62 21 äfven

182 1393 59 25 yttra
256 1393 43 25 mig
314 1391 7 21 i
336 1391 76 28 sjelfva
427 1392 71 21 saken.
528 1392 40 27 Jag
584 1392 46 26 har,
646 1393 70 21 såsom
732 1393 37 21 det
785 1393 24 20 är
825 1392 89 21 Ståndet
930 1391 86 26 bekant,

183 1420 98 27 deltagit,
297 1421 7 20 i
319 1421 107 26 egenskap
441 1421 24 21 af
479 1421 93 22 ledamot
586 1422 8 20 i
608 1422 219 26 Jernvägsutskottet,
843 1421 7 20 i
861 1419 155 28 behandiingen

183 1448 23 21 af
227 1449 33 21 till
285 1449 59 22 detta
365 1449 84 22 utskott
471 1449 130 27 hänskjutna
621 1450 101 25 ärenden,
745 1449 83 22 säledes
852 1449 60 21 äfven
927 1449 7 21 i
949 1449 66 21 detta.

183 1477 42 27 Jag
239 1483 64 15 anser
318 1477 43 27 mig
376 1477 84 22 derföre
475 1477 53 22 böra
542 1478 58 26 gifva
615 1478 92 22 Ständet
722 1478 107 21 tillkänna
840 1479 33 19 att
881 1478 37 26 jag
928 1478 18 26 ej
958 1476 58 22 med-

183 1505 75 22 verkat
274 1505 32 22 till
322 1506 37 21 det
374 1506 75 27 beslut,
464 1506 59 22 hvari
538 1506 107 22 utskottet
660 1507 7 21 i
683 1507 69 21 denna
768 1506 61 27 fräga
844 1508 92 24 stannat,
950 1505 66 23 ehuru
