1109 1786
211 115 56 21 1592
417 120 181 22 Borgareståndet
611 121 54 17 1877.
689 121 14 17 2
715 121 120 18 November.

210 195 90 16 numera
317 190 56 21 Herr
387 189 115 25 Lindelöfs,
517 189 74 22 ställes
606 191 58 20 emot
680 190 36 21 det
731 196 40 15 ena
785 189 53 22 eller
848 190 68 21 andra
926 191 116 20 momentet

211 218 7 21 i
234 217 61 22 detta
310 218 141 26 betänkande,
467 219 24 20 så
506 219 32 20 lär
552 218 35 21 väl
603 218 47 21 icke
665 218 66 27 något
747 218 117 27 afgörande
879 218 7 21 i
897 218 72 27 klump
980 225 63 15 anses

210 246 89 23 komma
313 247 7 21 i
335 247 66 27 fråga.
431 247 43 21 Det
489 247 39 21 har
543 247 66 21 också
624 247 23 21 af
660 247 57 22 Herr
730 247 91 21 Jansson
838 247 110 21 anmärkts
962 249 33 20 att
1009 250 33 19 ut-

211 275 85 27 trycket
320 277 33 20 att
375 275 75 22 Staten
465 275 69 22 skulle
559 275 111 27 öfvertaga
685 281 28 16 nu
729 275 109 27 befintliga
852 275 192 27 skolinrättningar

215 303 47 21 icke
277 304 68 21 skulle
360 304 116 26 inrymmas
491 304 68 21 under
575 304 36 21 det
625 303 132 22 allmännare
771 304 109 27 uttrycket
895 305 33 20 att
937 310 40 21 nya
988 304 56 21 läro-

211 332 106 22 anstalter
331 332 66 22 borde
419 332 97 22 inrättas.
546 332 41 26 Jag
602 334 46 19 tror
663 332 33 22 för
711 332 44 22 min
771 332 33 22 del
819 334 33 19 att
867 338 34 16 om
917 332 75 22 Staten
1006 332 38 22 vill

211 360 82 22 inrätta
315 363 32 20 ett
370 361 99 21 läroverk
491 361 28 27 på
541 367 27 15 en
583 360 52 22 eller
652 367 70 15 annan
738 362 34 20 ort
787 361 39 21 och
842 361 39 21 der
895 361 66 21 redan
976 361 67 21 finnes

212 391 31 19 ett
259 390 71 26 privat
345 389 82 25 sådant,
450 390 74 21 Staten
540 389 85 27 mycket
646 389 35 21 väl
696 390 42 21 kan
753 390 111 26 öfvertaga
879 390 59 21 detta
954 390 39 21 och
1009 390 34 21 be-

212 418 68 21 strida
295 418 145 22 kostnaderna
455 418 34 22 för
504 418 127 25 detsamma,
647 418 86 22 hvarför
749 418 139 22 förordandet
903 418 23 21 af
939 424 26 15 en
977 419 67 21 sådan

213 446 77 27 åtgärd
313 447 82 27 mycket
419 447 34 21 väl
475 447 42 21 kan
541 447 116 27 inrymmas
679 447 68 21 under
763 447 36 21 det
814 447 108 21 allmänna
936 447 109 27 uttrycket

213 476 33 20 att
261 475 82 22 inrätta
359 475 156 22 läroanstalter.
546 475 62 21 Hvad
630 475 101 22 särskildt
744 475 76 27 frågan
836 481 34 15 om
887 475 157 22 fortbeståndet

212 503 25 21 af
250 504 119 27 Uleåborgs
391 504 98 21 läroverk
512 503 102 22 beträffar
636 504 40 21 och
699 504 40 21 den
755 504 76 26 åtgärd
847 504 90 22 Ståndet
952 504 92 22 förlidne

212 532 39 22 vår
266 533 8 21 i
291 533 68 21 denna
382 532 154 28 angelägenhet
559 532 97 27 vidtagit,
671 532 24 22 så
717 533 68 27 ligger
800 532 36 22 det
851 532 34 22 för
900 533 42 26 mig
958 535 86 19 temme-

213 560 58 28 ligen
293 562 65 25 klart,
381 563 32 20 att
436 562 120 21 Ständerna
572 561 27 22 dä
614 561 83 22 beslöto
713 564 33 19 att
760 562 31 21 uti
807 561 131 26 underdänig
953 560 91 28 petition

213 589 88 22 anhålla
324 596 34 15 om
374 592 31 19 ett
428 590 103 27 tillfälligt
554 591 75 25 anslag
651 589 34 22 för
701 590 69 21 denna
786 590 66 26 skola,
868 591 51 19 utan
934 591 33 20 att
982 589 62 22 Stän-

214 618 67 22 derna
296 618 28 22 då
339 618 85 27 ingingo
439 618 71 27 någon
525 620 100 20 närmare
640 618 131 28 granskning
786 618 22 22 af
821 618 100 22 behofvet
937 618 63 21 deraf
1012 618 34 21 för

216 646 122 22 framtiden.
370 642 135 26 Åtminstone
526 647 49 27 gick
590 647 7 20 i
613 647 59 21 detta
694 647 67 21 Stånd
780 646 147 22 diskussionen
943 646 65 27 derpå
1022 649 24 19 ut

213 677 36 19 att
263 682 50 15 man
329 676 68 21 skulle
412 676 6 20 i
435 676 34 21 del
484 675 73 21 afbida
572 675 115 22 Allmänna
697 676 209 21 Besvärsutskottets
920 675 70 21 beslut
1006 676 39 20 och

214 704 35 21 för
265 704 94 22 tillfället
375 704 75 22 endast
472 704 117 21 inskränka
604 704 31 26 sig
651 704 32 21 till
699 706 34 19 att
747 704 86 22 anhålla
848 710 34 15 om
898 706 32 20 ett
944 704 102 27 tillfälligt

215 733 82 27 anslag,
313 739 44 15 som
371 733 37 27 jag
423 736 45 18 tror
483 739 37 15 var
536 733 120 21 beräknadt
671 732 34 22 för
721 735 31 19 ett
767 734 30 20 år.

287 790 55 21 Herr
357 790 148 21 Boström:
536 790 75 22 Såvidt
623 790 38 27 jag
671 790 83 21 kunnat
763 790 54 22 fatta
829 790 40 21 den
880 790 66 26 fråga,
958 790 86 21 hvarom

216 818 149 22 diskussionen
389 825 28 15 nu
439 821 36 19 rör
497 819 37 27 sig,
550 818 69 26 gäller
634 819 40 21 den
690 820 39 24 att,
745 819 102 27 antingen
862 818 112 27 godkänna
990 818 56 21 Herr

215 847 109 22 Höckerts
339 847 80 27 förslag
435 849 31 19 att
482 849 30 19 ett
535 847 91 21 allmänt
647 848 112 20 uttalande
779 848 54 20 skall
849 847 37 21 ske
902 847 7 21 i
924 847 72 21 stället
1012 846 34 22 för

215 875 44 22 alla
275 876 62 21 dessa
353 878 99 22 moment,
469 875 51 22 eller
542 876 41 20 ock
598 878 33 19 att
646 876 91 26 besluta,
753 878 32 19 att
801 876 72 26 hvarje
889 874 22 22 af
925 875 61 21 dessa
1002 881 44 15 mo-

215 906 60 19 ment
291 904 54 21 skall
361 904 100 21 särskildt
476 904 121 27 genomgås.
629 905 79 20 Derom
724 904 39 21 har
779 904 120 21 emellertid
914 903 46 22 icke
970 903 76 27 frågan

215 933 7 20 i
237 933 122 21 hufvudsak
381 935 46 19 rört
449 933 32 26 sig
503 935 52 18 utan
578 933 87 21 förirrat
687 934 33 26 sig
742 933 28 26 pä
792 932 144 27 hvarjehanda
952 932 94 27 afvägar.

215 961 43 27 Jag
273 961 69 22 skulle
365 961 72 22 derför
460 961 33 21 för
515 961 44 21 min
583 961 34 21 del
633 961 84 26 föreslä,
734 963 32 20 att
781 961 91 21 Ständet
887 961 69 21 skulle
971 961 75 26 ätergä

215 989 34 22 till
265 990 41 21 den
321 989 81 28 frägan,
418 989 88 22 hvarom
530 989 121 22 diskussion
667 997 29 14 nu
711 990 121 26 föreligger;
850 989 61 27 eljest
926 990 85 21 komma
1026 989 20 21 vi

215 1018 49 21 icke
280 1019 32 20 till
328 1019 112 21 resultatet
463 1020 51 19 utan
536 1021 179 24 resonnemanget
730 1019 81 26 fortgär
826 1018 22 21 in
864 1018 110 21 infinitum.
1004 1018 42 27 Jag

215 1047 34 21 för
265 1047 43 21 min
324 1047 34 22 del
373 1047 70 28 hyllar
458 1047 7 21 i
480 1047 120 21 hufvudsak
616 1047 41 22 den
673 1047 62 27 äsigt,
750 1053 45 16 som
812 1047 56 21 Herr
883 1047 105 21 Höckerts
1004 1046 42 21 för-

215 1075 48 27 slag
278 1075 123 27 innefattar,
425 1082 48 15 men
495 1082 62 15 anser
581 1076 36 21 det
634 1076 55 21 dock
712 1082 51 15 vara
785 1075 89 22 alldeles
889 1075 102 27 naturligt
1006 1075 40 21 och

215 1103 110 27 sjelffallet
347 1107 32 19 att
401 1111 26 15 en
443 1104 120 21 diskussion
582 1105 40 21 bör
637 1105 72 20 kunna
725 1105 38 21 ske
778 1104 110 27 angäende
904 1104 72 27 hvarje
992 1103 55 22 skild

215 1133 76 26 punkt.

287 1190 56 21 Herr
364 1190 19 21 J.
399 1191 26 20 A.
441 1190 115 27 Nystön:
587 1191 70 21 Jemte
681 1191 36 20 det
737 1190 37 27 jag
796 1189 132 21 fortfarande
943 1189 105 21 vidhäller

216 1218 41 22 den
281 1218 23 22 af
323 1219 43 27 mig
386 1218 57 22 förut
458 1218 95 22 uttalade
569 1218 88 27 äsigten,
674 1220 32 20 att
722 1218 36 22 det
773 1224 51 15 vore
840 1218 107 27 gagneligt
962 1218 34 21 för
1010 1224 37 15 ve-

217 1247 135 22 derbörande
371 1249 32 20 att
423 1248 68 21 känna
506 1247 109 27 äsigterna
630 1247 39 22 hos
684 1248 84 21 landets
784 1247 169 26 representation
969 1247 78 21 beträf-

215 1275 66 22 fande
305 1276 26 21 de
353 1276 134 27 lämpligaste
509 1278 87 19 orterna
617 1276 33 21 för
666 1276 26 21 de
707 1276 108 21 blifvande
831 1275 106 25 skolorna,
954 1275 35 22 vill
1002 1275 44 27 jag,

216 1304 27 21 dä
267 1305 36 20 det
324 1306 24 20 är
363 1305 87 21 osäkert
465 1305 104 21 huruvida
582 1304 37 27 jag
633 1305 43 21 kan
692 1305 97 21 försvara
803 1304 45 21 min
863 1304 96 27 petition,
974 1305 7 20 i
996 1304 52 21 hän-

216 1333 61 21 delse
299 1333 56 22 Herr
373 1333 106 22 Höckerts
495 1333 80 27 förslag
589 1333 75 21 vinner
678 1333 193 27 Borgareständets
887 1331 65 28 bifall,
968 1339 27 15 nu
1012 1334 35 19 ut-

215 1361 47 22 läta
285 1362 43 27 mig
351 1368 34 15 om
401 1362 121 21 Utskottets
543 1362 82 26 förslag
640 1362 6 21 i
662 1362 69 21 denna
747 1362 40 21 del.
819 1361 114 21 Allmänna
947 1362 101 21 Besvärs-

216 1391 109 21 utskottet
346 1390 39 22 har
407 1391 6 20 i
437 1391 47 20 dess
506 1397 28 14 nu
558 1390 146 27 föreliggande
727 1390 137 22 betänkande
880 1390 33 21 väl
929 1391 77 20 erkänt
1021 1389 27 21 de

216 1419 139 26 svårigheter,
379 1425 46 16 som
440 1419 33 21 för
487 1419 158 21 innevänarene
659 1419 8 21 i
682 1419 85 21 landets
777 1418 80 27 ostliga
872 1418 60 22 delar
946 1425 39 20 ega
1000 1424 48 15 rum

216 1447 7 20 i
243 1447 56 27 följd
314 1447 22 22 af
351 1447 40 22 den
407 1448 131 21 närvarande
555 1447 156 22 dislokationen
728 1448 23 21 af
764 1447 106 26 läroverk,
885 1453 49 15 men
947 1447 65 21 likväl
1028 1446 20 27 ej

215 1475 59 26 gjort
289 1476 118 26 nägonting
422 1476 33 21 för
471 1478 31 19 att
518 1476 95 27 afhjelpa
629 1476 62 21 dessa
706 1476 139 26 svärigheter,
861 1478 51 18 utan
928 1475 68 26 afböjt
1011 1481 37 15 an-

216 1504 105 27 tagandet
345 1504 24 21 af
387 1504 41 22 den
443 1504 48 22 utaf
505 1504 43 28 mig
564 1504 120 28 föreslagna
699 1505 118 26 petitionen
833 1504 141 27 synnerligast
989 1503 7 21 i
1011 1503 38 21 be-
