1109 1786
192 121 60 35 2084
405 131 180 22 Borgareståndet
597 132 54 17 1877.
675 133 9 16 1
697 132 118 17 December.

195 199 118 22 utskottets
335 199 142 22 betänkande.
508 200 29 21 Af
557 200 60 21 detta
639 201 111 20 utlåtande
773 201 40 20 kan
833 200 37 27 jag
888 201 19 26 ej
923 200 57 22 finna
994 202 33 20 att

196 235 38 15 ens
249 228 56 22 Herr
319 229 222 26 Fiskeriinspektören
561 228 68 22 skulle
645 229 82 21 kunnat
741 231 52 24 göra
808 229 66 26 något
890 229 86 26 positivt
990 229 37 27 på-

195 257 96 25 stående,
307 259 26 20 än
349 257 80 22 mindre
445 257 48 22 leda
509 257 7 21 i
530 257 66 26 bevis,
613 259 32 20 att
661 257 115 28 flötningen
789 257 69 22 skulle
870 257 77 22 hindra
958 257 68 22 fisket.

195 285 70 21 Bland
281 285 26 21 de
328 286 66 25 bevis,
413 285 41 21 han
470 285 6 21 i
493 286 59 20 detta
568 286 100 21 afseende
683 286 140 26 framdrager,
840 285 68 22 finnas
923 287 42 25 två,
980 292 46 16 som

196 315 50 19 röra
268 313 148 22 förhållanden
431 314 8 21 i
454 314 83 21 landets
558 314 98 27 nordliga
671 314 73 22 elfvar.
774 314 64 22 Först
860 314 55 21 talar
934 314 42 22 han
991 321 35 15 om

195 342 55 22 Uleå
273 342 34 24 elf,
330 343 37 21 der
389 343 42 21 han
455 343 73 27 påstår
550 344 33 20 att
605 344 68 20 under
695 343 26 21 de
739 345 34 19 tre
788 344 85 20 senaste
888 343 58 27 åren,
961 344 65 21 sedan

195 370 165 28 fiskeristadgan
376 371 71 27 börjat
461 371 129 26 efterlefvas,
607 378 48 14 man
670 372 41 21 fått
726 371 41 22 fisk
783 371 33 21 för
832 372 78 24 80,000
922 372 59 21 mark
992 378 34 15 om

196 399 53 27 året,
273 400 76 21 medan
373 406 48 15 man
443 400 61 25 1869,
523 400 28 21 då
566 400 90 26 stadgan
672 400 125 22 faststäldes
812 400 76 21 endast
903 400 67 21 erhöll
986 400 40 22 fisk

196 427 35 22 för
245 430 32 19 ett
293 429 65 21 värde
373 428 22 21 af
409 429 78 25 26,566
504 429 67 21 mark.
601 428 29 22 Sä
645 429 85 27 mycket
743 429 36 26 jag
795 431 42 23 vet,
853 429 23 21 sä
891 428 39 22 har
943 428 83 22 flötnin-

196 462 41 20 gen
259 456 24 22 af
303 457 130 27 skogsalster
448 458 7 20 i
470 456 55 22 Uleä
547 457 31 21 elf
599 457 112 21 bedrifvits
733 458 68 20 under
820 457 93 21 lektiden
929 457 58 21 säväl
1002 458 24 21 är

197 486 62 26 1869,
275 492 45 15 som
343 486 61 29 äfven
427 486 26 20 de
472 488 33 19 tre
520 487 85 20 senaste
621 486 60 26 ären;
698 487 39 20 och
753 492 34 15 om
803 485 118 27 flötningen
936 486 6 21 i
958 486 68 21 denna

196 514 30 21 elf
247 514 102 27 någonsin
373 514 111 22 bedrifvits
499 514 7 21 i
522 517 45 19 stor
589 514 67 26 skala,
679 515 24 21 sä
726 515 39 21 har
783 514 36 22 det
832 514 46 27 just
893 514 57 22 skett
965 514 62 22 dessa

196 545 86 19 senaste
297 544 31 25 är,
345 543 33 26 dä,
394 543 67 28 enligt
484 543 61 21 dessa
563 543 114 28 uppgifter,
692 544 133 27 laxfängsten
841 543 65 27 stigit.
937 544 41 20 Det
994 549 32 21 sy-

196 577 38 16 nes
250 572 83 21 således
355 578 45 15 som
423 578 34 15 om
480 572 146 26 laxfängstens
647 573 98 26 stigande
766 572 48 26 gått
829 572 73 26 jemna
918 574 46 25 steg
979 572 47 21 med

196 599 142 27 tillökningen
353 601 8 21 i
373 600 189 27 skogsprodukter,
585 606 45 15 som
646 601 67 21 under
728 601 77 21 hösten
822 600 120 22 nedflötats.
972 600 54 22 Här-

196 629 35 21 vid
247 628 70 22 kunde
340 629 55 21 dock
415 629 113 21 anmärkas
548 631 33 19 att
596 629 58 21 detta
671 631 43 19 sätt
729 632 32 18 att
777 629 91 21 värdera
883 628 143 22 fiskkvantite-

196 659 37 19 ten
254 659 24 20 är
293 657 66 27 nägot
373 657 153 27 besynnerligt;
549 664 49 14 man
612 658 73 26 tyckes
701 660 98 24 uppväga
813 657 68 21 fisken
897 658 47 20 med
958 657 68 22 finska

196 686 69 21 mark.
294 686 111 27 Begagnar
427 692 48 15 man
491 687 96 20 deremat
601 687 41 20 den
658 686 85 27 vanliga
756 687 80 26 vigten,
852 692 45 15 som
914 686 60 27 eljest
988 692 38 15 an-

196 714 80 22 vändes
299 714 34 22 för
354 718 33 18 att
409 716 54 25 väga
483 721 43 20 upp
548 721 26 15 en
592 721 57 18 vara,
665 716 24 20 sä
704 715 65 21 blifva
785 714 162 22 förhällandena
962 715 64 26 nägot

196 743 141 27 annorlunda,
359 746 26 18 än
407 744 25 20 de
456 743 39 21 här
511 743 99 25 framstä;
629 746 22 24 ty
668 744 35 20 det
719 744 62 21 torde
797 744 73 20 säkert
885 750 51 14 vara
952 743 33 21 för
1000 744 26 20 de

196 771 62 21 flesta
281 772 79 21 bekant
381 774 32 19 att
435 772 128 21 ätminstone
573 772 86 28 laxens
683 772 43 26 pris
749 772 105 27 betydligt
873 772 92 21 varierat
980 771 46 22 frän

197 801 56 21 1869
272 800 33 21 till
329 801 25 21 de
377 803 83 19 senaste
482 800 57 22 åren.
569 801 64 21 Ännu
655 801 32 21 för
707 807 37 15 sex
767 802 25 20 är
807 801 65 21 sedan
888 807 37 15 var
940 801 86 27 priset
1015 796 15 36 i

196 828 120 28 Uleåborgs
331 832 63 24 pator
409 830 12 20 6
438 828 13 22 ä
466 830 11 20 7
494 829 72 26 mark;
583 836 28 14 nu
627 830 81 26 uppgår
723 830 37 21 det
776 829 32 21 till
826 830 25 20 15
862 830 67 20 mark.
942 842 25 2 —
979 830 46 20 Den

196 858 69 20 andra
287 858 34 25 elf,
344 858 63 20 hvars
429 858 146 21 förhållanden
599 858 67 21 blifvit
689 858 135 26 framhällna,
846 859 24 19 är
893 858 69 24 Kemi,
977 858 49 26 ,der

196 885 141 27 fiskfängsten
352 892 77 21 genom
448 886 117 27 oförnuftig
581 886 137 27 hushälining
734 887 55 20 hade
805 886 88 27 nedgätt
909 886 32 21 till
958 888 11 19 3
985 886 13 21 å
1012 889 13 18 4

196 914 84 21 hundra
303 917 84 21 tunnor,
411 921 47 14 men
480 915 38 20 der
533 915 68 20 under
616 915 26 21 de
657 915 36 21 tvä
707 918 86 18 senaste
808 921 110 15 somrarna
934 915 92 22 fiskades

197 949 17 15 c.
231 943 42 22 800
289 945 78 19 tunnor
382 943 34 21 lax
432 943 103 22 hvardera
550 944 65 20 äret.*
645 944 42 26 Jag
702 944 82 21 känner
800 949 55 21 noga
865 943 161 22 förhällandena

195 971 36 21 vid
251 972 63 21 Kemi
334 971 29 22 elf
384 972 39 21 och
445 975 35 18 vet
498 974 33 19 att
542 972 46 27 just
603 973 68 20 under
687 973 26 20 de
728 975 85 18 senaste
827 973 53 20 ären
895 979 25 14 en
937 972 89 27 betydli-

196 1006 52 20 gare
273 1001 78 26 mängd
376 1001 59 20 virke
460 1000 112 22 nedflötats
601 1001 32 20 för
656 1001 70 21 denna
749 1001 34 26 elf,
800 1003 26 19 än
846 1001 100 26 nägonsin
962 1001 62 21 förut.

196 1029 69 21 Deraf
278 1029 93 26 framgär
394 1029 77 27 tydligt
492 1031 32 20 att
539 1029 99 22 laxfisket
657 1029 116 27 ingalunda
789 1029 48 22 lidit
851 1036 75 20 genom
942 1029 83 22 flötnin-

195 1063 48 20 gen,
260 1060 51 19 utan
327 1057 54 22 skall
397 1059 68 25 nägon
481 1058 88 21 slutsats
585 1058 76 27 dragas
677 1058 21 21 af
713 1060 26 19 de
750 1058 108 27 uppgifter
869 1058 55 21 Herr
934 1058 92 21 Fiskeri-

196 1086 138 27 inspektören
356 1087 86 25 lempat,
463 1087 24 21 sä
502 1088 24 19 är
544 1087 35 21 det
596 1087 47 25 den,
657 1089 33 19 att
706 1087 117 26 flötningen
839 1086 23 22 af
874 1087 130 26 skogsalster
1018 1087 8 21 i

196 1114 44 27 hög
255 1115 52 26 grad
322 1115 73 27 tyckes
411 1115 99 21 befordra
525 1115 174 26 fiskerinäringen
716 1116 6 21 i
738 1116 80 21 landet.
849 1115 99 22 Faktiskt
960 1117 24 20 är
994 1117 32 20 att

196 1149 49 15 man
261 1144 7 21 i
285 1143 86 28 Sverige
393 1144 40 21 och
454 1144 71 25 Norge
546 1144 19 27 ej
588 1144 89 21 kommit
699 1144 31 21 till
747 1145 38 20 det
800 1144 90 21 resultat
905 1146 32 19 att
952 1145 74 26 skogs-

196 1171 116 27 flötningen
335 1172 68 21 skulle
425 1173 29 26 pä
475 1173 65 25 nägot
563 1175 44 18 sätt
628 1179 79 20 genera
728 1173 184 25 fiskerinäringen,
929 1173 39 21 och
984 1172 42 22 lika

196 1200 91 22 faktiskt
301 1202 25 19 är
341 1202 32 20 att
388 1207 48 15 man
453 1201 18 26 ej
486 1200 39 22 hos
540 1207 35 15 oss
590 1201 82 21 kunnat
687 1202 45 20 visa
747 1203 34 19 att
797 1203 31 19 ett
844 1203 88 19 motsatt
948 1200 78 22 förhäl-

197 1228 63 23 lande
283 1235 49 20 eger
353 1236 54 15 rum.
437 1229 43 28 Mig
500 1236 62 20 synes
578 1230 85 21 derföre
677 1233 33 18 att
726 1230 37 21 det
779 1236 50 15 vore
845 1230 81 27 ganska
940 1230 86 27 vägadt,

196 1264 35 15 om
255 1258 82 21 landets
360 1258 97 26 Ständer,
479 1258 55 22 blott
556 1259 27 26 pä
604 1259 69 26 grund
692 1259 24 21 af
729 1259 82 21 sädana
827 1259 46 20 lösa
888 1258 137 27 anföranden,

198 1286 69 22 skulle
289 1293 52 15 anse
363 1287 36 21 det
422 1287 73 26 nödigt
518 1289 32 20 att
569 1287 60 22 stifta
648 1294 26 15 en
689 1287 42 28 lag,
748 1287 138 27 hvarigenom
902 1287 125 27 tillgodogö-

195 1315 78 22 randet
288 1315 22 22 af
323 1316 83 21 landets
422 1316 182 27 skogsprodukter
619 1316 68 21 skulte
703 1317 24 20 sä
741 1316 55 27 godt
811 1322 45 15 som
873 1315 44 22 helt
932 1316 39 21 och
983 1316 44 21 häl-

195 1343 31 22 let
241 1345 157 26 omöjliggöras,
414 1344 39 21 och
469 1345 59 21 detta
544 1344 55 22 blott
615 1345 32 21 till
662 1345 83 21 förmon
764 1344 34 21 för
809 1346 31 19 ett
851 1345 75 21 endast
936 1344 91 22 förment

196 1372 97 22 intresse.
324 1373 49 21 Man
395 1373 39 21 bör
455 1373 54 21 först
530 1373 63 21 hafva
613 1373 58 21 bevis
691 1373 40 22 och
747 1379 52 15 vara
815 1373 124 27 öfvertygad
954 1373 72 22 derom

195 1403 33 18 att
243 1401 115 27 flötningen
373 1403 68 20 sätter
461 1401 75 22 hinder
551 1402 7 21 i
573 1403 68 26 vägen
656 1401 35 22 för
706 1402 177 27 fiskerinäringen
899 1402 63 21 innan
979 1408 47 15 man

195 1431 63 26 tager
273 1430 6 21 i
295 1430 155 27 öfvervägande
470 1430 138 22 hvilkendera
630 1431 39 21 bör
691 1431 58 26 gifva
772 1431 50 20 vika
844 1430 33 21 för
897 1431 40 20 den
953 1431 73 21 andra.

196 1457 74 28 Enligt
291 1459 60 21 detta
373 1459 115 26 lagförslag
510 1459 70 21 skulle
602 1459 31 21 uti
648 1459 81 22 sädana
745 1458 74 25 elfvar,
835 1461 15 19 t.
867 1465 32 15 ex.
914 1459 63 21 Kemi
992 1459 34 23 elf,

196 1487 38 21 der
250 1487 35 21 lax
307 1487 40 21 och
369 1487 33 21 sik
425 1487 80 27 fångas,
528 1487 117 27 flötningen
665 1488 17 26 ej
699 1488 21 21 få
735 1487 113 22 fortsättas
864 1487 72 27 längre
952 1490 26 19 än
994 1487 34 21 till

196 1515 41 21 den
260 1516 29 21 20
311 1515 131 28 September.
471 1516 31 21 Ur
524 1516 26 22 de
572 1516 109 27 uppgifter
703 1516 108 22 utskottet
831 1516 87 22 erhällit
936 1516 23 22 af
971 1516 56 21 Herr
