1109 1786
194 107 57 35 2106
402 116 248 22 Borgareståndet
593 109 69 34 1877.
674 117 13 18 3
700 117 121 18 December.

193 185 79 28 våning
287 185 99 24 deröfver
403 187 33 21 att
451 186 61 22 detta
526 185 119 28 stadgande
660 185 82 23 kunnat
757 185 99 23 förefalla
867 184 161 29 tvetydigt.
1001 180 32 38 Då

194 214 33 24 uti
254 214 7 28 $
285 216 25 20 71
335 214 23 22 af
371 214 279 27 kommunalförordningen
665 214 35 22 för
715 213 73 24 landet
803 213 23 23 af
839 213 41 23 den
896 214 13 21 6
925 213 103 23 Februari

197 243 56 23 1865
277 243 154 27 uppräknades
452 242 43 23 alla
511 243 26 22 de
552 242 44 27 fall,
613 243 38 22 der
667 242 138 23 Guvernören
820 242 76 23 endast
912 249 49 21 eger
974 242 53 22 fast-

193 271 66 23 ställa
273 271 53 23 eller
340 271 99 23 förkasta
446 271 40 23 och
495 272 70 26 någon
573 271 126 26 hänvisning
707 271 33 22 till
748 271 71 22 denna
825 271 13 26 8
846 271 39 22 här
892 271 20 28 ej
922 273 25 20 är
958 271 69 28 gjord,

195 299 24 24 så
239 299 45 24 kan
303 299 39 28 jag
365 299 19 28 ej
406 299 69 23 förstå
496 302 33 20 att
548 300 71 27 någon
642 299 79 23 tvekan
743 306 35 16 om
793 300 59 21 rätta
867 299 123 28 betydelsen
1003 299 26 22 af

194 328 61 23 detta
272 330 96 22 moment
383 328 44 23 bör
440 328 73 23 kunna
528 328 84 28 uppstå.

265 386 56 22 Herr
337 385 122 25 Masalin:
489 385 57 23 Vore
561 386 113 27 meningen
690 386 49 22 med
754 386 13 28 $
783 386 28 21 70
825 385 25 22 af
860 385 165 23 kommunalför-

193 414 124 27 fattningen
340 416 33 20 att
396 414 70 22 beslut
490 414 7 22 i
520 414 38 23 der
580 414 127 23 omnämndt
727 414 47 28 slag
789 414 24 21 af
825 414 95 22 ärenden
935 414 54 22 skall
1004 414 24 22 af

193 442 142 23 Guvernören
356 444 101 26 antingen
481 442 139 23 oförändradt
643 442 116 23 fastställas
777 442 53 22 eller
845 442 40 23 ock
900 442 82 28 ogillas,
996 442 28 22 dä

193 470 71 24 skulle
287 472 37 20 det
345 472 120 27 otvetydigt
487 472 84 28 framgä
585 474 34 20 att
634 472 60 21 detta
709 471 118 27 stadgande
842 471 20 27 ej
878 471 39 23 har
931 471 32 22 sin
980 471 43 21 till-

193 500 112 27 lämpning
327 500 27 27 pä
377 507 28 15 nu
423 500 6 22 i
449 500 61 28 fräga
528 501 93 22 varande
636 503 100 19 moment.
767 500 49 22 Men
832 500 28 22 dä
875 500 36 22 det
926 500 75 22 endast
1016 500 8 21 i

193 528 110 22 allmänna
325 529 39 22 ord
387 529 46 22 stär
454 531 33 20 att
501 529 93 22 beslutet
609 529 54 21 skall
680 528 143 23 öfverlämnas
838 528 32 22 till
886 528 138 23 Guvernören

193 558 34 21 att
249 557 101 28 antingen
374 557 117 23 fastställas
514 558 52 21 eller
588 557 82 28 ogillas,
687 558 24 21 sä
726 563 63 22 synes
805 557 42 28 mig
862 559 32 20 att
909 557 61 22 dessa
985 557 39 22 ord

193 585 74 23 kunna
289 593 26 20 ge
338 586 115 28 anledning
467 587 34 21 till
517 587 59 21 olika
591 586 104 28 tolkning.
725 587 12 21 I
751 587 12 25 $
781 587 26 21 71
824 586 121 27 uppräknas
960 589 15 18 t.
991 592 31 16 ex.

193 614 166 28 färjpenningar.
377 615 69 21 Dessa
461 617 50 19 röra
525 615 55 22 dock
595 615 48 21 icke
657 617 85 19 ensamt
757 615 41 21 den
813 614 108 27 kommun,
930 621 46 15 som
986 614 38 22 be-

193 642 70 22 sluter
285 649 34 16 om
343 644 62 22 deras
427 644 136 27 erläggande,
586 646 52 19 utan
656 644 63 21 äfven
735 644 26 21 de
777 649 103 22 personer
894 643 47 21 frän
956 643 68 22 andra

193 671 134 27 kommuner,
350 678 46 16 som
419 678 48 16 resa
489 672 47 22 med
549 672 54 27 färja
618 672 40 22 och
674 672 69 22 måste
758 672 87 27 erlägga
860 671 163 28 färjpenniogar,

195 699 88 23 hvarför
298 700 71 22 beslut
385 707 34 15 om
435 701 159 27 färjpenningar
609 701 42 21 kan
664 700 65 22 fattas
739 700 72 22 säsom
823 700 149 22 förnärmande
984 706 39 16 an-

194 728 51 22 dras
262 730 50 20 rätt.
343 729 34 21 Då
392 729 75 27 tycker
481 736 49 15 man
544 732 34 19 att
593 730 37 21 det
645 730 67 21 borde
727 736 52 15 vara
789 728 149 23 Guvernörens
948 729 75 27 rättig-

193 756 39 22 het
247 759 33 20 att
295 758 75 26 pröfva
385 758 40 22 och
438 758 78 26 jemka.
547 758 32 22 Dä
595 758 60 22 detta
671 760 95 20 moment
782 758 64 21 berör
860 760 32 19 ett
907 757 47 22 med
964 763 59 21 nyss-

193 785 92 23 anförda
303 787 136 26 temmeligen
454 786 88 28 analogt
554 786 43 27 fall,
613 787 24 21 sä
652 786 145 22 förekommer
813 786 36 22 det
863 786 45 28 mig
922 792 50 16 vara
986 788 38 19 nö-

194 814 46 28 digt
262 817 32 19 att
317 817 32 19 ett
364 814 104 23 förbehäll
483 822 35 14 om
534 815 149 22 Guvernörens
698 815 156 28 pröfningsrätt
869 814 55 28 finge
938 814 40 22 här
992 814 32 22 in-

193 842 58 28 flyta.
281 843 40 22 Om
347 844 54 21 dock
424 844 101 22 Ständets
543 844 70 22 beslut
634 844 87 22 utfaller
743 844 34 22 för
800 844 41 21 den
856 843 97 27 tolkning
968 844 56 21 Herr

193 871 134 28 Tengström,
351 872 92 22 Jansson
465 872 41 22 och
526 872 97 27 Procop6
637 872 62 27 gifvit
715 873 71 21 denna
801 872 18 27 $,
833 872 70 22 skulle
916 872 37 27 jag
968 871 56 23 dock

193 900 69 22 önska
281 903 32 19 att
332 900 8 21 i
356 901 124 21 densamma
494 901 55 26 finge
564 901 33 21 till
613 901 136 22 undvikande
765 900 24 22 af
802 900 133 28 tvetydighet
949 899 75 28 inflyta

193 930 34 20 att
248 928 139 23 Guvernören
402 935 50 22 eger
467 929 75 28 pröfva
556 929 40 22 och
611 929 76 28 afgöra
701 929 74 22 saken.
807 929 79 22 Vinner
900 929 60 22 detta
974 929 49 22 mitt

192 957 82 27 förslag
295 957 145 27 erkännande,
463 957 61 23 torde
542 958 37 22 det
595 958 66 22 blifva
676 959 74 26 nödigt
765 959 34 20 att
811 959 115 20 momentet
941 958 81 22 äterre-

193 985 98 23 mitteras
306 986 33 22 till
353 985 118 24 Utskottet.

263 1043 155 23 Diskussionen
441 1044 116 22 afslutades
578 1044 53 22 härä
646 1044 40 22 och
702 1051 63 15 mom.
781 1046 14 19 4
811 1043 20 22 af
846 1045 11 26 $
866 1039 13 37 4
902 1043 44 22 blef
959 1043 28 28 pä
1002 1043 22 22 af

193 1071 57 22 Herr
279 1072 156 23 Talmannen
455 1073 62 28 gjord
542 1073 163 28 framställning,
730 1073 23 22 af
776 1072 181 27 Borgareständet
971 1074 52 20 utan

193 1101 92 28 ändring
300 1101 117 26 godkändt.

264 1158 65 23 Mom.
345 1159 13 21 5
375 1158 7 22 i
397 1165 82 16 samma
492 1159 12 28 $
519 1159 125 27 godkändes
659 1161 52 20 utan
727 1158 128 23 diskussion.

519 1245 12 27 8
548 1245 18 27 5,
581 1251 79 16 mom.
678 1247 18 20 1.

262 1301 57 23 Herr
333 1301 140 24 Boström:
495 1301 37 22 Uti
546 1307 76 17 senare
637 1301 112 28 meningen
766 1301 24 22 af
803 1301 61 22 detta
878 1303 94 20 moment
987 1301 37 23 be-

192 1331 103 22 stämmes
317 1331 34 21 att
374 1329 132 29 delaktighet
528 1330 7 22 i
558 1330 121 28 byggandet
702 1330 25 22 af
740 1330 71 28 byväg
825 1330 129 22 bestämmes
969 1329 55 24 efter

192 1358 113 26 mantalet,
328 1364 63 21 ,,men
405 1359 50 22 med
470 1358 112 27 tillbörligt
597 1359 100 22 afseende
709 1358 104 28 jemvälä
828 1359 41 22 den
884 1358 57 23 olika
955 1361 69 26 nytta,

192 1393 47 18 som
265 1386 80 23 enhvar
371 1387 24 23 af
415 1389 67 26 vägen
505 1387 148 28 tillskyndas'.
690 1387 45 22 För
758 1388 44 21 min
825 1387 35 23 del
881 1387 43 22 kan
943 1387 38 28 jag
1003 1388 20 27 ej

191 1415 116 27 godkänna
332 1415 61 22 detta
414 1415 81 28 tillägg.
524 1416 121 22 Enahanda
666 1415 56 28 äsigt
744 1415 48 27 har,
812 1416 72 23 såsom
898 1415 25 23 af
936 1415 88 24 Utskot-

192 1446 44 20 tets
259 1444 90 22 motiver
365 1444 100 27 framgår,
481 1444 61 22 äfven
558 1445 59 21 inom
632 1444 112 23 Utskottet
757 1444 97 28 uttalats,
868 1445 103 22 ehuruväl
985 1444 39 23 Ut-

192 1473 83 23 skottet
291 1473 19 28 ej
325 1473 68 27 ansåg
407 1473 42 22 den
465 1473 92 27 förtjena
571 1473 66 51 aa
651 1473 111 26 afseende,
778 1473 90 22 emedan
883 1479 28 16 en
920 1473 104 22 orättvisa

191 1500 74 25 kunde
283 1507 78 22 genom
379 1501 61 22 detta
455 1501 85 29 tilläggs
554 1502 137 22 uteslutande
706 1502 86 27 uppstå.
822 1501 11 23 I
848 1503 90 21 motsats
952 1500 72 24 dertill
