1109 1786
208 143 55 21 1906
406 148 181 22 Borgareståndet
600 150 55 17 1877.
679 151 26 16 27
717 150 121 17 November.

276 217 199 28 Proposition:
507 218 39 25 De,
562 224 45 16 som
623 219 115 26 godkänna
753 220 119 20 momentet
886 218 14 21 2
916 219 6 20 i
938 219 13 26 &
967 219 24 21 17
1003 224 38 16 en-

205 245 39 28 ligt
267 245 122 23 Utskottets
413 246 86 27 förslag,
514 253 63 15 svara
596 247 36 28 ja;
649 248 32 26 de,
697 253 45 16 som
757 247 51 27 vilja
824 249 33 19 att
871 247 60 21 detta
946 249 94 20 moment

206 274 56 21 skall
278 276 92 20 ersättas
385 275 24 21 af
423 277 117 20 momentet
555 276 13 21 2
585 276 6 21 i
608 276 12 28 &
638 277 27 21 20
680 276 66 26 enligt
761 277 41 20 den
819 276 78 26 nådiga
912 276 128 27 propositio-

207 308 49 19 nen,
272 308 62 16 svara
349 309 52 21 nej.

275 359 164 28 Propositionen
457 360 130 23 besvarades
602 361 35 22 vid
653 362 28 26 på
696 361 93 27 begäran
806 361 85 22 anstäld
908 362 131 27 omröstning

205 388 50 22 med
271 390 27 20 24
311 389 27 27 ja
353 390 40 20 och
412 390 24 21 15
452 390 54 27 nej.

275 446 170 22 Momenten
468 447 13 21 3
503 447 40 21 och
559 448 13 20 4
592 447 23 21 af
634 448 12 26 S
665 448 24 20 17
705 449 56 20 samt
777 448 12 27 $
806 448 25 20 18
847 447 124 27 godkändes
987 449 51 19 utan

206 474 128 22 diskussion.

591 534 12 27 s
619 534 34 21 19.

275 589 56 21 Herr
353 591 146 26 Ignatius:
529 591 70 21 Sedan
616 591 113 21 Utskottet
751 591 13 21 &
785 591 40 21 sid.
844 591 26 21 12
890 590 38 22 och
944 590 94 27 följande

205 618 59 21 sidor
287 619 148 21 sammanstält
457 619 52 21 eller
524 619 6 21 i
545 619 88 21 korthet
652 620 103 20 refererat
770 626 26 14 en
813 619 77 27 mängd
906 618 28 28 pä
949 618 88 22 admini-

205 646 76 22 strativ
296 648 40 26 väg
358 647 113 22 tillkomna
489 647 152 28 författningar
657 649 92 21 rörande
765 648 26 21 de
807 647 161 28 grekisk-ryska
982 649 55 19 tros-

204 674 164 23 förvandternas
391 676 190 22 rättsförhällande
600 677 7 21 i
628 677 79 24 landet,
723 677 24 21 sä
769 677 99 21 kommer
884 676 110 22 Utskottet
1009 676 29 26 pä

205 703 61 22 sidan
284 704 26 21 17
326 704 34 22 till
383 704 36 22 det
442 706 92 20 resultat
555 707 34 19 att
603 705 94 21 hvarken
713 706 6 20 i
735 706 63 21 dessa
814 705 156 27 författningar,
986 704 52 22 eller

205 732 67 21 andra
294 733 71 21 kända
383 734 139 26 stadganden,
538 734 67 27 ingår,
622 734 69 21 sävidt
714 734 113 22 Utskottet
843 734 43 20 kan
909 734 68 20 erinra
997 733 39 27 sig,

204 760 66 28 nägot
296 768 34 14 om
356 761 115 28 öfvergäng
502 762 46 21 frän
578 762 86 28 grekisk
689 763 64 27 ryska
781 763 34 21 till
842 768 70 15 annan
937 762 98 26 troslära,

205 789 68 22 ehuru
301 796 26 15 en
353 790 66 22 sådan
442 791 115 27 öfvergäng
582 792 123 26 visserligen
727 792 8 20 i
755 791 122 27 Kejserliga
905 790 85 22 Brefvet
1016 791 23 21 af

205 818 41 21 den
265 819 27 21 22
310 819 44 21 Juli
377 820 54 20 1817
447 821 25 19 är
494 820 119 21 betecknad
636 820 70 21 säsom
729 822 32 19 ett
784 820 70 23 brott;
878 826 47 14 men
946 818 90 22 Utskot-

203 848 44 20 tet
245 843 8 37 '
259 847 106 27 åberopar
379 848 6 20 i
402 848 48 22 dess
472 848 62 22 ställe
557 851 33 19 att
610 848 47 22 från
676 848 147 27 domkapitlen
840 848 74 21 tidtals
929 847 107 22 utfärdats

204 875 79 28 påbud,
306 876 45 21 deri
376 876 109 22 lutherska
512 877 160 27 presterskapet
699 877 70 21 blifvit
793 877 144 26 strängeligen
962 876 74 26 älagdt

203 905 35 20 vid
265 904 104 27 tjenstens
393 905 82 26 förlust,
497 908 33 18 att
558 905 47 22 icke
633 905 81 22 befatta
743 905 32 28 sig
801 905 50 21 med
876 905 160 27 grekisk-ryska

203 933 169 21 trosbekännare
393 934 6 20 i
421 933 80 22 landet.
530 934 42 27 Jag
599 936 35 20 vet
656 934 47 21 icke
726 940 34 15 om
787 934 37 21 det
847 934 55 21 varit
924 933 112 22 Utskottet

203 961 81 22 bekant
307 963 32 20 att
360 963 31 20 ett
413 963 117 26 Kejserligt
548 962 49 22 bref
610 963 23 20 af
650 963 40 21 den
709 964 25 20 19
755 962 119 22 December
895 963 53 20 1843
967 961 69 22 blifvit

203 990 116 21 utfärdadt.
350 991 43 21 Det
415 991 142 21 förekommer
579 991 130 22 åtminstone
731 991 47 22 icke
797 991 7 21 i
823 991 145 21 betänkandet
991 997 44 14 om-

203 1019 95 21 nämndt.
328 1019 65 22 Detta
409 1019 48 22 bref
471 1019 118 22 innehäller
605 1022 75 19 nästan
697 1021 38 20 ord
753 1020 33 21 för
802 1020 40 21 ord
856 1019 45 27 just
917 1020 118 21 detsamma

203 1053 46 16 som
265 1047 36 22 det
316 1048 23 21 af
353 1047 111 22 Utskottet
479 1048 121 27 äberopade
616 1049 115 21 cirkuläret
747 1049 22 21 af
781 1049 42 21 den
841 1049 25 20 10
879 1048 88 22 Januari
980 1049 55 20 1844

203 1082 46 15 som
272 1076 141 27 domkapitlet
433 1077 2 20 i
450 1077 71 26 Borgä
543 1077 69 21 skulle
635 1077 64 22 hafva
720 1077 104 22 utfärdat.
856 1077 37 21 Uti
909 1077 59 21 detta
983 1076 52 27 bref,

203 1111 45 15 som
264 1105 124 28 visserligen
404 1105 47 22 icke
466 1105 143 22 förekommer
623 1105 7 22 i
647 1106 39 21 den
703 1107 92 26 samling
811 1105 22 22 af
848 1105 119 27 Kejserliga
982 1105 52 25 bref,

202 1139 46 16 som
264 1134 7 21 i
287 1134 60 27 tryck
368 1134 121 27 utkommit,
505 1134 61 27 ingär
589 1141 80 15 samma
692 1135 169 26 bestämningar,
884 1140 46 15 som
946 1133 89 22 Utskot-

202 1164 33 19 tet
257 1162 40 21 här
311 1162 118 22 tillskrifvit
449 1163 71 26 Borgå
536 1163 137 27 domkapitel.
705 1163 41 28 Jag
762 1163 68 26 ansåg
846 1163 43 26 mig
904 1163 83 26 skyldig
1002 1164 32 20 att

201 1190 57 22 fästa
273 1191 216 27 uppmärksamheten
504 1192 35 20 vid
556 1192 98 21 tillvaron
671 1191 22 22 af
704 1192 60 21 detta
781 1191 53 26 bref,
844 1197 48 15 men
903 1191 67 21 mäste
980 1191 54 21 dock

201 1221 59 25 säga,
283 1222 33 19 att
338 1219 63 22 äfven
424 1220 59 21 detta
506 1220 47 21 bref
574 1220 47 22 icke
637 1221 6 20 i
659 1220 130 27 uttryckliga
813 1220 89 26 ordalag
917 1219 117 22 innehåller

201 1249 66 26 något
282 1248 78 21 förbud
376 1249 33 21 för
419 1249 160 27 grekisk-ryska
589 1249 170 22 trosförvandter
769 1251 34 19 att
815 1249 86 26 öfvergå
912 1248 32 21 till
953 1248 82 21 luther-

201 1277 39 21 ska
263 1277 89 27 kyrkan.
384 1277 41 27 Jag
447 1281 36 18 vet
505 1277 71 22 derför
598 1278 53 24 icke,
667 1278 86 21 hvarför
773 1280 32 19 ett
821 1277 77 22 sådant
914 1277 120 27 antagande

201 1305 71 22 blifvit
293 1306 78 27 gjordt,
388 1306 27 21 då
437 1307 47 20 icke
507 1307 69 26 någon
599 1307 125 26 författning
743 1307 7 20 i
769 1308 75 19 ämnet
866 1305 73 22 finnes.
969 1306 66 21 Detta

201 1335 120 26 antagande
337 1336 25 19 är
377 1335 54 21 dock
447 1335 88 21 allmänt
550 1335 7 21 i
573 1336 47 21 vårt
635 1335 56 24 land,
707 1335 40 22 och
764 1335 37 22 det
816 1335 63 21 torde
894 1340 52 15 vara
955 1334 21 21 få
987 1341 47 20 per-

201 1369 70 20 soner,
287 1369 45 15 som
349 1363 46 21 icke
411 1363 22 22 af
449 1364 98 21 enskilda
563 1363 147 22 förhållanden
725 1364 66 21 hafva
807 1363 33 26 sig
855 1363 80 21 bekant
950 1365 33 20 att
998 1363 37 22 det

201 1393 25 19 är
244 1392 27 21 de
293 1392 160 27 grekisk-ryska
475 1392 196 22 trosbekännarena
693 1393 149 26 strängeligen
864 1392 119 21 förmenadt
1002 1393 32 20 att

201 1420 88 27 öfvergå
303 1421 33 21 till
351 1427 27 14 en
393 1427 71 15 aunan
479 1421 51 26 lära,
546 1421 52 21 cller
613 1424 32 19 att
660 1421 7 21 i
682 1427 25 15 en
724 1427 72 16 annan
812 1421 46 20 lära
868 1420 110 26 uppfostra
988 1420 46 21 sina

200 1449 61 26 barn,
278 1449 40 21 och
333 1451 33 20 att
380 1449 39 21 der
434 1450 69 26 någon
518 1449 56 27 gång
590 1450 95 21 enskilda
701 1450 64 21 hafva
781 1449 85 22 försökt
878 1451 33 19 att
922 1449 112 26 uppfostra

200 1477 47 21 sina
270 1477 53 22 barn
339 1478 7 20 i
362 1484 25 15 en
406 1484 69 15 annan
491 1478 51 26 lära,
559 1481 75 24 genast
649 1479 65 20 sådan
731 1478 79 27 åtgärd
827 1480 59 18 emot
901 1478 47 20 dem
964 1477 70 21 blifvit

200 1506 107 27 vidtagen,
323 1512 45 16 som
391 1507 81 27 nödgat
495 1506 46 22 dem
565 1509 32 19 att
619 1507 44 21 låta
683 1508 94 26 omdöpa
793 1506 83 22 barnen
892 1506 32 21 till
940 1505 94 27 grekisk-

200 1535 65 27 ryska
280 1538 56 18 tron.
367 1535 66 22 Detta
448 1536 61 24 hade,
525 1535 74 27 tycker
609 1535 43 28 jag,
663 1536 34 21 för
707 1536 72 21 denna
789 1535 61 27 fråga
862 1534 54 22 varit
926 1534 22 22 af
958 1534 77 26 högsta
