1109 1786
190 117 55 21 1820
393 122 181 22 Borgareståndet
586 123 55 17 1877.
666 123 23 16 15
702 123 121 17 November.

188 191 91 22 emellan
302 192 41 21 den
365 191 61 22 lärda
449 191 75 22 skolan
540 191 54 22 eller
612 191 127 22 realskolan.
769 192 76 21 Denna
861 191 160 28 omständighet

189 220 39 21 har
243 219 70 22 blifvit
329 220 125 22 framhållen
469 221 24 20 af
506 220 81 21 Herrar
603 220 122 27 Chydenius
740 221 40 20 och
795 219 102 28 Ignatius,
911 221 23 20 af
947 220 73 21 hvilka

189 249 40 21 den
251 249 147 21 förstnämnda
416 249 27 26 på
459 249 66 21 sådan
541 249 70 27 grund
627 249 55 22 hade
697 249 63 27 yrkat
775 249 28 27 på
819 255 25 15 en
860 249 122 21 återremiss
997 248 26 22 af

188 277 90 21 ärendet
293 277 32 21 till
341 277 114 22 Allmänna
470 277 199 22 Besvärsutskottet
685 277 27 27 på
728 278 37 21 det
781 279 31 20 att
828 277 111 22 Utskottet
952 277 69 22 skulle

187 305 80 21 föreslå
283 312 25 14 en
325 306 170 26 reorganisation
510 305 22 22 af
546 306 148 21 realskolorne
709 307 7 20 i
732 306 37 21 det
784 306 55 26 syfte
855 307 32 20 att
902 306 26 21 de
944 306 75 26 skulle,

188 340 35 15 om
236 334 38 27 jag
289 336 44 20 rätt
349 334 80 22 förstod
445 334 109 27 förslaget,
571 334 150 22 sammanfalla
736 334 49 22 med
801 334 25 21 de
843 334 57 26 lägre
911 334 109 22 klasserne

188 363 7 21 i
210 363 105 27 lyceerne.
345 363 73 21 Ehuru
431 363 38 27 jag
484 364 105 20 erkänner
605 366 32 18 att
653 364 36 20 det
705 365 24 19 är
745 370 26 14 en
787 363 114 27 olägenhet
916 365 32 19 att
958 364 63 20 dessa

189 392 78 25 skolor,
285 391 145 22 realskolorne
453 392 40 20 och
516 392 104 26 lyceerne,
637 394 36 19 äro
697 392 24 21 så
744 392 69 20 skilda
831 391 46 21 från
892 392 128 23 hvarandra,

188 426 46 15 som
257 420 34 21 för
310 420 132 22 närvarande
457 422 25 19 är
497 420 66 26 fallet,
579 421 24 21 så
619 421 69 21 skulle
701 420 36 27 jag
754 420 55 22 dock
825 420 19 26 ej
860 420 50 27 vilja
924 421 53 26 yrka
992 420 29 27 på

189 451 32 19 att
244 448 107 22 reformen
375 449 68 21 skulle
465 449 27 26 gå
514 450 24 20 så
558 449 66 27 långt,
641 456 45 14 som
710 450 61 20 dessa
787 449 65 21 ärade
867 449 68 21 talare
950 449 69 27 yrkat.

189 478 40 26 Jag
251 477 69 21 skulle
343 480 33 18 tro
400 480 32 19 att
449 478 66 20 målet
531 478 68 21 skulle
617 478 47 22 bäst
679 478 74 21 vinnas
769 484 34 14 om
819 478 77 21 endast
911 478 25 20 de
952 478 69 26 lägsta

188 506 113 21 klasserna
316 506 6 20 i
339 506 106 21 hvardera
467 506 68 26 slaget
557 507 24 21 af
601 506 78 26 skolor,
695 509 16 19 t.
729 513 30 15 ex.
776 506 26 21 de
824 506 36 21 två
879 506 69 26 lägsta
963 506 57 21 klas-

189 541 69 19 serna,
275 534 67 22 skulle
358 535 63 21 blifva
437 535 90 21 sålunda
542 536 188 25 omorganiserade
746 537 33 19 att
791 535 104 21 kurserna
906 535 66 21 blefve
984 535 36 20 de-

189 570 82 15 samma
286 564 55 21 både
356 564 30 21 uti
398 563 108 28 lyceernas
517 564 40 21 och
569 564 158 21 realskolornas
737 564 70 27 lägsta
818 564 87 21 klasser.
929 564 90 21 Dermed

190 598 51 15 vore
257 593 82 20 således
355 593 47 20 icke
417 593 62 26 sagdt
495 595 31 18 att
537 593 47 21 icke
595 593 106 21 särskilda
712 592 118 22 realskolor
840 593 68 20 skulle
918 592 102 21 behöfvas

190 620 33 21 för
239 621 27 21 de
289 621 75 26 elever,
380 621 72 21 hvilka
467 621 126 26 sedermera,
610 623 39 19 när
665 622 26 20 de
707 621 106 27 begagnat
829 621 191 21 skolundervisnin-

190 655 40 20 gen
246 651 6 19 i
268 650 36 20 två
327 650 34 20 års
384 650 37 26 tid,
437 650 18 26 ej
479 650 56 20 finna
558 650 32 26 sig
610 650 84 21 kallade
717 652 33 19 att
774 649 71 27 fortgå
860 649 27 27 på
906 650 39 20 den
962 649 58 21 lärda

190 678 79 25 banan,
292 678 39 21 och
355 678 52 21 söka
429 679 32 26 sig
475 679 6 20 i
497 678 115 22 framtiden
635 678 31 21 till
690 681 82 19 statens
795 678 64 25 tjenst
880 678 82 21 hvartill
979 678 39 21 den

190 706 61 21 lärda
267 706 75 22 skolan
358 706 176 28 hufvudsakligen
550 707 96 25 bereder,
662 710 50 18 utan
728 707 67 21 önska
811 706 86 27 öfvergå
912 706 32 21 till
957 706 63 26 prak-

191 735 56 21 tiska
270 735 72 27 yrken.
373 735 43 21 För
438 736 47 20 dem
507 742 50 14 vore
578 736 31 21 uti
626 736 121 21 realskolan
765 736 25 20 de
805 735 92 27 följande
913 734 107 22 klasserne

191 763 106 27 behöfliga
313 764 38 21 och
368 764 88 27 nyttiga.
488 764 47 21 Den
552 764 84 26 reform,
649 764 88 21 hvarom
752 764 61 26 fråga
824 764 38 20 har
873 764 67 20 blifvit
951 764 69 23 väckt,

191 792 68 21 skulle
275 792 82 22 således
373 793 66 26 enligt
454 792 41 22 min
512 793 60 26 åsigt,
589 793 82 21 mindre
681 793 56 26 gälla
749 792 120 22 realskolan
881 794 26 19 än
918 792 103 27 lyceerna,

191 822 23 25 ty
230 821 36 21 det
289 823 24 19 är
331 822 52 26 lycei
406 822 75 25 högsta
496 822 89 25 klasser,
602 828 44 15 som
664 822 65 21 borde
745 821 65 21 blifva
825 821 148 27 organiserade
988 821 33 21 till

191 849 220 22 öfverensstämmelse
434 850 48 21 med
506 851 25 20 de
550 851 123 20 nuvarande
689 850 152 22 realskolorne.
872 849 84 27 Möjligt
971 856 50 14 vore

191 880 33 19 att
240 878 73 21 dervid
329 878 6 21 i
351 879 66 26 några
435 879 70 26 lyceer
521 879 25 20 de
563 879 68 26 lägsta
647 878 111 21 klasserna
774 878 70 21 kunde
860 878 45 21 helt
921 878 39 21 och
976 878 45 21 hål-

190 906 31 21 let
236 906 108 24 bortfalla,
361 913 34 15 om
411 907 27 26 på
453 913 81 15 samma
550 909 34 19 ort
601 907 74 21 funnes
691 913 26 15 en
732 907 108 21 realskola
856 907 40 20 och
908 907 55 20 båda
975 906 46 21 icke

191 935 71 20 kunde
285 935 82 21 erhålla
389 936 123 27 tillräckligt
530 936 59 21 antal
606 936 69 21 elever
691 937 27 25 på
733 936 48 21 sina
797 935 68 26 lägsta
881 935 87 25 klasser,
984 935 38 21 der

191 964 177 26 undervisningen
393 971 49 14 vore
464 965 88 20 alldeles
576 965 130 20 densamma.
736 965 44 20 För
803 964 63 27 öfrigt
886 964 36 21 ber
937 963 41 27 jag,
994 964 28 21 då

191 999 49 14 man
264 999 28 15 nu
314 993 117 21 framhällit
453 993 39 21 den
510 993 53 22 brist
578 994 27 25 på
621 993 128 25 förtroende,
766 999 46 15 som
828 992 61 21 dessa
904 992 118 21 realskolor

189 1021 64 21 hafva
272 1021 81 27 lyckats
369 1022 96 21 tillvinna
481 1022 37 26 sig,
533 1022 115 21 framhålla
663 1025 32 18 att
711 1022 31 21 uti
759 1022 60 21 detta
835 1021 115 26 påstående
966 1021 54 21 dock

189 1049 108 22 måhända
313 1050 67 26 ligger
396 1051 68 26 någon
481 1051 116 25 öfverdrift,
613 1053 23 24 ty
653 1057 34 14 ser
703 1057 46 14 man
767 1050 61 25 efter,
842 1049 53 21 huru
912 1050 61 21 dessa
988 1049 33 21 för

189 1078 48 21 vårt
253 1079 50 20 land
320 1079 45 21 helt
380 1079 39 21 och
435 1079 66 21 hållet
516 1085 42 21 nya
574 1079 143 26 inrättningar
729 1079 55 21 efter
794 1079 56 20 hand
862 1078 62 21 hafva
934 1078 86 21 utveck-

190 1107 31 20 lat
236 1107 33 27 sig
284 1107 67 21 under
367 1108 26 21 de
408 1108 47 27 fyra
469 1109 24 20 år
510 1108 25 21 de
551 1108 56 21 varit
623 1108 7 21 i
646 1108 142 25 verksamhet,
805 1108 24 20 så
844 1107 68 20 finner
927 1113 47 14 man
988 1109 33 18 att

190 1135 129 22 elevantalet
334 1137 55 20 varit
405 1137 5 20 i
427 1137 70 20 starkt
512 1137 103 26 stigande,
631 1143 33 14 om
682 1137 35 20 det
733 1137 66 20 också
814 1136 46 21 icke
877 1135 76 22 hittills
968 1142 52 20 upp-

189 1164 48 21 nått
260 1165 40 20 den
323 1165 58 20 siffra
404 1171 44 15 som
469 1172 48 14 man
533 1165 83 21 kunnat
631 1165 67 21 önska
714 1165 38 21 och
769 1171 46 15 som
831 1164 67 21 skulle
914 1166 107 19 motsvara

189 1192 37 21 det
242 1192 109 28 betydliga
370 1194 80 20 antalet
465 1194 117 21 förhanden
599 1194 92 21 varande
707 1192 126 22 realskolor.
884 1198 36 15 Åren
938 1193 81 21 1873—

192 1221 54 21 1874
270 1222 98 26 utgjorde
391 1222 82 21 antalet
487 1222 70 21 elever
573 1222 31 21 uti
621 1222 146 21 realskolorne
785 1222 45 25 170,
847 1222 67 21 under
929 1222 91 21 läseåret

192 1250 141 21 1874—1875
357 1251 97 26 utgjorde
470 1252 61 20 deras
547 1251 59 21 antal
622 1252 48 24 403,
687 1251 68 21 under
770 1251 93 20 läseäret
880 1251 140 20 1875—1876

189 1278 100 27 utgjorde
313 1280 35 21 det
369 1280 41 21 562
433 1280 38 21 och
494 1281 68 20 under
583 1282 85 19 senaste
685 1279 70 22 läseär
773 1279 139 22 1876—1877
929 1279 91 27 uppgick

189 1308 83 21 antalet
290 1308 31 21 till
339 1309 48 20 692.
418 1309 37 20 Itt
471 1309 144 26 egendomligt
629 1308 141 26 förhållande,
787 1314 44 15 som
848 1307 39 22 här
902 1314 49 19 eger
966 1314 54 16 rum,

190 1335 37 22 ber
247 1337 38 26 jag
307 1339 32 19 att
354 1337 20 20 få
390 1337 102 21 anmärka
508 1337 105 26 nemligen
629 1339 33 19 att
677 1337 67 21 ehuru
761 1336 117 21 realskolor
893 1338 48 19 med
956 1336 64 21 finskt

189 1365 163 27 undervisnings
367 1366 65 26 spräk
447 1365 67 22 finnes
530 1366 33 21 till
579 1368 32 19 ett
624 1367 69 20 större
704 1366 60 21 antal
776 1367 27 19 än
815 1365 71 27 dylika
896 1365 28 26 pä
934 1365 86 21 svenskt

190 1393 234 28 undervisningsspräk,
440 1395 104 26 nemligen
563 1395 22 20 11
605 1395 22 20 af
648 1395 36 20 det
706 1394 57 21 förra
779 1394 69 26 slaget
863 1394 39 21 och
918 1395 12 20 7
946 1393 23 21 af
984 1393 36 21 det

189 1427 83 22 senare,
288 1422 24 21 sä
335 1425 24 18 är
381 1423 54 21 dock
449 1423 7 21 i
472 1423 62 21 dessa
553 1423 120 21 realskolor
688 1423 83 21 antalet
787 1423 69 20 elever
871 1422 48 21 med
934 1422 86 21 svenskt

189 1449 116 29 hemspräk
326 1451 49 21 vida
395 1451 155 26 öfvervägande
567 1451 58 22 öfver
640 1452 80 21 antalet
735 1451 25 22 af
774 1451 54 26 dem,
844 1457 45 15 som
905 1450 61 21 hafva
982 1450 38 21 fin-

189 1479 54 21 skan
267 1480 32 20 till
318 1481 134 20 modersmål.
481 1480 74 21 Under
576 1482 85 19 senaste
676 1481 69 20 läseär
761 1486 52 14 voro
829 1479 23 21 af
866 1479 97 21 eleverna
978 1480 42 20 410

189 1508 92 21 svenska
303 1508 86 22 talande
412 1509 39 21 och
471 1509 41 21 282
532 1508 69 22 finska
616 1508 92 22 talande.
738 1509 42 26 Jag
797 1508 36 21 ber
848 1510 33 19 att
896 1508 21 21 fä
932 1506 89 28 tillägga
