1109 1786
203 134 58 22 2130
412 141 180 21 Borgareståndet
605 142 54 17 1877.
681 143 14 16 4
707 142 118 18 December.

203 209 42 28 Jag
260 211 47 20 tror
322 209 65 22 också
401 209 48 22 icke
464 212 33 19 att
512 210 69 27 någon
597 210 25 22 af
635 210 62 22 detta
711 210 68 23 Stånd
794 209 56 22 skall
866 210 52 27 hysa
928 217 26 15 en
965 216 69 15 annan

204 238 63 27 åsigt,
283 243 48 16 men
347 238 27 21 då
389 245 49 15 man
453 239 40 21 har
508 239 70 22 anfört
593 239 61 22 detta
669 239 70 22 såsom
754 241 32 20 ett
801 238 47 22 skäl
863 241 33 19 att
905 239 47 22 icke
962 239 73 22 bifalla

205 266 71 21 dertill
291 267 33 21 att
339 266 41 22 den
396 267 94 26 begärda
505 267 90 22 andelen
610 267 313 28 fyrahundrasjuttiofemtusen
938 268 61 22 mark
1013 267 23 22 af

205 295 70 21 denna
289 295 59 21 skatt
363 295 142 22 öfverlemnas
520 296 32 22 till
568 295 159 23 förstärkandet
738 296 23 21 af
770 296 109 21 allmänna
889 297 144 24 statsmedlen,

203 323 26 22 sä
243 323 38 22 ber
293 323 38 28 jag
346 325 32 20 att
393 324 22 22 fä
430 324 76 22 anföra
520 324 75 22 skälen
611 324 86 22 hvarför
709 324 38 28 jag
762 324 33 22 för
811 324 42 22 min
870 324 34 22 del
916 325 46 21 icke
972 331 62 15 anser

203 353 32 21 ett
250 352 77 21 sädant
347 352 42 22 slut
405 352 53 22 böra
478 353 79 27 dragas
572 359 27 15 ur
613 353 27 22 de
656 354 60 26 gifna
731 353 149 27 premisserna.
910 353 41 27 Jag
965 353 68 22 skulle

203 380 33 22 för
258 381 43 21 min
324 381 34 21 del
381 387 58 21 anse,
455 383 32 20 att
505 382 61 21 äfven
582 388 35 15 om
633 381 273 28 stämpelpappersafgiften
924 382 109 22 betraktas

203 410 71 21 såsom
296 416 26 14 en
345 410 121 28 bevillning,
483 410 59 22 detta
565 410 55 22 dock
639 410 47 22 icke
705 412 64 25 utgör
784 412 32 19 ett
831 410 77 22 hinder
922 410 34 22 för
970 411 63 21 Stän-

203 438 67 21 derna
285 440 33 19 att
333 438 34 22 för
382 438 32 22 sin
430 438 34 22 del
480 438 75 22 bifalla
571 438 78 28 dertill,
665 441 33 19 att
709 439 40 21 den
761 439 95 27 begärda
866 439 88 21 andelen
965 439 67 22 afstäs

203 466 32 22 till
250 466 129 22 statsverket
394 466 40 22 och
447 467 38 27 jag
500 474 62 15 anser
577 469 92 20 tvärtom
685 470 33 19 att
729 468 122 21 Ständerna
866 468 63 21 hafva
944 468 38 21 full
994 474 38 15 an-

202 494 87 28 ledning
311 497 33 19 att
365 495 72 22 dertill
458 496 72 21 bifalla
552 502 34 16 om
602 496 37 22 det
654 499 42 19 kan
712 496 93 22 förutses
821 498 33 19 att
869 502 25 15 en
910 497 66 21 sädan
991 496 43 22 för-

203 524 112 26 stärkning
337 523 77 23 blifver
435 525 69 21 under
524 526 63 20 nästa
602 524 41 22 fem
659 525 35 21 ärs
709 525 75 27 period
800 524 130 28 erforderlig.
959 524 35 22 Nu
1008 526 26 20 är

203 552 37 22 det
261 554 34 20 att
315 553 76 21 märka
411 555 32 19 att
463 553 167 22 Statsutskottet
648 554 31 21 uti
695 554 47 21 sina
757 553 144 27 beräkningar
915 553 24 22 af
952 555 81 20 statens

202 581 119 21 inkomster
337 581 39 21 och
391 582 89 26 utgifter
495 583 68 20 under
579 583 39 20 den
634 582 136 22 förestäende
786 582 102 27 perioden
904 583 38 20 har
958 583 54 25 tagit
1025 583 7 20 i

203 610 94 26 anspräk
312 610 63 21 dessa
391 610 310 27 fyrahundrasjuttiofemtusen
717 611 61 21 mark
795 610 40 22 och
851 613 31 19 att
898 612 36 20 det
944 611 88 21 oaktadt

202 638 113 22 resultatet
337 638 22 22 af
378 639 101 27 kalkylen
501 639 82 21 utvisar
605 642 34 18 att
653 639 7 21 i
676 639 36 22 det
731 641 109 20 närmaste
855 639 43 21 alla
909 639 123 27 päräknade

201 666 120 22 inkomster
341 667 69 21 skulle
433 668 66 21 blifva
519 668 68 21 under
602 668 164 27 ifrägavarande
782 668 31 21 tid
829 668 98 21 använda
942 668 32 21 för
989 670 43 20 sta-

202 697 47 19 tens
270 702 29 14 nu
317 696 66 21 redan
399 696 124 22 förutsedda
538 696 106 22 ändamäl.
675 696 42 22 Vid
733 697 81 21 sädana
829 696 146 22 förhällanden
992 697 39 21 och

201 724 29 21 dä
242 724 37 27 jag
294 724 33 22 för
341 724 44 21 min
401 724 34 22 del
450 731 63 15 anser
528 727 32 19 att
576 725 25 21 de
617 726 124 26 päräknade
756 724 148 22 inkomsterna
918 725 113 27 ingalunda

201 754 38 20 äro
262 753 34 21 för
318 753 45 27 lägt
385 753 104 27 tilltagna,
506 756 32 19 att
552 760 89 15 snarare
656 754 37 21 det
708 753 32 22 till
756 754 41 21 och
813 754 48 21 med
877 754 69 21 kunde
960 754 71 21 hända

200 787 76 21 genom
293 787 136 21 ogynsamma
445 782 155 26 konjunkturer
615 784 33 20 att
663 782 26 22 de
704 783 46 21 icke
767 782 70 21 skulle
848 782 84 22 komma
942 784 31 20 att
986 782 45 22 full-

200 810 95 26 ständigt
310 809 79 28 inflyta,
405 810 67 22 skulle
485 810 37 28 jag
537 817 52 15 anse
601 812 36 20 det
649 816 51 16 vara
711 811 104 27 rädligast
831 814 32 18 att
872 811 28 27 pä
910 812 43 20 sätt
963 811 69 21 Stats-

200 839 107 21 utskottet
327 838 39 22 har
387 838 115 28 föreslagit,
519 839 121 22 Ständerna
655 846 29 15 nu
699 840 70 21 skulle
785 839 34 21 till
833 840 140 21 statsverkets
989 839 42 21 för-

199 866 93 28 fogande
313 867 64 22 ställa
399 868 41 20 den
463 868 79 21 äskade
557 874 104 16 summan.
692 868 50 22 Man
758 868 103 21 behöfver
875 868 75 22 endast
965 868 65 22 tänka

201 895 32 27 sig
249 895 36 22 det
300 895 37 22 fall
352 897 33 20 att
400 896 36 21 det
451 902 28 15 nu
494 897 111 26 pägäende
619 897 71 26 kriget
705 897 70 21 skulle
792 896 90 21 fortfara
897 898 56 19 ännu
963 896 68 22 under

199 925 63 20 nästa
283 930 100 19 sommar,
399 925 52 21 eller
469 927 32 19 att
516 931 26 15 en
559 925 101 22 missväxt
675 925 69 22 skulle
759 924 87 22 inträffa
862 925 24 21 sä
900 925 68 21 skulle
983 925 47 21 der-

199 952 85 27 igenom
307 953 43 21 alla
371 953 176 22 Statsutskottets
563 953 144 27 beräkningar
723 954 66 21 blifva
805 953 96 22 rubbade
916 953 40 22 och
971 959 59 22 rege-

199 981 74 26 ringen
295 981 87 22 komma
397 982 6 21 i
419 982 81 27 ganska
521 985 46 18 stor
590 982 140 27 förlägenhet,
745 982 36 21 vid
805 982 146 21 bestridandet
966 982 24 21 af
1003 983 26 20 de

199 1010 168 27 nödvändigaste
384 1011 147 26 statsutgifter.
554 1011 51 21 Man
621 1011 70 21 kunde
702 1011 125 26 visserligen
839 1010 71 22 härtill
921 1011 109 26 anmärka,

198 1041 34 19 att
247 1039 60 21 äfven
323 1039 67 27 enligt
406 1039 36 21 det
457 1039 22 21 af
492 1039 56 22 Herr
563 1040 83 21 Kurtén
662 1046 29 15 nu
706 1039 129 22 framstälda
849 1039 103 27 förslaget
961 1039 68 27 Rege-

198 1067 74 26 ringen
287 1067 22 27 ju
325 1067 70 22 kunde
410 1068 7 21 i
433 1070 31 19 ett
479 1069 76 20 sädant
571 1071 112 24 ogynsamt
698 1069 38 20 fall
749 1068 66 21 hafva
824 1068 88 27 tillgäng
924 1068 32 21 till
967 1069 62 20 dessa

198 1102 83 15 samma
296 1097 75 24 medel,
387 1097 48 21 med
451 1097 67 21 vilkor
533 1099 33 19 att
581 1097 27 22 dä
624 1097 35 21 vid
670 1099 63 20 nästa
743 1097 105 26 landtdag
858 1103 26 15 en
895 1097 134 26 redogörelse

198 1125 90 26 afgifves
303 1125 33 21 för
351 1125 37 21 det
403 1127 44 19 sätt
461 1125 80 27 hvarpä
557 1126 108 21 desamma
680 1125 65 22 hafva
761 1125 70 22 blifvit
846 1126 102 21 använda.
979 1125 49 21 Men

198 1153 37 21 det
249 1160 51 15 vore
316 1153 106 22 mähända
437 1155 33 20 att
485 1154 72 21 alltför
572 1155 85 26 mycket
667 1154 66 21 binda
742 1154 115 21 händerna
867 1154 27 27 pä
904 1154 125 27 regeringen

197 1182 28 21 dä
247 1183 37 20 det
306 1182 67 26 gäller
395 1184 32 19 att
449 1183 113 26 tillgodose
583 1183 84 21 landets
689 1183 66 21 behof
769 1183 69 21 under
853 1189 25 14 en
894 1183 24 21 sä
933 1183 49 25 lång
997 1182 30 21 tid

197 1210 68 21 under
287 1210 85 21 hvilken
396 1210 160 22 förhållandena
578 1211 116 27 möjligtvis
709 1212 6 20 i
731 1214 33 19 ett
783 1211 53 21 eller
850 1213 64 19 annat
929 1210 101 22 afseende

197 1239 72 21 kunna
291 1239 112 22 förändras
423 1239 38 22 och
477 1240 85 27 päkalla
578 1247 41 20 nya
634 1241 93 26 utgifter.
759 1240 68 21 Detta
841 1239 121 22 förfarande
978 1246 50 15 vore

196 1267 89 22 alldeles
305 1268 7 21 i
333 1268 32 21 sin
389 1268 89 27 ordning
498 1269 7 21 i
524 1269 101 22 händelse
646 1269 200 27 representationen
869 1269 67 20 oftare
959 1268 69 22 skulle

197 1297 189 26 sammankomma,
402 1299 15 19 t.
433 1303 31 15 ex.
481 1297 80 27 ärligen
578 1298 39 21 och
633 1298 83 21 säledes
731 1298 74 21 kunna
821 1298 24 21 är
858 1297 33 21 för
901 1297 24 21 är
935 1297 93 26 granska

197 1325 117 27 budgeten;
337 1331 48 15 men
405 1332 29 15 nu
453 1326 68 21 måste
541 1332 25 15 en
582 1326 65 22 sådan
663 1326 134 27 granskning
811 1326 39 21 ske
864 1326 34 21 för
913 1332 25 15 en
954 1325 73 27 längre

195 1353 33 21 tid
243 1353 78 22 framät
337 1354 38 21 och
392 1354 27 21 dä
434 1355 67 21 mäste
516 1361 49 14 man
581 1361 22 15 se
615 1355 32 21 till
659 1357 33 19 att
703 1355 46 21 icke
762 1355 125 26 regeringen
899 1355 33 20 mä
943 1354 85 21 komma

195 1382 32 21 uti
250 1382 133 27 förlägenhet
406 1385 38 19 när
467 1383 35 21 det
522 1383 68 25 gäller
609 1385 33 20 att
657 1384 114 26 tillgodose
787 1383 83 21 landets
886 1383 141 26 oundgänliga

195 1410 71 21 behof.
295 1413 43 25 Jag
353 1411 81 22 tiiläter
449 1412 41 26 mig
506 1411 74 22 härvid
596 1414 33 19 att
644 1412 102 21 särskildt
763 1411 85 28 påpeka
863 1413 31 20 ett
904 1411 66 26 enligt
983 1412 44 20 min

195 1439 65 22 tanke
275 1440 81 26 ganska
375 1440 77 27 viktigt
467 1440 121 22 statsbehof
601 1447 45 15 som
660 1441 38 26 jag
712 1441 49 21 icke
777 1440 111 27 päminner
903 1441 43 25 mig
960 1439 68 22 finnes

195 1468 124 21 omnämndt
342 1468 31 21 uti
399 1469 176 21 Statsutskottets
597 1469 102 27 kalkyler.
729 1469 45 21 Det
797 1471 24 19 är
843 1468 99 21 behofvet
961 1469 21 21 af
1000 1475 26 14 en

194 1496 122 27 förhöjning
336 1497 32 21 uti
391 1497 180 27 tjenstemännens
592 1498 66 21 löner.
689 1498 51 21 Man
765 1499 36 19 vet
819 1499 32 19 att
866 1504 26 14 en
908 1497 79 21 komit6
1003 1498 24 19 är

194 1525 86 21 nedsatt
300 1525 33 21 för
356 1527 33 20 att
404 1528 49 24 taga
469 1526 68 22 denna
553 1526 159 27 omständighet
727 1526 71 22 under
814 1526 157 27 öfvervägande
986 1524 41 22 och
