1109 1786
299 119 180 22 Borgareståndet
491 120 56 17 1877.
571 120 10 17 1
593 119 119 18 December.
858 114 57 22 2057

155 188 57 22 Herr
229 188 178 28 Tengström:
437 189 42 26 Jag
494 189 40 21 har
549 189 48 21 icke
611 189 69 26 yttrat
694 190 33 19 att
742 188 57 22 Herr
813 188 101 22 Boström

86 216 48 28 sjelf
154 217 69 22 skulle
244 217 49 22 sökt
315 217 24 22 af
359 217 90 22 Ståndet
471 217 120 27 ersättning
605 217 34 21 för
657 216 86 27 vikarie,
758 219 52 19 utan
823 217 38 27 jag
875 216 41 23 har

85 247 71 26 yttrar
177 247 33 20 att
231 246 36 21 det
289 246 58 21 inom
369 245 90 22 Ständet
481 246 24 21 af
518 246 70 27 någon
607 251 70 16 annan
693 244 67 22 blifvit
775 245 64 22 väckt
854 245 61 28 fråga

86 280 34 16 om
142 276 33 20 att
197 275 56 20 Herr
274 274 99 22 Boström
392 273 66 23 borde
473 274 73 22 kunna
561 274 139 21 tillerkännas
715 273 70 27 någon
801 274 66 22 sådan
882 281 33 15 er-

86 302 99 28 sättning.
214 302 41 28 Jag
270 302 40 22 har
324 302 57 22 blott
395 302 56 22 velat
467 303 95 27 åberopa
578 302 41 22 den
634 302 56 26 åsigt
701 308 45 15 som
757 302 57 21 inom
824 302 92 22 Ståndet

85 330 57 28 gjort
163 332 33 26 sig
217 330 98 28 gällande
337 331 36 21 vid
395 331 58 22 detta
472 331 93 26 tillfälle,
581 337 48 15 men
645 333 34 19 att
693 332 52 26 säga
760 332 33 20 att
805 330 39 28 jag
860 331 56 22 velat

86 359 101 23 inblanda
207 360 57 22 Herr
282 360 99 21 Boström
397 360 135 27 personligen
548 362 25 19 är
587 359 100 27 orimligt,
704 359 74 27 frågan
794 359 70 28 gällde
880 366 35 15 en-

87 388 48 22 dast
156 388 191 28 Borgareståndets
369 388 56 25 åsigt
447 388 134 22 beträffande
601 394 84 16 samma
699 388 39 21 sak
753 388 34 21 vid
803 390 32 20 ett
849 390 67 20 annat

86 416 84 23 tillfälle
185 418 40 21 och
239 417 90 22 sålunda
344 423 38 15 var
397 417 56 21 Herr
465 418 113 21 Boströms
588 417 83 21 försvar
681 416 88 22 alldeles
781 416 135 28 öfverflödigt

87 445 39 23 och
148 446 129 28 opåkalladt.
309 446 43 21 För
373 445 64 29 öfrigt
458 446 41 21 har
511 446 38 27 jag
564 446 7 21 i
586 445 77 28 sjelfva
677 445 66 21 saken
758 446 110 27 ingenting
882 447 33 20 att

86 474 89 28 tillägga
193 477 60 19 utom
273 476 35 20 att
319 474 37 27 jag
375 480 62 16 anser
451 474 106 22 Enskilda
571 474 208 22 Besvärsutskottets
794 474 56 27 åsigt
864 481 52 15 vara

87 503 41 23 den
142 504 55 22 enda
212 503 78 27 riktiga
305 503 39 22 och
360 503 53 21 böra
429 503 24 21 af
466 503 184 27 Borgareståndet
665 502 132 27 godkännas.

155 561 57 22 Herr
231 560 89 22 Gadd:
350 560 42 27 Jag
415 560 92 27 begärde
530 560 62 22 ordet
612 560 77 22 endast
704 560 6 21 i
726 560 114 27 anledning
855 560 62 22 deraf

87 591 33 19 att
134 589 40 21 här
188 591 79 25 yttrats
281 591 33 19 att
329 589 36 21 det
379 595 39 15 var
432 591 32 19 ett
479 589 94 21 enskildt
587 590 104 26 uppdrag,
707 595 45 15 som
763 589 91 21 Ståndet
864 589 51 21 lem-

87 619 37 20 nat
146 618 27 20 de
193 617 86 27 Herrar,
293 624 46 15 som
358 618 87 26 utsågos
461 618 34 21 till
511 618 118 21 ledamöter
645 618 39 21 och
699 618 137 26 suppleanter
851 618 6 20 i
873 618 43 20 Ex-

87 646 115 28 peditions-
217 646 40 22 och
272 646 236 27 Justeringsutskotten.
534 646 102 22 Enskilda
651 646 197 22 Besvärsutskottet
861 646 55 22 hade

88 675 35 21 vid
138 674 154 27 behandlingen
307 675 24 21 af
348 674 75 28 frågan
439 675 46 21 icke
501 675 70 21 denna
585 675 63 27 åsigt,
664 677 51 19 utan
731 675 65 27 ansåg
812 676 36 20 det
863 681 53 21 upp-

88 704 53 26 drag
162 704 61 21 dessa
247 703 137 22 medlemmar
406 704 41 21 fått
467 704 24 21 af
508 704 91 21 Ständet
619 710 51 15 vara
692 704 93 21 hörande
804 704 33 21 till
852 704 64 21 deras

88 732 235 27 landtdagsmannakall
344 732 39 22 och
408 733 47 21 dem
478 732 86 27 tillfölje
583 732 62 22 deraf
659 732 53 21 böra
727 732 139 22 tillerkännas
881 738 35 16 er-

85 761 96 27 sättning
195 761 22 21 af
231 762 40 20 den
287 761 100 21 kommun
403 761 26 21 de
445 764 148 24 representera
608 761 34 21 för
657 760 29 22 all
701 761 41 21 den
758 761 31 21 tid
801 761 26 21 de
838 767 76 21 genom

87 790 37 21 sitt
140 790 236 26 landtdagsmannakall
392 792 37 19 äro
445 792 96 24 tvungna
556 792 32 19 att
603 790 66 21 vistas
685 789 39 21 här
739 790 26 26 på
781 794 67 17 orten.
874 789 42 27 Jag

87 818 40 22 har
142 818 55 22 velat
220 819 69 21 lemna
305 818 68 22 denna
388 818 128 28 upplysning
532 818 33 21 för
581 821 33 19 att
629 818 37 21 det
681 818 46 22 icke
743 818 33 21 må
792 824 62 22 synas
870 824 46 16 som

88 847 103 21 Enskilda
213 847 197 21 Besvärsutskottet
435 848 46 20 med
505 847 82 21 mindre
607 846 184 28 samvetsgranhet
812 847 40 21 och
867 847 49 21 med

88 875 133 22 förbiseende
239 876 24 21 af
281 876 96 21 enskilda
390 882 114 21 personers
520 876 104 21 intressen
640 875 68 22 skulle
723 875 63 21 hafva
801 875 115 22 behandlat

87 904 81 27 frågan.

157 961 56 21 Herr
228 961 33 21 W.
277 961 112 27 Nystén:
421 961 42 21 För
486 961 44 21 min
552 961 34 21 del
609 961 96 21 ansluter
717 961 36 26 jag
768 961 44 26 mig
827 961 32 21 till
875 961 41 21 den

88 989 62 28 åsigt,
165 996 46 15 som
234 989 21 22 af
278 989 103 22 Enskilda
399 979 200 43 Gesvärsutskottet
617 989 69 22 blifvit
701 990 83 21 uttalad
799 989 40 22 och
854 995 63 16 anser

88 1024 28 15 en
136 1019 117 26 ersättning
275 1018 32 21 för
326 1018 167 21 medlemmarne
509 1018 31 21 uti
561 1018 160 27 ifrågavarande
737 1020 76 19 tvenne
828 1018 88 21 Utskott

88 1046 53 22 börå
155 1047 139 21 tillerkännas
309 1047 77 21 liksom
402 1047 37 21 det
453 1047 66 21 också
535 1049 24 19 är
575 1047 43 21 min
634 1047 134 26 uppfattning
784 1049 32 19 att
826 1047 90 21 Ståndet

87 1075 58 22 förut
160 1075 93 22 beslutat
268 1082 25 15 en
309 1075 118 28 ersättning
442 1075 34 22 för
492 1077 62 20 dessa
570 1075 139 22 medlemmar
723 1075 40 22 och
778 1076 138 27 suppleanter

88 1104 34 21 för
141 1104 41 21 den
206 1104 31 21 tid
260 1105 26 20 de
308 1104 33 21 för
364 1105 37 20 sitt
424 1105 109 26 uppdrags
554 1104 135 27 fullgörande
707 1104 6 21 i
729 1104 74 21 staden
825 1104 91 27 nödgats

88 1135 135 24 gvarstanna.
252 1133 41 27 Jag
309 1133 73 27 lägger
397 1133 91 21 särskild
504 1133 45 27 vigt
565 1133 34 21 vid
615 1133 62 21 ordet
691 1133 121 21 nödsakade
823 1133 39 20 och
874 1133 42 20 kan

88 1161 70 22 derför
173 1162 47 21 icke
234 1161 113 28 godkänna
363 1161 36 22 det
415 1161 135 22 förhållande
566 1163 33 20 att
613 1168 26 14 en
656 1161 112 27 suppleant
783 1162 7 21 i
805 1161 63 22 dessa
878 1161 38 22 Ut-

88 1190 58 21 skott
161 1189 90 22 infinner
266 1191 31 25 sig
313 1190 38 21 här
367 1192 52 19 utan
434 1192 33 19 att
483 1196 51 15 vara
550 1189 71 22 dertill
637 1190 116 21 nödsakad.

156 1247 103 22 Enskilda
278 1247 211 22 Besvärsutskottets
505 1247 80 26 förslag
600 1247 92 22 rörande
707 1247 161 27 ifrågavarande
883 1253 33 15 er-

87 1276 94 26 sättning
196 1276 33 22 för
243 1276 41 21 den
299 1277 31 20 tid
346 1276 67 21 under
425 1275 93 22 förlidne
529 1282 99 21 sommar,
639 1276 120 21 hvarunder
770 1275 146 28 Expeditions-

86 1304 40 21 och
148 1305 233 27 Justeringsutskotten
403 1305 55 21 efter
481 1305 142 26 landtdagens
645 1305 136 27 ajournering
796 1304 55 21 varit
866 1303 50 22 här-

86 1332 72 22 städes
174 1333 129 28 sysselsatta,
321 1333 44 22 blef
379 1333 53 22 härå
448 1333 23 22 af
486 1333 93 22 Ståndet
593 1333 116 27 godkändt.

155 1389 122 23 Utskottets
299 1391 80 26 förslag
401 1391 111 26 angående
532 1392 68 20 sättet
622 1390 35 21 för
677 1390 135 22 beräknande
833 1389 23 22 af
874 1390 42 21 den

86 1419 124 27 ersättning,
226 1425 46 16 som
287 1419 67 22 borde
369 1419 120 22 tillkomma
506 1419 26 22 de
546 1419 48 22 från
610 1419 91 22 Ståndet
715 1419 89 21 utsedde
815 1418 101 22 medlem-

86 1454 72 15 marne
173 1448 8 21 i
196 1448 149 27 Expeditions-
359 1448 41 21 och
414 1448 233 27 Justeringsutskotten
663 1448 34 21 för
711 1448 58 21 tiden
781 1447 55 22 efter
846 1447 70 22 landt-

86 1477 80 27 dagens
181 1476 118 22 afslutande
314 1476 125 22 föranledde
453 1477 96 27 följande
565 1477 130 21 diskussion:
