1109 1786
284 143 180 22 Borgareståndet
476 145 56 17 1877.
557 144 28 18 27
595 143 122 18 November.
865 139 55 21 1919

475 243 10 25 $
504 243 31 20 10.

160 299 54 20 Herr
236 298 173 26 Tengström:
440 299 41 26 Jag
504 299 74 27 tycker
601 299 37 21 det
661 300 24 20 är
703 299 81 21 mindre
799 299 75 27 nödigt
889 300 33 20 att

90 326 101 22 förändra
205 327 74 26 judars
295 326 93 22 edsform
403 333 46 15 som
465 329 33 19 är:
522 328 56 26 ,Jag
593 329 48 20 svär
657 328 40 20 och
707 326 89 28 betygar
807 328 35 21 vid
852 328 70 21 Abra-

90 354 67 27 hams,
178 355 61 21 Isaks
261 355 39 21 och
323 356 83 21 Jakobs
429 355 48 22 Gud
496 356 41 21 och
552 356 35 21 vid
602 356 53 22 hans
671 356 70 26 heliga
756 356 48 26 lag"
822 363 48 15 men
883 356 39 27 jag

90 383 66 22 fäster
171 384 54 21 dock
240 384 83 21 mindre
337 384 44 27 vigt
397 384 80 26 dervid,
492 385 25 21 så
532 386 33 20 att
581 391 34 15 om
631 384 48 22 icke
694 384 70 28 någon
779 385 142 22 understöder

90 412 43 28 mig
149 413 24 21 så
188 412 36 22 må
240 413 47 21 mitt
302 412 81 28 förslag
397 413 92 21 förfalla.

160 470 69 22 Sedan
253 470 55 22 Herr
331 470 121 22 Cronvall
467 470 129 22 understödt
611 470 56 22 Herr
682 470 126 27 Tengström
823 470 41 22 och
879 470 42 21 dis-

90 498 114 22 kussionen
223 499 93 21 härefter
333 499 116 21 förklarats
465 499 100 27 afslutad,
581 499 132 22 framställde
729 499 56 21 Herr
799 499 122 21 Talman-

90 534 51 15 nen
156 527 33 22 till
205 527 90 22 Ståndet
309 528 92 27 följande

158 585 198 27 Proposition:
387 585 39 25 De,
442 591 47 15 som
512 585 114 27 godkänna
642 585 11 27 &
670 586 33 24 10,
718 591 62 15 svara
793 585 35 26 ja;
846 585 75 21 vinner

89 614 52 26 nej,
157 620 62 15 anses
235 614 95 26 Ståndet,
344 614 66 27 jemte
426 614 157 26 godkännande
599 614 22 21 af
635 616 116 19 momentet
766 613 104 27 föröfrigt,
884 613 35 21 be-

90 642 66 21 slutat
172 642 156 22 återremittera
343 643 120 21 detsamma
478 642 34 21 för
528 642 148 27 omarbetning
691 642 80 21 derhän
784 644 32 19 att
827 642 93 21 mosaisk

89 670 175 28 trosbekännare,
281 672 27 20 då
329 672 42 21 han
393 671 56 21 inför
465 671 93 21 domstol
573 671 52 21 eller
641 677 70 15 annan
726 671 124 27 myndighet
865 670 55 22 skall

90 699 83 27 aflägga
195 700 33 26 ed,
251 700 34 22 må
308 700 97 27 begagna
427 700 38 21 det
484 700 23 21 af
527 700 108 21 mosaiska
650 700 61 27 lagen
729 699 128 22 föreskrifna
872 700 48 21 eds-

89 728 131 22 formuläret.

158 786 163 27 Propositionen
336 786 130 21 besvarades
481 786 36 22 vid
532 786 29 27 på
576 786 93 26 begäran
683 785 92 21 anställd
786 785 134 27 omröstning

89 814 49 22 med
155 815 26 21 13
194 815 28 27 ja
237 815 40 21 och
293 816 26 20 26
335 814 48 28 nej.

157 872 25 27 88
199 873 32 25 11,
249 872 32 26 12,
299 872 33 25 13,
349 872 27 21 14
391 871 40 22 och
449 873 26 20 15
491 872 124 27 godkändes
625 871 94 22 härefter
730 872 50 20 utan
792 870 128 25 diskussion.

317 957 12 28 8
347 958 33 21 16.
410 957 106 22 Första
531 957 160 22 Momentet.

157 1015 57 21 Herr
229 1015 174 27 Tengström:
433 1015 77 27 Enligt
522 1015 103 26 förslaget
636 1015 32 21 till
679 1015 146 26 dissenterlag,
836 1013 84 22 fordras

88 1043 34 21 för
137 1043 116 28 öfvergång
268 1043 47 22 från
331 1050 26 15 en
372 1044 82 21 kristen
471 1044 177 21 trosbekännelse
663 1043 33 21 till
711 1050 26 15 en
752 1049 77 20 annan,
845 1049 26 14 en
888 1042 31 21 ål-

88 1072 38 21 der
140 1072 24 21 af
179 1072 92 27 tjuguett
286 1073 25 21 år
325 1072 34 21 för
374 1075 33 19 att
423 1079 26 14 en
465 1073 100 21 anmälan
581 1073 54 20 skall
650 1073 72 20 kunna
737 1074 110 25 upptagas.
870 1071 11 21 I
891 1077 29 15 nu

88 1100 145 27 föreliggande
248 1101 35 27 lag
298 1101 60 22 heter
374 1101 37 21 det
425 1101 33 21 uti
474 1101 14 28 &
506 1103 18 24 5,
538 1103 33 20 att
587 1107 34 16 om
631 1107 25 15 en
670 1100 91 27 yngling,
772 1106 45 15 som
828 1099 92 28 uppnått

88 1129 93 28 tjuguett
197 1130 34 21 års
246 1129 67 26 ålder,
328 1129 35 22 vill
379 1129 90 28 öfvergå
485 1130 33 21 till
534 1130 107 21 mosaiska
655 1129 61 21 läran
731 1129 23 21 så
770 1135 49 20 eger
830 1129 42 20 han
882 1134 38 15 an-

87 1158 57 21 mäla
158 1159 33 26 sig
206 1158 39 21 hos
260 1158 167 27 presterskapet.
458 1158 48 21 Här
521 1159 7 20 i
544 1159 69 21 denna
628 1159 12 26 $
656 1160 24 19 är
691 1158 63 27 något
764 1157 76 22 sådant
850 1157 70 21 vilkor

87 1187 47 21 icke
157 1186 120 28 föreslaget.
307 1187 40 27 Jag
368 1193 62 15 anser
449 1189 34 19 att
499 1187 37 21 det
551 1189 25 19 är
591 1187 43 21 lika
649 1187 112 27 angeläget
777 1186 38 21 här
831 1192 44 15 som
892 1185 29 27 på

88 1215 26 21 de
130 1214 70 28 öfriga
223 1216 96 21 ställena.
350 1215 33 22 Då
401 1215 93 22 sålunda
510 1216 87 27 stadgas
612 1222 35 15 om
662 1215 130 22 konvertiter
807 1220 46 15 som
868 1214 52 27 vilja

88 1243 87 28 öfvergå
191 1243 47 22 från
254 1244 80 22 kristen
350 1244 33 21 till
398 1244 47 21 icke
463 1245 82 20 kristen
561 1245 98 25 troslära,
673 1245 24 20 så
707 1244 38 21 bör
755 1243 34 22 väl
801 1243 119 21 detsamma

87 1273 57 26 gälla
167 1279 35 15 om
225 1273 47 21 icke
295 1273 88 26 kristna,
399 1279 47 15 som
463 1273 51 27 vilja
536 1273 65 21 blifva
621 1273 88 26 kristna,
725 1274 32 19 att
773 1273 26 20 de
814 1272 106 27 nemligen

86 1301 54 21 böra
162 1307 52 16 vara
236 1301 93 28 tjuguett
351 1302 24 21 år
397 1302 80 27 gamla,
495 1301 77 22 liksom
595 1302 36 21 det
653 1301 61 22 äfven
729 1303 24 19 är
767 1300 101 27 stadgadt
884 1307 35 14 om

86 1329 133 22 konvertiter
241 1331 57 21 inom
322 1331 41 20 den
379 1331 83 21 kristna
478 1331 90 27 kyrkan.
597 1330 41 26 Jag
653 1330 64 27 yrkar
733 1329 70 22 derför
815 1331 33 18 att
862 1329 34 27 $:n
912 1328 7 21 i

86 1358 78 21 sådant
179 1358 102 22 afseende
296 1359 39 21 bör
350 1359 33 21 för
399 1359 160 28 omredigering
574 1359 32 22 till
622 1359 111 22 Utskottet
743 1358 175 21 återremitteras.

155 1415 11 22 I
189 1416 114 27 anledning
325 1416 24 21 af
369 1416 62 22 detta
451 1416 61 22 Herr
530 1417 138 26 Tengströms
684 1416 83 27 förslag,
785 1414 135 23 framställde

86 1445 57 21 Herr
158 1444 169 23 Talmannen
342 1445 33 22 till
391 1445 93 22 Ståndet
500 1445 95 27 följande

155 1501 181 28 Proposition:
366 1502 39 24 De,
421 1508 48 16 som
485 1502 116 28 godkänna
616 1502 67 21 första
698 1503 115 21 momentet
830 1500 22 22 af
866 1501 12 27 $
893 1501 26 21 16

86 1536 62 16 svara
162 1530 38 27 ja;
216 1531 74 21 vinner
304 1531 50 27 nej,
370 1536 63 16 anses
449 1530 93 23 Ståndet
559 1531 92 22 beslutat
664 1532 32 20 att
707 1530 155 23 återremittera
873 1536 46 15 mo-
