1109 1786
209 121 54 21 1606
415 127 180 21 Borgareståndet
608 127 55 18 1877.
687 129 14 16 2
713 128 120 17 November.

398 263 150 35 Fredagen
566 263 56 28 den
640 263 18 28 2
677 264 167 27 November.

276 326 34 22 Kl.
327 328 12 20 6
356 327 55 21 efter
433 327 115 27 middagen
570 327 111 21 fortsattes
703 327 193 27 Borgareståndets
920 327 54 22 till
970 322 12 37 i
997 328 41 26 dag

206 356 83 20 utsatta
303 355 167 22 sammanträde.
495 356 41 21 Vid
552 356 96 21 anstäldt
658 362 83 21 upprop
752 356 104 21 befunnos
866 356 101 21 Ständets
974 359 64 19 samt-

205 383 45 28 liga
266 384 140 22 medlemmar
421 384 64 21 hafva
499 384 91 22 kommit
605 384 106 22 tillstädes
733 384 48 22 med
797 384 109 27 undantag
921 384 23 22 af
958 385 80 21 Herrar

207 412 106 26 Cronvall,
336 412 107 22 Törnroth
467 413 40 21 och
529 412 105 28 Dunajeff,
658 412 71 22 hvilka
745 412 84 22 erhållit
844 412 93 28 ledighet
952 413 34 21 för
1001 420 37 15 en-

206 440 71 22 skilda
292 441 185 27 angelägenheter.

276 498 41 21 Till
339 498 87 22 fortsatt
441 498 130 28 behandling
592 500 93 25 upptogs
701 498 113 22 Allmänna
828 498 209 22 Besvärsutskottets

206 526 136 22 betänkande
357 527 40 22 N:o
415 528 26 20 17
457 528 48 20 med
520 527 115 27 anledning
650 526 23 22 af
685 526 71 22 skilda
771 527 56 21 inom
850 526 95 22 Ständen
960 528 77 20 väckta

205 555 118 27 petitioner
348 556 133 21 beträffande
502 556 252 27 undervisningsspråket
771 556 36 21 vid
825 555 211 22 elementarlärover-

206 584 41 20 ken
264 588 56 17 samt
334 584 123 22 inrättande
472 585 23 21 af
509 591 41 21 nya
564 585 82 26 lyceer;
662 584 40 21 och
717 585 110 25 föredrogs
842 590 29 15 nu

275 647 155 22 Momentet
446 648 23 26 g)

276 704 81 22 Härom
373 704 92 28 uppstod
478 704 93 27 följande
586 704 129 22 diskussion:

276 761 56 22 Herr
347 762 25 20 E.
388 761 103 27 Bergh:
520 761 11 21 1
546 761 222 22 öfverensstämmelse
787 761 48 21 med
851 760 99 22 Ständets
966 760 70 22 beslut

205 789 70 22 under
295 792 118 20 momentet
434 790 29 24 d.)
486 789 69 22 skulle
568 790 38 27 jag
620 790 79 21 föreslä
713 791 32 20 att
761 790 66 21 orden
843 789 67 25 ,eller
924 789 22 21 af
960 789 76 22 Staten

205 818 47 21 helt
268 818 39 22 och
323 818 67 22 hället
405 818 131 27 öfvertagas*
552 818 6 21 i
574 818 65 22 slutet
654 818 25 21 af
702 818 59 21 detta
780 820 96 19 moment
890 818 69 21 skulle
974 818 61 26 utgä;

206 847 41 21 och
270 853 63 15 anser
354 847 37 27 jag
405 847 47 21 icke
467 848 69 25 någon
552 853 69 15 annan
637 846 127 28 motivering
779 846 24 22 af
816 847 60 21 detta
891 848 94 20 moment
1001 846 35 22 he-

205 875 77 21 höfvas
297 877 27 20 än
339 876 57 21 hvad
411 875 59 21 förut
485 875 70 21 blifvit
569 875 83 27 yttradt
668 876 110 26 angäende
793 877 75 25 nyttan
884 875 23 21 af
918 875 118 26 privatsko-

205 903 34 22 lor
253 903 8 22 i
276 903 78 22 landet.
385 904 32 21 De
433 903 110 22 föranleda
559 903 104 27 nemligen
679 910 26 15 en
721 904 84 26 mycket
821 903 105 22 helsosam
942 903 94 22 rivalitet

205 933 48 20 med
277 933 26 21 de
319 932 24 22 af
364 933 76 21 Staten
455 932 123 22 etablerade
593 932 101 21 skolorna
709 932 40 22 och
764 932 6 21 i
787 931 116 22 allmänhet
917 931 64 22 friare
996 938 40 15 un-

205 961 236 27 dervisningsmetoder.

275 1023 56 22 Herr
353 1023 134 28 Procop&:
518 1023 40 22 Om
584 1023 59 22 detta
659 1025 94 20 moment
768 1023 33 22 för
816 1023 65 27 öfrigt
897 1022 69 22 skulle
981 1023 53 27 god-

204 1052 91 25 kännas,
311 1059 62 14 anser
386 1052 38 27 jag
439 1053 42 26 mig
497 1052 54 22 dock
566 1052 47 21 icke
627 1052 72 21 kunna
714 1052 114 26 godkänna
839 1051 115 28 petitioner
965 1052 69 21 sävidt

205 1081 46 20 deri
267 1081 62 27 ingär
343 1083 32 19 att
391 1081 74 22 Staten
480 1081 68 21 skulle
563 1081 72 21 lemna
650 1082 31 20 ett
703 1080 124 27 tillräckligt
843 1080 123 27 understöd,
982 1083 52 19 utan

204 1115 65 16 anser
287 1110 37 27 jag
347 1110 36 21 det
399 1116 50 15 vara
470 1116 48 20 nog,
542 1115 34 16 om
593 1115 48 15 man
657 1109 96 21 anhäller
768 1111 33 19 att
816 1109 75 22 Staten
907 1109 81 22 lemnar
1004 1111 30 20 ett

203 1138 76 26 nödigt
294 1138 123 21 understöd.

274 1194 57 22 Herr
351 1194 149 28 Lindberg:
530 1194 41 28 Jag
592 1200 107 22 upprepar
722 1194 35 22 det
779 1194 24 21 af
823 1194 43 27 mig
888 1194 65 21 redan
974 1194 6 21 i
995 1194 39 27 går

203 1223 77 27 gjorda
300 1223 111 28 yrkandet,
434 1225 32 20 att
488 1223 60 22 detta
570 1225 95 20 moment
686 1222 69 23 skulle
780 1222 22 22 fä
826 1222 94 27 följande
942 1222 91 29 lydelse:

204 1254 47 22 »att
274 1251 69 23 finska
361 1252 138 27 privatlyceet
514 1253 7 20 i
537 1251 134 28 Helsingfors
687 1253 67 20 måtte
769 1251 48 22 från
832 1251 140 22 statsverkets
987 1252 47 21 sida

203 1281 83 21 erhälla
301 1281 66 21 skildt
381 1280 133 22 understöd*.

273 1337 58 22 Herr
352 1337 135 28 Ignatius:
519 1338 42 26 Jag
583 1339 36 20 vet
638 1337 108 28 verkligen
768 1337 47 22 icke
838 1337 56 22 hvad
910 1337 36 22 det
961 1340 24 19 är
1000 1337 34 22 för

203 1373 27 14 en
254 1366 85 23 skilnad
361 1366 90 21 emellan
473 1367 75 26 nödigt
570 1367 117 22 understöd
709 1367 40 21 och
771 1366 125 27 tillräckligt
910 1367 124 24 understöd.

203 1394 31 28 Ty
257 1397 33 20 ett
311 1395 118 22 understöd
451 1401 45 15 som
516 1395 47 21 icke
579 1397 24 19 är
618 1395 124 26 tillräckligt
757 1397 120 19 motsvarar
892 1394 33 22 väl
941 1395 47 21 icke
1003 1396 32 20 ett

202 1423 77 28 nödigt
300 1423 127 26 understöd;
449 1423 18 27 ej
483 1423 67 22 heller
564 1423 44 22 kan
623 1430 49 15 man
687 1424 35 21 väl
738 1429 51 16 anse
804 1426 33 19 att
852 1423 109 28 uttrycket
976 1423 58 24 ,,tili-

202 1452 105 26 räckligt*
331 1452 68 21 skulle
422 1452 102 21 innebära
538 1454 33 19 att
587 1453 59 21 detta
661 1453 117 21 understöd
795 1451 68 22 skulle
878 1458 51 15 vara
944 1458 45 15 mer
1007 1453 27 20 än

202 1486 47 15 som
273 1483 24 19 är
320 1481 107 26 behöfligt.
457 1481 174 27 Formuleringen
647 1488 62 15 anser
723 1481 37 27 jag
776 1481 55 21 dock
846 1481 7 20 i
869 1481 36 21 det
920 1481 48 21 hela
983 1486 51 15 vara

201 1508 83 27 ganska
299 1509 96 27 likgiltig.
