1109 1786
289 137 180 22 Borgareståndet
481 138 55 17 1877.
561 139 14 16 4
587 137 119 18 December.
852 132 57 21 2143

80 201 63 27 fråga
164 207 51 15 vara
237 200 24 22 af
281 201 39 22 den
343 201 44 26 vigt
409 203 34 20 att
462 201 56 22 hvad
536 201 83 27 möjligt
634 207 51 14 vore
701 200 54 22 dock
770 202 58 20 ännu
843 201 68 21 borde

80 231 65 26 göras
160 229 33 22 för
208 231 33 19 att
256 229 46 22 icke
317 229 75 27 frågan
408 229 54 28 ånyo
479 230 34 21 vid
526 236 26 15 en
563 229 94 27 följande
670 229 103 26 landtdag
783 229 86 22 komme
878 232 33 19 att

80 257 86 23 befinna
181 258 31 26 sig
227 257 8 22 i
249 264 81 15 samma
345 258 142 21 oförberedda
501 258 61 21 skick
577 265 46 14 som
639 258 76 21 hittills
730 257 39 22 har
781 258 56 21 varit
848 258 61 21 fallit.

80 286 163 22 Presteståndet
263 287 39 21 har
319 286 72 22 derför
405 289 54 19 trott
475 287 36 21 det
526 293 52 15 vara
593 286 177 27 ändamålsenligt
785 288 33 19 att
833 293 26 15 en
875 287 36 21 de-

81 314 93 28 legation
190 315 85 26 utsåges
291 315 47 21 med
353 315 96 27 uppdrag
465 317 32 19 att
513 315 31 21 till
561 315 178 22 nästkommande
755 314 103 27 landtdag
869 314 41 22 för-

81 343 79 22 bereda
183 343 79 27 frågan.
292 344 161 22 Presteståndet
475 344 40 22 har
538 344 75 21 dervid
635 344 47 21 icke
703 345 44 19 sett
761 343 70 21 denna
846 350 64 20 ange-

80 371 101 28 lägenhet
203 372 74 22 främst
299 378 25 15 ur
345 373 136 27 synpunkten
499 372 25 22 af
537 379 26 15 en
579 374 70 20 större
663 372 158 27 beqvämlighet
836 372 33 21 för
884 372 26 22 de

81 400 106 22 särskilda
209 400 94 22 Stånden
326 403 51 19 utan
396 401 61 21 äfven
473 403 54 20 trott
547 401 37 21 det
598 407 52 15 vara
665 401 23 21 af
701 401 44 26 vigt
760 402 33 20 att
807 403 33 19 ett
854 402 56 26 yttre

81 429 60 21 bevis
162 429 76 22 funnes
260 429 33 21 för
314 430 40 21 den
377 430 188 22 konstitutionella
583 430 101 26 ställning
699 429 47 21 vårt
760 429 50 21 land
826 430 84 26 intager

84 458 40 22 och
146 464 27 16 en
195 461 45 19 stor
265 458 68 22 fördel
358 458 66 22 finnes
447 465 34 15 om
509 458 106 23 Ständens
636 458 140 22 medlemmar
799 458 40 22 och
862 458 48 22 der-

82 487 84 27 igenom
189 487 94 21 Ständen
298 493 51 15 vore
363 487 8 21 i
387 487 82 22 tillfälle
491 490 32 18 att
541 488 34 20 stå
591 487 6 21 i
613 494 26 14 en
655 486 88 26 lifligare
758 486 40 22 och
813 488 98 20 närmare

83 516 100 26 beröring
203 516 48 20 med
273 515 126 22 hvarandra.
429 515 32 22 Ur
485 516 70 21 denna
574 515 108 28 synpunkt
697 515 39 21 har
751 515 161 22 Presteståndet

82 544 34 21 för
137 544 32 21 sin
191 544 34 21 del
244 546 53 19 trott
311 544 119 27 uppdraget
445 544 55 22 böra
515 544 108 22 innehålla
638 550 26 15 en
680 544 134 27 bestämning
828 550 35 15 om
879 546 32 19 att

82 573 38 22 det
134 573 108 21 blifvande
257 573 62 22 huset
334 573 65 22 borde
415 573 103 27 uppföras
534 574 6 20 i
557 573 103 22 närheten
676 573 23 21 af
713 573 141 21 riddarhuset.
877 573 33 21 Då

83 602 37 21 det
133 600 115 28 Vällofliga
268 601 180 27 Borgareståndet
463 602 7 21 i
487 602 70 21 denna
579 602 38 21 sak
641 601 55 27 tagit
716 601 92 21 initiativ
823 601 40 21 och
878 601 33 21 så-

82 630 60 21 ledes
156 629 33 21 till
204 630 52 22 fullo
271 630 61 22 torde
347 630 63 22 hafva
425 631 127 26 uppskattat
563 630 123 28 betydelsen
697 630 24 22 af
729 632 32 19 ett
771 630 139 24 Ständerhus,

82 661 47 19 tror
143 658 161 22 Presteståndet
318 660 33 20 att
365 659 36 21 det
416 659 115 27 Vällofliga
546 659 181 27 Borgareståndet
736 658 7 22 i
753 658 32 22 sin
796 658 49 22 mån
855 658 55 22 skall

82 688 52 26 göra
149 687 39 21 allt
203 687 55 21 hvad
273 689 63 25 göras
351 688 42 21 kan
408 688 33 21 för
455 690 34 19 att
504 688 73 27 frågan
593 688 90 21 sålunda
698 688 33 20 till
747 693 24 15 en
783 687 127 21 kommande

82 715 103 27 landtdag
206 716 35 21 må
255 716 34 21 väl
305 716 129 22 förberedas.
464 716 164 22 Presteståndet
643 716 108 27 begagnar
766 716 33 27 sig
813 716 23 20 af
850 716 60 21 detta

82 744 83 22 tillfälle
186 744 33 22 för
239 746 32 20 att
286 745 85 22 anhålla
385 751 35 15 om
436 746 33 20 att
484 745 22 21 få
521 752 54 14 vara
589 745 116 21 inneslutet
719 745 6 21 i
741 745 56 21 Herr
812 744 98 22 Talman-

82 779 52 16 nens
152 772 40 22 och
213 773 36 21 det
263 773 112 27 Vällofliga
393 774 194 26 Borgareståndets
608 774 89 26 aktning
716 773 40 22 och
771 773 138 27 bevågenhet.

151 830 70 22 Sedan
237 831 56 21 Herr
313 830 179 22 Talmannen
514 831 34 21 till
564 830 125 28 deputation
705 830 77 22 uttalat
797 830 113 22 försäkran

82 859 73 22 derom
171 862 32 18 att
218 859 179 27 Borgareståndet
412 860 55 21 skall
481 866 55 21 egna
546 860 37 21 det
593 860 137 26 Högvördiga
740 859 170 21 Presteståndets

81 888 162 27 ifrågavarande
269 888 124 27 inbjudning
415 895 26 14 en
464 891 162 24 samvetsgrann
649 888 142 27 ompröfning,
813 888 97 20 afträdde

81 916 162 27 deputationen;
259 917 51 21 derå
325 917 40 21 den
380 917 103 22 afbrutna
498 917 148 22 diskussionen
657 916 92 27 fortgick
759 916 69 21 såsom
839 915 70 28 följer:

149 1008 57 21 Herr
235 1008 179 27 Tengström:
451 1009 80 21 Första
559 1008 128 27 paragrafen
713 1007 8 22 i
745 1007 103 26 förslaget
877 1007 32 21 till

80 1036 161 27 ifrågavarande
264 1037 123 26 förordning
409 1037 60 27 lyder
492 1037 100 22 sålunda:
616 1037 54 27 ,alla
688 1036 124 27 handlingar
827 1042 45 15 som
888 1035 24 21 af

80 1065 83 22 landets
179 1065 123 26 domstolar,
321 1065 133 22 embetsverk
478 1066 104 26 utfärdas,
604 1066 60 21 skola
686 1071 51 16 vara
759 1065 13 21 å
793 1064 117 27 stämpladt

80 1100 81 21 papper
182 1094 101 21 aftattade
298 1097 55 18 samt
373 1095 41 21 alla
429 1094 85 26 inlagor
530 1095 39 21 och
585 1095 67 21 andra
668 1093 132 27 handlingar,
816 1099 45 15 som
877 1093 32 20 till

80 1123 98 21 bemälda
193 1123 148 27 myndigheter
355 1123 96 26 ingifvas,
465 1129 53 15 vara
528 1123 101 27 antingen
640 1123 27 26 på
677 1123 51 21 slikt
738 1128 80 21 papper
827 1121 83 22 skrifna

80 1151 52 21 eller
151 1152 48 21 med
222 1152 115 26 stämpladt
360 1158 81 21 papper
456 1152 54 21 eller
525 1152 165 26 stämpelmärke
707 1151 89 26 belagda
811 1157 19 14 o.
846 1156 16 15 s.
879 1150 30 20 v.*

80 1180 39 20 Att
134 1186 27 14 nu
185 1180 133 21 direktionen
341 1180 34 21 för
394 1180 104 21 Finlands
514 1181 61 21 Bank
591 1182 24 19 är
631 1187 25 14 en
672 1179 81 27 verklig
769 1179 140 26 embetsmyn-

80 1208 75 27 dighet
177 1208 41 22 och
242 1209 47 21 icke
311 1215 26 15 en
356 1209 69 27 privat
440 1209 121 27 inrättning
576 1208 81 28 hoppas
670 1208 37 27 jag
722 1211 33 18 att
769 1207 46 21 utaf
829 1207 80 21 enhvar

80 1237 67 21 mäste
170 1237 122 26 medgifvas.
323 1237 50 22 Man
392 1237 69 22 finner
477 1238 37 21 det
530 1244 33 15 om
581 1244 47 15 man
645 1237 103 22 betänker
762 1237 147 21 medlemmar-

79 1272 38 15 nes
132 1266 7 21 i
154 1266 134 21 direktionen
304 1267 133 26 utnämning;
453 1269 34 18 att
504 1267 25 20 de
545 1269 37 18 äro
598 1269 81 19 statens
695 1265 214 22 förtroendeembets-

79 1297 49 19 män
151 1301 45 15 som
219 1295 73 21 kunna
314 1301 45 16 som
383 1295 81 21 sädana
480 1295 104 22 tillsättas
600 1295 39 22 och
655 1294 124 27 entledigas,
795 1294 36 21 det
845 1295 64 24 utgör

79 1323 65 22 redan
167 1323 48 21 skäl
237 1323 34 22 för
293 1323 40 22 den
348 1324 55 26 &sigt
419 1326 32 19 att
467 1323 149 22 direktörerne
631 1324 34 20 för
680 1323 101 22 Finlands
795 1322 61 22 Bank
871 1323 37 20 äro

79 1352 139 21 embetsmän.
249 1352 39 21 Om
304 1359 48 14 man
369 1353 64 20 också
449 1352 37 21 vill
503 1353 91 20 förlikna
609 1352 84 21 banken
709 1352 6 21 i
731 1352 63 26 öfrigt
809 1351 48 21 med
872 1351 37 20 nä-

78 1387 42 20 gon
135 1387 70 14 annan
229 1381 40 21 och
291 1387 64 15 anser
377 1381 40 21 den
440 1381 66 21 hafva
524 1383 98 19 närmare
638 1381 67 20 likhet
721 1381 46 20 med
784 1381 26 20 de
825 1380 84 27 privata

79 1409 110 21 bankerna
211 1409 25 22 sä
257 1409 67 27 gäller
347 1410 37 21 det
405 1409 131 22 åtminstone
552 1410 87 27 specielt
657 1409 47 22 icke
719 1415 33 15 om
769 1408 139 22 direktionen.

78 1437 51 22 Mitt
151 1437 82 28 förslag
255 1445 50 14 vore
328 1441 32 19 att
383 1439 65 20 orden
471 1454 8 12 ,
484 1438 103 22 Finlands
609 1438 61 21 Bank
686 1438 47 21 med
749 1437 160 27 underlydande

78 1466 78 22 kontor
171 1467 40 21 och
226 1467 125 27 agenturer”
367 1467 68 21 skulle
451 1467 106 21 uteslutas
573 1468 26 25 på
614 1466 65 22 redan
695 1467 57 21 förut
763 1466 89 21 anförda
863 1465 46 21 skäl

78 1494 40 22 och
134 1495 6 21 i
155 1494 73 22 stället
243 1495 81 21 införas
339 1495 220 25 ,statsinstitutionen
575 1495 102 21 Finlands
692 1495 79 21 Bank”.
797 1495 32 21 Dä
840 1494 68 21 skulle

77 1524 43 21 alla
135 1523 132 27 svårigheter
289 1530 51 15 vara
361 1524 136 27 undanröjda
520 1524 40 22 och
582 1524 159 26 konsegvensen
757 1523 23 22 af
793 1523 66 21 första
874 1522 34 28 $:n
