1109 1786
287 121 180 21 Borgareståndet
480 122 55 17 1877.
560 122 9 16 1
582 121 121 18 December.
852 116 58 22 2078

80 197 52 16 vara
154 191 102 26 oskäliga,
279 191 24 21 så
325 190 55 22 skall
403 190 43 21 han
469 192 82 20 ersätta
566 190 148 27 virkesegaren
731 191 29 20 all
776 191 41 21 den
833 191 77 21 förlust

81 221 69 21 denne
173 219 122 27 derigenom
310 219 43 21 kan
368 219 64 21 hafva
448 219 54 21 lidit.
534 219 87 22 Således
636 220 25 19 är
675 219 149 26 virkesegaren
841 219 69 22 deruti

82 247 126 28 tillräckligt
230 248 102 27 skyddad.
366 247 56 22 Herr
444 241 72 33 Åberg
538 247 41 22 har
599 249 74 20 nämnt
696 249 33 20 att
751 248 121 21 inkomsten
888 248 24 21 af

81 276 63 23 fisket
159 278 25 19 är
199 276 22 21 af
235 277 24 20 sä
274 276 149 21 underordnad
439 276 117 27 betydelse,
572 278 33 19 att
619 277 41 20 den
676 276 18 26 ej
711 282 37 15 ens
764 276 104 26 förtjenar
878 279 33 19 att

81 308 61 23 tagas
164 305 7 21 i
187 305 143 21 betraktande
345 306 52 26 gent
412 307 57 19 emot
485 304 41 22 den
541 304 110 28 betydliga
665 304 72 27 utgift,
753 311 45 15 som
814 306 96 20 nödvän-

82 333 100 27 digheten
204 336 33 18 att
259 333 89 21 afbarka
370 333 69 21 virket
457 333 69 21 skulle
542 332 102 22 medföra.
674 333 42 26 Jag
731 336 46 18 tror
793 334 55 21 dock
863 334 47 21 icke

81 364 33 20 att
129 362 141 22 förhällandet
285 364 24 19 är
324 362 83 21 sädant.
438 361 43 22 För
497 362 36 21 det
547 362 68 21 första
630 364 25 19 är
670 362 36 20 det
715 362 24 26 ju
751 362 30 21 tal
791 368 42 20 om,
845 362 66 22 huru-

81 390 50 22 vida
152 390 242 28 afbarkningsätgärden
414 390 121 26 verkeligen
552 390 82 22 medför
649 390 69 27 nägon
734 391 108 27 synnerlig
857 397 54 21 upp-

82 418 76 28 offring
181 419 34 21 för
235 420 154 26 virkesegaren,
410 419 97 27 emedan,
523 419 66 27 enligt
604 419 131 27 sakkunnige
750 421 61 19 mäns
827 421 83 25 utsago,

82 448 122 22 fördelarna
219 448 21 21 af
255 448 155 26 afbarkningen
425 450 38 19 äro
480 448 24 21 sä
519 450 66 22 stora,
600 450 33 18 att
648 448 26 20 de
689 448 34 20 väl
737 450 100 25 uppväga
852 448 58 22 kost-

81 477 102 21 naderna.
213 476 74 22 Virket
310 476 41 22 blir
374 476 122 27 derigenom
512 476 79 22 lättare
607 479 32 18 att
654 478 152 25 transportera,
822 477 87 27 sjunker

82 506 48 21 icke
152 507 24 20 sä
199 505 40 21 lätt
261 505 67 21 under
350 507 137 25 transporten
512 504 40 22 och
575 505 82 21 lemnar
672 505 108 21 dessutom
797 512 25 15 en
838 506 71 21 bättre

81 534 94 27 produkt
190 534 6 21 i
212 534 103 26 sägstock.
346 533 125 22 Inkomsten
486 534 48 21 frän
550 533 97 21 laxfisket
663 533 48 25 kan,
727 534 68 21 ehuru
807 541 49 14 man
867 534 42 21 vis-

81 562 90 28 serligen
195 563 18 26 ej
238 562 37 22 har
297 562 24 22 sä
344 569 124 20 noggranna
491 562 108 27 uppgifter
621 569 33 14 om
677 562 36 21 det
728 562 96 22 enskilda
840 562 69 27 fisket,

82 591 56 22 dock
152 591 128 27 uppskattas
296 591 31 21 till
344 591 91 25 500,000
451 592 61 20 mark
528 591 88 26 ärligen.
647 591 48 21 Med
711 591 40 21 den
763 591 147 27 omsorgsfulla

82 620 58 26 vård,
162 626 46 14 som
231 626 88 15 numera
340 621 25 19 är
386 620 77 26 införd,
487 620 39 21 har
542 620 36 20 det
593 620 54 20 visat
663 620 32 26 sig
709 622 32 18 att
756 620 7 20 i
778 620 50 27 flere
844 620 66 21 elfvar

83 648 69 22 denna
175 648 94 22 inkomst
290 648 27 27 pä
339 648 25 21 de
379 654 76 16 senare
471 648 51 22 ären
540 648 105 28 betydligt
661 648 86 21 tillvext.
778 649 68 21 Afven
862 648 49 22 fisk-

82 677 70 26 prisen
172 677 60 27 stiga,
247 677 40 21 och
302 678 69 20 denna
386 677 76 27 näring
477 677 40 21 har
532 676 33 22 för
580 677 32 26 sig
627 683 26 15 en
669 677 24 21 sä
708 679 45 19 stor
768 677 86 21 framtid
870 677 40 21 och

82 706 82 21 lemnar
186 712 33 20 en,
241 712 44 15 som
306 706 36 26 jag
358 706 88 26 hoppas,
463 706 24 21 sä
502 706 114 26 beständig
631 706 99 24 inkomst,
748 708 33 18 att
796 706 40 21 den
852 708 58 19 emot

82 734 199 26 flötningsintresset
303 735 67 20 måste
389 736 53 24 väga
458 737 63 25 tungt
537 735 7 20 i
559 734 122 26 vägskälen.
711 734 86 22 Tillätes
813 735 96 21 deremot

82 763 69 21 virket
166 765 33 19 att
213 762 71 22 flottas
303 763 2 21 i
321 763 106 21 obarkadt
442 763 98 21 tillständ
552 763 39 21 och
603 763 27 27 pä
640 762 71 22 hvilka
722 763 56 21 tider
789 769 44 15 som
845 763 63 25 helst,

82 792 61 20 äfven
167 792 68 21 under
256 791 78 22 fiskens
356 792 73 25 lektid,
452 795 52 18 utan
528 794 33 18 att
581 798 25 15 en
623 792 113 26 tvingande
751 792 159 26 nödvändighet

82 820 71 21 dertill
177 826 38 20 ger
233 820 120 27 anledning,
369 821 24 21 sä
407 820 56 22 skall
479 821 61 21 detta
554 820 157 26 otvifvelaktigt
725 820 32 21 till
773 822 69 20 större
858 821 52 21 eller

82 848 82 22 mindre
188 848 34 22 del
245 849 92 21 förstöra
359 848 68 26 fisket,
451 850 39 20 och
515 850 72 20 landet
608 849 90 21 sälunda
712 848 27 27 gä
755 849 61 21 miste
833 855 33 15 om
883 856 26 14 en

82 877 62 21 säker
166 878 101 24 inkomst,
289 877 77 22 hvaraf
380 878 55 21 dock
451 884 26 15 en
493 878 95 26 betydlig
604 877 34 21 del
653 877 23 22 af
690 878 81 20 landets
787 877 123 27 befolkning

82 905 71 22 lefver.
184 906 50 21 Icke
249 908 82 19 ensamt
347 906 59 21 detta
422 906 82 27 törslag
518 906 139 21 föreskrifver
671 905 79 22 virkets
765 906 142 27 afbarkning
897 901 12 36 ;

82 934 69 21 denna
166 934 42 21 kan
224 934 65 25 äfven,
305 934 66 27 enligt
388 935 53 21 1873
458 935 36 21 ärs
510 935 130 26 förordning,
655 935 137 21 föreskrifvas
803 934 22 22 af
833 941 76 20 guver-

82 965 72 19 nören.
185 963 114 21 Skilnaden
315 965 24 19 är
353 963 82 21 således
451 966 34 19 att
501 963 76 22 medan
591 963 53 22 1873
656 963 35 21 års
701 963 123 27 förordning
834 963 76 22 endast

81 991 82 22 lemnar
186 993 131 26 guvernören
340 992 103 27 rättighet
466 994 33 19 att
521 992 127 21 föreskrifva
669 991 133 28 afbarkning,
819 992 91 21 denna
896 987 18 36 i

82 1020 60 21 detta
157 1020 80 27 förslag
253 1022 24 19 är
291 1021 141 21 föreskrifven
448 1021 71 21 säsom
535 1021 64 26 regel,
614 1021 48 20 med
678 1022 130 25 guvernören
824 1021 86 21 lemnad

81 1050 44 19 rätt
145 1051 34 19 att
194 1049 92 21 derifrän
302 1049 105 27 medgifva
423 1050 117 26 undantag.
572 1049 81 27 Regeln
669 1049 68 21 mäste
752 1049 33 21 väl
801 1055 51 15 vara
868 1049 41 27 lag,

82 1077 39 22 och
136 1077 47 22 icke
199 1078 135 26 undantaget.
349 1090 28 3 —
393 1079 32 20 En
441 1079 71 20 talare
528 1078 39 21 har
582 1081 47 23 sagt
645 1080 32 19 att
692 1084 48 15 man
756 1084 75 21 genom
848 1081 62 18 anta-

80 1106 79 26 gandet
174 1106 23 21 af
211 1107 36 20 det
262 1112 41 21 nya
318 1106 101 27 förslaget
435 1107 70 21 skulle
521 1107 94 21 förstöra
627 1106 84 22 landets
721 1108 79 19 största
810 1106 100 21 industri.

81 1135 41 26 Jag
144 1137 46 19 tror
206 1135 53 21 dock
274 1135 46 21 icke
335 1135 27 27 pä
379 1135 125 22 ett-sädant
519 1135 138 22 skrämskott.
688 1135 39 22 Om
743 1141 48 15 man
807 1141 39 20 ger
861 1141 59 20 ega-*

80 1169 38 16 ren
133 1165 43 19 rätt
193 1166 32 19 att
240 1163 22 22 fä
276 1163 135 28 godtgörelse
426 1164 48 21 icke
491 1164 56 21 blott
562 1164 33 21 för
608 1163 81 28 verklig
700 1163 73 26 skada,
784 1166 52 19 utan
848 1163 62 22 äfven

80 1191 34 21 för
137 1192 36 20 det
194 1192 69 27 ohägn
279 1192 41 21 han
336 1192 59 27 lider,
409 1192 25 22 sä
449 1192 109 22 erkänner
570 1198 48 15 man
635 1198 25 15 en
676 1192 41 26 hög
732 1192 121 26 grundsats,
869 1192 41 22 och

79 1226 38 21 ger
132 1226 77 21 egaren
225 1220 55 21 hvad
295 1220 77 22 honom
393 1221 47 21 med
457 1223 58 20 rätta
530 1221 137 22 tillkommer.
698 1221 39 21 Att
751 1221 53 22 hans
816 1221 93 26 anspråk

79 1249 7 20 i
102 1249 76 26 mänga
193 1249 37 22 fall
246 1249 71 22 kunna
332 1256 51 15 vara
398 1250 132 21 öfverdrifna
543 1249 40 22 har
593 1256 49 15 man
653 1249 61 22 äfven
725 1256 74 20 genom
813 1249 96 27 exempel

80 1277 48 21 sökt
143 1277 140 28 ädagalägga;
297 1279 37 26 jag
350 1282 45 17 tror
410 1279 37 21 det
463 1279 56 21 dock
535 1278 56 21 blott
606 1280 24 20 är
645 1279 165 26 undantagsfall.
840 1278 11 21 I
866 1278 43 21 alla

78 1306 114 21 händelser
214 1309 37 19 äro
274 1307 42 21 alla
334 1307 62 22 dessa
411 1307 95 27 anspräk
521 1307 48 22 icke
584 1307 117 26 afgörande
716 1307 32 21 för
762 1307 73 22 saken.
866 1307 43 21 Det

78 1336 25 19 är
118 1334 109 27 domaren,
244 1341 45 16 som
305 1335 85 28 pröfvar
405 1336 60 26 dem;
482 1336 40 21 och
538 1342 46 15 som
598 1337 37 26 jag
650 1336 66 21 redan
732 1335 56 25 sade,
805 1341 49 16 man
869 1335 40 22 bör

79 1363 52 27 hysa
146 1363 51 22 tillit
212 1364 33 21 till
261 1364 68 22 denna
344 1365 105 26 pröfning.
481 1364 90 27 Följden
587 1365 24 21 af
624 1365 60 20 detta
693 1364 79 27 förslag
782 1365 41 21 blir
833 1364 77 22 endast

78 1394 34 19 att
126 1391 153 23 stockflötaren
294 1393 33 21 får
341 1393 32 21 lof
387 1395 32 19 att
434 1393 49 22 litet
499 1393 49 22 dela
564 1393 48 21 med
627 1393 32 27 sig
675 1393 22 21 af
710 1393 32 21 sin
752 1393 62 26 vinst,
831 1393 20 21 d.
863 1399 45 15 v.s.

78 1421 42 22 han
135 1419 34 22 fär
183 1421 20 26 ej
223 1427 58 16 mera
295 1421 56 22 lefva
365 1428 76 21 genom
457 1422 142 26 inkräktning
615 1421 27 27 pä
655 1421 138 28 jordegarens
809 1423 45 20 rätt
869 1421 39 22 och

78 1449 89 22 sålunda
190 1449 28 27 pä
234 1450 52 21 hans
301 1450 126 22 bekostnad.
458 1451 78 21 Denna
551 1450 81 27 påföljd
647 1451 42 20 kan
705 1451 122 26 visserligen
843 1449 66 22 blifva

77 1478 106 50 edan
205 1477 34 23 för
257 1478 155 27 stockflötaren,
429 1485 50 15 men
495 1480 50 21 dess
561 1479 90 21 rättvisa
666 1480 46 20 tror
724 1479 37 27 jag
776 1479 63 27 ingen
854 1478 54 22 skall

86 1508 86 20 förneka.
