1092 1786
221 149 52 20 1182
468 153 25 17 R.
505 157 18 12 o.
534 153 24 16 A.
571 153 53 17 1891.
648 152 24 17 19
684 152 47 21 Maj.

190 232 34 21 till
239 231 40 22 den
295 231 141 28 uppfattning,
452 233 33 20 att
503 231 106 22 utskottet
623 232 94 20 närmast
732 230 80 27 äsyftat
827 230 36 21 det
878 229 46 22 öfre
943 232 66 24 paret.

191 261 66 21 Detta
271 261 25 20 är
309 260 48 21 icke
372 259 72 26 fallet;
466 260 88 21 fastmer
568 259 40 22 har
627 259 107 22 utskottet
749 259 78 27 äsyftat
842 259 36 20 det
892 259 65 21 nedre
972 263 38 22 pa-

191 291 33 18 ret
238 288 89 27 bjelkar,
343 289 26 20 de
384 293 45 15 som
444 288 68 21 under
526 288 108 21 mellersta
648 287 97 21 läktaren
760 287 97 27 uppbära
872 287 60 21 taket
953 286 58 22 öfver

191 319 97 25 trappan.
318 316 66 22 Detta
399 316 37 20 tak
451 316 94 26 uppbars
560 316 58 21 förut
632 316 24 20 af
677 316 35 20 två
733 316 95 26 jernstag
849 314 24 22 af
892 315 34 21 för
948 314 63 22 klena

191 344 148 22 dimensioner.
369 344 69 21 Sedan
453 350 49 15 man
517 344 28 27 pä
559 344 81 26 ganska
655 344 55 26 goda
724 344 94 26 grunder
832 343 89 21 beslutit
935 343 33 26 sig
977 343 33 21 för

191 372 155 27 anbringandet
361 372 23 22 af
395 372 131 27 jernbjelkar
541 372 58 22 öfver
613 372 97 21 läktaren
726 372 39 21 och
780 372 63 22 dessa
861 372 72 21 dertill
955 377 56 21 myc-

191 401 38 21 ket
243 400 74 22 starka
332 401 39 21 och
387 401 58 27 dyra,
461 400 24 22 sä
497 401 55 21 hade
567 400 37 22 det
618 400 80 22 kanske
714 400 46 22 icke
776 400 54 22 varit
846 400 122 21 outförbart
978 401 33 20 att

191 430 48 20 med
254 429 124 26 tillräckligt
393 429 74 22 starka
482 431 47 25 stag
543 429 48 21 frän
606 430 62 20 dessa
681 429 131 27 jernbjelkar
834 429 113 26 upphänga
970 428 40 21 den

191 457 59 22 äldre
265 457 213 22 träkonstruktionen
493 457 63 21 ofvan
572 460 96 24 trappan,
684 457 71 21 hvilka
770 459 48 25 stag
829 457 46 21 icke
886 457 55 21 hade
951 457 59 21 kom-

191 486 39 21 mit
244 488 33 19 att
291 486 101 21 störande
407 486 100 21 inkräkta
521 486 27 27 pä
564 486 108 21 läktarens
694 486 106 26 egentliga
821 485 106 22 ändamäl.
957 486 53 20 Der-

191 514 48 21 med
254 514 36 22 vill
302 513 39 29 jag
355 514 46 22 icke
416 514 63 22 hafva
493 515 68 26 sagdt,
577 516 33 19 att
623 514 46 21 icke
685 514 183 25 konstruktionen,
884 514 70 21 säsom
970 514 40 22 den

191 549 29 15 nu
234 544 23 20 ät
272 543 78 26 utförd,
368 555 24 2 —
409 542 39 22 och
464 543 59 21 detta
538 543 38 21 har
590 542 23 27 ju
635 542 105 22 utskottet
755 542 64 22 ocksä
837 542 76 22 erkänt
930 555 24 2 —
970 542 41 28 gif-

191 571 30 21 vit
236 570 125 28 byggnaden
377 571 56 21 ökad
448 571 85 26 styrka;
554 576 49 16 men
622 572 103 25 antagligt
740 573 30 24 är,
786 573 33 19 att
834 572 37 20 det
885 572 34 20 för
941 570 69 23 direk-

191 599 72 21 tionen
278 605 37 16 var
331 605 26 15 en
372 601 46 19 stor
434 599 39 21 och
488 599 80 22 kanske
584 599 119 26 berättigad
718 599 98 22 frestelse
832 601 32 20 att
886 599 54 21 rifva
962 599 48 22 hela

191 627 61 22 detta
265 628 38 21 tak
319 627 97 22 ofvanom
432 628 132 26 trapphuset,
580 628 88 22 emedan
684 628 36 21 det
735 634 37 15 var
787 628 35 21 det
834 627 54 22 enda
901 629 66 20 sättet
979 630 32 19 att

190 656 33 21 till
238 656 32 21 sin
285 657 56 26 plats
357 656 99 21 befordra
471 657 25 20 de
512 658 59 19 stora
586 656 40 28 och
642 657 51 26 dyra
712 656 229 27 jernkonstruktioner,
965 663 45 14 som

191 684 96 27 uppbära
301 685 61 20 taket
373 685 58 21 öfver
439 687 58 19 stora
505 685 64 21 salen.
591 685 73 26 Arjag
672 685 46 20 icke
726 687 58 19 orätt
792 685 146 25 underrättad,
947 685 24 21 sä
979 685 30 21 in-

190 715 62 24 togos
266 713 106 27 nämligen
388 713 61 21 dessa
465 713 175 21 konstruktioner
654 719 76 20 genom
745 713 27 21 de
787 715 58 19 stora
860 714 95 21 fönstren
971 714 39 21 och

190 747 75 20 genom
287 741 129 27 trapptaket,
440 741 79 22 hvilket
541 741 89 22 sälunda
652 741 33 22 för
705 741 121 22 ändamälet
848 742 69 21 mäste
939 742 71 22 rifvas.

190 769 51 22 Icke
255 770 68 21 heller
338 770 87 21 härmed
441 771 35 20 vill
489 770 37 27 jag
541 770 63 22 hafva
619 770 93 21 uttaladt
734 770 66 27 något
821 770 71 22 direkt
914 770 96 22 klander.

192 811 27 2 —
235 798 32 21 Hr
281 798 171 27 Standertskjöld
468 799 45 26 har,
525 799 73 22 säkert
607 801 52 19 utan
670 799 28 21 all
708 799 120 26 anledning,
844 798 88 22 förstätt
943 799 67 28 tredje

191 826 82 28 stycket
288 827 28 26 pä
330 827 40 22 sid.
386 827 13 21 2
414 827 31 27 sä,
461 830 32 19 att
507 828 106 21 utskottet
632 827 110 27 föreslagit
758 827 61 22 äfven
842 827 167 22 sidoläktarenes

191 856 159 27 uppvärmning.
380 855 65 22 Detta
461 858 23 19 är
500 862 25 15 en
541 856 83 27 ätgärd,
640 862 44 15 som
705 857 106 20 utskottet
833 857 108 26 verkligen
963 857 46 22 icke

189 884 58 21 velat
261 884 85 26 iterera,
363 884 88 21 emedan
466 885 140 27 olägenheten
622 884 23 21 af
658 885 52 25 drag
729 885 47 21 frän
800 885 156 21 sidoläktarene
971 891 39 15 nu-

190 918 60 15 mera
265 914 24 19 är
303 913 82 25 ganska
400 912 65 27 ringa,
482 913 101 21 särskildt
598 913 61 21 äfven
681 913 32 21 till
735 912 53 28 följd
810 913 23 21 af
853 913 156 22 Riddarhusut-

190 940 93 22 skottets
299 941 67 21 under
381 940 128 28 landtdagen
524 942 34 20 för
572 940 121 23 ändamälet
709 942 100 26 vidtagna
824 942 106 26 ätgärder.
956 942 54 22 Der-

191 971 57 19 emot
262 970 25 20 är
301 970 36 20 det
352 975 45 16 mer
412 971 27 19 än
454 970 34 21 väl
509 970 74 26 kändt,
606 970 72 21 hvilka
700 970 137 26 olägenheter
859 970 89 22 Ständet
971 970 38 22 och

191 996 89 22 framför
295 998 39 20 allt
349 998 100 21 Ständets
464 998 179 22 Landtmarskalk
658 998 40 22 och
713 998 132 22 sekreterare
861 999 39 21 och
919 999 90 21 kanslist

190 1026 68 21 Under
272 1026 78 27 många
364 1026 127 27 landtdagar
506 1026 46 22 haft
568 1029 32 19 att
614 1027 59 21 utstå
691 1027 23 21 af
734 1028 75 26 draget
831 1027 46 21 från
901 1028 108 21 mellersta

191 1054 98 22 läktaren
305 1055 38 21 och
357 1055 37 26 jag
409 1055 81 21 tillåter
505 1056 42 26 mig
562 1058 32 18 att
608 1056 7 20 i
630 1056 69 21 denna
721 1055 61 27 fråga
804 1056 132 22 fortfarande
958 1062 51 15 vara

189 1082 24 22 af
227 1089 69 15 annan
312 1084 85 26 mening
411 1085 26 19 än
454 1084 32 20 Hr
501 1084 178 26 Standertskjöld,
698 1084 68 21 ehuru
780 1085 36 27 jag
831 1085 67 21 måste
914 1085 94 21 erkänna

190 1112 33 21 att
239 1111 40 22 han
293 1111 24 27 ju
332 1114 157 24 representerar
505 1119 26 15 en
546 1114 70 20 större
631 1113 53 26 grad
698 1112 24 21 af
735 1113 150 27 hallstämplad
907 1113 102 22 fackkun-

190 1140 59 26 skap.
279 1140 43 22 Det
337 1146 62 21 synes
414 1141 43 26 mig
472 1142 106 26 nämligen
593 1142 61 20 äfven
669 1142 23 21 af
704 1142 33 20 Hr
752 1142 183 26 Standertskjölds
957 1148 52 21 egen

191 1168 128 27 bevisföring
328 1169 81 26 framgå
424 1182 28 2 —
468 1169 84 22 hvilken
565 1170 36 26 jag
616 1170 98 26 föröfrigt
730 1170 7 20 i
752 1171 69 21 denna
836 1171 33 20 del
884 1171 125 26 godkänner

190 1209 29 3 —
235 1198 32 19 att
282 1203 34 14 om
331 1197 40 21 den
387 1204 20 14 m
421 1197 73 22 Ilersta
509 1198 98 21 läktaren
623 1198 70 21 direkt
708 1199 148 26 uppvärmdes,
877 1199 132 21 lufteirkula-

190 1225 72 20 tionen
277 1225 55 21 ifrån
347 1227 58 19 stora
421 1226 57 20 salen
494 1233 43 20 upp
560 1226 30 21 dit
612 1226 40 21 och
675 1228 59 19 retur
756 1227 46 20 icke
824 1227 6 21 i
854 1233 81 15 samma
956 1227 53 27 grad

189 1253 131 22 förekomme
335 1254 52 21 eller
401 1254 129 21 ätminstone
545 1255 47 21 icke
606 1255 84 20 komme
706 1257 32 18 att
753 1255 95 22 medföra
870 1261 26 15 en
919 1255 24 21 sä
964 1256 44 21 kall

190 1281 46 26 luft,
253 1288 44 15 som
313 1287 34 20 nu,
363 1282 34 25 dä,
420 1282 70 21 säsom
506 1283 32 20 Hr
560 1283 169 26 Standertskjöld
752 1283 49 26 sjelf
822 1284 109 24 erkänner,
954 1284 54 21 bäde

189 1308 40 21 luft
245 1309 39 21 och
299 1311 79 24 väggar
394 1311 37 20 der
446 1316 55 20 uppe
516 1311 58 21 hälla
589 1311 31 25 sig
635 1311 63 25 kalla,
722 1311 38 21 och
782 1312 41 20 den
844 1312 110 25 längsmed
976 1318 33 15 sa-

189 1336 46 21 lens
250 1338 78 25 väggar
344 1337 184 22 nedströmmande
544 1339 65 20 luften
625 1338 82 21 således
723 1338 67 21 måste
805 1345 51 15 vara
875 1339 63 26 kylig.
967 1339 41 28 Jag

190 1363 67 22 häller
272 1365 51 25 före,
340 1365 39 21 och
395 1366 36 21 det
446 1368 24 19 är
485 1368 75 19 nästan
576 1366 141 26 obestridligt,
733 1368 32 19 att
778 1373 25 14 en
814 1367 132 26 sjelfständig
956 1374 52 20 upp-

190 1393 109 27 värmning
314 1393 23 22 af
350 1393 109 22 läktarene
475 1394 155 27 otvifvelaktigt
645 1394 67 21 mäste
728 1394 105 22 förbättra
848 1395 36 22 det
904 1395 103 22 öfverkla-

188 1421 54 27 gade
257 1421 150 27 förhällandet,
422 1429 48 15 men
486 1429 33 14 om
539 1423 36 22 det
596 1423 134 27 fullständigt
751 1423 42 22 kan
816 1424 110 27 afhjelpas,
948 1425 59 22 detta

189 1450 37 22 vill
240 1451 35 27 jag
289 1451 47 22 icke
352 1451 106 22 bestämdt
473 1451 79 26 afgöra.
578 1451 73 22 Redan
663 1458 25 15 en
703 1452 128 28 förbättring
844 1460 51 16 vore
910 1454 97 21 emeller-

189 1479 31 22 tid
235 1480 23 20 af
270 1480 71 25 värde,
357 1480 40 21 och
411 1480 68 21 finner
491 1480 36 26 jag
543 1481 65 21 saken
630 1480 23 21 sä
676 1481 151 27 otvifvelaktig,
850 1485 32 19 att
902 1482 37 27 jag
960 1483 46 21 icke

188 1514 63 16 anser
266 1508 37 22 det
317 1509 128 27 nödvändigt
468 1511 32 19 att
521 1509 73 21 vidare
616 1508 100 28 rådfråga
738 1510 98 22 fackmän
858 1512 81 21 derom.
954 1524 27 3 —
995 1511 11 22 I

188 1536 61 27 fråga
263 1543 34 15 om
314 1538 25 21 de
354 1538 70 26 gamla
438 1538 118 21 ventilerna
571 1540 25 19 är
617 1538 36 22 det
674 1539 108 27 afsigtligt,
805 1545 45 15 som
872 1540 105 21 utskottet
999 1540 7 21 i
