1086 1781
368 147 25 17 R.
406 153 17 11 o.
435 148 22 16 A.
469 149 54 16 1891.
546 149 22 17 19
580 149 48 20 Maj.
824 147 54 20 1173

87 225 105 31 förande,
221 228 14 22 &
260 227 101 24 hvilken
388 229 136 24 ankommer
550 232 40 27 att,
618 230 30 23 dä
666 231 68 23 deras
752 231 153 32 afhjelpande

89 259 119 26 erfordrar
234 263 74 22 större
332 261 106 32 kostnad,
457 263 101 24 utverka
575 263 168 25 Direktionens
764 265 141 32 begifvande

89 294 39 23 till
155 296 100 23 arbetets
283 295 130 31 utförande,
431 304 54 16 men
503 297 9 23 i
530 300 74 21 annat
621 298 46 23 fall
684 298 9 23 i
712 299 74 23 saken
804 300 100 23 omedel-

89 328 54 24 bart
160 329 97 24 besluta.
657 330 10 6 N

467 431 12 27 $
498 432 20 20 3.

156 503 102 40 Årligen
285 511 63 24 skall
376 512 9 23 i
412 512 71 31 April
501 513 57 23 eller
576 512 49 32 Maj
646 513 91 31 mänad,
756 515 30 30 pä
804 513 100 25 Kamre-

88 554 84 16 rarens
193 546 113 24 anmälan
325 546 42 24 och
384 546 9 24 i
411 549 102 21 närvaro
531 547 25 23 af
574 547 69 24 säväl
659 547 85 24 honom
756 556 50 16 som
820 549 85 23 endera

89 580 58 24 eller
164 581 76 31 bägge
259 580 24 24 af
301 580 26 24 de
346 580 151 24 medlemmar
515 582 9 22 i
541 581 162 30 Direktionen,
717 582 79 24 hvilka
810 576 95 41 jemlikt

89 614 181 24 Instruktionen
294 614 35 24 för
347 614 137 24 densamma
501 615 75 24 hafva
593 618 121 21 närmaste
731 616 122 24 inseendet
871 617 33 23 öf-

89 656 42 16 ver
156 648 272 32 riddarhusbyggnaden
456 649 38 31 sig
522 650 132 30 ombetrodt,
682 650 90 23 allmän
798 658 46 22 syn
864 651 41 23 och

91 682 137 32 besigtning
255 684 14 22 &
295 683 105 23 nämnda
426 684 118 30 byggnad,
570 684 52 22 med
640 684 90 23 biträde
748 684 25 23 af
791 684 114 24 erforder-

88 716 53 32 liga
170 716 183 31 handtverkare,
382 717 145 24 verkställas
554 717 25 23 af
605 717 105 24 arkitekt
736 718 57 24 eller
820 726 81 16 annan

89 750 102 32 lämplig
208 758 92 23 person,
318 758 49 16 som
386 750 84 25 härtill
483 752 25 22 af
520 751 154 24 Direktionen
687 755 77 27 utses;
779 752 43 24 och
834 752 72 29 skall,

91 785 72 23 sedan
195 784 207 32 kostnadsförslag
434 785 39 24 till
499 785 177 32 nödigbefunna
703 786 95 24 arbeten
826 787 81 23 blifvit

90 820 144 30 upprättadt,
252 820 63 23 detta
333 819 93 32 förslag
443 820 119 24 inlemnas
580 820 40 23 till
638 820 155 24 Direktionen
805 821 36 23 för
853 821 52 23 vid-

90 854 102 31 tagande
219 854 25 23 af
271 854 44 23 den
337 854 89 31 ätgärd,
445 854 99 24 bvartill
562 854 130 24 detsamma
710 854 50 24 kan
777 855 128 24 föranleda.

491 961 14 27 $
521 962 18 19 4.

159 1036 160 23 Kamreraren
347 1035 92 32 åligger
463 1038 34 21 att
515 1036 73 24 hafva
606 1043 126 24 noggrann
750 1035 87 31 tillsyn
855 1036 51 23 der-

92 1070 72 31 öfver,
188 1072 35 22 att
246 1070 146 24 föreskrifna
409 1070 161 31 reparationer
587 1070 78 23 blifva
683 1070 163 31 omsorgsfullt
864 1070 44 23 och

92 1105 52 23 med
168 1104 153 32 iakttagande
345 1104 24 23 af
387 1105 71 30 nödig
477 1104 149 31 sparsamhet
643 1104 99 24 utförda.
778 1104 43 24 Om
839 1105 66 23 arbe-

91 1142 47 21 tets
157 1139 146 23 slutförande
321 1146 54 24 eger
393 1138 157 24 Kamreraren
571 1138 96 24 anmäla
684 1139 42 23 hos
740 1139 167 23 Direktionens

93 1173 150 30 Ordförande,
261 1175 31 29 pä
311 1173 43 30 det,
372 1173 40 24 der
431 1175 27 22 sä
475 1173 82 32 nödigt
574 1173 85 29 finnes,
678 1173 116 32 afsyning
806 1173 25 23 af
840 1173 67 23 arbe-

92 1209 33 22 tet
143 1209 38 22 mä
200 1207 8 23 i
222 1207 43 24 den
275 1207 102 32 ordning
386 1207 155 24 Direktionen
550 1208 140 23 bestämmer
702 1207 84 24 kunna
794 1207 113 32 försiggä.

160 1393 160 24 Kamreraren
339 1393 63 24 skall
420 1393 64 24 vaka
501 1393 107 24 deröfver
625 1395 35 21 att
678 1393 160 23 Riddarhuset
856 1393 51 23 till-

94 1428 84 30 höriga
204 1427 88 23 möbler
319 1428 43 22 och
384 1427 74 23 andra
476 1427 102 29 effekter,
596 1426 86 23 hvilka
700 1428 38 22 stä
755 1426 74 23 under
847 1426 61 24 hans

93 1462 67 30 värd,
186 1468 84 24 genom
297 1460 149 24 oaktsamhet
463 1460 110 24 hvarken
591 1460 87 24 skadas
698 1460 57 23 eller
773 1460 136 23 förkomma.

160 1495 84 32 Yyppas
262 1494 199 32 bristfälligheter
479 1496 14 22 å
511 1495 126 29 desamma,
656 1494 58 24 eller
731 1494 117 24 erfordras
861 1502 49 22 nya

93 1530 103 30 effekter,
228 1530 94 23 anmäle
353 1529 159 24 Kamreraren
539 1529 77 23 derom
642 1528 44 24 hos
714 1528 161 24 Ordföranden
902 1528 8 24 i
