<?xml version="1.0" encoding="UTF-8"?>
<alto xmlns="http://www.loc.gov/standards/alto/ns-v3#" xmlns:xlink="http://www.w3.org/1999/xlink" xmlns:xsi="http://www.w3.org/2001/XMLSchema-instance" xsi:schemaLocation="http://www.loc.gov/standards/alto/ns-v3# http://www.loc.gov/alto/v3/alto-3-0.xsd">
	<Description>
		<MeasurementUnit>pixel</MeasurementUnit>
		<sourceImageInformation>
			<fileName>/tmp/tess_rz9xd03p_input.PNG</fileName>
		</sourceImageInformation>
		<OCRProcessing ID="OCR_0">
			<ocrProcessingStep>
				<processingSoftware>
					<softwareName>tesseract 5.3.4</softwareName>
				</processingSoftware>
			</ocrProcessingStep>
		</OCRProcessing>
	</Description>
	<Layout>
		<Page WIDTH="1095" HEIGHT="1786" PHYSICAL_IMG_NR="0" ID="page_0">
			<PrintSpace HPOS="0" VPOS="0" WIDTH="1095" HEIGHT="1786">
				<ComposedBlock ID="cblock_0" HPOS="381" VPOS="119" WIDTH="511" HEIGHT="30">
					<TextBlock ID="block_0" HPOS="381" VPOS="119" WIDTH="511" HEIGHT="30">
						<TextLine ID="line_0" HPOS="381" VPOS="119" WIDTH="511" HEIGHT="30">
							<String ID="string_0" HPOS="381" VPOS="126" WIDTH="24" HEIGHT="17" WC="0.96" CONTENT="R."/><SP WIDTH="13" VPOS="126" HPOS="405"/>
							<String ID="string_1" HPOS="418" VPOS="131" WIDTH="17" HEIGHT="12" WC="0.87" CONTENT="o."/><SP WIDTH="12" VPOS="131" HPOS="435"/>
							<String ID="string_2" HPOS="447" VPOS="126" WIDTH="22" HEIGHT="17" WC="0.95" CONTENT="A."/><SP WIDTH="13" VPOS="126" HPOS="469"/>
							<String ID="string_3" HPOS="482" VPOS="127" WIDTH="53" HEIGHT="18" WC="0.94" CONTENT="1891."/><SP WIDTH="23" VPOS="127" HPOS="535"/>
							<String ID="string_4" HPOS="558" VPOS="128" WIDTH="26" HEIGHT="17" WC="0.96" CONTENT="20"/><SP WIDTH="11" VPOS="128" HPOS="584"/>
							<String ID="string_5" HPOS="595" VPOS="127" WIDTH="47" HEIGHT="22" WC="0.96" CONTENT="Maj."/><SP WIDTH="196" VPOS="127" HPOS="642"/>
							<String ID="string_6" HPOS="838" VPOS="119" WIDTH="54" HEIGHT="22" WC="0.96" CONTENT="1199"/>
						</TextLine>
					</TextBlock>
				</ComposedBlock>
				<GraphicalElement ID="cblock_1" HPOS="118" VPOS="160" WIDTH="797" HEIGHT="4"></GraphicalElement >
				<ComposedBlock ID="cblock_2" HPOS="102" VPOS="205" WIDTH="819" HEIGHT="255">
					<TextBlock ID="block_1" HPOS="102" VPOS="205" WIDTH="819" HEIGHT="255">
						<TextLine ID="line_1" HPOS="172" VPOS="205" WIDTH="748" HEIGHT="29">
							<String ID="string_7" HPOS="172" VPOS="206" WIDTH="57" HEIGHT="21" WC="0.82" CONTENT="Frih."/><SP WIDTH="25" VPOS="206" HPOS="229"/>
							<String ID="string_8" HPOS="254" VPOS="206" WIDTH="214" HEIGHT="27" WC="0.96" CONTENT="Langenskiöld:"/><SP WIDTH="23" VPOS="206" HPOS="468"/>
							<String ID="string_9" HPOS="491" VPOS="206" WIDTH="41" HEIGHT="28" WC="0.93" CONTENT="Jag"/><SP WIDTH="14" VPOS="206" HPOS="532"/>
							<String ID="string_10" HPOS="546" VPOS="206" WIDTH="95" HEIGHT="22" WC="0.95" CONTENT="anhåller"/><SP WIDTH="16" VPOS="206" HPOS="641"/>
							<String ID="string_11" HPOS="657" VPOS="207" WIDTH="32" HEIGHT="21" WC="0.93" CONTENT="att"/><SP WIDTH="14" VPOS="207" HPOS="689"/>
							<String ID="string_12" HPOS="703" VPOS="206" WIDTH="21" HEIGHT="22" WC="0.96" CONTENT="få"/><SP WIDTH="15" VPOS="206" HPOS="724"/>
							<String ID="string_13" HPOS="739" VPOS="206" WIDTH="112" HEIGHT="21" WC="0.95" CONTENT="instämma"/><SP WIDTH="15" VPOS="206" HPOS="851"/>
							<String ID="string_14" HPOS="866" VPOS="206" WIDTH="8" HEIGHT="20" WC="0.96" CONTENT="i"/><SP WIDTH="15" VPOS="206" HPOS="874"/>
							<String ID="string_15" HPOS="889" VPOS="205" WIDTH="31" HEIGHT="21" WC="0.97" CONTENT="Hr"/>
						</TextLine>
						<TextLine ID="line_2" HPOS="105" VPOS="234" WIDTH="815" HEIGHT="27">
							<String ID="string_16" HPOS="105" VPOS="234" WIDTH="114" HEIGHT="22" WC="0.91" CONTENT="Mechelins"/><SP WIDTH="15" VPOS="234" HPOS="219"/>
							<String ID="string_17" HPOS="234" VPOS="235" WIDTH="105" HEIGHT="26" WC="0.92" CONTENT="yttrande,"/><SP WIDTH="16" VPOS="235" HPOS="339"/>
							<String ID="string_18" HPOS="355" VPOS="235" WIDTH="70" HEIGHT="21" WC="0.91" CONTENT="sävidt"/><SP WIDTH="15" VPOS="235" HPOS="425"/>
							<String ID="string_19" HPOS="440" VPOS="234" WIDTH="35" HEIGHT="22" WC="0.93" CONTENT="det"/><SP WIDTH="15" VPOS="234" HPOS="475"/>
							<String ID="string_20" HPOS="490" VPOS="234" WIDTH="66" HEIGHT="27" WC="0.92" CONTENT="angär"/><SP WIDTH="23" VPOS="234" HPOS="556"/>
							<String ID="string_21" HPOS="579" VPOS="235" WIDTH="35" HEIGHT="21" WC="0.93" CONTENT="det"/><SP WIDTH="14" VPOS="235" HPOS="614"/>
							<String ID="string_22" HPOS="628" VPOS="235" WIDTH="7" HEIGHT="20" WC="0.93" CONTENT="i"/><SP WIDTH="15" VPOS="235" HPOS="635"/>
							<String ID="string_23" HPOS="650" VPOS="234" WIDTH="115" HEIGHT="22" WC="0.93" CONTENT="utskottets"/><SP WIDTH="20" VPOS="234" HPOS="765"/>
							<String ID="string_24" HPOS="785" VPOS="234" WIDTH="135" HEIGHT="21" WC="0.91" CONTENT="betänkande"/>
						</TextLine>
						<TextLine ID="line_3" HPOS="104" VPOS="262" WIDTH="817" HEIGHT="28">
							<String ID="string_25" HPOS="104" VPOS="262" WIDTH="172" HEIGHT="22" WC="0.91" CONTENT="förekommande"/><SP WIDTH="15" VPOS="262" HPOS="276"/>
							<String ID="string_26" HPOS="291" VPOS="262" WIDTH="102" HEIGHT="28" WC="0.93" CONTENT="förslaget"/><SP WIDTH="16" VPOS="262" HPOS="393"/>
							<String ID="string_27" HPOS="409" VPOS="263" WIDTH="32" HEIGHT="21" WC="0.93" CONTENT="till"/><SP WIDTH="15" VPOS="263" HPOS="441"/>
							<String ID="string_28" HPOS="456" VPOS="263" WIDTH="121" HEIGHT="27" WC="0.92" CONTENT="förordning"/><SP WIDTH="11" VPOS="263" HPOS="577"/>
							<String ID="string_29" HPOS="588" VPOS="269" WIDTH="34" HEIGHT="15" WC="0.96" CONTENT="om"/><SP WIDTH="10" VPOS="269" HPOS="622"/>
							<String ID="string_30" HPOS="632" VPOS="262" WIDTH="125" HEIGHT="27" WC="0.96" CONTENT="försäljning"/><SP WIDTH="11" VPOS="262" HPOS="757"/>
							<String ID="string_31" HPOS="768" VPOS="262" WIDTH="38" HEIGHT="21" WC="0.93" CONTENT="och"/><SP WIDTH="11" VPOS="262" HPOS="806"/>
							<String ID="string_32" HPOS="817" VPOS="262" WIDTH="104" HEIGHT="21" WC="0.92" CONTENT="utskänk-"/>
						</TextLine>
						<TextLine ID="line_4" HPOS="104" VPOS="289" WIDTH="816" HEIGHT="28">
							<String ID="string_33" HPOS="104" VPOS="291" WIDTH="49" HEIGHT="26" WC="0.94" CONTENT="ning"/><SP WIDTH="15" VPOS="291" HPOS="153"/>
							<String ID="string_34" HPOS="168" VPOS="291" WIDTH="23" HEIGHT="21" WC="0.96" CONTENT="af"/><SP WIDTH="14" VPOS="291" HPOS="191"/>
							<String ID="string_35" HPOS="205" VPOS="297" WIDTH="88" HEIGHT="20" WC="0.93" CONTENT="svagare"/><SP WIDTH="16" VPOS="297" HPOS="293"/>
							<String ID="string_36" HPOS="309" VPOS="291" WIDTH="132" HEIGHT="26" WC="0.90" CONTENT="rusdrycker."/><SP WIDTH="30" VPOS="291" HPOS="441"/>
							<String ID="string_37" HPOS="471" VPOS="292" WIDTH="63" HEIGHT="20" WC="0.90" CONTENT="Hvad"/><SP WIDTH="20" VPOS="292" HPOS="534"/>
							<String ID="string_38" HPOS="554" VPOS="292" WIDTH="119" HEIGHT="21" WC="0.93" CONTENT="sedermera"/><SP WIDTH="22" VPOS="292" HPOS="673"/>
							<String ID="string_39" HPOS="695" VPOS="292" WIDTH="35" HEIGHT="19" WC="0.96" CONTENT="det"/><SP WIDTH="23" VPOS="292" HPOS="730"/>
							<String ID="string_40" HPOS="753" VPOS="290" WIDTH="67" HEIGHT="21" WC="0.92" CONTENT="första"/><SP WIDTH="21" VPOS="290" HPOS="820"/>
							<String ID="string_41" HPOS="841" VPOS="289" WIDTH="79" HEIGHT="27" WC="0.91" CONTENT="lagför-"/>
						</TextLine>
						<TextLine ID="line_5" HPOS="104" VPOS="317" WIDTH="816" HEIGHT="28">
							<String ID="string_42" HPOS="104" VPOS="319" WIDTH="68" HEIGHT="26" WC="0.93" CONTENT="slaget"/><SP WIDTH="14" VPOS="319" HPOS="172"/>
							<String ID="string_43" HPOS="186" VPOS="319" WIDTH="131" HEIGHT="22" WC="0.90" CONTENT="vidkommer"/><SP WIDTH="15" VPOS="319" HPOS="317"/>
							<String ID="string_44" HPOS="332" VPOS="319" WIDTH="39" HEIGHT="22" WC="0.96" CONTENT="och"/><SP WIDTH="16" VPOS="319" HPOS="371"/>
							<String ID="string_45" HPOS="387" VPOS="319" WIDTH="31" HEIGHT="21" WC="0.93" CONTENT="Hr"/><SP WIDTH="15" VPOS="319" HPOS="418"/>
							<String ID="string_46" HPOS="433" VPOS="319" WIDTH="115" HEIGHT="22" WC="0.92" CONTENT="Mechelins"/><SP WIDTH="14" VPOS="319" HPOS="548"/>
							<String ID="string_47" HPOS="562" VPOS="319" WIDTH="140" HEIGHT="26" WC="0.96" CONTENT="anmärkning"/><SP WIDTH="15" VPOS="319" HPOS="702"/>
							<String ID="string_48" HPOS="717" VPOS="324" WIDTH="33" HEIGHT="15" WC="0.95" CONTENT="om"/><SP WIDTH="14" VPOS="324" HPOS="750"/>
							<String ID="string_49" HPOS="764" VPOS="320" WIDTH="32" HEIGHT="19" WC="0.96" CONTENT="att"/><SP WIDTH="11" VPOS="320" HPOS="796"/>
							<String ID="string_50" HPOS="807" VPOS="319" WIDTH="58" HEIGHT="20" WC="0.93" CONTENT="detta"/><SP WIDTH="12" VPOS="319" HPOS="865"/>
							<String ID="string_51" HPOS="877" VPOS="317" WIDTH="43" HEIGHT="21" WC="0.91" CONTENT="för-"/>
						</TextLine>
						<TextLine ID="line_6" HPOS="104" VPOS="345" WIDTH="816" HEIGHT="30">
							<String ID="string_52" HPOS="104" VPOS="347" WIDTH="45" HEIGHT="26" WC="0.96" CONTENT="slag"/><SP WIDTH="15" VPOS="347" HPOS="149"/>
							<String ID="string_53" HPOS="164" VPOS="347" WIDTH="68" HEIGHT="22" WC="0.96" CONTENT="skulle"/><SP WIDTH="15" VPOS="347" HPOS="232"/>
							<String ID="string_54" HPOS="247" VPOS="350" WIDTH="52" HEIGHT="25" WC="0.97" CONTENT="göra"/><SP WIDTH="15" VPOS="350" HPOS="299"/>
							<String ID="string_55" HPOS="314" VPOS="347" WIDTH="89" HEIGHT="28" WC="0.96" CONTENT="ändring"/><SP WIDTH="14" VPOS="347" HPOS="403"/>
							<String ID="string_56" HPOS="417" VPOS="348" WIDTH="7" HEIGHT="20" WC="0.96" CONTENT="i"/><SP WIDTH="18" VPOS="348" HPOS="424"/>
							<String ID="string_57" HPOS="442" VPOS="348" WIDTH="52" HEIGHT="21" WC="0.93" CONTENT="1879"/><SP WIDTH="16" VPOS="348" HPOS="494"/>
							<String ID="string_58" HPOS="510" VPOS="347" WIDTH="35" HEIGHT="22" WC="0.87" CONTENT="&amp;rs"/><SP WIDTH="14" VPOS="347" HPOS="545"/>
							<String ID="string_59" HPOS="559" VPOS="348" WIDTH="126" HEIGHT="26" WC="0.93" CONTENT="näringslag,"/><SP WIDTH="16" VPOS="348" HPOS="685"/>
							<String ID="string_60" HPOS="701" VPOS="346" WIDTH="68" HEIGHT="22" WC="0.93" CONTENT="mäste"/><SP WIDTH="13" VPOS="346" HPOS="769"/>
							<String ID="string_61" HPOS="782" VPOS="347" WIDTH="37" HEIGHT="26" WC="0.96" CONTENT="jag"/><SP WIDTH="10" VPOS="347" HPOS="819"/>
							<String ID="string_62" HPOS="829" VPOS="346" WIDTH="32" HEIGHT="21" WC="0.96" CONTENT="för"/><SP WIDTH="16" VPOS="346" HPOS="861"/>
							<String ID="string_63" HPOS="877" VPOS="345" WIDTH="43" HEIGHT="22" WC="0.97" CONTENT="min"/>
						</TextLine>
						<TextLine ID="line_7" HPOS="104" VPOS="375" WIDTH="816" HEIGHT="28">
							<String ID="string_64" HPOS="104" VPOS="376" WIDTH="35" HEIGHT="21" WC="0.93" CONTENT="del"/><SP WIDTH="14" VPOS="376" HPOS="139"/>
							<String ID="string_65" HPOS="153" VPOS="376" WIDTH="73" HEIGHT="26" WC="0.92" CONTENT="tillstä,"/><SP WIDTH="16" VPOS="376" HPOS="226"/>
							<String ID="string_66" HPOS="242" VPOS="378" WIDTH="33" HEIGHT="19" WC="0.96" CONTENT="att"/><SP WIDTH="13" VPOS="378" HPOS="275"/>
							<String ID="string_67" HPOS="288" VPOS="376" WIDTH="36" HEIGHT="27" WC="0.93" CONTENT="jag"/><SP WIDTH="15" VPOS="376" HPOS="324"/>
							<String ID="string_68" HPOS="339" VPOS="376" WIDTH="45" HEIGHT="21" WC="0.96" CONTENT="icke"/><SP WIDTH="16" VPOS="376" HPOS="384"/>
							<String ID="string_69" HPOS="400" VPOS="377" WIDTH="42" HEIGHT="20" WC="0.96" CONTENT="kan"/><SP WIDTH="16" VPOS="377" HPOS="442"/>
							<String ID="string_70" HPOS="458" VPOS="376" WIDTH="56" HEIGHT="21" WC="0.97" CONTENT="finna"/><SP WIDTH="16" VPOS="376" HPOS="514"/>
							<String ID="string_71" HPOS="530" VPOS="376" WIDTH="41" HEIGHT="26" WC="0.96" CONTENT="det,"/><SP WIDTH="23" VPOS="376" HPOS="571"/>
							<String ID="string_72" HPOS="594" VPOS="375" WIDTH="26" HEIGHT="22" WC="0.96" CONTENT="dä"/><SP WIDTH="13" VPOS="375" HPOS="620"/>
							<String ID="string_73" HPOS="633" VPOS="376" WIDTH="23" HEIGHT="27" WC="0.85" CONTENT="ju"/><SP WIDTH="15" VPOS="376" HPOS="656"/>
							<String ID="string_74" HPOS="671" VPOS="375" WIDTH="7" HEIGHT="21" WC="0.85" CONTENT="i"/><SP WIDTH="17" VPOS="375" HPOS="678"/>
							<String ID="string_75" HPOS="695" VPOS="376" WIDTH="26" HEIGHT="20" WC="0.92" CONTENT="14"/><SP WIDTH="22" VPOS="376" HPOS="721"/>
							<String ID="string_76" HPOS="743" VPOS="376" WIDTH="10" HEIGHT="25" WC="0.92" CONTENT="$"/><SP WIDTH="20" VPOS="376" HPOS="753"/>
							<String ID="string_77" HPOS="773" VPOS="375" WIDTH="147" HEIGHT="26" WC="0.92" CONTENT="näringslagen"/>
						</TextLine>
						<TextLine ID="line_8" HPOS="102" VPOS="402" WIDTH="818" HEIGHT="30">
							<String ID="string_78" HPOS="102" VPOS="405" WIDTH="144" HEIGHT="27" WC="0.93" CONTENT="uttryckligen"/><SP WIDTH="15" VPOS="405" HPOS="246"/>
							<String ID="string_79" HPOS="261" VPOS="407" WIDTH="67" HEIGHT="25" WC="0.92" CONTENT="säges,"/><SP WIDTH="17" VPOS="407" HPOS="328"/>
							<String ID="string_80" HPOS="345" VPOS="406" WIDTH="32" HEIGHT="20" WC="0.93" CONTENT="att"/><SP WIDTH="15" VPOS="406" HPOS="377"/>
							<String ID="string_81" HPOS="392" VPOS="405" WIDTH="65" HEIGHT="26" WC="0.93" CONTENT="sagda"/><SP WIDTH="15" VPOS="405" HPOS="457"/>
							<String ID="string_82" HPOS="472" VPOS="405" WIDTH="34" HEIGHT="27" WC="0.93" CONTENT="lag"/><SP WIDTH="14" VPOS="405" HPOS="506"/>
							<String ID="string_83" HPOS="520" VPOS="405" WIDTH="46" HEIGHT="21" WC="0.92" CONTENT="icke"/><SP WIDTH="23" VPOS="405" HPOS="566"/>
							<String ID="string_84" HPOS="589" VPOS="405" WIDTH="66" HEIGHT="26" WC="0.92" CONTENT="angär"/><SP WIDTH="21" VPOS="405" HPOS="655"/>
							<String ID="string_85" HPOS="676" VPOS="403" WIDTH="92" HEIGHT="22" WC="0.96" CONTENT="handeln"/><SP WIDTH="21" VPOS="403" HPOS="768"/>
							<String ID="string_86" HPOS="789" VPOS="403" WIDTH="48" HEIGHT="22" WC="0.93" CONTENT="med"/><SP WIDTH="22" VPOS="403" HPOS="837"/>
							<String ID="string_87" HPOS="859" VPOS="402" WIDTH="61" HEIGHT="22" WC="0.93" CONTENT="malt-"/>
						</TextLine>
						<TextLine ID="line_9" HPOS="102" VPOS="433" WIDTH="96" HEIGHT="27">
							<String ID="string_88" HPOS="102" VPOS="433" WIDTH="96" HEIGHT="27" WC="0.89" CONTENT="drycker."/>
						</TextLine>
					</TextBlock>
				</ComposedBlock>
				<ComposedBlock ID="cblock_3" HPOS="100" VPOS="491" WIDTH="820" HEIGHT="1059">
					<TextBlock ID="block_2" HPOS="100" VPOS="491" WIDTH="820" HEIGHT="1059">
						<TextLine ID="line_10" HPOS="171" VPOS="491" WIDTH="748" HEIGHT="29">
							<String ID="string_89" HPOS="171" VPOS="492" WIDTH="57" HEIGHT="21" WC="0.84" CONTENT="Frih."/><SP WIDTH="16" VPOS="492" HPOS="228"/>
							<String ID="string_90" HPOS="244" VPOS="493" WIDTH="25" HEIGHT="20" WC="0.96" CONTENT="R."/><SP WIDTH="16" VPOS="493" HPOS="269"/>
							<String ID="string_91" HPOS="285" VPOS="493" WIDTH="24" HEIGHT="21" WC="0.83" CONTENT="A."/><SP WIDTH="23" VPOS="493" HPOS="309"/>
							<String ID="string_92" HPOS="332" VPOS="493" WIDTH="110" HEIGHT="21" WC="0.93" CONTENT="Wrede:"/><SP WIDTH="23" VPOS="493" HPOS="442"/>
							<String ID="string_93" HPOS="465" VPOS="493" WIDTH="61" HEIGHT="22" WC="0.93" CONTENT="Hvad"/><SP WIDTH="24" VPOS="493" HPOS="526"/>
							<String ID="string_94" HPOS="550" VPOS="491" WIDTH="100" HEIGHT="24" WC="0.88" CONTENT="beträffar"/><SP WIDTH="21" VPOS="491" HPOS="650"/>
							<String ID="string_95" HPOS="671" VPOS="491" WIDTH="102" HEIGHT="29" WC="0.96" CONTENT="förslaget"/><SP WIDTH="14" VPOS="491" HPOS="773"/>
							<String ID="string_96" HPOS="787" VPOS="493" WIDTH="32" HEIGHT="22" WC="0.93" CONTENT="till"/><SP WIDTH="18" VPOS="493" HPOS="819"/>
							<String ID="string_97" HPOS="837" VPOS="491" WIDTH="82" HEIGHT="24" WC="0.92" CONTENT="förord-"/>
						</TextLine>
						<TextLine ID="line_11" HPOS="104" VPOS="521" WIDTH="814" HEIGHT="28">
							<String ID="string_98" HPOS="104" VPOS="521" WIDTH="50" HEIGHT="28" WC="0.93" CONTENT="ning"/><SP WIDTH="15" VPOS="521" HPOS="154"/>
							<String ID="string_99" HPOS="169" VPOS="521" WIDTH="109" HEIGHT="26" WC="0.96" CONTENT="angående"/><SP WIDTH="15" VPOS="521" HPOS="278"/>
							<String ID="string_100" HPOS="293" VPOS="521" WIDTH="122" HEIGHT="27" WC="0.96" CONTENT="försäljning"/><SP WIDTH="16" VPOS="521" HPOS="415"/>
							<String ID="string_101" HPOS="431" VPOS="521" WIDTH="23" HEIGHT="22" WC="0.96" CONTENT="af"/><SP WIDTH="13" VPOS="521" HPOS="454"/>
							<String ID="string_102" HPOS="467" VPOS="522" WIDTH="59" HEIGHT="21" WC="0.96" CONTENT="viner"/><SP WIDTH="15" VPOS="522" HPOS="526"/>
							<String ID="string_103" HPOS="541" VPOS="522" WIDTH="39" HEIGHT="21" WC="0.96" CONTENT="och"/><SP WIDTH="16" VPOS="522" HPOS="580"/>
							<String ID="string_104" HPOS="596" VPOS="523" WIDTH="66" HEIGHT="20" WC="0.96" CONTENT="andra"/><SP WIDTH="14" VPOS="523" HPOS="662"/>
							<String ID="string_105" HPOS="676" VPOS="528" WIDTH="87" HEIGHT="21" WC="0.93" CONTENT="svagare"/><SP WIDTH="23" VPOS="528" HPOS="763"/>
							<String ID="string_106" HPOS="786" VPOS="522" WIDTH="132" HEIGHT="27" WC="0.92" CONTENT="rusdrycker,"/>
						</TextLine>
						<TextLine ID="line_12" HPOS="104" VPOS="549" WIDTH="816" HEIGHT="28">
							<String ID="string_107" HPOS="104" VPOS="550" WIDTH="22" HEIGHT="21" WC="0.96" CONTENT="sä"/><SP WIDTH="17" VPOS="550" HPOS="126"/>
							<String ID="string_108" HPOS="143" VPOS="552" WIDTH="23" HEIGHT="19" WC="0.96" CONTENT="är"/><SP WIDTH="14" VPOS="552" HPOS="166"/>
							<String ID="string_109" HPOS="180" VPOS="549" WIDTH="36" HEIGHT="27" WC="0.93" CONTENT="jag"/><SP WIDTH="16" VPOS="549" HPOS="216"/>
							<String ID="string_110" HPOS="232" VPOS="555" WIDTH="49" HEIGHT="16" WC="0.92" CONTENT="ense"/><SP WIDTH="17" VPOS="555" HPOS="281"/>
							<String ID="string_111" HPOS="298" VPOS="556" WIDTH="33" HEIGHT="15" WC="0.96" CONTENT="om"/><SP WIDTH="16" VPOS="556" HPOS="331"/>
							<String ID="string_112" HPOS="347" VPOS="551" WIDTH="40" HEIGHT="20" WC="0.96" CONTENT="den"/><SP WIDTH="15" VPOS="551" HPOS="387"/>
							<String ID="string_113" HPOS="402" VPOS="550" WIDTH="141" HEIGHT="27" WC="0.95" CONTENT="uppfattning,"/><SP WIDTH="23" VPOS="550" HPOS="543"/>
							<String ID="string_114" HPOS="566" VPOS="557" WIDTH="44" HEIGHT="15" WC="0.93" CONTENT="som"/><SP WIDTH="17" VPOS="557" HPOS="610"/>
							<String ID="string_115" HPOS="627" VPOS="551" WIDTH="90" HEIGHT="21" WC="0.91" CONTENT="uttalats"/><SP WIDTH="23" VPOS="551" HPOS="717"/>
							<String ID="string_116" HPOS="740" VPOS="551" WIDTH="22" HEIGHT="21" WC="0.96" CONTENT="af"/><SP WIDTH="20" VPOS="551" HPOS="762"/>
							<String ID="string_117" HPOS="782" VPOS="551" WIDTH="32" HEIGHT="21" WC="0.93" CONTENT="Hr"/><SP WIDTH="21" VPOS="551" HPOS="814"/>
							<String ID="string_118" HPOS="835" VPOS="551" WIDTH="85" HEIGHT="22" WC="0.92" CONTENT="Meche-"/>
						</TextLine>
						<TextLine ID="line_13" HPOS="103" VPOS="578" WIDTH="817" HEIGHT="29">
							<String ID="string_119" HPOS="103" VPOS="579" WIDTH="30" HEIGHT="20" WC="0.96" CONTENT="lin"/><SP WIDTH="16" VPOS="579" HPOS="133"/>
							<String ID="string_120" HPOS="149" VPOS="579" WIDTH="39" HEIGHT="21" WC="0.93" CONTENT="och"/><SP WIDTH="16" VPOS="579" HPOS="188"/>
							<String ID="string_121" HPOS="204" VPOS="578" WIDTH="58" HEIGHT="22" WC="0.92" CONTENT="Frih."/><SP WIDTH="15" VPOS="578" HPOS="262"/>
							<String ID="string_122" HPOS="277" VPOS="579" WIDTH="163" HEIGHT="26" WC="0.96" CONTENT="Langenskiöld,"/><SP WIDTH="15" VPOS="579" HPOS="440"/>
							<String ID="string_123" HPOS="455" VPOS="580" WIDTH="33" HEIGHT="20" WC="0.96" CONTENT="att"/><SP WIDTH="14" VPOS="580" HPOS="488"/>
							<String ID="string_124" HPOS="502" VPOS="579" WIDTH="106" HEIGHT="27" WC="0.96" CONTENT="nämligen"/><SP WIDTH="15" VPOS="579" HPOS="608"/>
							<String ID="string_125" HPOS="623" VPOS="580" WIDTH="59" HEIGHT="20" WC="0.93" CONTENT="detta"/><SP WIDTH="21" VPOS="580" HPOS="682"/>
							<String ID="string_126" HPOS="703" VPOS="579" WIDTH="217" HEIGHT="28" WC="0.90" CONTENT="författningsförslag"/>
						</TextLine>
						<TextLine ID="line_14" HPOS="104" VPOS="607" WIDTH="815" HEIGHT="27">
							<String ID="string_127" HPOS="104" VPOS="607" WIDTH="128" HEIGHT="21" WC="0.96" CONTENT="åtminstone"/><SP WIDTH="16" VPOS="607" HPOS="232"/>
							<String ID="string_128" HPOS="248" VPOS="607" WIDTH="64" HEIGHT="21" WC="0.93" CONTENT="delvis"/><SP WIDTH="16" VPOS="607" HPOS="312"/>
							<String ID="string_129" HPOS="328" VPOS="608" WIDTH="63" HEIGHT="20" WC="0.96" CONTENT="berör"/><SP WIDTH="16" VPOS="608" HPOS="391"/>
							<String ID="string_130" HPOS="407" VPOS="609" WIDTH="30" HEIGHT="20" WC="0.93" CONTENT="ett"/><SP WIDTH="15" VPOS="609" HPOS="437"/>
							<String ID="string_131" HPOS="452" VPOS="607" WIDTH="92" HEIGHT="26" WC="0.95" CONTENT="område,"/><SP WIDTH="16" VPOS="607" HPOS="544"/>
							<String ID="string_132" HPOS="560" VPOS="608" WIDTH="38" HEIGHT="21" WC="0.93" CONTENT="der"/><SP WIDTH="15" VPOS="608" HPOS="598"/>
							<String ID="string_133" HPOS="613" VPOS="607" WIDTH="118" HEIGHT="22" WC="0.91" CONTENT="Ständerna"/><SP WIDTH="15" VPOS="607" HPOS="731"/>
							<String ID="string_134" HPOS="746" VPOS="608" WIDTH="62" HEIGHT="21" WC="0.90" CONTENT="hafva"/><SP WIDTH="22" VPOS="608" HPOS="808"/>
							<String ID="string_135" HPOS="830" VPOS="608" WIDTH="89" HEIGHT="26" WC="0.92" CONTENT="lagstift-"/>
						</TextLine>
						<TextLine ID="line_15" HPOS="105" VPOS="636" WIDTH="815" HEIGHT="27">
							<String ID="string_136" HPOS="105" VPOS="636" WIDTH="111" HEIGHT="27" WC="0.93" CONTENT="ningsrätt,"/><SP WIDTH="15" VPOS="636" HPOS="216"/>
							<String ID="string_137" HPOS="231" VPOS="636" WIDTH="123" HEIGHT="26" WC="0.92" CONTENT="visserligen"/><SP WIDTH="15" VPOS="636" HPOS="354"/>
							<String ID="string_138" HPOS="369" VPOS="636" WIDTH="45" HEIGHT="21" WC="0.92" CONTENT="icke"/><SP WIDTH="15" VPOS="636" HPOS="414"/>
							<String ID="string_139" HPOS="429" VPOS="636" WIDTH="30" HEIGHT="26" WC="0.96" CONTENT="sä,"/><SP WIDTH="16" VPOS="636" HPOS="459"/>
							<String ID="string_140" HPOS="475" VPOS="638" WIDTH="33" HEIGHT="19" WC="0.93" CONTENT="att"/><SP WIDTH="14" VPOS="638" HPOS="508"/>
							<String ID="string_141" HPOS="522" VPOS="636" WIDTH="119" HEIGHT="22" WC="0.91" CONTENT="Ständerna"/><SP WIDTH="18" VPOS="636" HPOS="641"/>
							<String ID="string_142" HPOS="659" VPOS="637" WIDTH="67" HEIGHT="21" WC="0.93" CONTENT="skulle"/><SP WIDTH="22" VPOS="637" HPOS="726"/>
							<String ID="string_143" HPOS="748" VPOS="636" WIDTH="63" HEIGHT="21" WC="0.92" CONTENT="hafva"/><SP WIDTH="20" VPOS="636" HPOS="811"/>
							<String ID="string_144" HPOS="831" VPOS="636" WIDTH="89" HEIGHT="26" WC="0.96" CONTENT="deltagit"/>
						</TextLine>
						<TextLine ID="line_16" HPOS="104" VPOS="664" WIDTH="815" HEIGHT="28">
							<String ID="string_145" HPOS="104" VPOS="665" WIDTH="7" HEIGHT="20" WC="0.96" CONTENT="i"/><SP WIDTH="16" VPOS="665" HPOS="111"/>
							<String ID="string_146" HPOS="127" VPOS="664" WIDTH="157" HEIGHT="27" WC="0.93" CONTENT="lagstiftningen"/><SP WIDTH="16" VPOS="664" HPOS="284"/>
							<String ID="string_147" HPOS="300" VPOS="664" WIDTH="108" HEIGHT="27" WC="0.92" CONTENT="angäende"/><SP WIDTH="23" VPOS="664" HPOS="408"/>
							<String ID="string_148" HPOS="431" VPOS="664" WIDTH="122" HEIGHT="28" WC="0.96" CONTENT="försäljning"/><SP WIDTH="15" VPOS="664" HPOS="553"/>
							<String ID="string_149" HPOS="568" VPOS="664" WIDTH="23" HEIGHT="22" WC="0.93" CONTENT="af"/><SP WIDTH="21" VPOS="664" HPOS="591"/>
							<String ID="string_150" HPOS="612" VPOS="665" WIDTH="80" HEIGHT="21" WC="0.91" CONTENT="sädana"/><SP WIDTH="22" VPOS="665" HPOS="692"/>
							<String ID="string_151" HPOS="714" VPOS="666" WIDTH="94" HEIGHT="26" WC="0.91" CONTENT="drycker,"/><SP WIDTH="24" VPOS="666" HPOS="808"/>
							<String ID="string_152" HPOS="832" VPOS="665" WIDTH="87" HEIGHT="21" WC="0.92" CONTENT="hvarom"/>
						</TextLine>
						<TextLine ID="line_17" HPOS="104" VPOS="692" WIDTH="815" HEIGHT="28">
							<String ID="string_153" HPOS="104" VPOS="693" WIDTH="39" HEIGHT="21" WC="0.95" CONTENT="här"/><SP WIDTH="15" VPOS="693" HPOS="143"/>
							<String ID="string_154" HPOS="158" VPOS="694" WIDTH="25" HEIGHT="20" WC="0.93" CONTENT="är"/><SP WIDTH="15" VPOS="694" HPOS="183"/>
							<String ID="string_155" HPOS="198" VPOS="692" WIDTH="66" HEIGHT="28" WC="0.91" CONTENT="fräga,"/><SP WIDTH="16" VPOS="692" HPOS="264"/>
							<String ID="string_156" HPOS="280" VPOS="699" WIDTH="48" HEIGHT="15" WC="0.96" CONTENT="men"/><SP WIDTH="15" VPOS="699" HPOS="328"/>
							<String ID="string_157" HPOS="343" VPOS="693" WIDTH="54" HEIGHT="21" WC="0.96" CONTENT="dock"/><SP WIDTH="15" VPOS="693" HPOS="397"/>
							<String ID="string_158" HPOS="412" VPOS="694" WIDTH="29" HEIGHT="25" WC="0.96" CONTENT="sä,"/><SP WIDTH="24" VPOS="694" HPOS="441"/>
							<String ID="string_159" HPOS="465" VPOS="695" WIDTH="31" HEIGHT="19" WC="0.96" CONTENT="att"/><SP WIDTH="23" VPOS="695" HPOS="496"/>
							<String ID="string_160" HPOS="519" VPOS="694" WIDTH="25" HEIGHT="21" WC="0.93" CONTENT="de"/><SP WIDTH="22" VPOS="694" HPOS="544"/>
							<String ID="string_161" HPOS="566" VPOS="693" WIDTH="183" HEIGHT="27" WC="0.91" CONTENT="inskränkningar,"/><SP WIDTH="23" VPOS="693" HPOS="749"/>
							<String ID="string_162" HPOS="772" VPOS="694" WIDTH="86" HEIGHT="20" WC="0.91" CONTENT="hvarom"/><SP WIDTH="22" VPOS="694" HPOS="858"/>
							<String ID="string_163" HPOS="880" VPOS="693" WIDTH="39" HEIGHT="21" WC="0.96" CONTENT="här"/>
						</TextLine>
						<TextLine ID="line_18" HPOS="104" VPOS="721" WIDTH="816" HEIGHT="28">
							<String ID="string_164" HPOS="104" VPOS="724" WIDTH="24" HEIGHT="18" WC="0.91" CONTENT="är"/><SP WIDTH="20" VPOS="724" HPOS="128"/>
							<String ID="string_165" HPOS="148" VPOS="721" WIDTH="66" HEIGHT="27" WC="0.91" CONTENT="fräga,"/><SP WIDTH="22" VPOS="721" HPOS="214"/>
							<String ID="string_166" HPOS="236" VPOS="722" WIDTH="46" HEIGHT="21" WC="0.92" CONTENT="icke"/><SP WIDTH="22" VPOS="722" HPOS="282"/>
							<String ID="string_167" HPOS="304" VPOS="721" WIDTH="72" HEIGHT="21" WC="0.96" CONTENT="kunna"/><SP WIDTH="21" VPOS="721" HPOS="376"/>
							<String ID="string_168" HPOS="397" VPOS="722" WIDTH="133" HEIGHT="26" WC="0.96" CONTENT="genomföras"/><SP WIDTH="22" VPOS="722" HPOS="530"/>
							<String ID="string_169" HPOS="552" VPOS="728" WIDTH="75" HEIGHT="20" WC="0.90" CONTENT="genom"/><SP WIDTH="22" VPOS="728" HPOS="627"/>
							<String ID="string_170" HPOS="649" VPOS="722" WIDTH="242" HEIGHT="27" WC="0.90" CONTENT="lagstiftningsätgärder"/><SP WIDTH="22" VPOS="722" HPOS="891"/>
							<String ID="string_171" HPOS="913" VPOS="722" WIDTH="7" HEIGHT="20" WC="0.97" CONTENT="i"/>
						</TextLine>
						<TextLine ID="line_19" HPOS="104" VPOS="750" WIDTH="815" HEIGHT="27">
							<String ID="string_172" HPOS="104" VPOS="750" WIDTH="156" HEIGHT="22" WC="0.91" CONTENT="administrativ"/><SP WIDTH="15" VPOS="750" HPOS="260"/>
							<String ID="string_173" HPOS="275" VPOS="752" WIDTH="46" HEIGHT="25" WC="0.93" CONTENT="väg."/><SP WIDTH="30" VPOS="752" HPOS="321"/>
							<String ID="string_174" HPOS="351" VPOS="750" WIDTH="62" HEIGHT="21" WC="0.92" CONTENT="Hvad"/><SP WIDTH="15" VPOS="750" HPOS="413"/>
							<String ID="string_175" HPOS="428" VPOS="750" WIDTH="101" HEIGHT="22" WC="0.96" CONTENT="beträffar"/><SP WIDTH="15" VPOS="750" HPOS="529"/>
							<String ID="string_176" HPOS="544" VPOS="751" WIDTH="36" HEIGHT="21" WC="0.96" CONTENT="det"/><SP WIDTH="15" VPOS="751" HPOS="580"/>
							<String ID="string_177" HPOS="595" VPOS="750" WIDTH="68" HEIGHT="22" WC="0.93" CONTENT="första"/><SP WIDTH="12" VPOS="750" HPOS="663"/>
							<String ID="string_178" HPOS="675" VPOS="750" WIDTH="244" HEIGHT="27" WC="0.90" CONTENT="författningsförslaget,"/>
						</TextLine>
						<TextLine ID="line_20" HPOS="103" VPOS="778" WIDTH="816" HEIGHT="28">
							<String ID="string_179" HPOS="103" VPOS="779" WIDTH="38" HEIGHT="21" WC="0.96" CONTENT="ber"/><SP WIDTH="13" VPOS="779" HPOS="141"/>
							<String ID="string_180" HPOS="154" VPOS="778" WIDTH="36" HEIGHT="28" WC="0.96" CONTENT="jag"/><SP WIDTH="15" VPOS="778" HPOS="190"/>
							<String ID="string_181" HPOS="205" VPOS="778" WIDTH="33" HEIGHT="22" WC="0.96" CONTENT="för"/><SP WIDTH="15" VPOS="778" HPOS="238"/>
							<String ID="string_182" HPOS="253" VPOS="779" WIDTH="43" HEIGHT="21" WC="0.96" CONTENT="min"/><SP WIDTH="15" VPOS="779" HPOS="296"/>
							<String ID="string_183" HPOS="311" VPOS="779" WIDTH="34" HEIGHT="21" WC="0.96" CONTENT="del"/><SP WIDTH="15" VPOS="779" HPOS="345"/>
							<String ID="string_184" HPOS="360" VPOS="780" WIDTH="32" HEIGHT="20" WC="0.93" CONTENT="att"/><SP WIDTH="15" VPOS="780" HPOS="392"/>
							<String ID="string_185" HPOS="407" VPOS="779" WIDTH="20" HEIGHT="21" WC="0.93" CONTENT="fä"/><SP WIDTH="15" VPOS="779" HPOS="427"/>
							<String ID="string_186" HPOS="442" VPOS="778" WIDTH="92" HEIGHT="27" WC="0.93" CONTENT="förorda,"/><SP WIDTH="16" VPOS="778" HPOS="534"/>
							<String ID="string_187" HPOS="550" VPOS="782" WIDTH="33" HEIGHT="19" WC="0.96" CONTENT="att"/><SP WIDTH="14" VPOS="782" HPOS="583"/>
							<String ID="string_188" HPOS="597" VPOS="780" WIDTH="25" HEIGHT="21" WC="0.96" CONTENT="R."/><SP WIDTH="16" VPOS="780" HPOS="622"/>
							<String ID="string_189" HPOS="638" VPOS="786" WIDTH="18" HEIGHT="15" WC="0.96" CONTENT="o."/><SP WIDTH="17" VPOS="786" HPOS="656"/>
							<String ID="string_190" HPOS="673" VPOS="780" WIDTH="23" HEIGHT="20" WC="0.96" CONTENT="A."/><SP WIDTH="17" VPOS="780" HPOS="696"/>
							<String ID="string_191" HPOS="713" VPOS="780" WIDTH="47" HEIGHT="21" WC="0.92" CONTENT="ville"/><SP WIDTH="15" VPOS="780" HPOS="760"/>
							<String ID="string_192" HPOS="775" VPOS="779" WIDTH="49" HEIGHT="27" WC="0.92" CONTENT="ingä"/><SP WIDTH="13" VPOS="779" HPOS="824"/>
							<String ID="string_193" HPOS="837" VPOS="780" WIDTH="32" HEIGHT="20" WC="0.93" CONTENT="uti"/><SP WIDTH="15" VPOS="780" HPOS="869"/>
							<String ID="string_194" HPOS="884" VPOS="779" WIDTH="35" HEIGHT="21" WC="0.92" CONTENT="de-"/>
						</TextLine>
						<TextLine ID="line_21" HPOS="104" VPOS="807" WIDTH="816" HEIGHT="27">
							<String ID="string_195" HPOS="104" VPOS="807" WIDTH="195" HEIGHT="27" WC="0.81" CONTENT="taljeranskningen"/><SP WIDTH="16" VPOS="807" HPOS="299"/>
							<String ID="string_196" HPOS="315" VPOS="807" WIDTH="22" HEIGHT="21" WC="0.93" CONTENT="af"/><SP WIDTH="14" VPOS="807" HPOS="337"/>
							<String ID="string_197" HPOS="351" VPOS="808" WIDTH="123" HEIGHT="22" WC="0.95" CONTENT="detsamma."/><SP WIDTH="30" VPOS="808" HPOS="474"/>
							<String ID="string_198" HPOS="504" VPOS="808" WIDTH="41" HEIGHT="22" WC="0.96" CONTENT="Det"/><SP WIDTH="18" VPOS="808" HPOS="545"/>
							<String ID="string_199" HPOS="563" VPOS="810" WIDTH="24" HEIGHT="20" WC="0.96" CONTENT="är"/><SP WIDTH="21" VPOS="810" HPOS="587"/>
							<String ID="string_200" HPOS="608" VPOS="809" WIDTH="52" HEIGHT="21" WC="0.96" CONTENT="visst"/><SP WIDTH="22" VPOS="809" HPOS="660"/>
							<String ID="string_201" HPOS="682" VPOS="810" WIDTH="53" HEIGHT="24" WC="0.96" CONTENT="sant,"/><SP WIDTH="23" VPOS="810" HPOS="735"/>
							<String ID="string_202" HPOS="758" VPOS="810" WIDTH="32" HEIGHT="20" WC="0.93" CONTENT="att"/><SP WIDTH="22" VPOS="810" HPOS="790"/>
							<String ID="string_203" HPOS="812" VPOS="808" WIDTH="108" HEIGHT="26" WC="0.96" CONTENT="åtskilliga"/>
						</TextLine>
						<TextLine ID="line_22" HPOS="103" VPOS="836" WIDTH="816" HEIGHT="27">
							<String ID="string_204" HPOS="103" VPOS="836" WIDTH="164" HEIGHT="27" WC="0.94" CONTENT="anmärkningar"/><SP WIDTH="15" VPOS="836" HPOS="267"/>
							<String ID="string_205" HPOS="282" VPOS="836" WIDTH="71" HEIGHT="22" WC="0.93" CONTENT="kunna"/><SP WIDTH="15" VPOS="836" HPOS="353"/>
							<String ID="string_206" HPOS="368" VPOS="838" WIDTH="62" HEIGHT="25" WC="0.96" CONTENT="göras"/><SP WIDTH="15" VPOS="838" HPOS="430"/>
							<String ID="string_207" HPOS="445" VPOS="839" WIDTH="57" HEIGHT="19" WC="0.96" CONTENT="emot"/><SP WIDTH="16" VPOS="839" HPOS="502"/>
							<String ID="string_208" HPOS="518" VPOS="838" WIDTH="26" HEIGHT="20" WC="0.96" CONTENT="de"/><SP WIDTH="14" VPOS="838" HPOS="544"/>
							<String ID="string_209" HPOS="558" VPOS="837" WIDTH="105" HEIGHT="21" WC="0.96" CONTENT="särskilda"/><SP WIDTH="18" VPOS="837" HPOS="663"/>
							<String ID="string_210" HPOS="681" VPOS="838" WIDTH="23" HEIGHT="25" WC="0.60" CONTENT="$$"/><SP WIDTH="15" VPOS="838" HPOS="704"/>
							<String ID="string_211" HPOS="719" VPOS="837" WIDTH="7" HEIGHT="21" WC="0.93" CONTENT="i"/><SP WIDTH="15" VPOS="837" HPOS="726"/>
							<String ID="string_212" HPOS="741" VPOS="836" WIDTH="178" HEIGHT="27" WC="0.93" CONTENT="författningsför-"/>
						</TextLine>
						<TextLine ID="line_23" HPOS="103" VPOS="865" WIDTH="816" HEIGHT="28">
							<String ID="string_213" HPOS="103" VPOS="866" WIDTH="74" HEIGHT="26" WC="0.92" CONTENT="slaget."/><SP WIDTH="25" VPOS="866" HPOS="177"/>
							<String ID="string_214" HPOS="202" VPOS="865" WIDTH="41" HEIGHT="27" WC="0.96" CONTENT="Jag"/><SP WIDTH="15" VPOS="865" HPOS="243"/>
							<String ID="string_215" HPOS="258" VPOS="867" WIDTH="24" HEIGHT="19" WC="0.93" CONTENT="är"/><SP WIDTH="15" VPOS="867" HPOS="282"/>
							<String ID="string_216" HPOS="297" VPOS="866" WIDTH="63" HEIGHT="21" WC="0.90" CONTENT="ocksä"/><SP WIDTH="13" VPOS="866" HPOS="360"/>
							<String ID="string_217" HPOS="373" VPOS="872" WIDTH="48" HEIGHT="15" WC="0.91" CONTENT="ense"/><SP WIDTH="12" VPOS="872" HPOS="421"/>
							<String ID="string_218" HPOS="433" VPOS="872" WIDTH="34" HEIGHT="15" WC="0.96" CONTENT="om"/><SP WIDTH="12" VPOS="872" HPOS="467"/>
							<String ID="string_219" HPOS="479" VPOS="866" WIDTH="41" HEIGHT="21" WC="0.93" CONTENT="den"/><SP WIDTH="12" VPOS="866" HPOS="520"/>
							<String ID="string_220" HPOS="532" VPOS="866" WIDTH="138" HEIGHT="27" WC="0.92" CONTENT="anmärkning"/><SP WIDTH="17" VPOS="866" HPOS="670"/>
							<String ID="string_221" HPOS="687" VPOS="866" WIDTH="32" HEIGHT="21" WC="0.96" CONTENT="Hr"/><SP WIDTH="12" VPOS="866" HPOS="719"/>
							<String ID="string_222" HPOS="731" VPOS="866" WIDTH="103" HEIGHT="21" WC="0.93" CONTENT="Mechelin"/><SP WIDTH="11" VPOS="866" HPOS="834"/>
							<String ID="string_223" HPOS="845" VPOS="865" WIDTH="74" HEIGHT="27" WC="0.92" CONTENT="gjorde"/>
						</TextLine>
						<TextLine ID="line_24" HPOS="103" VPOS="893" WIDTH="816" HEIGHT="28">
							<String ID="string_224" HPOS="103" VPOS="893" WIDTH="109" HEIGHT="28" WC="0.96" CONTENT="angående"/><SP WIDTH="16" VPOS="893" HPOS="212"/>
							<String ID="string_225" HPOS="228" VPOS="894" WIDTH="93" HEIGHT="27" WC="0.95" CONTENT="lydelsen"/><SP WIDTH="15" VPOS="894" HPOS="321"/>
							<String ID="string_226" HPOS="336" VPOS="894" WIDTH="23" HEIGHT="21" WC="0.97" CONTENT="af"/><SP WIDTH="15" VPOS="894" HPOS="359"/>
							<String ID="string_227" HPOS="374" VPOS="896" WIDTH="9" HEIGHT="19" WC="0.96" CONTENT="1"/><SP WIDTH="17" VPOS="896" HPOS="383"/>
							<String ID="string_228" HPOS="400" VPOS="900" WIDTH="62" HEIGHT="15" WC="0.95" CONTENT="mom."/><SP WIDTH="16" VPOS="900" HPOS="462"/>
							<String ID="string_229" HPOS="478" VPOS="895" WIDTH="6" HEIGHT="20" WC="0.95" CONTENT="i"/><SP WIDTH="16" VPOS="895" HPOS="484"/>
							<String ID="string_230" HPOS="500" VPOS="895" WIDTH="12" HEIGHT="20" WC="0.95" CONTENT="2"/><SP WIDTH="16" VPOS="895" HPOS="512"/>
							<String ID="string_231" HPOS="528" VPOS="894" WIDTH="18" HEIGHT="27" WC="0.87" CONTENT="6,"/><SP WIDTH="22" VPOS="894" HPOS="546"/>
							<String ID="string_232" HPOS="568" VPOS="900" WIDTH="48" HEIGHT="16" WC="0.96" CONTENT="men"/><SP WIDTH="22" VPOS="900" HPOS="616"/>
							<String ID="string_233" HPOS="638" VPOS="894" WIDTH="37" HEIGHT="22" WC="0.93" CONTENT="det"/><SP WIDTH="20" VPOS="894" HPOS="675"/>
							<String ID="string_234" HPOS="695" VPOS="900" WIDTH="62" HEIGHT="21" WC="0.95" CONTENT="synes"/><SP WIDTH="22" VPOS="900" HPOS="757"/>
							<String ID="string_235" HPOS="779" VPOS="895" WIDTH="48" HEIGHT="25" WC="0.93" CONTENT="mig,"/><SP WIDTH="22" VPOS="895" HPOS="827"/>
							<String ID="string_236" HPOS="849" VPOS="894" WIDTH="70" HEIGHT="21" WC="0.96" CONTENT="såsom"/>
						</TextLine>
						<TextLine ID="line_25" HPOS="104" VPOS="922" WIDTH="815" HEIGHT="27">
							<String ID="string_237" HPOS="104" VPOS="929" WIDTH="34" HEIGHT="15" WC="0.95" CONTENT="om"/><SP WIDTH="16" VPOS="929" HPOS="138"/>
							<String ID="string_238" HPOS="154" VPOS="923" WIDTH="61" HEIGHT="21" WC="0.96" CONTENT="dessa"/><SP WIDTH="15" VPOS="923" HPOS="215"/>
							<String ID="string_239" HPOS="230" VPOS="923" WIDTH="187" HEIGHT="26" WC="0.93" CONTENT="omständigheter,"/><SP WIDTH="16" VPOS="923" HPOS="417"/>
							<String ID="string_240" HPOS="433" VPOS="923" WIDTH="73" HEIGHT="22" WC="0.91" CONTENT="hvilka"/><SP WIDTH="14" VPOS="923" HPOS="506"/>
							<String ID="string_241" HPOS="520" VPOS="925" WIDTH="37" HEIGHT="20" WC="0.91" CONTENT="äro"/><SP WIDTH="16" VPOS="925" HPOS="557"/>
							<String ID="string_242" HPOS="573" VPOS="923" WIDTH="23" HEIGHT="21" WC="0.93" CONTENT="af"/><SP WIDTH="12" VPOS="923" HPOS="596"/>
							<String ID="string_243" HPOS="608" VPOS="923" WIDTH="75" HEIGHT="21" WC="0.92" CONTENT="formel"/><SP WIDTH="14" VPOS="923" HPOS="683"/>
							<String ID="string_244" HPOS="697" VPOS="922" WIDTH="152" HEIGHT="26" WC="0.89" CONTENT="beskaffenhet,"/><SP WIDTH="16" VPOS="922" HPOS="849"/>
							<String ID="string_245" HPOS="865" VPOS="922" WIDTH="54" HEIGHT="21" WC="0.96" CONTENT="dock"/>
						</TextLine>
						<TextLine ID="line_26" HPOS="103" VPOS="951" WIDTH="817" HEIGHT="28">
							<String ID="string_246" HPOS="103" VPOS="952" WIDTH="47" HEIGHT="21" WC="0.95" CONTENT="icke"/><SP WIDTH="15" VPOS="952" HPOS="150"/>
							<String ID="string_247" HPOS="165" VPOS="952" WIDTH="66" HEIGHT="21" WC="0.93" CONTENT="borde"/><SP WIDTH="15" VPOS="952" HPOS="231"/>
							<String ID="string_248" HPOS="246" VPOS="951" WIDTH="109" HEIGHT="22" WC="0.93" CONTENT="föranleda"/><SP WIDTH="16" VPOS="951" HPOS="355"/>
							<String ID="string_249" HPOS="371" VPOS="951" WIDTH="119" HEIGHT="22" WC="0.92" CONTENT="Ständerna"/><SP WIDTH="14" VPOS="951" HPOS="490"/>
							<String ID="string_250" HPOS="504" VPOS="953" WIDTH="33" HEIGHT="20" WC="0.93" CONTENT="att"/><SP WIDTH="14" VPOS="953" HPOS="537"/>
							<String ID="string_251" HPOS="551" VPOS="952" WIDTH="46" HEIGHT="21" WC="0.93" CONTENT="icke"/><SP WIDTH="15" VPOS="952" HPOS="597"/>
							<String ID="string_252" HPOS="612" VPOS="954" WIDTH="94" HEIGHT="25" WC="0.92" CONTENT="upptaga"/><SP WIDTH="15" VPOS="954" HPOS="706"/>
							<String ID="string_253" HPOS="721" VPOS="951" WIDTH="59" HEIGHT="22" WC="0.97" CONTENT="detta"/><SP WIDTH="15" VPOS="951" HPOS="780"/>
							<String ID="string_254" HPOS="795" VPOS="951" WIDTH="79" HEIGHT="27" WC="0.96" CONTENT="förslag"/><SP WIDTH="13" VPOS="951" HPOS="874"/>
							<String ID="string_255" HPOS="887" VPOS="951" WIDTH="33" HEIGHT="21" WC="0.96" CONTENT="till"/>
						</TextLine>
						<TextLine ID="line_27" HPOS="103" VPOS="979" WIDTH="816" HEIGHT="28">
							<String ID="string_256" HPOS="103" VPOS="980" WIDTH="104" HEIGHT="27" WC="0.92" CONTENT="pröfning."/><SP WIDTH="31" VPOS="980" HPOS="207"/>
							<String ID="string_257" HPOS="238" VPOS="979" WIDTH="80" HEIGHT="23" WC="0.93" CONTENT="Genom"/><SP WIDTH="16" VPOS="979" HPOS="318"/>
							<String ID="string_258" HPOS="334" VPOS="981" WIDTH="60" HEIGHT="20" WC="0.96" CONTENT="detta"/><SP WIDTH="14" VPOS="981" HPOS="394"/>
							<String ID="string_259" HPOS="408" VPOS="981" WIDTH="79" HEIGHT="26" WC="0.96" CONTENT="förslag"/><SP WIDTH="15" VPOS="981" HPOS="487"/>
							<String ID="string_260" HPOS="502" VPOS="981" WIDTH="74" HEIGHT="25" WC="0.96" CONTENT="skulle,"/><SP WIDTH="17" VPOS="981" HPOS="576"/>
							<String ID="string_261" HPOS="593" VPOS="987" WIDTH="34" HEIGHT="15" WC="0.96" CONTENT="om"/><SP WIDTH="15" VPOS="987" HPOS="627"/>
							<String ID="string_262" HPOS="642" VPOS="981" WIDTH="37" HEIGHT="21" WC="0.96" CONTENT="det"/><SP WIDTH="14" VPOS="981" HPOS="679"/>
							<String ID="string_263" HPOS="693" VPOS="981" WIDTH="41" HEIGHT="20" WC="0.95" CONTENT="blir"/><SP WIDTH="15" VPOS="981" HPOS="734"/>
							<String ID="string_264" HPOS="749" VPOS="981" WIDTH="41" HEIGHT="26" WC="0.93" CONTENT="lag,"/><SP WIDTH="22" VPOS="981" HPOS="790"/>
							<String ID="string_265" HPOS="812" VPOS="980" WIDTH="107" HEIGHT="26" WC="0.88" CONTENT="ätskilliga"/>
						</TextLine>
						<TextLine ID="line_28" HPOS="102" VPOS="1008" WIDTH="817" HEIGHT="29">
							<String ID="string_266" HPOS="102" VPOS="1010" WIDTH="82" HEIGHT="27" WC="0.93" CONTENT="ganska"/><SP WIDTH="24" VPOS="1010" HPOS="184"/>
							<String ID="string_267" HPOS="208" VPOS="1009" WIDTH="111" HEIGHT="21" WC="0.90" CONTENT="kännbara"/><SP WIDTH="23" VPOS="1009" HPOS="319"/>
							<String ID="string_268" HPOS="342" VPOS="1009" WIDTH="75" HEIGHT="22" WC="0.92" CONTENT="luckor"/><SP WIDTH="21" VPOS="1009" HPOS="417"/>
							<String ID="string_269" HPOS="438" VPOS="1009" WIDTH="7" HEIGHT="21" WC="0.95" CONTENT="i"/><SP WIDTH="21" VPOS="1009" HPOS="445"/>
							<String ID="string_270" HPOS="466" VPOS="1009" WIDTH="159" HEIGHT="28" WC="0.93" CONTENT="lagstiftningen"/><SP WIDTH="22" VPOS="1009" HPOS="625"/>
							<String ID="string_271" HPOS="647" VPOS="1009" WIDTH="108" HEIGHT="26" WC="0.91" CONTENT="angäende"/><SP WIDTH="22" VPOS="1009" HPOS="755"/>
							<String ID="string_272" HPOS="777" VPOS="1008" WIDTH="142" HEIGHT="27" WC="0.91" CONTENT="maltdrycker"/>
						</TextLine>
						<TextLine ID="line_29" HPOS="103" VPOS="1036" WIDTH="814" HEIGHT="29">
							<String ID="string_273" HPOS="103" VPOS="1039" WIDTH="85" HEIGHT="21" WC="0.96" CONTENT="komma"/><SP WIDTH="15" VPOS="1039" HPOS="188"/>
							<String ID="string_274" HPOS="203" VPOS="1039" WIDTH="32" HEIGHT="20" WC="0.93" CONTENT="att"/><SP WIDTH="15" VPOS="1039" HPOS="235"/>
							<String ID="string_275" HPOS="250" VPOS="1038" WIDTH="67" HEIGHT="26" WC="0.90" CONTENT="fyllas."/><SP WIDTH="31" VPOS="1038" HPOS="317"/>
							<String ID="string_276" HPOS="348" VPOS="1037" WIDTH="74" HEIGHT="22" WC="0.90" CONTENT="Säsom"/><SP WIDTH="15" VPOS="1037" HPOS="422"/>
							<String ID="string_277" HPOS="437" VPOS="1043" WIDTH="26" HEIGHT="16" WC="0.93" CONTENT="en"/><SP WIDTH="23" VPOS="1043" HPOS="463"/>
							<String ID="string_278" HPOS="486" VPOS="1038" WIDTH="64" HEIGHT="21" WC="0.92" CONTENT="sädan"/><SP WIDTH="22" VPOS="1038" HPOS="550"/>
							<String ID="string_279" HPOS="572" VPOS="1038" WIDTH="63" HEIGHT="21" WC="0.92" CONTENT="lucka"/><SP WIDTH="22" VPOS="1038" HPOS="635"/>
							<String ID="string_280" HPOS="657" VPOS="1037" WIDTH="68" HEIGHT="22" WC="0.92" CONTENT="mäste"/><SP WIDTH="19" VPOS="1037" HPOS="725"/>
							<String ID="string_281" HPOS="744" VPOS="1038" WIDTH="37" HEIGHT="27" WC="0.96" CONTENT="jag"/><SP WIDTH="22" VPOS="1038" HPOS="781"/>
							<String ID="string_282" HPOS="803" VPOS="1037" WIDTH="53" HEIGHT="21" WC="0.96" CONTENT="först"/><SP WIDTH="23" VPOS="1037" HPOS="856"/>
							<String ID="string_283" HPOS="879" VPOS="1036" WIDTH="38" HEIGHT="22" WC="0.96" CONTENT="och"/>
						</TextLine>
						<TextLine ID="line_30" HPOS="102" VPOS="1065" WIDTH="817" HEIGHT="28">
							<String ID="string_284" HPOS="102" VPOS="1067" WIDTH="76" HEIGHT="22" WC="0.93" CONTENT="främst"/><SP WIDTH="15" VPOS="1067" HPOS="178"/>
							<String ID="string_285" HPOS="193" VPOS="1067" WIDTH="100" HEIGHT="21" WC="0.92" CONTENT="betrakta"/><SP WIDTH="15" VPOS="1067" HPOS="293"/>
							<String ID="string_286" HPOS="308" VPOS="1067" WIDTH="40" HEIGHT="20" WC="0.96" CONTENT="den"/><SP WIDTH="15" VPOS="1067" HPOS="348"/>
							<String ID="string_287" HPOS="363" VPOS="1067" WIDTH="65" HEIGHT="26" WC="0.96" CONTENT="enligt"/><SP WIDTH="14" VPOS="1067" HPOS="428"/>
							<String ID="string_288" HPOS="442" VPOS="1067" WIDTH="131" HEIGHT="21" WC="0.95" CONTENT="närvarande"/><SP WIDTH="20" VPOS="1067" HPOS="573"/>
							<String ID="string_289" HPOS="593" VPOS="1066" WIDTH="132" HEIGHT="27" WC="0.93" CONTENT="lagstiftning"/><SP WIDTH="22" VPOS="1066" HPOS="725"/>
							<String ID="string_290" HPOS="747" VPOS="1065" WIDTH="104" HEIGHT="28" WC="0.92" CONTENT="medgifna"/><SP WIDTH="22" VPOS="1065" HPOS="851"/>
							<String ID="string_291" HPOS="873" VPOS="1067" WIDTH="46" HEIGHT="20" WC="0.92" CONTENT="rät-"/>
						</TextLine>
						<TextLine ID="line_31" HPOS="102" VPOS="1094" WIDTH="817" HEIGHT="28">
							<String ID="string_292" HPOS="102" VPOS="1095" WIDTH="96" HEIGHT="27" WC="0.92" CONTENT="tigheten"/><SP WIDTH="14" VPOS="1095" HPOS="198"/>
							<String ID="string_293" HPOS="212" VPOS="1095" WIDTH="34" HEIGHT="22" WC="0.93" CONTENT="för"/><SP WIDTH="15" VPOS="1095" HPOS="246"/>
							<String ID="string_294" HPOS="261" VPOS="1095" WIDTH="124" HEIGHT="27" WC="0.92" CONTENT="ölbryggare"/><SP WIDTH="16" VPOS="1095" HPOS="385"/>
							<String ID="string_295" HPOS="401" VPOS="1097" WIDTH="32" HEIGHT="19" WC="0.93" CONTENT="att"/><SP WIDTH="14" VPOS="1097" HPOS="433"/>
							<String ID="string_296" HPOS="447" VPOS="1095" WIDTH="47" HEIGHT="21" WC="0.95" CONTENT="fritt"/><SP WIDTH="14" VPOS="1095" HPOS="494"/>
							<String ID="string_297" HPOS="508" VPOS="1095" WIDTH="22" HEIGHT="21" WC="0.96" CONTENT="få"/><SP WIDTH="14" VPOS="1095" HPOS="530"/>
							<String ID="string_298" HPOS="544" VPOS="1095" WIDTH="54" HEIGHT="26" WC="0.96" CONTENT="sälja"/><SP WIDTH="15" VPOS="1095" HPOS="598"/>
							<String ID="string_299" HPOS="613" VPOS="1095" WIDTH="72" HEIGHT="26" WC="0.96" CONTENT="dylika"/><SP WIDTH="15" VPOS="1095" HPOS="685"/>
							<String ID="string_300" HPOS="700" VPOS="1095" WIDTH="89" HEIGHT="26" WC="0.96" CONTENT="drycker"/><SP WIDTH="15" VPOS="1095" HPOS="789"/>
							<String ID="string_301" HPOS="804" VPOS="1094" WIDTH="61" HEIGHT="21" WC="0.93" CONTENT="äfven"/><SP WIDTH="15" VPOS="1094" HPOS="865"/>
							<String ID="string_302" HPOS="880" VPOS="1094" WIDTH="39" HEIGHT="21" WC="0.93" CONTENT="bu-"/>
						</TextLine>
						<TextLine ID="line_32" HPOS="102" VPOS="1123" WIDTH="815" HEIGHT="28">
							<String ID="string_303" HPOS="102" VPOS="1124" WIDTH="87" HEIGHT="27" WC="0.92" CONTENT="teljtals,"/><SP WIDTH="16" VPOS="1124" HPOS="189"/>
							<String ID="string_304" HPOS="205" VPOS="1123" WIDTH="39" HEIGHT="22" WC="0.96" CONTENT="och"/><SP WIDTH="16" VPOS="1123" HPOS="244"/>
							<String ID="string_305" HPOS="260" VPOS="1124" WIDTH="69" HEIGHT="21" WC="0.96" CONTENT="såsom"/><SP WIDTH="16" VPOS="1124" HPOS="329"/>
							<String ID="string_306" HPOS="345" VPOS="1130" WIDTH="25" HEIGHT="15" WC="0.96" CONTENT="en"/><SP WIDTH="15" VPOS="1130" HPOS="370"/>
							<String ID="string_307" HPOS="385" VPOS="1129" WIDTH="69" HEIGHT="16" WC="0.96" CONTENT="annan"/><SP WIDTH="16" VPOS="1129" HPOS="454"/>
							<String ID="string_308" HPOS="470" VPOS="1123" WIDTH="54" HEIGHT="22" WC="0.95" CONTENT="brist"/><SP WIDTH="14" VPOS="1123" HPOS="524"/>
							<String ID="string_309" HPOS="538" VPOS="1124" WIDTH="7" HEIGHT="20" WC="0.96" CONTENT="i"/><SP WIDTH="15" VPOS="1124" HPOS="545"/>
							<String ID="string_310" HPOS="560" VPOS="1124" WIDTH="41" HEIGHT="21" WC="0.96" CONTENT="den"/><SP WIDTH="11" VPOS="1124" HPOS="601"/>
							<String ID="string_311" HPOS="612" VPOS="1123" WIDTH="131" HEIGHT="22" WC="0.95" CONTENT="närvarande"/><SP WIDTH="10" VPOS="1123" HPOS="743"/>
							<String ID="string_312" HPOS="753" VPOS="1123" WIDTH="164" HEIGHT="27" WC="0.96" CONTENT="lagstiftningen,"/>
						</TextLine>
						<TextLine ID="line_33" HPOS="103" VPOS="1151" WIDTH="815" HEIGHT="28">
							<String ID="string_313" HPOS="103" VPOS="1153" WIDTH="84" HEIGHT="22" WC="0.96" CONTENT="hvilken"/><SP WIDTH="16" VPOS="1153" HPOS="187"/>
							<String ID="string_314" HPOS="203" VPOS="1152" WIDTH="65" HEIGHT="21" WC="0.95" CONTENT="också"/><SP WIDTH="14" VPOS="1152" HPOS="268"/>
							<String ID="string_315" HPOS="282" VPOS="1158" WIDTH="76" HEIGHT="21" WC="0.95" CONTENT="genom"/><SP WIDTH="15" VPOS="1158" HPOS="358"/>
							<String ID="string_316" HPOS="373" VPOS="1153" WIDTH="69" HEIGHT="20" WC="0.96" CONTENT="denna"/><SP WIDTH="15" VPOS="1153" HPOS="442"/>
							<String ID="string_317" HPOS="457" VPOS="1152" WIDTH="124" HEIGHT="27" WC="0.96" CONTENT="författning"/><SP WIDTH="19" VPOS="1152" HPOS="581"/>
							<String ID="string_318" HPOS="600" VPOS="1153" WIDTH="67" HEIGHT="20" WC="0.96" CONTENT="skulle"/><SP WIDTH="22" VPOS="1153" HPOS="667"/>
							<String ID="string_319" HPOS="689" VPOS="1153" WIDTH="86" HEIGHT="20" WC="0.96" CONTENT="komma"/><SP WIDTH="20" VPOS="1153" HPOS="775"/>
							<String ID="string_320" HPOS="795" VPOS="1153" WIDTH="32" HEIGHT="20" WC="0.94" CONTENT="att"/><SP WIDTH="22" VPOS="1153" HPOS="827"/>
							<String ID="string_321" HPOS="849" VPOS="1151" WIDTH="69" HEIGHT="27" WC="0.96" CONTENT="fyllas,"/>
						</TextLine>
						<TextLine ID="line_34" HPOS="101" VPOS="1180" WIDTH="818" HEIGHT="27">
							<String ID="string_322" HPOS="101" VPOS="1181" WIDTH="68" HEIGHT="21" WC="0.96" CONTENT="måste"/><SP WIDTH="13" VPOS="1181" HPOS="169"/>
							<String ID="string_323" HPOS="182" VPOS="1181" WIDTH="38" HEIGHT="26" WC="0.96" CONTENT="jag"/><SP WIDTH="14" VPOS="1181" HPOS="220"/>
							<String ID="string_324" HPOS="234" VPOS="1181" WIDTH="111" HEIGHT="26" WC="0.96" CONTENT="beteckna,"/><SP WIDTH="16" VPOS="1181" HPOS="345"/>
							<String ID="string_325" HPOS="361" VPOS="1182" WIDTH="32" HEIGHT="20" WC="0.96" CONTENT="att"/><SP WIDTH="24" VPOS="1182" HPOS="393"/>
							<String ID="string_326" HPOS="417" VPOS="1181" WIDTH="35" HEIGHT="21" WC="0.96" CONTENT="det"/><SP WIDTH="15" VPOS="1181" HPOS="452"/>
							<String ID="string_327" HPOS="467" VPOS="1181" WIDTH="7" HEIGHT="19" WC="0.96" CONTENT="i"/><SP WIDTH="14" VPOS="1181" HPOS="474"/>
							<String ID="string_328" HPOS="488" VPOS="1181" WIDTH="122" HEIGHT="21" WC="0.96" CONTENT="nuvarande"/><SP WIDTH="21" VPOS="1181" HPOS="610"/>
							<String ID="string_329" HPOS="631" VPOS="1181" WIDTH="130" HEIGHT="25" WC="0.95" CONTENT="lagstiftning"/><SP WIDTH="22" VPOS="1181" HPOS="761"/>
							<String ID="string_330" HPOS="783" VPOS="1181" WIDTH="46" HEIGHT="20" WC="0.96" CONTENT="icke"/><SP WIDTH="22" VPOS="1181" HPOS="829"/>
							<String ID="string_331" HPOS="851" VPOS="1180" WIDTH="68" HEIGHT="20" WC="0.96" CONTENT="finnes"/>
						</TextLine>
						<TextLine ID="line_35" HPOS="101" VPOS="1208" WIDTH="818" HEIGHT="29">
							<String ID="string_332" HPOS="101" VPOS="1210" WIDTH="67" HEIGHT="27" WC="0.95" CONTENT="några"/><SP WIDTH="16" VPOS="1210" HPOS="168"/>
							<String ID="string_333" HPOS="184" VPOS="1209" WIDTH="157" HEIGHT="26" WC="0.96" CONTENT="bestämningar"/><SP WIDTH="16" VPOS="1209" HPOS="341"/>
							<String ID="string_334" HPOS="357" VPOS="1209" WIDTH="79" HEIGHT="25" WC="0.96" CONTENT="derom,"/><SP WIDTH="16" VPOS="1209" HPOS="436"/>
							<String ID="string_335" HPOS="452" VPOS="1210" WIDTH="32" HEIGHT="20" WC="0.93" CONTENT="att"/><SP WIDTH="15" VPOS="1210" HPOS="484"/>
							<String ID="string_336" HPOS="499" VPOS="1208" WIDTH="149" HEIGHT="28" WC="0.92" CONTENT="maltdrycker,"/><SP WIDTH="23" VPOS="1208" HPOS="648"/>
							<String ID="string_337" HPOS="671" VPOS="1215" WIDTH="45" HEIGHT="15" WC="0.92" CONTENT="som"/><SP WIDTH="15" VPOS="1215" HPOS="716"/>
							<String ID="string_338" HPOS="731" VPOS="1208" WIDTH="97" HEIGHT="26" WC="0.92" CONTENT="olofligen"/><SP WIDTH="15" VPOS="1208" HPOS="828"/>
							<String ID="string_339" HPOS="843" VPOS="1208" WIDTH="76" HEIGHT="21" WC="0.91" CONTENT="försäl-"/>
						</TextLine>
						<TextLine ID="line_36" HPOS="100" VPOS="1236" WIDTH="819" HEIGHT="29">
							<String ID="string_340" HPOS="100" VPOS="1239" WIDTH="41" HEIGHT="26" WC="0.93" CONTENT="jas,"/><SP WIDTH="15" VPOS="1239" HPOS="141"/>
							<String ID="string_341" HPOS="156" VPOS="1243" WIDTH="50" HEIGHT="17" WC="0.95" CONTENT="vore"/><SP WIDTH="16" VPOS="1243" HPOS="206"/>
							<String ID="string_342" HPOS="222" VPOS="1238" WIDTH="156" HEIGHT="21" WC="0.96" CONTENT="underkastade"/><SP WIDTH="15" VPOS="1238" HPOS="378"/>
							<String ID="string_343" HPOS="393" VPOS="1237" WIDTH="79" HEIGHT="26" WC="0.95" CONTENT="beslag."/><SP WIDTH="29" VPOS="1237" HPOS="472"/>
							<String ID="string_344" HPOS="501" VPOS="1238" WIDTH="73" HEIGHT="20" WC="0.92" CONTENT="Redan"/><SP WIDTH="16" VPOS="1238" HPOS="574"/>
							<String ID="string_345" HPOS="590" VPOS="1238" WIDTH="61" HEIGHT="20" WC="0.96" CONTENT="dessa"/><SP WIDTH="16" VPOS="1238" HPOS="651"/>
							<String ID="string_346" HPOS="667" VPOS="1238" WIDTH="76" HEIGHT="20" WC="0.93" CONTENT="tvänne"/><SP WIDTH="19" VPOS="1238" HPOS="743"/>
							<String ID="string_347" HPOS="762" VPOS="1236" WIDTH="157" HEIGHT="27" WC="0.92" CONTENT="omständighe-"/>
						</TextLine>
						<TextLine ID="line_37" HPOS="102" VPOS="1265" WIDTH="817" HEIGHT="28">
							<String ID="string_348" HPOS="102" VPOS="1270" WIDTH="33" HEIGHT="17" WC="0.96" CONTENT="ter"/><SP WIDTH="16" VPOS="1270" HPOS="135"/>
							<String ID="string_349" HPOS="151" VPOS="1268" WIDTH="35" HEIGHT="19" WC="0.96" CONTENT="äro"/><SP WIDTH="20" VPOS="1268" HPOS="186"/>
							<String ID="string_350" HPOS="206" VPOS="1265" WIDTH="22" HEIGHT="21" WC="0.96" CONTENT="af"/><SP WIDTH="21" VPOS="1265" HPOS="228"/>
							<String ID="string_351" HPOS="249" VPOS="1266" WIDTH="40" HEIGHT="21" WC="0.96" CONTENT="den"/><SP WIDTH="22" VPOS="1266" HPOS="289"/>
							<String ID="string_352" HPOS="311" VPOS="1266" WIDTH="50" HEIGHT="27" WC="0.96" CONTENT="vigt,"/><SP WIDTH="24" VPOS="1266" HPOS="361"/>
							<String ID="string_353" HPOS="385" VPOS="1267" WIDTH="32" HEIGHT="19" WC="0.96" CONTENT="att"/><SP WIDTH="22" VPOS="1267" HPOS="417"/>
							<String ID="string_354" HPOS="439" VPOS="1265" WIDTH="26" HEIGHT="21" WC="0.96" CONTENT="de"/><SP WIDTH="23" VPOS="1265" HPOS="465"/>
							<String ID="string_355" HPOS="488" VPOS="1265" WIDTH="64" HEIGHT="27" WC="0.95" CONTENT="enligt"/><SP WIDTH="21" VPOS="1265" HPOS="552"/>
							<String ID="string_356" HPOS="573" VPOS="1266" WIDTH="43" HEIGHT="21" WC="0.96" CONTENT="min"/><SP WIDTH="22" VPOS="1266" HPOS="616"/>
							<String ID="string_357" HPOS="638" VPOS="1265" WIDTH="65" HEIGHT="21" WC="0.96" CONTENT="tanke"/><SP WIDTH="22" VPOS="1265" HPOS="703"/>
							<String ID="string_358" HPOS="725" VPOS="1265" WIDTH="49" HEIGHT="21" WC="0.95" CONTENT="fullt"/><SP WIDTH="18" VPOS="1265" HPOS="774"/>
							<String ID="string_359" HPOS="792" VPOS="1265" WIDTH="127" HEIGHT="25" WC="0.95" CONTENT="rättfärdiga"/>
						</TextLine>
						<TextLine ID="line_38" HPOS="102" VPOS="1293" WIDTH="817" HEIGHT="27">
							<String ID="string_360" HPOS="102" VPOS="1294" WIDTH="170" HEIGHT="22" WC="0.95" CONTENT="framträdandet"/><SP WIDTH="26" VPOS="1294" HPOS="272"/>
							<String ID="string_361" HPOS="298" VPOS="1294" WIDTH="22" HEIGHT="21" WC="0.96" CONTENT="af"/><SP WIDTH="21" VPOS="1294" HPOS="320"/>
							<String ID="string_362" HPOS="341" VPOS="1295" WIDTH="60" HEIGHT="20" WC="0.89" CONTENT="detta"/><SP WIDTH="23" VPOS="1295" HPOS="401"/>
							<String ID="string_363" HPOS="424" VPOS="1293" WIDTH="220" HEIGHT="27" WC="0.89" CONTENT="författningsförslag."/><SP WIDTH="37" VPOS="1293" HPOS="644"/>
							<String ID="string_364" HPOS="681" VPOS="1294" WIDTH="61" HEIGHT="21" WC="0.88" CONTENT="Hvad"/><SP WIDTH="16" VPOS="1294" HPOS="742"/>
							<String ID="string_365" HPOS="758" VPOS="1293" WIDTH="100" HEIGHT="21" WC="0.96" CONTENT="beträffar"/><SP WIDTH="25" VPOS="1293" HPOS="858"/>
							<String ID="string_366" HPOS="883" VPOS="1293" WIDTH="36" HEIGHT="20" WC="0.96" CONTENT="det"/>
						</TextLine>
						<TextLine ID="line_39" HPOS="103" VPOS="1320" WIDTH="816" HEIGHT="29">
							<String ID="string_367" HPOS="103" VPOS="1324" WIDTH="67" HEIGHT="21" WC="0.96" CONTENT="andra"/><SP WIDTH="14" VPOS="1324" HPOS="170"/>
							<String ID="string_368" HPOS="184" VPOS="1323" WIDTH="102" HEIGHT="26" WC="0.95" CONTENT="förslaget"/><SP WIDTH="15" VPOS="1323" HPOS="286"/>
							<String ID="string_369" HPOS="301" VPOS="1323" WIDTH="32" HEIGHT="21" WC="0.96" CONTENT="till"/><SP WIDTH="15" VPOS="1323" HPOS="333"/>
							<String ID="string_370" HPOS="348" VPOS="1322" WIDTH="128" HEIGHT="27" WC="0.96" CONTENT="förordning,"/><SP WIDTH="17" VPOS="1322" HPOS="476"/>
							<String ID="string_371" HPOS="493" VPOS="1321" WIDTH="23" HEIGHT="22" WC="0.96" CONTENT="så"/><SP WIDTH="15" VPOS="1321" HPOS="516"/>
							<String ID="string_372" HPOS="531" VPOS="1322" WIDTH="39" HEIGHT="21" WC="0.96" CONTENT="har"/><SP WIDTH="12" VPOS="1322" HPOS="570"/>
							<String ID="string_373" HPOS="582" VPOS="1322" WIDTH="38" HEIGHT="27" WC="0.96" CONTENT="jag"/><SP WIDTH="9" VPOS="1322" HPOS="620"/>
							<String ID="string_374" HPOS="629" VPOS="1321" WIDTH="46" HEIGHT="22" WC="0.96" CONTENT="haft"/><SP WIDTH="15" VPOS="1321" HPOS="675"/>
							<String ID="string_375" HPOS="690" VPOS="1322" WIDTH="58" HEIGHT="21" WC="0.96" CONTENT="svårt"/><SP WIDTH="15" VPOS="1322" HPOS="748"/>
							<String ID="string_376" HPOS="763" VPOS="1323" WIDTH="31" HEIGHT="20" WC="0.96" CONTENT="att"/><SP WIDTH="15" VPOS="1323" HPOS="794"/>
							<String ID="string_377" HPOS="809" VPOS="1321" WIDTH="57" HEIGHT="22" WC="0.96" CONTENT="bilda"/><SP WIDTH="10" VPOS="1321" HPOS="866"/>
							<String ID="string_378" HPOS="876" VPOS="1320" WIDTH="43" HEIGHT="27" WC="0.96" CONTENT="mig"/>
						</TextLine>
						<TextLine ID="line_40" HPOS="104" VPOS="1349" WIDTH="816" HEIGHT="28">
							<String ID="string_379" HPOS="104" VPOS="1354" WIDTH="31" HEIGHT="19" WC="0.96" CONTENT="ett"/><SP WIDTH="16" VPOS="1354" HPOS="135"/>
							<String ID="string_380" HPOS="151" VPOS="1352" WIDTH="97" HEIGHT="21" WC="0.96" CONTENT="omdöme"/><SP WIDTH="16" VPOS="1352" HPOS="248"/>
							<String ID="string_381" HPOS="264" VPOS="1357" WIDTH="33" HEIGHT="16" WC="0.95" CONTENT="om"/><SP WIDTH="17" VPOS="1357" HPOS="297"/>
							<String ID="string_382" HPOS="314" VPOS="1351" WIDTH="25" HEIGHT="22" WC="0.95" CONTENT="de"/><SP WIDTH="16" VPOS="1351" HPOS="339"/>
							<String ID="string_383" HPOS="355" VPOS="1351" WIDTH="104" HEIGHT="21" WC="0.93" CONTENT="särskilda"/><SP WIDTH="14" VPOS="1351" HPOS="459"/>
							<String ID="string_384" HPOS="473" VPOS="1351" WIDTH="185" HEIGHT="26" WC="0.91" CONTENT="bestämningarna"/><SP WIDTH="15" VPOS="1351" HPOS="658"/>
							<String ID="string_385" HPOS="673" VPOS="1351" WIDTH="7" HEIGHT="20" WC="0.96" CONTENT="i"/><SP WIDTH="15" VPOS="1351" HPOS="680"/>
							<String ID="string_386" HPOS="695" VPOS="1351" WIDTH="59" HEIGHT="21" WC="0.96" CONTENT="detta"/><SP WIDTH="15" VPOS="1351" HPOS="754"/>
							<String ID="string_387" HPOS="769" VPOS="1350" WIDTH="85" HEIGHT="27" WC="0.91" CONTENT="förslag,"/><SP WIDTH="22" VPOS="1350" HPOS="854"/>
							<String ID="string_388" HPOS="876" VPOS="1349" WIDTH="44" HEIGHT="22" WC="0.88" CONTENT="del-"/>
						</TextLine>
						<TextLine ID="line_41" HPOS="103" VPOS="1379" WIDTH="816" HEIGHT="28">
							<String ID="string_389" HPOS="103" VPOS="1381" WIDTH="31" HEIGHT="21" WC="0.96" CONTENT="vis"/><SP WIDTH="15" VPOS="1381" HPOS="134"/>
							<String ID="string_390" HPOS="149" VPOS="1380" WIDTH="65" HEIGHT="21" WC="0.96" CONTENT="också"/><SP WIDTH="15" VPOS="1380" HPOS="214"/>
							<String ID="string_391" HPOS="229" VPOS="1380" WIDTH="77" HEIGHT="26" WC="0.96" CONTENT="derför,"/><SP WIDTH="16" VPOS="1380" HPOS="306"/>
							<String ID="string_392" HPOS="322" VPOS="1381" WIDTH="33" HEIGHT="20" WC="0.96" CONTENT="att"/><SP WIDTH="12" VPOS="1381" HPOS="355"/>
							<String ID="string_393" HPOS="367" VPOS="1380" WIDTH="37" HEIGHT="27" WC="0.96" CONTENT="jag"/><SP WIDTH="14" VPOS="1380" HPOS="404"/>
							<String ID="string_394" HPOS="418" VPOS="1380" WIDTH="46" HEIGHT="21" WC="0.96" CONTENT="icke"/><SP WIDTH="16" VPOS="1380" HPOS="464"/>
							<String ID="string_395" HPOS="480" VPOS="1379" WIDTH="46" HEIGHT="22" WC="0.96" CONTENT="haft"/><SP WIDTH="14" VPOS="1379" HPOS="526"/>
							<String ID="string_396" HPOS="540" VPOS="1379" WIDTH="114" HEIGHT="27" WC="0.96" CONTENT="tillräcklig"/><SP WIDTH="15" VPOS="1379" HPOS="654"/>
							<String ID="string_397" HPOS="669" VPOS="1379" WIDTH="30" HEIGHT="22" WC="0.96" CONTENT="tid"/><SP WIDTH="23" VPOS="1379" HPOS="699"/>
							<String ID="string_398" HPOS="722" VPOS="1381" WIDTH="33" HEIGHT="20" WC="0.96" CONTENT="att"/><SP WIDTH="15" VPOS="1381" HPOS="755"/>
							<String ID="string_399" HPOS="770" VPOS="1380" WIDTH="55" HEIGHT="20" WC="0.96" CONTENT="sätta"/><SP WIDTH="15" VPOS="1380" HPOS="825"/>
							<String ID="string_400" HPOS="840" VPOS="1379" WIDTH="42" HEIGHT="26" WC="0.95" CONTENT="mig"/><SP WIDTH="15" VPOS="1379" HPOS="882"/>
							<String ID="string_401" HPOS="897" VPOS="1379" WIDTH="22" HEIGHT="20" WC="0.96" CONTENT="in"/>
						</TextLine>
						<TextLine ID="line_42" HPOS="103" VPOS="1407" WIDTH="816" HEIGHT="27">
							<String ID="string_402" HPOS="103" VPOS="1410" WIDTH="6" HEIGHT="19" WC="0.96" CONTENT="i"/><SP WIDTH="16" VPOS="1410" HPOS="109"/>
							<String ID="string_403" HPOS="125" VPOS="1410" WIDTH="69" HEIGHT="19" WC="0.96" CONTENT="denna"/><SP WIDTH="14" VPOS="1410" HPOS="194"/>
							<String ID="string_404" HPOS="208" VPOS="1409" WIDTH="66" HEIGHT="24" WC="0.96" CONTENT="fråga,"/><SP WIDTH="16" VPOS="1409" HPOS="274"/>
							<String ID="string_405" HPOS="290" VPOS="1415" WIDTH="47" HEIGHT="14" WC="0.96" CONTENT="men"/><SP WIDTH="14" VPOS="1415" HPOS="337"/>
							<String ID="string_406" HPOS="351" VPOS="1409" WIDTH="37" HEIGHT="25" WC="0.96" CONTENT="jag"/><SP WIDTH="15" VPOS="1409" HPOS="388"/>
							<String ID="string_407" HPOS="403" VPOS="1409" WIDTH="67" HEIGHT="20" WC="0.96" CONTENT="skulle"/><SP WIDTH="15" VPOS="1409" HPOS="470"/>
							<String ID="string_408" HPOS="485" VPOS="1409" WIDTH="33" HEIGHT="19" WC="0.96" CONTENT="för"/><SP WIDTH="15" VPOS="1409" HPOS="518"/>
							<String ID="string_409" HPOS="533" VPOS="1409" WIDTH="43" HEIGHT="19" WC="0.97" CONTENT="min"/><SP WIDTH="16" VPOS="1409" HPOS="576"/>
							<String ID="string_410" HPOS="592" VPOS="1409" WIDTH="34" HEIGHT="19" WC="0.95" CONTENT="del"/><SP WIDTH="14" VPOS="1409" HPOS="626"/>
							<String ID="string_411" HPOS="640" VPOS="1408" WIDTH="52" HEIGHT="25" WC="0.96" CONTENT="hysa"/><SP WIDTH="15" VPOS="1408" HPOS="692"/>
							<String ID="string_412" HPOS="707" VPOS="1408" WIDTH="77" HEIGHT="20" WC="0.96" CONTENT="tvekan"/><SP WIDTH="9" VPOS="1408" HPOS="784"/>
							<String ID="string_413" HPOS="793" VPOS="1413" WIDTH="33" HEIGHT="14" WC="0.96" CONTENT="om"/><SP WIDTH="11" VPOS="1413" HPOS="826"/>
							<String ID="string_414" HPOS="837" VPOS="1409" WIDTH="38" HEIGHT="22" WC="0.93" CONTENT="att,"/><SP WIDTH="12" VPOS="1409" HPOS="875"/>
							<String ID="string_415" HPOS="887" VPOS="1407" WIDTH="32" HEIGHT="20" WC="0.92" CONTENT="ef-"/>
						</TextLine>
						<TextLine ID="line_43" HPOS="103" VPOS="1433" WIDTH="816" HEIGHT="28">
							<String ID="string_416" HPOS="103" VPOS="1439" WIDTH="33" HEIGHT="18" WC="0.96" CONTENT="ter"/><SP WIDTH="15" VPOS="1439" HPOS="136"/>
							<String ID="string_417" HPOS="151" VPOS="1436" WIDTH="41" HEIGHT="21" WC="0.96" CONTENT="den"/><SP WIDTH="14" VPOS="1436" HPOS="192"/>
							<String ID="string_418" HPOS="206" VPOS="1436" WIDTH="143" HEIGHT="21" WC="0.96" CONTENT="förberedelse"/><SP WIDTH="16" VPOS="1436" HPOS="349"/>
							<String ID="string_419" HPOS="365" VPOS="1436" WIDTH="59" HEIGHT="21" WC="0.96" CONTENT="detta"/><SP WIDTH="15" VPOS="1436" HPOS="424"/>
							<String ID="string_420" HPOS="439" VPOS="1435" WIDTH="77" HEIGHT="21" WC="0.96" CONTENT="ärende"/><SP WIDTH="15" VPOS="1435" HPOS="516"/>
							<String ID="string_421" HPOS="531" VPOS="1435" WIDTH="75" HEIGHT="21" WC="0.96" CONTENT="hittills"/><SP WIDTH="16" VPOS="1435" HPOS="606"/>
							<String ID="string_422" HPOS="622" VPOS="1435" WIDTH="38" HEIGHT="20" WC="0.96" CONTENT="har"/><SP WIDTH="15" VPOS="1435" HPOS="660"/>
							<String ID="string_423" HPOS="675" VPOS="1435" WIDTH="51" HEIGHT="24" WC="0.96" CONTENT="haft,"/><SP WIDTH="16" VPOS="1435" HPOS="726"/>
							<String ID="string_424" HPOS="742" VPOS="1441" WIDTH="29" HEIGHT="14" WC="0.96" CONTENT="nu"/><SP WIDTH="15" VPOS="1441" HPOS="771"/>
							<String ID="string_425" HPOS="786" VPOS="1436" WIDTH="77" HEIGHT="25" WC="0.93" CONTENT="antaga"/><SP WIDTH="14" VPOS="1436" HPOS="863"/>
							<String ID="string_426" HPOS="877" VPOS="1433" WIDTH="42" HEIGHT="22" WC="0.93" CONTENT="för-"/>
						</TextLine>
						<TextLine ID="line_44" HPOS="103" VPOS="1462" WIDTH="816" HEIGHT="30">
							<String ID="string_427" HPOS="103" VPOS="1465" WIDTH="74" HEIGHT="27" WC="0.95" CONTENT="slaget."/><SP WIDTH="30" VPOS="1465" HPOS="177"/>
							<String ID="string_428" HPOS="207" VPOS="1464" WIDTH="42" HEIGHT="21" WC="0.95" CONTENT="Det"/><SP WIDTH="15" VPOS="1464" HPOS="249"/>
							<String ID="string_429" HPOS="264" VPOS="1464" WIDTH="101" HEIGHT="22" WC="0.94" CONTENT="förhåller"/><SP WIDTH="16" VPOS="1464" HPOS="365"/>
							<String ID="string_430" HPOS="381" VPOS="1463" WIDTH="31" HEIGHT="26" WC="0.96" CONTENT="sig"/><SP WIDTH="15" VPOS="1463" HPOS="412"/>
							<String ID="string_431" HPOS="427" VPOS="1463" WIDTH="66" HEIGHT="26" WC="0.96" CONTENT="enligt"/><SP WIDTH="14" VPOS="1463" HPOS="493"/>
							<String ID="string_432" HPOS="507" VPOS="1463" WIDTH="43" HEIGHT="21" WC="0.96" CONTENT="min"/><SP WIDTH="15" VPOS="1463" HPOS="550"/>
							<String ID="string_433" HPOS="565" VPOS="1463" WIDTH="64" HEIGHT="21" WC="0.96" CONTENT="tanke"/><SP WIDTH="16" VPOS="1463" HPOS="629"/>
							<String ID="string_434" HPOS="645" VPOS="1463" WIDTH="47" HEIGHT="21" WC="0.93" CONTENT="med"/><SP WIDTH="15" VPOS="1463" HPOS="692"/>
							<String ID="string_435" HPOS="707" VPOS="1463" WIDTH="164" HEIGHT="21" WC="0.91" CONTENT="motionsrätten"/><SP WIDTH="15" VPOS="1463" HPOS="871"/>
							<String ID="string_436" HPOS="886" VPOS="1462" WIDTH="33" HEIGHT="21" WC="0.90" CONTENT="så-"/>
						</TextLine>
						<TextLine ID="line_45" HPOS="103" VPOS="1490" WIDTH="817" HEIGHT="31">
							<String ID="string_437" HPOS="103" VPOS="1494" WIDTH="65" HEIGHT="27" WC="0.92" CONTENT="lunda"/><SP WIDTH="15" VPOS="1494" HPOS="168"/>
							<String ID="string_438" HPOS="183" VPOS="1494" WIDTH="39" HEIGHT="26" WC="0.96" CONTENT="att,"/><SP WIDTH="16" VPOS="1494" HPOS="222"/>
							<String ID="string_439" HPOS="238" VPOS="1492" WIDTH="24" HEIGHT="22" WC="0.96" CONTENT="så"/><SP WIDTH="16" VPOS="1492" HPOS="262"/>
							<String ID="string_440" HPOS="278" VPOS="1493" WIDTH="78" HEIGHT="27" WC="0.96" CONTENT="dyrbar"/><SP WIDTH="15" VPOS="1493" HPOS="356"/>
							<String ID="string_441" HPOS="371" VPOS="1492" WIDTH="68" HEIGHT="21" WC="0.96" CONTENT="denna"/><SP WIDTH="15" VPOS="1492" HPOS="439"/>
							<String ID="string_442" HPOS="454" VPOS="1492" WIDTH="101" HEIGHT="26" WC="0.96" CONTENT="rättighet"/><SP WIDTH="14" VPOS="1492" HPOS="555"/>
							<String ID="string_443" HPOS="569" VPOS="1492" WIDTH="7" HEIGHT="20" WC="0.93" CONTENT="i"/><SP WIDTH="15" VPOS="1492" HPOS="576"/>
							<String ID="string_444" HPOS="591" VPOS="1491" WIDTH="120" HEIGHT="28" WC="0.91" CONTENT="principielt"/><SP WIDTH="22" VPOS="1491" HPOS="711"/>
							<String ID="string_445" HPOS="733" VPOS="1490" WIDTH="98" HEIGHT="22" WC="0.96" CONTENT="afseende"/><SP WIDTH="24" VPOS="1490" HPOS="831"/>
							<String ID="string_446" HPOS="855" VPOS="1490" WIDTH="65" HEIGHT="22" WC="0.96" CONTENT="också"/>
						</TextLine>
						<TextLine ID="line_46" HPOS="102" VPOS="1519" WIDTH="817" HEIGHT="31">
							<String ID="string_447" HPOS="102" VPOS="1524" WIDTH="32" HEIGHT="26" WC="0.96" CONTENT="är,"/><SP WIDTH="16" VPOS="1524" HPOS="134"/>
							<String ID="string_448" HPOS="150" VPOS="1522" WIDTH="40" HEIGHT="22" WC="0.96" CONTENT="den"/><SP WIDTH="15" VPOS="1522" HPOS="190"/>
							<String ID="string_449" HPOS="205" VPOS="1522" WIDTH="106" HEIGHT="27" WC="0.96" CONTENT="praktiskt"/><SP WIDTH="15" VPOS="1522" HPOS="311"/>
							<String ID="string_450" HPOS="326" VPOS="1521" WIDTH="46" HEIGHT="22" WC="0.96" CONTENT="icke"/><SP WIDTH="15" VPOS="1521" HPOS="372"/>
							<String ID="string_451" HPOS="387" VPOS="1521" WIDTH="42" HEIGHT="21" WC="0.96" CONTENT="kan"/><SP WIDTH="15" VPOS="1521" HPOS="429"/>
							<String ID="string_452" HPOS="444" VPOS="1521" WIDTH="107" HEIGHT="21" WC="0.96" CONTENT="användas"/><SP WIDTH="14" VPOS="1521" HPOS="551"/>
							<String ID="string_453" HPOS="565" VPOS="1520" WIDTH="33" HEIGHT="21" WC="0.96" CONTENT="för"/><SP WIDTH="22" VPOS="1520" HPOS="598"/>
							<String ID="string_454" HPOS="620" VPOS="1521" WIDTH="32" HEIGHT="20" WC="0.96" CONTENT="att"/><SP WIDTH="23" VPOS="1521" HPOS="652"/>
							<String ID="string_455" HPOS="675" VPOS="1520" WIDTH="147" HEIGHT="22" WC="0.93" CONTENT="åstadkomma"/><SP WIDTH="13" VPOS="1520" HPOS="822"/>
							<String ID="string_456" HPOS="835" VPOS="1519" WIDTH="84" HEIGHT="22" WC="0.92" CONTENT="författ-"/>
						</TextLine>
					</TextBlock>
				</ComposedBlock>
			</PrintSpace>
		</Page>
	</Layout>
</alto>
