1078 1786
380 150 25 17 R.
417 154 17 13 0.
446 151 22 16 A.
482 150 55 17 1891.
560 151 28 16 28
599 151 47 21 Maj.
837 147 53 20 1457

103 227 40 22 och
157 227 87 22 Talman
260 230 55 19 samt
330 229 36 21 det
381 229 136 27 Högvördiga
532 230 88 21 Ständet
635 231 31 20 sin
681 231 134 20 vördsamma
826 231 94 21 afskeds-

103 256 106 27 helsning
201 252 12 35 ;

170 312 57 21 Frih.
245 312 25 21 0.
294 313 24 21 A.
339 312 103 22 Wrede
464 314 96 26 uppläste
576 314 53 21 talet
650 314 32 21 till
703 314 181 26 Borgareständet
899 314 24 21 af

101 339 94 29 följande
210 340 88 27 lydelse:

203 398 96 26 Högädle
314 398 32 21 Hr
361 398 99 21 Talman!
490 398 112 28 Vällofiiga
616 398 166 28 Borgareständ!

170 454 33 22 Dä
223 455 101 21 Finlands
347 455 90 21 Ständer
459 462 36 18 nu,
519 455 53 22 efter
592 456 99 20 slutfördt
706 456 51 25 värf,
772 456 34 21 stä
821 456 50 21 redo
887 458 33 19 att

101 482 102 28 ätskiljas,
218 483 96 21 anhåller
329 484 24 20 R.
370 490 18 15 o.
404 484 25 21 A.
444 490 76 20 genom
536 490 40 20 oss,
586 484 48 21 dess
642 484 136 26 deputerade,
786 486 33 19 att
827 484 32 21 till
867 484 52 22 Bor-

102 512 136 26 gareständet
259 512 22 21 få
303 512 109 22 frambära
436 513 32 20 sin
493 512 98 28 hjertliga
617 512 39 22 och
680 512 122 27 broderliga
826 513 92 21 afskeds-

101 540 101 27 helsning.

169 568 45 22 Allt
229 569 63 21 sedan
310 569 54 21 1863
380 570 35 20 ärs
429 569 101 27 landtdag
546 570 39 20 har
600 570 54 21 intet
672 570 143 20 ständermöte
835 570 23 20 af
871 570 49 21 hela

102 597 48 21 värt
171 597 45 21 folk
238 599 111 20 emotsetts
364 598 48 21 med
427 597 23 21 sä
466 599 44 20 stor
526 597 103 27 spänning
644 597 39 22 oeh
700 597 109 22 omfattats
824 598 47 21 med
887 598 33 21 sä-

102 625 51 22 dant
168 625 95 27 intresse,
279 632 45 15 som
340 626 128 27 landtdagen
485 627 60 24 1891,
560 626 46 21 icke
622 626 87 21 emedan
725 633 48 14 man
788 626 28 27 pä
830 628 89 19 rättsvä-

102 654 85 21 sendets
208 654 52 21 eller
282 655 40 21 den
345 655 78 21 sociala
445 655 39 21 och
508 655 137 21 ekonomiska
660 655 158 26 utvecklingens
833 655 87 22 omräde

92 683 64 21 hade
179 684 32 20 att
232 683 99 21 förvänta
353 685 30 19 ett
403 689 45 16 mer
462 685 27 19 än
504 684 80 26 vanligt
599 683 131 22 omfattande
745 683 39 21 och
799 684 120 26 genomgri-

101 711 70 26 pande
186 711 223 27 lagstiftningsarbete,
425 714 51 19 utan
492 713 87 20 emedan
595 712 36 21 det
646 712 47 21 stod
708 712 57 21 klart
775 711 34 22 för
819 712 101 22 Finlands

101 739 51 26 folk,
175 742 31 19 att
229 741 35 20 det
286 747 29 14 nu
337 741 70 26 gällde
422 740 33 21 för
470 741 48 21 dess
533 742 170 25 representanter
718 743 38 23 att,
772 741 48 20 med
835 741 43 20 alla
893 741 25 21 de

100 768 69 22 medel
184 769 155 26 grundlagarne
355 769 98 26 päbjuda,
462 769 52 21 söka
529 769 63 21 häfda
608 769 61 21 dessa
683 769 140 27 grundlagars
834 771 43 19 rätt
887 771 33 19 att

101 796 132 23 fortfarande
255 797 22 22 fä
297 799 53 25 göra
365 798 30 25 sig
410 797 48 22 fullt
473 798 97 26 gällande
585 797 27 27 pä
627 797 107 26 omräden,
750 797 38 22 der
803 798 61 21 deras
879 797 41 27 gil-

101 825 68 27 tighet
190 826 67 21 under
279 828 84 19 senaste
386 826 54 21 tider
462 826 28 27 pä
511 827 35 21 det
569 826 153 27 betänkligaste
738 827 42 20 sätt
796 826 86 27 skjutits
897 826 23 21 ät

101 854 68 21 sidan.

169 882 172 21 Postmanifestet
356 882 22 21 af
392 883 39 20 den
446 883 26 21 31
488 883 43 26 Maj
548 883 61 23 1890,
625 883 150 26 suspensionen
790 883 23 20 af
826 882 37 21 vär
877 889 42 21 nya

104 910 96 26 strafflag
220 912 55 20 samt
297 911 25 21 de
345 910 153 22 förberedande
513 911 101 21 arbetena
629 910 27 28 pä
670 917 26 15 en
711 910 123 28 fullständig
849 917 70 21 omge-

103 939 101 26 staltning
219 939 21 21 af
256 938 46 22 vårt
317 939 49 21 tull-
381 940 39 20 och
435 940 149 26 myntväsende
606 946 51 14 voro
680 940 118 25 händelser,
813 940 70 20 kända
898 939 24 21 af

103 967 73 27 hvarje
191 974 48 14 man
253 968 8 20 i
276 967 47 21 värt
339 968 56 26 land,
410 968 118 26 händelser,
544 974 45 15 som
604 968 28 26 pä
646 968 222 21 detsmärtsammaste
876 969 45 20 sätt

102 996 74 20 berört
197 995 47 21 värt
265 996 45 21 folk
332 996 39 21 och
393 996 81 27 ingifvit
496 996 117 22 detsamma
635 996 122 27 bekymmer
774 996 40 21 och
834 1002 37 15 oro
886 996 34 21 för

102 1019 119 36 framtiden.
768 1043 2 2 N

171 1052 42 21 Det
227 1058 38 15 var
280 1052 101 22 särskildt
402 1053 48 21 med
464 1052 81 22 fästadt
560 1052 98 22 afseende
674 1052 12 22 ä
701 1053 40 21 den
757 1053 100 26 ställning
871 1053 49 21 dess

103 1082 170 26 representanter
288 1081 69 21 skulle
372 1083 71 25 intaga
458 1082 32 20 till
505 1082 68 24 dessa,
588 1081 33 21 för
635 1081 47 21 värt
697 1082 60 20 lands
766 1082 99 26 politiska
876 1082 44 20 till-

102 1116 50 14 varo
175 1109 24 22 sä
220 1109 61 27 djupt
303 1109 161 27 betydelsefulla
486 1110 77 26 frågor,
581 1116 46 15 som
641 1110 67 21 folket
724 1110 62 21 skred
802 1110 32 21 till
848 1110 35 20 val
898 1110 24 20 af

102 1138 47 21 sina
163 1137 178 26 förtroendemän,
358 1138 59 27 lifligt
432 1138 134 27 öfvertygadt
580 1144 45 16 som
641 1139 35 21 det
691 1144 37 15 var
743 1139 120 25 derom,att
878 1138 41 21 den

101 1166 92 27 lyckliga
206 1166 109 26 lösningen
331 1166 22 21 af
367 1166 62 21 dessa
443 1166 71 27 frägor
529 1167 32 21 till
578 1169 44 19 stor
637 1167 33 21 del
686 1166 92 22 berodde
786 1167 34 26 pä,
828 1169 33 19 att
871 1167 49 21 dess

101 1196 172 25 representanter
294 1194 32 21 till
349 1194 37 21 vär
408 1195 130 26 högsinnade
553 1195 89 21 Monark
661 1197 70 24 öppet,
747 1195 60 26 lojalt
822 1195 39 21 och
876 1195 43 20 för-

102 1222 138 22 troendefullt
261 1222 68 22 skulle
350 1223 109 21 frambära
481 1223 25 22 de
529 1225 58 20 rätta
605 1224 112 26 uttrycken
736 1223 34 21 för
784 1223 55 21 hvad
852 1223 68 21 folket

101 1251 69 22 kände
185 1251 40 21 och
241 1251 79 21 tänkte.

170 1280 38 20 Att
229 1279 68 22 under
319 1279 80 22 sädana
421 1280 147 21 förhällanden
588 1281 100 20 ansvaret
702 1280 68 21 skulle
786 1280 56 21 hvila
857 1281 63 25 tungt

101 1307 28 28 pä
143 1308 194 27 representationen
353 1309 7 20 i
375 1309 32 20 sin
422 1308 71 22 helhet
508 1315 37 14 var
559 1309 102 26 naturligt
676 1309 39 20 och
730 1308 40 21 har
787 1309 60 21 äfven
858 1309 61 26 djupt

101 1337 64 21 känts
179 1336 23 21 af
215 1336 72 27 hvarje
303 1337 81 21 enskild
400 1336 169 25 ständsmedlem,
590 1337 90 21 likasom
692 1337 62 21 äfven
769 1337 150 21 medvetandet

102 1371 33 15 om
151 1365 139 21 situationens
305 1365 68 21 allvar
388 1365 70 27 tryckt
473 1366 33 20 sin
521 1366 89 26 stämpel
625 1365 27 28 pä
668 1365 129 22 Ständernas
811 1365 80 22 arbete.

169 1393 43 22 Det
225 1393 129 22 tillkommer
368 1393 46 22 icke
429 1399 35 16 oss
478 1396 33 19 att
526 1394 96 25 bedöma,
638 1394 54 21 huru
708 1394 52 21 1891
778 1394 35 21 ärs
828 1393 91 22 Ständer

103 1422 90 26 appfyllt
215 1422 38 20 sitt
273 1422 62 20 svära
356 1421 53 24 värf,
431 1422 45 21 icke
499 1422 73 25 heller,
596 1422 102 20 huruvida
713 1422 47 20 värt
775 1422 73 21 arbete
863 1422 55 20 skall

100 1450 66 21 varda
187 1449 178 27 lyckobringande
388 1449 51 22 eller
457 1450 45 21 icke
517 1450 34 21 för
565 1450 148 23 fosterlandet;
730 1450 75 21 domen
821 1450 97 21 häröfver

100 1478 73 21 tillhör
194 1478 113 20 framtiden
328 1478 39 20 och
389 1477 107 22 historien.
528 1478 48 21 Men
591 1478 7 20 i
615 1478 40 21 den
674 1478 137 26 fullständiga
826 1478 91 26 enighet,

101 1512 45 16 som
161 1506 82 22 ernätts
258 1506 34 21 vid
307 1506 197 27 slutbehandlingen
520 1506 23 22 af
556 1506 25 22 de
597 1506 161 27 betydelsefulla
767 1506 79 27 frägor,
856 1506 62 27 kring

101 1535 73 21 hvilka
189 1535 138 27 landtdagens
342 1534 163 28 hufvudsakliga
526 1535 88 21 intresse
629 1536 45 20 rört
689 1536 37 26 sig,
742 1536 66 26 ligger
823 1535 54 21 dock
892 1541 25 15 en
