1092 1781
364 143 24 17 R.
400 149 18 11 o.
430 144 22 17 A.
464 145 53 16 1891.
535 145 26 16 23
572 145 48 21 Maj.
822 139 52 22 1301

86 222 39 21 och
148 229 26 14 en
196 222 56 21 skild
274 222 70 27 kalkyl
367 223 32 20 för
421 223 25 20 de
468 223 91 26 följande
574 226 33 19 tre
622 224 57 21 ären.
710 224 95 21 Orsaken
819 224 85 21 hvarför

85 249 224 28 Finansexpeditionen
332 251 54 20 hade
406 251 99 26 uppgjort
527 257 25 15 en
575 258 118 20 gemensam
713 252 71 27 kalkyl
800 258 37 15 var
853 253 51 20 den-

86 284 85 20 samma,
194 284 45 15 som
259 279 37 26 jag
318 279 34 21 vid
370 281 85 19 senaste
470 279 101 27 landtdag
587 279 53 21 hade
655 282 58 24 äran,
730 281 46 20 med
791 280 113 27 anledning

85 306 23 21 af
121 313 80 14 samma
223 307 69 25 orsak,
308 307 116 26 framhälla,
447 307 104 26 nämligen
567 310 32 19 att
614 308 35 21 det
665 310 24 19 är
703 309 57 20 svärt
773 311 33 18 att
821 309 26 25 pä
862 308 41 21 för-

85 334 57 22 hand
157 334 94 21 beräkna
265 334 55 22 hvad
335 335 85 26 slutliga
436 335 110 21 resultatet
561 336 41 21 blir
616 335 130 22 beträffande
761 336 144 21 inkomsterna

86 363 38 20 och
140 362 114 28 utgifterna
268 363 32 20 för
312 363 24 21 är
353 364 51 21 1891
423 363 38 22 och
478 365 31 19 att
524 364 119 21 sedermera
658 364 65 27 derpä
739 364 68 27 bygga
822 370 25 15 en
860 365 45 20 kal-

85 391 36 27 kyl
144 391 32 21 för
198 391 40 21 den
261 391 145 27 efterföljande
428 391 175 28 finansperioden.
633 392 162 22 Statsutskottet
817 393 38 21 har
876 399 29 15 nu

86 419 116 22 emellertid
225 422 69 19 ansett
316 420 35 21 det
373 427 50 14 vara
445 427 44 14 mer
511 421 152 26 principenligt,
679 423 33 19 att
736 421 122 26 kalkylerna
873 421 32 21 för

85 449 67 26 sagda
167 449 98 26 perioder
280 451 104 24 uppgöras
400 449 69 25 skildt,
486 450 38 20 och
540 449 94 22 deremot
649 449 39 21 har
700 450 36 26 jag
751 449 107 27 ingenting
873 452 32 19 att

86 483 77 18 erinra,
180 477 86 21 emedan
282 479 32 19 ett
328 477 68 26 dylikt
416 477 119 22 förfarande
551 478 59 21 äfven
625 478 41 21 kan
683 478 60 21 hafva
759 478 45 21 skäl
820 478 32 21 för
866 479 38 26 sig,

86 512 46 15 men
156 505 103 21 undvikas
274 506 40 21 kan
336 506 36 21 det
386 506 52 25 icke,
454 508 32 19 att
501 507 6 20 i
523 506 96 28 kalkylen
637 505 56 23 öfver
708 507 142 21 inkomsterna
866 507 38 21 och

86 534 115 26 utgifterna
222 535 33 19 för
275 534 25 21 de
315 534 88 22 sälunda
418 534 68 22 skilda
502 536 124 24 perioderna
641 535 166 26 oegentligheter
822 536 82 26 uppstä.

85 562 41 26 Jag
150 562 34 21 vill
200 562 55 21 blott
273 563 82 26 päpeka
370 570 25 13 en
411 563 160 26 omständighet.
601 564 27 20 H.
645 563 28 21 M.
689 563 39 21 har
742 563 115 27 förordnat,
873 566 32 18 att

86 590 54 22 ifrån
164 590 248 22 öfverskottsstatsmede]
434 591 60 21 skola
509 591 32 21 till
557 591 267 21 kommunikationsfonden
839 592 66 21 under

87 618 141 22 instundande
250 618 141 27 finansperiod
414 619 114 21 öfverföras
547 626 36 14 sex
599 620 38 20 och
653 626 24 14 en
693 620 45 20 half
751 620 70 26 miljon
838 620 66 26 mark,

88 654 46 14 men
157 647 67 21 tillika
246 647 113 26 medgifvit,
375 649 31 19 att
429 648 64 20 redan
517 648 66 20 under
597 649 25 20 är
638 648 51 20 1891
707 648 70 21 kunde
793 654 24 15 en
833 649 72 26 miljon

88 676 59 20 mark
170 676 105 20 användas
298 676 32 20 för
351 676 169 26 Björneborgska
540 676 125 26 jernvägens
688 676 108 28 byggande
819 676 32 21 för
873 679 32 19 att

88 704 121 26 derigenom
231 704 21 21 fä
266 704 82 21 arbetet
364 704 94 27 billigare
474 705 85 21 utfördt.
590 704 67 22 Häraf
670 704 92 27 framgär
777 705 81 27 tydligt,
874 707 31 19 att

88 732 89 27 afsigten
200 739 38 15 var
259 734 32 20 att
313 733 67 21 under
396 734 24 20 är
437 733 52 21 1891
506 733 67 21 skulle
588 736 59 23 tagas
663 734 6 20 i
685 734 90 26 anspräk
790 734 74 21 endast
879 740 26 15 en

88 761 72 27 miljon
182 761 60 21 mark
264 761 39 21 och
326 764 31 18 att
380 762 38 21 den
438 761 65 27 öfriga
519 762 59 21 delen
594 762 22 21 af
630 762 94 26 anslaget
739 762 67 21 skulle
822 762 83 21 komma

87 790 33 20 till
135 790 133 26 användning
283 790 67 21 under
366 790 38 21 den
420 790 90 27 följande
526 790 173 27 finansperioden.
729 790 123 22 Emellertid
867 791 38 21 har

87 818 163 22 Statsutskottet
264 819 97 26 upptagit
376 820 66 20 under
456 820 24 20 är
497 820 52 20 1891
567 820 64 20 redan
647 819 47 21 hela
702 819 101 26 anslaget,
819 825 36 15 sex
865 819 40 21 och

88 853 26 15 en
136 847 44 21 half
204 846 72 27 miljon
299 847 65 21 mark.
394 848 64 20 Detta
481 848 75 20 verkar
574 847 117 27 egentligen
707 848 44 20 icke
767 848 5 20 i
789 847 116 21 hufvudsak

87 876 122 26 nägonting,
233 877 22 25 ty
277 876 69 20 denna
368 882 81 14 summa
470 875 40 21 bör
528 876 113 21 öfverföras
657 875 31 21 till
704 876 199 21 kommunikations-

86 903 85 27 fonden,
186 910 47 15 men
250 910 24 15 en
291 904 141 26 oegentlighet
448 906 23 19 är
487 904 35 21 det
536 904 7 20 i
559 904 40 22 alla
614 904 43 25 fall,
665 906 32 19 att
712 910 48 15 man
776 904 31 21 för
815 905 24 20 år
851 905 51 21 1891

86 933 98 25 upptagit
200 932 47 21 hela
262 932 100 26 anslaget.
393 932 72 22 Säsom
485 932 37 28 jag
538 933 64 21 redan
618 933 90 21 nämnde
723 933 74 21 verkar
813 932 58 22 detta
886 933 17 26 ej

87 961 115 26 nägonting
224 961 5 20 i
246 960 122 26 hufvudsak,
385 961 39 21 och
442 961 47 22 skäl
504 961 65 22 finnes
582 962 23 26 ju
621 962 64 20 ocksä
699 961 77 26 dertill,
792 964 32 19 att
839 962 66 21 under

86 989 140 22 instundande
248 989 142 27 finansperiod
412 990 73 21 främst
507 992 59 25 tages
581 991 6 20 i
603 990 90 26 anspräk
715 990 35 21 det
765 990 78 27 anslag,
859 996 45 15 som

86 1018 26 21 H.
129 1018 28 21 M.
174 1018 101 22 anbefallt
290 1020 32 19 att
336 1018 46 21 frän
397 1019 263 27 öfverskottsstatsmedlen
675 1019 53 21 skall
744 1018 113 22 öfverföras
872 1018 32 21 till

86 1047 276 22 kommunikationsfonden.
393 1047 143 21 Ofverskottet
559 1047 6 21 i
589 1047 131 22 statsfonden
742 1049 24 19 är
780 1047 31 21 till
827 1049 78 19 största

88 1075 60 22 delen
170 1077 52 20 utan
240 1078 61 19 ränta
317 1075 39 22 och
372 1076 34 21 det
422 1078 23 19 är
461 1076 70 21 derför
545 1076 45 21 skäl
606 1078 32 19 att
653 1075 52 22 först
719 1076 96 21 använda
830 1076 35 21 det
880 1082 25 15 ur

87 1105 130 20 statsfonden
242 1105 98 21 anvisade
362 1105 73 26 anslag
457 1105 39 20 och
518 1105 64 21 sedan
598 1105 92 26 tillgripa
705 1104 200 21 kommunikations-

87 1132 88 21 fondens
191 1133 75 26 medel,
281 1133 32 21 för
328 1133 70 20 hvilka
414 1133 76 21 fonden
505 1133 82 26 uppbär
601 1135 68 19 ränta.
699 1133 32 21 Då
743 1133 37 26 jag
795 1139 28 14 nu
839 1133 66 21 öfver-

87 1162 38 25 gär
140 1161 32 20 till
187 1161 127 26 granskning
329 1161 21 21 af
365 1161 25 21 de
405 1161 68 21 skilda
489 1164 104 24 posterna,
602 1161 34 21 vill
647 1161 37 26 jag
698 1162 74 20 främst
787 1161 117 24 framhålla,

87 1191 32 19 att
135 1190 27 20 då
177 1195 25 15 en
217 1189 72 27 kalkyl
304 1191 104 25 uppgöres
423 1189 32 21 för
470 1196 26 15 en
511 1190 23 20 så
549 1189 50 27 lång
618 1189 31 21 tid
664 1189 76 22 framåt
754 1195 45 16 som
815 1189 45 27 fyra
874 1190 30 23 år,

87 1219 23 25 ty
126 1217 236 27 Finansexpeditionens
380 1217 70 28 kalkyl
473 1218 99 21 omfattar
593 1218 46 27 fyra
660 1218 30 26 år,
713 1219 24 20 så
756 1220 24 19 är
796 1218 34 21 det
845 1217 58 21 alltid

87 1247 84 26 mycket
185 1246 104 26 vanskligt
304 1248 32 19 att
350 1247 70 20 kunna
436 1247 93 20 beräkna
544 1246 98 27 beloppet
657 1245 21 22 af
691 1246 116 21 inkomster
822 1246 39 21 och
873 1248 31 19 ut-

86 1274 63 26 gifter
164 1275 29 24 så,
202 1276 32 19 att
248 1275 46 20 icke
310 1275 94 20 deremot
419 1275 103 20 särskilda
537 1275 115 26 erinringar
666 1274 71 21 kunna
745 1277 68 24 göras.
839 1274 66 21 Stats-

86 1303 106 20 utskottet
207 1305 102 24 upptager
324 1303 73 21 främst
412 1303 32 21 till
459 1303 126 26 behandling
601 1303 38 20 den
657 1302 106 21 allmänna
774 1303 131 21 statsfonden

88 1331 39 21 och
150 1333 68 24 säger,
234 1333 32 19 att
284 1331 39 21 den
339 1331 22 21 af
373 1331 103 22 utskottet
491 1331 134 27 kalkylerade
641 1331 145 27 behållningen
803 1331 30 20 till
850 1331 52 20 1891

87 1359 47 22 icke
156 1361 101 20 stämmer
277 1359 73 27 riktigt
372 1360 46 21 med
442 1359 55 22 hvad
519 1359 225 27 Finansexpeditionen
759 1360 7 20 i
782 1359 31 22 sin
833 1359 72 27 kalkyl

88 1389 102 26 upptagit.
220 1387 109 22 Utskottet
345 1388 60 21 anför
418 1390 32 19 att
466 1388 58 21 detta
542 1388 63 21 beror
620 1388 71 26 derpå,
707 1390 32 19 att
753 1388 104 21 utskottet
872 1390 32 18 ut-

86 1418 48 24 gått
156 1416 46 21 från
226 1417 39 19 den
287 1416 35 21 vid
345 1418 82 18 senaste
448 1417 35 19 års
503 1416 85 20 bokslut
602 1416 118 20 fastställda
735 1416 168 26 behållningen
893 1412 14 35 i

87 1443 164 27 Statskontoret,
274 1444 74 20 medan
366 1444 235 26 Finansexpeditionens
623 1444 70 26 kalkyl
715 1444 93 26 grundar
829 1444 31 26 sig
877 1444 28 25 på

88 1471 169 23 Statskontorets
274 1472 175 27 månadsrapport
471 1472 32 20 för
524 1472 87 21 Januari
633 1472 82 21 månad.
744 1472 65 21 Detta
831 1473 24 19 är
877 1478 28 14 nu

87 1500 119 28 egentligen
222 1507 25 15 en
260 1500 120 27 oriktighet,
396 1503 21 25 ty
432 1500 235 27 Finansexpeditionens
682 1500 71 28 kalkyl
768 1500 91 27 grundar
874 1500 31 27 sig

87 1528 47 23 icke
149 1530 27 27 på
192 1529 166 22 Statskontorets
369 1529 176 27 månadsrapport
560 1529 32 21 för
606 1528 93 28 Januari,
715 1532 51 18 utan
781 1530 27 26 på
818 1535 87 21 rappor-
