1095 1786
198 143 54 21 1188
448 148 24 17 R.
485 153 11 12 o
514 148 23 17 A.
550 148 53 17 1891.
623 148 24 17 19
659 148 47 21 Maj.

168 233 48 15 men
231 227 49 21 med
294 227 29 20 all
338 226 86 27 respekt
438 226 34 21 för
486 226 54 21 hans
554 226 138 26 fackinsigter
706 226 68 21 finner
782 227 43 26 jag,
838 227 33 20 att
883 226 42 21 han
935 232 51 20 gan-

168 255 39 21 ska
230 255 101 26 naturligt
353 256 54 19 trott
425 255 32 26 sig
471 254 72 21 kunna
558 254 48 22 med
620 254 128 22 kaloriferen
763 255 82 20 uträtta
859 254 128 26 underverk,

168 283 80 21 hvilket
270 283 119 21 underverk
405 283 117 21 emellertid
537 283 80 21 utfallit
632 283 29 27 sä,
677 285 32 19 att
724 283 36 21 det
775 283 54 20 varit
844 283 95 26 omöjligt
954 285 33 19 att

168 312 57 20 hälla
240 317 43 22 upp
298 313 85 19 värmen
399 317 36 15 ens
451 311 7 21 i
474 317 25 15 en
515 311 32 21 del
564 311 23 21 af
600 311 108 21 mellersta
723 311 96 21 läktaren
835 313 65 19 annat
915 313 27 19 än
958 311 28 27 pä

168 340 128 21 kanslistens
318 340 118 21 bekostnad
459 340 6 21 i
484 339 98 22 afseende
598 340 12 21 ä
625 340 37 21 det
676 339 62 22 svåra
753 340 80 26 draget.
863 340 41 26 Jag
919 340 67 21 skulle

168 369 46 21 icke
235 374 50 16 anse
306 369 69 21 denna
389 368 39 21 sak
443 374 51 15 vara
508 368 23 21 af
545 368 65 22 sådan
626 368 114 27 betydelse,
757 370 31 20 att
804 368 24 22 R.
844 374 19 15 o.
879 368 24 22 A.
921 368 65 22 borde

168 397 75 27 frängä
258 397 37 21 sitt
310 397 89 26 tidigare
415 396 75 22 beslut.

237 465 32 21 Hr
284 465 23 21 C.
323 464 24 22 G.
365 464 231 28 Standertskjöld:
627 464 32 21 Dä
675 464 58 22 Frih.
749 471 39 15 von
803 466 57 20 Born
875 467 71 19 ansett
956 465 32 26 sig

169 494 54 21 böra
237 493 114 21 framkasta
366 499 26 15 en
407 494 128 20 insinuation
550 495 45 19 mot
610 494 95 25 ingeniör
720 493 92 26 Kolster,
829 493 22 21 sä
868 494 38 21 ber
918 494 37 26 jag
964 493 22 21 fä

168 522 96 27 upplysa,
288 524 32 18 att
342 522 42 20 han
403 522 107 26 ingenting
526 522 46 22 med
588 522 98 21 läktarna
701 522 54 21 hade
771 524 32 19 att
818 524 52 25 göra
884 523 52 20 utan
952 528 35 16 en-

169 551 47 21 dast
232 551 46 21 med
294 550 176 22 konstruktionen
485 550 21 21 af
521 551 134 25 kaloriferen;
671 556 47 15 men
734 552 59 20 utom
808 550 77 22 honom
901 550 39 22 har
956 551 32 21 Hr

169 579 84 26 Moring
274 579 61 26 gifvit
357 578 102 27 skriftligt
474 579 110 21 utlätande
600 586 33 13 om
649 580 60 20 dessa
725 580 93 25 arbeten,
834 580 45 20 deri
894 579 43 21 han
952 581 35 19 sä-

169 613 43 21 ger,
228 609 32 18 att
271 607 106 22 eldstäder
387 607 108 27 ingenting
505 607 68 22 skulle
584 609 81 19 uträtta
673 607 33 21 till
714 607 172 22 förekommande
895 607 23 21 af
927 608 58 26 drag.

237 676 31 20 Hr
292 676 200 26 Pippingsköld:
523 676 47 22 Med
594 676 98 21 afseende
713 676 12 21 å
740 676 26 22 de
781 676 84 27 mycket
881 676 106 22 omtalade

168 704 159 27 kakelugnarna
341 704 80 22 tilläter
434 704 36 27 jag
484 704 43 26 mig
542 704 68 22 uttala
625 705 40 20 den
681 704 60 27 äsigt,
757 706 32 20 att
804 705 36 21 det
854 705 47 21 icke
917 706 23 20 är
950 705 36 21 nä-

169 739 42 20 gon
231 732 47 22 fara
299 733 33 21 vid
355 734 33 20 att
410 732 43 22 läta
471 733 89 26 uppföra
576 733 52 21 dem.
659 733 42 21 Det
715 733 67 26 gäller
797 734 62 25 blott,
875 734 70 21 derest
961 734 26 20 de

168 761 65 21 blifva
256 761 97 21 beslutna
375 760 22 22 af
418 762 24 20 R.
463 768 18 14 o.
498 763 24 19 A.
540 774 24 2 —
581 762 39 21 och
635 762 65 20 sedan
716 762 25 20 de
757 762 61 21 äfven
833 764 36 19 äro
885 763 34 20 väl
935 767 51 21 upp-

168 789 68 27 förda,
260 792 32 19 att
314 790 19 20 vi
350 790 51 20 eller
416 790 72 24 andra,
505 790 71 21 hvilka
591 790 157 21 sammanträda
763 790 34 21 vid
814 792 31 20 ett
860 790 126 22 kommande

170 818 155 26 Ständermöte,
342 818 44 21 läta
408 818 92 26 uppelda
516 819 45 21 dem
578 819 34 20 väl
627 818 40 22 och
682 818 24 21 sä
722 819 74 25 starkt,
813 821 32 18 att
860 818 74 22 hettan
950 820 37 20 der

168 852 56 20 uppe
247 846 13 21 å
281 847 97 21 läktaren
401 846 60 21 alltid
482 846 67 22 håller
565 847 64 26 högre
645 849 26 19 än
687 849 157 24 temperaturen
860 847 39 21 här
914 853 50 15 nere
979 848 6 20 i

169 875 65 20 salen.
264 874 72 22 Under
351 874 79 21 sådana
445 874 147 22 förhållanden
611 876 41 19 kan
668 882 48 14 man
731 876 108 25 verkligen
854 876 85 21 komma
954 876 32 20 till

168 903 36 20 det
226 903 96 27 resultat,
341 904 33 19 att
389 903 40 20 den
445 909 72 15 varma
532 903 68 22 luften
614 903 47 21 från
677 904 97 21 läktaren
789 905 113 20 strömmar
917 905 22 20 åt
954 910 32 15 sa-

167 932 41 23 len,
231 931 82 27 tvingas
329 931 31 21 hit
375 931 77 26 nedåt;
468 937 47 16 men
530 932 39 21 allt
584 932 63 21 beror
663 932 70 26 derpå,
750 934 32 19 att
797 932 40 21 den
853 938 45 16 som
913 933 74 20 sköter

168 960 118 26 eldningen,
302 962 38 25 gör
353 960 59 21 detta
427 960 6 21 i
449 960 75 27 riktigt
539 960 132 22 förhållande
687 961 32 20 till
734 961 133 21 kaloriferen.
891 961 94 26 Alltnog,

168 988 35 21 det
218 988 68 26 gäller
300 989 47 20 icke
363 990 65 19 annat
444 990 26 19 än
485 989 144 22 kostnaderna
643 989 34 21 för
692 991 32 19 ett
739 995 39 20 par
793 989 138 27 kakelugnar,
946 989 40 21 och

167 1016 71 21 risken
262 1018 23 19 är
306 1017 46 21 icke
375 1017 24 20 så
421 1018 50 23 stor,
495 1019 31 19 att
549 1017 45 22 icke
612 1017 24 21 R.
653 1024 18 13 o.
689 1018 24 20 A.
729 1018 70 21 dertill
814 1024 65 20 gerna
894 1018 42 21 kan
952 1018 34 21 be-

167 1045 57 20 sluta
239 1045 36 27 sig.
291 1058 27 2 —

235 1107 31 21 Hr
275 1107 62 26 Aug.
370 1107 125 21 Schauman
510 1107 143 22 understödde
663 1109 31 20 Hr
707 1108 180 27 Standertskjölds
899 1109 85 26 förslag.

234 1163 50 22 Med
298 1163 113 27 anledning
427 1164 23 21 af
463 1164 25 21 de
500 1164 89 21 sålunda
602 1164 77 26 afgifna
690 1165 127 26 yttrandena
830 1165 154 21 öfverlemnade

165 1192 33 20 Hr
212 1191 247 21 Vicelandtmarskalken
482 1192 32 21 till
530 1191 99 23 Ståndets
644 1192 129 22 besvarande
785 1192 92 28 följande
895 1195 89 20 omröst-

165 1220 202 26 ningsproposition:

234 1276 52 26 Den,
303 1283 44 15 som
363 1276 102 22 vidhåller
480 1277 24 21 R.
521 1283 18 15 o.
551 1278 36 20 A:s
598 1278 69 20 beslut
677 1279 32 20 att
717 1279 77 20 tvänne
807 1278 107 22 eldstäder
924 1279 60 21 skola

166 1304 102 27 uppföras
282 1304 28 28 på
325 1306 41 20 den
381 1306 107 21 mellersta
503 1306 104 26 läktaren,
622 1307 71 20 röstar
705 1306 32 26 ja;

163 1387 10 22 :
233 1360 72 21 vinner
327 1360 41 27 nej,
392 1360 39 22 har
448 1361 24 20 R.
489 1367 18 15 o.
524 1361 23 21 A.
564 1361 93 21 beslutat
672 1363 32 19 att
719 1362 135 21 eldstäderna
869 1362 46 22 icke
930 1369 52 19 upp-

173 1390 54 20 Öras.

231 1445 162 28 Propositionen
416 1446 126 22 besvarades
564 1447 49 21 med
635 1447 154 28 öfvervägande
811 1449 40 26 nej,
872 1449 39 21 och
926 1449 55 22 hade

164 1474 90 22 sälunda
273 1475 102 26 förslaget
395 1481 34 15 om
444 1475 142 27 kakelugnars
601 1475 130 27 uppförande
747 1477 28 26 pä
790 1477 108 21 mellersta
913 1477 67 21 läkta-

162 1509 38 15 ren
215 1502 87 22 härmed
317 1502 95 22 förfallit.
