1086 1786
380 145 25 17 R.
418 150 17 12 o.
446 146 23 16 A.
481 146 54 17 1891.
558 147 26 16 22
595 146 49 21 Maj.
837 141 52 22 1291

171 225 31 20 Hr
217 225 127 27 Ramsay:
362 225 10 21 I
388 226 105 26 egenskap
508 225 23 21 af
543 227 90 20 medlem
648 226 7 20 i
670 226 112 21 Allmänna
796 227 124 21 Besvärsut-

103 252 82 22 skottet
200 253 66 26 vägar
278 255 37 25 jag
329 254 95 26 förlänga
440 254 144 21 diskussionen
600 255 49 20 med
664 260 38 20 par
714 255 45 21 ord.
782 255 42 20 Det
839 256 24 19 är
873 255 48 21 med

104 281 186 21 tillfredsställelse
303 282 38 26 jag
355 282 139 25 konstaterat,
503 284 33 20 att
549 283 24 20 R.
590 289 19 15 o.
625 284 25 20 A.
666 283 28 26 pä
708 285 31 19 ett
749 283 60 27 lugnt
824 283 39 20 och
873 285 47 19 vär-

104 309 44 27 digt
164 311 42 20 sätt
221 309 115 22 behandlat
351 310 115 22 utskottets
481 310 144 28 föreliggande
641 311 140 26 betänkande,
797 317 25 15 en
837 312 83 26 värdig-

103 338 44 26 het,
163 344 46 16 som
226 338 73 22 anstär
314 339 83 21 landets
412 338 88 22 främsta
511 339 65 22 Ständ
592 340 40 21 och
642 346 44 15 som
698 340 54 26 bjert
763 339 101 22 afsticker
876 341 44 20 mot

103 367 40 21 den
159 366 102 22 hätskhet
276 367 39 21 och
331 368 26 20 de
372 367 32 21 till
418 368 143 26 personlighet
573 368 82 27 gäende
668 375 99 20 angrepp,
783 375 45 15 som
838 368 82 22 utskot-

103 398 43 19 tets
161 396 140 21 medlemmar
315 396 41 21 fätt
371 398 53 19 röna
439 397 33 20 vid
488 397 154 27 behandlingen
658 397 22 21 af
694 397 60 21 detta
775 397 77 21 ärende
874 397 46 21 icke

104 424 74 22 endast
193 424 57 21 inom
266 424 243 28 Ständerförsamlingen
525 428 50 18 utan
591 426 60 21 äfven
664 426 7 20 i
682 426 40 21 den
733 426 85 26 dagliga
828 432 92 20 pressen.

173 481 31 21 Hr
227 482 206 21 Wallensköld:
454 482 40 27 Jag
514 483 39 21 har
568 482 74 22 endast
658 482 87 21 anhällit
761 488 32 15 om
811 482 61 21 ordet
887 482 33 21 för

105 511 32 20 att
152 510 123 27 ytterligare
290 510 22 21 fä
327 510 129 22 understöda
478 511 56 21 Frih.
549 511 89 21 Linders
653 510 79 28 förslag
747 511 32 21 till
795 511 89 27 ändring
899 510 23 22 af

105 539 106 21 klämmen
227 538 28 26 pä
269 539 39 21 sid.
325 540 12 20 6
352 540 7 20 i
374 539 176 22 Bankutskottets
566 540 140 26 betänkande,
722 540 39 20 och
775 540 37 26 jag
827 540 94 20 ansluter

105 568 43 26 mig
163 567 73 21 dervid
251 568 31 21 till
299 568 39 21 den
354 567 143 27 formulering,
513 574 45 16 som
573 568 116 22 framstälts
711 568 23 21 af
747 568 32 21 Hr
794 568 126 21 Grotenfelt.

105 596 40 27 Jag
159 597 39 25 gör
214 596 59 21 detta
287 597 26 26 pä
329 596 40 21 den
384 597 75 26 grund,
468 598 32 19 att
512 597 36 26 jag
559 597 46 21 icke
618 597 62 24 inser,
691 597 55 21 huru
759 596 162 27 Finsk-ugriska

105 625 116 26 sällskapet
236 625 52 26 egde
304 626 33 19 att
352 625 110 27 rätteligen
478 625 78 21 förfara
571 626 47 21 med
634 625 61 21 dessa
710 625 78 26 20,000
803 626 67 25 mark,
887 631 33 14 om

105 653 120 21 Ständerna
240 659 28 15 nu
284 653 81 22 beslöte
380 656 32 19 att
428 654 76 25 bevilja
519 655 30 20 ett
569 654 116 21 understöd
707 654 32 21 för
762 653 160 28 ,arkeologiska

105 681 135 26 forskningar
255 682 6 21 i
277 682 80 23 Asien*,
373 682 89 21 oaktadt
484 683 95 20 fackmän
596 682 44 27 (jag
655 682 76 21 tänker
745 682 75 21 härvid
835 681 87 28 specielt

107 710 27 26 pä
150 710 187 27 Statsarkeologen
353 711 94 26 Aspelin)
462 717 58 18 anse,
530 713 32 19 att
577 713 30 19 ett
623 711 75 20 sådant
713 711 73 25 anslag
801 711 121 26 lämpligast

105 738 70 21 kunde
191 739 107 20 användas
313 739 7 20 i
336 739 40 21 och
390 739 33 20 för
438 739 159 26 publicerandet
611 739 24 20 af
648 739 36 21 det
701 739 104 24 material,
825 741 48 19 som
888 745 33 14 re-

106 767 41 20 dan
163 767 87 20 samlats
264 767 69 21 under
350 767 179 28 forskningsresor
550 769 7 20 i
579 768 71 25 Asien,
673 768 39 21 och
727 769 32 20 att
775 768 35 20 det
825 768 97 21 deremot

105 795 46 22 icke
167 801 88 16 numera
269 796 68 21 skulle
353 795 49 22 löna
417 796 31 26 sig
463 798 32 19 att
510 796 30 21 dit
559 796 89 21 afsända
670 803 25 14 en
718 796 55 21 skild
795 796 127 26 expedition.

106 823 42 22 För
163 826 32 19 att
210 824 46 21 icke
273 826 30 19 ett
317 824 70 21 beslut
402 824 66 22 mätte
484 825 69 26 fattas,
577 831 45 15 som
640 830 49 15 man
705 825 70 21 kunde
790 825 85 20 komma
891 826 31 19 att

106 853 72 27 ängra,
194 853 65 27 vägar
271 853 38 27 jag
323 852 91 27 anhälla,
430 855 32 19 att
477 854 36 21 det
528 853 120 28 Höglofliga
663 853 89 22 Ständet
767 853 48 21 ville
838 853 85 21 ansluta

106 882 31 26 sig
152 883 32 20 till
199 881 57 22 Frih.
272 882 89 21 Linders
376 882 85 26 förslag.

174 939 32 21 Hr
221 940 24 20 L.
267 938 149 22 Mechelin:
440 939 40 26 Jag
502 941 50 25 tror,
571 942 32 18 att
618 940 7 20 i
640 939 72 27 sjelfva
727 940 75 20 verket
818 939 40 21 den
874 945 48 21 nyss

107 967 120 27 äberopade
242 967 148 27 arkeologiska
404 968 143 21 auktoriteten
562 968 46 21 icke
623 968 55 21 varit
692 968 102 21 särskildt
807 968 94 26 delaktig
916 968 6 20 i

107 996 25 21 de
147 996 119 26 Jenisejska
281 996 167 27 forskningarne,
464 1003 45 15 som
526 996 35 21 det
575 997 67 26 gäller
657 998 31 19 att
703 996 97 26 tullfölja.
831 996 41 27 Jag
886 997 36 20 vill

105 1024 115 27 ingalunda
235 1024 71 22 derför
321 1025 138 21 underkänna
474 1025 52 21 hans
541 1026 124 26 kompetens
686 1025 7 20 i
715 1025 81 27 frågan,
819 1031 47 15 men
887 1025 36 27 jag

105 1053 144 27 ifrägasätter,
257 1054 104 20 huruvida
373 1054 45 26 just
433 1053 53 21 hans
501 1053 96 22 omdöme
613 1054 54 21 skall
682 1060 50 14 vara
745 1054 116 26 afgörande
873 1056 50 24 gent

107 1085 57 18 emot
176 1082 162 27 Finsk-ugriska
349 1082 125 26 sällskapets
489 1082 160 26 framställning.

175 1139 32 21 Hr
230 1138 106 22 Gustaf
358 1139 166 21 Grotenfelt:
547 1139 32 21 Dä
597 1139 37 27 jag
649 1139 64 21 bland
728 1141 66 19 annat
809 1138 47 22 haft
871 1140 53 20 äran

108 1169 31 21 att
154 1168 50 21 sitta
219 1168 7 20 1
242 1168 41 21 den
297 1168 86 26 komit6,
399 1174 45 15 som
455 1169 87 21 tillsatts
556 1168 23 21 af
588 1168 160 27 Finsk-ugriska
758 1168 116 25 sällskapet
884 1168 39 20 och

107 1197 78 22 Finska
200 1196 253 28 fornminnesföreningen
464 1197 32 21 för
506 1199 32 19 att
553 1197 105 22 behandla
668 1197 45 26 just
727 1196 74 27 frägan
817 1202 34 15 om
863 1196 62 21 dessa

107 1225 148 27 arkeologiska
276 1225 134 27 forskningar
424 1226 7 21 i
447 1225 95 26 Sibirien,
563 1225 24 22 sä
607 1226 36 20 vill
664 1226 35 26 jag
714 1225 57 21 blott
785 1227 84 24 nämna,
885 1226 38 23 att,

107 1254 69 21 sävidt
188 1254 37 26 jag
240 1254 70 21 kunde
325 1254 60 26 fatta,
396 1255 39 20 den
451 1255 106 26 enhälliga
571 1254 110 26 meningen
690 1253 93 27 herskat,
794 1255 33 19 att
837 1259 87 15 numera

107 1283 160 26 publicerandet
282 1283 23 20 af
317 1283 102 25 gammalt
434 1283 64 21 redan
514 1283 104 26 hopbragt
634 1282 95 21 material
745 1283 24 19 är
792 1282 43 20 lika
849 1281 75 27 vigtigt

108 1311 39 22 och
163 1317 33 15 om
212 1311 83 26 möjligt
309 1317 88 15 numera
412 1313 56 19 ännu
483 1311 108 26 vigtigare,
606 1313 28 18 än
649 1310 119 22 samlandet
783 1311 23 20 af
820 1311 47 26 nytt
882 1316 42 14 ma-

107 1341 69 20 terial.
205 1339 41 27 Jag
261 1340 42 20 kan
318 1339 46 21 icke
379 1341 57 25 säga,
452 1340 97 20 hurudan
563 1339 162 27 Finsk-ugriska
740 1339 129 26 sällskapets
889 1344 36 14 an-

108 1368 71 21 hällan
195 1368 32 21 till
243 1368 192 27 Bankfullmäktige
451 1368 39 21 och
508 1368 168 21 Bankutskottet
690 1368 62 23 varit,
776 1373 48 15 men
843 1367 36 27 jag
902 1368 24 19 är

108 1397 127 26 fullkomligt
251 1397 122 26 öfvertygad
389 1403 41 20 om,
446 1398 38 23 att,
499 1396 45 21 ifall
565 1397 140 26 stiliseringen
720 1396 55 21 varit
797 1395 73 26 sädan,
893 1397 32 18 att

109 1425 37 20 der
160 1425 92 26 yrkades
267 1425 26 25 pä
309 1425 117 20 understöd
440 1425 56 20 blott
510 1425 33 20 för
565 1430 25 15 en
613 1425 134 25 arkeologisk
769 1424 156 25 forskningsex-

108 1453 102 26 pedition,
226 1453 59 20 detta
301 1453 55 20 blott
371 1459 37 14 var
424 1458 25 15 en
467 1452 126 27 misslyckad
616 1452 112 26 stilisering
752 1451 39 21 och
814 1452 111 25 meningen

108 1481 56 21 varit
186 1483 33 19 att
241 1481 109 27 inbegripa
371 1481 61 21 äfven
454 1481 129 21 materialets
605 1480 157 26 publicerande.
800 1479 31 21 Pä
857 1479 70 21 denna

109 1510 68 27 grund
192 1509 69 23 skulle
274 1510 37 27 jag
326 1510 25 21 be
367 1511 32 19 att
420 1508 129 23 fortfarande
571 1508 22 22 fä
615 1508 128 22 understöda
768 1508 36 21 det
827 1508 22 21 af
868 1507 58 22 Frih.

870 1544 7 8 ,
