1081 1786
188 139 54 20 1216
359 131 2 2 I
430 144 25 15 R.
467 147 18 12 0.
497 144 23 16 A.
533 143 54 17 1891.
610 143 27 17 20
649 143 48 21 Maj.

228 222 32 22 Hr
275 221 200 27 Pippingsköld:
492 221 43 26 Mig
550 227 60 21 synes
626 220 130 27 nägorlunda
771 219 81 29 tydligt,
866 222 31 20 att
908 220 32 22 till
950 226 25 15 en

160 252 45 20 stor
221 250 33 21 del
269 249 97 25 orsaken,
382 249 84 26 hvarför
480 248 153 28 gästgifvarene
647 249 7 20 i
669 248 32 22 sin
715 248 141 27 utskänkning
864 248 22 22 af
896 248 20 21 öl
924 248 54 27 begå

160 285 26 15 en
209 278 77 26 mängd
309 277 129 27 öfvergrepp,
461 277 62 21 beror
546 278 70 26 derpä,
635 278 32 20 att
690 278 113 25 begreppet
825 277 112 27 ,resande*
954 279 24 19 är

160 307 32 20 för
208 307 46 20 dem
270 305 87 22 alldeles
372 305 136 26 otillräckligt
523 305 129 22 definieradt.
683 305 39 21 Om
742 305 35 21 det
791 305 55 22 skall
861 311 50 15 vara
926 305 50 26 möj-

160 335 38 26 ligt
214 336 32 19 att
260 334 35 21 vid
310 340 25 15 en
350 334 201 21 kreatursmarknad
566 334 41 21 alla
615 333 130 22 närvarande
755 333 56 22 föras
823 333 66 22 under
899 339 79 16 samma

160 363 73 21 rubrik
248 369 45 15 som
310 362 82 26 vanliga
407 362 94 25 resande,
518 362 70 21 hvilka
603 362 94 26 begagna
713 361 172 28 gästgifverierna
899 362 33 21 för
947 364 31 19 att

161 391 37 22 der
220 391 57 21 hvila
295 391 51 21 eller
360 391 71 25 intaga
447 397 25 14 en
488 390 72 21 måltid
576 390 39 21 och
631 389 90 22 derefter
735 390 47 21 med
797 390 115 27 skjutshäst
927 390 51 21 eller

162 425 76 16 annars
260 419 71 21 färdas
353 419 77 25 vidare,
445 419 24 21 så
483 418 66 27 ligger
563 419 50 22 felet
628 418 30 21 uti
674 419 38 20 den
728 418 32 21 för
775 418 47 22 vida
838 418 140 22 definitionen.

163 448 50 21 Man
230 448 106 21 använder
351 447 103 26 troligtvis
469 448 27 26 pä
511 447 66 22 finska
600 447 61 22 ordet
679 447 200 27 ,matkustavaiset*,
895 453 45 16 som
956 449 23 19 är

164 482 58 15 mera
237 475 110 28 tvetydigt,
362 475 110 22 hvaremot
487 476 105 26 uttrycket
607 475 115 28 ,,resande'
737 477 27 24 pä
779 476 89 21 svenska
882 475 65 22 redan
956 477 24 20 är

162 505 100 26 skarpare
278 504 135 27 begränsadt,
421 507 39 18 när
476 505 35 20 det
526 505 65 25 gäller
607 504 120 26 tolkningen
743 505 21 20 af
778 504 151 27 gästgifvarens
936 506 42 20 rät-

161 533 96 27 tigheter.
288 533 49 21 Man
346 533 34 21 må
402 532 108 27 korrigera
526 533 68 21 denna
609 532 148 27 bristfällighet
773 533 39 21 och
828 533 85 21 dermed
928 539 50 16 vore

161 568 41 20 nog
225 561 83 27 mycket
323 563 84 19 vunnet.
437 561 146 26 Gästgifvaren
599 561 38 21 bör
652 561 61 21 hafva
729 561 31 21 för
775 561 31 26 sig
822 561 61 26 klart,
900 563 32 19 att
947 564 32 18 ut-

161 589 93 28 trycketr
263 589 205 27 ,matkustavainen"
477 589 46 22 icke
538 589 31 21 får
584 589 117 22 utsträckas
717 589 32 21 till
764 589 52 21 hvar
832 589 38 21 och
886 595 33 20 en,
934 595 46 16 som

162 618 85 21 komme
270 617 31 22 till
324 618 78 26 gården
425 617 51 21 eller
498 618 38 26 går
559 618 91 21 derifrån
675 617 31 22 för
721 619 32 20 att
769 617 47 22 öfva
832 620 14 19 t.
863 623 30 16 ex.
910 619 70 25 någon

161 646 78 22 handel
253 647 28 26 på
297 645 71 22 stället
384 646 38 21 och
438 645 53 22 dock
506 646 46 21 icke
567 646 118 27 egentligen
700 648 34 19 tar
751 646 22 21 in
789 646 42 21 der.
862 646 44 27 Mig
921 652 61 22 synes

161 675 33 21 för
217 675 71 26 öfrigt,
304 676 31 19 att
359 674 103 26 exemplet
485 675 47 20 med
554 674 223 22 kreatursmarknader
801 681 36 15 var
852 675 82 20 mindre
950 675 33 21 väl

162 703 80 21 funnet.
272 703 114 21 Dessutom
401 703 67 20 måste
481 703 36 26 jag
533 703 68 21 erinra
617 703 77 26 derom,
708 705 31 19 att
747 703 36 21 det
793 703 66 21 finnes
870 709 25 15 en
906 703 76 26 mängd

162 731 86 21 bildade
259 737 108 21 personer,
384 731 71 21 hvilka
470 731 6 20 i
492 731 80 26 verklig
587 731 113 27 nykterhet
714 732 71 21 kunna
800 731 50 22 täfla
865 731 47 22 med
928 732 54 25 dem,

163 765 47 16 som
225 759 69 27 aldrig
309 759 94 27 begagna
419 759 40 27 vin,
483 759 19 22 öl
522 759 51 22 eller
588 759 94 26 bränvin,
698 766 47 15 men
761 759 71 22 hvilka
848 760 53 21 dock
916 759 67 28 aldrig

164 787 73 22 dricka
252 789 78 20 vatten.
361 788 84 21 Sådana
458 787 68 22 finnas
540 788 65 21 bland
619 787 130 23 främmande
764 789 84 21 länders
862 788 122 27 befolkning

162 816 80 27 ganska
266 817 84 26 många,
366 816 39 22 och
421 816 106 22 dessutom
542 817 42 20 kan
599 817 36 21 det
649 816 70 22 hända
733 818 14 20 å
762 817 86 26 månget
862 817 121 27 gästgifveri

162 846 32 19 att
216 846 83 19 vattnet
321 845 37 21 der
380 846 23 20 är
423 846 75 19 nästan
514 844 122 22 odrickbart
651 845 32 20 för
699 846 46 25 den,
761 851 46 16 som
823 845 39 21 har
875 845 56 21 helst
946 846 37 20 nå-

163 879 43 20 gon
221 873 67 21 smak.
317 873 40 26 Jag
373 873 66 21 finner
455 873 70 21 derför
539 873 45 21 icke
599 879 42 20 nog
656 873 45 21 skäl
717 880 50 14 vara
781 875 32 19 att
823 873 97 27 fråntaga
927 876 56 24 gäst-

162 900 94 28 gifvaren
281 901 129 27 rättigheten
426 903 33 20 att
473 901 160 21 tillhandahålla
647 902 96 26 resande,
758 908 45 15 som
819 902 75 22 sådant
910 902 72 26 önska,

163 929 48 22 med
227 929 26 25 öl,
270 936 47 15 men
333 931 31 20 att
372 930 114 26 begreppet
494 930 95 26 resande,
598 930 209 26 ,matkustavainen*,
816 930 66 22 borde
891 930 32 22 för
934 931 49 21 våra

164 957 127 27 gästgifvare
313 958 75 22 endast
409 960 109 25 strängare
541 958 116 26 definieras,
681 959 23 21 så
721 960 32 20 att
768 959 54 21 slika
836 959 86 27 misstag
936 959 47 21 icke

163 992 45 15 mer
230 987 83 21 komme
337 987 8 20 i
366 986 65 26 fråga.
462 986 49 22 Man
535 986 32 22 får
587 987 46 21 icke
655 987 66 27 skylla
737 987 37 21 allt
789 988 27 26 på
831 987 151 27 gästgifvarens

164 1016 118 25 egennytta,
299 1016 50 19 utan
365 1014 59 21 äfven
439 1016 26 25 på
481 1014 160 27 författningens
657 1015 102 22 oklarhet.

232 1070 32 22 Hr
279 1071 24 21 A.
320 1070 137 22 Mechelin:
471 1071 42 21 För
529 1073 31 19 att
575 1071 46 21 icke
635 1070 95 28 förlänga
741 1071 145 22 diskussionen
899 1071 37 22 ber
946 1072 36 27 jag

163 1098 21 22 få
198 1098 100 22 förklara,
321 1101 32 19 att
366 1099 36 27 jag
425 1098 21 22 af
459 1099 84 22 fullaste
558 1099 137 27 öfvertygelse
711 1100 99 21 omfattar
825 1101 157 20 reservationen

164 1127 48 21 med
228 1128 35 20 det
279 1127 44 22 lilla
338 1127 79 28 tillägg,
433 1129 32 20 att
480 1127 59 22 äfven
558 1128 37 26 jag
609 1127 39 22 har
663 1129 68 26 någon
747 1129 118 21 kännedom
882 1135 40 18 om,
930 1128 52 22 hvil-

163 1155 41 22 ken
220 1155 79 22 verkan
315 1156 40 21 den
377 1155 152 27 gästgifvarene
547 1155 74 22 hittills
637 1157 104 26 medgifna
756 1157 128 26 rättigheten
900 1159 32 20 att
947 1157 35 21 be-

164 1184 57 26 tjena
236 1184 89 21 resande
341 1184 48 20 med
403 1183 21 21 öl
439 1184 38 20 har
495 1184 50 21 haft.
576 1185 75 25 Någon
666 1185 61 25 gång,
743 1186 68 20 såsom
828 1185 38 21 här
881 1185 101 27 upplysts,

163 1212 40 21 har
218 1212 80 21 kanske
313 1212 106 21 missbruk
434 1212 7 20 i
456 1213 68 20 större
539 1212 60 22 skala
613 1214 36 25 egt
663 1218 52 18 rum,
726 1218 48 16 men
785 1213 36 21 det
833 1215 23 19 är
866 1213 46 21 icke
924 1213 59 27 fråga

164 1246 35 16 om
214 1240 145 26 allmogemän,
376 1246 45 15 som
436 1240 48 26 vilja
499 1240 118 22 missbruka
631 1240 151 27 gästgifvarens
797 1240 123 28 gifmildhet,
931 1243 52 20 utan

164 1269 38 20 här
224 1270 24 20 är
268 1268 60 27 fråga
343 1274 34 16 om
393 1268 95 27 resande,
503 1269 94 21 hörande
613 1269 31 21 till
659 1269 80 26 ganska
755 1269 56 21 olika
826 1270 155 21 samhällsklas-

164 1302 34 16 ser
213 1297 38 20 och
268 1297 109 21 deribland
391 1302 107 21 personer,
507 1297 70 22 hvilka
593 1299 36 19 äro
645 1299 93 25 tvungna
749 1300 31 19 att
795 1299 12 20 å
823 1298 101 26 tjenstens
935 1300 47 25 väg-

164 1331 39 14 var
224 1324 64 21 hinna
308 1325 53 20 fram
381 1327 31 17 ett
427 1325 51 20 visst
493 1326 117 25 vägstycke,
627 1326 39 19 och
683 1326 35 19 det
733 1326 42 20 kan
789 1326 71 20 hända
875 1328 31 18 att
921 1332 61 14 resan

163 1351 96 22 inträffar
274 1352 67 21 under
355 1352 151 26 förhållanden,
516 1353 37 21 der
568 1352 121 22 menniskan
709 1355 51 19 utan
775 1354 69 25 någon
860 1353 56 27 slags
930 1360 52 20 upp-

163 1380 107 21 friskande
286 1380 64 27 dryck
365 1380 39 21 har
418 1380 58 21 svårt
491 1382 31 19 att
539 1380 89 22 uthärda
643 1386 72 16 resans
730 1381 154 27 besvärligher;
894 1381 45 27 och,
948 1387 34 16 om

164 1408 66 26 äfven,
254 1409 69 21 såsom
339 1414 25 15 en
389 1408 125 27 föregående
537 1409 51 22 ärad
603 1409 67 22 talare
685 1410 116 25 anmärkte,
818 1416 25 15 en
859 1410 39 21 och
914 1416 68 16 annan

163 1437 89 23 resande
275 1436 48 22 ville
346 1437 71 27 åtnöja
432 1437 31 27 sig
478 1438 47 21 med
541 1440 77 24 vatten,
635 1438 22 21 så
673 1438 94 22 inträffar
783 1438 35 22 det
834 1439 83 27 mycket
932 1438 50 28 ofta,

164 1468 31 20 att
204 1466 36 22 det
252 1468 78 23 vatten,
345 1472 46 15 som
405 1466 45 22 står
465 1466 32 21 till
512 1466 60 27 buds,
588 1466 45 22 icke
649 1468 24 20 är
687 1467 113 22 drickbart.
830 1468 48 21 Kan
894 1468 40 21 den
949 1474 33 15 re-

164 1495 65 22 sande
252 1495 95 21 deremot
368 1495 21 21 få
412 1494 31 27 sig
466 1496 31 20 ett
511 1495 45 26 glas
572 1495 27 27 öl,
615 1495 24 22 så
653 1495 41 22 kan
709 1495 42 22 han
768 1502 50 16 vara
832 1497 62 21 säker
908 1497 27 26 på
950 1498 32 20 att
