1084 1786
341 147 24 17 R.
378 151 17 12 o.
407 147 23 17 A.
441 147 54 18 1891.
518 148 25 17 22
555 147 47 22 Maj.
799 141 54 22 1269

132 226 24 27 88
172 227 26 20 63
215 225 39 23 och
270 227 27 20 73
312 226 122 22 föranledde
450 227 46 21 icke
511 226 32 21 till
565 228 68 25 någon
656 227 75 26 åtgärd
753 227 46 21 från
821 227 25 20 R.
862 233 19 15 o.

64 254 36 21 A:s
114 254 52 21 sida.

132 310 11 27 8
160 311 26 20 74
202 310 121 26 godkändes
338 310 66 27 enligt
418 310 116 22 utskottets
548 310 84 27 förslag.

131 366 42 22 Vid
188 366 154 28 behandlingen
358 367 22 21 af
392 366 101 28 förslaget
508 366 32 23 till
560 366 122 29 förordning
704 374 34 15 om
761 366 121 28 försäljning

67 402 27 14 m.
109 402 28 15 m.
153 394 22 22 af
188 394 87 23 bränvin
292 395 38 21 och
343 396 85 21 dermed
444 395 106 23 likställda
565 396 142 28 spritdrycker
722 395 121 28 godkändes
859 395 24 28 $$

66 424 54 22 3—7
136 423 66 28 enligt
216 424 114 22 utskottets
345 424 297 28 sammanjemkningsförslag.

130 481 65 22 Mom.
212 482 19 26 3,
247 483 13 20 4
276 482 39 21 och
331 482 12 21 5
360 482 21 22 af
395 483 11 25 $
422 482 12 22 9
450 482 69 22 beslöt
533 482 24 22 R.
575 488 19 16 o.
609 482 32 26 A.,
657 483 28 26 pä
698 482 77 27 förslag
791 482 22 22 af
825 482 56 21 Frih.

62 510 198 27 Langenskiöld
276 510 39 22 och
333 510 32 22 Hr
380 511 23 21 L.
419 510 141 28 Mechelin,
576 510 69 22 lemna
661 511 112 26 beroende,
789 510 32 22 till
836 510 47 22 dess

64 538 11 28 8
101 540 26 20 10
152 538 68 22 blifvit
244 538 125 23 behandlad.

131 596 41 21 Vid
188 595 52 22 härä
255 596 67 21 skedd
338 595 148 28 föredragning
501 596 22 21 af
536 596 13 28 &
566 597 26 21 10
607 596 71 21 anhöll

131 652 35 22 Hr
180 653 128 21 Norrmén
327 659 34 15 om
377 653 61 21 ordet
454 653 38 21 och
508 654 95 26 yttrade:
629 653 43 21 För
687 654 43 20 min
745 654 34 20 del
794 653 89 21 föreslår

63 682 37 26 jag
114 684 33 19 att
161 682 25 21 R.
202 688 20 14 o.
238 682 25 20 A.
279 682 67 21 måtte
361 681 101 21 vidblifva
477 682 37 21 sitt
528 682 59 21 förut
601 682 7 22 i
623 682 66 21 saken
710 682 81 21 fattade
807 682 76 21 beslut.

64 710 110 22 Utskottet
189 710 40 21 har
244 710 116 22 behandlat
374 710 69 21 denna
458 710 61 27 fräga
533 710 70 22 säsom
619 716 26 15 en
667 710 135 22 matematisk
824 710 60 27 fräga

64 739 40 21 och
119 740 49 20 sökt
190 739 68 21 utleta
281 740 31 20 ett
334 739 144 21 matematiskt
502 739 100 21 medeltal
625 738 33 22 för
681 739 104 21 Ständens
807 739 75 21 beslut.

64 768 40 26 Jag
119 773 63 16 anser
197 769 33 19 att
245 768 105 21 utskottet
365 767 74 21 härvid
454 768 89 21 handlat
557 767 129 27 fullkomligt
709 768 92 26 oriktigt.
832 768 52 20 Frä-

64 802 42 21 gan
121 798 24 18 är
160 796 46 22 icke
221 795 65 27 nägot
301 796 145 21 matematiskt
460 796 101 26 exempel.
592 796 75 26 Nägon
682 796 47 20 fara
743 796 34 21 för
793 797 32 20 att
840 796 44 21 för-

64 824 205 27 fattningsförslaget
284 824 68 22 skulle
367 824 91 26 förfalla,
481 831 33 15 om
530 825 25 21 R.
571 831 18 15 o.
605 826 26 20 A.
646 824 47 22 icke
717 824 68 22 skulle
807 826 78 25 antaga

64 852 322 28 sammanjemkningsförslaget,
402 858 62 16 anser
485 853 35 26 jag
543 853 46 21 icke
611 852 119 22 förefinnas.
761 853 74 20 Denna
850 853 35 26 lag

64 881 118 21 innehäller
198 881 24 21 sä
236 883 59 20 stora
310 880 118 27 eftergifter
450 881 34 20 för
506 881 276 26 nykterhetssträivandena
803 883 33 18 att
859 881 26 20 de

65 909 73 24 Ständ,
154 915 45 16 som
214 909 95 27 godkänt
324 909 245 26 utskottsbetänkandet,
585 910 7 20 i
607 909 100 22 händelse
731 909 26 22 de
779 909 106 26 allvarligt

65 938 50 27 vilja
130 939 73 25 lagens
218 938 119 26 antagande
352 938 7 21 i
376 937 70 27 öfrigt,
462 938 66 21 borde
543 939 7 20 i
565 938 69 21 denna
649 937 61 27 fräga
725 938 73 21 kunna
812 937 74 22 förena

66 968 31 25 sig
112 966 48 21 med
176 966 24 21 R.
217 973 18 14 o.
251 967 37 20 A:s
302 966 76 21 beslut.
407 966 169 21 Vidkommande
591 967 34 20 för
648 965 64 28 öfrigt
735 967 68 20 denna
825 966 60 27 fräga

66 995 24 21 sä
104 995 38 21 ber
155 994 37 27 jag
206 997 32 19 att
253 995 21 21 fä
289 995 113 21 framhälla
416 997 33 18 att
464 995 66 27 enligt
545 995 43 21 min
599 995 135 26 uppfattning
745 995 89 21 innebär
845 995 41 20 den

66 1024 67 27 afgift,
149 1029 45 16 som
210 1024 39 20 här
264 1025 24 19 är
302 1023 118 27 föreslagen
444 1025 32 19 att
498 1023 85 22 tillfalla
605 1023 280 27 kommunikationsfonden,

66 1059 27 14 en
108 1053 64 20 skatt.
202 1053 42 20 Det
260 1054 24 19 är
299 1052 133 25 obestridligt
447 1053 33 20 att
495 1053 41 21 den
551 1054 62 25 utgör
636 1059 26 14 en
684 1052 64 26 skatt,
772 1059 25 14 en
820 1052 65 26 skatt,

67 1087 45 16 som
127 1081 56 26 lagts
191 1081 28 26 pä
231 1081 173 26 utminuterings-
414 1080 39 21 och
464 1081 251 26 utskänkningsbolagen,
728 1081 40 20 och
779 1081 27 21 dä
817 1080 70 22 denna

67 1110 59 21 skatt
140 1109 64 22 beror
219 1109 23 21 af
256 1109 129 22 Ständernas
401 1109 77 24 beslut,
493 1110 24 21 sä
530 1112 24 19 är
569 1109 42 21 den
625 1109 44 21 lika
685 1109 105 26 sjelffallet
809 1115 26 16 en
850 1109 37 21 be-

67 1139 93 26 villning.
190 1138 46 21 Här
250 1137 114 27 föreligger
378 1137 89 22 sälunda
482 1145 26 14 en
530 1138 191 27 bevillningsfräga,
745 1144 34 15 om
802 1137 84 22 hvilken

66 1167 43 20 alla
124 1167 46 26 fyra
186 1166 94 22 Ständen
295 1166 53 21 böra
363 1165 73 22 förena
456 1166 32 26 sig
508 1167 33 20 för
563 1168 32 19 att
618 1166 40 21 den
681 1166 53 21 skall
756 1166 65 22 blifva
843 1166 43 26 gäl-

67 1195 69 26 lande,
152 1201 50 15 men
218 1195 26 21 dä
259 1194 161 26 ifrägavarande
436 1194 114 28 bevillning
565 1194 46 21 icke
627 1196 23 19 är
665 1194 23 21 af
701 1194 100 22 behofvet
813 1194 73 27 päkal-

67 1223 36 21 lad
118 1223 33 21 för
166 1223 180 27 statsutgifternas
361 1222 99 27 fyllande,
476 1223 22 21 sä
513 1230 62 14 anser
588 1223 37 27 jag
641 1223 40 21 den
703 1223 184 27 omständigheten

68 1254 32 19 att
116 1252 100 26 möjligen
231 1252 47 26 fyra
293 1251 78 21 Ständs
387 1252 70 20 beslut
472 1252 46 20 icke
533 1252 70 20 skulle
619 1251 62 21 ernäs
696 1251 46 21 icke
757 1252 53 20 böra
825 1251 63 21 hafva

68 1280 33 21 till
116 1280 80 27 påföljd
212 1282 32 19 att
259 1280 35 21 det
310 1280 189 26 behandlingssätt,
516 1286 45 15 som
583 1282 24 19 är
631 1279 114 27 föreslaget
768 1280 7 20 i
797 1280 11 27 &
832 1281 25 20 72
881 1280 6 20 i

68 1309 23 21 L.
109 1309 32 25 O,,
156 1308 68 22 skulle
240 1309 113 26 tillämpas,
369 1309 52 19 utan
437 1309 32 20 att
484 1309 67 21 under
566 1308 75 22 sådant
665 1308 132 21 förhållande
813 1308 75 27 frågan

68 1337 40 21 bör
122 1337 92 21 förfalla.
244 1338 40 26 Jag
298 1337 37 21 vill
351 1336 70 21 derför
436 1336 77 22 föreslä
534 1339 33 19 att
582 1338 24 20 R.
623 1342 18 16 o.
657 1337 26 21 A.
699 1337 67 21 mätte
786 1337 102 21 vidblifva

69 1366 37 21 sitt
120 1366 58 21 förra
193 1365 75 21 beslut.

137 1423 57 20 Frih.
210 1423 25 19 R.
251 1423 25 20 A.
292 1422 109 21 Wrede:
417 1423 41 24 Jag
473 1422 37 20 ber
525 1423 7 20 i
548 1423 89 20 motsats
653 1422 32 20 till
701 1422 40 21 den
756 1422 53 20 sista
823 1422 64 20 ärade

69 1450 83 21 talaren
167 1452 32 19 att
214 1450 22 20 få
250 1449 88 22 förorda
353 1449 59 21 bifall
432 1450 33 20 till
480 1449 223 22 Ekonomiutskottets
726 1449 163 26 sammanjemk-

68 1478 143 27 ningsförslag
228 1478 8 20 i
256 1478 68 21 denna
346 1478 74 26 punkt.
450 1478 45 21 Den
519 1478 83 26 uppgift
617 1477 212 22 Ekonomiutskottet
851 1477 40 21 har

72 1506 52 27 haft,
139 1508 33 20 att
187 1506 166 28 sammanjemka
368 1506 104 22 Ständens
488 1506 122 27 skiljaktiga
632 1506 71 21 beslut
724 1506 7 21 i
752 1506 49 21 hela
823 1506 68 22 denna

69 1536 62 27 fräga
146 1536 40 21 och
201 1535 100 23 särskildt
316 1535 64 23 ocksä
402 1535 130 22 beträffande
556 1536 69 20 denna
648 1534 105 28 paragraf,
776 1534 39 22 har
837 1535 54 21 varit
