1086 1792
357 144 25 18 R.
394 148 18 13 0.
424 145 22 17 A.
459 144 57 18 1891.
539 144 24 18 19
574 145 49 22 Maj.
815 141 53 21 1175

455 226 15 24 $
485 226 34 20 10.

146 304 173 25 Riddarhusets
337 305 177 32 brandredskap
533 306 41 23 bör
591 305 161 25 Kamreraren
767 306 41 23 väl
821 306 75 24 vårda

79 340 63 23 samt
167 338 66 25 tillse
260 341 36 22 att
313 339 139 24 densamma
470 340 78 24 städse
566 339 105 25 befinnes
689 340 10 23 i
717 340 55 32 godt
790 340 44 24 och
852 348 43 16 an-

79 373 118 25 vändbart
223 373 81 31 skick;
331 373 129 33 äliggande
486 374 85 24 honom
599 376 35 22 att
651 374 73 24 ställa
742 374 39 32 sig
799 374 96 24 stadens

79 408 111 32 gällande
216 408 178 32 hbrandordning
420 408 42 24 och
490 408 75 24 andra
581 408 10 24 i
609 408 64 24 detta
691 408 108 25 afseende
816 408 79 32 möjli-

79 450 46 24 gen
143 442 69 32 gifna
229 441 149 25 föreskrifter
395 442 39 24 till
452 442 161 25 efterrättelse.

458 562 15 26 $
485 562 29 26 11.

147 642 43 24 Uti
216 642 27 24 de
270 642 71 31 delar,
366 642 71 24 hvari
463 642 173 24 Kamrerarens
663 642 165 32 skyldigheter
852 642 43 23 och

80 676 145 33 äligganden
251 676 53 24 icke
331 679 39 21 äro
392 684 83 24 genom
493 676 181 25 Instruktionen
692 676 36 24 för
745 675 149 25 Riddarhus-

80 711 148 24 direktionen
253 711 58 24 eller
337 711 10 24 i
372 711 69 24 dessa
468 711 147 32 stadganden
640 713 110 22 närmare
768 710 128 30 bestämda,

80 745 106 32 iakttage
212 746 50 23 han
288 746 27 23 de
342 745 121 25 särskilda
489 745 154 31 föreskrifter,
665 745 87 24 hvilka
769 744 85 24 kunna
871 744 25 24 af

77 780 156 24 Direktionen
250 780 59 24 eller
326 780 52 24 dess
398 780 145 24 Ordförande
561 780 86 24 honom
665 779 124 24 meddelas.

147 1019 47 25 Till
213 1020 45 24 sist
277 1019 37 24 får
331 1019 121 24 Utskottet
470 1020 122 23 vördsamt
609 1018 127 31 tillstyrka
748 1020 35 23 att
794 1017 100 25 Ridder-

79 1054 86 32 skapet
186 1055 44 23 och
246 1054 78 24 Adeln
342 1054 59 24 ville
418 1054 106 24 meddela
541 1054 45 24 den
604 1053 123 32 afgångna
744 1052 150 25 Riddarhus-

80 1089 146 24 direktionen
245 1088 144 32 fullständig
409 1089 177 23 ansvarsfrihet
603 1088 37 23 för
657 1087 196 24 handhafvandet
871 1086 25 24 af

80 1124 27 23 de
133 1123 151 32 åligganden,
310 1130 50 17 som
386 1124 15 22 å
421 1123 137 24 densamma
576 1121 138 31 ankommit,
732 1123 62 22 samt
812 1121 84 24 skrida

79 1157 40 24 till
137 1157 41 24 val
197 1157 25 24 af
239 1157 127 24 ledamöter
386 1157 44 24 och
448 1157 153 32 suppleanter
618 1156 9 23 i
644 1155 250 25 Riddarhusdirektio-

80 1199 47 17 nen
144 1192 37 23 för
198 1192 65 23 tiden
280 1191 40 25 till
337 1193 71 22 nästa
425 1191 120 32 landtdag.

147 1277 155 32 Helsingfors
323 1277 44 24 den
387 1277 29 24 11
436 1277 49 32 Maj
507 1277 72 24 1891.

284 1368 36 23 På
337 1367 264 24 Riddarhusutskottets
619 1368 100 30 vägnar:

370 1434 78 23 Robert
462 1433 151 29 Montgomery.
