1098 1784
89 717 38 21 IL.

209 152 54 19 1142
464 156 24 16 R.
502 160 16 13 o.
530 156 23 16 A.
566 156 53 17 1891.
631 156 22 16 19
666 156 47 20 Maj.

179 235 130 30 läktarene,
335 235 10 23 i
371 235 111 31 förening
508 236 52 22 med
586 235 206 24 undanskaffande
816 235 25 23 af
858 235 140 24 skärmen
981 231 21 40 i

180 270 189 29 kanslirummet,
386 271 59 21 utan
463 269 96 32 verklig
577 270 125 30 olägenhet
718 270 80 23 kunde
817 277 43 24 ega
877 277 59 17 rum.

248 406 189 24 Vidkommande
456 407 26 23 de
500 407 24 23 af
536 406 156 24 Direktionen
706 406 117 32 vidtagna
835 406 164 32 anordningar

177 440 37 24 för
233 440 90 24 vården
342 442 43 23 och
404 441 151 24 underhållet
573 441 25 24 af
616 441 44 23 den
678 441 100 23 framför
790 435 206 38 riddarhusbygg-

178 475 77 24 naden
273 475 101 32 belägna
392 478 103 29 sgvären
513 477 62 22 samt
594 475 175 32 anhbringandet
787 475 119 24 derstädes
924 475 26 24 af
967 483 30 16 en

177 509 89 30 fontän,
284 509 101 25 hvarom
402 510 9 23 i
430 510 68 23 2:dra
516 509 107 32 punkten
641 509 117 25 meddelas
771 512 110 21 närmare
894 509 104 32 uppgift,

177 543 50 24 kan.
253 543 128 32 Utskottet,
408 551 51 17 som
476 544 79 23 finner
573 544 69 24 dessa
659 544 162 31 tillgöranden
839 544 75 23 hafva
930 545 67 23 varit

178 577 153 25 välbetänkta
355 581 62 21 samt
440 578 36 23 för
502 578 220 24 riddarhuskassan
740 578 165 31 fördelaktiga,
926 578 72 31 jemte

177 611 38 24 det
238 611 27 24 de
282 613 31 30 på
331 615 32 21 ett
381 613 202 31 ändamålsenligt
605 614 48 22 sätt
669 612 146 31 tillgodosett
832 614 32 22 ett
882 613 36 22 för
936 612 59 28 Rid-

177 645 113 24 darhuset
314 647 44 23 och
376 647 82 23 staden
476 649 147 28 gemensamt
641 647 108 30 intresse,
768 647 83 23 endast
869 646 127 31 tillstyrka

177 681 34 22 att
229 679 172 33 Ridderskapet
420 680 42 24 och
479 680 76 23 Adeln
575 681 59 23 ville
653 681 127 30 godkänna
800 681 126 23 desamma.

244 713 68 25 Emot
333 715 169 23 Direktionens
520 715 8 22 i
548 715 62 30 3:dje
628 715 107 31 punkten
754 715 141 23 omnämnda
914 716 80 29 åtgär-

176 747 40 24 der
239 749 99 23 rörande
359 748 186 33 renhållningen
563 757 30 15 m.
610 757 30 16 m.
659 751 63 22 samt
738 749 193 23 vaktmästarens
950 749 45 24 och

175 781 120 32 drängens
322 783 107 31 aflöning
454 783 46 23 har
526 783 123 24 Utskottet
674 783 41 23 väl
733 783 60 23 intet
812 785 34 21 att
863 783 129 31 påminna;

175 823 54 16 men
251 816 39 23 till
313 816 58 31 följd
389 817 25 23 af
431 817 53 23 från
508 817 171 24 vederbörande
698 817 238 31 sundhetsinspektör
954 817 40 24 till

174 849 122 25 Utskottet
321 851 137 24 inkommen
486 851 127 24 skrifvelse
637 851 25 24 af
679 851 45 24 den
743 851 32 24 14
793 851 110 24 sistlidne
921 851 72 32 April

175 885 121 31 angående
323 885 118 33 drängens
470 885 80 25 bostad
576 886 45 24 har
639 885 123 25 Utskottet
779 885 65 25 varit
861 885 133 25 nödsakadt

175 920 62 22 sätta
263 919 74 24 denne
363 920 10 23 i
399 920 97 24 tillfälle
515 922 35 22 att
568 920 117 24 förskaffa
702 920 39 32 sig
759 928 29 16 en
806 920 9 23 i
833 920 104 24 sanitärt
955 920 37 24 af-

175 953 83 24 seende
275 953 144 33 lämpligare
437 954 89 32 boning
544 955 43 23 och
605 954 63 31 förty
686 954 100 31 beviljat
803 954 86 24 honom
907 954 85 31 hyres-

173 987 75 24 medel
267 988 24 22 af
308 988 118 32 tjugufem
446 988 70 24 mark
534 988 8 24 i
561 989 116 23 månaden
696 990 62 22 samt
776 988 119 24 dessutom
913 990 80 22 såsom

173 1022 84 31 bidrag
275 1022 36 23 för
328 1022 95 32 uppköp
442 1023 25 23 af
485 1023 43 24 ved
546 1023 89 30 fyratio
653 1023 70 23 mark
741 1022 35 24 för
794 1024 33 22 år.

240 1055 51 24 Vid
308 1056 27 24 de
352 1056 10 23 i
380 1056 54 24 4:de
452 1057 106 31 punkten
577 1057 165 31 specificerade
755 1057 106 30 hyrorna
874 1056 36 24 för
923 1056 9 24 i
941 1056 50 24 rid-

173 1089 112 25 darhuset
308 1090 117 32 upplåtna
443 1091 91 24 lokaler
553 1094 26 20 är
597 1091 52 24 icke
666 1092 74 30 något
757 1091 83 23 vidare
858 1093 34 21 att
910 1091 82 23 erinra

173 1126 31 21 än
231 1126 35 21 att
292 1126 80 30 någon
398 1125 92 24 mindre
516 1126 148 31 godtgörelse
684 1125 37 23 för
739 1126 27 23 de
784 1125 74 23 under
875 1125 117 31 landtdag

172 1158 38 23 till
239 1158 204 32 stenografkansli
470 1160 117 31 upplätna
613 1168 54 15 rum
687 1159 145 31 visserligen
850 1161 27 21 är
895 1161 35 21 att
948 1160 42 30 pä-

171 1192 84 30 räkna,
271 1200 55 16 men
345 1194 35 22 att
398 1194 13 22 å
430 1194 74 23 andra
523 1194 69 24 sidan
610 1201 85 25 genom
704 1193 202 35 bortflyttning
878 1188 26 44 af
918 1192 73 25 Stän-

172 1226 136 24 derarkivet
325 1226 135 25 inkomsten
478 1228 105 23 kommer
602 1230 35 22 att
654 1229 72 31 nägot
744 1227 83 32 nedgä.
865 1228 127 24 Äfvenför

171 1260 39 23 sin
229 1260 37 23 del
283 1260 78 24 finner
379 1260 127 32 Utskottet,
525 1264 34 21 att
577 1262 37 23 det
631 1269 44 16 ena
694 1261 30 30 af
739 1261 114 24 mellersta
871 1262 120 23 läktarens

170 1293 111 30 sidorum,
310 1296 15 21 t.
353 1302 35 16 ex.
416 1295 36 23 det
477 1297 71 26 östra,
572 1295 76 31 jämte
669 1295 101 28 tambur,
789 1296 76 23 kunde
882 1295 108 30 uthyras,

170 1326 105 31 såframt
301 1328 120 29 hyresgäst
443 1329 108 22 anmäler
567 1330 43 28 sig,
628 1336 49 16 som
694 1335 82 24 genom
792 1330 38 22 sin
845 1336 86 23 person
950 1330 41 21 och

170 1359 55 24 sina
242 1359 166 30 förhållanden
426 1361 109 30 erbjuder
553 1362 138 30 erforderlig
709 1362 105 31 trygghet
831 1364 46 21 mot
887 1361 100 30 eldfara.

238 1393 52 25 Den
308 1394 9 23 i
336 1395 47 24 6:te
401 1395 108 32 punkten
528 1396 153 24 omförmälda
699 1397 123 32 upplagån
834 1397 25 24 af
870 1397 120 24 Finlands

170 1427 149 34 Ridderskap
339 1430 44 23 och
400 1430 74 24 Adels
492 1431 124 31 vapenbok
635 1439 71 16 anser
723 1431 123 25 Utskottet
863 1439 43 24 ega
922 1439 67 23 myc-

169 1462 47 24 ken
234 1463 111 32 förtjenst
363 1464 44 23 och
424 1464 42 24 väl
483 1467 122 22 motsvara
623 1466 37 24 det
679 1465 50 25 med
742 1466 136 24 densamma
891 1466 99 24 afsedda

169 1497 123 32 ändamål;
311 1505 54 17 men
384 1506 50 17 som
451 1501 77 30 några
545 1500 33 24 fel
596 1498 9 25 i
622 1499 145 34 teckningar
784 1501 44 24 och
845 1504 51 21 text
912 1501 78 32 enligt

169 1539 84 17 senare
271 1540 84 17 vunna
372 1533 179 33 upplysningar
569 1538 87 28 yppats
675 1535 42 24 och
735 1535 79 24 fordra
830 1535 160 32 afhjelpande,
