1103 1781
220 142 53 20 1046
466 146 24 16 R.
503 150 18 12 o.
534 146 22 16 A.
569 145 56 17 1891.
649 145 23 17 15
684 145 49 21 Maj.

190 225 104 26 manhang
301 224 88 22 härmed
397 224 38 22 ber
439 224 36 27 jag
483 224 61 21 äfven
555 226 31 20 att
593 224 21 21 fä
622 223 110 22 hemställa
741 229 34 15 om
783 225 32 19 att
821 223 24 21 R.
855 229 18 15 o.
882 223 26 21 A.
916 222 48 22 ville
971 222 37 22 be-

190 253 55 21 sluta
260 255 32 19 att
307 253 90 21 anmoda
412 252 104 22 utskottet
531 255 32 19 att
575 252 106 21 inkomma
695 252 49 21 med
758 251 78 27 förslag
847 257 33 15 om
888 253 32 19 att
931 251 39 21 den
980 258 28 14 nu

190 281 96 27 gällande
295 281 149 27 författningen
453 280 129 22 fortfarande
592 280 67 22 blefve
671 280 103 26 gällande,
791 280 70 21 derest
875 280 36 21 det
925 279 83 27 förelig-

190 310 67 26 gande
279 310 100 26 förslaget
394 309 22 22 af
429 316 25 15 en
470 309 51 22 eller
535 316 70 14 annan
619 308 112 28 anledning
746 308 45 22 icke
806 308 75 22 blifver
895 308 113 22 faststäldt.

257 366 32 22 Hr
304 366 24 21 A.
344 366 24 22 F.
385 366 141 22 Granfelt:
547 366 40 26 Jag
602 366 39 21 har
655 365 88 21 anhällit
757 371 35 15 om
807 365 61 21 ordet
879 364 129 22 beträffande

190 395 32 21 Hr
235 394 86 22 Antells
335 394 78 26 förslag
433 394 38 22 och
486 394 94 21 biträder
595 394 36 21 det
645 393 7 21 i
667 394 39 21 den
722 393 40 27 del,
777 400 46 14 som
838 393 55 22 afser
901 395 32 19 att
941 393 68 21 denna

190 423 122 27 förordning
332 423 47 21 icke
400 423 35 21 mä
449 422 126 22 bestämmas
590 424 33 19 att
636 422 56 26 gälla
707 422 76 21 endast
797 422 67 20 under
879 428 25 15 en
920 421 88 27 begrän-

190 451 38 21 sad
249 451 37 21 tid.
316 452 43 20 Det
381 451 65 21 andra
463 450 96 27 tillägget
573 450 74 28 tycker
659 450 36 26 jag
710 452 24 20 är
748 449 33 22 för
795 450 62 26 tidigt
870 450 67 21 väckt.
969 450 39 21 Om

190 479 201 27 sammanjemkning
407 479 17 27 ej
440 479 31 22 fäs
486 479 33 21 till
534 479 68 25 ständ,
617 478 42 22 kan
674 478 37 22 det
726 478 53 22 först
789 478 63 21 blifva
862 478 59 27 fräga
929 478 80 21 derom.

258 536 32 22 Hr
312 536 25 21 A.
359 536 24 21 A.
403 536 142 22 Granfelt:
574 536 34 21 Dä
627 535 37 27 jag
686 535 54 21 hade
755 535 108 21 förmänen
879 536 31 20 att
926 535 82 27 deltaga

190 564 31 22 uti
236 564 40 22 den
288 564 91 22 komites
393 564 92 24 arbeten,
505 570 45 15 som
566 564 54 21 hade
635 564 31 26 sig
680 563 103 27 förelagdt
798 566 32 18 att
837 563 111 22 förbereda
955 564 53 21 före-

190 593 97 27 liggande
309 592 48 22 näd.
373 599 66 20 prop.,
457 592 99 22 förenade
568 593 37 26 jag
620 592 42 26 mig
676 592 48 21 med
739 592 54 25 dem,
808 598 45 15 som
869 592 93 21 önskade
976 594 32 19 att

190 621 61 27 lagen
266 621 68 21 skulle
349 623 86 24 antagas
450 621 75 21 liksom
540 620 57 22 förut
611 621 27 26 pä
653 620 95 22 bestämd
763 620 38 24 tid,
817 626 47 15 men
872 620 36 27 jag
916 620 36 21 vill
962 620 46 22 icke

190 656 28 14 nu
241 650 70 21 vidare
334 649 91 21 vidhälla
445 650 68 20 denna
527 649 134 27 ständpunkt.
689 648 41 27 Jag
745 648 113 27 medgifver
873 651 31 19 att
919 648 35 22 det
967 649 41 21 kan

190 677 65 27 gifvas
276 677 184 27 omständigheter,
478 684 45 14 som
541 679 51 25 göra
607 677 36 21 det
658 676 91 27 önskligt
763 678 32 20 att
810 683 27 14 nu
853 676 79 22 erhälla
941 683 25 15 en
974 677 34 26 lag

189 706 7 20 i
212 708 70 19 ämnet
297 706 28 26 pä
339 705 110 21 obestämd
461 706 37 26 tid,
513 711 48 15 men
576 705 55 21 hvad
645 706 47 20 åter
706 704 100 22 beträffar
819 705 35 21 det
867 704 83 27 förslag,
962 711 46 15 som

190 734 22 21 af
225 734 32 21 Hr
271 734 72 21 Antell
360 733 122 22 framställts
498 735 31 19 att
544 733 89 22 Ständet
647 732 67 22 skulle
732 732 53 22 fatta
800 735 31 19 ett
845 732 69 22 beslut
929 734 79 25 derom,

190 764 31 20 att
237 768 34 15 om
285 762 201 26 sammanjemkning
500 762 45 21 icke
557 762 42 21 kan
613 761 32 22 fäs
660 761 32 21 till
706 761 69 27 ständ,
791 768 25 14 en
831 761 99 22 anhällan
940 762 68 21 skulle

190 793 61 24 göras
266 792 32 20 att
312 790 75 22 hittills
404 790 97 26 gällande
516 790 34 26 lag
567 790 129 21 fortfarande
711 790 34 21 mä
759 790 122 26 bibehällas,
898 796 62 15 anser
972 790 36 27 jag

191 821 31 19 att
237 819 100 25 förslaget
351 818 46 22 icke
412 818 54 22 blott
481 821 24 18 är
519 818 32 21 för
566 818 62 26 tidigt
642 818 67 26 väckt,
726 819 50 20 utan
791 820 33 19 att
838 820 31 20 ett
884 818 76 22 sädant
966 818 42 22 för-

190 848 45 26 slag
262 847 39 22 alls
330 847 47 21 icke
401 846 39 22 bör
465 847 84 21 väckas.
585 846 110 28 Förslaget
718 846 95 26 innebär,
840 846 27 22 dä
890 853 29 15 nu
943 847 65 21 redan

190 878 77 20 tvänne
288 876 77 22 Ständs
383 876 23 21 sä
428 876 51 26 godt
498 882 45 14 som
579 874 156 28 samstämmiga
756 875 71 21 beslut
845 875 6 21 i
866 875 74 27 frågan
954 875 54 22 före-

190 904 72 27 ligger,
283 907 32 18 ett
337 904 108 21 uttalande
467 905 27 25 pä
515 903 89 22 förhand
624 905 33 19 att
670 904 24 20 R.
711 910 19 14 o.
746 904 24 21 A.
785 904 47 21 icke
847 903 77 22 önskar
938 904 70 26 nägon

190 932 206 27 sammanjemkning,
419 933 37 20 och
479 934 30 19 ett
531 932 76 21 sädant
621 931 115 24 uttalande,
757 932 64 21 innan
840 938 37 15 ens
892 934 31 19 ett
937 932 71 21 försök

191 961 31 21 till
243 960 200 27 sammanjemkning
457 960 117 27 föreligger,
590 966 50 15 vore
654 960 46 21 icke
715 961 27 26 pä
757 960 32 21 sin
804 960 61 27 plats.
895 960 112 22 Dessutom

190 989 114 27 medgifver
326 989 23 21 L.
373 988 24 22 O.
414 989 63 21 ocksä
492 990 31 20 ett
540 990 65 20 annat
619 990 43 20 sätt
676 990 32 19 att
723 988 72 27 afgöra
810 989 71 24 saken,
897 991 31 19 ett
944 991 64 19 annat

190 1019 42 19 sätt
247 1019 32 19 att
293 1017 147 21 åstadkomma
453 1016 187 27 landtdagsbeslut.
667 1016 33 22 De
714 1016 77 27 frågor,
806 1017 87 21 hvarom
909 1017 25 21 de
950 1017 58 21 olika

191 1046 93 21 Ständen
303 1045 99 27 möjligen
424 1048 75 18 stanna
521 1045 6 21 i
543 1044 56 22 olika
614 1044 90 27 mening,
719 1045 72 21 kunna
806 1045 63 21 ocksä
883 1045 124 26 hänskjutas

190 1074 32 20 till
245 1074 101 21 förstärkt
366 1074 82 21 utskott
469 1074 38 20 och
530 1074 27 26 pä
573 1073 58 21 detta
646 1074 42 20 sätt
702 1073 42 21 kan
759 1075 31 20 ett
804 1073 69 22 beslut
888 1074 120 21 ästadkom-

191 1108 49 16 mas.
270 1102 43 22 Det
334 1102 69 21 kunde
422 1102 24 26 ju
467 1102 105 22 dessutom
587 1101 70 22 hända
678 1104 38 24 att,
732 1108 34 15 om
781 1102 64 22 ocksä
860 1104 31 20 ett
906 1102 52 22 eller
972 1103 35 21 tvä

191 1130 66 22 Stånd
271 1130 68 22 skulle
353 1130 73 22 förena
440 1130 31 27 sig
486 1137 33 15 om
535 1132 31 20 ett
581 1130 108 22 uttalande
704 1130 7 21 i
726 1130 53 28 syfte
787 1132 32 20 att
827 1130 75 22 hittills
910 1130 96 27 gällande

190 1159 130 27 lagstiftning
335 1158 105 22 eventuelt
455 1158 66 22 blefve
536 1158 103 28 gällande,
654 1159 24 21 sä
692 1158 71 22 kunna
777 1160 36 20 tvä
829 1159 66 22 Ständ
907 1160 100 20 motsätta

191 1188 31 26 sig
237 1188 58 21 detta
311 1187 39 21 och
364 1187 71 21 fordra
450 1187 101 22 förstärkt
565 1187 82 21 utskott
662 1187 40 21 och
711 1187 44 21 ifall
766 1189 30 19 ett
808 1188 152 26 samstämmigt
971 1188 37 20 be-

190 1216 42 21 slut
254 1216 73 21 härom
347 1216 46 21 icke
415 1216 66 21 skulle
503 1216 163 26 åstadkommas,
688 1215 67 22 blefve
777 1216 131 27 Regeringen
922 1216 85 21 ställd
996 1211 15 36 i

191 1244 97 21 dilemma
308 1246 32 19 att
362 1244 68 21 mästa
449 1244 65 21 tänka
532 1244 27 27 pä
574 1246 31 19 ett
615 1244 138 26 provisorium
768 1244 40 21 och
822 1244 67 22 under
903 1244 49 26 inga
967 1244 41 21 för-

190 1272 113 22 hällanden
325 1272 39 21 och
387 1272 98 22 särskildt
507 1272 46 22 icke
573 1272 67 21 under
662 1272 120 22 nuvarande
796 1272 144 22 förhållanden
955 1272 53 21 böra

191 1300 117 22 Ständerna
329 1300 81 22 riskera
432 1302 31 19 att
484 1300 61 22 ställa
567 1300 131 26 Regeringen
720 1300 6 21 i
749 1300 59 22 detta
826 1300 52 26 läge.
908 1300 43 22 För
967 1300 40 22 den

190 1328 55 21 skull
260 1330 130 24 protesterar
401 1328 37 26 jag
453 1330 44 18 mot
512 1328 36 21 det
562 1328 85 26 förslag,
662 1334 45 14 som
724 1328 7 20 i
746 1328 59 21 detta
820 1328 53 26 syfte
887 1328 22 21 af
922 1328 32 21 Hr
964 1328 43 21 An-

190 1355 37 21 tell
242 1355 67 21 blifvit
324 1355 68 21 väckt.

258 1412 31 22 Hr
304 1411 126 22 Lindelöf:
453 1412 47 21 Den
515 1414 82 19 senaste
612 1412 64 21 ärade
690 1411 81 22 talaren
782 1418 61 20 synes
851 1412 86 22 alldeles
945 1412 61 22 hafva

191 1440 134 22 missförstått
346 1440 36 22 det
404 1440 83 27 förslag,
510 1446 45 16 som
571 1440 114 22 framstälts
707 1440 22 22 af
742 1440 32 22 Hr
788 1440 78 22 Antell.
896 1440 110 28 Förslaget

190 1469 58 27 afsåg
269 1469 45 22 icke
336 1468 86 28 specielt
445 1469 35 21 det
500 1468 59 22 fallet
581 1468 38 22 och
635 1468 86 22 innebar
736 1469 17 27 ej
769 1470 70 26 någon
853 1469 153 27 framställning

190 1498 71 22 derom
284 1500 32 20 att
336 1498 64 26 något
417 1497 156 22 ständerbeslut
589 1497 130 23 beträftande
737 1497 142 28 föreliggande
893 1498 113 27 lagförslag

191 1527 46 21 icke
253 1526 68 22 skulle
335 1526 72 22 kunna
422 1526 161 22 åstadkommas.
613 1526 73 22 såvidt
698 1526 37 28 jag
749 1526 63 22 fattat
826 1526 106 28 förslaget,
947 1527 58 22 inne-
