1092 1789
208 153 55 21 1434
456 157 25 17 R.
493 162 18 12 o.
523 158 22 15 A.
558 158 53 16 1891.
633 157 26 17 26
671 157 48 20 Maj.

178 237 6 20 i
199 237 42 21 alla
257 236 63 26 delar,
337 236 65 27 enligt
415 236 200 27 protokollsutdrag,
631 235 56 21 hade
701 235 33 21 för
748 235 31 26 sig
787 236 76 20 tvänne
876 234 77 22 Ständs
961 234 36 21 be-

179 265 48 26 slut,
245 264 66 22 ehuru
325 265 36 26 jag
375 265 33 20 för
422 264 43 21 min
488 264 33 21 del
543 264 48 21 hela
605 264 57 21 tiden
678 264 125 21 understödt
818 263 39 20 den
873 263 48 21 näd.
936 269 59 20 prop.

178 293 82 22 Endast
276 295 9 19 1
303 299 63 15 mom.
382 293 7 20 i
406 293 39 21 112
461 293 12 27 &
488 292 55 22 hade
554 293 38 26 jag
606 291 102 28 tillstyrkt
722 292 48 21 böra
776 291 220 27 sammanjemknings-

178 322 30 21 vis
223 321 116 22 bibehällas
355 321 34 22 vid
405 321 46 22 dess
467 321 119 22 nuvarande
608 320 85 28 lydelse,
714 326 47 15 men
781 320 68 21 denna
864 319 133 28 uppfattning

177 350 85 22 delades
276 350 47 21 icke
338 349 22 22 af
374 350 109 21 utskottet.

245 418 32 21 Hr
292 419 24 20 A.
333 417 146 22 Mechelin:
496 418 43 21 För
553 417 43 22 min
611 417 33 22 del
659 417 35 21 vill
707 417 37 27 jag
760 417 63 21 ocksä
838 416 84 22 förorda
937 418 59 20 anta-

176 447 79 27 gandet
269 446 22 22 af
305 445 318 28 sammanjemkningsförslaget.
653 445 95 27 Såsom
732 440 15 38 $
762 446 39 20 112
817 451 29 15 nu
860 447 24 20 är
898 444 98 22 formule-

176 475 39 21 rad
237 481 61 21 synes
314 475 35 21 det
372 474 48 28 mig,
441 476 32 20 att
489 474 40 22 den
545 474 45 22 icke
606 474 86 22 innebär
707 475 69 25 någon
792 474 101 26 väsentlig
908 474 88 26 ändring

176 503 31 21 uti
222 509 29 15 nu
265 502 98 28 gällande
377 502 41 27 lag.
447 503 50 21 Icke
511 502 66 22 heller
592 503 41 21 kan
646 502 36 27 jag
696 502 71 26 undgä
782 504 32 19 att
828 502 56 22 fästa
899 502 96 21 afseende

176 531 34 21 vid
226 532 26 21 de
267 531 130 25 uttalanden,
413 538 46 15 som
474 531 56 21 inom
552 530 160 22 Bondeständet
730 530 97 27 afgifvits,
849 531 58 21 detta
922 530 73 27 Ständ,

176 560 80 21 hvilket
270 560 81 21 lemnar
366 560 40 20 den
421 561 77 20 största
511 559 125 27 kontingent
650 559 33 21 till
700 559 105 21 militären
819 558 7 22 i
841 558 78 27 landet,
935 559 60 21 hvar-

175 588 34 21 för
221 588 36 26 jag
273 588 37 21 ber
325 588 20 21 få
360 588 86 21 förorda
461 588 127 27 antagandet
603 587 22 22 af
638 587 318 27 sammanjenikningsförslaget.

243 656 32 22 Hr
298 662 49 16 von
363 656 202 22 Christierson:
596 655 235 23 Ofverensstämmelsen
847 655 88 23 emellan
950 655 44 27 gäl-

174 685 63 21 lande
252 685 34 26 lag
301 685 40 21 och
357 686 40 20 den
411 691 29 15 nu
455 684 118 27 föreslagna
587 684 143 27 redaktionen,
753 690 45 16 som
814 684 38 22 här
867 684 39 21 har
920 684 75 21 äbero-

174 716 54 25 pats,
250 714 42 20 kan
311 714 38 26 jag
363 713 46 22 icke
424 713 56 22 finna
495 714 131 27 synnerligen
641 715 51 23 stor,
708 713 27 22 dä
750 720 28 14 nu
793 712 32 22 till
840 712 154 22 straffbarhets-

174 742 94 22 vilkoren
282 742 7 21 i
305 743 12 26 $
334 742 40 21 112
389 742 7 21 i
410 742 25 21 V.
451 742 23 21 L.
490 742 59 27 fogas
563 742 123 27 ytterligare
707 742 35 22 det
758 741 72 26 vilkor,
845 742 32 20 att
892 748 48 14 man
955 741 38 21 bör

173 770 63 22 hafva
250 770 86 27 begifvit
351 770 31 27 sig
397 777 25 14 ur
436 770 73 22 landet
523 770 7 21 i
551 770 62 26 afsigt
632 772 32 20 att
678 770 138 26 undandraga
832 770 32 26 sig
878 769 115 28 värneplig-

172 801 47 19 tens
234 799 136 27 fullgörande.
393 799 50 21 Man
458 799 71 21 kunde
543 798 67 27 fråga:
626 798 55 22 huru
695 798 54 22 skall
765 798 35 22 det
814 799 27 26 gå
856 798 32 21 till
901 800 31 19 att
941 798 52 21 kon-

173 829 86 23 statera,
275 830 32 18 att
321 834 27 15 en
363 834 48 14 man
426 827 86 27 begifvit
527 827 31 27 sig
572 834 26 14 ur
612 827 72 21 landet
699 827 54 21 blott
768 826 32 22 för
815 829 32 19 att
856 827 137 27 undandraga

172 856 32 26 sig
219 856 160 27 värnepligten?
408 856 43 21 Det
473 858 23 19 är
511 856 127 21 ätminstone
653 856 61 26 högst
729 855 145 27 tvifvelaktigt,
890 855 103 22 huruvida

174 890 25 16 en
214 884 66 22 sädan
295 884 57 26 dälig
367 884 48 27 vilja
430 884 7 20 i
453 884 26 22 de
493 884 60 22 flesta
567 884 37 21 fall
618 884 55 22 skall
688 884 70 22 kunna
775 884 65 26 legalt
852 884 139 22 konstateras.

172 913 65 21 Detta
258 915 23 19 är
296 919 29 15 nu
345 912 36 22 det
395 912 74 27 vilkor,
485 919 45 15 som
545 913 89 21 kommit
650 912 37 26 till,
703 912 39 22 och
757 918 45 16 som
817 914 44 25 gör,
877 914 32 20 att
924 912 68 22 denna

173 941 117 27 affattning,
307 941 65 27 enligt
393 941 42 21 min
451 941 70 24 tanke,
539 941 41 21 blir
595 940 105 29 betydligt
714 943 68 20 sämre
798 943 26 19 än
840 940 13 28 &
871 942 39 20 112
925 942 7 20 i
947 941 45 26 gäl-

171 969 62 22 lande
255 970 40 27 lag.
325 970 42 27 Jag
388 969 67 22 skulle
478 976 50 15 anse
542 970 76 27 bättre,
634 972 32 19 att
680 969 311 28 sammanjemkningsförslaget

166 994 60 35 finge
241 998 90 50 jäis
353 998 39 22 och
415 1000 10 24 &
449 999 41 21 112
513 998 32 22 får
567 998 106 22 bibehålla
688 1000 40 20 den
743 998 79 27 lydelse
837 998 40 22 den
892 998 45 22 haft
952 998 40 22 och

170 1033 57 15 ännu
257 1033 28 15 har.

239 1089 31 21 Hr
285 1090 24 20 L.
325 1088 150 23 Mechelin:
497 1089 41 27 Jag
552 1089 38 21 ber
604 1089 18 22 fä
640 1089 89 25 anmäla,
745 1090 32 20 att
792 1090 32 20 Hr
839 1096 40 15 von
894 1089 96 21 Cristier-

170 1124 49 15 sons
233 1118 56 26 äsigt
303 1124 61 21 synes
379 1118 43 26 mig
437 1124 50 15 vara
503 1118 40 22 den
557 1118 83 26 riktiga,
656 1118 39 21 och
717 1118 83 21 förenar
812 1118 37 26 jag
864 1118 42 27 mig
921 1118 70 21 derför

169 1146 49 22 med
233 1146 82 22 honom.

238 1202 153 22 Diskussionen
405 1202 109 28 angående
529 1204 12 26 &
558 1203 39 21 112
612 1202 130 22 förklarades
756 1210 29 14 nu
800 1203 90 22 afslutad
906 1204 39 21 och
957 1204 32 21 till

169 1231 100 21 Ständets
296 1231 131 22 besvarande
457 1231 165 22 öfverlemnades
651 1231 92 27 följande
772 1232 216 27 omröstningspropo-

169 1259 74 22 sition
234 1255 12 36 :

236 1316 53 25 Den,
305 1322 45 15 som
365 1316 124 26 godkänner
503 1316 115 22 utskottets
632 1316 78 26 förslag
725 1316 131 22 beträffande
870 1318 13 24 &
900 1318 46 24 112,
955 1319 33 19 rö-

166 1344 45 21 star
223 1343 34 27 ja;

235 1399 72 22 vinner
322 1399 40 27 nej,
378 1398 40 24 har
431 1399 25 21 R.
473 1406 18 15 o.
507 1399 25 22 A.
548 1399 96 22 vidhällit
658 1399 38 22 sitt
710 1399 57 23 förra
782 1400 68 22 beslut
864 1400 8 22 i
886 1400 71 22 saken.

234 1456 162 28 Propositionen
418 1457 126 22 besvarades
564 1457 48 21 med
628 1457 152 28 öfvervägande
792 1458 30 28 ja,
837 1458 39 22 och
892 1458 54 22 hade
961 1458 23 23 R.

167 1492 17 15 0.
208 1485 25 22 A.
257 1486 81 22 således
360 1485 87 22 beslutit
462 1488 32 19 att
509 1486 111 26 godkänva
635 1486 114 22 utskottets
764 1487 220 27 sammanjemknings-

166 1514 77 28 förslag
257 1514 8 21 i
280 1514 97 22 afseende
392 1514 12 22 å
419 1515 12 25 $
447 1514 48 22 112.
