<?xml version="1.0" encoding="UTF-8"?>
<alto xmlns="http://www.loc.gov/standards/alto/ns-v3#" xmlns:xlink="http://www.w3.org/1999/xlink" xmlns:xsi="http://www.w3.org/2001/XMLSchema-instance" xsi:schemaLocation="http://www.loc.gov/standards/alto/ns-v3# http://www.loc.gov/alto/v3/alto-3-0.xsd">
	<Description>
		<MeasurementUnit>pixel</MeasurementUnit>
		<sourceImageInformation>
			<fileName>/tmp/tess_4hn1oa2g_input.PNG</fileName>
		</sourceImageInformation>
		<OCRProcessing ID="OCR_0">
			<ocrProcessingStep>
				<processingSoftware>
					<softwareName>tesseract 5.3.4</softwareName>
				</processingSoftware>
			</ocrProcessingStep>
		</OCRProcessing>
	</Description>
	<Layout>
		<Page WIDTH="1092" HEIGHT="1767" PHYSICAL_IMG_NR="0" ID="page_0">
			<PrintSpace HPOS="0" VPOS="0" WIDTH="1092" HEIGHT="1767">
				<ComposedBlock ID="cblock_0" HPOS="380" VPOS="134" WIDTH="510" HEIGHT="27">
					<TextBlock ID="block_0" HPOS="380" VPOS="134" WIDTH="510" HEIGHT="27">
						<TextLine ID="line_0" HPOS="380" VPOS="134" WIDTH="510" HEIGHT="27">
							<String ID="string_0" HPOS="380" VPOS="139" WIDTH="23" HEIGHT="17" WC="0.90" CONTENT="R."/><SP WIDTH="13" VPOS="139" HPOS="403"/>
							<String ID="string_1" HPOS="416" VPOS="141" WIDTH="17" HEIGHT="15" WC="0.89" CONTENT="ö."/><SP WIDTH="12" VPOS="141" HPOS="433"/>
							<String ID="string_2" HPOS="445" VPOS="140" WIDTH="22" HEIGHT="16" WC="0.91" CONTENT="A."/><SP WIDTH="13" VPOS="140" HPOS="467"/>
							<String ID="string_3" HPOS="480" VPOS="139" WIDTH="56" HEIGHT="17" WC="0.95" CONTENT="1891."/><SP WIDTH="24" VPOS="139" HPOS="536"/>
							<String ID="string_4" HPOS="560" VPOS="140" WIDTH="23" HEIGHT="17" WC="0.96" CONTENT="21"/><SP WIDTH="13" VPOS="140" HPOS="583"/>
							<String ID="string_5" HPOS="596" VPOS="140" WIDTH="46" HEIGHT="21" WC="0.96" CONTENT="Maj."/><SP WIDTH="194" VPOS="140" HPOS="642"/>
							<String ID="string_6" HPOS="836" VPOS="134" WIDTH="54" HEIGHT="21" WC="0.96" CONTENT="1245"/>
						</TextLine>
					</TextBlock>
				</ComposedBlock>
				<GraphicalElement ID="cblock_1" HPOS="102" VPOS="169" WIDTH="817" HEIGHT="11"></GraphicalElement >
				<ComposedBlock ID="cblock_2" HPOS="100" VPOS="218" WIDTH="822" HEIGHT="688">
					<TextBlock ID="block_1" HPOS="100" VPOS="218" WIDTH="822" HEIGHT="684">
						<TextLine ID="line_1" HPOS="102" VPOS="218" WIDTH="818" HEIGHT="27">
							<String ID="string_7" HPOS="102" VPOS="218" WIDTH="6" HEIGHT="21" WC="0.96" CONTENT="i"/><SP WIDTH="16" VPOS="218" HPOS="108"/>
							<String ID="string_8" HPOS="124" VPOS="218" WIDTH="42" HEIGHT="21" WC="0.96" CONTENT="alla"/><SP WIDTH="14" VPOS="218" HPOS="166"/>
							<String ID="string_9" HPOS="180" VPOS="218" WIDTH="36" HEIGHT="21" WC="0.96" CONTENT="fall"/><SP WIDTH="16" VPOS="218" HPOS="216"/>
							<String ID="string_10" HPOS="232" VPOS="218" WIDTH="118" HEIGHT="21" WC="0.96" CONTENT="innehåller"/><SP WIDTH="21" VPOS="218" HPOS="350"/>
							<String ID="string_11" HPOS="371" VPOS="218" WIDTH="76" HEIGHT="27" WC="0.96" CONTENT="många"/><SP WIDTH="22" VPOS="218" HPOS="447"/>
							<String ID="string_12" HPOS="469" VPOS="219" WIDTH="136" HEIGHT="26" WC="0.96" CONTENT="synpunkter,"/><SP WIDTH="25" VPOS="219" HPOS="605"/>
							<String ID="string_13" HPOS="630" VPOS="225" WIDTH="45" HEIGHT="14" WC="0.96" CONTENT="som"/><SP WIDTH="23" VPOS="225" HPOS="675"/>
							<String ID="string_14" HPOS="698" VPOS="218" WIDTH="43" HEIGHT="21" WC="0.96" CONTENT="tåla"/><SP WIDTH="23" VPOS="218" HPOS="741"/>
							<String ID="string_15" HPOS="764" VPOS="219" WIDTH="97" HEIGHT="20" WC="0.89" CONTENT="närmare"/><SP WIDTH="22" VPOS="219" HPOS="861"/>
							<String ID="string_16" HPOS="883" VPOS="218" WIDTH="37" HEIGHT="21" WC="0.89" CONTENT="be-"/>
						</TextLine>
						<TextLine ID="line_2" HPOS="104" VPOS="246" WIDTH="817" HEIGHT="27">
							<String ID="string_17" HPOS="104" VPOS="246" WIDTH="101" HEIGHT="27" WC="0.94" CONTENT="handling"/><SP WIDTH="16" VPOS="246" HPOS="205"/>
							<String ID="string_18" HPOS="221" VPOS="247" WIDTH="39" HEIGHT="20" WC="0.96" CONTENT="och"/><SP WIDTH="15" VPOS="247" HPOS="260"/>
							<String ID="string_19" HPOS="275" VPOS="246" WIDTH="125" HEIGHT="21" WC="0.95" CONTENT="beaktande."/><SP WIDTH="30" VPOS="246" HPOS="400"/>
							<String ID="string_20" HPOS="430" VPOS="247" WIDTH="80" HEIGHT="20" WC="0.95" CONTENT="Härvid"/><SP WIDTH="15" VPOS="247" HPOS="510"/>
							<String ID="string_21" HPOS="525" VPOS="247" WIDTH="42" HEIGHT="20" WC="0.96" CONTENT="kan"/><SP WIDTH="13" VPOS="247" HPOS="567"/>
							<String ID="string_22" HPOS="580" VPOS="247" WIDTH="37" HEIGHT="26" WC="0.96" CONTENT="jag"/><SP WIDTH="22" VPOS="247" HPOS="617"/>
							<String ID="string_23" HPOS="639" VPOS="247" WIDTH="54" HEIGHT="20" WC="0.96" CONTENT="dock"/><SP WIDTH="21" VPOS="247" HPOS="693"/>
							<String ID="string_24" HPOS="714" VPOS="247" WIDTH="46" HEIGHT="20" WC="0.96" CONTENT="icke"/><SP WIDTH="23" VPOS="247" HPOS="760"/>
							<String ID="string_25" HPOS="783" VPOS="246" WIDTH="73" HEIGHT="21" WC="0.95" CONTENT="förena"/><SP WIDTH="22" VPOS="246" HPOS="856"/>
							<String ID="string_26" HPOS="878" VPOS="247" WIDTH="43" HEIGHT="25" WC="0.95" CONTENT="mig"/>
						</TextLine>
						<TextLine ID="line_3" HPOS="102" VPOS="274" WIDTH="818" HEIGHT="25">
							<String ID="string_27" HPOS="102" VPOS="281" WIDTH="33" HEIGHT="14" WC="0.96" CONTENT="om"/><SP WIDTH="16" VPOS="281" HPOS="135"/>
							<String ID="string_28" HPOS="151" VPOS="275" WIDTH="43" HEIGHT="20" WC="0.96" CONTENT="alla"/><SP WIDTH="15" VPOS="275" HPOS="194"/>
							<String ID="string_29" HPOS="209" VPOS="274" WIDTH="26" HEIGHT="21" WC="0.96" CONTENT="de"/><SP WIDTH="14" VPOS="274" HPOS="235"/>
							<String ID="string_30" HPOS="249" VPOS="274" WIDTH="23" HEIGHT="21" WC="0.93" CONTENT="af"/><SP WIDTH="13" VPOS="274" HPOS="272"/>
							<String ID="string_31" HPOS="285" VPOS="275" WIDTH="161" HEIGHT="20" WC="0.90" CONTENT="reservanterne"/><SP WIDTH="15" VPOS="275" HPOS="446"/>
							<String ID="string_32" HPOS="461" VPOS="274" WIDTH="90" HEIGHT="21" WC="0.96" CONTENT="anförda"/><SP WIDTH="22" VPOS="274" HPOS="551"/>
							<String ID="string_33" HPOS="573" VPOS="275" WIDTH="74" HEIGHT="24" WC="0.96" CONTENT="motiv;"/><SP WIDTH="22" VPOS="275" HPOS="647"/>
							<String ID="string_34" HPOS="669" VPOS="274" WIDTH="36" HEIGHT="21" WC="0.96" CONTENT="vill"/><SP WIDTH="23" VPOS="274" HPOS="705"/>
							<String ID="string_35" HPOS="728" VPOS="274" WIDTH="54" HEIGHT="21" WC="0.96" CONTENT="dock"/><SP WIDTH="20" VPOS="274" HPOS="782"/>
							<String ID="string_36" HPOS="802" VPOS="274" WIDTH="46" HEIGHT="21" WC="0.96" CONTENT="icke"/><SP WIDTH="22" VPOS="274" HPOS="848"/>
							<String ID="string_37" HPOS="870" VPOS="275" WIDTH="50" HEIGHT="20" WC="0.95" CONTENT="med"/>
						</TextLine>
						<TextLine ID="line_4" HPOS="101" VPOS="302" WIDTH="818" HEIGHT="27">
							<String ID="string_38" HPOS="101" VPOS="303" WIDTH="99" HEIGHT="21" WC="0.93" CONTENT="afseende"/><SP WIDTH="17" VPOS="303" HPOS="200"/>
							<String ID="string_39" HPOS="217" VPOS="302" WIDTH="12" HEIGHT="21" WC="0.91" CONTENT="å"/><SP WIDTH="15" VPOS="302" HPOS="229"/>
							<String ID="string_40" HPOS="244" VPOS="303" WIDTH="98" HEIGHT="21" WC="0.96" CONTENT="ärendets"/><SP WIDTH="15" VPOS="303" HPOS="342"/>
							<String ID="string_41" HPOS="357" VPOS="303" WIDTH="49" HEIGHT="20" WC="0.96" CONTENT="vidd"/><SP WIDTH="22" VPOS="303" HPOS="406"/>
							<String ID="string_42" HPOS="428" VPOS="303" WIDTH="49" HEIGHT="26" WC="0.96" CONTENT="ingå"/><SP WIDTH="14" VPOS="303" HPOS="477"/>
							<String ID="string_43" HPOS="491" VPOS="303" WIDTH="7" HEIGHT="20" WC="0.96" CONTENT="i"/><SP WIDTH="15" VPOS="303" HPOS="498"/>
							<String ID="string_44" HPOS="513" VPOS="303" WIDTH="67" HEIGHT="26" WC="0.96" CONTENT="några"/><SP WIDTH="21" VPOS="303" HPOS="580"/>
							<String ID="string_45" HPOS="601" VPOS="303" WIDTH="72" HEIGHT="20" WC="0.96" CONTENT="vidare"/><SP WIDTH="23" VPOS="303" HPOS="673"/>
							<String ID="string_46" HPOS="696" VPOS="302" WIDTH="95" HEIGHT="26" WC="0.96" CONTENT="detaljer."/><SP WIDTH="30" VPOS="302" HPOS="791"/>
							<String ID="string_47" HPOS="821" VPOS="303" WIDTH="10" HEIGHT="20" WC="0.91" CONTENT="1"/><SP WIDTH="16" VPOS="303" HPOS="831"/>
							<String ID="string_48" HPOS="847" VPOS="302" WIDTH="72" HEIGHT="26" WC="0.96" CONTENT="hvarje"/>
						</TextLine>
						<TextLine ID="line_5" HPOS="101" VPOS="330" WIDTH="819" HEIGHT="27">
							<String ID="string_49" HPOS="101" VPOS="331" WIDTH="100" HEIGHT="21" WC="0.96" CONTENT="händelse"/><SP WIDTH="17" VPOS="331" HPOS="201"/>
							<String ID="string_50" HPOS="218" VPOS="331" WIDTH="39" HEIGHT="21" WC="0.96" CONTENT="och"/><SP WIDTH="20" VPOS="331" HPOS="257"/>
							<String ID="string_51" HPOS="277" VPOS="331" WIDTH="48" HEIGHT="21" WC="0.96" CONTENT="med"/><SP WIDTH="22" VPOS="331" HPOS="325"/>
							<String ID="string_52" HPOS="347" VPOS="331" WIDTH="99" HEIGHT="21" WC="0.93" CONTENT="afseende"/><SP WIDTH="23" VPOS="331" HPOS="446"/>
							<String ID="string_53" HPOS="469" VPOS="331" WIDTH="12" HEIGHT="21" WC="0.90" CONTENT="å"/><SP WIDTH="23" VPOS="331" HPOS="481"/>
							<String ID="string_54" HPOS="504" VPOS="331" WIDTH="39" HEIGHT="21" WC="0.96" CONTENT="den"/><SP WIDTH="22" VPOS="331" HPOS="543"/>
							<String ID="string_55" HPOS="565" VPOS="331" WIDTH="61" HEIGHT="21" WC="0.96" CONTENT="förda"/><SP WIDTH="21" VPOS="331" HPOS="626"/>
							<String ID="string_56" HPOS="647" VPOS="330" WIDTH="146" HEIGHT="22" WC="0.96" CONTENT="diskussionen"/><SP WIDTH="22" VPOS="330" HPOS="793"/>
							<String ID="string_57" HPOS="815" VPOS="331" WIDTH="47" HEIGHT="21" WC="0.96" CONTENT="ville"/><SP WIDTH="21" VPOS="331" HPOS="862"/>
							<String ID="string_58" HPOS="883" VPOS="331" WIDTH="37" HEIGHT="26" WC="0.96" CONTENT="jag"/>
						</TextLine>
						<TextLine ID="line_6" HPOS="101" VPOS="359" WIDTH="818" HEIGHT="27">
							<String ID="string_59" HPOS="101" VPOS="359" WIDTH="54" HEIGHT="22" WC="0.96" CONTENT="dock"/><SP WIDTH="15" VPOS="359" HPOS="155"/>
							<String ID="string_60" HPOS="170" VPOS="361" WIDTH="85" HEIGHT="24" WC="0.96" CONTENT="nämna,"/><SP WIDTH="16" VPOS="361" HPOS="255"/>
							<String ID="string_61" HPOS="271" VPOS="361" WIDTH="32" HEIGHT="19" WC="0.96" CONTENT="att"/><SP WIDTH="16" VPOS="361" HPOS="303"/>
							<String ID="string_62" HPOS="319" VPOS="359" WIDTH="26" HEIGHT="21" WC="0.96" CONTENT="då"/><SP WIDTH="14" VPOS="359" HPOS="345"/>
							<String ID="string_63" HPOS="359" VPOS="359" WIDTH="36" HEIGHT="27" WC="0.96" CONTENT="jag"/><SP WIDTH="15" VPOS="359" HPOS="395"/>
							<String ID="string_64" HPOS="410" VPOS="359" WIDTH="95" HEIGHT="21" WC="0.96" CONTENT="ansluter"/><SP WIDTH="15" VPOS="359" HPOS="505"/>
							<String ID="string_65" HPOS="520" VPOS="359" WIDTH="42" HEIGHT="26" WC="0.96" CONTENT="mig"/><SP WIDTH="16" VPOS="359" HPOS="562"/>
							<String ID="string_66" HPOS="578" VPOS="359" WIDTH="31" HEIGHT="21" WC="0.96" CONTENT="till"/><SP WIDTH="23" VPOS="359" HPOS="609"/>
							<String ID="string_67" HPOS="632" VPOS="359" WIDTH="164" HEIGHT="26" WC="0.95" CONTENT="reservationen,"/><SP WIDTH="19" VPOS="359" HPOS="796"/>
							<String ID="string_68" HPOS="815" VPOS="359" WIDTH="37" HEIGHT="26" WC="0.96" CONTENT="jag"/><SP WIDTH="21" VPOS="359" HPOS="852"/>
							<String ID="string_69" HPOS="873" VPOS="359" WIDTH="46" HEIGHT="21" WC="0.96" CONTENT="icke"/>
						</TextLine>
						<TextLine ID="line_7" HPOS="100" VPOS="387" WIDTH="819" HEIGHT="28">
							<String ID="string_70" HPOS="100" VPOS="390" WIDTH="39" HEIGHT="25" WC="0.96" CONTENT="gör"/><SP WIDTH="15" VPOS="390" HPOS="139"/>
							<String ID="string_71" HPOS="154" VPOS="388" WIDTH="36" HEIGHT="21" WC="0.96" CONTENT="det"/><SP WIDTH="15" VPOS="388" HPOS="190"/>
							<String ID="string_72" HPOS="205" VPOS="388" WIDTH="7" HEIGHT="21" WC="0.96" CONTENT="i"/><SP WIDTH="16" VPOS="388" HPOS="212"/>
							<String ID="string_73" HPOS="228" VPOS="388" WIDTH="40" HEIGHT="21" WC="0.96" CONTENT="den"/><SP WIDTH="15" VPOS="388" HPOS="268"/>
							<String ID="string_74" HPOS="283" VPOS="388" WIDTH="146" HEIGHT="27" WC="0.95" CONTENT="förhoppning,"/><SP WIDTH="17" VPOS="388" HPOS="429"/>
							<String ID="string_75" HPOS="446" VPOS="389" WIDTH="32" HEIGHT="20" WC="0.96" CONTENT="att"/><SP WIDTH="15" VPOS="389" HPOS="478"/>
							<String ID="string_76" HPOS="493" VPOS="389" WIDTH="41" HEIGHT="20" WC="0.96" CONTENT="den"/><SP WIDTH="14" VPOS="389" HPOS="534"/>
							<String ID="string_77" HPOS="548" VPOS="389" WIDTH="72" HEIGHT="20" WC="0.96" CONTENT="vidare"/><SP WIDTH="16" VPOS="389" HPOS="620"/>
							<String ID="string_78" HPOS="636" VPOS="387" WIDTH="154" HEIGHT="27" WC="0.96" CONTENT="behandlingen"/><SP WIDTH="18" VPOS="387" HPOS="790"/>
							<String ID="string_79" HPOS="808" VPOS="387" WIDTH="23" HEIGHT="21" WC="0.96" CONTENT="af"/><SP WIDTH="13" VPOS="387" HPOS="831"/>
							<String ID="string_80" HPOS="844" VPOS="387" WIDTH="75" HEIGHT="27" WC="0.96" CONTENT="frågan"/>
						</TextLine>
						<TextLine ID="line_8" HPOS="101" VPOS="416" WIDTH="819" HEIGHT="27">
							<String ID="string_81" HPOS="101" VPOS="417" WIDTH="55" HEIGHT="21" WC="0.96" CONTENT="skall"/><SP WIDTH="16" VPOS="417" HPOS="156"/>
							<String ID="string_82" HPOS="172" VPOS="417" WIDTH="48" HEIGHT="20" WC="0.96" CONTENT="leda"/><SP WIDTH="15" VPOS="417" HPOS="220"/>
							<String ID="string_83" HPOS="235" VPOS="417" WIDTH="32" HEIGHT="20" WC="0.96" CONTENT="till"/><SP WIDTH="16" VPOS="417" HPOS="267"/>
							<String ID="string_84" HPOS="283" VPOS="418" WIDTH="30" HEIGHT="20" WC="0.96" CONTENT="ett"/><SP WIDTH="15" VPOS="418" HPOS="313"/>
							<String ID="string_85" HPOS="328" VPOS="417" WIDTH="79" HEIGHT="26" WC="0.96" CONTENT="förslag"/><SP WIDTH="16" VPOS="417" HPOS="407"/>
							<String ID="string_86" HPOS="423" VPOS="423" WIDTH="33" HEIGHT="14" WC="0.96" CONTENT="om"/><SP WIDTH="15" VPOS="423" HPOS="456"/>
							<String ID="string_87" HPOS="471" VPOS="417" WIDTH="110" HEIGHT="21" WC="0.96" CONTENT="införande"/><SP WIDTH="17" VPOS="417" HPOS="581"/>
							<String ID="string_88" HPOS="598" VPOS="417" WIDTH="22" HEIGHT="20" WC="0.93" CONTENT="af"/><SP WIDTH="12" VPOS="417" HPOS="620"/>
							<String ID="string_89" HPOS="632" VPOS="416" WIDTH="176" HEIGHT="27" WC="0.92" CONTENT="folkskoletvång,"/><SP WIDTH="16" VPOS="416" HPOS="808"/>
							<String ID="string_90" HPOS="824" VPOS="416" WIDTH="50" HEIGHT="21" WC="0.96" CONTENT="eller"/><SP WIDTH="11" VPOS="416" HPOS="874"/>
							<String ID="string_91" HPOS="885" VPOS="422" WIDTH="35" HEIGHT="15" WC="0.96" CONTENT="om"/>
						</TextLine>
						<TextLine ID="line_9" HPOS="102" VPOS="445" WIDTH="818" HEIGHT="27">
							<String ID="string_92" HPOS="102" VPOS="452" WIDTH="48" HEIGHT="15" WC="0.95" CONTENT="man"/><SP WIDTH="16" VPOS="452" HPOS="150"/>
							<String ID="string_93" HPOS="166" VPOS="445" WIDTH="74" HEIGHT="27" WC="0.96" CONTENT="tycker"/><SP WIDTH="16" VPOS="445" HPOS="240"/>
							<String ID="string_94" HPOS="256" VPOS="451" WIDTH="45" HEIGHT="16" WC="0.96" CONTENT="mer"/><SP WIDTH="15" VPOS="451" HPOS="301"/>
							<String ID="string_95" HPOS="316" VPOS="451" WIDTH="33" HEIGHT="15" WC="0.96" CONTENT="om"/><SP WIDTH="16" VPOS="451" HPOS="349"/>
							<String ID="string_96" HPOS="365" VPOS="447" WIDTH="32" HEIGHT="19" WC="0.96" CONTENT="ett"/><SP WIDTH="14" VPOS="447" HPOS="397"/>
							<String ID="string_97" HPOS="411" VPOS="447" WIDTH="66" HEIGHT="19" WC="0.96" CONTENT="annat"/><SP WIDTH="15" VPOS="447" HPOS="477"/>
							<String ID="string_98" HPOS="492" VPOS="445" WIDTH="44" HEIGHT="25" WC="0.93" CONTENT="ord,"/><SP WIDTH="16" VPOS="445" HPOS="536"/>
							<String ID="string_99" HPOS="552" VPOS="445" WIDTH="106" HEIGHT="27" WC="0.91" CONTENT="skolpligt."/><SP WIDTH="30" VPOS="445" HPOS="658"/>
							<String ID="string_100" HPOS="688" VPOS="445" WIDTH="45" HEIGHT="21" WC="0.96" CONTENT="Här"/><SP WIDTH="16" VPOS="445" HPOS="733"/>
							<String ID="string_101" HPOS="749" VPOS="445" WIDTH="39" HEIGHT="20" WC="0.96" CONTENT="har"/><SP WIDTH="21" VPOS="445" HPOS="788"/>
							<String ID="string_102" HPOS="809" VPOS="447" WIDTH="57" HEIGHT="24" WC="0.96" CONTENT="sagts"/><SP WIDTH="21" VPOS="447" HPOS="866"/>
							<String ID="string_103" HPOS="887" VPOS="446" WIDTH="33" HEIGHT="19" WC="0.96" CONTENT="att"/>
						</TextLine>
						<TextLine ID="line_10" HPOS="102" VPOS="473" WIDTH="818" HEIGHT="28">
							<String ID="string_104" HPOS="102" VPOS="475" WIDTH="36" HEIGHT="20" WC="0.96" CONTENT="det"/><SP WIDTH="16" VPOS="475" HPOS="138"/>
							<String ID="string_105" HPOS="154" VPOS="476" WIDTH="23" HEIGHT="19" WC="0.96" CONTENT="är"/><SP WIDTH="16" VPOS="476" HPOS="177"/>
							<String ID="string_106" HPOS="193" VPOS="480" WIDTH="26" HEIGHT="15" WC="0.96" CONTENT="en"/><SP WIDTH="16" VPOS="480" HPOS="219"/>
							<String ID="string_107" HPOS="235" VPOS="474" WIDTH="44" HEIGHT="21" WC="0.96" CONTENT="helt"/><SP WIDTH="15" VPOS="474" HPOS="279"/>
							<String ID="string_108" HPOS="294" VPOS="474" WIDTH="39" HEIGHT="21" WC="0.96" CONTENT="och"/><SP WIDTH="16" VPOS="474" HPOS="333"/>
							<String ID="string_109" HPOS="349" VPOS="473" WIDTH="65" HEIGHT="22" WC="0.96" CONTENT="hållet"/><SP WIDTH="14" VPOS="473" HPOS="414"/>
							<String ID="string_110" HPOS="428" VPOS="474" WIDTH="75" HEIGHT="21" WC="0.96" CONTENT="liberal"/><SP WIDTH="15" VPOS="474" HPOS="503"/>
							<String ID="string_111" HPOS="518" VPOS="474" WIDTH="88" HEIGHT="27" WC="0.96" CONTENT="princip,"/><SP WIDTH="23" VPOS="474" HPOS="606"/>
							<String ID="string_112" HPOS="629" VPOS="473" WIDTH="27" HEIGHT="27" WC="0.96" CONTENT="på"/><SP WIDTH="23" VPOS="473" HPOS="656"/>
							<String ID="string_113" HPOS="679" VPOS="473" WIDTH="84" HEIGHT="22" WC="0.90" CONTENT="hvilken"/><SP WIDTH="23" VPOS="473" HPOS="763"/>
							<String ID="string_114" HPOS="786" VPOS="473" WIDTH="134" HEIGHT="27" WC="0.90" CONTENT="skoltvånget"/>
						</TextLine>
						<TextLine ID="line_11" HPOS="101" VPOS="502" WIDTH="819" HEIGHT="27">
							<String ID="string_115" HPOS="101" VPOS="503" WIDTH="75" HEIGHT="21" WC="0.91" CONTENT="hvilar."/><SP WIDTH="31" VPOS="503" HPOS="176"/>
							<String ID="string_116" HPOS="207" VPOS="503" WIDTH="40" HEIGHT="26" WC="0.96" CONTENT="Jag"/><SP WIDTH="16" VPOS="503" HPOS="247"/>
							<String ID="string_117" HPOS="263" VPOS="503" WIDTH="42" HEIGHT="20" WC="0.96" CONTENT="kan"/><SP WIDTH="15" VPOS="503" HPOS="305"/>
							<String ID="string_118" HPOS="320" VPOS="503" WIDTH="46" HEIGHT="20" WC="0.96" CONTENT="icke"/><SP WIDTH="16" VPOS="503" HPOS="366"/>
							<String ID="string_119" HPOS="382" VPOS="503" WIDTH="48" HEIGHT="20" WC="0.96" CONTENT="dela"/><SP WIDTH="22" VPOS="503" HPOS="430"/>
							<String ID="string_120" HPOS="452" VPOS="503" WIDTH="68" HEIGHT="21" WC="0.96" CONTENT="denna"/><SP WIDTH="22" VPOS="503" HPOS="520"/>
							<String ID="string_121" HPOS="542" VPOS="503" WIDTH="141" HEIGHT="26" WC="0.96" CONTENT="uppfattning."/><SP WIDTH="30" VPOS="503" HPOS="683"/>
							<String ID="string_122" HPOS="713" VPOS="502" WIDTH="69" HEIGHT="21" WC="0.96" CONTENT="Också"/><SP WIDTH="22" VPOS="502" HPOS="782"/>
							<String ID="string_123" HPOS="804" VPOS="502" WIDTH="28" HEIGHT="27" WC="0.96" CONTENT="på"/><SP WIDTH="21" VPOS="502" HPOS="832"/>
							<String ID="string_124" HPOS="853" VPOS="502" WIDTH="67" HEIGHT="21" WC="0.96" CONTENT="andra"/>
						</TextLine>
						<TextLine ID="line_12" HPOS="102" VPOS="530" WIDTH="818" HEIGHT="27">
							<String ID="string_125" HPOS="102" VPOS="531" WIDTH="101" HEIGHT="22" WC="0.96" CONTENT="områden"/><SP WIDTH="16" VPOS="531" HPOS="203"/>
							<String ID="string_126" HPOS="219" VPOS="531" WIDTH="39" HEIGHT="21" WC="0.96" CONTENT="har"/><SP WIDTH="22" VPOS="531" HPOS="258"/>
							<String ID="string_127" HPOS="280" VPOS="538" WIDTH="49" HEIGHT="15" WC="0.96" CONTENT="man"/><SP WIDTH="22" VPOS="538" HPOS="329"/>
							<String ID="string_128" HPOS="351" VPOS="531" WIDTH="56" HEIGHT="21" WC="0.96" CONTENT="velat"/><SP WIDTH="22" VPOS="531" HPOS="407"/>
							<String ID="string_129" HPOS="429" VPOS="533" WIDTH="52" HEIGHT="24" WC="0.96" CONTENT="göra"/><SP WIDTH="21" VPOS="533" HPOS="481"/>
							<String ID="string_130" HPOS="502" VPOS="531" WIDTH="98" HEIGHT="26" WC="0.96" CONTENT="gällande"/><SP WIDTH="22" VPOS="531" HPOS="600"/>
							<String ID="string_131" HPOS="622" VPOS="537" WIDTH="80" HEIGHT="15" WC="0.93" CONTENT="samma"/><SP WIDTH="22" VPOS="537" HPOS="702"/>
							<String ID="string_132" HPOS="724" VPOS="531" WIDTH="61" HEIGHT="26" WC="0.92" CONTENT="äsigt."/><SP WIDTH="30" VPOS="531" HPOS="785"/>
							<String ID="string_133" HPOS="815" VPOS="531" WIDTH="26" HEIGHT="21" WC="0.96" CONTENT="Vi"/><SP WIDTH="15" VPOS="531" HPOS="841"/>
							<String ID="string_134" HPOS="856" VPOS="530" WIDTH="64" HEIGHT="21" WC="0.95" CONTENT="hafva"/>
						</TextLine>
						<TextLine ID="line_13" HPOS="103" VPOS="559" WIDTH="818" HEIGHT="28">
							<String ID="string_135" HPOS="103" VPOS="561" WIDTH="125" HEIGHT="26" WC="0.91" CONTENT="värnepligt,"/><SP WIDTH="17" VPOS="561" HPOS="228"/>
							<String ID="string_136" HPOS="245" VPOS="560" WIDTH="64" HEIGHT="21" WC="0.92" CONTENT="ocksä"/><SP WIDTH="15" VPOS="560" HPOS="309"/>
							<String ID="string_137" HPOS="324" VPOS="561" WIDTH="31" HEIGHT="20" WC="0.93" CONTENT="ett"/><SP WIDTH="15" VPOS="561" HPOS="355"/>
							<String ID="string_138" HPOS="370" VPOS="559" WIDTH="71" HEIGHT="28" WC="0.92" CONTENT="tväng,"/><SP WIDTH="22" VPOS="559" HPOS="441"/>
							<String ID="string_139" HPOS="463" VPOS="560" WIDTH="20" HEIGHT="21" WC="0.93" CONTENT="vi"/><SP WIDTH="22" VPOS="560" HPOS="483"/>
							<String ID="string_140" HPOS="505" VPOS="559" WIDTH="64" HEIGHT="22" WC="0.91" CONTENT="hafva"/><SP WIDTH="22" VPOS="559" HPOS="569"/>
							<String ID="string_141" HPOS="591" VPOS="560" WIDTH="26" HEIGHT="21" WC="0.95" CONTENT="de"/><SP WIDTH="23" VPOS="560" HPOS="617"/>
							<String ID="string_142" HPOS="640" VPOS="559" WIDTH="51" HEIGHT="22" WC="0.93" CONTENT="sista"/><SP WIDTH="22" VPOS="559" HPOS="691"/>
							<String ID="string_143" HPOS="713" VPOS="559" WIDTH="84" HEIGHT="22" WC="0.92" CONTENT="tiderna"/><SP WIDTH="22" VPOS="559" HPOS="797"/>
							<String ID="string_144" HPOS="819" VPOS="559" WIDTH="102" HEIGHT="26" WC="0.91" CONTENT="handlagt"/>
						</TextLine>
						<TextLine ID="line_14" HPOS="101" VPOS="587" WIDTH="819" HEIGHT="29">
							<String ID="string_145" HPOS="101" VPOS="589" WIDTH="78" HEIGHT="27" WC="0.92" CONTENT="frägor,"/><SP WIDTH="24" VPOS="589" HPOS="179"/>
							<String ID="string_146" HPOS="203" VPOS="595" WIDTH="45" HEIGHT="16" WC="0.93" CONTENT="som"/><SP WIDTH="15" VPOS="595" HPOS="248"/>
							<String ID="string_147" HPOS="263" VPOS="589" WIDTH="101" HEIGHT="21" WC="0.90" CONTENT="innebära"/><SP WIDTH="21" VPOS="589" HPOS="364"/>
							<String ID="string_148" HPOS="385" VPOS="590" WIDTH="31" HEIGHT="19" WC="0.96" CONTENT="ett"/><SP WIDTH="22" VPOS="590" HPOS="416"/>
							<String ID="string_149" HPOS="438" VPOS="590" WIDTH="65" HEIGHT="19" WC="0.96" CONTENT="annat"/><SP WIDTH="22" VPOS="590" HPOS="503"/>
							<String ID="string_150" HPOS="525" VPOS="589" WIDTH="45" HEIGHT="26" WC="0.96" CONTENT="slag"/><SP WIDTH="22" VPOS="589" HPOS="570"/>
							<String ID="string_151" HPOS="592" VPOS="589" WIDTH="23" HEIGHT="20" WC="0.93" CONTENT="af"/><SP WIDTH="20" VPOS="589" HPOS="615"/>
							<String ID="string_152" HPOS="635" VPOS="587" WIDTH="70" HEIGHT="27" WC="0.92" CONTENT="tväng,"/><SP WIDTH="21" VPOS="587" HPOS="705"/>
							<String ID="string_153" HPOS="726" VPOS="587" WIDTH="194" HEIGHT="28" WC="0.92" CONTENT="nykterhetstväng."/>
						</TextLine>
						<TextLine ID="line_15" HPOS="102" VPOS="616" WIDTH="818" HEIGHT="29">
							<String ID="string_154" HPOS="102" VPOS="619" WIDTH="40" HEIGHT="26" WC="0.93" CONTENT="Jag"/><SP WIDTH="16" VPOS="619" HPOS="142"/>
							<String ID="string_155" HPOS="158" VPOS="619" WIDTH="45" HEIGHT="20" WC="0.93" CONTENT="tror"/><SP WIDTH="16" VPOS="619" HPOS="203"/>
							<String ID="string_156" HPOS="219" VPOS="619" WIDTH="32" HEIGHT="20" WC="0.96" CONTENT="att"/><SP WIDTH="15" VPOS="619" HPOS="251"/>
							<String ID="string_157" HPOS="266" VPOS="618" WIDTH="36" HEIGHT="21" WC="0.92" CONTENT="det"/><SP WIDTH="14" VPOS="618" HPOS="302"/>
							<String ID="string_158" HPOS="316" VPOS="618" WIDTH="47" HEIGHT="21" WC="0.91" CONTENT="icke"/><SP WIDTH="15" VPOS="618" HPOS="363"/>
							<String ID="string_159" HPOS="378" VPOS="619" WIDTH="24" HEIGHT="19" WC="0.93" CONTENT="är"/><SP WIDTH="14" VPOS="619" HPOS="402"/>
							<String ID="string_160" HPOS="416" VPOS="617" WIDTH="85" HEIGHT="22" WC="0.92" CONTENT="liberalt"/><SP WIDTH="16" VPOS="617" HPOS="501"/>
							<String ID="string_161" HPOS="517" VPOS="619" WIDTH="32" HEIGHT="19" WC="0.96" CONTENT="att"/><SP WIDTH="14" VPOS="619" HPOS="549"/>
							<String ID="string_162" HPOS="563" VPOS="623" WIDTH="75" HEIGHT="21" WC="0.93" CONTENT="genom"/><SP WIDTH="17" VPOS="623" HPOS="638"/>
							<String ID="string_163" HPOS="655" VPOS="617" WIDTH="63" HEIGHT="26" WC="0.93" CONTENT="tväng"/><SP WIDTH="12" VPOS="617" HPOS="718"/>
							<String ID="string_164" HPOS="730" VPOS="617" WIDTH="52" HEIGHT="20" WC="0.93" CONTENT="söka"/><SP WIDTH="10" VPOS="617" HPOS="782"/>
							<String ID="string_165" HPOS="792" VPOS="617" WIDTH="63" HEIGHT="21" WC="0.92" CONTENT="vinna"/><SP WIDTH="9" VPOS="617" HPOS="855"/>
							<String ID="string_166" HPOS="864" VPOS="616" WIDTH="56" HEIGHT="21" WC="0.92" CONTENT="hvad"/>
						</TextLine>
						<TextLine ID="line_16" HPOS="102" VPOS="645" WIDTH="819" HEIGHT="27">
							<String ID="string_167" HPOS="102" VPOS="653" WIDTH="48" HEIGHT="15" WC="0.96" CONTENT="man"/><SP WIDTH="16" VPOS="653" HPOS="150"/>
							<String ID="string_168" HPOS="166" VPOS="647" WIDTH="42" HEIGHT="20" WC="0.93" CONTENT="kan"/><SP WIDTH="15" VPOS="647" HPOS="208"/>
							<String ID="string_169" HPOS="223" VPOS="647" WIDTH="64" HEIGHT="20" WC="0.92" CONTENT="vinna"/><SP WIDTH="14" VPOS="647" HPOS="287"/>
							<String ID="string_170" HPOS="301" VPOS="646" WIDTH="28" HEIGHT="26" WC="0.96" CONTENT="pä"/><SP WIDTH="14" VPOS="646" HPOS="329"/>
							<String ID="string_171" HPOS="343" VPOS="646" WIDTH="86" HEIGHT="26" WC="0.96" CONTENT="frivillig"/><SP WIDTH="15" VPOS="646" HPOS="429"/>
							<String ID="string_172" HPOS="444" VPOS="647" WIDTH="45" HEIGHT="25" WC="0.93" CONTENT="väg."/><SP WIDTH="31" VPOS="647" HPOS="489"/>
							<String ID="string_173" HPOS="520" VPOS="646" WIDTH="73" HEIGHT="21" WC="0.91" CONTENT="Bättre"/><SP WIDTH="16" VPOS="646" HPOS="593"/>
							<String ID="string_174" HPOS="609" VPOS="647" WIDTH="24" HEIGHT="19" WC="0.96" CONTENT="är"/><SP WIDTH="15" VPOS="647" HPOS="633"/>
							<String ID="string_175" HPOS="648" VPOS="647" WIDTH="32" HEIGHT="19" WC="0.93" CONTENT="att"/><SP WIDTH="21" VPOS="647" HPOS="680"/>
							<String ID="string_176" HPOS="701" VPOS="645" WIDTH="47" HEIGHT="21" WC="0.91" CONTENT="fritt"/><SP WIDTH="21" VPOS="645" HPOS="748"/>
							<String ID="string_177" HPOS="769" VPOS="645" WIDTH="21" HEIGHT="21" WC="0.91" CONTENT="fä"/><SP WIDTH="22" VPOS="645" HPOS="790"/>
							<String ID="string_178" HPOS="812" VPOS="645" WIDTH="56" HEIGHT="25" WC="0.92" CONTENT="gifva"/><SP WIDTH="15" VPOS="645" HPOS="868"/>
							<String ID="string_179" HPOS="883" VPOS="645" WIDTH="38" HEIGHT="20" WC="0.97" CONTENT="sitt"/>
						</TextLine>
						<TextLine ID="line_17" HPOS="102" VPOS="672" WIDTH="818" HEIGHT="28">
							<String ID="string_180" HPOS="102" VPOS="675" WIDTH="24" HEIGHT="21" WC="0.96" CONTENT="lif"/><SP WIDTH="14" VPOS="675" HPOS="126"/>
							<String ID="string_181" HPOS="140" VPOS="675" WIDTH="34" HEIGHT="21" WC="0.92" CONTENT="för"/><SP WIDTH="20" VPOS="675" HPOS="174"/>
							<String ID="string_182" HPOS="194" VPOS="675" WIDTH="145" HEIGHT="25" WC="0.96" CONTENT="fosterlandet,"/><SP WIDTH="16" VPOS="675" HPOS="339"/>
							<String ID="string_183" HPOS="355" VPOS="674" WIDTH="7" HEIGHT="21" WC="0.96" CONTENT="i"/><SP WIDTH="15" VPOS="674" HPOS="362"/>
							<String ID="string_184" HPOS="377" VPOS="674" WIDTH="64" HEIGHT="21" WC="0.93" CONTENT="frihet"/><SP WIDTH="24" VPOS="674" HPOS="441"/>
							<String ID="string_185" HPOS="465" VPOS="674" WIDTH="47" HEIGHT="21" WC="0.92" CONTENT="öfva"/><SP WIDTH="22" VPOS="674" HPOS="512"/>
							<String ID="string_186" HPOS="534" VPOS="674" WIDTH="113" HEIGHT="26" WC="0.95" CONTENT="nykterhet"/><SP WIDTH="21" VPOS="674" HPOS="647"/>
							<String ID="string_187" HPOS="668" VPOS="674" WIDTH="40" HEIGHT="20" WC="0.93" CONTENT="och"/><SP WIDTH="22" VPOS="674" HPOS="708"/>
							<String ID="string_188" HPOS="730" VPOS="673" WIDTH="127" HEIGHT="27" WC="0.87" CONTENT="mättlighet,"/><SP WIDTH="24" VPOS="673" HPOS="857"/>
							<String ID="string_189" HPOS="881" VPOS="672" WIDTH="39" HEIGHT="22" WC="0.96" CONTENT="och"/>
						</TextLine>
						<TextLine ID="line_18" HPOS="102" VPOS="702" WIDTH="819" HEIGHT="27">
							<String ID="string_190" HPOS="102" VPOS="704" WIDTH="47" HEIGHT="20" WC="0.95" CONTENT="fritt"/><SP WIDTH="15" VPOS="704" HPOS="149"/>
							<String ID="string_191" HPOS="164" VPOS="704" WIDTH="115" HEIGHT="20" WC="0.96" CONTENT="medverka"/><SP WIDTH="15" VPOS="704" HPOS="279"/>
							<String ID="string_192" HPOS="294" VPOS="704" WIDTH="32" HEIGHT="20" WC="0.96" CONTENT="till"/><SP WIDTH="15" VPOS="704" HPOS="326"/>
							<String ID="string_193" HPOS="341" VPOS="702" WIDTH="36" HEIGHT="22" WC="0.93" CONTENT="det"/><SP WIDTH="15" VPOS="702" HPOS="377"/>
							<String ID="string_194" HPOS="392" VPOS="702" WIDTH="139" HEIGHT="27" WC="0.93" CONTENT="uppväxande"/><SP WIDTH="15" VPOS="702" HPOS="531"/>
							<String ID="string_195" HPOS="546" VPOS="703" WIDTH="88" HEIGHT="26" WC="0.92" CONTENT="slägtets"/><SP WIDTH="14" VPOS="703" HPOS="634"/>
							<String ID="string_196" HPOS="648" VPOS="702" WIDTH="156" HEIGHT="26" WC="0.96" CONTENT="undervisning."/><SP WIDTH="26" VPOS="702" HPOS="804"/>
							<String ID="string_197" HPOS="830" VPOS="702" WIDTH="10" HEIGHT="20" WC="0.95" CONTENT="I"/><SP WIDTH="12" VPOS="702" HPOS="840"/>
							<String ID="string_198" HPOS="852" VPOS="702" WIDTH="69" HEIGHT="20" WC="0.96" CONTENT="denna"/>
						</TextLine>
						<TextLine ID="line_19" HPOS="102" VPOS="730" WIDTH="819" HEIGHT="28">
							<String ID="string_199" HPOS="102" VPOS="732" WIDTH="64" HEIGHT="21" WC="0.96" CONTENT="frihet"/><SP WIDTH="14" VPOS="732" HPOS="166"/>
							<String ID="string_200" HPOS="180" VPOS="732" WIDTH="67" HEIGHT="26" WC="0.94" CONTENT="ligger"/><SP WIDTH="14" VPOS="732" HPOS="247"/>
							<String ID="string_201" HPOS="261" VPOS="733" WIDTH="7" HEIGHT="19" WC="0.96" CONTENT="i"/><SP WIDTH="16" VPOS="733" HPOS="268"/>
							<String ID="string_202" HPOS="284" VPOS="732" WIDTH="39" HEIGHT="20" WC="0.96" CONTENT="och"/><SP WIDTH="15" VPOS="732" HPOS="323"/>
							<String ID="string_203" HPOS="338" VPOS="731" WIDTH="33" HEIGHT="21" WC="0.96" CONTENT="för"/><SP WIDTH="16" VPOS="731" HPOS="371"/>
							<String ID="string_204" HPOS="387" VPOS="732" WIDTH="31" HEIGHT="25" WC="0.93" CONTENT="sig"/><SP WIDTH="15" VPOS="732" HPOS="418"/>
							<String ID="string_205" HPOS="433" VPOS="731" WIDTH="64" HEIGHT="26" WC="0.93" CONTENT="nägot"/><SP WIDTH="16" VPOS="731" HPOS="497"/>
							<String ID="string_206" HPOS="513" VPOS="730" WIDTH="131" HEIGHT="27" WC="0.92" CONTENT="förädlande,"/><SP WIDTH="24" VPOS="730" HPOS="644"/>
							<String ID="string_207" HPOS="668" VPOS="731" WIDTH="38" HEIGHT="20" WC="0.96" CONTENT="och"/><SP WIDTH="16" VPOS="731" HPOS="706"/>
							<String ID="string_208" HPOS="722" VPOS="731" WIDTH="36" HEIGHT="21" WC="0.96" CONTENT="det"/><SP WIDTH="15" VPOS="731" HPOS="758"/>
							<String ID="string_209" HPOS="773" VPOS="732" WIDTH="24" HEIGHT="19" WC="0.97" CONTENT="är"/><SP WIDTH="16" VPOS="732" HPOS="797"/>
							<String ID="string_210" HPOS="813" VPOS="730" WIDTH="32" HEIGHT="21" WC="0.96" CONTENT="till"/><SP WIDTH="16" VPOS="730" HPOS="845"/>
							<String ID="string_211" HPOS="861" VPOS="730" WIDTH="60" HEIGHT="21" WC="0.96" CONTENT="detta"/>
						</TextLine>
						<TextLine ID="line_20" HPOS="104" VPOS="758" WIDTH="817" HEIGHT="29">
							<String ID="string_212" HPOS="104" VPOS="760" WIDTH="42" HEIGHT="21" WC="0.95" CONTENT="mål"/><SP WIDTH="13" VPOS="760" HPOS="146"/>
							<String ID="string_213" HPOS="159" VPOS="760" WIDTH="36" HEIGHT="27" WC="0.96" CONTENT="jag"/><SP WIDTH="16" VPOS="760" HPOS="195"/>
							<String ID="string_214" HPOS="211" VPOS="766" WIDTH="61" HEIGHT="15" WC="0.96" CONTENT="anser"/><SP WIDTH="22" VPOS="766" HPOS="272"/>
							<String ID="string_215" HPOS="294" VPOS="760" WIDTH="20" HEIGHT="21" WC="0.93" CONTENT="vi"/><SP WIDTH="23" VPOS="760" HPOS="314"/>
							<String ID="string_216" HPOS="337" VPOS="760" WIDTH="53" HEIGHT="20" WC="0.93" CONTENT="böra"/><SP WIDTH="21" VPOS="760" HPOS="390"/>
							<String ID="string_217" HPOS="411" VPOS="760" WIDTH="86" HEIGHT="20" WC="0.92" CONTENT="sträfva."/><SP WIDTH="30" VPOS="760" HPOS="497"/>
							<String ID="string_218" HPOS="527" VPOS="760" WIDTH="55" HEIGHT="21" WC="0.93" CONTENT="Hela"/><SP WIDTH="20" VPOS="760" HPOS="582"/>
							<String ID="string_219" HPOS="602" VPOS="759" WIDTH="262" HEIGHT="32" WC="0.92" CONTENT="undervisningsväsendet"/><SP WIDTH="17" VPOS="759" HPOS="864"/>
							<String ID="string_220" HPOS="881" VPOS="758" WIDTH="40" HEIGHT="21" WC="0.96" CONTENT="har"/>
						</TextLine>
						<TextLine ID="line_21" HPOS="104" VPOS="787" WIDTH="816" HEIGHT="28">
							<String ID="string_221" HPOS="104" VPOS="790" WIDTH="32" HEIGHT="20" WC="0.96" CONTENT="sin"/><SP WIDTH="15" VPOS="790" HPOS="136"/>
							<String ID="string_222" HPOS="151" VPOS="788" WIDTH="108" HEIGHT="27" WC="0.93" CONTENT="betydelse"/><SP WIDTH="15" VPOS="788" HPOS="259"/>
							<String ID="string_223" HPOS="274" VPOS="788" WIDTH="46" HEIGHT="22" WC="0.91" CONTENT="icke"/><SP WIDTH="15" VPOS="788" HPOS="320"/>
							<String ID="string_224" HPOS="335" VPOS="788" WIDTH="56" HEIGHT="21" WC="0.93" CONTENT="blott"/><SP WIDTH="15" VPOS="788" HPOS="391"/>
							<String ID="string_225" HPOS="406" VPOS="788" WIDTH="39" HEIGHT="21" WC="0.93" CONTENT="och"/><SP WIDTH="15" VPOS="788" HPOS="445"/>
							<String ID="string_226" HPOS="460" VPOS="788" WIDTH="49" HEIGHT="21" WC="0.92" CONTENT="bart"/><SP WIDTH="14" VPOS="788" HPOS="509"/>
							<String ID="string_227" HPOS="523" VPOS="788" WIDTH="33" HEIGHT="21" WC="0.96" CONTENT="för"/><SP WIDTH="16" VPOS="788" HPOS="556"/>
							<String ID="string_228" HPOS="572" VPOS="788" WIDTH="40" HEIGHT="21" WC="0.93" CONTENT="den"/><SP WIDTH="15" VPOS="788" HPOS="612"/>
							<String ID="string_229" HPOS="627" VPOS="788" WIDTH="125" HEIGHT="20" WC="0.92" CONTENT="kommande"/><SP WIDTH="12" VPOS="788" HPOS="752"/>
							<String ID="string_230" HPOS="764" VPOS="787" WIDTH="156" HEIGHT="27" WC="0.91" CONTENT="generationen,"/>
						</TextLine>
						<TextLine ID="line_22" HPOS="105" VPOS="815" WIDTH="817" HEIGHT="29">
							<String ID="string_231" HPOS="105" VPOS="818" WIDTH="35" HEIGHT="20" WC="0.93" CONTENT="det"/><SP WIDTH="15" VPOS="818" HPOS="140"/>
							<String ID="string_232" HPOS="155" VPOS="817" WIDTH="86" HEIGHT="21" WC="0.93" CONTENT="utöfvar"/><SP WIDTH="15" VPOS="817" HPOS="241"/>
							<String ID="string_233" HPOS="256" VPOS="817" WIDTH="61" HEIGHT="21" WC="0.92" CONTENT="äfven"/><SP WIDTH="16" VPOS="817" HPOS="317"/>
							<String ID="string_234" HPOS="333" VPOS="823" WIDTH="24" HEIGHT="15" WC="0.96" CONTENT="en"/><SP WIDTH="16" VPOS="823" HPOS="357"/>
							<String ID="string_235" HPOS="373" VPOS="817" WIDTH="7" HEIGHT="21" WC="0.93" CONTENT="i"/><SP WIDTH="15" VPOS="817" HPOS="380"/>
							<String ID="string_236" HPOS="395" VPOS="817" WIDTH="41" HEIGHT="27" WC="0.93" CONTENT="hög"/><SP WIDTH="15" VPOS="817" HPOS="436"/>
							<String ID="string_237" HPOS="451" VPOS="817" WIDTH="52" HEIGHT="26" WC="0.93" CONTENT="grad"/><SP WIDTH="16" VPOS="817" HPOS="503"/>
							<String ID="string_238" HPOS="519" VPOS="816" WIDTH="124" HEIGHT="21" WC="0.92" CONTENT="förädlande"/><SP WIDTH="15" VPOS="816" HPOS="643"/>
							<String ID="string_239" HPOS="658" VPOS="816" WIDTH="101" HEIGHT="21" WC="0.92" CONTENT="inverkan"/><SP WIDTH="12" VPOS="816" HPOS="759"/>
							<String ID="string_240" HPOS="771" VPOS="816" WIDTH="28" HEIGHT="26" WC="0.97" CONTENT="pä"/><SP WIDTH="15" VPOS="816" HPOS="799"/>
							<String ID="string_241" HPOS="814" VPOS="816" WIDTH="26" HEIGHT="20" WC="0.93" CONTENT="de"/><SP WIDTH="16" VPOS="816" HPOS="840"/>
							<String ID="string_242" HPOS="856" VPOS="815" WIDTH="66" HEIGHT="25" WC="0.92" CONTENT="äldre,"/>
						</TextLine>
						<TextLine ID="line_23" HPOS="104" VPOS="843" WIDTH="817" HEIGHT="29">
							<String ID="string_243" HPOS="104" VPOS="852" WIDTH="45" HEIGHT="15" WC="0.93" CONTENT="som"/><SP WIDTH="17" VPOS="852" HPOS="149"/>
							<String ID="string_244" HPOS="166" VPOS="846" WIDTH="85" HEIGHT="26" WC="0.91" CONTENT="deltaga"/><SP WIDTH="14" VPOS="846" HPOS="251"/>
							<String ID="string_245" HPOS="265" VPOS="846" WIDTH="6" HEIGHT="20" WC="0.96" CONTENT="i"/><SP WIDTH="16" VPOS="846" HPOS="271"/>
							<String ID="string_246" HPOS="287" VPOS="846" WIDTH="59" HEIGHT="20" WC="0.96" CONTENT="detta"/><SP WIDTH="19" VPOS="846" HPOS="346"/>
							<String ID="string_247" HPOS="365" VPOS="834" WIDTH="73" HEIGHT="32" WC="0.95" CONTENT="arbete"/><SP WIDTH="23" VPOS="834" HPOS="438"/>
							<String ID="string_248" HPOS="461" VPOS="846" WIDTH="38" HEIGHT="20" WC="0.95" CONTENT="och"/><SP WIDTH="23" VPOS="846" HPOS="499"/>
							<String ID="string_249" HPOS="522" VPOS="851" WIDTH="46" HEIGHT="15" WC="0.97" CONTENT="som"/><SP WIDTH="22" VPOS="851" HPOS="568"/>
							<String ID="string_250" HPOS="590" VPOS="850" WIDTH="74" HEIGHT="21" WC="0.96" CONTENT="genom"/><SP WIDTH="24" VPOS="850" HPOS="664"/>
							<String ID="string_251" HPOS="688" VPOS="845" WIDTH="25" HEIGHT="20" WC="0.93" CONTENT="de"/><SP WIDTH="22" VPOS="845" HPOS="713"/>
							<String ID="string_252" HPOS="735" VPOS="844" WIDTH="144" HEIGHT="26" WC="0.88" CONTENT="uppoffringar"/><SP WIDTH="16" VPOS="844" HPOS="879"/>
							<String ID="string_253" HPOS="895" VPOS="843" WIDTH="26" HEIGHT="21" WC="0.96" CONTENT="de"/>
						</TextLine>
						<TextLine ID="line_24" HPOS="104" VPOS="862" WIDTH="452" HEIGHT="44">
							<String ID="string_254" HPOS="104" VPOS="871" WIDTH="95" HEIGHT="35" WC="0.92" CONTENT="frivilligt"/><SP WIDTH="15" VPOS="871" HPOS="199"/>
							<String ID="string_255" HPOS="214" VPOS="862" WIDTH="73" HEIGHT="34" WC="0.92" CONTENT="dervid"/><SP WIDTH="14" VPOS="862" HPOS="287"/>
							<String ID="string_256" HPOS="301" VPOS="876" WIDTH="52" HEIGHT="25" WC="0.93" CONTENT="göra"/><SP WIDTH="15" VPOS="876" HPOS="353"/>
							<String ID="string_257" HPOS="368" VPOS="874" WIDTH="74" HEIGHT="26" WC="0.92" CONTENT="sjelfva"/><SP WIDTH="14" VPOS="874" HPOS="442"/>
							<String ID="string_258" HPOS="456" VPOS="873" WIDTH="100" HEIGHT="21" WC="0.88" CONTENT="förädlas."/>
						</TextLine>
					</TextBlock>
				</ComposedBlock>
				<ComposedBlock ID="cblock_3" HPOS="103" VPOS="930" WIDTH="824" HEIGHT="626">
					<TextBlock ID="block_2" HPOS="103" VPOS="930" WIDTH="822" HEIGHT="455">
						<TextLine ID="line_25" HPOS="173" VPOS="930" WIDTH="748" HEIGHT="27">
							<String ID="string_259" HPOS="173" VPOS="932" WIDTH="57" HEIGHT="21" WC="0.92" CONTENT="Frih."/><SP WIDTH="16" VPOS="932" HPOS="230"/>
							<String ID="string_260" HPOS="246" VPOS="932" WIDTH="103" HEIGHT="20" WC="0.93" CONTENT="Edvard"/><SP WIDTH="15" VPOS="932" HPOS="349"/>
							<String ID="string_261" HPOS="364" VPOS="932" WIDTH="143" HEIGHT="25" WC="0.92" CONTENT="Hisinger:"/><SP WIDTH="17" VPOS="932" HPOS="507"/>
							<String ID="string_262" HPOS="524" VPOS="931" WIDTH="60" HEIGHT="21" WC="0.96" CONTENT="Efter"/><SP WIDTH="16" VPOS="931" HPOS="584"/>
							<String ID="string_263" HPOS="600" VPOS="931" WIDTH="40" HEIGHT="21" WC="0.93" CONTENT="den"/><SP WIDTH="15" VPOS="931" HPOS="640"/>
							<String ID="string_264" HPOS="655" VPOS="930" WIDTH="63" HEIGHT="26" WC="0.90" CONTENT="länga"/><SP WIDTH="16" VPOS="930" HPOS="718"/>
							<String ID="string_265" HPOS="734" VPOS="930" WIDTH="38" HEIGHT="22" WC="0.93" CONTENT="och"/><SP WIDTH="16" VPOS="930" HPOS="772"/>
							<String ID="string_266" HPOS="788" VPOS="931" WIDTH="86" HEIGHT="21" WC="0.92" CONTENT="sakrika"/><SP WIDTH="14" VPOS="931" HPOS="874"/>
							<String ID="string_267" HPOS="888" VPOS="932" WIDTH="33" HEIGHT="20" WC="0.92" CONTENT="ut-"/>
						</TextLine>
						<TextLine ID="line_26" HPOS="105" VPOS="959" WIDTH="818" HEIGHT="27">
							<String ID="string_268" HPOS="105" VPOS="961" WIDTH="94" HEIGHT="25" WC="0.96" CONTENT="redning,"/><SP WIDTH="24" VPOS="961" HPOS="199"/>
							<String ID="string_269" HPOS="223" VPOS="966" WIDTH="46" HEIGHT="15" WC="0.92" CONTENT="som"/><SP WIDTH="20" VPOS="966" HPOS="269"/>
							<String ID="string_270" HPOS="289" VPOS="960" WIDTH="74" HEIGHT="26" WC="0.95" CONTENT="frågan"/><SP WIDTH="15" VPOS="960" HPOS="363"/>
							<String ID="string_271" HPOS="378" VPOS="966" WIDTH="29" HEIGHT="14" WC="0.93" CONTENT="nu"/><SP WIDTH="15" VPOS="966" HPOS="407"/>
							<String ID="string_272" HPOS="422" VPOS="960" WIDTH="68" HEIGHT="20" WC="0.96" CONTENT="blifvit"/><SP WIDTH="14" VPOS="960" HPOS="490"/>
							<String ID="string_273" HPOS="504" VPOS="960" WIDTH="151" HEIGHT="25" WC="0.96" CONTENT="underkastad,"/><SP WIDTH="16" VPOS="960" HPOS="655"/>
							<String ID="string_274" HPOS="671" VPOS="960" WIDTH="66" HEIGHT="20" WC="0.96" CONTENT="borde"/><SP WIDTH="14" VPOS="960" HPOS="737"/>
							<String ID="string_275" HPOS="751" VPOS="959" WIDTH="39" HEIGHT="27" WC="0.96" CONTENT="jag"/><SP WIDTH="12" VPOS="959" HPOS="790"/>
							<String ID="string_276" HPOS="802" VPOS="960" WIDTH="48" HEIGHT="20" WC="0.93" CONTENT="med"/><SP WIDTH="15" VPOS="960" HPOS="850"/>
							<String ID="string_277" HPOS="865" VPOS="961" WIDTH="58" HEIGHT="20" WC="0.96" CONTENT="rätta"/>
						</TextLine>
						<TextLine ID="line_27" HPOS="106" VPOS="988" WIDTH="817" HEIGHT="27">
							<String ID="string_278" HPOS="106" VPOS="989" WIDTH="55" HEIGHT="21" WC="0.90" CONTENT="aistä"/><SP WIDTH="20" VPOS="989" HPOS="161"/>
							<String ID="string_279" HPOS="181" VPOS="989" WIDTH="47" HEIGHT="21" WC="0.91" CONTENT="frän"/><SP WIDTH="23" VPOS="989" HPOS="228"/>
							<String ID="string_280" HPOS="251" VPOS="989" WIDTH="68" HEIGHT="21" WC="0.90" CONTENT="ordet."/><SP WIDTH="28" VPOS="989" HPOS="319"/>
							<String ID="string_281" HPOS="347" VPOS="988" WIDTH="41" HEIGHT="26" WC="0.96" CONTENT="Jag"/><SP WIDTH="22" VPOS="988" HPOS="388"/>
							<String ID="string_282" HPOS="410" VPOS="988" WIDTH="38" HEIGHT="21" WC="0.96" CONTENT="ber"/><SP WIDTH="23" VPOS="988" HPOS="448"/>
							<String ID="string_283" HPOS="471" VPOS="988" WIDTH="53" HEIGHT="21" WC="0.93" CONTENT="dock"/><SP WIDTH="20" VPOS="988" HPOS="524"/>
							<String ID="string_284" HPOS="544" VPOS="988" WIDTH="22" HEIGHT="21" WC="0.92" CONTENT="fä"/><SP WIDTH="14" VPOS="988" HPOS="566"/>
							<String ID="string_285" HPOS="580" VPOS="988" WIDTH="77" HEIGHT="21" WC="0.92" CONTENT="beröra"/><SP WIDTH="15" VPOS="988" HPOS="657"/>
							<String ID="string_286" HPOS="672" VPOS="993" WIDTH="25" HEIGHT="15" WC="0.96" CONTENT="en"/><SP WIDTH="15" VPOS="993" HPOS="697"/>
							<String ID="string_287" HPOS="712" VPOS="988" WIDTH="42" HEIGHT="20" WC="0.93" CONTENT="viss"/><SP WIDTH="16" VPOS="988" HPOS="754"/>
							<String ID="string_288" HPOS="770" VPOS="988" WIDTH="70" HEIGHT="27" WC="0.88" CONTENT="detalj,"/><SP WIDTH="17" VPOS="988" HPOS="840"/>
							<String ID="string_289" HPOS="857" VPOS="988" WIDTH="66" HEIGHT="22" WC="0.97" CONTENT="sedan"/>
						</TextLine>
						<TextLine ID="line_28" HPOS="103" VPOS="1016" WIDTH="819" HEIGHT="29">
							<String ID="string_290" HPOS="103" VPOS="1018" WIDTH="36" HEIGHT="34" WC="0.96" CONTENT="jag"/><SP WIDTH="23" VPOS="1018" HPOS="139"/>
							<String ID="string_291" HPOS="162" VPOS="1017" WIDTH="53" HEIGHT="21" WC="0.93" CONTENT="först"/><SP WIDTH="23" VPOS="1017" HPOS="215"/>
							<String ID="string_292" HPOS="238" VPOS="1018" WIDTH="81" HEIGHT="25" WC="0.93" CONTENT="erkänt,"/><SP WIDTH="24" VPOS="1018" HPOS="319"/>
							<String ID="string_293" HPOS="343" VPOS="1019" WIDTH="32" HEIGHT="19" WC="0.97" CONTENT="att"/><SP WIDTH="14" VPOS="1019" HPOS="375"/>
							<String ID="string_294" HPOS="389" VPOS="1017" WIDTH="43" HEIGHT="21" WC="0.96" CONTENT="min"/><SP WIDTH="16" VPOS="1017" HPOS="432"/>
							<String ID="string_295" HPOS="448" VPOS="1016" WIDTH="119" HEIGHT="22" WC="0.92" CONTENT="erfarenhet"/><SP WIDTH="15" VPOS="1016" HPOS="567"/>
							<String ID="string_296" HPOS="582" VPOS="1018" WIDTH="24" HEIGHT="19" WC="0.93" CONTENT="är"/><SP WIDTH="15" VPOS="1018" HPOS="606"/>
							<String ID="string_297" HPOS="621" VPOS="1016" WIDTH="65" HEIGHT="21" WC="0.92" CONTENT="sädan"/><SP WIDTH="15" VPOS="1016" HPOS="686"/>
							<String ID="string_298" HPOS="701" VPOS="1018" WIDTH="32" HEIGHT="19" WC="0.96" CONTENT="att"/><SP WIDTH="15" VPOS="1018" HPOS="733"/>
							<String ID="string_299" HPOS="748" VPOS="1016" WIDTH="34" HEIGHT="27" WC="0.93" CONTENT="jag"/><SP WIDTH="16" VPOS="1016" HPOS="782"/>
							<String ID="string_300" HPOS="798" VPOS="1017" WIDTH="124" HEIGHT="26" WC="0.91" CONTENT="obetingadt"/>
						</TextLine>
						<TextLine ID="line_29" HPOS="105" VPOS="1033" WIDTH="818" HEIGHT="39">
							<String ID="string_301" HPOS="105" VPOS="1046" WIDTH="68" HEIGHT="21" WC="0.92" CONTENT="mäste"/><SP WIDTH="16" VPOS="1046" HPOS="173"/>
							<String ID="string_302" HPOS="189" VPOS="1046" WIDTH="84" HEIGHT="20" WC="0.92" CONTENT="ansluta"/><SP WIDTH="15" VPOS="1046" HPOS="273"/>
							<String ID="string_303" HPOS="288" VPOS="1046" WIDTH="43" HEIGHT="26" WC="0.93" CONTENT="mig"/><SP WIDTH="14" VPOS="1046" HPOS="331"/>
							<String ID="string_304" HPOS="345" VPOS="1045" WIDTH="54" HEIGHT="21" WC="0.92" CONTENT="bäde"/><SP WIDTH="16" VPOS="1045" HPOS="399"/>
							<String ID="string_305" HPOS="415" VPOS="1045" WIDTH="32" HEIGHT="21" WC="0.93" CONTENT="till"/><SP WIDTH="16" VPOS="1045" HPOS="447"/>
							<String ID="string_306" HPOS="463" VPOS="1045" WIDTH="111" HEIGHT="27" WC="0.91" CONTENT="skoltväng"/><SP WIDTH="16" VPOS="1045" HPOS="574"/>
							<String ID="string_307" HPOS="590" VPOS="1045" WIDTH="38" HEIGHT="21" WC="0.93" CONTENT="och"/><SP WIDTH="15" VPOS="1045" HPOS="628"/>
							<String ID="string_308" HPOS="643" VPOS="1044" WIDTH="116" HEIGHT="27" WC="0.92" CONTENT="lärotväng,"/><SP WIDTH="17" VPOS="1044" HPOS="759"/>
							<String ID="string_309" HPOS="776" VPOS="1046" WIDTH="19" HEIGHT="20" WC="0.93" CONTENT="d."/><SP WIDTH="16" VPOS="1046" HPOS="795"/>
							<String ID="string_310" HPOS="811" VPOS="1052" WIDTH="19" HEIGHT="14" WC="0.91" CONTENT="v."/><SP WIDTH="12" VPOS="1052" HPOS="830"/>
							<String ID="string_311" HPOS="842" VPOS="1051" WIDTH="14" HEIGHT="15" WC="0.91" CONTENT="s."/><SP WIDTH="12" VPOS="1051" HPOS="856"/>
							<String ID="string_312" HPOS="868" VPOS="1033" WIDTH="55" HEIGHT="33" WC="0.95" CONTENT="först"/>
						</TextLine>
						<TextLine ID="line_30" HPOS="105" VPOS="1074" WIDTH="818" HEIGHT="27">
							<String ID="string_313" HPOS="105" VPOS="1075" WIDTH="87" HEIGHT="26" WC="0.92" CONTENT="tvänget"/><SP WIDTH="15" VPOS="1075" HPOS="192"/>
							<String ID="string_314" HPOS="207" VPOS="1076" WIDTH="32" HEIGHT="19" WC="0.93" CONTENT="att"/><SP WIDTH="15" VPOS="1076" HPOS="239"/>
							<String ID="string_315" HPOS="254" VPOS="1074" WIDTH="91" HEIGHT="26" WC="0.92" CONTENT="uppföra"/><SP WIDTH="15" VPOS="1074" HPOS="345"/>
							<String ID="string_316" HPOS="360" VPOS="1076" WIDTH="31" HEIGHT="19" WC="0.93" CONTENT="ett"/><SP WIDTH="14" VPOS="1076" HPOS="391"/>
							<String ID="string_317" HPOS="405" VPOS="1074" WIDTH="74" HEIGHT="26" WC="0.92" CONTENT="nödigt"/><SP WIDTH="15" VPOS="1074" HPOS="479"/>
							<String ID="string_318" HPOS="494" VPOS="1074" WIDTH="58" HEIGHT="21" WC="0.95" CONTENT="antal"/><SP WIDTH="15" VPOS="1074" HPOS="552"/>
							<String ID="string_319" HPOS="567" VPOS="1074" WIDTH="95" HEIGHT="26" WC="0.93" CONTENT="lämpligt"/><SP WIDTH="15" VPOS="1074" HPOS="662"/>
							<String ID="string_320" HPOS="677" VPOS="1074" WIDTH="111" HEIGHT="25" WC="0.91" CONTENT="placerade"/><SP WIDTH="11" VPOS="1074" HPOS="788"/>
							<String ID="string_321" HPOS="799" VPOS="1074" WIDTH="71" HEIGHT="21" WC="0.93" CONTENT="skolor"/><SP WIDTH="13" VPOS="1074" HPOS="870"/>
							<String ID="string_322" HPOS="883" VPOS="1074" WIDTH="40" HEIGHT="21" WC="0.96" CONTENT="och"/>
						</TextLine>
						<TextLine ID="line_31" HPOS="106" VPOS="1089" WIDTH="817" HEIGHT="40">
							<String ID="string_323" HPOS="106" VPOS="1091" WIDTH="65" HEIGHT="33" WC="0.96" CONTENT="sedan"/><SP WIDTH="23" VPOS="1091" HPOS="171"/>
							<String ID="string_324" HPOS="194" VPOS="1102" WIDTH="87" HEIGHT="27" WC="0.93" CONTENT="tvänget"/><SP WIDTH="18" VPOS="1102" HPOS="281"/>
							<String ID="string_325" HPOS="299" VPOS="1104" WIDTH="32" HEIGHT="19" WC="0.96" CONTENT="att"/><SP WIDTH="15" VPOS="1104" HPOS="331"/>
							<String ID="string_326" HPOS="346" VPOS="1102" WIDTH="73" HEIGHT="21" WC="0.96" CONTENT="skicka"/><SP WIDTH="14" VPOS="1102" HPOS="419"/>
							<String ID="string_327" HPOS="433" VPOS="1089" WIDTH="80" HEIGHT="34" WC="0.92" CONTENT="barnen"/><SP WIDTH="16" VPOS="1089" HPOS="513"/>
							<String ID="string_328" HPOS="529" VPOS="1102" WIDTH="32" HEIGHT="21" WC="0.96" CONTENT="till"/><SP WIDTH="15" VPOS="1102" HPOS="561"/>
							<String ID="string_329" HPOS="576" VPOS="1103" WIDTH="62" HEIGHT="20" WC="0.93" CONTENT="dessa"/><SP WIDTH="15" VPOS="1103" HPOS="638"/>
							<String ID="string_330" HPOS="653" VPOS="1102" WIDTH="77" HEIGHT="20" WC="0.96" CONTENT="skolor."/><SP WIDTH="30" VPOS="1102" HPOS="730"/>
							<String ID="string_331" HPOS="760" VPOS="1102" WIDTH="78" HEIGHT="21" WC="0.95" CONTENT="Farten"/><SP WIDTH="16" VPOS="1102" HPOS="838"/>
							<String ID="string_332" HPOS="854" VPOS="1103" WIDTH="5" HEIGHT="19" WC="0.93" CONTENT="i"/><SP WIDTH="16" VPOS="1103" HPOS="859"/>
							<String ID="string_333" HPOS="875" VPOS="1102" WIDTH="48" HEIGHT="20" WC="0.96" CONTENT="vårt"/>
						</TextLine>
						<TextLine ID="line_32" HPOS="106" VPOS="1130" WIDTH="817" HEIGHT="27">
							<String ID="string_334" HPOS="106" VPOS="1131" WIDTH="151" HEIGHT="22" WC="0.91" CONTENT="skolväsendes"/><SP WIDTH="14" VPOS="1131" HPOS="257"/>
							<String ID="string_335" HPOS="271" VPOS="1130" WIDTH="120" HEIGHT="27" WC="0.95" CONTENT="utveckling"/><SP WIDTH="15" VPOS="1130" HPOS="391"/>
							<String ID="string_336" HPOS="406" VPOS="1131" WIDTH="39" HEIGHT="20" WC="0.93" CONTENT="har"/><SP WIDTH="14" VPOS="1131" HPOS="445"/>
							<String ID="string_337" HPOS="459" VPOS="1131" WIDTH="122" HEIGHT="26" WC="0.92" CONTENT="visserligen"/><SP WIDTH="16" VPOS="1131" HPOS="581"/>
							<String ID="string_338" HPOS="597" VPOS="1131" WIDTH="55" HEIGHT="20" WC="0.96" CONTENT="varit"/><SP WIDTH="14" VPOS="1131" HPOS="652"/>
							<String ID="string_339" HPOS="666" VPOS="1130" WIDTH="48" HEIGHT="26" WC="0.96" CONTENT="god,"/><SP WIDTH="16" VPOS="1130" HPOS="714"/>
							<String ID="string_340" HPOS="730" VPOS="1136" WIDTH="48" HEIGHT="15" WC="0.96" CONTENT="men"/><SP WIDTH="16" VPOS="1136" HPOS="778"/>
							<String ID="string_341" HPOS="794" VPOS="1130" WIDTH="36" HEIGHT="21" WC="0.93" CONTENT="det"/><SP WIDTH="14" VPOS="1130" HPOS="830"/>
							<String ID="string_342" HPOS="844" VPOS="1131" WIDTH="79" HEIGHT="20" WC="0.92" CONTENT="skadar"/>
						</TextLine>
						<TextLine ID="line_33" HPOS="106" VPOS="1159" WIDTH="816" HEIGHT="27">
							<String ID="string_343" HPOS="106" VPOS="1161" WIDTH="46" HEIGHT="20" WC="0.96" CONTENT="icke"/><SP WIDTH="16" VPOS="1161" HPOS="152"/>
							<String ID="string_344" HPOS="168" VPOS="1161" WIDTH="32" HEIGHT="20" WC="0.93" CONTENT="att"/><SP WIDTH="15" VPOS="1161" HPOS="200"/>
							<String ID="string_345" HPOS="215" VPOS="1159" WIDTH="109" HEIGHT="27" WC="0.96" CONTENT="påskynda"/><SP WIDTH="15" VPOS="1159" HPOS="324"/>
							<String ID="string_346" HPOS="339" VPOS="1159" WIDTH="46" HEIGHT="21" WC="0.95" CONTENT="den."/><SP WIDTH="32" VPOS="1159" HPOS="385"/>
							<String ID="string_347" HPOS="417" VPOS="1159" WIDTH="39" HEIGHT="21" WC="0.93" CONTENT="Om"/><SP WIDTH="16" VPOS="1159" HPOS="456"/>
							<String ID="string_348" HPOS="472" VPOS="1159" WIDTH="115" HEIGHT="21" WC="0.96" CONTENT="utskottets"/><SP WIDTH="15" VPOS="1159" HPOS="587"/>
							<String ID="string_349" HPOS="602" VPOS="1159" WIDTH="79" HEIGHT="26" WC="0.97" CONTENT="förslag"/><SP WIDTH="19" VPOS="1159" HPOS="681"/>
							<String ID="string_350" HPOS="700" VPOS="1159" WIDTH="32" HEIGHT="20" WC="0.93" CONTENT="till"/><SP WIDTH="15" VPOS="1159" HPOS="732"/>
							<String ID="string_351" HPOS="747" VPOS="1159" WIDTH="56" HEIGHT="20" WC="0.96" CONTENT="kläm"/><SP WIDTH="25" VPOS="1159" HPOS="803"/>
							<String ID="string_352" HPOS="828" VPOS="1161" WIDTH="94" HEIGHT="24" WC="0.96" CONTENT="antages,"/>
						</TextLine>
						<TextLine ID="line_34" HPOS="108" VPOS="1187" WIDTH="815" HEIGHT="27">
							<String ID="string_353" HPOS="108" VPOS="1189" WIDTH="68" HEIGHT="21" WC="0.96" CONTENT="skulle"/><SP WIDTH="14" VPOS="1189" HPOS="176"/>
							<String ID="string_354" HPOS="190" VPOS="1188" WIDTH="35" HEIGHT="26" WC="0.96" CONTENT="jag"/><SP WIDTH="16" VPOS="1188" HPOS="225"/>
							<String ID="string_355" HPOS="241" VPOS="1188" WIDTH="25" HEIGHT="21" WC="0.93" CONTENT="be"/><SP WIDTH="16" VPOS="1188" HPOS="266"/>
							<String ID="string_356" HPOS="282" VPOS="1188" WIDTH="21" HEIGHT="20" WC="0.93" CONTENT="fä"/><SP WIDTH="15" VPOS="1188" HPOS="303"/>
							<String ID="string_357" HPOS="318" VPOS="1188" WIDTH="70" HEIGHT="20" WC="0.93" CONTENT="införa"/><SP WIDTH="15" VPOS="1188" HPOS="388"/>
							<String ID="string_358" HPOS="403" VPOS="1188" WIDTH="44" HEIGHT="20" WC="0.89" CONTENT="deri"/><SP WIDTH="16" VPOS="1188" HPOS="447"/>
							<String ID="string_359" HPOS="463" VPOS="1189" WIDTH="31" HEIGHT="19" WC="0.95" CONTENT="ett"/><SP WIDTH="18" VPOS="1189" HPOS="494"/>
							<String ID="string_360" HPOS="512" VPOS="1193" WIDTH="38" HEIGHT="20" WC="0.96" CONTENT="par"/><SP WIDTH="16" VPOS="1193" HPOS="550"/>
							<String ID="string_361" HPOS="566" VPOS="1187" WIDTH="48" HEIGHT="26" WC="0.96" CONTENT="ord;"/><SP WIDTH="16" VPOS="1187" HPOS="614"/>
							<String ID="string_362" HPOS="630" VPOS="1187" WIDTH="35" HEIGHT="21" WC="0.96" CONTENT="det"/><SP WIDTH="15" VPOS="1187" HPOS="665"/>
							<String ID="string_363" HPOS="680" VPOS="1187" WIDTH="60" HEIGHT="20" WC="0.96" CONTENT="heter"/><SP WIDTH="15" VPOS="1187" HPOS="740"/>
							<String ID="string_364" HPOS="755" VPOS="1187" WIDTH="106" HEIGHT="26" WC="0.96" CONTENT="nämligen"/><SP WIDTH="14" VPOS="1187" HPOS="861"/>
							<String ID="string_365" HPOS="875" VPOS="1187" WIDTH="48" HEIGHT="21" WC="0.96" CONTENT="der:"/>
						</TextLine>
						<TextLine ID="line_35" HPOS="106" VPOS="1203" WIDTH="818" HEIGHT="41">
							<String ID="string_366" HPOS="106" VPOS="1219" WIDTH="44" HEIGHT="25" WC="0.86" CONTENT="yätt"/><SP WIDTH="15" VPOS="1219" HPOS="150"/>
							<String ID="string_367" HPOS="165" VPOS="1216" WIDTH="96" HEIGHT="21" WC="0.96" CONTENT="enskilda"/><SP WIDTH="14" VPOS="1216" HPOS="261"/>
							<String ID="string_368" HPOS="275" VPOS="1222" WIDTH="101" HEIGHT="21" WC="0.96" CONTENT="personer"/><SP WIDTH="15" VPOS="1222" HPOS="376"/>
							<String ID="string_369" HPOS="391" VPOS="1216" WIDTH="39" HEIGHT="21" WC="0.93" CONTENT="och"/><SP WIDTH="15" VPOS="1216" HPOS="430"/>
							<String ID="string_370" HPOS="445" VPOS="1216" WIDTH="76" HEIGHT="26" WC="0.96" CONTENT="byalag"/><SP WIDTH="15" VPOS="1216" HPOS="521"/>
							<String ID="string_371" HPOS="536" VPOS="1215" WIDTH="54" HEIGHT="26" WC="0.96" CONTENT="finge"/><SP WIDTH="16" VPOS="1215" HPOS="590"/>
							<String ID="string_372" HPOS="606" VPOS="1203" WIDTH="44" HEIGHT="34" WC="0.95" CONTENT="rätt"/><SP WIDTH="10" VPOS="1203" HPOS="650"/>
							<String ID="string_373" HPOS="660" VPOS="1217" WIDTH="32" HEIGHT="19" WC="0.96" CONTENT="att"/><SP WIDTH="11" VPOS="1217" HPOS="692"/>
							<String ID="string_374" HPOS="703" VPOS="1204" WIDTH="130" HEIGHT="33" WC="0.96" CONTENT="oberoende"/><SP WIDTH="-1" VPOS="1204" HPOS="833"/>
							<String ID="string_375" HPOS="832" VPOS="1215" WIDTH="22" HEIGHT="21" WC="0.93" CONTENT="af"/><SP WIDTH="10" VPOS="1215" HPOS="854"/>
							<String ID="string_376" HPOS="864" VPOS="1216" WIDTH="60" HEIGHT="21" WC="0.91" CONTENT="kom-"/>
						</TextLine>
						<TextLine ID="line_36" HPOS="106" VPOS="1234" WIDTH="818" HEIGHT="37">
							<String ID="string_377" HPOS="106" VPOS="1234" WIDTH="89" HEIGHT="32" WC="0.91" CONTENT="munens"/><SP WIDTH="16" VPOS="1234" HPOS="195"/>
							<String ID="string_378" HPOS="211" VPOS="1245" WIDTH="146" HEIGHT="26" WC="0.90" CONTENT="medgifvande"/><SP WIDTH="14" VPOS="1245" HPOS="357"/>
							<String ID="string_379" HPOS="371" VPOS="1245" WIDTH="80" HEIGHT="20" WC="0.96" CONTENT="inrätta"/><SP WIDTH="16" VPOS="1245" HPOS="451"/>
							<String ID="string_380" HPOS="467" VPOS="1232" WIDTH="91" HEIGHT="33" WC="0.92" CONTENT="afskilda"/><SP WIDTH="19" VPOS="1232" HPOS="558"/>
							<String ID="string_381" HPOS="577" VPOS="1243" WIDTH="150" HEIGHT="22" WC="0.31" CONTENT="skoldistrikté."/><SP WIDTH="30" VPOS="1243" HPOS="727"/>
							<String ID="string_382" HPOS="757" VPOS="1245" WIDTH="11" HEIGHT="20" WC="0.94" CONTENT="I"/><SP WIDTH="16" VPOS="1245" HPOS="768"/>
							<String ID="string_383" HPOS="784" VPOS="1244" WIDTH="67" HEIGHT="21" WC="0.96" CONTENT="denna"/><SP WIDTH="15" VPOS="1244" HPOS="851"/>
							<String ID="string_384" HPOS="866" VPOS="1244" WIDTH="58" HEIGHT="21" WC="0.96" CONTENT="kläm"/>
						</TextLine>
						<TextLine ID="line_37" HPOS="108" VPOS="1272" WIDTH="816" HEIGHT="27">
							<String ID="string_385" HPOS="108" VPOS="1273" WIDTH="93" HEIGHT="22" WC="0.96" CONTENT="önskade"/><SP WIDTH="20" VPOS="1273" HPOS="201"/>
							<String ID="string_386" HPOS="221" VPOS="1273" WIDTH="37" HEIGHT="26" WC="0.96" CONTENT="jag"/><SP WIDTH="21" VPOS="1273" HPOS="258"/>
							<String ID="string_387" HPOS="279" VPOS="1273" WIDTH="22" HEIGHT="20" WC="0.96" CONTENT="få"/><SP WIDTH="22" VPOS="1273" HPOS="301"/>
							<String ID="string_388" HPOS="323" VPOS="1273" WIDTH="84" HEIGHT="20" WC="0.96" CONTENT="införda"/><SP WIDTH="22" VPOS="1273" HPOS="407"/>
							<String ID="string_389" HPOS="429" VPOS="1273" WIDTH="65" HEIGHT="20" WC="0.93" CONTENT="orden"/><SP WIDTH="23" VPOS="1273" HPOS="494"/>
							<String ID="string_390" HPOS="517" VPOS="1272" WIDTH="38" HEIGHT="27" WC="0.91" CONTENT=",på"/><SP WIDTH="15" VPOS="1272" HPOS="555"/>
							<String ID="string_391" HPOS="570" VPOS="1278" WIDTH="52" HEIGHT="21" WC="0.96" CONTENT="egen"/><SP WIDTH="21" VPOS="1278" HPOS="622"/>
							<String ID="string_392" HPOS="643" VPOS="1273" WIDTH="138" HEIGHT="25" WC="0.70" CONTENT="bekostnad&quot;,"/><SP WIDTH="17" VPOS="1273" HPOS="781"/>
							<String ID="string_393" HPOS="798" VPOS="1272" WIDTH="22" HEIGHT="21" WC="0.96" CONTENT="så"/><SP WIDTH="16" VPOS="1272" HPOS="820"/>
							<String ID="string_394" HPOS="836" VPOS="1274" WIDTH="32" HEIGHT="19" WC="0.96" CONTENT="att"/><SP WIDTH="15" VPOS="1274" HPOS="868"/>
							<String ID="string_395" HPOS="883" VPOS="1273" WIDTH="41" HEIGHT="20" WC="0.96" CONTENT="den"/>
						</TextLine>
						<TextLine ID="line_38" HPOS="108" VPOS="1300" WIDTH="817" HEIGHT="29">
							<String ID="string_396" HPOS="108" VPOS="1302" WIDTH="67" HEIGHT="21" WC="0.96" CONTENT="skulle"/><SP WIDTH="16" VPOS="1302" HPOS="175"/>
							<String ID="string_397" HPOS="191" VPOS="1302" WIDTH="85" HEIGHT="20" WC="0.96" CONTENT="komma"/><SP WIDTH="15" VPOS="1302" HPOS="276"/>
							<String ID="string_398" HPOS="291" VPOS="1303" WIDTH="32" HEIGHT="19" WC="0.96" CONTENT="att"/><SP WIDTH="14" VPOS="1303" HPOS="323"/>
							<String ID="string_399" HPOS="337" VPOS="1301" WIDTH="50" HEIGHT="28" WC="0.96" CONTENT="lyda"/><SP WIDTH="15" VPOS="1301" HPOS="387"/>
							<String ID="string_400" HPOS="402" VPOS="1307" WIDTH="45" HEIGHT="14" WC="0.96" CONTENT="som"/><SP WIDTH="15" VPOS="1307" HPOS="447"/>
							<String ID="string_401" HPOS="462" VPOS="1301" WIDTH="70" HEIGHT="26" WC="0.92" CONTENT="följer:"/><SP WIDTH="16" VPOS="1301" HPOS="532"/>
							<String ID="string_402" HPOS="548" VPOS="1303" WIDTH="44" HEIGHT="26" WC="0.88" CONTENT=",att"/><SP WIDTH="16" VPOS="1303" HPOS="592"/>
							<String ID="string_403" HPOS="608" VPOS="1301" WIDTH="94" HEIGHT="21" WC="0.96" CONTENT="enskilda"/><SP WIDTH="15" VPOS="1301" HPOS="702"/>
							<String ID="string_404" HPOS="717" VPOS="1307" WIDTH="100" HEIGHT="20" WC="0.96" CONTENT="personer"/><SP WIDTH="9" VPOS="1307" HPOS="817"/>
							<String ID="string_405" HPOS="826" VPOS="1301" WIDTH="38" HEIGHT="20" WC="0.93" CONTENT="och"/><SP WIDTH="11" VPOS="1301" HPOS="864"/>
							<String ID="string_406" HPOS="875" VPOS="1300" WIDTH="50" HEIGHT="27" WC="0.92" CONTENT="bya-"/>
						</TextLine>
						<TextLine ID="line_39" HPOS="107" VPOS="1329" WIDTH="818" HEIGHT="28">
							<String ID="string_407" HPOS="107" VPOS="1331" WIDTH="35" HEIGHT="26" WC="0.95" CONTENT="lag"/><SP WIDTH="22" VPOS="1331" HPOS="142"/>
							<String ID="string_408" HPOS="164" VPOS="1330" WIDTH="55" HEIGHT="26" WC="0.96" CONTENT="finge"/><SP WIDTH="22" VPOS="1330" HPOS="219"/>
							<String ID="string_409" HPOS="241" VPOS="1332" WIDTH="42" HEIGHT="19" WC="0.96" CONTENT="rätt"/><SP WIDTH="15" VPOS="1332" HPOS="283"/>
							<String ID="string_410" HPOS="298" VPOS="1332" WIDTH="33" HEIGHT="19" WC="0.95" CONTENT="att"/><SP WIDTH="15" VPOS="1332" HPOS="331"/>
							<String ID="string_411" HPOS="346" VPOS="1329" WIDTH="119" HEIGHT="22" WC="0.96" CONTENT="oberoende"/><SP WIDTH="15" VPOS="1329" HPOS="465"/>
							<String ID="string_412" HPOS="480" VPOS="1330" WIDTH="22" HEIGHT="21" WC="0.96" CONTENT="af"/><SP WIDTH="13" VPOS="1330" HPOS="502"/>
							<String ID="string_413" HPOS="515" VPOS="1329" WIDTH="139" HEIGHT="22" WC="0.93" CONTENT="kommunens"/><SP WIDTH="15" VPOS="1329" HPOS="654"/>
							<String ID="string_414" HPOS="669" VPOS="1329" WIDTH="145" HEIGHT="27" WC="0.90" CONTENT="medgifvande"/><SP WIDTH="17" VPOS="1329" HPOS="814"/>
							<String ID="string_415" HPOS="831" VPOS="1329" WIDTH="26" HEIGHT="26" WC="0.96" CONTENT="på"/><SP WIDTH="15" VPOS="1329" HPOS="857"/>
							<String ID="string_416" HPOS="872" VPOS="1335" WIDTH="53" HEIGHT="20" WC="0.96" CONTENT="egen"/>
						</TextLine>
						<TextLine ID="line_40" HPOS="108" VPOS="1358" WIDTH="542" HEIGHT="27">
							<String ID="string_417" HPOS="108" VPOS="1359" WIDTH="118" HEIGHT="21" WC="0.95" CONTENT="bekostnad"/><SP WIDTH="15" VPOS="1359" HPOS="226"/>
							<String ID="string_418" HPOS="241" VPOS="1359" WIDTH="79" HEIGHT="20" WC="0.93" CONTENT="inrätta"/><SP WIDTH="15" VPOS="1359" HPOS="320"/>
							<String ID="string_419" HPOS="335" VPOS="1358" WIDTH="90" HEIGHT="21" WC="0.92" CONTENT="afskilda"/><SP WIDTH="16" VPOS="1358" HPOS="425"/>
							<String ID="string_420" HPOS="441" VPOS="1358" WIDTH="153" HEIGHT="32" WC="0.72" CONTENT="skoldistrikt&quot;,"/><SP WIDTH="18" VPOS="1358" HPOS="594"/>
							<String ID="string_421" HPOS="612" VPOS="1360" WIDTH="38" HEIGHT="19" WC="0.96" CONTENT="etc."/>
						</TextLine>
					</TextBlock>
					<TextBlock ID="block_3" HPOS="108" VPOS="1385" WIDTH="818" HEIGHT="84">
						<TextLine ID="line_41" HPOS="176" VPOS="1385" WIDTH="749" HEIGHT="26">
							<String ID="string_422" HPOS="176" VPOS="1388" WIDTH="38" HEIGHT="19" WC="0.96" CONTENT="Ett"/><SP WIDTH="16" VPOS="1388" HPOS="214"/>
							<String ID="string_423" HPOS="230" VPOS="1388" WIDTH="53" HEIGHT="19" WC="0.96" CONTENT="enda"/><SP WIDTH="16" VPOS="1388" HPOS="283"/>
							<String ID="string_424" HPOS="299" VPOS="1387" WIDTH="132" HEIGHT="21" WC="0.96" CONTENT="skoldistrikt"/><SP WIDTH="21" VPOS="1387" HPOS="431"/>
							<String ID="string_425" HPOS="452" VPOS="1387" WIDTH="1" HEIGHT="20" WC="0.96" CONTENT="i"/><SP WIDTH="15" VPOS="1387" HPOS="453"/>
							<String ID="string_426" HPOS="468" VPOS="1387" WIDTH="127" HEIGHT="20" WC="0.96" CONTENT="kommunen"/><SP WIDTH="15" VPOS="1387" HPOS="595"/>
							<String ID="string_427" HPOS="610" VPOS="1387" WIDTH="60" HEIGHT="20" WC="0.95" CONTENT="torde"/><SP WIDTH="14" VPOS="1387" HPOS="670"/>
							<String ID="string_428" HPOS="684" VPOS="1386" WIDTH="24" HEIGHT="25" WC="0.96" CONTENT="ju"/><SP WIDTH="14" VPOS="1386" HPOS="708"/>
							<String ID="string_429" HPOS="722" VPOS="1386" WIDTH="60" HEIGHT="20" WC="0.96" CONTENT="alltid"/><SP WIDTH="16" VPOS="1386" HPOS="782"/>
							<String ID="string_430" HPOS="798" VPOS="1392" WIDTH="50" HEIGHT="13" WC="0.93" CONTENT="vara"/><SP WIDTH="15" VPOS="1392" HPOS="848"/>
							<String ID="string_431" HPOS="863" VPOS="1385" WIDTH="62" HEIGHT="20" WC="0.92" CONTENT="önsk-"/>
						</TextLine>
						<TextLine ID="line_42" HPOS="108" VPOS="1412" WIDTH="818" HEIGHT="29">
							<String ID="string_432" HPOS="108" VPOS="1415" WIDTH="68" HEIGHT="26" WC="0.91" CONTENT="värdt,"/><SP WIDTH="17" VPOS="1415" HPOS="176"/>
							<String ID="string_433" HPOS="193" VPOS="1415" WIDTH="87" HEIGHT="30" WC="0.93" CONTENT="emedan"/><SP WIDTH="16" VPOS="1415" HPOS="280"/>
							<String ID="string_434" HPOS="296" VPOS="1415" WIDTH="120" HEIGHT="26" WC="0.92" CONTENT="derigenom"/><SP WIDTH="17" VPOS="1415" HPOS="416"/>
							<String ID="string_435" HPOS="433" VPOS="1421" WIDTH="24" HEIGHT="14" WC="0.94" CONTENT="en"/><SP WIDTH="16" VPOS="1421" HPOS="457"/>
							<String ID="string_436" HPOS="473" VPOS="1416" WIDTH="68" HEIGHT="19" WC="0.93" CONTENT="större"/><SP WIDTH="19" VPOS="1416" HPOS="541"/>
							<String ID="string_437" HPOS="560" VPOS="1413" WIDTH="144" HEIGHT="27" WC="0.91" CONTENT="likformighet"/><SP WIDTH="14" VPOS="1413" HPOS="704"/>
							<String ID="string_438" HPOS="718" VPOS="1415" WIDTH="6" HEIGHT="19" WC="0.96" CONTENT="i"/><SP WIDTH="17" VPOS="1415" HPOS="724"/>
							<String ID="string_439" HPOS="741" VPOS="1413" WIDTH="38" HEIGHT="21" WC="0.96" CONTENT="allt"/><SP WIDTH="15" VPOS="1413" HPOS="779"/>
							<String ID="string_440" HPOS="794" VPOS="1413" WIDTH="39" HEIGHT="21" WC="0.96" CONTENT="och"/><SP WIDTH="15" VPOS="1413" HPOS="833"/>
							<String ID="string_441" HPOS="848" VPOS="1412" WIDTH="78" HEIGHT="21" WC="0.96" CONTENT="lätthet"/>
						</TextLine>
						<TextLine ID="line_43" HPOS="108" VPOS="1431" WIDTH="291" HEIGHT="46">
							<String ID="string_442" HPOS="108" VPOS="1444" WIDTH="35" HEIGHT="21" WC="0.96" CONTENT="vid"/><SP WIDTH="15" VPOS="1444" HPOS="143"/>
							<String ID="string_443" HPOS="158" VPOS="1431" WIDTH="86" HEIGHT="46" WC="0.96" CONTENT="uppbåd"/><SP WIDTH="10" VPOS="1431" HPOS="244"/>
							<String ID="string_444" HPOS="254" VPOS="1431" WIDTH="145" HEIGHT="38" WC="0.67" CONTENT="&quot;möjliggöres."/>
						</TextLine>
					</TextBlock>
					<TextBlock ID="block_4" HPOS="109" VPOS="1469" WIDTH="818" HEIGHT="87">
						<TextLine ID="line_44" HPOS="178" VPOS="1469" WIDTH="748" HEIGHT="28">
							<String ID="string_445" HPOS="178" VPOS="1472" WIDTH="26" HEIGHT="21" WC="0.95" CONTENT="Se"/><SP WIDTH="16" VPOS="1472" HPOS="204"/>
							<String ID="string_446" HPOS="220" VPOS="1471" WIDTH="19" HEIGHT="21" WC="0.96" CONTENT="vi"/><SP WIDTH="22" VPOS="1471" HPOS="239"/>
							<String ID="string_447" HPOS="261" VPOS="1471" WIDTH="58" HEIGHT="26" WC="0.96" CONTENT="efter,"/><SP WIDTH="17" VPOS="1471" HPOS="319"/>
							<String ID="string_448" HPOS="336" VPOS="1471" WIDTH="55" HEIGHT="21" WC="0.93" CONTENT="huru"/><SP WIDTH="15" VPOS="1471" HPOS="391"/>
							<String ID="string_449" HPOS="406" VPOS="1471" WIDTH="99" HEIGHT="21" WC="0.92" CONTENT="skolorna"/><SP WIDTH="15" VPOS="1471" HPOS="505"/>
							<String ID="string_450" HPOS="520" VPOS="1470" WIDTH="138" HEIGHT="27" WC="0.92" CONTENT="uppkommit,"/><SP WIDTH="16" VPOS="1470" HPOS="658"/>
							<String ID="string_451" HPOS="674" VPOS="1469" WIDTH="23" HEIGHT="22" WC="0.96" CONTENT="sä"/><SP WIDTH="15" VPOS="1469" HPOS="697"/>
							<String ID="string_452" HPOS="712" VPOS="1469" WIDTH="56" HEIGHT="22" WC="0.96" CONTENT="finna"/><SP WIDTH="15" VPOS="1469" HPOS="768"/>
							<String ID="string_453" HPOS="783" VPOS="1469" WIDTH="20" HEIGHT="22" WC="0.96" CONTENT="vi"/><SP WIDTH="16" VPOS="1469" HPOS="803"/>
							<String ID="string_454" HPOS="819" VPOS="1471" WIDTH="31" HEIGHT="20" WC="0.97" CONTENT="att"/><SP WIDTH="16" VPOS="1471" HPOS="850"/>
							<String ID="string_455" HPOS="866" VPOS="1469" WIDTH="60" HEIGHT="22" WC="0.97" CONTENT="alltid"/>
						</TextLine>
						<TextLine ID="line_45" HPOS="109" VPOS="1498" WIDTH="818" HEIGHT="28">
							<String ID="string_456" HPOS="109" VPOS="1508" WIDTH="26" HEIGHT="14" WC="0.96" CONTENT="en"/><SP WIDTH="15" VPOS="1508" HPOS="135"/>
							<String ID="string_457" HPOS="150" VPOS="1501" WIDTH="61" HEIGHT="22" WC="0.96" CONTENT="skola"/><SP WIDTH="15" VPOS="1501" HPOS="211"/>
							<String ID="string_458" HPOS="226" VPOS="1500" WIDTH="6" HEIGHT="21" WC="0.96" CONTENT="i"/><SP WIDTH="16" VPOS="1500" HPOS="232"/>
							<String ID="string_459" HPOS="248" VPOS="1502" WIDTH="94" HEIGHT="20" WC="0.96" CONTENT="centrum"/><SP WIDTH="16" VPOS="1502" HPOS="342"/>
							<String ID="string_460" HPOS="358" VPOS="1500" WIDTH="56" HEIGHT="21" WC="0.92" CONTENT="först"/><SP WIDTH="13" VPOS="1500" HPOS="414"/>
							<String ID="string_461" HPOS="427" VPOS="1499" WIDTH="69" HEIGHT="22" WC="0.92" CONTENT="blifvit"/><SP WIDTH="15" VPOS="1499" HPOS="496"/>
							<String ID="string_462" HPOS="511" VPOS="1499" WIDTH="55" HEIGHT="27" WC="0.90" CONTENT="bygd"/><SP WIDTH="23" VPOS="1499" HPOS="566"/>
							<String ID="string_463" HPOS="589" VPOS="1499" WIDTH="23" HEIGHT="21" WC="0.96" CONTENT="af"/><SP WIDTH="20" VPOS="1499" HPOS="612"/>
							<String ID="string_464" HPOS="632" VPOS="1499" WIDTH="42" HEIGHT="20" WC="0.96" CONTENT="alla"/><SP WIDTH="15" VPOS="1499" HPOS="674"/>
							<String ID="string_465" HPOS="689" VPOS="1499" WIDTH="137" HEIGHT="20" WC="0.93" CONTENT="kommunens"/><SP WIDTH="15" VPOS="1499" HPOS="826"/>
							<String ID="string_466" HPOS="841" VPOS="1498" WIDTH="86" HEIGHT="21" WC="0.91" CONTENT="innevä-"/>
						</TextLine>
						<TextLine ID="line_46" HPOS="109" VPOS="1527" WIDTH="818" HEIGHT="29">
							<String ID="string_467" HPOS="109" VPOS="1536" WIDTH="51" HEIGHT="15" WC="0.95" CONTENT="nare"/><SP WIDTH="15" VPOS="1536" HPOS="160"/>
							<String ID="string_468" HPOS="175" VPOS="1531" WIDTH="136" HEIGHT="25" WC="0.93" CONTENT="gemensamt,"/><SP WIDTH="16" VPOS="1531" HPOS="311"/>
							<String ID="string_469" HPOS="327" VPOS="1529" WIDTH="58" HEIGHT="21" WC="0.38" CONTENT="såväl"/><SP WIDTH="16" VPOS="1529" HPOS="385"/>
							<String ID="string_470" HPOS="401" VPOS="1528" WIDTH="22" HEIGHT="21" WC="0.96" CONTENT="af"/><SP WIDTH="13" VPOS="1528" HPOS="423"/>
							<String ID="string_471" HPOS="436" VPOS="1528" WIDTH="25" HEIGHT="21" WC="0.97" CONTENT="de"/><SP WIDTH="16" VPOS="1528" HPOS="461"/>
							<String ID="string_472" HPOS="477" VPOS="1531" WIDTH="95" HEIGHT="18" WC="0.96" CONTENT="centrum"/><SP WIDTH="15" VPOS="1531" HPOS="572"/>
							<String ID="string_473" HPOS="587" VPOS="1529" WIDTH="53" HEIGHT="19" WC="0.93" CONTENT="nära"/><SP WIDTH="15" VPOS="1529" HPOS="640"/>
							<String ID="string_474" HPOS="655" VPOS="1527" WIDTH="80" HEIGHT="21" WC="0.96" CONTENT="boende"/><SP WIDTH="16" VPOS="1527" HPOS="735"/>
							<String ID="string_475" HPOS="751" VPOS="1533" WIDTH="45" HEIGHT="15" WC="0.93" CONTENT="som"/><SP WIDTH="16" VPOS="1533" HPOS="796"/>
							<String ID="string_476" HPOS="812" VPOS="1527" WIDTH="39" HEIGHT="21" WC="0.97" CONTENT="ock"/><SP WIDTH="15" VPOS="1527" HPOS="851"/>
							<String ID="string_477" HPOS="866" VPOS="1527" WIDTH="23" HEIGHT="21" WC="0.96" CONTENT="af"/><SP WIDTH="11" VPOS="1527" HPOS="889"/>
							<String ID="string_478" HPOS="900" VPOS="1527" WIDTH="27" HEIGHT="21" WC="0.96" CONTENT="de"/>
						</TextLine>
					</TextBlock>
				</ComposedBlock>
			</PrintSpace>
		</Page>
	</Layout>
</alto>
