1081 1756
216 146 54 20 1090
471 150 23 16 R.
507 154 17 12 o.
536 151 22 15 A.
571 150 52 17 1891.
637 150 21 16 19
671 150 46 20 Maj.

186 230 119 25 mänheten,
327 229 48 21 med
397 228 97 22 afseende
516 229 13 21 &
551 229 40 21 den
613 229 71 25 odling
705 228 23 21 af
747 228 72 26 tobak,
842 228 67 21 som
897 224 14 35 i
931 228 71 21 landet

187 264 49 20 eger
251 264 52 15 rum.

254 287 32 21 Hr
307 286 109 21 Hackman
439 286 38 20 har
497 288 46 24 sagt
565 287 32 19 att
613 285 60 21 dessa
688 285 77 21 brister
779 285 31 21 uti
824 285 40 21 den
879 285 47 21 näd.
943 291 58 21 prop.

187 315 54 21 hade
263 316 81 20 kunnat
365 314 110 26 aflägsnas,
490 316 51 19 utan
557 316 30 19 att
603 314 72 26 sjelfva
698 314 109 26 principen
828 313 24 21 af
872 314 54 20 accis
949 314 53 21 deri-

186 350 74 20 genom
283 343 108 27 frängätts.
422 343 50 21 Deri
494 342 41 22 kan
553 343 37 27 jag
612 342 32 21 för
659 342 42 21 min
717 343 34 20 del
765 342 46 22 icke
826 348 50 16 vara
892 348 49 16 ense
956 342 47 21 med

186 372 32 21 Hr
233 372 115 21 Hackman.
378 371 39 26 Jag
433 371 66 21 skulle
514 372 103 26 nämligen
632 374 33 18 tro
682 372 31 19 att
728 370 13 28 &
757 371 12 21 6
785 371 6 20 i
806 371 48 21 nåd.
870 377 65 21 prop.,
951 370 52 21 hvil-

187 400 41 22 ken
243 400 108 27 förbjuder
365 399 148 27 tobaksodling
528 400 7 20 i
549 399 90 21 Finland
654 401 64 19 annat
733 401 27 19 än
777 399 32 21 till
822 399 109 26 husbehof,
942 401 61 25 utgör

186 435 26 15 en
240 429 120 26 nödvändig
379 429 129 26 konsegvens
523 428 22 21 af
558 428 240 27 tobaksaccissystemets
813 428 109 21 införande
936 428 7 20 i
958 428 42 21 lan-

187 458 41 21 det.
255 458 58 21 Skall
329 458 53 20 accis
397 457 27 27 pä
439 457 229 21 tobaksfabrikationen
684 463 38 20 ega
736 463 54 18 rum,
805 457 42 20 blir
862 457 35 21 det
912 457 7 20 i
932 457 72 26 sjelfva

186 486 74 21 verket
274 486 129 26 nödvändigt
418 487 31 19 att
465 486 39 21 den
519 485 124 21 hemodlade
658 485 92 21 tobaken
765 485 46 21 icke
826 485 78 22 tillätes
919 485 33 21 till
962 485 42 21 för-

186 515 94 26 säljning.
310 514 49 21 Men
372 515 45 25 just
432 514 44 21 deri
491 515 67 25 ligger
573 520 26 15 en
615 513 22 21 af
651 514 24 20 de
695 514 147 26 väsentligaste
858 514 144 26 betänklighe-

186 545 32 19 ter
233 547 45 17 mot
293 543 35 21 det
343 543 137 20 förevarande
495 542 240 27 författningsförslaget,
744 544 31 19 att
791 543 36 20 det
841 542 58 21 leder
906 543 33 20 till
951 543 54 20 kon-

187 577 114 22 segvensen
323 573 32 19 att
377 571 103 26 allmogen
503 571 38 22 och
556 571 7 20 i
577 571 114 27 synnerhet
706 571 39 21 den
764 571 109 26 fattigaste
888 571 117 22 befolknin-

186 607 40 20 gen
241 600 94 21 kommer
350 601 32 19 att
397 600 138 21 underkastas
551 600 110 21 allehanda
676 600 143 21 trakasserier.
849 600 43 21 Det
906 605 37 16 var
960 600 44 21 der-

186 629 33 20 för
234 629 38 20 allt
286 628 47 21 skäl
348 628 33 21 för
395 628 104 21 utskottet
513 630 32 19 att
559 628 140 27 uttryckligen
717 629 97 26 pointera
830 629 68 20 denna
913 630 92 19 omstän-

188 657 76 26 dighet.

255 685 10 21 I
286 685 97 21 afseende
404 686 12 19 &
432 685 39 20 den
487 686 135 25 reservation,
638 691 44 14 som
698 685 22 21 af
733 685 32 20 Hr
780 685 22 21 af
816 685 98 22 Lindfors
929 686 76 21 under-

188 714 92 24 stöddes,
295 714 24 21 sä
333 715 24 19 är
370 713 36 26 jag
422 719 48 15 ense
485 713 48 21 med
549 713 24 21 de
588 713 135 22 medlemmar
737 713 23 21 af
771 713 93 26 Ständet,
876 713 70 22 hvilka
955 720 49 15 anse

188 744 32 19 att
242 742 35 21 det
300 748 49 15 vore
364 741 48 27 föga
427 742 95 27 lämpligt
537 741 22 22 af
572 742 117 21 Ständerna
704 744 31 19 att
750 748 29 15 nu
795 742 83 21 anhälla
893 742 39 21 hos
947 743 58 20 Hans

188 771 99 24 Majestät
309 777 33 14 om
364 770 128 21 fortfarande
513 770 114 27 bevillning
649 771 28 25 pä
695 770 71 22 tobak.
790 771 27 20 dä
832 771 58 21 Hans
906 771 98 26 Majestät

188 800 7 20 i
217 799 47 22 näd.
287 805 60 20 prop.
364 799 139 28 uttryckligen
518 799 108 25 förklarat,
650 801 31 18 att
704 800 46 20 Han
765 799 47 21 icke
827 799 69 21 fuonit
911 799 45 22 skäl
972 801 32 20 att

187 828 73 21 vidare
274 828 69 21 tilläta
359 833 25 15 en
399 827 65 22 sädan
479 827 124 28 bevillnings
621 829 140 26 upptagande.
791 828 40 27 Jag
845 828 41 21 kan
902 828 46 22 icke
962 827 42 22 för-

188 857 39 24 stä,
250 858 32 19 att
306 863 25 14 en
354 856 64 21 sädan
441 856 97 21 anhällan
561 857 66 20 skulle
642 857 67 20 under
723 857 121 20 nuvarande
860 857 145 21 förhällanden

188 885 71 21 kunna
274 885 47 21 leda
336 885 32 20 till
383 885 64 26 nägot
461 887 96 24 gynsamt
571 885 94 21 resultat.
696 885 61 21 Hvad
772 885 100 21 beträffar
886 887 32 20 att
934 887 12 20 2
966 885 38 22 och

189 914 12 21 3
223 914 104 21 klämmen
350 914 8 20 i
372 913 115 22 utskottets
502 913 77 27 förslag
595 914 67 21 skulle
677 914 113 21 behandlas
805 914 53 21 först
874 915 63 20 sedan
952 914 52 21 bud-

188 942 179 27 getbetänkandet
382 942 116 25 inkommit,
514 942 38 21 har
565 942 36 27 jag
611 943 107 26 ingenting
729 943 101 21 deremot.
853 943 10 21 I
875 943 73 26 sjelfva
961 949 44 15 ver-

189 973 34 19 vet
238 971 89 21 föreslår
341 970 104 22 utskottet
460 970 55 27 sjelft
530 971 7 20 i
555 972 32 20 sin
603 971 67 26 tredje
685 971 62 26 kläm,
764 973 31 19 att
811 974 30 19 ett
856 971 103 22 definitivt
974 971 31 22 af-

188 999 93 22 körande
304 1006 33 14 om
352 999 238 27 tobaksbeskattningen
604 1000 65 21 mätte
685 1000 78 21 lemnas
779 1000 32 20 till
826 1000 46 21 dess
888 1000 117 21 Ständerna

188 1028 56 20 varit
257 1028 7 20 i
279 1028 82 21 tillfälle
376 1029 31 20 att
421 1030 50 24 taga
485 1028 118 21 kännedom
618 1034 33 14 om
667 1028 173 21 Statsutskottets
852 1029 154 24 budgetberäk-

189 1056 79 27 ningar.
299 1057 40 26 Jag
359 1057 33 20 vill
417 1056 70 21 derför
507 1056 46 21 icke
576 1059 101 18 motsätta
691 1057 42 26 mig
748 1057 100 26 förslaget
864 1059 31 18 att
910 1058 12 19 2
938 1057 40 21 och
993 1057 12 21 3

189 1085 106 21 klämmen
310 1085 67 20 skulle
392 1084 131 28 bordläggas,
532 1085 31 20 till
579 1085 46 21 dess
641 1085 173 21 Statsutskottets
830 1085 132 22 betänkande
974 1085 31 22 in-

189 1113 101 21 kommer.

258 1170 32 21 Hr
312 1170 61 26 Aug.
398 1169 166 22 Schauman:
587 1171 40 25 Jag
650 1170 37 21 ber
708 1171 75 20 endast
799 1171 32 20 att
846 1170 122 27 ytterligare
984 1170 20 21 fä

190 1198 130 21 understöda
335 1198 102 26 förslaget
459 1205 33 14 om
513 1198 151 27 bordläggning
687 1198 22 21 af
727 1199 46 20 icke
795 1199 55 20 blott
870 1199 67 26 tredje
953 1201 51 18 utan

191 1227 60 20 äfven
266 1227 67 20 andra
348 1227 111 25 klämmen,
479 1227 31 20 till
526 1227 47 20 dess
589 1227 174 21 Statsutskottets
785 1227 219 26 anslagsbetänkande

190 1255 117 26 inkommit,
323 1255 45 20 deri
383 1255 164 21 Statsutskottet
562 1255 95 21 kommer
675 1257 32 18 att
721 1255 78 21 föreslå
821 1256 96 21 eventuel
933 1255 72 21 bevill-

191 1284 49 25 ning
255 1283 12 20 å
282 1283 73 21 tobak.
377 1283 40 25 Jag
431 1285 38 23 gör
485 1284 59 21 detta
559 1283 93 26 yrkande
667 1285 49 19 med
731 1283 24 21 sä
770 1283 84 26 mycket
869 1286 67 18 större
952 1284 52 25 skäl,

190 1317 45 14 som
250 1311 35 26 jag
300 1310 67 21 måste
383 1311 106 25 anmärka,
513 1313 31 18 att
569 1311 35 20 det
625 1311 118 26 egentligen
765 1311 45 20 icke
834 1311 81 21 tillhört
931 1311 75 21 Bevill-

191 1339 166 26 ningsutskottet
372 1341 32 18 att
425 1338 118 21 framställa
563 1341 31 18 ett
610 1338 75 21 sådant
701 1339 79 26 förslag
795 1345 35 14 om
845 1339 118 26 skyddstull
979 1340 26 25 pä

191 1366 148 27 tobaksalster,
357 1366 26 21 dä
399 1366 64 27 enligt
478 1367 23 20 L.
518 1366 23 22 O.
556 1367 245 26 Beviilningsutskottets
812 1367 38 21 sak
861 1369 24 20 är
908 1369 32 20 att
951 1367 54 22 före-

191 1395 31 21 slä
236 1396 121 26 grunderna
371 1395 32 20 för
421 1395 114 27 bevillning
551 1395 39 21 och
605 1397 65 20 sättet
685 1395 33 22 för
741 1396 47 21 dess
810 1396 118 28 fördelning
951 1400 53 18 samt

191 1427 31 18 att
238 1424 78 27 afgifva
331 1424 78 27 förslag
425 1424 31 21 till
471 1424 215 27 bevillningsstadgar.

259 1481 32 22 Hr
306 1481 31 22 W.
355 1481 148 22 Hackman:
527 1482 40 26 Jag
583 1482 66 21 måste
665 1482 62 21 hafva
742 1483 94 26 uttryckt
852 1484 42 26 mig
910 1483 94 28 otydligt,

191 1510 27 21 dä
234 1517 25 14 en
275 1511 51 20 ärad
343 1511 72 26 talare,
436 1511 32 20 Hr
483 1511 58 24 Rein,
556 1510 81 22 kunnat
652 1511 117 21 missförstä
784 1512 48 20 mitt
847 1512 109 21 uttalande
972 1519 33 14 om

191 1539 122 22 motiverna.
343 1539 42 21 Det
400 1541 24 19 är
439 1539 46 21 icke
507 1539 32 22 för
560 1542 31 19 att
611 1540 37 26 jag
669 1540 46 21 icke
737 1541 125 20 instämmer
876 1541 7 20 i
898 1541 38 21 allt
951 1541 55 20 hvad
