1089 1786
367 159 24 16 R.
404 163 17 13 o.
433 159 22 17 A.
468 159 55 18 1891.
547 160 26 17 26
584 159 47 22 Maj.
826 155 53 20 1417

92 237 70 21 Också
177 237 31 21 uti
225 239 30 19 ett
271 239 65 20 annat
357 238 98 21 afseende
477 245 50 15 vore
549 245 26 14 en
597 238 76 22 reform
696 238 23 21 af
740 239 169 27 lagstiftningens

92 265 166 26 bestämningar,
273 266 98 26 gällande
387 266 56 21 olika
458 267 56 26 slags
529 267 56 25 eder,
608 266 23 21 af
651 267 76 25 nöden,
749 267 105 26 nämligen
877 267 33 21 för

95 295 32 19 att
141 293 117 21 inskränka
273 294 36 20 det
324 294 72 20 alltför
411 295 78 20 talrika
504 295 147 20 användandet
667 295 47 20 utaf
723 295 32 23 ed,
772 295 80 21 hvilket
866 297 45 18 sär-

94 321 65 21 skildt
174 321 67 26 gäller
257 322 239 26 tjenstemannaederna.
526 322 125 21 Emellertid
667 324 24 19 är
705 322 36 22 det
756 322 86 26 förslag,
865 328 45 16 som

96 349 132 21 motionären
243 349 39 21 här
297 350 172 21 reservationsvis
483 350 120 26 framställt,
618 350 89 22 likasom
723 350 35 22 det
769 351 85 26 förslag,
866 357 46 15 som

93 378 61 26 ingår
168 378 7 21 i
191 377 53 21 hans
259 379 148 27 ursprungliga
421 379 87 25 motion,
524 378 23 22 af
561 379 40 21 den
608 378 152 28 beskaffenhet,
773 380 32 20 att
818 379 36 27 jag
864 379 46 21 icke

93 405 68 23 finner
176 406 36 21 det
228 412 50 15 vara
295 406 83 27 möjligt
400 408 32 20 att
456 407 108 27 tillstyrka
587 406 60 22 bifall
669 407 76 21 dertill.
776 406 73 22 Skulle
872 408 40 21 den

94 435 64 21 ärade
174 434 132 22 motionären
321 435 111 21 inskränkt
447 436 32 26 sig
494 436 31 20 till
541 437 32 19 att
588 435 77 22 föreslå
688 442 25 14 en
735 436 90 26 petition
846 436 8 20 i
876 436 36 21 det

95 463 53 26 syfte
163 465 33 19 att
211 463 131 27 Regeringen
357 464 48 21 ville
421 464 85 27 vidtaga
521 464 41 21 den
577 464 28 26 på
619 464 122 21 densamma
757 464 155 22 ankommande

95 492 103 26 åtgärden
213 492 33 20 för
261 494 32 19 att
309 492 142 27 åvägabringa
465 500 25 14 en
507 492 90 22 revision
612 492 23 22 af
644 492 98 26 gällande
753 492 159 28 bestämningar

95 526 34 16 om
153 520 32 25 ed,
208 520 23 21 så
253 520 55 22 hade
328 522 37 26 jag
379 522 48 20 med
442 521 47 27 nöje
505 521 94 21 förordat
615 527 25 15 en
656 521 57 27 dylik
728 522 88 26 petition
832 521 39 22 och
888 527 25 15 en

96 548 67 23 sådan
178 549 55 22 hade
249 548 70 25 också,
342 550 65 26 enligt
427 550 44 21 min
491 550 70 25 tanke,
577 550 106 26 verkligen
705 549 82 22 kunnat
809 550 49 21 leda
881 550 33 21 till

95 578 82 26 ganska
192 579 58 20 stora
269 578 161 27 förbättringar,
445 585 48 14 men
508 579 7 20 i
530 579 40 20 den
584 579 54 21 form
649 578 106 27 förslagen
765 585 28 14 nu
811 579 103 26 föreligga

96 607 72 21 kunna
183 606 32 24 de,
231 607 66 27 enligt
311 607 43 21 min
369 607 70 24 tanke,
454 607 45 21 icke
515 607 24 21 af
552 606 119 22 Ständerna
679 607 130 26 godkännas,
826 607 38 21 och
879 608 35 26 jag

97 634 68 22 måste
180 634 77 28 derför,
273 635 25 21 så
312 635 91 22 ledsamt
418 636 35 20 det
468 637 30 23 är,
513 636 73 21 förena
608 636 43 26 mig
672 636 7 20 i
701 636 161 26 Lagutskottets
884 636 30 20 af-

97 664 114 26 styrkande
227 663 85 28 förslag.

166 720 32 22 Hr
220 720 23 21 B.
267 720 24 21 O.
315 720 165 22 Schauman:
503 721 41 27 Jag
563 721 62 21 utber
640 721 42 26 mig
697 722 32 20 att
743 721 7 21 i
766 721 68 21 denna
849 720 65 27 fråga,

99 755 46 15 som
160 749 46 21 icke
223 750 60 20 torde
307 750 86 21 komma
414 751 32 20 att
468 749 111 22 framkalla
601 749 70 27 någon
693 750 73 26 längre
789 749 127 25 diskussion,

98 779 58 26 yttra
170 778 66 26 några
251 778 44 21 ord.
326 778 66 22 Detta
405 778 134 22 betänkande
561 778 39 21 har
622 778 46 22 icke
690 778 91 24 kunnat
793 777 70 28 undgå
884 780 32 19 att

100 812 62 22 synas
177 807 44 25 mig
236 806 93 22 särdeles
345 807 148 27 egendomligt,
509 807 89 21 likasom
613 807 41 21 den
669 807 86 26 motion,
779 812 45 16 som
846 807 70 21 föran-

100 835 45 21 ledt
157 836 42 20 det.
229 835 108 22 Motionen
353 838 36 19 rör
404 842 25 15 en
444 835 67 27 fråga,
527 842 43 14 som
586 838 24 18 är
625 837 21 19 at
662 841 25 15 en
703 835 92 22 särdeles
810 835 55 21 ideel
880 841 37 15 na-

100 867 35 18 tur
151 866 32 19 att
198 864 117 21 behandlas
330 864 23 20 af
371 864 128 26 Ständerna;
522 870 49 15 men
593 864 68 21 ehuru
680 864 37 26 jag
737 865 34 20 vet
794 866 32 19 att
849 864 68 21 denna

100 892 61 27 fråga
176 892 64 21 också
256 893 38 20 hör
310 892 32 21 till
357 892 106 21 allmänna
483 893 61 26 lagen
567 892 39 21 och
621 892 7 21 i
644 892 86 27 Sverige
752 893 55 20 varit
828 892 90 21 föremål

100 921 33 20 för
149 921 206 26 representationens
371 921 182 26 öfverläggningar
567 921 35 20 vid
617 927 44 14 mer
684 922 26 19 än
732 927 26 14 en
779 921 93 26 riksdag,
895 921 23 20 så

101 949 39 21 har
153 949 37 27 jag
204 949 65 21 likväl
283 949 70 21 funnit
368 950 36 20 det
419 950 115 26 beklagligt
549 951 32 19 att
599 949 132 21 motionären
753 949 89 21 kommit
864 948 54 21 fram

102 977 48 21 med
166 979 37 20 sitt
219 978 180 27 ändringsförslag
414 979 7 20 i
437 977 166 22 edsformuläret.
633 977 148 22 Betänkandet
797 979 23 19 är
836 984 29 15 nu
879 977 39 21 all-

103 1007 57 20 deles
177 1009 81 18 ensamt
273 1007 6 20 i
295 1007 36 21 sitt
351 1007 50 26 slag.
432 1007 41 21 Det
487 1008 104 25 upptager
606 1007 55 20 blott
677 1008 30 19 ett
723 1006 56 25 blad,
802 1006 39 21 och
857 1005 61 22 åtföl-

101 1035 32 26 jes
149 1035 22 21 af
185 1041 25 15 en
226 1035 130 22 reservation
371 1035 27 27 på
415 1037 10 19 7
443 1036 62 25 sidor,
527 1035 38 22 och
582 1035 35 21 det
633 1036 56 19 ännu
712 1034 169 27 egendomligare
897 1036 23 19 är

103 1065 32 19 att
150 1064 133 21 motionären
299 1064 6 20 i
321 1065 33 20 sin
369 1064 130 21 reservation
515 1064 150 21 framkommer
680 1064 47 20 med
743 1069 25 15 en
790 1069 28 20 ny
840 1063 79 20 motion

103 1092 45 21 helt
163 1093 40 20 och
219 1092 65 21 häilet
300 1093 57 20 olika
371 1093 40 20 den
427 1093 154 26 ursprungliga.
611 1092 62 21 Hvad
691 1098 28 14 nu
742 1092 36 21 det
800 1092 64 20 korta
884 1091 37 21 be-

104 1121 117 21 tänkandet
237 1121 108 26 beträffar,
361 1121 23 21 så
399 1121 40 21 har
452 1121 35 26 jag
502 1121 43 21 fäst
562 1121 42 26 mig
619 1120 34 21 vid
677 1122 30 19 ett
729 1126 38 21 par
789 1119 131 25 uttalanden,

106 1149 72 21 hvilka
193 1155 62 21 synas
270 1150 43 25 mig
328 1155 50 15 vara
393 1149 22 21 så
438 1151 32 20 att
490 1152 52 24 säga
563 1149 89 26 vådliga.
682 1149 41 20 Det
744 1151 61 24 säges
827 1149 66 20 redan
914 1149 7 20 i

105 1178 76 26 början
197 1180 32 18 att
245 1178 39 20 den
299 1177 135 27 uppfattning
449 1178 38 20 har
502 1179 55 25 gjort
572 1179 31 24 sig
625 1177 97 27 gällande
745 1177 57 21 inom
818 1177 104 20 utskottet

105 1208 32 19 att
153 1212 25 15 en
201 1206 6 21 i
230 1206 64 21 edens
309 1206 117 26 högtidliga
448 1206 55 21 form
525 1206 91 26 afgifven
639 1205 111 21 försäkran
772 1204 46 22 icke
841 1204 81 21 medför

106 1235 97 21 starkare
219 1234 148 27 förpligtelser,
384 1237 26 18 än
425 1235 40 21 den
481 1236 30 19 ett
526 1234 65 27 gifvet
606 1234 38 21 ord
659 1233 62 22 alltid
737 1233 96 22 innebär.
857 1233 66 21 Detta

106 1264 110 20 uttalande
232 1269 61 20 synes
308 1263 43 26 mig
365 1269 52 15 vara
431 1263 65 26 något
511 1263 77 26 vågadt
603 1262 47 21 med
666 1262 118 21 kännedom
807 1261 23 20 af
844 1261 79 21 menni-

107 1291 64 21 skans
186 1292 63 20 natur
263 1291 7 20 i
285 1291 116 22 allmänhet
417 1291 38 21 och
471 1292 39 20 den
526 1291 121 21 erfarenhet
661 1297 49 14 man
725 1291 40 20 har
785 1290 30 21 uti
830 1290 92 21 verlden.

107 1320 79 21 Vidare
201 1320 142 21 förekommer
359 1320 35 21 det
408 1320 73 26 längre
496 1320 53 21 fram
565 1319 26 26 på
607 1325 46 20 pag.
669 1320 20 23 4,
704 1320 32 19 att
751 1319 40 20 den
813 1318 53 21 sista
882 1319 42 19 sat-

108 1354 36 15 sen
160 1349 6 20 i
182 1349 40 20 den
238 1349 31 25 ed,
286 1349 86 20 hvarom
389 1354 27 15 nu
432 1349 24 20 är
471 1348 67 26 fråga,
553 1347 84 21 komme
657 1348 32 19 att
710 1347 80 20 förlora
813 1347 31 20 sin
867 1346 58 25 bety-

108 1377 64 24 delse,
186 1377 24 26 ju
225 1382 58 15 mera
298 1377 102 26 upplysta
415 1377 148 20 menniskorna
578 1375 71 22 blifva.
679 1375 65 21 Detta
759 1376 24 19 är
797 1380 30 15 nu
848 1380 26 15 en
888 1374 36 21 be-

108 1405 79 26 klaglig
203 1406 44 20 sats
263 1405 38 20 och
317 1405 39 20 har
370 1405 47 21 icke
432 1405 81 20 kunnat
528 1403 76 22 förfela
619 1405 32 19 att
663 1403 105 21 återkalla
778 1403 7 20 i
795 1403 48 20 mitt
855 1403 70 19 minne

108 1433 165 26 upplysningens
289 1432 107 21 tidehvarf
408 1433 7 20 i
430 1432 65 21 slutet
509 1431 23 21 af
545 1431 58 22 förra
618 1431 74 25 seklet,
708 1431 27 20 då
751 1430 68 21 denna
842 1430 84 26 upplys-

109 1461 50 25 ning
174 1461 6 20 i
195 1461 88 21 franska
297 1460 247 26 nationalförsamlingen
559 1459 55 22 hade
629 1460 24 20 så
667 1459 102 26 vältaliga
791 1458 40 21 och
852 1463 74 16 varma

109 1488 148 27 förespråkare
272 1488 7 21 i
297 1488 129 22 Frankrikes
448 1488 93 21 filosofer
563 1488 41 21 och
623 1487 88 27 jurister
734 1488 69 20 denna
826 1487 37 25 tid,
888 1486 38 21 och

110 1518 85 20 bvilken
211 1518 127 26 upplysning
353 1517 54 21 efter
421 1518 31 20 ett
468 1517 51 20 eller
533 1522 38 21 par
593 1516 24 21 år
640 1518 36 25 tog
698 1522 25 15 en
745 1515 113 27 vändning,
881 1520 46 16 som

111 1546 66 22 måste
193 1546 73 22 nedslå
282 1546 155 22 entusiasterna
451 1546 33 20 för
499 1545 162 27 upplysningens
677 1545 37 21 sak
724 1545 7 21 i
742 1544 70 22 denna
827 1545 49 23 stat,
890 1544 37 21 der

838 1583 22 18 90
