1086 1781
367 137 23 16 R.
404 141 16 13 o.
433 137 21 17 A.
467 137 55 18 1891.
547 138 22 17 19
582 138 48 21 Maj.
827 132 53 21 1075

162 216 31 21 Hr
208 222 50 15 von
277 216 211 28 Weissenberg:
518 217 108 22 Utskottet
648 218 38 21 har
708 217 101 27 öfverallt,
826 218 36 21 der
878 225 31 14 or-

93 245 36 20 det
144 244 104 27 tjenstefel
263 245 6 20 i
284 245 136 22 förevarande
434 246 130 27 proposition
579 247 144 23 förekommer,
739 246 75 22 ändrat
829 249 79 24 uttryc-

93 273 36 20 ket
151 272 31 21 till
204 273 209 28 tjensteförbrytelse,
434 281 46 14 men
496 275 6 20 i
518 274 62 22 slutet
595 275 23 20 af
631 275 35 21 det
681 281 26 14 uu
723 274 127 22 ventilerade
865 281 43 15 mo-

93 303 86 24 mentet,
201 301 39 21 har
262 307 33 15 om
318 308 79 15 samma
419 302 35 22 fall
477 303 61 21 ordet
552 303 26 21 fel
594 303 120 26 begagnats.
744 303 43 20 För
802 305 31 19 att
848 303 61 21 vinna

92 329 138 27 konsegvens,
249 329 38 22 här
302 331 23 20 sä
341 331 82 26 mycket
438 337 58 15 mera
510 331 67 26 nödig,
592 337 45 15 som
652 333 115 19 momentet
780 331 44 26 just
839 331 70 26 börjar

93 357 47 22 med
163 357 82 28 bryter
260 358 40 21 den
315 358 63 26 som",
394 359 47 21 ville
454 359 36 26 jag
505 359 81 26 föreslå,
603 361 31 19 att
650 359 60 21 ordet
724 359 27 22 fel
767 359 66 21 skulle
849 359 60 27 utby-

91 388 33 19 tas
147 388 44 19 mot
211 386 130 27 förbrytelse,
356 387 80 21 hvilket
451 388 37 21 ord
504 387 62 22 ocksä
581 387 82 28 mycket
678 387 69 22 bättre
763 390 25 19 än
804 388 105 27 uttrycket

91 414 29 21 fel
135 415 41 21 kan
192 421 60 15 anses
267 415 102 22 innefatta
381 415 77 27 jemväl
474 418 30 19 ett
518 416 63 21 brott.

160 483 31 21 Hr
214 483 92 22 Johan
326 483 192 27 Segersträle:
548 485 39 26 Jag
609 484 83 21 förenar
714 485 42 26 mig
771 491 34 14 om
820 485 31 20 Hr
867 484 42 21 Me-

90 511 79 22 chelins
191 511 109 22 uttalande
322 512 107 27 angående
451 519 74 15 senare
544 515 115 20 momentet
681 513 21 21 af
716 513 11 27 &
743 514 21 26 3,
779 513 39 21 och
834 513 26 21 dä
872 513 37 26 jag

91 540 82 21 säledes
195 540 47 21 icke
260 541 42 20 kan
317 540 57 22 finna
389 541 107 21 slutorden
511 542 7 21 i
534 542 57 21 detta
606 544 92 19 moment
713 542 75 27 tydligt
803 541 105 26 aftattade,

89 569 130 21 ätminstone
235 569 45 22 icke
296 569 47 22 med
359 569 39 22 den
413 569 102 22 innebörd
528 570 36 27 jag
579 570 92 21 önskade
686 569 54 28 gifva
755 571 22 20 ät
787 571 121 24 momentet,

89 598 25 21 sä
129 597 47 22 ville
188 598 37 26 jag
240 598 107 21 vördsamt
361 597 77 22 föreslå
453 598 90 27 följande
558 599 88 27 lydelse:
663 599 88 26 ,Bryter
767 599 46 25 den,
829 605 45 14 som
886 600 24 19 är

90 626 7 21 i
119 626 82 21 landets
226 626 64 27 tjenst
313 627 96 23 anställd,
432 627 55 20 inom
509 627 158 27 Kejsaredömet
682 629 43 19 mot
741 627 54 21 hvad
811 627 97 20 honom
893 622 20 37 i

91 655 40 20 den
146 654 91 27 tjensten
252 655 86 26 åligger,
354 661 48 14 vare
417 655 33 26 lag
465 661 85 16 samma.
577 655 117 21 Innefattav
708 655 139 27 förbrytelsen
855 655 54 25 jem-

91 683 33 20 väl
139 682 58 21 brott
212 685 57 19 emot
283 683 77 21 allmän
375 683 40 26 lag,
432 683 70 22 dömes
518 684 73 21 endast
606 683 32 21 för
647 683 215 27 tjensteförbrytelsen
873 689 35 15 en-

90 711 39 26 ligt
151 710 54 22 finsk
227 711 34 27 lag
283 711 39 22 och
337 711 22 22 af
371 711 55 21 finsk
441 711 110 22 domstol.*
582 712 42 27 Mig
640 718 67 21 synes,
723 713 32 20 att
770 717 47 16 man
833 717 74 21 genom

91 739 68 22 denna
181 739 110 28 affattning
313 739 67 22 skulle
400 740 61 21 vinna
476 740 37 21 full
528 741 103 27 tydlighet
647 741 38 20 och
700 740 54 27 gifva
769 741 22 20 ät
806 740 102 27 ifrägava-

90 768 65 21 rande
171 770 92 19 moment
279 769 46 21 dess
341 771 55 19 rätta
411 769 109 21 innebörd.

159 831 32 21 Hr
212 831 25 21 L.
260 831 132 21 Mechelin:
423 831 68 22 Sedan
513 831 25 22 de
557 831 21 22 af
592 832 42 26 mig
648 831 93 21 uttalade
757 831 150 21 tvifvelsmälen

91 859 53 22 visat
166 859 31 27 sig
219 866 51 15 vara
293 859 73 22 delade
382 859 20 22 af
417 861 65 20 andra
497 860 135 21 medlemmar
646 860 7 20 i
668 859 94 26 Ständet,
779 859 38 21 och
833 859 26 21 dä
873 860 34 26 jag

91 888 46 21 icke
159 887 68 22 funnit
251 888 25 21 de
299 888 76 27 afgifna
391 888 165 27 förklaringarna
571 895 49 14 vara
636 888 79 26 egnade
731 890 32 19 att
777 887 131 27 fullständigt

91 916 131 27 undanrödja
238 917 52 26 dem,
306 918 23 20 sä
345 917 37 21 ber
395 919 35 24 jag
446 917 20 21 fä
480 917 128 21 understöda
623 917 31 20 Hr
670 916 139 27 Segersträles
822 916 84 27 förslag,

91 945 132 26 naturligtvis
240 946 66 20 under
321 945 148 27 förutsättning
482 945 22 21 af
516 945 120 22 äterremiss
652 945 32 20 till
699 945 109 21 utskottet.

160 1008 31 21 Hr
202 1008 88 21 Johan
310 1008 190 27 Segersträle:
529 1008 39 27 Jag
590 1008 38 21 ber
650 1010 31 19 att
700 1008 20 21 få
734 1010 81 22 nämna,
831 1010 32 18 att
878 1007 27 21 äf-

92 1043 39 14 ven
145 1036 36 27 jag
196 1036 63 28 afsäg,
276 1039 32 19 att
323 1037 119 21 äterremiss
457 1037 31 21 till
504 1037 103 21 utskottet
623 1036 67 22 skulle
705 1037 43 21 ske.

160 1100 57 21 Frih.
232 1100 24 22 R.
273 1100 24 22 A.
313 1100 110 22 Wrede:
453 1100 42 22 För
510 1100 42 22 min
567 1100 33 21 del
616 1100 41 21 kan
670 1100 37 27 jag
722 1100 45 21 icke
783 1099 71 21 förena
867 1099 41 27 mig

91 1136 34 14 om
142 1129 58 21 detta
216 1129 182 27 ändringsförslag.
428 1129 39 27 Jag
482 1133 45 18 tror
542 1129 35 21 det
592 1129 45 21 icke
652 1129 54 21 skall
721 1135 49 15 vara
786 1128 80 27 möjligt
877 1130 31 18 att

92 1158 6 20 i
114 1158 79 21 sådana
215 1158 43 24 fall,
275 1158 26 21 dä
316 1164 79 15 samma
410 1158 100 27 handling
524 1158 27 27 pä
567 1164 24 15 en
607 1158 55 26 gång
676 1157 113 21 innefattar
803 1156 105 27 tjenstefel

93 1186 38 21 och
153 1186 124 28 förbrytelse
300 1188 43 20 mot
366 1186 77 22 allmän
466 1187 40 26 lag,
522 1186 60 26 skilja
597 1187 22 20 ät
634 1186 60 21 dessa
709 1189 98 21 moment,
823 1184 87 22 sälunda

92 1217 32 19 att
147 1215 35 21 det
207 1221 39 16 ena
268 1215 82 21 landets
370 1215 90 21 domstol
476 1216 71 20 dömer
562 1215 31 21 för
609 1214 103 27 tjenstefel
728 1214 39 21 och
783 1214 36 20 det
833 1214 76 20 andras

90 1243 34 21 för
147 1243 80 21 brottet
249 1246 44 18 mot
307 1243 77 21 allmän
396 1243 40 26 lag.
465 1244 112 20 Dessutom
592 1249 60 21 synes
668 1243 35 21 det
718 1243 48 25 mig,
782 1248 44 15 som
842 1241 67 21 skulle

92 1277 48 15 man
156 1271 87 21 härmed
259 1272 76 26 begära
350 1272 32 20 för
397 1272 87 26 mycket,
501 1272 38 20 och
555 1273 32 19 att
601 1271 115 26 ändringen
731 1271 45 20 icke
789 1276 49 15 vore
849 1270 61 26 prak-

91 1300 48 22 tisk,
169 1300 75 20 Tillika
266 1300 37 20 ber
324 1300 41 26 jag,
387 1300 26 20 dä
433 1300 36 26 jag
490 1300 38 21 har
550 1300 67 24 ordet,
638 1300 6 19 i
660 1299 111 26 anledning
786 1298 23 21 af
822 1298 32 21 Hr
869 1304 40 14 von

92 1328 157 26 Weissenbergs
264 1328 98 27 yttrande
376 1328 21 20 fä
413 1330 81 24 nämna,
510 1330 31 19 att
556 1328 36 21 det
606 1327 46 22 icke
668 1328 40 20 kan
724 1327 108 21 betraktas
841 1327 67 21 säsom

92 1358 31 19 ett
145 1356 34 26 fel,
195 1359 32 18 att
248 1357 60 21 ordet
324 1356 54 26 ,fel'*
394 1356 105 26 begagnas
513 1356 7 21 i
535 1356 64 21 slutet
614 1356 21 20 af
655 1358 6 18 2
677 1362 61 14 mom.
754 1356 6 20 i
777 1358 12 18 3
805 1355 18 27 $,
838 1357 22 24 ty
876 1360 33 15 om

92 1391 47 15 man
155 1386 114 25 genomgär
284 1386 27 20 40
327 1385 51 27 Kap.
394 1385 6 20 i
416 1385 125 27 strafflagen,
557 1391 45 15 som
618 1384 88 21 handlar
722 1390 33 15 om
771 1383 73 21 brotti
857 1382 52 27 tjen-

92 1415 53 23 sten,
169 1414 23 19 sä
207 1413 66 20 finner
289 1420 47 13 man
352 1415 31 19 att
398 1414 36 19 det
448 1413 120 26 visserligen
583 1412 55 20 talas
653 1419 33 13 om
702 1412 58 20 brott
775 1412 38 20 och
829 1411 81 26 förbry-

92 1440 53 22 telse
160 1442 7 20 i
182 1441 94 26 kapitlet,
293 1447 47 15 men
357 1441 99 26 derjemte
472 1441 62 21 ocksä
549 1446 34 15 om
598 1440 28 20 fel
641 1440 7 20 i
662 1440 89 26 tjensten
769 1439 5 21 i
785 1439 79 21 samma
875 1439 35 20 be-

92 1469 87 27 tydelse,
202 1468 80 22 hvilket
304 1468 91 27 framgår
413 1468 21 22 af
451 1470 24 20 21
493 1468 39 22 och
547 1469 26 20 22
589 1468 11 28 $
623 1468 21 21 af
658 1468 52 26 Kap.
741 1467 112 27 Uttrycket
868 1467 41 21 kan

92 1497 82 22 säledes
189 1498 83 26 mycket
287 1497 33 22 väl
336 1497 92 22 försvara
443 1498 31 20 sin
489 1496 54 28 plats
559 1497 43 21 här.
