<?xml version="1.0" encoding="UTF-8"?>
<alto xmlns="http://www.loc.gov/standards/alto/ns-v3#" xmlns:xlink="http://www.w3.org/1999/xlink" xmlns:xsi="http://www.w3.org/2001/XMLSchema-instance" xsi:schemaLocation="http://www.loc.gov/standards/alto/ns-v3# http://www.loc.gov/alto/v3/alto-3-0.xsd">
	<Description>
		<MeasurementUnit>pixel</MeasurementUnit>
		<sourceImageInformation>
			<fileName>/tmp/tess_jns51neo_input.PNG</fileName>
		</sourceImageInformation>
		<OCRProcessing ID="OCR_0">
			<ocrProcessingStep>
				<processingSoftware>
					<softwareName>tesseract 5.3.4</softwareName>
				</processingSoftware>
			</ocrProcessingStep>
		</OCRProcessing>
	</Description>
	<Layout>
		<Page WIDTH="1078" HEIGHT="1789" PHYSICAL_IMG_NR="0" ID="page_0">
			<PrintSpace HPOS="0" VPOS="0" WIDTH="1078" HEIGHT="1789">
				<ComposedBlock ID="cblock_0" HPOS="372" VPOS="139" WIDTH="505" HEIGHT="25">
					<TextBlock ID="block_0" HPOS="372" VPOS="139" WIDTH="505" HEIGHT="25">
						<TextLine ID="line_0" HPOS="372" VPOS="139" WIDTH="505" HEIGHT="25">
							<String ID="string_0" HPOS="372" VPOS="140" WIDTH="24" HEIGHT="17" WC="0.96" CONTENT="R."/><SP WIDTH="13" VPOS="140" HPOS="396"/>
							<String ID="string_1" HPOS="409" VPOS="145" WIDTH="17" HEIGHT="13" WC="0.69" CONTENT="o."/><SP WIDTH="12" VPOS="145" HPOS="426"/>
							<String ID="string_2" HPOS="438" VPOS="141" WIDTH="22" HEIGHT="17" WC="0.95" CONTENT="A."/><SP WIDTH="14" VPOS="141" HPOS="460"/>
							<String ID="string_3" HPOS="474" VPOS="142" WIDTH="53" HEIGHT="17" WC="0.96" CONTENT="1891."/><SP WIDTH="13" VPOS="142" HPOS="527"/>
							<String ID="string_4" HPOS="540" VPOS="143" WIDTH="25" HEIGHT="16" WC="0.96" CONTENT="25"/><SP WIDTH="12" VPOS="143" HPOS="565"/>
							<String ID="string_5" HPOS="577" VPOS="143" WIDTH="47" HEIGHT="21" WC="0.96" CONTENT="Maj."/><SP WIDTH="199" VPOS="143" HPOS="624"/>
							<String ID="string_6" HPOS="823" VPOS="139" WIDTH="54" HEIGHT="21" WC="0.96" CONTENT="1349"/>
						</TextLine>
					</TextBlock>
				</ComposedBlock>
				<GraphicalElement ID="cblock_1" HPOS="89" VPOS="171" WIDTH="815" HEIGHT="12"></GraphicalElement >
				<ComposedBlock ID="cblock_2" HPOS="212" VPOS="319" WIDTH="569" HEIGHT="36">
					<TextBlock ID="block_1" HPOS="212" VPOS="319" WIDTH="569" HEIGHT="36">
						<TextLine ID="line_1" HPOS="212" VPOS="319" WIDTH="569" HEIGHT="36">
							<String ID="string_7" HPOS="212" VPOS="319" WIDTH="161" HEIGHT="34" WC="0.96" CONTENT="Måndagen"/><SP WIDTH="18" VPOS="319" HPOS="373"/>
							<String ID="string_8" HPOS="391" VPOS="321" WIDTH="57" HEIGHT="26" WC="0.96" CONTENT="den"/><SP WIDTH="18" VPOS="321" HPOS="448"/>
							<String ID="string_9" HPOS="466" VPOS="321" WIDTH="33" HEIGHT="27" WC="0.96" CONTENT="25"/><SP WIDTH="18" VPOS="321" HPOS="499"/>
							<String ID="string_10" HPOS="517" VPOS="322" WIDTH="58" HEIGHT="33" WC="0.96" CONTENT="Maj"/><SP WIDTH="20" VPOS="322" HPOS="575"/>
							<String ID="string_11" HPOS="595" VPOS="322" WIDTH="40" HEIGHT="27" WC="0.95" CONTENT="kl."/><SP WIDTH="19" VPOS="322" HPOS="635"/>
							<String ID="string_12" HPOS="654" VPOS="323" WIDTH="31" HEIGHT="26" WC="0.93" CONTENT="11"/><SP WIDTH="19" VPOS="323" HPOS="685"/>
							<String ID="string_13" HPOS="704" VPOS="322" WIDTH="20" HEIGHT="27" WC="0.86" CONTENT="f."/><SP WIDTH="20" VPOS="322" HPOS="724"/>
							<String ID="string_14" HPOS="744" VPOS="330" WIDTH="37" HEIGHT="19" WC="0.96" CONTENT="m."/>
						</TextLine>
					</TextBlock>
				</ComposedBlock>
				<ComposedBlock ID="cblock_3" HPOS="88" VPOS="387" WIDTH="816" HEIGHT="56">
					<TextBlock ID="block_2" HPOS="88" VPOS="387" WIDTH="816" HEIGHT="56">
						<TextLine ID="line_2" HPOS="156" VPOS="387" WIDTH="748" HEIGHT="30">
							<String ID="string_15" HPOS="156" VPOS="387" WIDTH="132" HEIGHT="22" WC="0.95" CONTENT="Protokollet"/><SP WIDTH="23" VPOS="387" HPOS="288"/>
							<String ID="string_16" HPOS="311" VPOS="388" WIDTH="58" HEIGHT="21" WC="0.96" CONTENT="öfver"/><SP WIDTH="22" VPOS="388" HPOS="369"/>
							<String ID="string_17" HPOS="391" VPOS="389" WIDTH="24" HEIGHT="21" WC="0.96" CONTENT="R."/><SP WIDTH="21" VPOS="389" HPOS="415"/>
							<String ID="string_18" HPOS="436" VPOS="395" WIDTH="19" HEIGHT="15" WC="0.83" CONTENT="o."/><SP WIDTH="17" VPOS="395" HPOS="455"/>
							<String ID="string_19" HPOS="472" VPOS="389" WIDTH="36" HEIGHT="21" WC="0.96" CONTENT="A:s"/><SP WIDTH="15" VPOS="389" HPOS="508"/>
							<String ID="string_20" HPOS="523" VPOS="390" WIDTH="34" HEIGHT="21" WC="0.93" CONTENT="vid"/><SP WIDTH="15" VPOS="390" HPOS="557"/>
							<String ID="string_21" HPOS="572" VPOS="390" WIDTH="84" HEIGHT="27" WC="0.96" CONTENT="plenum"/><SP WIDTH="16" VPOS="390" HPOS="656"/>
							<String ID="string_22" HPOS="672" VPOS="390" WIDTH="40" HEIGHT="21" WC="0.96" CONTENT="den"/><SP WIDTH="16" VPOS="390" HPOS="712"/>
							<String ID="string_23" HPOS="728" VPOS="391" WIDTH="26" HEIGHT="20" WC="0.93" CONTENT="23"/><SP WIDTH="18" VPOS="391" HPOS="754"/>
							<String ID="string_24" HPOS="772" VPOS="391" WIDTH="78" HEIGHT="22" WC="0.92" CONTENT="dennes"/><SP WIDTH="14" VPOS="391" HPOS="850"/>
							<String ID="string_25" HPOS="864" VPOS="391" WIDTH="40" HEIGHT="22" WC="0.92" CONTENT="fat-"/>
						</TextLine>
						<TextLine ID="line_3" HPOS="88" VPOS="416" WIDTH="267" HEIGHT="27">
							<String ID="string_26" HPOS="88" VPOS="416" WIDTH="49" HEIGHT="21" WC="0.93" CONTENT="tade"/><SP WIDTH="11" VPOS="416" HPOS="137"/>
							<String ID="string_27" HPOS="148" VPOS="416" WIDTH="69" HEIGHT="21" WC="0.93" CONTENT="beslut"/><SP WIDTH="12" VPOS="416" HPOS="217"/>
							<String ID="string_28" HPOS="229" VPOS="416" WIDTH="126" HEIGHT="27" WC="0.93" CONTENT="justerades."/>
						</TextLine>
					</TextBlock>
				</ComposedBlock>
				<ComposedBlock ID="cblock_4" HPOS="87" VPOS="473" WIDTH="818" HEIGHT="85">
					<TextBlock ID="block_3" HPOS="87" VPOS="473" WIDTH="818" HEIGHT="85">
						<TextLine ID="line_4" HPOS="155" VPOS="473" WIDTH="750" HEIGHT="30">
							<String ID="string_29" HPOS="155" VPOS="473" WIDTH="34" HEIGHT="21" WC="0.92" CONTENT="Dä"/><SP WIDTH="22" VPOS="473" HPOS="189"/>
							<String ID="string_30" HPOS="211" VPOS="473" WIDTH="72" HEIGHT="21" WC="0.92" CONTENT="dervid"/><SP WIDTH="23" VPOS="473" HPOS="283"/>
							<String ID="string_31" HPOS="306" VPOS="473" WIDTH="100" HEIGHT="22" WC="0.92" CONTENT="Ständets"/><SP WIDTH="22" VPOS="473" HPOS="406"/>
							<String ID="string_32" HPOS="428" VPOS="474" WIDTH="69" HEIGHT="21" WC="0.91" CONTENT="beslut"/><SP WIDTH="21" VPOS="474" HPOS="497"/>
							<String ID="string_33" HPOS="518" VPOS="475" WIDTH="48" HEIGHT="21" WC="0.92" CONTENT="med"/><SP WIDTH="16" VPOS="475" HPOS="566"/>
							<String ID="string_34" HPOS="582" VPOS="475" WIDTH="111" HEIGHT="27" WC="0.92" CONTENT="anledning"/><SP WIDTH="14" VPOS="475" HPOS="693"/>
							<String ID="string_35" HPOS="707" VPOS="476" WIDTH="23" HEIGHT="21" WC="0.93" CONTENT="af"/><SP WIDTH="13" VPOS="476" HPOS="730"/>
							<String ID="string_36" HPOS="743" VPOS="476" WIDTH="162" HEIGHT="27" WC="0.93" CONTENT="Lagutskottets"/>
						</TextLine>
						<TextLine ID="line_5" HPOS="88" VPOS="501" WIDTH="817" HEIGHT="28">
							<String ID="string_37" HPOS="88" VPOS="501" WIDTH="133" HEIGHT="22" WC="0.96" CONTENT="betänkande"/><SP WIDTH="15" VPOS="501" HPOS="221"/>
							<String ID="string_38" HPOS="236" VPOS="502" WIDTH="40" HEIGHT="21" WC="0.96" CONTENT="N:o"/><SP WIDTH="17" VPOS="502" HPOS="276"/>
							<String ID="string_39" HPOS="293" VPOS="503" WIDTH="26" HEIGHT="20" WC="0.93" CONTENT="18"/><SP WIDTH="15" VPOS="503" HPOS="319"/>
							<String ID="string_40" HPOS="334" VPOS="502" WIDTH="107" HEIGHT="27" WC="0.96" CONTENT="angående"/><SP WIDTH="23" VPOS="502" HPOS="441"/>
							<String ID="string_41" HPOS="464" VPOS="503" WIDTH="120" HEIGHT="22" WC="0.89" CONTENT="manifestet"/><SP WIDTH="14" VPOS="503" HPOS="584"/>
							<String ID="string_42" HPOS="598" VPOS="503" WIDTH="24" HEIGHT="22" WC="0.96" CONTENT="af"/><SP WIDTH="13" VPOS="503" HPOS="622"/>
							<String ID="string_43" HPOS="635" VPOS="504" WIDTH="39" HEIGHT="21" WC="0.96" CONTENT="den"/><SP WIDTH="19" VPOS="504" HPOS="674"/>
							<String ID="string_44" HPOS="693" VPOS="505" WIDTH="24" HEIGHT="20" WC="0.96" CONTENT="12"/><SP WIDTH="15" VPOS="505" HPOS="717"/>
							<String ID="string_45" HPOS="732" VPOS="505" WIDTH="50" HEIGHT="20" WC="0.96" CONTENT="Juni"/><SP WIDTH="16" VPOS="505" HPOS="782"/>
							<String ID="string_46" HPOS="798" VPOS="504" WIDTH="55" HEIGHT="22" WC="0.93" CONTENT="1890"/><SP WIDTH="14" VPOS="504" HPOS="853"/>
							<String ID="string_47" HPOS="867" VPOS="505" WIDTH="38" HEIGHT="22" WC="0.78" CONTENT="be-"/>
						</TextLine>
						<TextLine ID="line_6" HPOS="87" VPOS="530" WIDTH="479" HEIGHT="28">
							<String ID="string_48" HPOS="87" VPOS="530" WIDTH="104" HEIGHT="21" WC="0.92" CONTENT="träffande"/><SP WIDTH="15" VPOS="530" HPOS="191"/>
							<String ID="string_49" HPOS="206" VPOS="531" WIDTH="144" HEIGHT="26" WC="0.92" CONTENT="poströrelsen"/><SP WIDTH="15" VPOS="531" HPOS="350"/>
							<String ID="string_50" HPOS="365" VPOS="531" WIDTH="113" HEIGHT="27" WC="0.91" CONTENT="upplästes,"/><SP WIDTH="16" VPOS="531" HPOS="478"/>
							<String ID="string_51" HPOS="494" VPOS="532" WIDTH="72" HEIGHT="21" WC="0.92" CONTENT="anhöll"/>
						</TextLine>
					</TextBlock>
				</ComposedBlock>
				<ComposedBlock ID="cblock_5" HPOS="87" VPOS="587" WIDTH="818" HEIGHT="257">
					<TextBlock ID="block_4" HPOS="87" VPOS="587" WIDTH="818" HEIGHT="257">
						<TextLine ID="line_7" HPOS="155" VPOS="587" WIDTH="748" HEIGHT="29">
							<String ID="string_52" HPOS="155" VPOS="587" WIDTH="57" HEIGHT="21" WC="0.83" CONTENT="Frih."/><SP WIDTH="27" VPOS="587" HPOS="212"/>
							<String ID="string_53" HPOS="239" VPOS="587" WIDTH="78" HEIGHT="27" WC="0.95" CONTENT="Boije"/><SP WIDTH="24" VPOS="587" HPOS="317"/>
							<String ID="string_54" HPOS="341" VPOS="594" WIDTH="33" HEIGHT="15" WC="0.93" CONTENT="om"/><SP WIDTH="27" VPOS="594" HPOS="374"/>
							<String ID="string_55" HPOS="401" VPOS="588" WIDTH="61" HEIGHT="21" WC="0.96" CONTENT="ordet"/><SP WIDTH="23" VPOS="588" HPOS="462"/>
							<String ID="string_56" HPOS="485" VPOS="589" WIDTH="38" HEIGHT="20" WC="0.93" CONTENT="och"/><SP WIDTH="21" VPOS="589" HPOS="523"/>
							<String ID="string_57" HPOS="544" VPOS="589" WIDTH="97" HEIGHT="26" WC="0.96" CONTENT="yttrade:"/><SP WIDTH="30" VPOS="589" HPOS="641"/>
							<String ID="string_58" HPOS="671" VPOS="589" WIDTH="33" HEIGHT="21" WC="0.96" CONTENT="Då"/><SP WIDTH="22" VPOS="589" HPOS="704"/>
							<String ID="string_59" HPOS="726" VPOS="589" WIDTH="40" HEIGHT="21" WC="0.96" CONTENT="den"/><SP WIDTH="23" VPOS="589" HPOS="766"/>
							<String ID="string_60" HPOS="789" VPOS="596" WIDTH="28" HEIGHT="15" WC="0.93" CONTENT="nu"/><SP WIDTH="20" VPOS="596" HPOS="817"/>
							<String ID="string_61" HPOS="837" VPOS="589" WIDTH="66" HEIGHT="27" WC="0.88" CONTENT="juste-"/>
						</TextLine>
						<TextLine ID="line_8" HPOS="88" VPOS="615" WIDTH="817" HEIGHT="28">
							<String ID="string_62" HPOS="88" VPOS="615" WIDTH="50" HEIGHT="22" WC="0.92" CONTENT="rade"/><SP WIDTH="23" VPOS="615" HPOS="138"/>
							<String ID="string_63" HPOS="161" VPOS="615" WIDTH="122" HEIGHT="27" WC="0.91" CONTENT="petitionen,"/><SP WIDTH="17" VPOS="615" HPOS="283"/>
							<String ID="string_64" HPOS="300" VPOS="623" WIDTH="45" HEIGHT="14" WC="0.96" CONTENT="som"/><SP WIDTH="15" VPOS="623" HPOS="345"/>
							<String ID="string_65" HPOS="360" VPOS="616" WIDTH="35" HEIGHT="21" WC="0.93" CONTENT="vid"/><SP WIDTH="15" VPOS="616" HPOS="395"/>
							<String ID="string_66" HPOS="410" VPOS="619" WIDTH="84" HEIGHT="19" WC="0.92" CONTENT="senaste"/><SP WIDTH="14" VPOS="619" HPOS="494"/>
							<String ID="string_67" HPOS="508" VPOS="617" WIDTH="85" HEIGHT="26" WC="0.90" CONTENT="plenum"/><SP WIDTH="15" VPOS="617" HPOS="593"/>
							<String ID="string_68" HPOS="608" VPOS="623" WIDTH="38" HEIGHT="15" WC="0.93" CONTENT="var"/><SP WIDTH="14" VPOS="623" HPOS="646"/>
							<String ID="string_69" HPOS="660" VPOS="617" WIDTH="89" HEIGHT="22" WC="0.92" CONTENT="föremäl"/><SP WIDTH="15" VPOS="617" HPOS="749"/>
							<String ID="string_70" HPOS="764" VPOS="617" WIDTH="33" HEIGHT="22" WC="0.93" CONTENT="för"/><SP WIDTH="15" VPOS="617" HPOS="797"/>
							<String ID="string_71" HPOS="812" VPOS="618" WIDTH="93" HEIGHT="21" WC="0.92" CONTENT="behand-"/>
						</TextLine>
						<TextLine ID="line_9" HPOS="87" VPOS="644" WIDTH="818" HEIGHT="29">
							<String ID="string_72" HPOS="87" VPOS="644" WIDTH="43" HEIGHT="26" WC="0.96" CONTENT="ling"/><SP WIDTH="15" VPOS="644" HPOS="130"/>
							<String ID="string_73" HPOS="145" VPOS="644" WIDTH="38" HEIGHT="21" WC="0.96" CONTENT="hos"/><SP WIDTH="16" VPOS="644" HPOS="183"/>
							<String ID="string_74" HPOS="199" VPOS="644" WIDTH="26" HEIGHT="21" WC="0.96" CONTENT="R:"/><SP WIDTH="14" VPOS="644" HPOS="225"/>
							<String ID="string_75" HPOS="239" VPOS="651" WIDTH="18" HEIGHT="14" WC="0.93" CONTENT="o."/><SP WIDTH="16" VPOS="651" HPOS="257"/>
							<String ID="string_76" HPOS="273" VPOS="645" WIDTH="32" HEIGHT="26" WC="0.85" CONTENT="A.,"/><SP WIDTH="17" VPOS="645" HPOS="305"/>
							<String ID="string_77" HPOS="322" VPOS="644" WIDTH="23" HEIGHT="21" WC="0.92" CONTENT="af"/><SP WIDTH="14" VPOS="644" HPOS="345"/>
							<String ID="string_78" HPOS="359" VPOS="644" WIDTH="89" HEIGHT="22" WC="0.92" CONTENT="Ständet"/><SP WIDTH="15" VPOS="644" HPOS="448"/>
							<String ID="string_79" HPOS="463" VPOS="646" WIDTH="51" HEIGHT="20" WC="0.93" CONTENT="utan"/><SP WIDTH="16" VPOS="646" HPOS="514"/>
							<String ID="string_80" HPOS="530" VPOS="646" WIDTH="130" HEIGHT="27" WC="0.96" CONTENT="omröstning"/><SP WIDTH="16" VPOS="646" HPOS="660"/>
							<String ID="string_81" HPOS="676" VPOS="646" WIDTH="38" HEIGHT="21" WC="0.93" CONTENT="och"/><SP WIDTH="16" VPOS="646" HPOS="714"/>
							<String ID="string_82" HPOS="730" VPOS="646" WIDTH="69" HEIGHT="21" WC="0.96" CONTENT="såsom"/><SP WIDTH="13" VPOS="646" HPOS="799"/>
							<String ID="string_83" HPOS="812" VPOS="647" WIDTH="37" HEIGHT="26" WC="0.93" CONTENT="jag"/><SP WIDTH="10" VPOS="647" HPOS="849"/>
							<String ID="string_84" HPOS="859" VPOS="649" WIDTH="46" HEIGHT="18" WC="0.96" CONTENT="tror"/>
						</TextLine>
						<TextLine ID="line_10" HPOS="87" VPOS="672" WIDTH="818" HEIGHT="29">
							<String ID="string_85" HPOS="87" VPOS="672" WIDTH="102" HEIGHT="27" WC="0.92" CONTENT="enhälligt"/><SP WIDTH="22" VPOS="672" HPOS="189"/>
							<String ID="string_86" HPOS="211" VPOS="674" WIDTH="81" HEIGHT="25" WC="0.91" CONTENT="antogs,"/><SP WIDTH="23" VPOS="674" HPOS="292"/>
							<String ID="string_87" HPOS="315" VPOS="673" WIDTH="40" HEIGHT="22" WC="0.96" CONTENT="och"/><SP WIDTH="22" VPOS="673" HPOS="355"/>
							<String ID="string_88" HPOS="377" VPOS="673" WIDTH="28" HEIGHT="21" WC="0.96" CONTENT="dä"/><SP WIDTH="22" VPOS="673" HPOS="405"/>
							<String ID="string_89" HPOS="427" VPOS="673" WIDTH="45" HEIGHT="22" WC="0.93" CONTENT="före"/><SP WIDTH="22" VPOS="673" HPOS="472"/>
							<String ID="string_90" HPOS="494" VPOS="675" WIDTH="126" HEIGHT="26" WC="0.92" CONTENT="petitionens"/><SP WIDTH="23" VPOS="675" HPOS="620"/>
							<String ID="string_91" HPOS="643" VPOS="675" WIDTH="118" HEIGHT="26" WC="0.93" CONTENT="antagande"/><SP WIDTH="19" VPOS="675" HPOS="761"/>
							<String ID="string_92" HPOS="780" VPOS="675" WIDTH="125" HEIGHT="21" WC="0.92" CONTENT="uttalanden"/>
						</TextLine>
						<TextLine ID="line_11" HPOS="87" VPOS="701" WIDTH="818" HEIGHT="26">
							<String ID="string_93" HPOS="87" VPOS="701" WIDTH="67" HEIGHT="26" WC="0.96" CONTENT="gjorts"/><SP WIDTH="14" VPOS="701" HPOS="154"/>
							<String ID="string_94" HPOS="168" VPOS="702" WIDTH="8" HEIGHT="20" WC="0.93" CONTENT="i"/><SP WIDTH="15" VPOS="702" HPOS="176"/>
							<String ID="string_95" HPOS="191" VPOS="701" WIDTH="88" HEIGHT="22" WC="0.92" CONTENT="Ständet"/><SP WIDTH="16" VPOS="701" HPOS="279"/>
							<String ID="string_96" HPOS="295" VPOS="702" WIDTH="75" HEIGHT="21" WC="0.95" CONTENT="endast"/><SP WIDTH="15" VPOS="702" HPOS="370"/>
							<String ID="string_97" HPOS="385" VPOS="702" WIDTH="23" HEIGHT="21" WC="0.93" CONTENT="af"/><SP WIDTH="13" VPOS="702" HPOS="408"/>
							<String ID="string_98" HPOS="421" VPOS="702" WIDTH="58" HEIGHT="21" WC="0.92" CONTENT="Frih."/><SP WIDTH="15" VPOS="702" HPOS="479"/>
							<String ID="string_99" HPOS="494" VPOS="703" WIDTH="25" HEIGHT="20" WC="0.96" CONTENT="R."/><SP WIDTH="16" VPOS="703" HPOS="519"/>
							<String ID="string_100" HPOS="535" VPOS="703" WIDTH="25" HEIGHT="21" WC="0.96" CONTENT="A."/><SP WIDTH="16" VPOS="703" HPOS="560"/>
							<String ID="string_101" HPOS="576" VPOS="703" WIDTH="76" HEIGHT="21" WC="0.96" CONTENT="Wrede"/><SP WIDTH="16" VPOS="703" HPOS="652"/>
							<String ID="string_102" HPOS="668" VPOS="703" WIDTH="39" HEIGHT="21" WC="0.96" CONTENT="och"/><SP WIDTH="16" VPOS="703" HPOS="707"/>
							<String ID="string_103" HPOS="723" VPOS="709" WIDTH="40" HEIGHT="15" WC="0.96" CONTENT="von"/><SP WIDTH="15" VPOS="709" HPOS="763"/>
							<String ID="string_104" HPOS="778" VPOS="704" WIDTH="58" HEIGHT="21" WC="0.96" CONTENT="Born"/><SP WIDTH="15" VPOS="704" HPOS="836"/>
							<String ID="string_105" HPOS="851" VPOS="705" WIDTH="54" HEIGHT="20" WC="0.96" CONTENT="samt"/>
						</TextLine>
						<TextLine ID="line_12" HPOS="87" VPOS="730" WIDTH="818" HEIGHT="29">
							<String ID="string_106" HPOS="87" VPOS="730" WIDTH="32" HEIGHT="21" WC="0.96" CONTENT="Hr"/><SP WIDTH="15" VPOS="730" HPOS="119"/>
							<String ID="string_107" HPOS="134" VPOS="730" WIDTH="25" HEIGHT="21" WC="0.93" CONTENT="K."/><SP WIDTH="17" VPOS="730" HPOS="159"/>
							<String ID="string_108" HPOS="176" VPOS="730" WIDTH="78" HEIGHT="26" WC="0.92" CONTENT="Antell,"/><SP WIDTH="15" VPOS="730" HPOS="254"/>
							<String ID="string_109" HPOS="269" VPOS="731" WIDTH="42" HEIGHT="20" WC="0.96" CONTENT="kan"/><SP WIDTH="16" VPOS="731" HPOS="311"/>
							<String ID="string_110" HPOS="327" VPOS="731" WIDTH="36" HEIGHT="21" WC="0.93" CONTENT="det"/><SP WIDTH="14" VPOS="731" HPOS="363"/>
							<String ID="string_111" HPOS="377" VPOS="737" WIDTH="61" HEIGHT="20" WC="0.92" CONTENT="synas"/><SP WIDTH="16" VPOS="737" HPOS="438"/>
							<String ID="string_112" HPOS="454" VPOS="736" WIDTH="45" HEIGHT="16" WC="0.96" CONTENT="som"/><SP WIDTH="16" VPOS="736" HPOS="499"/>
							<String ID="string_113" HPOS="515" VPOS="738" WIDTH="33" HEIGHT="15" WC="0.96" CONTENT="om"/><SP WIDTH="16" VPOS="738" HPOS="548"/>
							<String ID="string_114" HPOS="564" VPOS="731" WIDTH="24" HEIGHT="22" WC="0.96" CONTENT="R."/><SP WIDTH="17" VPOS="731" HPOS="588"/>
							<String ID="string_115" HPOS="605" VPOS="738" WIDTH="17" HEIGHT="14" WC="0.92" CONTENT="o."/><SP WIDTH="10" VPOS="738" HPOS="622"/>
							<String ID="string_116" HPOS="632" VPOS="732" WIDTH="94" HEIGHT="21" WC="0.90" CONTENT="A.äfven"/><SP WIDTH="15" VPOS="732" HPOS="726"/>
							<String ID="string_117" HPOS="741" VPOS="732" WIDTH="101" HEIGHT="27" WC="0.92" CONTENT="enhälligt"/><SP WIDTH="10" VPOS="732" HPOS="842"/>
							<String ID="string_118" HPOS="852" VPOS="733" WIDTH="53" HEIGHT="26" WC="0.89" CONTENT="god-"/>
						</TextLine>
						<TextLine ID="line_13" HPOS="87" VPOS="758" WIDTH="818" HEIGHT="27">
							<String ID="string_119" HPOS="87" VPOS="758" WIDTH="52" HEIGHT="21" WC="0.92" CONTENT="känt"/><SP WIDTH="16" VPOS="758" HPOS="139"/>
							<String ID="string_120" HPOS="155" VPOS="759" WIDTH="61" HEIGHT="21" WC="0.93" CONTENT="dessa"/><SP WIDTH="15" VPOS="759" HPOS="216"/>
							<String ID="string_121" HPOS="231" VPOS="760" WIDTH="112" HEIGHT="25" WC="0.90" CONTENT="yttranden"/><SP WIDTH="16" VPOS="760" HPOS="343"/>
							<String ID="string_122" HPOS="359" VPOS="759" WIDTH="39" HEIGHT="22" WC="0.95" CONTENT="och"/><SP WIDTH="15" VPOS="759" HPOS="398"/>
							<String ID="string_123" HPOS="413" VPOS="760" WIDTH="39" HEIGHT="21" WC="0.93" CONTENT="allt"/><SP WIDTH="14" VPOS="760" HPOS="452"/>
							<String ID="string_124" HPOS="466" VPOS="759" WIDTH="56" HEIGHT="22" WC="0.92" CONTENT="hvad"/><SP WIDTH="15" VPOS="759" HPOS="522"/>
							<String ID="string_125" HPOS="537" VPOS="761" WIDTH="61" HEIGHT="20" WC="0.93" CONTENT="dessa"/><SP WIDTH="19" VPOS="761" HPOS="598"/>
							<String ID="string_126" HPOS="617" VPOS="761" WIDTH="43" HEIGHT="20" WC="0.93" CONTENT="Hrr"/><SP WIDTH="15" VPOS="761" HPOS="660"/>
							<String ID="string_127" HPOS="675" VPOS="760" WIDTH="27" HEIGHT="21" WC="0.93" CONTENT="dä"/><SP WIDTH="15" VPOS="760" HPOS="702"/>
							<String ID="string_128" HPOS="717" VPOS="761" WIDTH="94" HEIGHT="21" WC="0.91" CONTENT="anförde."/><SP WIDTH="30" VPOS="761" HPOS="811"/>
							<String ID="string_129" HPOS="841" VPOS="761" WIDTH="64" HEIGHT="22" WC="0.96" CONTENT="Emot"/>
						</TextLine>
						<TextLine ID="line_14" HPOS="88" VPOS="787" WIDTH="816" HEIGHT="29">
							<String ID="string_130" HPOS="88" VPOS="793" WIDTH="26" HEIGHT="15" WC="0.93" CONTENT="en"/><SP WIDTH="15" VPOS="793" HPOS="114"/>
							<String ID="string_131" HPOS="129" VPOS="787" WIDTH="67" HEIGHT="22" WC="0.93" CONTENT="sädan"/><SP WIDTH="22" VPOS="787" HPOS="196"/>
							<String ID="string_132" HPOS="218" VPOS="787" WIDTH="135" HEIGHT="28" WC="0.96" CONTENT="uppfattning"/><SP WIDTH="14" VPOS="787" HPOS="353"/>
							<String ID="string_133" HPOS="367" VPOS="788" WIDTH="38" HEIGHT="21" WC="0.96" CONTENT="ber"/><SP WIDTH="13" VPOS="788" HPOS="405"/>
							<String ID="string_134" HPOS="418" VPOS="789" WIDTH="42" HEIGHT="26" WC="0.93" CONTENT="jag,"/><SP WIDTH="16" VPOS="789" HPOS="460"/>
							<String ID="string_135" HPOS="476" VPOS="789" WIDTH="102" HEIGHT="21" WC="0.93" CONTENT="försävidt"/><SP WIDTH="16" VPOS="789" HPOS="578"/>
							<String ID="string_136" HPOS="594" VPOS="789" WIDTH="61" HEIGHT="21" WC="0.93" CONTENT="dessa"/><SP WIDTH="14" VPOS="789" HPOS="655"/>
							<String ID="string_137" HPOS="669" VPOS="789" WIDTH="114" HEIGHT="27" WC="0.92" CONTENT="yttranden"/><SP WIDTH="15" VPOS="789" HPOS="783"/>
							<String ID="string_138" HPOS="798" VPOS="789" WIDTH="106" HEIGHT="22" WC="0.91" CONTENT="innehöllo"/>
						</TextLine>
						<TextLine ID="line_15" HPOS="87" VPOS="816" WIDTH="589" HEIGHT="28">
							<String ID="string_139" HPOS="87" VPOS="816" WIDTH="67" HEIGHT="21" WC="0.93" CONTENT="kritik"/><SP WIDTH="14" VPOS="816" HPOS="154"/>
							<String ID="string_140" HPOS="168" VPOS="816" WIDTH="24" HEIGHT="21" WC="0.97" CONTENT="af"/><SP WIDTH="13" VPOS="816" HPOS="192"/>
							<String ID="string_141" HPOS="205" VPOS="822" WIDTH="106" HEIGHT="21" WC="0.93" CONTENT="personer,"/><SP WIDTH="17" VPOS="822" HPOS="311"/>
							<String ID="string_142" HPOS="328" VPOS="817" WIDTH="21" HEIGHT="20" WC="0.91" CONTENT="fä"/><SP WIDTH="15" VPOS="817" HPOS="349"/>
							<String ID="string_143" HPOS="364" VPOS="817" WIDTH="103" HEIGHT="27" WC="0.92" CONTENT="nedlägga"/><SP WIDTH="15" VPOS="817" HPOS="467"/>
							<String ID="string_144" HPOS="482" VPOS="818" WIDTH="43" HEIGHT="20" WC="0.96" CONTENT="min"/><SP WIDTH="15" VPOS="818" HPOS="525"/>
							<String ID="string_145" HPOS="540" VPOS="818" WIDTH="136" HEIGHT="21" WC="0.96" CONTENT="reservation."/>
						</TextLine>
					</TextBlock>
				</ComposedBlock>
				<ComposedBlock ID="cblock_6" HPOS="87" VPOS="873" WIDTH="819" HEIGHT="164">
					<TextBlock ID="block_5" HPOS="87" VPOS="873" WIDTH="819" HEIGHT="164">
						<TextLine ID="line_16" HPOS="155" VPOS="873" WIDTH="750" HEIGHT="28">
							<String ID="string_146" HPOS="155" VPOS="873" WIDTH="32" HEIGHT="21" WC="0.96" CONTENT="Hr"/><SP WIDTH="22" VPOS="873" HPOS="187"/>
							<String ID="string_147" HPOS="209" VPOS="873" WIDTH="104" HEIGHT="22" WC="0.96" CONTENT="Taube:"/><SP WIDTH="30" VPOS="873" HPOS="313"/>
							<String ID="string_148" HPOS="343" VPOS="874" WIDTH="41" HEIGHT="26" WC="0.93" CONTENT="Jag"/><SP WIDTH="22" VPOS="874" HPOS="384"/>
							<String ID="string_149" HPOS="406" VPOS="874" WIDTH="95" HEIGHT="21" WC="0.92" CONTENT="anhäller"/><SP WIDTH="23" VPOS="874" HPOS="501"/>
							<String ID="string_150" HPOS="524" VPOS="875" WIDTH="108" HEIGHT="21" WC="0.96" CONTENT="vördsamt"/><SP WIDTH="15" VPOS="875" HPOS="632"/>
							<String ID="string_151" HPOS="647" VPOS="876" WIDTH="32" HEIGHT="20" WC="0.93" CONTENT="att"/><SP WIDTH="14" VPOS="876" HPOS="679"/>
							<String ID="string_152" HPOS="693" VPOS="875" WIDTH="22" HEIGHT="21" WC="0.93" CONTENT="fä"/><SP WIDTH="14" VPOS="875" HPOS="715"/>
							<String ID="string_153" HPOS="729" VPOS="875" WIDTH="33" HEIGHT="21" WC="0.93" CONTENT="till"/><SP WIDTH="14" VPOS="875" HPOS="762"/>
							<String ID="string_154" HPOS="776" VPOS="875" WIDTH="129" HEIGHT="26" WC="0.90" CONTENT="protokollet"/>
						</TextLine>
						<TextLine ID="line_17" HPOS="88" VPOS="902" WIDTH="818" HEIGHT="27">
							<String ID="string_155" HPOS="88" VPOS="903" WIDTH="85" HEIGHT="20" WC="0.96" CONTENT="anmäla"/><SP WIDTH="15" VPOS="903" HPOS="173"/>
							<String ID="string_156" HPOS="188" VPOS="904" WIDTH="31" HEIGHT="19" WC="0.96" CONTENT="att"/><SP WIDTH="12" VPOS="904" HPOS="219"/>
							<String ID="string_157" HPOS="231" VPOS="902" WIDTH="37" HEIGHT="27" WC="0.93" CONTENT="jag"/><SP WIDTH="15" VPOS="902" HPOS="268"/>
							<String ID="string_158" HPOS="283" VPOS="903" WIDTH="46" HEIGHT="20" WC="0.93" CONTENT="icke"/><SP WIDTH="16" VPOS="903" HPOS="329"/>
							<String ID="string_159" HPOS="345" VPOS="904" WIDTH="76" HEIGHT="19" WC="0.92" CONTENT="närvar"/><SP WIDTH="16" VPOS="904" HPOS="421"/>
							<String ID="string_160" HPOS="437" VPOS="903" WIDTH="34" HEIGHT="21" WC="0.96" CONTENT="vid"/><SP WIDTH="15" VPOS="903" HPOS="471"/>
							<String ID="string_161" HPOS="486" VPOS="903" WIDTH="24" HEIGHT="20" WC="0.96" CONTENT="R."/><SP WIDTH="17" VPOS="903" HPOS="510"/>
							<String ID="string_162" HPOS="527" VPOS="909" WIDTH="18" HEIGHT="15" WC="0.93" CONTENT="o."/><SP WIDTH="16" VPOS="909" HPOS="545"/>
							<String ID="string_163" HPOS="561" VPOS="904" WIDTH="36" HEIGHT="20" WC="0.93" CONTENT="A:s"/><SP WIDTH="15" VPOS="904" HPOS="597"/>
							<String ID="string_164" HPOS="612" VPOS="903" WIDTH="144" HEIGHT="26" WC="0.92" CONTENT="aftonplenum"/><SP WIDTH="16" VPOS="903" HPOS="756"/>
							<String ID="string_165" HPOS="772" VPOS="905" WIDTH="83" HEIGHT="20" WC="0.93" CONTENT="senaste"/><SP WIDTH="8" VPOS="905" HPOS="855"/>
							<String ID="string_166" HPOS="863" VPOS="904" WIDTH="43" HEIGHT="20" WC="0.91" CONTENT="lör-"/>
						</TextLine>
						<TextLine ID="line_18" HPOS="88" VPOS="931" WIDTH="817" HEIGHT="26">
							<String ID="string_167" HPOS="88" VPOS="931" WIDTH="47" HEIGHT="26" WC="0.95" CONTENT="dag,"/><SP WIDTH="24" VPOS="931" HPOS="135"/>
							<String ID="string_168" HPOS="159" VPOS="931" WIDTH="27" HEIGHT="20" WC="0.92" CONTENT="dä"/><SP WIDTH="22" VPOS="931" HPOS="186"/>
							<String ID="string_169" HPOS="208" VPOS="931" WIDTH="160" HEIGHT="26" WC="0.92" CONTENT="Lagutskottets"/><SP WIDTH="22" VPOS="931" HPOS="368"/>
							<String ID="string_170" HPOS="390" VPOS="931" WIDTH="134" HEIGHT="22" WC="0.92" CONTENT="betänkande"/><SP WIDTH="15" VPOS="931" HPOS="524"/>
							<String ID="string_171" HPOS="539" VPOS="932" WIDTH="7" HEIGHT="20" WC="0.93" CONTENT="i"/><SP WIDTH="16" VPOS="932" HPOS="546"/>
							<String ID="string_172" HPOS="562" VPOS="932" WIDTH="112" HEIGHT="25" WC="0.92" CONTENT="anledning"/><SP WIDTH="20" VPOS="932" HPOS="674"/>
							<String ID="string_173" HPOS="694" VPOS="932" WIDTH="23" HEIGHT="21" WC="0.93" CONTENT="af"/><SP WIDTH="13" VPOS="932" HPOS="717"/>
							<String ID="string_174" HPOS="730" VPOS="932" WIDTH="175" HEIGHT="21" WC="0.93" CONTENT="Statsutskottets"/>
						</TextLine>
						<TextLine ID="line_19" HPOS="87" VPOS="959" WIDTH="818" HEIGHT="27">
							<String ID="string_175" HPOS="87" VPOS="959" WIDTH="156" HEIGHT="27" WC="0.68" CONTENT="framställning"/><SP WIDTH="14" VPOS="959" HPOS="243"/>
							<String ID="string_176" HPOS="257" VPOS="959" WIDTH="109" HEIGHT="27" WC="0.93" CONTENT="angäende"/><SP WIDTH="15" VPOS="959" HPOS="366"/>
							<String ID="string_177" HPOS="381" VPOS="959" WIDTH="77" HEIGHT="27" WC="0.93" CONTENT="nädiga"/><SP WIDTH="14" VPOS="959" HPOS="458"/>
							<String ID="string_178" HPOS="472" VPOS="960" WIDTH="120" HEIGHT="21" WC="0.92" CONTENT="manifestet"/><SP WIDTH="15" VPOS="960" HPOS="592"/>
							<String ID="string_179" HPOS="607" VPOS="960" WIDTH="23" HEIGHT="21" WC="0.96" CONTENT="af"/><SP WIDTH="13" VPOS="960" HPOS="630"/>
							<String ID="string_180" HPOS="643" VPOS="960" WIDTH="40" HEIGHT="21" WC="0.96" CONTENT="den"/><SP WIDTH="17" VPOS="960" HPOS="683"/>
							<String ID="string_181" HPOS="700" VPOS="961" WIDTH="25" HEIGHT="20" WC="0.96" CONTENT="12"/><SP WIDTH="15" VPOS="961" HPOS="725"/>
							<String ID="string_182" HPOS="740" VPOS="961" WIDTH="50" HEIGHT="20" WC="0.96" CONTENT="Juni"/><SP WIDTH="17" VPOS="961" HPOS="790"/>
							<String ID="string_183" HPOS="807" VPOS="961" WIDTH="54" HEIGHT="21" WC="0.93" CONTENT="1890"/><SP WIDTH="9" VPOS="961" HPOS="861"/>
							<String ID="string_184" HPOS="870" VPOS="961" WIDTH="35" HEIGHT="20" WC="0.92" CONTENT="be-"/>
						</TextLine>
						<TextLine ID="line_20" HPOS="87" VPOS="987" WIDTH="817" HEIGHT="28">
							<String ID="string_185" HPOS="87" VPOS="987" WIDTH="123" HEIGHT="27" WC="0.96" CONTENT="handlades,"/><SP WIDTH="24" VPOS="987" HPOS="210"/>
							<String ID="string_186" HPOS="234" VPOS="988" WIDTH="39" HEIGHT="21" WC="0.93" CONTENT="och"/><SP WIDTH="22" VPOS="988" HPOS="273"/>
							<String ID="string_187" HPOS="295" VPOS="988" WIDTH="69" HEIGHT="21" WC="0.96" CONTENT="tillika"/><SP WIDTH="21" VPOS="988" HPOS="364"/>
							<String ID="string_188" HPOS="385" VPOS="988" WIDTH="67" HEIGHT="21" WC="0.96" CONTENT="måste"/><SP WIDTH="21" VPOS="988" HPOS="452"/>
							<String ID="string_189" HPOS="473" VPOS="988" WIDTH="37" HEIGHT="27" WC="0.93" CONTENT="jag"/><SP WIDTH="15" VPOS="988" HPOS="510"/>
							<String ID="string_190" HPOS="525" VPOS="990" WIDTH="119" HEIGHT="25" WC="0.96" CONTENT="protestera"/><SP WIDTH="14" VPOS="990" HPOS="644"/>
							<String ID="string_191" HPOS="658" VPOS="990" WIDTH="56" HEIGHT="20" WC="0.96" CONTENT="emot"/><SP WIDTH="16" VPOS="990" HPOS="714"/>
							<String ID="string_192" HPOS="730" VPOS="989" WIDTH="26" HEIGHT="20" WC="0.93" CONTENT="de"/><SP WIDTH="16" VPOS="989" HPOS="756"/>
							<String ID="string_193" HPOS="772" VPOS="989" WIDTH="77" HEIGHT="26" WC="0.92" CONTENT="afgifna"/><SP WIDTH="14" VPOS="989" HPOS="849"/>
							<String ID="string_194" HPOS="863" VPOS="991" WIDTH="41" HEIGHT="24" WC="0.92" CONTENT="ytt-"/>
						</TextLine>
						<TextLine ID="line_21" HPOS="88" VPOS="1016" WIDTH="101" HEIGHT="21">
							<String ID="string_195" HPOS="88" VPOS="1016" WIDTH="101" HEIGHT="21" WC="0.91" CONTENT="randena."/>
						</TextLine>
					</TextBlock>
				</ComposedBlock>
				<ComposedBlock ID="cblock_7" HPOS="88" VPOS="1073" WIDTH="818" HEIGHT="135">
					<TextBlock ID="block_6" HPOS="88" VPOS="1073" WIDTH="818" HEIGHT="135">
						<TextLine ID="line_22" HPOS="156" VPOS="1073" WIDTH="750" HEIGHT="22">
							<String ID="string_196" HPOS="156" VPOS="1073" WIDTH="33" HEIGHT="21" WC="0.93" CONTENT="Hr"/><SP WIDTH="14" VPOS="1073" HPOS="189"/>
							<String ID="string_197" HPOS="203" VPOS="1073" WIDTH="268" HEIGHT="21" WC="0.89" CONTENT="Landtmarskalken"/><SP WIDTH="16" VPOS="1073" HPOS="471"/>
							<String ID="string_198" HPOS="487" VPOS="1073" WIDTH="71" HEIGHT="22" WC="0.92" CONTENT="afbröt"/><SP WIDTH="14" VPOS="1073" HPOS="558"/>
							<String ID="string_199" HPOS="572" VPOS="1073" WIDTH="74" HEIGHT="21" WC="0.92" CONTENT="härvid"/><SP WIDTH="16" VPOS="1073" HPOS="646"/>
							<String ID="string_200" HPOS="662" VPOS="1073" WIDTH="82" HEIGHT="22" WC="0.92" CONTENT="talaren"/><SP WIDTH="15" VPOS="1073" HPOS="744"/>
							<String ID="string_201" HPOS="759" VPOS="1074" WIDTH="48" HEIGHT="20" WC="0.93" CONTENT="med"/><SP WIDTH="15" VPOS="1074" HPOS="807"/>
							<String ID="string_202" HPOS="822" VPOS="1073" WIDTH="84" HEIGHT="21" WC="0.93" CONTENT="erinran"/>
						</TextLine>
						<TextLine ID="line_23" HPOS="89" VPOS="1101" WIDTH="817" HEIGHT="27">
							<String ID="string_203" HPOS="89" VPOS="1107" WIDTH="34" HEIGHT="15" WC="0.96" CONTENT="om"/><SP WIDTH="10" VPOS="1107" HPOS="123"/>
							<String ID="string_204" HPOS="133" VPOS="1103" WIDTH="38" HEIGHT="24" WC="0.96" CONTENT="att,"/><SP WIDTH="10" VPOS="1103" HPOS="171"/>
							<String ID="string_205" HPOS="181" VPOS="1101" WIDTH="27" HEIGHT="21" WC="0.91" CONTENT="dä"/><SP WIDTH="8" VPOS="1101" HPOS="208"/>
							<String ID="string_206" HPOS="216" VPOS="1102" WIDTH="81" HEIGHT="20" WC="0.91" CONTENT="talaren"/><SP WIDTH="12" VPOS="1102" HPOS="297"/>
							<String ID="string_207" HPOS="309" VPOS="1102" WIDTH="85" HEIGHT="20" WC="0.92" CONTENT="förmält"/><SP WIDTH="9" VPOS="1102" HPOS="394"/>
							<String ID="string_208" HPOS="403" VPOS="1102" WIDTH="31" HEIGHT="26" WC="0.92" CONTENT="sig"/><SP WIDTH="8" VPOS="1102" HPOS="434"/>
							<String ID="string_209" HPOS="442" VPOS="1101" WIDTH="46" HEIGHT="21" WC="0.92" CONTENT="icke"/><SP WIDTH="11" VPOS="1101" HPOS="488"/>
							<String ID="string_210" HPOS="499" VPOS="1102" WIDTH="62" HEIGHT="20" WC="0.92" CONTENT="hafva"/><SP WIDTH="9" VPOS="1102" HPOS="561"/>
							<String ID="string_211" HPOS="570" VPOS="1102" WIDTH="113" HEIGHT="21" WC="0.91" CONTENT="öfvervarit"/><SP WIDTH="15" VPOS="1102" HPOS="683"/>
							<String ID="string_212" HPOS="698" VPOS="1103" WIDTH="99" HEIGHT="20" WC="0.92" CONTENT="ärendets"/><SP WIDTH="16" VPOS="1103" HPOS="797"/>
							<String ID="string_213" HPOS="813" VPOS="1102" WIDTH="93" HEIGHT="21" WC="0.91" CONTENT="behand-"/>
						</TextLine>
						<TextLine ID="line_24" HPOS="88" VPOS="1129" WIDTH="818" HEIGHT="28">
							<String ID="string_214" HPOS="88" VPOS="1130" WIDTH="43" HEIGHT="26" WC="0.92" CONTENT="ling"/><SP WIDTH="22" VPOS="1130" HPOS="131"/>
							<String ID="string_215" HPOS="153" VPOS="1130" WIDTH="39" HEIGHT="21" WC="0.93" CONTENT="hos"/><SP WIDTH="21" VPOS="1130" HPOS="192"/>
							<String ID="string_216" HPOS="213" VPOS="1130" WIDTH="25" HEIGHT="21" WC="0.96" CONTENT="R."/><SP WIDTH="17" VPOS="1130" HPOS="238"/>
							<String ID="string_217" HPOS="255" VPOS="1136" WIDTH="18" HEIGHT="14" WC="0.93" CONTENT="o."/><SP WIDTH="19" VPOS="1136" HPOS="273"/>
							<String ID="string_218" HPOS="292" VPOS="1130" WIDTH="33" HEIGHT="24" WC="0.92" CONTENT="A.,"/><SP WIDTH="16" VPOS="1130" HPOS="325"/>
							<String ID="string_219" HPOS="341" VPOS="1129" WIDTH="22" HEIGHT="21" WC="0.93" CONTENT="sä"/><SP WIDTH="15" VPOS="1129" HPOS="363"/>
							<String ID="string_220" HPOS="378" VPOS="1136" WIDTH="49" HEIGHT="15" WC="0.93" CONTENT="vore"/><SP WIDTH="16" VPOS="1136" HPOS="427"/>
							<String ID="string_221" HPOS="443" VPOS="1130" WIDTH="89" HEIGHT="26" WC="0.91" CONTENT="talaren,"/><SP WIDTH="16" VPOS="1130" HPOS="532"/>
							<String ID="string_222" HPOS="548" VPOS="1130" WIDTH="81" HEIGHT="27" WC="0.92" CONTENT="jemlikt"/><SP WIDTH="15" VPOS="1130" HPOS="629"/>
							<String ID="string_223" HPOS="644" VPOS="1131" WIDTH="23" HEIGHT="20" WC="0.97" CONTENT="L."/><SP WIDTH="17" VPOS="1131" HPOS="667"/>
							<String ID="string_224" HPOS="684" VPOS="1130" WIDTH="24" HEIGHT="21" WC="0.92" CONTENT="O."/><SP WIDTH="16" VPOS="1130" HPOS="708"/>
							<String ID="string_225" HPOS="724" VPOS="1130" WIDTH="46" HEIGHT="22" WC="0.92" CONTENT="icke"/><SP WIDTH="15" VPOS="1130" HPOS="770"/>
							<String ID="string_226" HPOS="785" VPOS="1130" WIDTH="121" HEIGHT="26" WC="0.93" CONTENT="berättigad"/>
						</TextLine>
						<TextLine ID="line_25" HPOS="89" VPOS="1158" WIDTH="816" HEIGHT="26">
							<String ID="string_227" HPOS="89" VPOS="1160" WIDTH="32" HEIGHT="19" WC="0.96" CONTENT="att"/><SP WIDTH="14" VPOS="1160" HPOS="121"/>
							<String ID="string_228" HPOS="135" VPOS="1164" WIDTH="29" HEIGHT="15" WC="0.96" CONTENT="nu"/><SP WIDTH="15" VPOS="1164" HPOS="164"/>
							<String ID="string_229" HPOS="179" VPOS="1158" WIDTH="32" HEIGHT="21" WC="0.93" CONTENT="till"/><SP WIDTH="15" VPOS="1158" HPOS="211"/>
							<String ID="string_230" HPOS="226" VPOS="1158" WIDTH="129" HEIGHT="26" WC="0.91" CONTENT="protokollet"/><SP WIDTH="16" VPOS="1158" HPOS="355"/>
							<String ID="string_231" HPOS="371" VPOS="1158" WIDTH="22" HEIGHT="21" WC="0.91" CONTENT="fä"/><SP WIDTH="14" VPOS="1158" HPOS="393"/>
							<String ID="string_232" HPOS="407" VPOS="1158" WIDTH="65" HEIGHT="26" WC="0.92" CONTENT="nägot"/><SP WIDTH="14" VPOS="1158" HPOS="472"/>
							<String ID="string_233" HPOS="486" VPOS="1160" WIDTH="65" HEIGHT="19" WC="0.93" CONTENT="annat"/><SP WIDTH="15" VPOS="1160" HPOS="551"/>
							<String ID="string_234" HPOS="566" VPOS="1158" WIDTH="128" HEIGHT="22" WC="0.92" CONTENT="antecknadt"/><SP WIDTH="16" VPOS="1158" HPOS="694"/>
							<String ID="string_235" HPOS="710" VPOS="1160" WIDTH="26" HEIGHT="19" WC="0.96" CONTENT="än"/><SP WIDTH="16" VPOS="1160" HPOS="736"/>
							<String ID="string_236" HPOS="752" VPOS="1165" WIDTH="26" HEIGHT="15" WC="0.93" CONTENT="en"/><SP WIDTH="16" VPOS="1165" HPOS="778"/>
							<String ID="string_237" HPOS="794" VPOS="1158" WIDTH="61" HEIGHT="22" WC="0.92" CONTENT="enkel"/><SP WIDTH="14" VPOS="1158" HPOS="855"/>
							<String ID="string_238" HPOS="869" VPOS="1165" WIDTH="36" HEIGHT="14" WC="0.92" CONTENT="an-"/>
						</TextLine>
						<TextLine ID="line_26" HPOS="89" VPOS="1187" WIDTH="164" HEIGHT="21">
							<String ID="string_239" HPOS="89" VPOS="1187" WIDTH="70" HEIGHT="21" WC="0.92" CONTENT="mälan"/><SP WIDTH="14" VPOS="1187" HPOS="159"/>
							<String ID="string_240" HPOS="173" VPOS="1187" WIDTH="80" HEIGHT="21" WC="0.92" CONTENT="härom."/>
						</TextLine>
					</TextBlock>
				</ComposedBlock>
				<ComposedBlock ID="cblock_8" HPOS="87" VPOS="1243" WIDTH="820" HEIGHT="282">
					<TextBlock ID="block_7" HPOS="87" VPOS="1243" WIDTH="820" HEIGHT="282">
						<TextLine ID="line_27" HPOS="157" VPOS="1243" WIDTH="749" HEIGHT="27">
							<String ID="string_241" HPOS="157" VPOS="1244" WIDTH="32" HEIGHT="20" WC="0.96" CONTENT="Hr"/><SP WIDTH="15" VPOS="1244" HPOS="189"/>
							<String ID="string_242" HPOS="204" VPOS="1244" WIDTH="201" HEIGHT="26" WC="0.93" CONTENT="Montgomery:"/><SP WIDTH="15" VPOS="1244" HPOS="405"/>
							<String ID="string_243" HPOS="420" VPOS="1243" WIDTH="33" HEIGHT="21" WC="0.92" CONTENT="Dä"/><SP WIDTH="13" VPOS="1243" HPOS="453"/>
							<String ID="string_244" HPOS="466" VPOS="1243" WIDTH="36" HEIGHT="27" WC="0.97" CONTENT="jag"/><SP WIDTH="15" VPOS="1243" HPOS="502"/>
							<String ID="string_245" HPOS="517" VPOS="1244" WIDTH="35" HEIGHT="20" WC="0.96" CONTENT="vid"/><SP WIDTH="15" VPOS="1244" HPOS="552"/>
							<String ID="string_246" HPOS="567" VPOS="1243" WIDTH="40" HEIGHT="21" WC="0.93" CONTENT="den"/><SP WIDTH="16" VPOS="1243" HPOS="607"/>
							<String ID="string_247" HPOS="623" VPOS="1244" WIDTH="164" HEIGHT="20" WC="0.92" CONTENT="öfverraskande"/><SP WIDTH="15" VPOS="1244" HPOS="787"/>
							<String ID="string_248" HPOS="802" VPOS="1243" WIDTH="104" HEIGHT="27" WC="0.91" CONTENT="vändning"/>
						</TextLine>
						<TextLine ID="line_28" HPOS="89" VPOS="1272" WIDTH="818" HEIGHT="26">
							<String ID="string_249" HPOS="89" VPOS="1272" WIDTH="147" HEIGHT="21" WC="0.90" CONTENT="diskussionen"/><SP WIDTH="14" VPOS="1272" HPOS="236"/>
							<String ID="string_250" HPOS="250" VPOS="1272" WIDTH="7" HEIGHT="20" WC="0.93" CONTENT="i"/><SP WIDTH="16" VPOS="1272" HPOS="257"/>
							<String ID="string_251" HPOS="273" VPOS="1272" WIDTH="112" HEIGHT="26" WC="0.92" CONTENT="anledning"/><SP WIDTH="15" VPOS="1272" HPOS="385"/>
							<String ID="string_252" HPOS="400" VPOS="1272" WIDTH="23" HEIGHT="21" WC="0.93" CONTENT="af"/><SP WIDTH="12" VPOS="1272" HPOS="423"/>
							<String ID="string_253" HPOS="435" VPOS="1272" WIDTH="162" HEIGHT="26" WC="0.91" CONTENT="Lagutskottets"/><SP WIDTH="15" VPOS="1272" HPOS="597"/>
							<String ID="string_254" HPOS="612" VPOS="1272" WIDTH="134" HEIGHT="20" WC="0.92" CONTENT="betänkande"/><SP WIDTH="14" VPOS="1272" HPOS="746"/>
							<String ID="string_255" HPOS="760" VPOS="1272" WIDTH="7" HEIGHT="20" WC="0.93" CONTENT="i"/><SP WIDTH="16" VPOS="1272" HPOS="767"/>
							<String ID="string_256" HPOS="783" VPOS="1272" WIDTH="124" HEIGHT="26" WC="0.92" CONTENT="postfrägan"/>
						</TextLine>
						<TextLine ID="line_29" HPOS="89" VPOS="1300" WIDTH="818" HEIGHT="27">
							<String ID="string_257" HPOS="89" VPOS="1300" WIDTH="34" HEIGHT="21" WC="0.93" CONTENT="vid"/><SP WIDTH="16" VPOS="1300" HPOS="123"/>
							<String ID="string_258" HPOS="139" VPOS="1302" WIDTH="83" HEIGHT="19" WC="0.91" CONTENT="senaste"/><SP WIDTH="15" VPOS="1302" HPOS="222"/>
							<String ID="string_259" HPOS="237" VPOS="1301" WIDTH="85" HEIGHT="25" WC="0.92" CONTENT="plenum"/><SP WIDTH="15" VPOS="1301" HPOS="322"/>
							<String ID="string_260" HPOS="337" VPOS="1302" WIDTH="44" HEIGHT="24" WC="0.92" CONTENT="tog,"/><SP WIDTH="15" VPOS="1302" HPOS="381"/>
							<String ID="string_261" HPOS="396" VPOS="1300" WIDTH="106" HEIGHT="27" WC="0.92" CONTENT="knappast"/><SP WIDTH="22" VPOS="1300" HPOS="502"/>
							<String ID="string_262" HPOS="524" VPOS="1300" WIDTH="70" HEIGHT="21" WC="0.93" CONTENT="kunde"/><SP WIDTH="16" VPOS="1300" HPOS="594"/>
							<String ID="string_263" HPOS="610" VPOS="1300" WIDTH="84" HEIGHT="26" WC="0.92" CONTENT="deltaga"/><SP WIDTH="14" VPOS="1300" HPOS="694"/>
							<String ID="string_264" HPOS="708" VPOS="1301" WIDTH="7" HEIGHT="20" WC="0.93" CONTENT="i"/><SP WIDTH="16" VPOS="1301" HPOS="715"/>
							<String ID="string_265" HPOS="731" VPOS="1300" WIDTH="132" HEIGHT="26" WC="0.88" CONTENT="densamma;"/><SP WIDTH="17" VPOS="1300" HPOS="863"/>
							<String ID="string_266" HPOS="880" VPOS="1300" WIDTH="27" HEIGHT="21" WC="0.96" CONTENT="dä"/>
						</TextLine>
						<TextLine ID="line_30" HPOS="87" VPOS="1328" WIDTH="820" HEIGHT="28">
							<String ID="string_267" HPOS="87" VPOS="1329" WIDTH="36" HEIGHT="27" WC="0.93" CONTENT="jag"/><SP WIDTH="22" VPOS="1329" HPOS="123"/>
							<String ID="string_268" HPOS="145" VPOS="1329" WIDTH="93" HEIGHT="26" WC="0.96" CONTENT="bidragit"/><SP WIDTH="22" VPOS="1329" HPOS="238"/>
							<String ID="string_269" HPOS="260" VPOS="1329" WIDTH="33" HEIGHT="21" WC="0.93" CONTENT="till"/><SP WIDTH="22" VPOS="1329" HPOS="293"/>
							<String ID="string_270" HPOS="315" VPOS="1329" WIDTH="161" HEIGHT="26" WC="0.92" CONTENT="Lagutskottets"/><SP WIDTH="24" VPOS="1329" HPOS="476"/>
							<String ID="string_271" HPOS="500" VPOS="1329" WIDTH="101" HEIGHT="26" WC="0.91" CONTENT="enhälligt"/><SP WIDTH="23" VPOS="1329" HPOS="601"/>
							<String ID="string_272" HPOS="624" VPOS="1328" WIDTH="78" HEIGHT="27" WC="0.90" CONTENT="afgifna"/><SP WIDTH="15" VPOS="1328" HPOS="702"/>
							<String ID="string_273" HPOS="717" VPOS="1328" WIDTH="135" HEIGHT="22" WC="0.96" CONTENT="betänkande"/><SP WIDTH="16" VPOS="1328" HPOS="852"/>
							<String ID="string_274" HPOS="868" VPOS="1328" WIDTH="39" HEIGHT="22" WC="0.96" CONTENT="och"/>
						</TextLine>
						<TextLine ID="line_31" HPOS="90" VPOS="1357" WIDTH="817" HEIGHT="26">
							<String ID="string_275" HPOS="90" VPOS="1357" WIDTH="39" HEIGHT="21" WC="0.96" CONTENT="här"/><SP WIDTH="22" VPOS="1357" HPOS="129"/>
							<String ID="string_276" HPOS="151" VPOS="1358" WIDTH="7" HEIGHT="20" WC="0.93" CONTENT="i"/><SP WIDTH="23" VPOS="1358" HPOS="158"/>
							<String ID="string_277" HPOS="181" VPOS="1357" WIDTH="87" HEIGHT="21" WC="0.91" CONTENT="Ständet"/><SP WIDTH="23" VPOS="1357" HPOS="268"/>
							<String ID="string_278" HPOS="291" VPOS="1358" WIDTH="123" HEIGHT="20" WC="0.90" CONTENT="medverkat"/><SP WIDTH="22" VPOS="1358" HPOS="414"/>
							<String ID="string_279" HPOS="436" VPOS="1357" WIDTH="32" HEIGHT="21" WC="0.96" CONTENT="till"/><SP WIDTH="20" VPOS="1357" HPOS="468"/>
							<String ID="string_280" HPOS="488" VPOS="1357" WIDTH="91" HEIGHT="21" WC="0.94" CONTENT="beslutet"/><SP WIDTH="15" VPOS="1357" HPOS="579"/>
							<String ID="string_281" HPOS="594" VPOS="1363" WIDTH="34" HEIGHT="15" WC="0.93" CONTENT="om"/><SP WIDTH="15" VPOS="1363" HPOS="628"/>
							<String ID="string_282" HPOS="643" VPOS="1357" WIDTH="155" HEIGHT="21" WC="0.92" CONTENT="betänkandets"/><SP WIDTH="15" VPOS="1357" HPOS="798"/>
							<String ID="string_283" HPOS="813" VPOS="1357" WIDTH="94" HEIGHT="26" WC="0.91" CONTENT="godkän-"/>
						</TextLine>
						<TextLine ID="line_32" HPOS="89" VPOS="1385" WIDTH="817" HEIGHT="27">
							<String ID="string_284" HPOS="89" VPOS="1385" WIDTH="76" HEIGHT="26" WC="0.91" CONTENT="nande,"/><SP WIDTH="23" VPOS="1385" HPOS="165"/>
							<String ID="string_285" HPOS="188" VPOS="1386" WIDTH="37" HEIGHT="20" WC="0.94" CONTENT="ber"/><SP WIDTH="21" VPOS="1386" HPOS="225"/>
							<String ID="string_286" HPOS="246" VPOS="1386" WIDTH="36" HEIGHT="26" WC="0.96" CONTENT="jag"/><SP WIDTH="22" VPOS="1386" HPOS="282"/>
							<String ID="string_287" HPOS="304" VPOS="1386" WIDTH="49" HEIGHT="21" WC="0.93" CONTENT="med"/><SP WIDTH="14" VPOS="1386" HPOS="353"/>
							<String ID="string_288" HPOS="367" VPOS="1386" WIDTH="98" HEIGHT="21" WC="0.92" CONTENT="afseende"/><SP WIDTH="17" VPOS="1386" HPOS="465"/>
							<String ID="string_289" HPOS="482" VPOS="1386" WIDTH="50" HEIGHT="20" WC="0.92" CONTENT="derä"/><SP WIDTH="15" VPOS="1386" HPOS="532"/>
							<String ID="string_290" HPOS="547" VPOS="1388" WIDTH="33" HEIGHT="19" WC="0.97" CONTENT="att"/><SP WIDTH="15" VPOS="1388" HPOS="580"/>
							<String ID="string_291" HPOS="595" VPOS="1387" WIDTH="32" HEIGHT="19" WC="0.93" CONTENT="tre"/><SP WIDTH="15" VPOS="1387" HPOS="627"/>
							<String ID="string_292" HPOS="642" VPOS="1386" WIDTH="118" HEIGHT="20" WC="0.92" CONTENT="ledamöter"/><SP WIDTH="16" VPOS="1386" HPOS="760"/>
							<String ID="string_293" HPOS="776" VPOS="1385" WIDTH="22" HEIGHT="21" WC="0.93" CONTENT="af"/><SP WIDTH="14" VPOS="1385" HPOS="798"/>
							<String ID="string_294" HPOS="812" VPOS="1385" WIDTH="94" HEIGHT="26" WC="0.92" CONTENT="Ständet,"/>
						</TextLine>
						<TextLine ID="line_33" HPOS="90" VPOS="1414" WIDTH="817" HEIGHT="26">
							<String ID="string_295" HPOS="90" VPOS="1414" WIDTH="63" HEIGHT="20" WC="0.96" CONTENT="bland"/><SP WIDTH="16" VPOS="1414" HPOS="153"/>
							<String ID="string_296" HPOS="169" VPOS="1414" WIDTH="47" HEIGHT="20" WC="0.93" CONTENT="dem"/><SP WIDTH="16" VPOS="1414" HPOS="216"/>
							<String ID="string_297" HPOS="232" VPOS="1414" WIDTH="35" HEIGHT="20" WC="0.92" CONTENT="tvä"/><SP WIDTH="16" VPOS="1414" HPOS="267"/>
							<String ID="string_298" HPOS="283" VPOS="1415" WIDTH="64" HEIGHT="20" WC="0.91" CONTENT="ärade"/><SP WIDTH="16" VPOS="1415" HPOS="347"/>
							<String ID="string_299" HPOS="363" VPOS="1415" WIDTH="137" HEIGHT="19" WC="0.96" CONTENT="medlemmar"/><SP WIDTH="15" VPOS="1415" HPOS="500"/>
							<String ID="string_300" HPOS="515" VPOS="1414" WIDTH="23" HEIGHT="20" WC="0.93" CONTENT="af"/><SP WIDTH="13" VPOS="1414" HPOS="538"/>
							<String ID="string_301" HPOS="551" VPOS="1414" WIDTH="151" HEIGHT="26" WC="0.90" CONTENT="Lagutskottet"/><SP WIDTH="14" VPOS="1414" HPOS="702"/>
							<String ID="string_302" HPOS="716" VPOS="1414" WIDTH="35" HEIGHT="20" WC="0.93" CONTENT="vid"/><SP WIDTH="15" VPOS="1414" HPOS="751"/>
							<String ID="string_303" HPOS="766" VPOS="1414" WIDTH="99" HEIGHT="20" WC="0.93" CONTENT="ärendets"/><SP WIDTH="10" VPOS="1414" HPOS="865"/>
							<String ID="string_304" HPOS="875" VPOS="1414" WIDTH="32" HEIGHT="19" WC="0.91" CONTENT="fö-"/>
						</TextLine>
						<TextLine ID="line_34" HPOS="90" VPOS="1441" WIDTH="817" HEIGHT="27">
							<String ID="string_305" HPOS="90" VPOS="1442" WIDTH="127" HEIGHT="26" WC="0.91" CONTENT="redragning"/><SP WIDTH="14" VPOS="1442" HPOS="217"/>
							<String ID="string_306" HPOS="231" VPOS="1442" WIDTH="56" HEIGHT="26" WC="0.93" CONTENT="gjort"/><SP WIDTH="16" VPOS="1442" HPOS="287"/>
							<String ID="string_307" HPOS="303" VPOS="1442" WIDTH="106" HEIGHT="26" WC="0.92" CONTENT="ätskilliga"/><SP WIDTH="15" VPOS="1442" HPOS="409"/>
							<String ID="string_308" HPOS="424" VPOS="1442" WIDTH="124" HEIGHT="21" WC="0.92" CONTENT="uttalanden"/><SP WIDTH="17" VPOS="1442" HPOS="548"/>
							<String ID="string_309" HPOS="565" VPOS="1441" WIDTH="83" HEIGHT="21" WC="0.91" CONTENT="riktade"/><SP WIDTH="15" VPOS="1441" HPOS="648"/>
							<String ID="string_310" HPOS="663" VPOS="1443" WIDTH="45" HEIGHT="19" WC="0.96" CONTENT="mot"/><SP WIDTH="14" VPOS="1443" HPOS="708"/>
							<String ID="string_311" HPOS="722" VPOS="1448" WIDTH="108" HEIGHT="20" WC="0.93" CONTENT="personer,"/><SP WIDTH="16" VPOS="1448" HPOS="830"/>
							<String ID="string_312" HPOS="846" VPOS="1441" WIDTH="21" HEIGHT="21" WC="0.93" CONTENT="fä"/><SP WIDTH="8" VPOS="1441" HPOS="867"/>
							<String ID="string_313" HPOS="875" VPOS="1441" WIDTH="32" HEIGHT="21" WC="0.96" CONTENT="för"/>
						</TextLine>
						<TextLine ID="line_35" HPOS="90" VPOS="1468" WIDTH="817" HEIGHT="28">
							<String ID="string_314" HPOS="90" VPOS="1470" WIDTH="43" HEIGHT="20" WC="0.96" CONTENT="min"/><SP WIDTH="22" VPOS="1470" HPOS="133"/>
							<String ID="string_315" HPOS="155" VPOS="1470" WIDTH="34" HEIGHT="20" WC="0.96" CONTENT="del"/><SP WIDTH="15" VPOS="1470" HPOS="189"/>
							<String ID="string_316" HPOS="204" VPOS="1470" WIDTH="31" HEIGHT="20" WC="0.93" CONTENT="till"/><SP WIDTH="16" VPOS="1470" HPOS="235"/>
							<String ID="string_317" HPOS="251" VPOS="1470" WIDTH="129" HEIGHT="26" WC="0.92" CONTENT="protokollet"/><SP WIDTH="20" VPOS="1470" HPOS="380"/>
							<String ID="string_318" HPOS="400" VPOS="1470" WIDTH="130" HEIGHT="20" WC="0.91" CONTENT="antecknadt"/><SP WIDTH="15" VPOS="1470" HPOS="530"/>
							<String ID="string_319" HPOS="545" VPOS="1471" WIDTH="31" HEIGHT="19" WC="0.97" CONTENT="att"/><SP WIDTH="13" VPOS="1471" HPOS="576"/>
							<String ID="string_320" HPOS="589" VPOS="1469" WIDTH="37" HEIGHT="27" WC="0.93" CONTENT="jag"/><SP WIDTH="15" VPOS="1469" HPOS="626"/>
							<String ID="string_321" HPOS="641" VPOS="1468" WIDTH="66" HEIGHT="22" WC="0.92" CONTENT="finner"/><SP WIDTH="15" VPOS="1468" HPOS="707"/>
							<String ID="string_322" HPOS="722" VPOS="1470" WIDTH="42" HEIGHT="26" WC="0.93" CONTENT="mig"/><SP WIDTH="15" VPOS="1470" HPOS="764"/>
							<String ID="string_323" HPOS="779" VPOS="1469" WIDTH="77" HEIGHT="21" WC="0.92" CONTENT="manad"/><SP WIDTH="15" VPOS="1469" HPOS="856"/>
							<String ID="string_324" HPOS="871" VPOS="1468" WIDTH="36" HEIGHT="22" WC="0.93" CONTENT="fri-"/>
						</TextLine>
						<TextLine ID="line_36" HPOS="90" VPOS="1498" WIDTH="631" HEIGHT="27">
							<String ID="string_325" HPOS="90" VPOS="1501" WIDTH="50" HEIGHT="24" WC="0.92" CONTENT="taga"/><SP WIDTH="15" VPOS="1501" HPOS="140"/>
							<String ID="string_326" HPOS="155" VPOS="1499" WIDTH="42" HEIGHT="26" WC="0.93" CONTENT="mig"/><SP WIDTH="15" VPOS="1499" HPOS="197"/>
							<String ID="string_327" HPOS="212" VPOS="1498" WIDTH="47" HEIGHT="22" WC="0.93" CONTENT="frän"/><SP WIDTH="15" VPOS="1498" HPOS="259"/>
							<String ID="string_328" HPOS="274" VPOS="1499" WIDTH="29" HEIGHT="21" WC="0.93" CONTENT="all"/><SP WIDTH="15" VPOS="1499" HPOS="303"/>
							<String ID="string_329" HPOS="318" VPOS="1498" WIDTH="118" HEIGHT="22" WC="0.92" CONTENT="solidaritet"/><SP WIDTH="16" VPOS="1498" HPOS="436"/>
							<String ID="string_330" HPOS="452" VPOS="1498" WIDTH="48" HEIGHT="22" WC="0.96" CONTENT="med"/><SP WIDTH="15" VPOS="1498" HPOS="500"/>
							<String ID="string_331" HPOS="515" VPOS="1499" WIDTH="61" HEIGHT="21" WC="0.93" CONTENT="dessa"/><SP WIDTH="15" VPOS="1499" HPOS="576"/>
							<String ID="string_332" HPOS="591" VPOS="1498" WIDTH="130" HEIGHT="22" WC="0.91" CONTENT="uttalanden."/>
						</TextLine>
					</TextBlock>
				</ComposedBlock>
			</PrintSpace>
		</Page>
	</Layout>
</alto>
