1106 1750
223 146 54 20 1028
476 150 25 17 R.
514 154 17 12 o.
543 150 21 16 A.
579 150 53 16 1891.
646 149 21 17 15
680 149 48 21 Maj.

262 229 167 22 Vidkommande
445 230 12 19 2
474 235 62 15 mom.
552 228 23 22 af
590 230 25 20 12
631 229 10 27 $
657 228 145 22 framställdes
817 228 32 21 till
865 228 100 21 Ståndets
976 228 36 21 be-

193 259 103 21 svarande
312 264 26 16 en
353 258 23 22 sä
391 258 90 26 lydande
497 257 286 27 omröstningsproposition
774 253 12 36 :

261 316 53 24 Den,
330 322 45 14 som
391 315 34 21 vill
441 315 107 21 bibehälla
569 316 6 20 2
591 321 62 15 mom.
669 314 65 27 enligt
750 314 116 22 utskottets
881 314 86 26 förslag,
978 316 34 19 rö-

194 346 45 20 star
252 344 34 28 ja;

262 402 72 21 vinner
349 402 40 26 nej,
405 401 63 27 utgär
483 402 48 20 hela
545 403 127 24 momentet;

262 465 46 15 som
323 458 126 21 besvarades
462 458 99 27 jakande,
577 458 24 21 sä
615 459 32 20 att
672 459 3 20 2
691 464 62 15 mom.
769 457 7 22 i
792 459 25 20 12
834 457 12 28 $
859 463 35 16 var
902 457 110 27 godkändt

194 488 6 20 i
216 487 92 26 enlighet
323 487 47 21 med
386 487 116 21 utskottets
517 487 85 26 förslag.

263 544 68 22 Sedan
354 544 65 27 derpä
443 545 11 20 3
477 550 70 20 mom.
570 546 57 19 emot
642 543 80 22 hvilket
737 543 69 27 någon
821 543 139 27 anmärkning
975 549 40 16 un-

194 573 38 21 der
248 573 148 21 diskussionen
411 573 45 21 icke
471 573 74 27 gjorts,
561 573 68 21 blifvit
651 572 81 27 gilladt,
748 571 142 23 framställdes
905 572 33 21 till
953 572 24 22 R.
994 578 11 15 o

194 602 37 21 A:s
246 602 130 21 besvarande
390 602 93 26 följande
498 602 140 26 proposition:

262 660 54 26 Den,
338 665 46 15 som
406 659 123 27 godkänner
551 660 13 20 4
589 664 63 16 mom.
669 659 64 26 enligt
749 658 114 22 utskottets
879 658 86 27 förslag,
980 660 34 20 rö-

195 689 44 20 star
252 688 34 26 ja;

263 744 74 22 vinner
352 744 40 27 nej,
413 744 166 22 äterremitteras
595 750 62 16 mom.
673 744 32 21 till
720 744 105 22 utskottet
840 744 33 21 för
890 746 31 19 att
937 744 77 22 omfor-

195 773 92 21 muleras
302 774 6 20 i
324 774 36 21 det
378 774 53 26 syfte
447 773 58 21 Frih.
521 773 155 27 Langenskiöld
692 772 116 27 föreslagit.

262 830 82 22 Genom
367 830 68 21 denna
457 830 142 27 propositions
615 830 130 22 besvarande
760 830 48 21 med
825 829 152 27 öfvervägande
991 830 23 26 ja

194 859 54 21 hade
266 858 89 22 Ständet
370 859 94 26 godkänt
479 861 13 19 4
507 865 62 15 mom.
585 860 66 26 enligt
666 858 116 22 utskottets
797 858 84 27 förslag.

263 916 11 28 8
291 916 26 21 13
333 916 88 27 gillades
437 918 51 20 utan
504 916 144 27 anmärkning.

262 973 136 21 Beträffande
413 973 11 25 $
441 974 26 20 14
482 973 66 21 utbad
565 973 30 27 sig

262 1030 32 22 Hr
310 1030 107 22 Schildt
431 1030 62 21 ordet
507 1031 39 20 och
561 1031 96 25 yttrade:
675 1030 32 21 Då
722 1030 109 22 utskottet
846 1030 6 21 i
868 1030 14 27 &
898 1031 12 20 2
926 1030 89 21 föresla-

196 1059 36 26 git,
258 1058 69 22 såsom
350 1059 60 21 äfven
432 1065 29 15 nu
475 1059 105 26 godkänts
596 1059 23 21 af
633 1059 94 24 Ståndet,
743 1061 32 19 att
791 1058 223 22 bränvinstillverkare

195 1087 47 21 icke
258 1093 48 21 eger
320 1088 102 26 rättighet
438 1089 32 19 att
485 1088 54 26 sälja
558 1088 88 20 bränvin
661 1088 6 20 i
683 1088 56 26 parti
755 1094 34 14 om
804 1088 28 20 50
847 1088 48 20 liter
911 1087 22 21 åt
948 1087 67 21 andra

196 1118 27 18 än
238 1116 158 27 återförsäljare
412 1116 39 21 och
467 1116 81 21 således
563 1116 60 21 äfven
640 1116 21 21 åt
676 1116 142 27 partiköpare,
835 1116 39 20 och
889 1116 27 21 då
931 1115 83 22 utskot-

195 1146 33 18 tet
243 1144 101 27 derjemte
358 1144 7 22 i
380 1150 28 15 nu
423 1144 138 22 förevarande
577 1144 11 28 $
603 1145 92 27 stadgar,
711 1146 32 19 att
758 1145 36 21 det
809 1145 78 21 minsta
895 1144 62 27 käril,
969 1150 45 15 som

196 1173 33 20 får
244 1173 114 26 användas,
374 1175 24 19 är
413 1173 27 21 50
463 1173 53 26 liter,
536 1173 23 21 så
578 1173 54 21 hade
648 1174 35 21 det
698 1173 56 21 varit
769 1173 98 27 riktigast
884 1173 39 21 och
938 1173 77 21 konse-

197 1203 102 24 gventast,
324 1203 31 20 att
377 1202 104 21 utskottet
502 1202 63 21 också
581 1201 6 21 i
603 1201 11 28 $
630 1202 13 20 3
658 1202 54 21 hade
728 1202 91 27 stadgat,
835 1204 32 19 att
882 1201 41 22 den
938 1201 77 22 minsta

197 1230 109 26 qvantitet,
330 1236 43 15 som
397 1231 21 20 af
440 1230 166 27 partiförsäljare
629 1230 33 21 får
683 1230 103 27 försäljas,
803 1237 49 14 vore
869 1231 26 20 50
912 1230 47 21 liter
975 1230 39 21 och

196 1258 45 21 icke
264 1259 41 21 400
328 1259 55 21 liter.
412 1259 125 21 Emellertid
557 1265 62 21 synes
641 1260 43 26 mig
706 1260 59 21 detta
788 1259 54 21 käril
862 1265 34 15 om
911 1259 28 21 50
955 1259 60 21 liters

196 1287 60 24 rymd
279 1287 46 20 icke
348 1293 51 14 vara
417 1287 24 20 af
455 1289 43 18 rätt
513 1288 86 23 storlek,
615 1287 27 20 då
657 1294 49 13 man
721 1290 61 22 tager
797 1288 5 19 i
819 1287 148 24 betraktande,
983 1289 32 18 att

196 1314 65 25 enligt
282 1314 6 26 $
305 1315 24 19 51
347 1314 168 21 minuthandlare
531 1320 49 21 eger
595 1314 102 26 rättighet
711 1317 33 19 att
759 1314 53 27 sälja
827 1314 27 27 på
869 1314 91 26 buteljer
975 1314 38 21 im-

196 1342 114 26 porterade
325 1342 116 26 spritvaror
457 1342 32 21 till
505 1342 76 27 belopp
604 1342 23 20 af
643 1344 9 18 1
669 1343 54 26 liter,
740 1342 39 21 och
795 1342 26 22 då
837 1342 102 28 derjemte
954 1342 60 21 äfven

196 1370 85 21 hvilken
296 1377 69 15 annan
380 1377 77 21 person
472 1376 45 16 som
533 1371 55 21 helst
603 1371 42 21 kan
660 1370 47 22 från
723 1371 96 21 utlandet
827 1372 115 26 importera
953 1372 62 26 sprit-

196 1404 63 16 varor
274 1399 32 21 till
321 1399 49 21 vida
384 1400 81 21 mindre
481 1400 104 26 qvantitet
600 1402 26 19 än
642 1400 27 21 50
690 1400 54 27 liter,
760 1400 24 21 så
799 1400 108 22 förefaller
922 1400 36 21 det
973 1400 43 35 mig

196 1428 80 26 riktigt,
300 1430 31 19 att
354 1434 33 15 om
406 1435 26 14 en
447 1428 158 27 partihandlare
621 1428 32 22 får
669 1428 55 28 köpa
740 1429 81 21 mindre
836 1431 27 19 än
879 1430 27 20 50
922 1429 54 33 liter,
993 1429 23 21 så

197 1457 39 21 bör
251 1456 41 22 han
308 1456 64 22 också
387 1457 21 21 få
423 1457 54 27 sälja
493 1463 62 15 varan
571 1457 28 27 på
613 1457 81 22 mindre
711 1458 53 21 kärl.
795 1458 42 22 Det
851 1464 61 22 synes
927 1458 43 26 mig
982 1458 33 21 så-

196 1486 58 20 ledes
275 1492 51 14 vara
349 1485 46 22 skäl
414 1488 33 18 att
462 1486 156 21 återremittera
633 1486 59 21 detta
706 1489 94 19 moment
815 1487 32 21 till
862 1487 106 21 utskottet
983 1486 32 22 för

196 1516 32 19 att
250 1515 142 25 omredigeras
414 1514 7 21 i
444 1515 36 20 det
503 1514 60 26 syfte,
587 1517 31 19 att
637 1515 125 27 försäljning
777 1516 7 20 i
799 1516 134 25 partihandel
948 1515 67 21 måtte

196 1542 72 21 kunna
283 1542 37 22 ske
331 1530 12 33 i
357 1542 46 21 kärl
418 1542 23 21 af
455 1549 80 15 samma
550 1543 115 26 rymdmått
681 1549 44 15 som
740 1544 35 20 vid
783 1544 168 26 minuthandeln,
962 1544 54 21 dock
