1084 1786
368 142 25 17 R.
405 146 17 13 o.
434 142 22 16 A.
470 141 56 18 1891.
549 143 27 16 22
587 142 48 21 Maj.
829 137 52 22 1281

95 221 189 26 gelisk-lutherska
298 221 148 26 församlingar
460 224 56 19 samt
531 222 179 26 boställsordning
724 222 33 20 för
770 222 122 26 prestbolen
905 223 7 20 i

96 249 79 26 landet,
186 255 47 15 men
249 249 45 22 blef
302 249 144 22 betänkandet
456 249 28 27 pä
493 250 79 26 förslag
587 249 23 22 af
623 250 44 21 Hrr
681 250 23 21 L.
720 250 134 21 Mechelin
873 251 40 20 och

93 277 25 21 R.
134 277 165 27 Jägerhorn
314 278 123 26 ytterligare
452 278 114 27 bordlagdt
581 278 32 21 till
629 278 84 26 plenum
728 278 41 21 den
784 279 27 20 25
827 279 85 21 dennes.

315 436 74 29 Ökande
404 442 20 23 af
442 442 175 29 Bankfullmäktiyes
633 442 56 23 antal.

161 505 118 27 Behörigen
295 505 100 21 anmälda
409 505 40 22 och
464 507 123 25 emottagna
602 505 98 22 inträdde
723 506 54 20 efter
792 505 120 22 hvarandra

94 534 77 21 tvänne
187 534 155 26 deputationer,
358 534 23 21 af
395 534 71 21 hvilka
482 534 40 22 den
537 534 68 21 första
620 534 48 21 frän
687 534 166 24 Bondeständet,
876 540 37 15 an-

93 562 49 22 förd
156 562 24 22 af
193 562 206 27 landtdagsmannen
414 563 76 26 Wärri,
503 562 131 27 meddelade,
651 564 31 20 att
692 562 160 22 Bondeständet
866 562 47 22 icke

94 592 71 20 ansett
179 591 32 27 sig
226 591 71 21 kunna
313 593 77 25 antaga
404 591 25 21 R.
446 597 18 15 o.
480 592 37 20 A:s
531 591 125 27 inbjudning
670 591 7 20 i
691 591 61 26 fräga
770 597 34 15 om
820 591 93 21 ökandet

96 619 23 21 af
126 620 81 20 antalet
214 619 197 27 bankfullmäktige,
420 621 55 19 samt
486 620 40 21 den
537 620 67 20 andra
613 618 47 22 frän
671 619 166 23 Presteständet,
850 619 63 21 hvars

96 648 127 21 ordförande
238 648 108 26 professor
361 648 24 21 O.
401 648 86 21 Donner
497 648 130 26 meddelade,
644 648 32 20 att
687 648 166 25 Presteständet,
864 648 48 21 med

96 676 113 27 anledning
226 676 23 21 af
269 676 66 26 sagda
357 676 131 27 inbjudning,
510 676 87 22 beslutit
618 676 128 26 tillmötesgå
769 676 144 21 densamma
899 672 18 35 i

96 704 65 21 sådan
177 704 122 22 modifierad
315 705 54 21 form
385 706 32 20 att
432 704 90 22 Ståndet
536 704 92 22 bestämt
639 704 199 27 bankfullmäktiges
854 705 59 21 antal

94 732 32 22 till
142 734 13 20 8
171 732 51 22 eller
237 734 77 20 tvänne
329 733 47 21 från
391 733 71 27 hvarje
478 733 73 25 Stånd,
567 732 23 22 af
603 733 72 21 hvilka
689 733 47 27 fyra
755 733 68 21 skulle
845 733 67 27 väljas

95 761 33 22 till
143 762 105 21 ordinarie
264 762 39 21 och
326 762 26 21 de
375 762 67 26 öfriga
462 761 47 27 fyra
530 762 33 21 till
580 762 114 21 förstärkte
717 761 195 27 bankfullmäktige,

96 790 107 22 äfvensom
218 790 92 27 inbjudit
325 790 139 22 Medstånden
479 792 32 20 att
526 790 73 22 förena
613 790 32 27 sig
658 796 33 15 om
707 790 59 22 detta
781 790 132 22 Prestestån-

96 818 46 23 dets
157 818 76 22 beslut.

163 876 190 26 Deputationerna,
369 876 33 20 till
416 875 72 21 hvilka
509 876 32 21 Hr
556 875 206 22 Landtmarskalken
784 875 52 20 hvar
858 875 55 21 efter

97 910 70 15 annan
182 904 83 21 riktade
281 904 67 27 några
363 904 38 21 ord
416 904 48 21 med
480 904 112 27 anledning
607 903 22 21 af
649 903 26 21 de
696 903 75 27 gjorda
793 903 119 22 meddelan-

96 933 61 26 dena,
173 932 96 22 afträdde
285 932 56 21 derå.

384 1097 127 28 Längmanska
529 1097 97 23 fonderna.

164 1160 101 21 Härefter
280 1160 74 21 skreds
370 1160 32 21 till
417 1159 129 27 behandling
560 1159 23 22 af
592 1159 176 22 Bankutskottets
781 1159 133 21 betänkande

96 1189 40 21 N:o
152 1189 13 21 3
180 1189 109 25 angående
304 1189 148 25 Längmanska
470 1187 239 22 testamentsfondernas
731 1187 128 27 förvaltning
874 1187 40 21 och

97 1216 161 27 användningen
273 1216 24 22 af
306 1217 61 21 deras
378 1216 117 27 disponibla
505 1216 63 27 vinst,
583 1217 56 20 samt
649 1216 7 21 i
667 1216 151 27 sammanhang
829 1215 85 22 dermed

165 1273 114 22 Allmänna
293 1273 207 22 Besvärsutskottets
515 1273 133 22 betänkande
664 1273 40 20 N:o
725 1273 25 20 14
772 1273 7 20 i
802 1273 113 26 anledning

96 1302 24 21 af
133 1303 32 20 ett
179 1302 7 21 i
201 1301 158 22 Bondeståndet
379 1301 117 22 inlemnadt
510 1301 211 28 petitionsmemorial
744 1307 33 15 om
800 1301 114 21 utdelande

98 1331 23 21 af
133 1331 124 21 honorarier
272 1330 34 21 för
316 1330 66 21 alster
391 1330 56 21 inom
459 1330 39 21 den
508 1330 111 21 inhemska
628 1330 195 21 skönlitteraturen.

165 1387 32 22 Hr
211 1387 25 22 A.
252 1393 52 16 von
319 1387 109 22 Becker
446 1387 72 22 anhöll
532 1387 75 22 härvid
622 1387 55 21 först
692 1393 34 15 om
742 1387 61 20 ordet
818 1386 40 21 och
872 1388 44 25 ytt-

97 1416 60 20 rade:
173 1416 41 20 Vid
229 1418 84 18 senaste
329 1416 101 25 landtdag
445 1416 55 19 hade
513 1416 37 25 jag
565 1417 51 18 äran
639 1415 112 20 framhålla
773 1417 32 18 att
820 1414 95 20 Bankut-

97 1444 80 21 skottet
193 1443 34 21 vid
242 1443 146 26 fördelningen
408 1443 23 20 af
452 1443 26 21 de
500 1443 119 26 disponibla
640 1443 138 20 vinstmedlen
800 1448 26 14 ur
848 1442 68 26 Läng-

98 1472 87 21 manska
201 1471 204 22 testamentsfonden
419 1471 84 21 förfarit
518 1471 27 26 på
561 1473 37 24 ett,
620 1471 64 26 enligt
706 1471 43 20 min
765 1470 70 23 tanke,
858 1471 57 19 emot

98 1502 147 20 testamentets
260 1500 55 21 anda
331 1500 39 21 och
385 1499 85 27 mening
486 1499 108 22 stridande
610 1500 49 20 sätt.
688 1499 50 21 Man
754 1498 54 21 hade
824 1498 92 22 fördelat

98 1531 79 19 största
192 1529 61 21 delen
268 1529 23 21 af
305 1534 95 16 summan
415 1528 32 21 till
462 1528 160 27 vetenskapliga
637 1528 39 21 och
698 1527 96 21 litterära
816 1526 99 28 sällskap,
