1092 1778
385 146 24 17 R.
422 151 17 13 o.
451 147 23 17 A.
486 146 56 18 1891..
566 148 22 17 19
600 146 48 23 Maj.
833 143 55 21 1149

96 225 26 23 af
147 226 28 23 de
197 226 40 22 till
260 226 160 31 befrämjande
439 226 25 24 af
480 227 57 23 reda
554 227 43 24 och
614 228 116 31 öfversigt
747 228 9 23 i
774 228 110 24 afseende
902 230 15 22 &

95 259 176 24 Riddarhusets
288 260 113 24 utlånade
424 260 75 24 medel
525 261 145 23 föreskrifna
696 261 151 32 förteckning
873 262 44 24 och

95 293 107 32 register.
237 292 148 33 Härigenom
407 293 106 25 kommer
531 294 91 24 säledes
641 294 140 25 säkerheten
800 296 25 23 af
843 296 44 23 den
905 296 9 23 i

95 327 161 31 nyssnämndt
278 327 109 24 afseende
408 327 146 25 föreskrifna
578 328 184 33 granskningen
781 329 25 23 af
823 329 92 24 tidnin-

94 361 79 32 garnk
190 361 36 23 att
243 360 78 25 blifva
338 361 113 24 beroende
469 362 25 23 af
510 363 46 23 den
574 363 156 31 noggranhet,
748 362 117 25 hvarmed
880 363 35 24 of-

95 395 148 24 vanherörda
262 394 153 33 förteckning
439 396 43 23 och
504 397 102 31 register
623 397 26 23 af
665 397 161 24 Kamreraren
844 397 71 24 föras.

95 429 139 24 Emellertid
258 437 72 23 synes
354 430 39 23 det
414 429 123 25 Utskottet
554 431 100 31 oriktigt
671 431 44 24 och
733 431 130 32 oegentligt
880 434 35 21 att

94 463 38 24 det
150 463 169 24 Sekreteraren
336 464 9 23 i
362 464 63 24 hans
442 465 121 31 egenskap
582 465 26 24 af
620 465 154 24 ombudsman
787 465 128 32 äliggande

94 505 91 16 ansvar
208 497 92 32 gjordes
322 498 112 23 beroende
457 499 25 23 af
505 499 74 30 dessa,
599 499 53 24 utaf
669 499 161 24 Kamreraren
847 499 68 24 förda

94 531 187 32 förteckningar,
308 531 103 25 likasom
434 534 15 22 &
474 533 76 23 andra
574 533 69 24 sidan
662 535 34 22 att
714 533 200 24 ombudsmanna-

94 568 121 28 ansvaret,
233 573 50 16 som
300 565 174 33 Ridderskapet
491 567 44 24 och
552 567 78 24 Adeln
647 567 95 31 jemlikt
760 567 43 24 sitt
820 568 42 23 vid
877 575 36 16 se-

94 602 69 22 naste
185 598 115 34 landtdag
323 599 88 25 fattade
429 600 79 25 beslut
526 601 71 24 afsett
614 603 36 22 att
668 601 79 24 skulle
765 600 55 25 frän
839 601 74 25 Kam-

93 641 98 17 reraren
212 634 105 31 aflyftas,
341 634 58 24 dock
420 635 9 23 i
456 635 51 24 viss
534 636 56 23 män
616 635 78 24 kunde
721 636 89 24 drabba
837 636 76 23 denne

93 669 151 30 tjensteman,
270 668 56 24 ifall
351 668 163 25 Riddarhuset
531 671 31 30 pä
580 670 77 31 grund
676 670 25 23 af
718 670 193 31 förteckningens

94 702 58 24 eller
169 703 124 31 registrets
311 703 143 31 felaktighet
477 703 58 23 eller
552 703 198 32 ofullständighet
768 704 92 23 komme
878 706 35 21 att

93 736 50 24 lida
169 738 80 30 nägon
274 736 93 24 förlust.
401 737 28 31 Ej
457 736 77 24 heller
560 740 27 20 är
610 737 44 31 det,
678 738 77 31 enligt
777 737 136 25 Utskottets

93 770 79 30 tanke,
193 770 110 23 hvarken
325 770 10 23 i
353 770 94 24 formelt
465 771 58 23 eller
540 771 9 22 i
567 771 123 30 praktiskt
708 772 109 23 afseende
835 772 77 30 lämp-

92 803 47 32 ligt
156 805 36 22 att
209 802 168 26 Sekreteraren
395 804 52 24 med
465 812 30 16 en
512 804 100 24 medlem
630 805 25 22 af
672 803 156 26 Direktionen
846 805 67 24 delar

93 837 169 32 skyldigheten
284 839 35 22 att
341 838 10 23 i
373 838 167 24 ofvanberördt
561 838 109 24 afseende
686 840 117 31 genomgå
820 839 92 23 tidnin-

92 879 79 24 garna
195 872 44 23 och
261 872 38 23 det
320 872 93 24 dermed
435 872 110 25 förenade
569 875 126 28 ansvaret;
714 874 103 23 tvärtom
834 873 79 24 häller

92 905 123 25 Utskottet
231 906 50 24 före
299 908 36 22 att
351 907 37 23 för
405 907 153 24 undvikande
576 907 26 24 af
620 907 125 24 osäkerhet
758 907 8 24 i
776 907 135 32 fullgöran-

93 941 38 23 det
148 940 26 24 af
191 941 78 24 denna
286 941 155 32 granskning
459 941 38 24 det
514 941 69 24 borde
601 941 97 32 stadgas
717 943 35 22 att
775 941 136 24 Sekretera-

92 982 48 23 ren,
162 975 102 24 hvilken
288 975 9 24 i
318 977 100 22 motsats
436 975 40 24 till
494 975 294 24 Direktionsmedlemmen
807 976 106 31 ätnjuter

92 1009 115 32 aflöning,
226 1009 63 24 skall
308 1017 83 16 ensam
408 1012 110 21 närmast
536 1009 58 24 stä
581 1005 14 40 i
610 1017 90 16 ansvar
710 1009 82 24 derför.
811 1009 100 24 Utskot-

92 1045 34 22 tet
143 1043 46 24 har
207 1043 72 24 äfven
290 1045 31 29 pä
336 1043 69 24 dessa
414 1043 106 31 grunder
528 1043 73 32 gifvit
609 1043 191 24 instruktionens
809 1044 103 23 bestäm-

92 1076 90 33 ningar
199 1076 10 24 i
226 1077 69 24 dessa
313 1077 66 24 delar
397 1077 40 31 ($$
458 1077 31 23 55
509 1078 42 23 och
570 1076 42 32 56)
631 1085 29 15 en
674 1077 127 24 förändrad
814 1076 98 32 lydelse.

161 1110 121 32 Slutligen
300 1111 47 24 har
364 1110 123 25 Utskottet
505 1111 181 24 vidkommande
704 1111 27 24 de
748 1111 26 24 af
791 1110 120 25 Direktio-

92 1152 47 16 nen
165 1144 140 33 föreslagna
331 1145 215 32 bestämningarna
567 1146 100 23 rörande
685 1145 168 31 räkenskapen
869 1144 43 25 vid

92 1179 162 24 Riddarhuset
277 1179 68 25 velat
363 1179 76 25 hafva
457 1179 145 25 framhållen
620 1179 192 24 önskvärdheten
830 1179 25 24 af
873 1180 40 23 så-

92 1214 47 24 dan
158 1214 135 32 anordning
310 1214 42 24 vid
370 1214 158 32 bokföringen
538 1214 25 24 af
571 1214 126 32 upplupna
705 1216 83 22 räntor
797 1222 30 16 m.
836 1222 30 16 m.
878 1216 36 22 att

92 1256 29 16 ur
144 1248 260 32 årsredovisningarna
428 1255 60 25 resp.
511 1249 98 23 kassors
628 1248 44 24 och
689 1248 95 24 fonders
802 1248 112 32 verkliga

92 1282 119 32 ställning
229 1282 41 24 vid
287 1282 66 24 tiden
371 1282 36 24 för
425 1282 119 24 bokslutet
560 1284 41 22 må
618 1282 137 24 framträda.

160 1316 55 24 Med
233 1316 110 24 afseende
362 1318 15 22 å
393 1316 65 24 hvad
475 1316 123 24 Utskottet
615 1317 9 23 i
642 1316 38 24 det
698 1316 127 32 föregånde
838 1316 75 24 fram-

92 1350 78 31 hållit,
189 1350 38 24 får
244 1350 123 24 Utskottet
383 1350 122 24 vördsamt
521 1350 130 24 hemställa

365 1424 35 21 att
426 1422 174 30 Ridderskapet
626 1422 39 22 och
692 1422 76 23 Adeln
786 1422 58 26 ville,
863 1422 52 22 med

297 1455 169 31 upphäfvande
492 1455 31 31 af
549 1455 177 24 Instruktionen
750 1455 39 31 för
808 1455 107 23 Riddar-

299 1489 188 25 husdirektionen
512 1489 30 31 af
558 1490 44 23 den
619 1489 18 24 6
654 1489 62 24 Juni
733 1489 73 27 1872,
825 1490 90 31 antaga

299 1524 39 24 och
356 1524 119 31 fastställa
492 1532 29 16 en
538 1524 29 24 sä
585 1524 111 31 lydande:
