<?xml version="1.0" encoding="UTF-8"?>
<alto xmlns="http://www.loc.gov/standards/alto/ns-v3#" xmlns:xlink="http://www.w3.org/1999/xlink" xmlns:xsi="http://www.w3.org/2001/XMLSchema-instance" xsi:schemaLocation="http://www.loc.gov/standards/alto/ns-v3# http://www.loc.gov/alto/v3/alto-3-0.xsd">
	<Description>
		<MeasurementUnit>pixel</MeasurementUnit>
		<sourceImageInformation>
			<fileName>/tmp/tess_1l5x8g_0_input.PNG</fileName>
		</sourceImageInformation>
		<OCRProcessing ID="OCR_0">
			<ocrProcessingStep>
				<processingSoftware>
					<softwareName>tesseract 5.3.4</softwareName>
				</processingSoftware>
			</ocrProcessingStep>
		</OCRProcessing>
	</Description>
	<Layout>
		<Page WIDTH="1084" HEIGHT="1789" PHYSICAL_IMG_NR="0" ID="page_0">
			<PrintSpace HPOS="0" VPOS="0" WIDTH="1084" HEIGHT="1789">
				<ComposedBlock ID="cblock_0" HPOS="382" VPOS="132" WIDTH="516" HEIGHT="26">
					<TextBlock ID="block_0" HPOS="382" VPOS="132" WIDTH="516" HEIGHT="26">
						<TextLine ID="line_0" HPOS="382" VPOS="132" WIDTH="516" HEIGHT="26">
							<String ID="string_0" HPOS="382" VPOS="137" WIDTH="25" HEIGHT="17" WC="0.88" CONTENT="R."/><SP WIDTH="13" VPOS="137" HPOS="407"/>
							<String ID="string_1" HPOS="420" VPOS="141" WIDTH="17" HEIGHT="12" WC="0.88" CONTENT="o."/><SP WIDTH="14" VPOS="141" HPOS="437"/>
							<String ID="string_2" HPOS="451" VPOS="137" WIDTH="21" HEIGHT="16" WC="0.89" CONTENT="A."/><SP WIDTH="14" VPOS="137" HPOS="472"/>
							<String ID="string_3" HPOS="486" VPOS="136" WIDTH="55" HEIGHT="18" WC="0.87" CONTENT="1891."/><SP WIDTH="25" VPOS="136" HPOS="541"/>
							<String ID="string_4" HPOS="566" VPOS="138" WIDTH="26" HEIGHT="16" WC="0.94" CONTENT="23"/><SP WIDTH="12" VPOS="138" HPOS="592"/>
							<String ID="string_5" HPOS="604" VPOS="137" WIDTH="48" HEIGHT="21" WC="0.96" CONTENT="Maj."/><SP WIDTH="193" VPOS="137" HPOS="652"/>
							<String ID="string_6" HPOS="845" VPOS="132" WIDTH="53" HEIGHT="21" WC="0.95" CONTENT="1339"/>
						</TextLine>
					</TextBlock>
				</ComposedBlock>
				<GraphicalElement ID="cblock_1" HPOS="367" VPOS="169" WIDTH="541" HEIGHT="7"></GraphicalElement >
				<GraphicalElement ID="cblock_2" HPOS="367" VPOS="172" WIDTH="559" HEIGHT="3"></GraphicalElement >
				<ComposedBlock ID="cblock_3" HPOS="104" VPOS="216" WIDTH="824" HEIGHT="1340">
					<TextBlock ID="block_1" HPOS="104" VPOS="216" WIDTH="824" HEIGHT="1085">
						<TextLine ID="line_1" HPOS="177" VPOS="216" WIDTH="750" HEIGHT="28">
							<String ID="string_7" HPOS="177" VPOS="217" WIDTH="62" HEIGHT="21" WC="0.96" CONTENT="Hvad"/><SP WIDTH="17" VPOS="217" HPOS="239"/>
							<String ID="string_8" HPOS="256" VPOS="216" WIDTH="65" HEIGHT="22" WC="0.96" CONTENT="sedan"/><SP WIDTH="15" VPOS="216" HPOS="321"/>
							<String ID="string_9" HPOS="336" VPOS="217" WIDTH="102" HEIGHT="21" WC="0.96" CONTENT="beträffar"/><SP WIDTH="16" VPOS="217" HPOS="438"/>
							<String ID="string_10" HPOS="454" VPOS="217" WIDTH="74" HEIGHT="27" WC="0.96" CONTENT="sjelfva"/><SP WIDTH="14" VPOS="217" HPOS="528"/>
							<String ID="string_11" HPOS="542" VPOS="217" WIDTH="75" HEIGHT="26" WC="0.96" CONTENT="frågan"/><SP WIDTH="22" VPOS="217" HPOS="617"/>
							<String ID="string_12" HPOS="639" VPOS="224" WIDTH="34" HEIGHT="14" WC="0.93" CONTENT="om"/><SP WIDTH="22" VPOS="224" HPOS="673"/>
							<String ID="string_13" HPOS="695" VPOS="217" WIDTH="170" HEIGHT="26" WC="0.91" CONTENT="postmanifestet"/><SP WIDTH="23" VPOS="217" HPOS="865"/>
							<String ID="string_14" HPOS="888" VPOS="217" WIDTH="39" HEIGHT="22" WC="0.96" CONTENT="och"/>
						</TextLine>
						<TextLine ID="line_2" HPOS="110" VPOS="245" WIDTH="818" HEIGHT="28">
							<String ID="string_15" HPOS="110" VPOS="245" WIDTH="49" HEIGHT="22" WC="0.96" CONTENT="dess"/><SP WIDTH="16" VPOS="245" HPOS="159"/>
							<String ID="string_16" HPOS="175" VPOS="245" WIDTH="97" HEIGHT="26" WC="0.96" CONTENT="rättsliga"/><SP WIDTH="15" VPOS="245" HPOS="272"/>
							<String ID="string_17" HPOS="287" VPOS="245" WIDTH="114" HEIGHT="27" WC="0.96" CONTENT="betydelse,"/><SP WIDTH="23" VPOS="245" HPOS="401"/>
							<String ID="string_18" HPOS="424" VPOS="245" WIDTH="24" HEIGHT="22" WC="0.96" CONTENT="så"/><SP WIDTH="22" VPOS="245" HPOS="448"/>
							<String ID="string_19" HPOS="470" VPOS="251" WIDTH="61" HEIGHT="21" WC="0.96" CONTENT="synes"/><SP WIDTH="22" VPOS="251" HPOS="531"/>
							<String ID="string_20" HPOS="553" VPOS="246" WIDTH="43" HEIGHT="27" WC="0.96" CONTENT="mig"/><SP WIDTH="21" VPOS="246" HPOS="596"/>
							<String ID="string_21" HPOS="617" VPOS="247" WIDTH="33" HEIGHT="20" WC="0.96" CONTENT="att"/><SP WIDTH="22" VPOS="247" HPOS="650"/>
							<String ID="string_22" HPOS="672" VPOS="245" WIDTH="122" HEIGHT="27" WC="0.96" CONTENT="betydelsen"/><SP WIDTH="21" VPOS="245" HPOS="794"/>
							<String ID="string_23" HPOS="815" VPOS="246" WIDTH="24" HEIGHT="21" WC="0.96" CONTENT="af"/><SP WIDTH="20" VPOS="246" HPOS="839"/>
							<String ID="string_24" HPOS="859" VPOS="247" WIDTH="69" HEIGHT="21" WC="0.95" CONTENT="denna"/>
						</TextLine>
						<TextLine ID="line_3" HPOS="107" VPOS="273" WIDTH="820" HEIGHT="28">
							<String ID="string_25" HPOS="107" VPOS="273" WIDTH="62" HEIGHT="27" WC="0.96" CONTENT="fråga"/><SP WIDTH="19" VPOS="273" HPOS="169"/>
							<String ID="string_26" HPOS="188" VPOS="273" WIDTH="40" HEIGHT="21" WC="0.95" CONTENT="har"/><SP WIDTH="15" VPOS="273" HPOS="228"/>
							<String ID="string_27" HPOS="243" VPOS="273" WIDTH="69" HEIGHT="22" WC="0.95" CONTENT="blifvit"/><SP WIDTH="16" VPOS="273" HPOS="312"/>
							<String ID="string_28" HPOS="328" VPOS="274" WIDTH="64" HEIGHT="27" WC="0.93" CONTENT="något"/><SP WIDTH="14" VPOS="274" HPOS="392"/>
							<String ID="string_29" HPOS="406" VPOS="273" WIDTH="101" HEIGHT="27" WC="0.92" CONTENT="förryckt,"/><SP WIDTH="15" VPOS="273" HPOS="507"/>
							<String ID="string_30" HPOS="522" VPOS="275" WIDTH="7" HEIGHT="20" WC="0.96" CONTENT="i"/><SP WIDTH="16" VPOS="275" HPOS="529"/>
							<String ID="string_31" HPOS="545" VPOS="274" WIDTH="36" HEIGHT="21" WC="0.96" CONTENT="det"/><SP WIDTH="14" VPOS="274" HPOS="581"/>
							<String ID="string_32" HPOS="595" VPOS="276" WIDTH="33" HEIGHT="19" WC="0.96" CONTENT="att"/><SP WIDTH="15" VPOS="276" HPOS="628"/>
							<String ID="string_33" HPOS="643" VPOS="274" WIDTH="40" HEIGHT="21" WC="0.96" CONTENT="den"/><SP WIDTH="15" VPOS="274" HPOS="683"/>
							<String ID="string_34" HPOS="698" VPOS="275" WIDTH="134" HEIGHT="26" WC="0.96" CONTENT="uppfattning"/><SP WIDTH="21" VPOS="275" HPOS="832"/>
							<String ID="string_35" HPOS="853" VPOS="274" WIDTH="74" HEIGHT="27" WC="0.96" CONTENT="tyckes"/>
						</TextLine>
						<TextLine ID="line_4" HPOS="108" VPOS="301" WIDTH="819" HEIGHT="27">
							<String ID="string_36" HPOS="108" VPOS="308" WIDTH="52" HEIGHT="15" WC="0.96" CONTENT="vara"/><SP WIDTH="16" VPOS="308" HPOS="160"/>
							<String ID="string_37" HPOS="176" VPOS="308" WIDTH="34" HEIGHT="15" WC="0.96" CONTENT="om"/><SP WIDTH="15" VPOS="308" HPOS="210"/>
							<String ID="string_38" HPOS="225" VPOS="301" WIDTH="47" HEIGHT="22" WC="0.96" CONTENT="icke"/><SP WIDTH="14" VPOS="301" HPOS="272"/>
							<String ID="string_39" HPOS="286" VPOS="302" WIDTH="85" HEIGHT="26" WC="0.96" CONTENT="allmän,"/><SP WIDTH="24" VPOS="302" HPOS="371"/>
							<String ID="string_40" HPOS="395" VPOS="302" WIDTH="54" HEIGHT="21" WC="0.96" CONTENT="dock"/><SP WIDTH="15" VPOS="302" HPOS="449"/>
							<String ID="string_41" HPOS="464" VPOS="302" WIDTH="28" HEIGHT="26" WC="0.96" CONTENT="på"/><SP WIDTH="22" VPOS="302" HPOS="492"/>
							<String ID="string_42" HPOS="514" VPOS="309" WIDTH="26" HEIGHT="14" WC="0.96" CONTENT="en"/><SP WIDTH="22" VPOS="309" HPOS="540"/>
							<String ID="string_43" HPOS="562" VPOS="302" WIDTH="34" HEIGHT="21" WC="0.96" CONTENT="del"/><SP WIDTH="21" VPOS="302" HPOS="596"/>
							<String ID="string_44" HPOS="617" VPOS="302" WIDTH="44" HEIGHT="21" WC="0.90" CONTENT="håll"/><SP WIDTH="22" VPOS="302" HPOS="661"/>
							<String ID="string_45" HPOS="683" VPOS="302" WIDTH="100" HEIGHT="25" WC="0.95" CONTENT="rådande,"/><SP WIDTH="22" VPOS="302" HPOS="783"/>
							<String ID="string_46" HPOS="805" VPOS="304" WIDTH="32" HEIGHT="20" WC="0.96" CONTENT="att"/><SP WIDTH="22" VPOS="304" HPOS="837"/>
							<String ID="string_47" HPOS="859" VPOS="303" WIDTH="68" HEIGHT="21" WC="0.96" CONTENT="denna"/>
						</TextLine>
						<TextLine ID="line_5" HPOS="108" VPOS="330" WIDTH="818" HEIGHT="29">
							<String ID="string_48" HPOS="108" VPOS="330" WIDTH="60" HEIGHT="28" WC="0.96" CONTENT="fråga"/><SP WIDTH="15" VPOS="330" HPOS="168"/>
							<String ID="string_49" HPOS="183" VPOS="330" WIDTH="49" HEIGHT="22" WC="0.96" CONTENT="utaf"/><SP WIDTH="13" VPOS="330" HPOS="232"/>
							<String ID="string_50" HPOS="245" VPOS="330" WIDTH="25" HEIGHT="22" WC="0.91" CONTENT="de"/><SP WIDTH="16" VPOS="330" HPOS="270"/>
							<String ID="string_51" HPOS="286" VPOS="336" WIDTH="16" HEIGHT="16" WC="0.90" CONTENT="s."/><SP WIDTH="16" VPOS="336" HPOS="302"/>
							<String ID="string_52" HPOS="318" VPOS="330" WIDTH="20" HEIGHT="21" WC="0.90" CONTENT="k."/><SP WIDTH="17" VPOS="330" HPOS="338"/>
							<String ID="string_53" HPOS="355" VPOS="332" WIDTH="58" HEIGHT="19" WC="0.96" CONTENT="stora"/><SP WIDTH="15" VPOS="332" HPOS="413"/>
							<String ID="string_54" HPOS="428" VPOS="330" WIDTH="100" HEIGHT="27" WC="0.96" CONTENT="politiska"/><SP WIDTH="14" VPOS="330" HPOS="528"/>
							<String ID="string_55" HPOS="542" VPOS="331" WIDTH="99" HEIGHT="26" WC="0.96" CONTENT="frågorna"/><SP WIDTH="22" VPOS="331" HPOS="641"/>
							<String ID="string_56" HPOS="663" VPOS="336" WIDTH="49" HEIGHT="17" WC="0.95" CONTENT="vore"/><SP WIDTH="23" VPOS="336" HPOS="712"/>
							<String ID="string_57" HPOS="735" VPOS="331" WIDTH="41" HEIGHT="21" WC="0.96" CONTENT="den"/><SP WIDTH="22" VPOS="331" HPOS="776"/>
							<String ID="string_58" HPOS="798" VPOS="331" WIDTH="63" HEIGHT="22" WC="0.93" CONTENT="minst"/><SP WIDTH="22" VPOS="331" HPOS="861"/>
							<String ID="string_59" HPOS="883" VPOS="331" WIDTH="43" HEIGHT="28" WC="0.92" CONTENT="vig-"/>
						</TextLine>
						<TextLine ID="line_6" HPOS="107" VPOS="359" WIDTH="819" HEIGHT="28">
							<String ID="string_60" HPOS="107" VPOS="360" WIDTH="51" HEIGHT="27" WC="0.92" CONTENT="tiga."/><SP WIDTH="20" VPOS="360" HPOS="158"/>
							<String ID="string_61" HPOS="178" VPOS="359" WIDTH="72" HEIGHT="26" WC="0.95" CONTENT="Enligt"/><SP WIDTH="15" VPOS="359" HPOS="250"/>
							<String ID="string_62" HPOS="265" VPOS="359" WIDTH="43" HEIGHT="22" WC="0.96" CONTENT="min"/><SP WIDTH="16" VPOS="359" HPOS="308"/>
							<String ID="string_63" HPOS="324" VPOS="359" WIDTH="64" HEIGHT="21" WC="0.96" CONTENT="tanke"/><SP WIDTH="15" VPOS="359" HPOS="388"/>
							<String ID="string_64" HPOS="403" VPOS="359" WIDTH="103" HEIGHT="22" WC="0.96" CONTENT="förhåller"/><SP WIDTH="15" VPOS="359" HPOS="506"/>
							<String ID="string_65" HPOS="521" VPOS="359" WIDTH="32" HEIGHT="27" WC="0.96" CONTENT="sig"/><SP WIDTH="15" VPOS="359" HPOS="553"/>
							<String ID="string_66" HPOS="568" VPOS="359" WIDTH="65" HEIGHT="22" WC="0.96" CONTENT="saken"/><SP WIDTH="15" VPOS="359" HPOS="633"/>
							<String ID="string_67" HPOS="648" VPOS="359" WIDTH="45" HEIGHT="22" WC="0.96" CONTENT="icke"/><SP WIDTH="16" VPOS="359" HPOS="693"/>
							<String ID="string_68" HPOS="709" VPOS="359" WIDTH="23" HEIGHT="22" WC="0.96" CONTENT="så"/><SP WIDTH="15" VPOS="359" HPOS="732"/>
							<String ID="string_69" HPOS="747" VPOS="360" WIDTH="40" HEIGHT="21" WC="0.96" CONTENT="och"/><SP WIDTH="15" VPOS="360" HPOS="787"/>
							<String ID="string_70" HPOS="802" VPOS="366" WIDTH="41" HEIGHT="20" WC="0.96" CONTENT="om,"/><SP WIDTH="12" VPOS="366" HPOS="843"/>
							<String ID="string_71" HPOS="855" VPOS="359" WIDTH="71" HEIGHT="24" WC="0.96" CONTENT="såsom"/>
						</TextLine>
						<TextLine ID="line_7" HPOS="104" VPOS="387" WIDTH="822" HEIGHT="28">
							<String ID="string_72" HPOS="104" VPOS="388" WIDTH="38" HEIGHT="27" WC="0.96" CONTENT="jag"/><SP WIDTH="14" VPOS="388" HPOS="142"/>
							<String ID="string_73" HPOS="156" VPOS="388" WIDTH="88" HEIGHT="26" WC="0.93" CONTENT="hoppas,"/><SP WIDTH="16" VPOS="388" HPOS="244"/>
							<String ID="string_74" HPOS="260" VPOS="388" WIDTH="163" HEIGHT="27" WC="0.91" CONTENT="Lagutskottets"/><SP WIDTH="10" VPOS="388" HPOS="423"/>
							<String ID="string_75" HPOS="433" VPOS="387" WIDTH="156" HEIGHT="27" WC="0.96" CONTENT="framställning"/><SP WIDTH="10" VPOS="387" HPOS="589"/>
							<String ID="string_76" HPOS="599" VPOS="388" WIDTH="39" HEIGHT="21" WC="0.93" CONTENT="och"/><SP WIDTH="11" VPOS="388" HPOS="638"/>
							<String ID="string_77" HPOS="649" VPOS="387" WIDTH="175" HEIGHT="23" WC="0.92" CONTENT="Statsutskottets"/><SP WIDTH="15" VPOS="387" HPOS="824"/>
							<String ID="string_78" HPOS="839" VPOS="389" WIDTH="87" HEIGHT="21" WC="0.95" CONTENT="dermed"/>
						</TextLine>
						<TextLine ID="line_8" HPOS="108" VPOS="415" WIDTH="818" HEIGHT="28">
							<String ID="string_79" HPOS="108" VPOS="416" WIDTH="228" HEIGHT="22" WC="0.92" CONTENT="öfverensstämmande"/><SP WIDTH="16" VPOS="416" HPOS="336"/>
							<String ID="string_80" HPOS="352" VPOS="416" WIDTH="110" HEIGHT="21" WC="0.94" CONTENT="uttalande"/><SP WIDTH="23" VPOS="416" HPOS="462"/>
							<String ID="string_81" HPOS="485" VPOS="417" WIDTH="60" HEIGHT="26" WC="0.94" CONTENT="gillas"/><SP WIDTH="21" VPOS="417" HPOS="545"/>
							<String ID="string_82" HPOS="566" VPOS="416" WIDTH="23" HEIGHT="21" WC="0.93" CONTENT="af"/><SP WIDTH="21" VPOS="416" HPOS="589"/>
							<String ID="string_83" HPOS="610" VPOS="415" WIDTH="95" HEIGHT="26" WC="0.92" CONTENT="Ständet,"/><SP WIDTH="24" VPOS="415" HPOS="705"/>
							<String ID="string_84" HPOS="729" VPOS="417" WIDTH="24" HEIGHT="20" WC="0.96" CONTENT="så"/><SP WIDTH="22" VPOS="417" HPOS="753"/>
							<String ID="string_85" HPOS="775" VPOS="417" WIDTH="39" HEIGHT="20" WC="0.93" CONTENT="har"/><SP WIDTH="22" VPOS="417" HPOS="814"/>
							<String ID="string_86" HPOS="836" VPOS="416" WIDTH="90" HEIGHT="22" WC="0.92" CONTENT="Ständet"/>
						</TextLine>
						<TextLine ID="line_9" HPOS="107" VPOS="444" WIDTH="819" HEIGHT="27">
							<String ID="string_87" HPOS="107" VPOS="445" WIDTH="65" HEIGHT="21" WC="0.96" CONTENT="också"/><SP WIDTH="14" VPOS="445" HPOS="172"/>
							<String ID="string_88" HPOS="186" VPOS="445" WIDTH="82" HEIGHT="21" WC="0.96" CONTENT="uttalat"/><SP WIDTH="15" VPOS="445" HPOS="268"/>
							<String ID="string_89" HPOS="283" VPOS="446" WIDTH="32" HEIGHT="20" WC="0.96" CONTENT="att"/><SP WIDTH="16" VPOS="446" HPOS="315"/>
							<String ID="string_90" HPOS="331" VPOS="445" WIDTH="59" HEIGHT="21" WC="0.96" CONTENT="detta"/><SP WIDTH="14" VPOS="445" HPOS="390"/>
							<String ID="string_91" HPOS="404" VPOS="444" WIDTH="46" HEIGHT="22" WC="0.96" CONTENT="icke"/><SP WIDTH="15" VPOS="444" HPOS="450"/>
							<String ID="string_92" HPOS="465" VPOS="445" WIDTH="42" HEIGHT="20" WC="0.96" CONTENT="kan"/><SP WIDTH="15" VPOS="445" HPOS="507"/>
							<String ID="string_93" HPOS="522" VPOS="450" WIDTH="52" HEIGHT="15" WC="0.96" CONTENT="vara"/><SP WIDTH="11" VPOS="450" HPOS="574"/>
							<String ID="string_94" HPOS="585" VPOS="445" WIDTH="66" HEIGHT="20" WC="0.93" CONTENT="fallet."/><SP WIDTH="26" VPOS="445" HPOS="651"/>
							<String ID="string_95" HPOS="677" VPOS="445" WIDTH="105" HEIGHT="21" WC="0.92" CONTENT="Särskildt"/><SP WIDTH="10" VPOS="445" HPOS="782"/>
							<String ID="string_96" HPOS="792" VPOS="445" WIDTH="68" HEIGHT="21" WC="0.95" CONTENT="finner"/><SP WIDTH="9" VPOS="445" HPOS="860"/>
							<String ID="string_97" HPOS="869" VPOS="451" WIDTH="57" HEIGHT="20" WC="0.96" CONTENT="man,"/>
						</TextLine>
						<TextLine ID="line_10" HPOS="106" VPOS="472" WIDTH="821" HEIGHT="27">
							<String ID="string_98" HPOS="106" VPOS="480" WIDTH="34" HEIGHT="14" WC="0.96" CONTENT="om"/><SP WIDTH="16" VPOS="480" HPOS="140"/>
							<String ID="string_99" HPOS="156" VPOS="479" WIDTH="52" HEIGHT="15" WC="0.96" CONTENT="man"/><SP WIDTH="15" VPOS="479" HPOS="208"/>
							<String ID="string_100" HPOS="223" VPOS="473" WIDTH="88" HEIGHT="21" WC="0.93" CONTENT="härmed"/><SP WIDTH="13" VPOS="473" HPOS="311"/>
							<String ID="string_101" HPOS="324" VPOS="472" WIDTH="78" HEIGHT="27" WC="0.92" CONTENT="jemför"/><SP WIDTH="13" VPOS="472" HPOS="402"/>
							<String ID="string_102" HPOS="415" VPOS="472" WIDTH="130" HEIGHT="22" WC="0.96" CONTENT="innebörden"/><SP WIDTH="15" VPOS="472" HPOS="545"/>
							<String ID="string_103" HPOS="560" VPOS="473" WIDTH="32" HEIGHT="21" WC="0.96" CONTENT="uti"/><SP WIDTH="15" VPOS="473" HPOS="592"/>
							<String ID="string_104" HPOS="607" VPOS="472" WIDTH="36" HEIGHT="22" WC="0.95" CONTENT="det"/><SP WIDTH="15" VPOS="472" HPOS="643"/>
							<String ID="string_105" HPOS="658" VPOS="473" WIDTH="76" HEIGHT="26" WC="0.96" CONTENT="nådiga"/><SP WIDTH="22" VPOS="473" HPOS="734"/>
							<String ID="string_106" HPOS="756" VPOS="473" WIDTH="120" HEIGHT="21" WC="0.93" CONTENT="manifestet"/><SP WIDTH="13" VPOS="473" HPOS="876"/>
							<String ID="string_107" HPOS="889" VPOS="480" WIDTH="38" HEIGHT="15" WC="0.92" CONTENT="an-"/>
						</TextLine>
						<TextLine ID="line_11" HPOS="106" VPOS="500" WIDTH="818" HEIGHT="29">
							<String ID="string_108" HPOS="106" VPOS="501" WIDTH="81" HEIGHT="28" WC="0.93" CONTENT="gående"/><SP WIDTH="30" VPOS="501" HPOS="187"/>
							<String ID="string_109" HPOS="217" VPOS="501" WIDTH="149" HEIGHT="22" WC="0.90" CONTENT="inhiberandet"/><SP WIDTH="21" VPOS="501" HPOS="366"/>
							<String ID="string_110" HPOS="387" VPOS="500" WIDTH="23" HEIGHT="22" WC="0.93" CONTENT="af"/><SP WIDTH="20" VPOS="500" HPOS="410"/>
							<String ID="string_111" HPOS="430" VPOS="501" WIDTH="133" HEIGHT="27" WC="0.59" CONTENT="strafflagens"/><SP WIDTH="23" VPOS="501" HPOS="563"/>
							<String ID="string_112" HPOS="586" VPOS="501" WIDTH="103" HEIGHT="22" WC="0.92" CONTENT="trädande"/><SP WIDTH="22" VPOS="501" HPOS="689"/>
							<String ID="string_113" HPOS="711" VPOS="502" WIDTH="7" HEIGHT="20" WC="0.96" CONTENT="i"/><SP WIDTH="22" VPOS="502" HPOS="718"/>
							<String ID="string_114" HPOS="740" VPOS="502" WIDTH="98" HEIGHT="26" WC="0.96" CONTENT="gällande"/><SP WIDTH="22" VPOS="502" HPOS="838"/>
							<String ID="string_115" HPOS="860" VPOS="501" WIDTH="64" HEIGHT="27" WC="0.96" CONTENT="kraft,"/>
						</TextLine>
						<TextLine ID="line_12" HPOS="106" VPOS="530" WIDTH="819" HEIGHT="27">
							<String ID="string_116" HPOS="106" VPOS="530" WIDTH="80" HEIGHT="22" WC="0.96" CONTENT="hvilket"/><SP WIDTH="15" VPOS="530" HPOS="186"/>
							<String ID="string_117" HPOS="201" VPOS="530" WIDTH="33" HEIGHT="21" WC="0.96" CONTENT="för"/><SP WIDTH="15" VPOS="530" HPOS="234"/>
							<String ID="string_118" HPOS="249" VPOS="530" WIDTH="46" HEIGHT="22" WC="0.96" CONTENT="icke"/><SP WIDTH="15" VPOS="530" HPOS="295"/>
							<String ID="string_119" HPOS="310" VPOS="530" WIDTH="62" HEIGHT="27" WC="0.96" CONTENT="länge"/><SP WIDTH="15" VPOS="530" HPOS="372"/>
							<String ID="string_120" HPOS="387" VPOS="530" WIDTH="65" HEIGHT="21" WC="0.96" CONTENT="sedan"/><SP WIDTH="16" VPOS="530" HPOS="452"/>
							<String ID="string_121" HPOS="468" VPOS="536" WIDTH="37" HEIGHT="15" WC="0.96" CONTENT="var"/><SP WIDTH="22" VPOS="536" HPOS="505"/>
							<String ID="string_122" HPOS="527" VPOS="530" WIDTH="88" HEIGHT="21" WC="0.96" CONTENT="föremål"/><SP WIDTH="22" VPOS="530" HPOS="615"/>
							<String ID="string_123" HPOS="637" VPOS="530" WIDTH="34" HEIGHT="21" WC="0.96" CONTENT="för"/><SP WIDTH="22" VPOS="530" HPOS="671"/>
							<String ID="string_124" HPOS="693" VPOS="530" WIDTH="120" HEIGHT="21" WC="0.95" CONTENT="diskussion"/><SP WIDTH="22" VPOS="530" HPOS="813"/>
							<String ID="string_125" HPOS="835" VPOS="530" WIDTH="7" HEIGHT="20" WC="0.96" CONTENT="i"/><SP WIDTH="23" VPOS="530" HPOS="842"/>
							<String ID="string_126" HPOS="865" VPOS="530" WIDTH="60" HEIGHT="22" WC="0.96" CONTENT="detta"/>
						</TextLine>
						<TextLine ID="line_13" HPOS="106" VPOS="558" WIDTH="819" HEIGHT="28">
							<String ID="string_127" HPOS="106" VPOS="558" WIDTH="74" HEIGHT="28" WC="0.93" CONTENT="Stånd,"/><SP WIDTH="11" VPOS="558" HPOS="180"/>
							<String ID="string_128" HPOS="191" VPOS="559" WIDTH="115" HEIGHT="21" WC="0.91" CONTENT="huruledes"/><SP WIDTH="15" VPOS="559" HPOS="306"/>
							<String ID="string_129" HPOS="321" VPOS="559" WIDTH="169" HEIGHT="26" WC="0.92" CONTENT="postmanifestet"/><SP WIDTH="14" VPOS="559" HPOS="490"/>
							<String ID="string_130" HPOS="504" VPOS="559" WIDTH="7" HEIGHT="21" WC="0.93" CONTENT="i"/><SP WIDTH="15" VPOS="559" HPOS="511"/>
							<String ID="string_131" HPOS="526" VPOS="558" WIDTH="120" HEIGHT="27" WC="0.91" CONTENT="principielt"/><SP WIDTH="15" VPOS="558" HPOS="646"/>
							<String ID="string_132" HPOS="661" VPOS="559" WIDTH="39" HEIGHT="21" WC="0.93" CONTENT="och"/><SP WIDTH="11" VPOS="559" HPOS="700"/>
							<String ID="string_133" HPOS="711" VPOS="558" WIDTH="148" HEIGHT="27" WC="0.92" CONTENT="statsrättsligt"/><SP WIDTH="14" VPOS="558" HPOS="859"/>
							<String ID="string_134" HPOS="873" VPOS="559" WIDTH="52" HEIGHT="21" WC="0.91" CONTENT="hän-"/>
						</TextLine>
						<TextLine ID="line_14" HPOS="106" VPOS="587" WIDTH="819" HEIGHT="27">
							<String ID="string_135" HPOS="106" VPOS="588" WIDTH="76" HEIGHT="22" WC="0.96" CONTENT="seende"/><SP WIDTH="16" VPOS="588" HPOS="182"/>
							<String ID="string_136" HPOS="198" VPOS="588" WIDTH="39" HEIGHT="21" WC="0.96" CONTENT="har"/><SP WIDTH="15" VPOS="588" HPOS="237"/>
							<String ID="string_137" HPOS="252" VPOS="594" WIDTH="26" HEIGHT="15" WC="0.96" CONTENT="en"/><SP WIDTH="15" VPOS="594" HPOS="278"/>
							<String ID="string_138" HPOS="293" VPOS="587" WIDTH="49" HEIGHT="21" WC="0.96" CONTENT="vida"/><SP WIDTH="15" VPOS="587" HPOS="342"/>
							<String ID="string_139" HPOS="357" VPOS="588" WIDTH="67" HEIGHT="20" WC="0.96" CONTENT="större"/><SP WIDTH="16" VPOS="588" HPOS="424"/>
							<String ID="string_140" HPOS="440" VPOS="587" WIDTH="115" HEIGHT="27" WC="0.96" CONTENT="betydelse."/><SP WIDTH="30" VPOS="587" HPOS="555"/>
							<String ID="string_141" HPOS="585" VPOS="587" WIDTH="10" HEIGHT="21" WC="0.91" CONTENT="I"/><SP WIDTH="16" VPOS="587" HPOS="595"/>
							<String ID="string_142" HPOS="611" VPOS="587" WIDTH="228" HEIGHT="27" WC="0.70" CONTENT="straffagsmanifestet"/><SP WIDTH="14" VPOS="587" HPOS="839"/>
							<String ID="string_143" HPOS="853" VPOS="589" WIDTH="24" HEIGHT="19" WC="0.97" CONTENT="är"/><SP WIDTH="11" VPOS="589" HPOS="877"/>
							<String ID="string_144" HPOS="888" VPOS="588" WIDTH="37" HEIGHT="21" WC="0.96" CONTENT="det"/>
						</TextLine>
						<TextLine ID="line_15" HPOS="105" VPOS="615" WIDTH="820" HEIGHT="28">
							<String ID="string_145" HPOS="105" VPOS="616" WIDTH="47" HEIGHT="22" WC="0.92" CONTENT="icke"/><SP WIDTH="16" VPOS="616" HPOS="152"/>
							<String ID="string_146" HPOS="168" VPOS="617" WIDTH="69" HEIGHT="21" WC="0.93" CONTENT="direkt"/><SP WIDTH="15" VPOS="617" HPOS="237"/>
							<String ID="string_147" HPOS="252" VPOS="616" WIDTH="60" HEIGHT="27" WC="0.92" CONTENT="fräga"/><SP WIDTH="15" VPOS="616" HPOS="312"/>
							<String ID="string_148" HPOS="327" VPOS="622" WIDTH="35" HEIGHT="15" WC="0.93" CONTENT="om"/><SP WIDTH="16" VPOS="622" HPOS="362"/>
							<String ID="string_149" HPOS="378" VPOS="616" WIDTH="65" HEIGHT="26" WC="0.92" CONTENT="nägot"/><SP WIDTH="15" VPOS="616" HPOS="443"/>
							<String ID="string_150" HPOS="458" VPOS="615" WIDTH="129" HEIGHT="22" WC="0.92" CONTENT="förnekande"/><SP WIDTH="16" VPOS="615" HPOS="587"/>
							<String ID="string_151" HPOS="603" VPOS="616" WIDTH="23" HEIGHT="21" WC="0.96" CONTENT="af"/><SP WIDTH="13" VPOS="616" HPOS="626"/>
							<String ID="string_152" HPOS="639" VPOS="616" WIDTH="51" HEIGHT="21" WC="0.96" CONTENT="eller"/><SP WIDTH="15" VPOS="616" HPOS="690"/>
							<String ID="string_153" HPOS="705" VPOS="622" WIDTH="36" HEIGHT="15" WC="0.93" CONTENT="ens"/><SP WIDTH="16" VPOS="622" HPOS="741"/>
							<String ID="string_154" HPOS="757" VPOS="616" WIDTH="65" HEIGHT="26" WC="0.92" CONTENT="nägot"/><SP WIDTH="14" VPOS="616" HPOS="822"/>
							<String ID="string_155" HPOS="836" VPOS="616" WIDTH="89" HEIGHT="27" WC="0.91" CONTENT="ingrepp"/>
						</TextLine>
						<TextLine ID="line_16" HPOS="106" VPOS="644" WIDTH="819" HEIGHT="27">
							<String ID="string_156" HPOS="106" VPOS="645" WIDTH="31" HEIGHT="21" WC="0.93" CONTENT="uti"/><SP WIDTH="15" VPOS="645" HPOS="137"/>
							<String ID="string_157" HPOS="152" VPOS="644" WIDTH="102" HEIGHT="23" WC="0.96" CONTENT="Finlands"/><SP WIDTH="15" VPOS="644" HPOS="254"/>
							<String ID="string_158" HPOS="269" VPOS="644" WIDTH="85" HEIGHT="27" WC="0.93" CONTENT="statliga"/><SP WIDTH="16" VPOS="644" HPOS="354"/>
							<String ID="string_159" HPOS="370" VPOS="644" WIDTH="118" HEIGHT="26" WC="0.92" CONTENT="autonomi;"/><SP WIDTH="23" VPOS="644" HPOS="488"/>
							<String ID="string_160" HPOS="511" VPOS="644" WIDTH="36" HEIGHT="21" WC="0.96" CONTENT="det"/><SP WIDTH="15" VPOS="644" HPOS="547"/>
							<String ID="string_161" HPOS="562" VPOS="646" WIDTH="23" HEIGHT="18" WC="0.96" CONTENT="är"/><SP WIDTH="19" VPOS="646" HPOS="585"/>
							<String ID="string_162" HPOS="604" VPOS="644" WIDTH="75" HEIGHT="22" WC="0.96" CONTENT="endast"/><SP WIDTH="15" VPOS="644" HPOS="679"/>
							<String ID="string_163" HPOS="694" VPOS="651" WIDTH="25" HEIGHT="15" WC="0.93" CONTENT="en"/><SP WIDTH="22" VPOS="651" HPOS="719"/>
							<String ID="string_164" HPOS="741" VPOS="644" WIDTH="60" HEIGHT="27" WC="0.92" CONTENT="fräga"/><SP WIDTH="23" VPOS="644" HPOS="801"/>
							<String ID="string_165" HPOS="824" VPOS="650" WIDTH="34" HEIGHT="16" WC="0.91" CONTENT="om"/><SP WIDTH="23" VPOS="650" HPOS="858"/>
							<String ID="string_166" HPOS="881" VPOS="645" WIDTH="44" HEIGHT="26" WC="0.91" CONTENT="lag-"/>
						</TextLine>
						<TextLine ID="line_17" HPOS="106" VPOS="672" WIDTH="819" HEIGHT="23">
							<String ID="string_167" HPOS="106" VPOS="674" WIDTH="100" HEIGHT="21" WC="0.91" CONTENT="stiftande"/><SP WIDTH="16" VPOS="674" HPOS="206"/>
							<String ID="string_168" HPOS="222" VPOS="674" WIDTH="85" HEIGHT="20" WC="0.96" CONTENT="makten"/><SP WIDTH="16" VPOS="674" HPOS="307"/>
							<String ID="string_169" HPOS="323" VPOS="673" WIDTH="7" HEIGHT="20" WC="0.96" CONTENT="i"/><SP WIDTH="15" VPOS="673" HPOS="330"/>
							<String ID="string_170" HPOS="345" VPOS="679" WIDTH="80" HEIGHT="15" WC="0.96" CONTENT="samma"/><SP WIDTH="15" VPOS="679" HPOS="425"/>
							<String ID="string_171" HPOS="440" VPOS="674" WIDTH="44" HEIGHT="20" WC="0.96" CONTENT="stat"/><SP WIDTH="14" VPOS="674" HPOS="484"/>
							<String ID="string_172" HPOS="498" VPOS="673" WIDTH="52" HEIGHT="21" WC="0.96" CONTENT="eller"/><SP WIDTH="15" VPOS="673" HPOS="550"/>
							<String ID="string_173" HPOS="565" VPOS="679" WIDTH="27" HEIGHT="14" WC="0.96" CONTENT="m."/><SP WIDTH="16" VPOS="679" HPOS="592"/>
							<String ID="string_174" HPOS="608" VPOS="680" WIDTH="19" HEIGHT="14" WC="0.96" CONTENT="a."/><SP WIDTH="17" VPOS="680" HPOS="627"/>
							<String ID="string_175" HPOS="644" VPOS="680" WIDTH="19" HEIGHT="14" WC="0.69" CONTENT="0."/><SP WIDTH="16" VPOS="680" HPOS="663"/>
							<String ID="string_176" HPOS="679" VPOS="679" WIDTH="33" HEIGHT="15" WC="0.95" CONTENT="om"/><SP WIDTH="23" VPOS="679" HPOS="712"/>
							<String ID="string_177" HPOS="735" VPOS="679" WIDTH="26" HEIGHT="14" WC="0.92" CONTENT="en"/><SP WIDTH="22" VPOS="679" HPOS="761"/>
							<String ID="string_178" HPOS="783" VPOS="672" WIDTH="67" HEIGHT="22" WC="0.89" CONTENT="sådan"/><SP WIDTH="23" VPOS="672" HPOS="850"/>
							<String ID="string_179" HPOS="873" VPOS="673" WIDTH="52" HEIGHT="21" WC="0.89" CONTENT="kon-"/>
						</TextLine>
						<TextLine ID="line_18" HPOS="106" VPOS="701" WIDTH="819" HEIGHT="27">
							<String ID="string_180" HPOS="106" VPOS="702" WIDTH="47" HEIGHT="21" WC="0.90" CONTENT="flikt"/><SP WIDTH="15" VPOS="702" HPOS="153"/>
							<String ID="string_181" HPOS="168" VPOS="702" WIDTH="109" HEIGHT="26" WC="0.93" CONTENT="angående"/><SP WIDTH="16" VPOS="702" HPOS="277"/>
							<String ID="string_182" HPOS="293" VPOS="701" WIDTH="127" HEIGHT="21" WC="0.92" CONTENT="Monarkens"/><SP WIDTH="23" VPOS="701" HPOS="420"/>
							<String ID="string_183" HPOS="443" VPOS="701" WIDTH="39" HEIGHT="21" WC="0.93" CONTENT="och"/><SP WIDTH="22" VPOS="701" HPOS="482"/>
							<String ID="string_184" HPOS="504" VPOS="701" WIDTH="215" HEIGHT="26" WC="0.92" CONTENT="Representationens"/><SP WIDTH="22" VPOS="701" HPOS="719"/>
							<String ID="string_185" HPOS="741" VPOS="701" WIDTH="126" HEIGHT="27" WC="0.93" CONTENT="ömsesidiga"/><SP WIDTH="15" VPOS="701" HPOS="867"/>
							<String ID="string_186" HPOS="882" VPOS="703" WIDTH="43" HEIGHT="19" WC="0.93" CONTENT="rät-"/>
						</TextLine>
						<TextLine ID="line_19" HPOS="105" VPOS="729" WIDTH="818" HEIGHT="28">
							<String ID="string_187" HPOS="105" VPOS="730" WIDTH="97" HEIGHT="27" WC="0.89" CONTENT="tigheter,"/><SP WIDTH="16" VPOS="730" HPOS="202"/>
							<String ID="string_188" HPOS="218" VPOS="736" WIDTH="45" HEIGHT="15" WC="0.96" CONTENT="som"/><SP WIDTH="16" VPOS="736" HPOS="263"/>
							<String ID="string_189" HPOS="279" VPOS="730" WIDTH="42" HEIGHT="20" WC="0.93" CONTENT="kan"/><SP WIDTH="15" VPOS="730" HPOS="321"/>
							<String ID="string_190" HPOS="336" VPOS="730" WIDTH="78" HEIGHT="26" WC="0.96" CONTENT="uppstå"/><SP WIDTH="14" VPOS="730" HPOS="414"/>
							<String ID="string_191" HPOS="428" VPOS="730" WIDTH="7" HEIGHT="20" WC="0.93" CONTENT="i"/><SP WIDTH="16" VPOS="730" HPOS="435"/>
							<String ID="string_192" HPOS="451" VPOS="729" WIDTH="84" HEIGHT="21" WC="0.93" CONTENT="hvilken"/><SP WIDTH="15" VPOS="729" HPOS="535"/>
							<String ID="string_193" HPOS="550" VPOS="730" WIDTH="162" HEIGHT="20" WC="0.86" CONTENT="konstitutionel"/><SP WIDTH="15" VPOS="730" HPOS="712"/>
							<String ID="string_194" HPOS="727" VPOS="730" WIDTH="43" HEIGHT="20" WC="0.96" CONTENT="stat"/><SP WIDTH="22" VPOS="730" HPOS="770"/>
							<String ID="string_195" HPOS="792" VPOS="735" WIDTH="45" HEIGHT="15" WC="0.96" CONTENT="som"/><SP WIDTH="24" VPOS="735" HPOS="837"/>
							<String ID="string_196" HPOS="861" VPOS="730" WIDTH="62" HEIGHT="21" WC="0.96" CONTENT="helst."/>
						</TextLine>
						<TextLine ID="line_20" HPOS="105" VPOS="758" WIDTH="820" HEIGHT="28">
							<String ID="string_197" HPOS="105" VPOS="759" WIDTH="41" HEIGHT="27" WC="0.93" CONTENT="Jag"/><SP WIDTH="15" VPOS="759" HPOS="146"/>
							<String ID="string_198" HPOS="161" VPOS="758" WIDTH="102" HEIGHT="22" WC="0.91" CONTENT="behöfver"/><SP WIDTH="15" VPOS="758" HPOS="263"/>
							<String ID="string_199" HPOS="278" VPOS="758" WIDTH="46" HEIGHT="21" WC="0.96" CONTENT="icke"/><SP WIDTH="15" VPOS="758" HPOS="324"/>
							<String ID="string_200" HPOS="339" VPOS="758" WIDTH="88" HEIGHT="26" WC="0.96" CONTENT="tillägga"/><SP WIDTH="15" VPOS="758" HPOS="427"/>
							<String ID="string_201" HPOS="442" VPOS="760" WIDTH="32" HEIGHT="18" WC="0.96" CONTENT="att"/><SP WIDTH="15" VPOS="760" HPOS="474"/>
							<String ID="string_202" HPOS="489" VPOS="758" WIDTH="36" HEIGHT="21" WC="0.93" CONTENT="det"/><SP WIDTH="15" VPOS="758" HPOS="525"/>
							<String ID="string_203" HPOS="540" VPOS="758" WIDTH="89" HEIGHT="21" WC="0.92" CONTENT="oaktadt"/><SP WIDTH="15" VPOS="758" HPOS="629"/>
							<String ID="string_204" HPOS="644" VPOS="758" WIDTH="103" HEIGHT="26" WC="0.96" CONTENT="följderna"/><SP WIDTH="14" VPOS="758" HPOS="747"/>
							<String ID="string_205" HPOS="761" VPOS="758" WIDTH="49" HEIGHT="20" WC="0.96" CONTENT="utaf"/><SP WIDTH="9" VPOS="758" HPOS="810"/>
							<String ID="string_206" HPOS="819" VPOS="758" WIDTH="40" HEIGHT="21" WC="0.93" CONTENT="den"/><SP WIDTH="14" VPOS="758" HPOS="859"/>
							<String ID="string_207" HPOS="873" VPOS="758" WIDTH="52" HEIGHT="21" WC="0.92" CONTENT="ifrä-"/>
						</TextLine>
						<TextLine ID="line_21" HPOS="106" VPOS="786" WIDTH="818" HEIGHT="28">
							<String ID="string_208" HPOS="106" VPOS="787" WIDTH="120" HEIGHT="27" WC="0.92" CONTENT="gavarande"/><SP WIDTH="16" VPOS="787" HPOS="226"/>
							<String ID="string_209" HPOS="242" VPOS="786" WIDTH="102" HEIGHT="27" WC="0.92" CONTENT="ätgärden"/><SP WIDTH="15" VPOS="786" HPOS="344"/>
							<String ID="string_210" HPOS="359" VPOS="788" WIDTH="37" HEIGHT="20" WC="0.92" CONTENT="äro"/><SP WIDTH="15" VPOS="788" HPOS="396"/>
							<String ID="string_211" HPOS="411" VPOS="786" WIDTH="48" HEIGHT="21" WC="0.93" CONTENT="utaf"/><SP WIDTH="13" VPOS="786" HPOS="459"/>
							<String ID="string_212" HPOS="472" VPOS="786" WIDTH="98" HEIGHT="26" WC="0.93" CONTENT="ofantligt"/><SP WIDTH="23" VPOS="786" HPOS="570"/>
							<String ID="string_213" HPOS="593" VPOS="789" WIDTH="44" HEIGHT="19" WC="0.96" CONTENT="stor"/><SP WIDTH="15" VPOS="789" HPOS="637"/>
							<String ID="string_214" HPOS="652" VPOS="786" WIDTH="114" HEIGHT="27" WC="0.93" CONTENT="betydelse,"/><SP WIDTH="23" VPOS="786" HPOS="766"/>
							<String ID="string_215" HPOS="789" VPOS="787" WIDTH="73" HEIGHT="21" WC="0.92" CONTENT="derom"/><SP WIDTH="23" VPOS="787" HPOS="862"/>
							<String ID="string_216" HPOS="885" VPOS="786" WIDTH="39" HEIGHT="21" WC="0.97" CONTENT="har"/>
						</TextLine>
						<TextLine ID="line_22" HPOS="104" VPOS="814" WIDTH="821" HEIGHT="29">
							<String ID="string_217" HPOS="104" VPOS="816" WIDTH="36" HEIGHT="27" WC="0.92" CONTENT="jag"/><SP WIDTH="14" VPOS="816" HPOS="140"/>
							<String ID="string_218" HPOS="154" VPOS="816" WIDTH="58" HEIGHT="21" WC="0.91" CONTENT="förut"/><SP WIDTH="14" VPOS="816" HPOS="212"/>
							<String ID="string_219" HPOS="226" VPOS="816" WIDTH="79" HEIGHT="20" WC="0.93" CONTENT="uttalat"/><SP WIDTH="15" VPOS="816" HPOS="305"/>
							<String ID="string_220" HPOS="320" VPOS="815" WIDTH="48" HEIGHT="27" WC="0.95" CONTENT="mig."/><SP WIDTH="30" VPOS="815" HPOS="368"/>
							<String ID="string_221" HPOS="398" VPOS="815" WIDTH="49" HEIGHT="21" WC="0.93" CONTENT="Men"/><SP WIDTH="15" VPOS="815" HPOS="447"/>
							<String ID="string_222" HPOS="462" VPOS="814" WIDTH="55" HEIGHT="22" WC="0.92" CONTENT="hvad"/><SP WIDTH="16" VPOS="814" HPOS="517"/>
							<String ID="string_223" HPOS="533" VPOS="815" WIDTH="102" HEIGHT="21" WC="0.93" CONTENT="beträffar"/><SP WIDTH="14" VPOS="815" HPOS="635"/>
							<String ID="string_224" HPOS="649" VPOS="814" WIDTH="176" HEIGHT="28" WC="0.91" CONTENT="postmanifestet,"/><SP WIDTH="24" VPOS="814" HPOS="825"/>
							<String ID="string_225" HPOS="849" VPOS="814" WIDTH="24" HEIGHT="22" WC="0.93" CONTENT="sä"/><SP WIDTH="21" VPOS="814" HPOS="873"/>
							<String ID="string_226" HPOS="894" VPOS="815" WIDTH="31" HEIGHT="21" WC="0.90" CONTENT="in-"/>
						</TextLine>
						<TextLine ID="line_23" HPOS="106" VPOS="843" WIDTH="818" HEIGHT="23">
							<String ID="string_227" HPOS="106" VPOS="845" WIDTH="66" HEIGHT="21" WC="0.93" CONTENT="nebär"/><SP WIDTH="15" VPOS="845" HPOS="172"/>
							<String ID="string_228" HPOS="187" VPOS="845" WIDTH="60" HEIGHT="21" WC="0.96" CONTENT="detta"/><SP WIDTH="15" VPOS="845" HPOS="247"/>
							<String ID="string_229" HPOS="262" VPOS="843" WIDTH="70" HEIGHT="22" WC="0.96" CONTENT="direkt"/><SP WIDTH="15" VPOS="843" HPOS="332"/>
							<String ID="string_230" HPOS="347" VPOS="846" WIDTH="31" HEIGHT="20" WC="0.93" CONTENT="ett"/><SP WIDTH="15" VPOS="846" HPOS="378"/>
							<String ID="string_231" HPOS="393" VPOS="844" WIDTH="176" HEIGHT="21" WC="0.91" CONTENT="underordnande"/><SP WIDTH="15" VPOS="844" HPOS="569"/>
							<String ID="string_232" HPOS="584" VPOS="843" WIDTH="24" HEIGHT="21" WC="0.96" CONTENT="af"/><SP WIDTH="13" VPOS="843" HPOS="608"/>
							<String ID="string_233" HPOS="621" VPOS="850" WIDTH="26" HEIGHT="14" WC="0.96" CONTENT="en"/><SP WIDTH="15" VPOS="850" HPOS="647"/>
							<String ID="string_234" HPOS="662" VPOS="843" WIDTH="34" HEIGHT="21" WC="0.93" CONTENT="del"/><SP WIDTH="20" VPOS="843" HPOS="696"/>
							<String ID="string_235" HPOS="716" VPOS="843" WIDTH="47" HEIGHT="21" WC="0.92" CONTENT="utaf"/><SP WIDTH="20" VPOS="843" HPOS="763"/>
							<String ID="string_236" HPOS="783" VPOS="844" WIDTH="84" HEIGHT="21" WC="0.92" CONTENT="landets"/><SP WIDTH="14" VPOS="844" HPOS="867"/>
							<String ID="string_237" HPOS="881" VPOS="843" WIDTH="43" HEIGHT="22" WC="0.92" CONTENT="för-"/>
						</TextLine>
						<TextLine ID="line_24" HPOS="106" VPOS="872" WIDTH="817" HEIGHT="28">
							<String ID="string_238" HPOS="106" VPOS="874" WIDTH="94" HEIGHT="26" WC="0.92" CONTENT="valtning"/><SP WIDTH="15" VPOS="874" HPOS="200"/>
							<String ID="string_239" HPOS="215" VPOS="873" WIDTH="67" HEIGHT="21" WC="0.93" CONTENT="under"/><SP WIDTH="15" VPOS="873" HPOS="282"/>
							<String ID="string_240" HPOS="297" VPOS="872" WIDTH="138" HEIGHT="24" WC="0.91" CONTENT="embetsmän,"/><SP WIDTH="21" VPOS="872" HPOS="435"/>
							<String ID="string_241" HPOS="456" VPOS="872" WIDTH="72" HEIGHT="21" WC="0.92" CONTENT="hvilka"/><SP WIDTH="21" VPOS="872" HPOS="528"/>
							<String ID="string_242" HPOS="549" VPOS="872" WIDTH="46" HEIGHT="22" WC="0.92" CONTENT="icke"/><SP WIDTH="21" VPOS="872" HPOS="595"/>
							<String ID="string_243" HPOS="616" VPOS="872" WIDTH="117" HEIGHT="27" WC="0.92" CONTENT="underlyda"/><SP WIDTH="22" VPOS="872" HPOS="733"/>
							<String ID="string_244" HPOS="755" VPOS="872" WIDTH="84" HEIGHT="22" WC="0.92" CONTENT="landets"/><SP WIDTH="19" VPOS="872" HPOS="839"/>
							<String ID="string_245" HPOS="858" VPOS="872" WIDTH="65" HEIGHT="26" WC="0.96" CONTENT="lagar."/>
						</TextLine>
						<TextLine ID="line_25" HPOS="106" VPOS="900" WIDTH="818" HEIGHT="28">
							<String ID="string_246" HPOS="106" VPOS="903" WIDTH="47" HEIGHT="21" WC="0.96" CONTENT="Här"/><SP WIDTH="15" VPOS="903" HPOS="153"/>
							<String ID="string_247" HPOS="168" VPOS="904" WIDTH="24" HEIGHT="19" WC="0.96" CONTENT="är"/><SP WIDTH="15" VPOS="904" HPOS="192"/>
							<String ID="string_248" HPOS="207" VPOS="902" WIDTH="37" HEIGHT="21" WC="0.93" CONTENT="det"/><SP WIDTH="14" VPOS="902" HPOS="244"/>
							<String ID="string_249" HPOS="258" VPOS="901" WIDTH="82" HEIGHT="22" WC="0.93" CONTENT="säledes"/><SP WIDTH="14" VPOS="901" HPOS="340"/>
							<String ID="string_250" HPOS="354" VPOS="901" WIDTH="60" HEIGHT="27" WC="0.92" CONTENT="fräga"/><SP WIDTH="16" VPOS="901" HPOS="414"/>
							<String ID="string_251" HPOS="430" VPOS="907" WIDTH="33" HEIGHT="15" WC="0.96" CONTENT="om"/><SP WIDTH="17" VPOS="907" HPOS="463"/>
							<String ID="string_252" HPOS="480" VPOS="901" WIDTH="40" HEIGHT="21" WC="0.96" CONTENT="den"/><SP WIDTH="15" VPOS="901" HPOS="520"/>
							<String ID="string_253" HPOS="535" VPOS="901" WIDTH="86" HEIGHT="26" WC="0.93" CONTENT="statliga"/><SP WIDTH="14" VPOS="901" HPOS="621"/>
							<String ID="string_254" HPOS="635" VPOS="900" WIDTH="114" HEIGHT="25" WC="0.91" CONTENT="autonomi,"/><SP WIDTH="20" VPOS="900" HPOS="749"/>
							<String ID="string_255" HPOS="769" VPOS="907" WIDTH="46" HEIGHT="15" WC="0.96" CONTENT="som"/><SP WIDTH="22" VPOS="907" HPOS="815"/>
							<String ID="string_256" HPOS="837" VPOS="902" WIDTH="24" HEIGHT="20" WC="0.93" CONTENT="är"/><SP WIDTH="14" VPOS="902" HPOS="861"/>
							<String ID="string_257" HPOS="875" VPOS="900" WIDTH="49" HEIGHT="22" WC="0.91" CONTENT="Fin-"/>
						</TextLine>
						<TextLine ID="line_26" HPOS="106" VPOS="929" WIDTH="819" HEIGHT="27">
							<String ID="string_258" HPOS="106" VPOS="931" WIDTH="61" HEIGHT="21" WC="0.93" CONTENT="lands"/><SP WIDTH="13" VPOS="931" HPOS="167"/>
							<String ID="string_259" HPOS="180" VPOS="930" WIDTH="45" HEIGHT="22" WC="0.92" CONTENT="folk"/><SP WIDTH="15" VPOS="930" HPOS="225"/>
							<String ID="string_260" HPOS="240" VPOS="930" WIDTH="145" HEIGHT="22" WC="0.90" CONTENT="tillförsäkrad"/><SP WIDTH="15" VPOS="930" HPOS="385"/>
							<String ID="string_261" HPOS="400" VPOS="936" WIDTH="75" HEIGHT="20" WC="0.96" CONTENT="genom"/><SP WIDTH="16" VPOS="936" HPOS="475"/>
							<String ID="string_262" HPOS="491" VPOS="929" WIDTH="47" HEIGHT="22" WC="0.93" CONTENT="dess"/><SP WIDTH="21" VPOS="929" HPOS="538"/>
							<String ID="string_263" HPOS="559" VPOS="929" WIDTH="128" HEIGHT="27" WC="0.92" CONTENT="grundlagar"/><SP WIDTH="23" VPOS="929" HPOS="687"/>
							<String ID="string_264" HPOS="710" VPOS="929" WIDTH="39" HEIGHT="21" WC="0.93" CONTENT="och"/><SP WIDTH="22" VPOS="929" HPOS="749"/>
							<String ID="string_265" HPOS="771" VPOS="929" WIDTH="154" HEIGHT="21" WC="0.92" CONTENT="Monarkernas"/>
						</TextLine>
						<TextLine ID="line_27" HPOS="106" VPOS="957" WIDTH="819" HEIGHT="28">
							<String ID="string_266" HPOS="106" VPOS="959" WIDTH="153" HEIGHT="26" WC="0.91" CONTENT="försäkringar."/><SP WIDTH="30" VPOS="959" HPOS="259"/>
							<String ID="string_267" HPOS="289" VPOS="958" WIDTH="134" HEIGHT="22" WC="0.91" CONTENT="Innebörden"/><SP WIDTH="15" VPOS="958" HPOS="423"/>
							<String ID="string_268" HPOS="438" VPOS="958" WIDTH="47" HEIGHT="21" WC="0.92" CONTENT="utaf"/><SP WIDTH="13" VPOS="958" HPOS="485"/>
							<String ID="string_269" HPOS="498" VPOS="964" WIDTH="26" HEIGHT="15" WC="0.93" CONTENT="en"/><SP WIDTH="16" VPOS="964" HPOS="524"/>
							<String ID="string_270" HPOS="540" VPOS="958" WIDTH="66" HEIGHT="21" WC="0.91" CONTENT="sädan"/><SP WIDTH="21" VPOS="958" HPOS="606"/>
							<String ID="string_271" HPOS="627" VPOS="958" WIDTH="74" HEIGHT="25" WC="0.91" CONTENT="ätgärd"/><SP WIDTH="22" VPOS="958" HPOS="701"/>
							<String ID="string_272" HPOS="723" VPOS="959" WIDTH="24" HEIGHT="19" WC="0.93" CONTENT="är"/><SP WIDTH="15" VPOS="959" HPOS="747"/>
							<String ID="string_273" HPOS="762" VPOS="957" WIDTH="65" HEIGHT="22" WC="0.92" CONTENT="ocksä"/><SP WIDTH="14" VPOS="957" HPOS="827"/>
							<String ID="string_274" HPOS="841" VPOS="958" WIDTH="84" HEIGHT="26" WC="0.96" CONTENT="mycket"/>
						</TextLine>
						<TextLine ID="line_28" HPOS="105" VPOS="985" WIDTH="820" HEIGHT="28">
							<String ID="string_275" HPOS="105" VPOS="987" WIDTH="125" HEIGHT="26" WC="0.92" CONTENT="vidsträckt,"/><SP WIDTH="15" VPOS="987" HPOS="230"/>
							<String ID="string_276" HPOS="245" VPOS="989" WIDTH="22" HEIGHT="24" WC="0.97" CONTENT="ty"/><SP WIDTH="16" VPOS="989" HPOS="267"/>
							<String ID="string_277" HPOS="283" VPOS="993" WIDTH="34" HEIGHT="15" WC="0.96" CONTENT="om"/><SP WIDTH="15" VPOS="993" HPOS="317"/>
							<String ID="string_278" HPOS="332" VPOS="987" WIDTH="37" HEIGHT="21" WC="0.96" CONTENT="det"/><SP WIDTH="15" VPOS="987" HPOS="369"/>
							<String ID="string_279" HPOS="384" VPOS="993" WIDTH="26" HEIGHT="14" WC="0.93" CONTENT="en"/><SP WIDTH="14" VPOS="993" HPOS="410"/>
							<String ID="string_280" HPOS="424" VPOS="986" WIDTH="56" HEIGHT="27" WC="0.92" CONTENT="gäng"/><SP WIDTH="20" VPOS="986" HPOS="480"/>
							<String ID="string_281" HPOS="500" VPOS="985" WIDTH="115" HEIGHT="27" WC="0.92" CONTENT="medgifves"/><SP WIDTH="21" VPOS="985" HPOS="615"/>
							<String ID="string_282" HPOS="636" VPOS="992" WIDTH="51" HEIGHT="15" WC="0.93" CONTENT="vara"/><SP WIDTH="22" VPOS="992" HPOS="687"/>
							<String ID="string_283" HPOS="709" VPOS="985" WIDTH="74" HEIGHT="27" WC="0.92" CONTENT="riktigt"/><SP WIDTH="22" VPOS="985" HPOS="783"/>
							<String ID="string_284" HPOS="805" VPOS="987" WIDTH="32" HEIGHT="19" WC="0.93" CONTENT="att"/><SP WIDTH="22" VPOS="987" HPOS="837"/>
							<String ID="string_285" HPOS="859" VPOS="985" WIDTH="66" HEIGHT="27" WC="0.92" CONTENT="nägot"/>
						</TextLine>
						<TextLine ID="line_29" HPOS="105" VPOS="1013" WIDTH="819" HEIGHT="25">
							<String ID="string_286" HPOS="105" VPOS="1016" WIDTH="101" HEIGHT="22" WC="0.91" CONTENT="särskildt"/><SP WIDTH="15" VPOS="1016" HPOS="206"/>
							<String ID="string_287" HPOS="221" VPOS="1015" WIDTH="134" HEIGHT="22" WC="0.92" CONTENT="embetsverk"/><SP WIDTH="15" VPOS="1015" HPOS="355"/>
							<String ID="string_288" HPOS="370" VPOS="1015" WIDTH="70" HEIGHT="20" WC="0.92" CONTENT="kunde"/><SP WIDTH="16" VPOS="1015" HPOS="440"/>
							<String ID="string_289" HPOS="456" VPOS="1015" WIDTH="146" HEIGHT="21" WC="0.96" CONTENT="underordnas"/><SP WIDTH="15" VPOS="1015" HPOS="602"/>
							<String ID="string_290" HPOS="617" VPOS="1020" WIDTH="26" HEIGHT="15" WC="0.97" CONTENT="en"/><SP WIDTH="15" VPOS="1020" HPOS="643"/>
							<String ID="string_291" HPOS="658" VPOS="1013" WIDTH="33" HEIGHT="22" WC="0.96" CONTENT="för"/><SP WIDTH="14" VPOS="1013" HPOS="691"/>
							<String ID="string_292" HPOS="705" VPOS="1014" WIDTH="74" HEIGHT="21" WC="0.96" CONTENT="landet"/><SP WIDTH="13" VPOS="1014" HPOS="779"/>
							<String ID="string_293" HPOS="792" VPOS="1014" WIDTH="132" HEIGHT="21" WC="0.96" CONTENT="främmande"/>
						</TextLine>
						<TextLine ID="line_30" HPOS="106" VPOS="1042" WIDTH="818" HEIGHT="30">
							<String ID="string_294" HPOS="106" VPOS="1044" WIDTH="129" HEIGHT="28" WC="0.90" CONTENT="myndighet,"/><SP WIDTH="16" VPOS="1044" HPOS="235"/>
							<String ID="string_295" HPOS="251" VPOS="1044" WIDTH="23" HEIGHT="21" WC="0.96" CONTENT="sä"/><SP WIDTH="15" VPOS="1044" HPOS="274"/>
							<String ID="string_296" HPOS="289" VPOS="1043" WIDTH="70" HEIGHT="22" WC="0.96" CONTENT="kunde"/><SP WIDTH="13" VPOS="1043" HPOS="359"/>
							<String ID="string_297" HPOS="372" VPOS="1049" WIDTH="48" HEIGHT="15" WC="0.96" CONTENT="man"/><SP WIDTH="15" VPOS="1049" HPOS="420"/>
							<String ID="string_298" HPOS="435" VPOS="1043" WIDTH="48" HEIGHT="21" WC="0.96" CONTENT="med"/><SP WIDTH="15" VPOS="1043" HPOS="483"/>
							<String ID="string_299" HPOS="498" VPOS="1049" WIDTH="81" HEIGHT="15" WC="0.96" CONTENT="samma"/><SP WIDTH="15" VPOS="1049" HPOS="579"/>
							<String ID="string_300" HPOS="594" VPOS="1043" WIDTH="46" HEIGHT="20" WC="0.93" CONTENT="skäl"/><SP WIDTH="15" VPOS="1043" HPOS="640"/>
							<String ID="string_301" HPOS="655" VPOS="1042" WIDTH="62" HEIGHT="27" WC="0.93" CONTENT="pästä"/><SP WIDTH="15" VPOS="1042" HPOS="717"/>
							<String ID="string_302" HPOS="732" VPOS="1043" WIDTH="59" HEIGHT="20" WC="0.93" CONTENT="detta"/><SP WIDTH="18" VPOS="1043" HPOS="791"/>
							<String ID="string_303" HPOS="809" VPOS="1042" WIDTH="64" HEIGHT="21" WC="0.92" CONTENT="ocksä"/><SP WIDTH="14" VPOS="1042" HPOS="873"/>
							<String ID="string_304" HPOS="887" VPOS="1048" WIDTH="37" HEIGHT="15" WC="0.92" CONTENT="an-"/>
						</TextLine>
						<TextLine ID="line_31" HPOS="104" VPOS="1070" WIDTH="820" HEIGHT="31">
							<String ID="string_305" HPOS="104" VPOS="1073" WIDTH="81" HEIGHT="28" WC="0.91" CONTENT="gäende"/><SP WIDTH="16" VPOS="1073" HPOS="185"/>
							<String ID="string_306" HPOS="201" VPOS="1073" WIDTH="67" HEIGHT="21" WC="0.93" CONTENT="andra"/><SP WIDTH="15" VPOS="1073" HPOS="268"/>
							<String ID="string_307" HPOS="283" VPOS="1072" WIDTH="134" HEIGHT="21" WC="0.92" CONTENT="embetsverk"/><SP WIDTH="15" VPOS="1072" HPOS="417"/>
							<String ID="string_308" HPOS="432" VPOS="1071" WIDTH="40" HEIGHT="22" WC="0.93" CONTENT="och"/><SP WIDTH="16" VPOS="1071" HPOS="472"/>
							<String ID="string_309" HPOS="488" VPOS="1071" WIDTH="88" HEIGHT="22" WC="0.92" CONTENT="sälunda"/><SP WIDTH="19" VPOS="1071" HPOS="576"/>
							<String ID="string_310" HPOS="595" VPOS="1071" WIDTH="132" HEIGHT="26" WC="0.92" CONTENT="smäningom"/><SP WIDTH="22" VPOS="1071" HPOS="727"/>
							<String ID="string_311" HPOS="749" VPOS="1071" WIDTH="76" HEIGHT="26" WC="0.92" CONTENT="plocka"/><SP WIDTH="22" VPOS="1071" HPOS="825"/>
							<String ID="string_312" HPOS="847" VPOS="1070" WIDTH="77" HEIGHT="22" WC="0.91" CONTENT="sönder"/>
						</TextLine>
						<TextLine ID="line_32" HPOS="105" VPOS="1099" WIDTH="819" HEIGHT="28">
							<String ID="string_313" HPOS="105" VPOS="1103" WIDTH="49" HEIGHT="21" WC="0.93" CONTENT="hela"/><SP WIDTH="11" VPOS="1103" HPOS="154"/>
							<String ID="string_314" HPOS="165" VPOS="1102" WIDTH="47" HEIGHT="21" WC="0.92" CONTENT="värt"/><SP WIDTH="16" VPOS="1102" HPOS="212"/>
							<String ID="string_315" HPOS="228" VPOS="1101" WIDTH="120" HEIGHT="22" WC="0.91" CONTENT="statsskick."/><SP WIDTH="30" VPOS="1101" HPOS="348"/>
							<String ID="string_316" HPOS="378" VPOS="1101" WIDTH="42" HEIGHT="20" WC="0.96" CONTENT="Det"/><SP WIDTH="15" VPOS="1101" HPOS="420"/>
							<String ID="string_317" HPOS="435" VPOS="1102" WIDTH="24" HEIGHT="20" WC="0.96" CONTENT="är"/><SP WIDTH="15" VPOS="1102" HPOS="459"/>
							<String ID="string_318" HPOS="474" VPOS="1100" WIDTH="27" HEIGHT="27" WC="0.95" CONTENT="pä"/><SP WIDTH="23" VPOS="1100" HPOS="501"/>
							<String ID="string_319" HPOS="524" VPOS="1100" WIDTH="68" HEIGHT="27" WC="0.95" CONTENT="grund"/><SP WIDTH="23" VPOS="1100" HPOS="592"/>
							<String ID="string_320" HPOS="615" VPOS="1099" WIDTH="22" HEIGHT="21" WC="0.96" CONTENT="af"/><SP WIDTH="21" VPOS="1099" HPOS="637"/>
							<String ID="string_321" HPOS="658" VPOS="1099" WIDTH="63" HEIGHT="22" WC="0.96" CONTENT="dessa"/><SP WIDTH="22" VPOS="1099" HPOS="721"/>
							<String ID="string_322" HPOS="743" VPOS="1099" WIDTH="181" HEIGHT="27" WC="0.96" CONTENT="omständigheter"/>
						</TextLine>
						<TextLine ID="line_33" HPOS="104" VPOS="1127" WIDTH="819" HEIGHT="30">
							<String ID="string_323" HPOS="104" VPOS="1137" WIDTH="46" HEIGHT="16" WC="0.96" CONTENT="som"/><SP WIDTH="16" VPOS="1137" HPOS="150"/>
							<String ID="string_324" HPOS="166" VPOS="1131" WIDTH="40" HEIGHT="20" WC="0.93" CONTENT="den"/><SP WIDTH="15" VPOS="1131" HPOS="206"/>
							<String ID="string_325" HPOS="221" VPOS="1129" WIDTH="145" HEIGHT="28" WC="0.90" CONTENT="föreliggande"/><SP WIDTH="14" VPOS="1129" HPOS="366"/>
							<String ID="string_326" HPOS="380" VPOS="1129" WIDTH="76" HEIGHT="26" WC="0.92" CONTENT="frägan"/><SP WIDTH="15" VPOS="1129" HPOS="456"/>
							<String ID="string_327" HPOS="471" VPOS="1131" WIDTH="24" HEIGHT="19" WC="0.96" CONTENT="är"/><SP WIDTH="22" VPOS="1131" HPOS="495"/>
							<String ID="string_328" HPOS="517" VPOS="1129" WIDTH="23" HEIGHT="21" WC="0.96" CONTENT="af"/><SP WIDTH="21" VPOS="1129" HPOS="540"/>
							<String ID="string_329" HPOS="561" VPOS="1129" WIDTH="23" HEIGHT="20" WC="0.93" CONTENT="sä"/><SP WIDTH="22" VPOS="1129" HPOS="584"/>
							<String ID="string_330" HPOS="606" VPOS="1129" WIDTH="92" HEIGHT="21" WC="0.92" CONTENT="eminent"/><SP WIDTH="22" VPOS="1129" HPOS="698"/>
							<String ID="string_331" HPOS="720" VPOS="1128" WIDTH="115" HEIGHT="27" WC="0.92" CONTENT="betydelse."/><SP WIDTH="31" VPOS="1128" HPOS="835"/>
							<String ID="string_332" HPOS="866" VPOS="1127" WIDTH="57" HEIGHT="22" WC="0.92" CONTENT="Ovil-"/>
						</TextLine>
						<TextLine ID="line_34" HPOS="104" VPOS="1157" WIDTH="820" HEIGHT="28">
							<String ID="string_333" HPOS="104" VPOS="1160" WIDTH="95" HEIGHT="25" WC="0.91" CONTENT="korligen"/><SP WIDTH="16" VPOS="1160" HPOS="199"/>
							<String ID="string_334" HPOS="215" VPOS="1159" WIDTH="71" HEIGHT="26" WC="0.91" CONTENT="frägar"/><SP WIDTH="16" VPOS="1159" HPOS="286"/>
							<String ID="string_335" HPOS="302" VPOS="1165" WIDTH="49" HEIGHT="14" WC="0.96" CONTENT="man"/><SP WIDTH="15" VPOS="1165" HPOS="351"/>
							<String ID="string_336" HPOS="366" VPOS="1157" WIDTH="38" HEIGHT="27" WC="0.96" CONTENT="sig,"/><SP WIDTH="15" VPOS="1157" HPOS="404"/>
							<String ID="string_337" HPOS="419" VPOS="1157" WIDTH="39" HEIGHT="22" WC="0.94" CONTENT="har"/><SP WIDTH="23" VPOS="1157" HPOS="458"/>
							<String ID="string_338" HPOS="481" VPOS="1158" WIDTH="68" HEIGHT="21" WC="0.91" CONTENT="denna"/><SP WIDTH="22" VPOS="1158" HPOS="549"/>
							<String ID="string_339" HPOS="571" VPOS="1157" WIDTH="112" HEIGHT="27" WC="0.91" CONTENT="synpunkt,"/><SP WIDTH="22" VPOS="1157" HPOS="683"/>
							<String ID="string_340" HPOS="705" VPOS="1157" WIDTH="40" HEIGHT="21" WC="0.93" CONTENT="har"/><SP WIDTH="22" VPOS="1157" HPOS="745"/>
							<String ID="string_341" HPOS="767" VPOS="1157" WIDTH="75" HEIGHT="21" WC="0.92" CONTENT="sakens"/><SP WIDTH="23" VPOS="1157" HPOS="842"/>
							<String ID="string_342" HPOS="865" VPOS="1158" WIDTH="59" HEIGHT="20" WC="0.96" CONTENT="stora"/>
						</TextLine>
						<TextLine ID="line_35" HPOS="104" VPOS="1185" WIDTH="819" HEIGHT="30">
							<String ID="string_343" HPOS="104" VPOS="1188" WIDTH="154" HEIGHT="27" WC="0.91" CONTENT="statsrättsliga"/><SP WIDTH="15" VPOS="1188" HPOS="258"/>
							<String ID="string_344" HPOS="273" VPOS="1187" WIDTH="109" HEIGHT="27" WC="0.96" CONTENT="betydelse"/><SP WIDTH="15" VPOS="1187" HPOS="382"/>
							<String ID="string_345" HPOS="397" VPOS="1187" WIDTH="8" HEIGHT="20" WC="0.96" CONTENT="i"/><SP WIDTH="14" VPOS="1187" HPOS="405"/>
							<String ID="string_346" HPOS="419" VPOS="1187" WIDTH="49" HEIGHT="20" WC="0.96" CONTENT="hela"/><SP WIDTH="16" VPOS="1187" HPOS="468"/>
							<String ID="string_347" HPOS="484" VPOS="1187" WIDTH="48" HEIGHT="21" WC="0.93" CONTENT="dess"/><SP WIDTH="14" VPOS="1187" HPOS="532"/>
							<String ID="string_348" HPOS="546" VPOS="1186" WIDTH="50" HEIGHT="21" WC="0.92" CONTENT="vidd"/><SP WIDTH="16" VPOS="1186" HPOS="596"/>
							<String ID="string_349" HPOS="612" VPOS="1185" WIDTH="40" HEIGHT="22" WC="0.96" CONTENT="och"/><SP WIDTH="11" VPOS="1185" HPOS="652"/>
							<String ID="string_350" HPOS="663" VPOS="1186" WIDTH="49" HEIGHT="21" WC="0.96" CONTENT="med"/><SP WIDTH="15" VPOS="1186" HPOS="712"/>
							<String ID="string_351" HPOS="727" VPOS="1186" WIDTH="42" HEIGHT="21" WC="0.96" CONTENT="alla"/><SP WIDTH="16" VPOS="1186" HPOS="769"/>
							<String ID="string_352" HPOS="785" VPOS="1186" WIDTH="47" HEIGHT="20" WC="0.93" CONTENT="dess"/><SP WIDTH="15" VPOS="1186" HPOS="832"/>
							<String ID="string_353" HPOS="847" VPOS="1185" WIDTH="76" HEIGHT="21" WC="0.92" CONTENT="konse-"/>
						</TextLine>
						<TextLine ID="line_36" HPOS="105" VPOS="1214" WIDTH="818" HEIGHT="31">
							<String ID="string_354" HPOS="105" VPOS="1223" WIDTH="88" HEIGHT="22" WC="0.84" CONTENT="gvenser"/><SP WIDTH="15" VPOS="1223" HPOS="193"/>
							<String ID="string_355" HPOS="208" VPOS="1217" WIDTH="68" HEIGHT="21" WC="0.95" CONTENT="blifvit"/><SP WIDTH="19" VPOS="1217" HPOS="276"/>
							<String ID="string_356" HPOS="295" VPOS="1215" WIDTH="120" HEIGHT="22" WC="0.96" CONTENT="framställd"/><SP WIDTH="14" VPOS="1215" HPOS="415"/>
							<String ID="string_357" HPOS="429" VPOS="1216" WIDTH="34" HEIGHT="21" WC="0.93" CONTENT="för"/><SP WIDTH="21" VPOS="1216" HPOS="463"/>
							<String ID="string_358" HPOS="484" VPOS="1215" WIDTH="84" HEIGHT="21" WC="0.96" CONTENT="landets"/><SP WIDTH="21" VPOS="1215" HPOS="568"/>
							<String ID="string_359" HPOS="589" VPOS="1215" WIDTH="91" HEIGHT="21" WC="0.96" CONTENT="Monark"/><SP WIDTH="21" VPOS="1215" HPOS="680"/>
							<String ID="string_360" HPOS="701" VPOS="1214" WIDTH="70" HEIGHT="22" WC="0.95" CONTENT="såsom"/><SP WIDTH="22" VPOS="1214" HPOS="771"/>
							<String ID="string_361" HPOS="793" VPOS="1214" WIDTH="37" HEIGHT="21" WC="0.87" CONTENT="ske"/><SP WIDTH="23" VPOS="1214" HPOS="830"/>
							<String ID="string_362" HPOS="853" VPOS="1214" WIDTH="70" HEIGHT="22" WC="0.87" CONTENT="bordt."/>
						</TextLine>
						<TextLine ID="line_37" HPOS="104" VPOS="1243" WIDTH="819" HEIGHT="28">
							<String ID="string_363" HPOS="104" VPOS="1246" WIDTH="50" HEIGHT="21" WC="0.96" CONTENT="Med"/><SP WIDTH="15" VPOS="1246" HPOS="154"/>
							<String ID="string_364" HPOS="169" VPOS="1245" WIDTH="99" HEIGHT="22" WC="0.91" CONTENT="afseende"/><SP WIDTH="16" VPOS="1245" HPOS="268"/>
							<String ID="string_365" HPOS="284" VPOS="1245" WIDTH="12" HEIGHT="21" WC="0.91" CONTENT="å"/><SP WIDTH="15" VPOS="1245" HPOS="296"/>
							<String ID="string_366" HPOS="311" VPOS="1245" WIDTH="41" HEIGHT="20" WC="0.96" CONTENT="den"/><SP WIDTH="14" VPOS="1245" HPOS="352"/>
							<String ID="string_367" HPOS="366" VPOS="1244" WIDTH="87" HEIGHT="27" WC="0.96" CONTENT="utgång,"/><SP WIDTH="16" VPOS="1244" HPOS="453"/>
							<String ID="string_368" HPOS="469" VPOS="1250" WIDTH="44" HEIGHT="15" WC="0.96" CONTENT="som"/><SP WIDTH="16" VPOS="1250" HPOS="513"/>
							<String ID="string_369" HPOS="529" VPOS="1243" WIDTH="74" HEIGHT="26" WC="0.96" CONTENT="frågan"/><SP WIDTH="16" VPOS="1243" HPOS="603"/>
							<String ID="string_370" HPOS="619" VPOS="1243" WIDTH="39" HEIGHT="21" WC="0.96" CONTENT="har"/><SP WIDTH="15" VPOS="1243" HPOS="658"/>
							<String ID="string_371" HPOS="673" VPOS="1243" WIDTH="46" HEIGHT="26" WC="0.96" CONTENT="fått,"/><SP WIDTH="23" VPOS="1243" HPOS="719"/>
							<String ID="string_372" HPOS="742" VPOS="1243" WIDTH="42" HEIGHT="21" WC="0.94" CONTENT="kan"/><SP WIDTH="22" VPOS="1243" HPOS="784"/>
							<String ID="string_373" HPOS="806" VPOS="1248" WIDTH="49" HEIGHT="15" WC="0.96" CONTENT="man"/><SP WIDTH="22" VPOS="1248" HPOS="855"/>
							<String ID="string_374" HPOS="877" VPOS="1243" WIDTH="46" HEIGHT="21" WC="0.96" CONTENT="icke"/>
						</TextLine>
						<TextLine ID="line_38" HPOS="104" VPOS="1271" WIDTH="504" HEIGHT="30">
							<String ID="string_375" HPOS="104" VPOS="1275" WIDTH="60" HEIGHT="26" WC="0.96" CONTENT="värja"/><SP WIDTH="14" VPOS="1275" HPOS="164"/>
							<String ID="string_376" HPOS="178" VPOS="1275" WIDTH="33" HEIGHT="26" WC="0.96" CONTENT="sig"/><SP WIDTH="14" VPOS="1275" HPOS="211"/>
							<String ID="string_377" HPOS="225" VPOS="1274" WIDTH="33" HEIGHT="21" WC="0.96" CONTENT="för"/><SP WIDTH="15" VPOS="1274" HPOS="258"/>
							<String ID="string_378" HPOS="273" VPOS="1275" WIDTH="31" HEIGHT="20" WC="0.93" CONTENT="ett"/><SP WIDTH="15" VPOS="1275" HPOS="304"/>
							<String ID="string_379" HPOS="319" VPOS="1272" WIDTH="72" HEIGHT="22" WC="0.93" CONTENT="tvifvel"/><SP WIDTH="15" VPOS="1272" HPOS="391"/>
							<String ID="string_380" HPOS="406" VPOS="1273" WIDTH="7" HEIGHT="20" WC="0.96" CONTENT="i"/><SP WIDTH="16" VPOS="1273" HPOS="413"/>
							<String ID="string_381" HPOS="429" VPOS="1273" WIDTH="59" HEIGHT="20" WC="0.96" CONTENT="detta"/><SP WIDTH="15" VPOS="1273" HPOS="488"/>
							<String ID="string_382" HPOS="503" VPOS="1271" WIDTH="105" HEIGHT="22" WC="0.96" CONTENT="afseende."/>
						</TextLine>
					</TextBlock>
					<TextBlock ID="block_2" HPOS="104" VPOS="1299" WIDTH="820" HEIGHT="257">
						<TextLine ID="line_39" HPOS="173" VPOS="1299" WIDTH="751" HEIGHT="27">
							<String ID="string_383" HPOS="173" VPOS="1303" WIDTH="42" HEIGHT="20" WC="0.97" CONTENT="Det"/><SP WIDTH="15" VPOS="1303" HPOS="215"/>
							<String ID="string_384" HPOS="230" VPOS="1302" WIDTH="72" HEIGHT="21" WC="0.96" CONTENT="tillhör"/><SP WIDTH="14" VPOS="1302" HPOS="302"/>
							<String ID="string_385" HPOS="316" VPOS="1300" WIDTH="69" HEIGHT="22" WC="0.96" CONTENT="finska"/><SP WIDTH="15" VPOS="1300" HPOS="385"/>
							<String ID="string_386" HPOS="400" VPOS="1301" WIDTH="78" HEIGHT="21" WC="0.96" CONTENT="folkets"/><SP WIDTH="15" VPOS="1301" HPOS="478"/>
							<String ID="string_387" HPOS="493" VPOS="1301" WIDTH="178" HEIGHT="25" WC="0.96" CONTENT="representanter,"/><SP WIDTH="20" VPOS="1301" HPOS="671"/>
							<String ID="string_388" HPOS="691" VPOS="1299" WIDTH="27" HEIGHT="22" WC="0.96" CONTENT="då"/><SP WIDTH="16" VPOS="1299" HPOS="718"/>
							<String ID="string_389" HPOS="734" VPOS="1299" WIDTH="25" HEIGHT="21" WC="0.96" CONTENT="de"/><SP WIDTH="16" VPOS="1299" HPOS="759"/>
							<String ID="string_390" HPOS="775" VPOS="1301" WIDTH="37" HEIGHT="19" WC="0.90" CONTENT="äro"/><SP WIDTH="23" VPOS="1301" HPOS="812"/>
							<String ID="string_391" HPOS="835" VPOS="1299" WIDTH="89" HEIGHT="22" WC="0.90" CONTENT="försam-"/>
						</TextLine>
						<TextLine ID="line_40" HPOS="105" VPOS="1327" WIDTH="818" HEIGHT="29">
							<String ID="string_392" HPOS="105" VPOS="1331" WIDTH="48" HEIGHT="21" WC="0.96" CONTENT="lade"/><SP WIDTH="15" VPOS="1331" HPOS="153"/>
							<String ID="string_393" HPOS="168" VPOS="1331" WIDTH="33" HEIGHT="21" WC="0.93" CONTENT="till"/><SP WIDTH="15" VPOS="1331" HPOS="201"/>
							<String ID="string_394" HPOS="216" VPOS="1330" WIDTH="108" HEIGHT="26" WC="0.91" CONTENT="landtdag,"/><SP WIDTH="16" VPOS="1330" HPOS="324"/>
							<String ID="string_395" HPOS="340" VPOS="1331" WIDTH="32" HEIGHT="19" WC="0.96" CONTENT="att"/><SP WIDTH="16" VPOS="1331" HPOS="372"/>
							<String ID="string_396" HPOS="388" VPOS="1329" WIDTH="103" HEIGHT="26" WC="0.95" CONTENT="offentligt"/><SP WIDTH="15" VPOS="1329" HPOS="491"/>
							<String ID="string_397" HPOS="506" VPOS="1329" WIDTH="69" HEIGHT="21" WC="0.96" CONTENT="uttala"/><SP WIDTH="15" VPOS="1329" HPOS="575"/>
							<String ID="string_398" HPOS="590" VPOS="1328" WIDTH="25" HEIGHT="21" WC="0.95" CONTENT="de"/><SP WIDTH="16" VPOS="1328" HPOS="615"/>
							<String ID="string_399" HPOS="631" VPOS="1328" WIDTH="78" HEIGHT="21" WC="0.95" CONTENT="tankar"/><SP WIDTH="10" VPOS="1328" HPOS="709"/>
							<String ID="string_400" HPOS="719" VPOS="1327" WIDTH="40" HEIGHT="22" WC="0.96" CONTENT="och"/><SP WIDTH="10" VPOS="1327" HPOS="759"/>
							<String ID="string_401" HPOS="769" VPOS="1327" WIDTH="87" HEIGHT="22" WC="0.96" CONTENT="känslor"/><SP WIDTH="12" VPOS="1327" HPOS="856"/>
							<String ID="string_402" HPOS="868" VPOS="1329" WIDTH="55" HEIGHT="20" WC="0.96" CONTENT="samt"/>
						</TextLine>
						<TextLine ID="line_41" HPOS="105" VPOS="1355" WIDTH="817" HEIGHT="31">
							<String ID="string_403" HPOS="105" VPOS="1360" WIDTH="25" HEIGHT="21" WC="0.96" CONTENT="de"/><SP WIDTH="16" VPOS="1360" HPOS="130"/>
							<String ID="string_404" HPOS="146" VPOS="1359" WIDTH="128" HEIGHT="27" WC="0.96" CONTENT="bekymmer,"/><SP WIDTH="17" VPOS="1359" HPOS="274"/>
							<String ID="string_405" HPOS="291" VPOS="1364" WIDTH="45" HEIGHT="15" WC="0.96" CONTENT="som"/><SP WIDTH="15" VPOS="1364" HPOS="336"/>
							<String ID="string_406" HPOS="351" VPOS="1357" WIDTH="49" HEIGHT="21" WC="0.96" CONTENT="med"/><SP WIDTH="15" VPOS="1357" HPOS="400"/>
							<String ID="string_407" HPOS="415" VPOS="1357" WIDTH="99" HEIGHT="21" WC="0.93" CONTENT="afseende"/><SP WIDTH="16" VPOS="1357" HPOS="514"/>
							<String ID="string_408" HPOS="530" VPOS="1357" WIDTH="13" HEIGHT="21" WC="0.92" CONTENT="å"/><SP WIDTH="15" VPOS="1357" HPOS="543"/>
							<String ID="string_409" HPOS="558" VPOS="1357" WIDTH="61" HEIGHT="20" WC="0.96" CONTENT="dessa"/><SP WIDTH="16" VPOS="1357" HPOS="619"/>
							<String ID="string_410" HPOS="635" VPOS="1359" WIDTH="57" HEIGHT="18" WC="0.96" CONTENT="stora"/><SP WIDTH="15" VPOS="1359" HPOS="692"/>
							<String ID="string_411" HPOS="707" VPOS="1356" WIDTH="6" HEIGHT="21" WC="0.96" CONTENT="i"/><SP WIDTH="15" VPOS="1356" HPOS="713"/>
							<String ID="string_412" HPOS="728" VPOS="1356" WIDTH="49" HEIGHT="20" WC="0.96" CONTENT="hela"/><SP WIDTH="15" VPOS="1356" HPOS="777"/>
							<String ID="string_413" HPOS="792" VPOS="1355" WIDTH="78" HEIGHT="22" WC="0.93" CONTENT="folkets"/><SP WIDTH="15" VPOS="1355" HPOS="870"/>
							<String ID="string_414" HPOS="885" VPOS="1362" WIDTH="37" HEIGHT="20" WC="0.92" CONTENT="po-"/>
						</TextLine>
						<TextLine ID="line_42" HPOS="104" VPOS="1383" WIDTH="820" HEIGHT="29">
							<String ID="string_415" HPOS="104" VPOS="1388" WIDTH="73" HEIGHT="21" WC="0.90" CONTENT="litiska"/><SP WIDTH="15" VPOS="1388" HPOS="177"/>
							<String ID="string_416" HPOS="192" VPOS="1387" WIDTH="84" HEIGHT="21" WC="0.96" CONTENT="tillvaro"/><SP WIDTH="16" VPOS="1387" HPOS="276"/>
							<String ID="string_417" HPOS="292" VPOS="1386" WIDTH="124" HEIGHT="26" WC="0.96" CONTENT="ingripande"/><SP WIDTH="14" VPOS="1386" HPOS="416"/>
							<String ID="string_418" HPOS="430" VPOS="1385" WIDTH="72" HEIGHT="27" WC="0.96" CONTENT="frågor"/><SP WIDTH="14" VPOS="1385" HPOS="502"/>
							<String ID="string_419" HPOS="516" VPOS="1387" WIDTH="53" HEIGHT="24" WC="0.95" CONTENT="göra"/><SP WIDTH="15" VPOS="1387" HPOS="569"/>
							<String ID="string_420" HPOS="584" VPOS="1385" WIDTH="31" HEIGHT="26" WC="0.96" CONTENT="sig"/><SP WIDTH="15" VPOS="1385" HPOS="615"/>
							<String ID="string_421" HPOS="630" VPOS="1385" WIDTH="98" HEIGHT="26" WC="0.96" CONTENT="gällande"/><SP WIDTH="10" VPOS="1385" HPOS="728"/>
							<String ID="string_422" HPOS="738" VPOS="1384" WIDTH="39" HEIGHT="21" WC="0.96" CONTENT="hos"/><SP WIDTH="12" VPOS="1384" HPOS="777"/>
							<String ID="string_423" HPOS="789" VPOS="1383" WIDTH="74" HEIGHT="22" WC="0.95" CONTENT="folket."/><SP WIDTH="18" VPOS="1383" HPOS="863"/>
							<String ID="string_424" HPOS="881" VPOS="1384" WIDTH="43" HEIGHT="22" WC="0.96" CONTENT="Det"/>
						</TextLine>
						<TextLine ID="line_43" HPOS="105" VPOS="1412" WIDTH="818" HEIGHT="30">
							<String ID="string_425" HPOS="105" VPOS="1418" WIDTH="24" HEIGHT="19" WC="0.96" CONTENT="är"/><SP WIDTH="14" VPOS="1418" HPOS="129"/>
							<String ID="string_426" HPOS="143" VPOS="1416" WIDTH="28" HEIGHT="26" WC="0.96" CONTENT="på"/><SP WIDTH="14" VPOS="1416" HPOS="171"/>
							<String ID="string_427" HPOS="185" VPOS="1415" WIDTH="68" HEIGHT="26" WC="0.96" CONTENT="grund"/><SP WIDTH="15" VPOS="1415" HPOS="253"/>
							<String ID="string_428" HPOS="268" VPOS="1415" WIDTH="68" HEIGHT="23" WC="0.96" CONTENT="häraf,"/><SP WIDTH="9" VPOS="1415" HPOS="336"/>
							<String ID="string_429" HPOS="345" VPOS="1420" WIDTH="46" HEIGHT="15" WC="0.96" CONTENT="som"/><SP WIDTH="12" VPOS="1420" HPOS="391"/>
							<String ID="string_430" HPOS="403" VPOS="1414" WIDTH="37" HEIGHT="25" WC="0.96" CONTENT="jag"/><SP WIDTH="15" VPOS="1414" HPOS="440"/>
							<String ID="string_431" HPOS="455" VPOS="1413" WIDTH="68" HEIGHT="21" WC="0.96" CONTENT="måste"/><SP WIDTH="15" VPOS="1413" HPOS="523"/>
							<String ID="string_432" HPOS="538" VPOS="1413" WIDTH="56" HEIGHT="26" WC="0.96" CONTENT="gifva"/><SP WIDTH="14" VPOS="1413" HPOS="594"/>
							<String ID="string_433" HPOS="608" VPOS="1413" WIDTH="86" HEIGHT="26" WC="0.96" CONTENT="uttryck"/><SP WIDTH="15" VPOS="1413" HPOS="694"/>
							<String ID="string_434" HPOS="709" VPOS="1412" WIDTH="23" HEIGHT="21" WC="0.96" CONTENT="åt"/><SP WIDTH="15" VPOS="1412" HPOS="732"/>
							<String ID="string_435" HPOS="747" VPOS="1413" WIDTH="36" HEIGHT="19" WC="0.96" CONTENT="det"/><SP WIDTH="10" VPOS="1413" HPOS="783"/>
							<String ID="string_436" HPOS="793" VPOS="1413" WIDTH="130" HEIGHT="25" WC="0.96" CONTENT="bekymmer,"/>
						</TextLine>
						<TextLine ID="line_44" HPOS="105" VPOS="1439" WIDTH="818" HEIGHT="31">
							<String ID="string_437" HPOS="105" VPOS="1450" WIDTH="45" HEIGHT="15" WC="0.96" CONTENT="som"/><SP WIDTH="13" VPOS="1450" HPOS="150"/>
							<String ID="string_438" HPOS="163" VPOS="1444" WIDTH="37" HEIGHT="26" WC="0.96" CONTENT="jag"/><SP WIDTH="15" VPOS="1444" HPOS="200"/>
							<String ID="string_439" HPOS="215" VPOS="1444" WIDTH="34" HEIGHT="19" WC="0.96" CONTENT="vet"/><SP WIDTH="15" VPOS="1444" HPOS="249"/>
							<String ID="string_440" HPOS="264" VPOS="1444" WIDTH="32" HEIGHT="19" WC="0.96" CONTENT="att"/><SP WIDTH="16" VPOS="1444" HPOS="296"/>
							<String ID="string_441" HPOS="312" VPOS="1443" WIDTH="24" HEIGHT="19" WC="0.96" CONTENT="är"/><SP WIDTH="14" VPOS="1443" HPOS="336"/>
							<String ID="string_442" HPOS="350" VPOS="1442" WIDTH="7" HEIGHT="21" WC="0.96" CONTENT="i"/><SP WIDTH="15" VPOS="1442" HPOS="357"/>
							<String ID="string_443" HPOS="372" VPOS="1441" WIDTH="73" HEIGHT="21" WC="0.95" CONTENT="landet"/><SP WIDTH="15" VPOS="1441" HPOS="445"/>
							<String ID="string_444" HPOS="460" VPOS="1441" WIDTH="93" HEIGHT="21" WC="0.96" CONTENT="rådande"/><SP WIDTH="16" VPOS="1441" HPOS="553"/>
							<String ID="string_445" HPOS="569" VPOS="1441" WIDTH="7" HEIGHT="20" WC="0.97" CONTENT="i"/><SP WIDTH="15" VPOS="1441" HPOS="576"/>
							<String ID="string_446" HPOS="591" VPOS="1441" WIDTH="112" HEIGHT="25" WC="0.96" CONTENT="anledning"/><SP WIDTH="11" VPOS="1441" HPOS="703"/>
							<String ID="string_447" HPOS="714" VPOS="1439" WIDTH="61" HEIGHT="22" WC="0.96" CONTENT="deraf"/><SP WIDTH="10" VPOS="1439" HPOS="775"/>
							<String ID="string_448" HPOS="785" VPOS="1441" WIDTH="33" HEIGHT="20" WC="0.96" CONTENT="att"/><SP WIDTH="11" VPOS="1441" HPOS="818"/>
							<String ID="string_449" HPOS="829" VPOS="1440" WIDTH="25" HEIGHT="21" WC="0.96" CONTENT="de"/><SP WIDTH="13" VPOS="1440" HPOS="854"/>
							<String ID="string_450" HPOS="867" VPOS="1441" WIDTH="56" HEIGHT="24" WC="0.96" CONTENT="män,"/>
						</TextLine>
						<TextLine ID="line_45" HPOS="105" VPOS="1467" WIDTH="819" HEIGHT="27">
							<String ID="string_451" HPOS="105" VPOS="1472" WIDTH="72" HEIGHT="21" WC="0.96" CONTENT="hvilka"/><SP WIDTH="15" VPOS="1472" HPOS="177"/>
							<String ID="string_452" HPOS="192" VPOS="1471" WIDTH="36" HEIGHT="21" WC="0.96" CONTENT="det"/><SP WIDTH="14" VPOS="1471" HPOS="228"/>
							<String ID="string_453" HPOS="242" VPOS="1470" WIDTH="129" HEIGHT="21" WC="0.95" CONTENT="tillkommer"/><SP WIDTH="15" VPOS="1470" HPOS="371"/>
							<String ID="string_454" HPOS="386" VPOS="1472" WIDTH="32" HEIGHT="18" WC="0.96" CONTENT="att"/><SP WIDTH="15" VPOS="1472" HPOS="418"/>
							<String ID="string_455" HPOS="433" VPOS="1470" WIDTH="95" HEIGHT="20" WC="0.95" CONTENT="närmast"/><SP WIDTH="15" VPOS="1470" HPOS="528"/>
							<String ID="string_456" HPOS="543" VPOS="1470" WIDTH="76" HEIGHT="19" WC="0.96" CONTENT="tronen"/><SP WIDTH="14" VPOS="1470" HPOS="619"/>
							<String ID="string_457" HPOS="633" VPOS="1468" WIDTH="46" HEIGHT="21" WC="0.96" CONTENT="föra"/><SP WIDTH="15" VPOS="1468" HPOS="679"/>
							<String ID="string_458" HPOS="694" VPOS="1467" WIDTH="83" HEIGHT="22" WC="0.95" CONTENT="landets"/><SP WIDTH="21" VPOS="1467" HPOS="777"/>
							<String ID="string_459" HPOS="798" VPOS="1468" WIDTH="65" HEIGHT="26" WC="0.93" CONTENT="talan,"/><SP WIDTH="21" VPOS="1468" HPOS="863"/>
							<String ID="string_460" HPOS="884" VPOS="1474" WIDTH="40" HEIGHT="14" WC="0.92" CONTENT="un-"/>
						</TextLine>
						<TextLine ID="line_46" HPOS="106" VPOS="1495" WIDTH="818" HEIGHT="29">
							<String ID="string_461" HPOS="106" VPOS="1502" WIDTH="37" HEIGHT="20" WC="0.96" CONTENT="der"/><SP WIDTH="15" VPOS="1502" HPOS="143"/>
							<String ID="string_462" HPOS="158" VPOS="1501" WIDTH="26" HEIGHT="21" WC="0.96" CONTENT="de"/><SP WIDTH="16" VPOS="1501" HPOS="184"/>
							<String ID="string_463" HPOS="200" VPOS="1500" WIDTH="52" HEIGHT="21" WC="0.96" CONTENT="sista"/><SP WIDTH="14" VPOS="1500" HPOS="252"/>
							<String ID="string_464" HPOS="266" VPOS="1499" WIDTH="51" HEIGHT="21" WC="0.96" CONTENT="åren"/><SP WIDTH="15" VPOS="1499" HPOS="317"/>
							<String ID="string_465" HPOS="332" VPOS="1498" WIDTH="63" HEIGHT="22" WC="0.96" CONTENT="hafva"/><SP WIDTH="14" VPOS="1498" HPOS="395"/>
							<String ID="string_466" HPOS="409" VPOS="1498" WIDTH="56" HEIGHT="21" WC="0.96" CONTENT="varit"/><SP WIDTH="14" VPOS="1498" HPOS="465"/>
							<String ID="string_467" HPOS="479" VPOS="1503" WIDTH="108" HEIGHT="21" WC="0.96" CONTENT="personer,"/><SP WIDTH="15" VPOS="1503" HPOS="587"/>
							<String ID="string_468" HPOS="602" VPOS="1497" WIDTH="71" HEIGHT="21" WC="0.96" CONTENT="hvilka"/><SP WIDTH="15" VPOS="1497" HPOS="673"/>
							<String ID="string_469" HPOS="688" VPOS="1497" WIDTH="32" HEIGHT="21" WC="0.96" CONTENT="till"/><SP WIDTH="15" VPOS="1497" HPOS="720"/>
							<String ID="string_470" HPOS="735" VPOS="1495" WIDTH="52" HEIGHT="27" WC="0.96" CONTENT="följd"/><SP WIDTH="10" VPOS="1495" HPOS="787"/>
							<String ID="string_471" HPOS="797" VPOS="1497" WIDTH="24" HEIGHT="21" WC="0.96" CONTENT="af"/><SP WIDTH="9" VPOS="1497" HPOS="821"/>
							<String ID="string_472" HPOS="830" VPOS="1503" WIDTH="26" HEIGHT="15" WC="0.93" CONTENT="en"/><SP WIDTH="10" VPOS="1503" HPOS="856"/>
							<String ID="string_473" HPOS="866" VPOS="1496" WIDTH="58" HEIGHT="26" WC="0.91" CONTENT="lång-"/>
						</TextLine>
						<TextLine ID="line_47" HPOS="105" VPOS="1524" WIDTH="819" HEIGHT="32">
							<String ID="string_474" HPOS="105" VPOS="1530" WIDTH="59" HEIGHT="26" WC="0.92" CONTENT="varig"/><SP WIDTH="14" VPOS="1530" HPOS="164"/>
							<String ID="string_475" HPOS="178" VPOS="1528" WIDTH="136" HEIGHT="22" WC="0.96" CONTENT="verksamhet"/><SP WIDTH="15" VPOS="1528" HPOS="314"/>
							<String ID="string_476" HPOS="329" VPOS="1529" WIDTH="59" HEIGHT="20" WC="0.96" CONTENT="utom"/><SP WIDTH="14" VPOS="1529" HPOS="388"/>
							<String ID="string_477" HPOS="402" VPOS="1526" WIDTH="84" HEIGHT="22" WC="0.96" CONTENT="landets"/><SP WIDTH="14" VPOS="1526" HPOS="486"/>
							<String ID="string_478" HPOS="500" VPOS="1527" WIDTH="88" HEIGHT="26" WC="0.96" CONTENT="gränser"/><SP WIDTH="15" VPOS="1527" HPOS="588"/>
							<String ID="string_479" HPOS="603" VPOS="1526" WIDTH="47" HEIGHT="21" WC="0.96" CONTENT="icke"/><SP WIDTH="21" VPOS="1526" HPOS="650"/>
							<String ID="string_480" HPOS="671" VPOS="1525" WIDTH="71" HEIGHT="21" WC="0.96" CONTENT="kunna"/><SP WIDTH="22" VPOS="1525" HPOS="742"/>
							<String ID="string_481" HPOS="764" VPOS="1531" WIDTH="51" HEIGHT="15" WC="0.96" CONTENT="vara"/><SP WIDTH="22" VPOS="1531" HPOS="815"/>
							<String ID="string_482" HPOS="837" VPOS="1524" WIDTH="23" HEIGHT="22" WC="0.93" CONTENT="så"/><SP WIDTH="21" VPOS="1524" HPOS="860"/>
							<String ID="string_483" HPOS="881" VPOS="1524" WIDTH="43" HEIGHT="22" WC="0.91" CONTENT="för-"/>
						</TextLine>
					</TextBlock>
				</ComposedBlock>
			</PrintSpace>
		</Page>
	</Layout>
</alto>
