1081 1792
390 154 24 17 R.
427 158 17 13 0.
456 155 23 16 A.
491 154 55 18 1891.
567 156 26 16 23
605 155 47 21 Maj.
848 149 53 21 1341

178 233 58 21 Frih.
258 240 51 14 von
332 233 85 21 Born:
441 234 70 22 Jemte
533 234 36 21 det
591 234 56 27 jag
639 229 12 36 i
665 235 42 21 allo
730 234 95 22 ansluter
840 234 42 26 mig
897 234 32 21 till

110 261 57 21 hvad
182 261 56 21 Frih.
254 262 78 20 Wrede
347 268 48 20 nyss
410 263 74 25 yttrat,
508 262 39 22 och
570 263 100 21 särskildt
693 263 35 21 det
750 262 23 21 af
793 262 77 21 honom
893 262 35 21 be-

111 290 64 21 rörda
190 289 144 22 förhällandet
349 291 32 20 att
395 290 7 21 i
417 290 74 27 sjelfva
505 291 75 21 verket
595 291 40 21 den
650 290 113 27 kollegiala
781 290 148 27 förvaltnings-

111 318 111 27 principen
236 319 7 20 i
258 319 52 20 vära
325 319 128 26 grundlagar
468 319 67 26 aldrig
557 319 69 21 blifvit
641 319 93 27 upphäfd
750 331 27 2 —
793 319 87 20 hvarför
894 319 36 26 jag

112 347 62 21 äfven
186 353 62 14 anser
258 349 32 19 att
301 347 151 27 Lagutskottet
467 347 63 22 bordt
551 348 7 21 i
579 349 36 20 sitt
637 347 134 22 betänkande
790 347 75 22 härom
882 349 48 19 när-

110 381 59 16 mare
194 375 68 21 uttala
286 376 37 26 sig,
344 387 28 3 —
395 375 96 22 anhäller
516 376 36 27 jag
577 377 33 20 att
637 376 21 21 fä
679 376 74 21 förena
773 376 44 26 mig
839 382 34 15 om
894 376 36 20 det

110 403 139 27 bedömande,
265 404 57 21 Frih.
339 404 79 21 Wrede
435 406 63 25 egnat
513 404 177 27 hanälingssättet
705 404 39 22 hos
759 406 32 19 tre
809 403 47 22 före
871 404 59 21 detta

110 432 138 21 medlemmar
268 432 24 21 af
312 433 83 21 landets
419 432 76 27 högsta
510 433 99 27 Styrelse,
632 433 77 26 hvilka,
729 433 7 21 i
757 433 174 26 omisskänneligt

110 461 104 21 samband
230 461 45 21 dels
290 461 49 21 med
355 467 28 14 nu
399 460 143 27 föreliggande
557 461 67 27 fräga,
646 461 44 21 dels
705 461 48 21 med
776 467 25 15 en
824 467 70 15 annan
909 461 23 20 af

109 489 45 21 lika
169 489 98 27 allvarlig
283 491 40 24 art,
333 489 65 21 hellre
414 491 27 19 än
456 491 32 20 att
503 490 7 20 i
525 496 26 15 en
567 490 51 21 eller
628 496 68 15 annan
707 490 54 21 form
772 489 114 22 medverka
898 489 33 22 till

110 517 139 21 utfärdandet
264 518 23 21 af
302 518 25 21 de
343 517 92 22 bekanta
455 518 132 26 manifesten,
610 518 117 26 föredragit
748 520 32 19 att
801 518 64 21 ställa
886 518 45 21 sina

111 547 82 25 platser
208 546 32 20 till
257 546 130 21 Monarkens
401 546 130 27 förfogande.
558 547 65 21 Detta
638 547 61 20 deras
714 547 156 26 handlingssätt
884 546 46 26 har,

112 574 108 27 grundadt
235 580 45 15 som
296 575 36 20 det
346 575 55 20 varit
417 575 56 26 uppä
489 581 26 14 en
530 575 59 21 stark
604 575 128 26 pligtkänsla
747 575 39 21 och
804 576 31 20 ett
847 576 84 25 strängt

112 604 100 24 samvete,
229 603 68 21 funnit
312 603 61 26 lifligt
388 609 89 20 gensvar
492 603 38 21 hos
546 604 61 21 deras
627 604 96 25 samtida,
746 603 40 21 har
801 603 23 22 sä
840 603 34 21 väl
888 603 42 21 för-

112 631 65 22 stätts
192 631 23 21 af
228 631 84 22 landets
327 631 146 27 medborgare,
489 632 40 21 och
544 633 63 26 utgör
622 633 31 20 ett
668 631 137 28 upplyftande
828 632 101 26 exempel,
951 635 3 2 '

112 666 45 15 som
171 660 37 26 jag
223 661 24 19 är
263 660 123 27 öfvertygad
401 667 34 14 om
452 662 33 19 att
500 661 59 20 äfven
583 661 140 21 efterverlden
746 660 54 21 skall
825 661 105 20 tacksamt

112 688 100 21 erkänna.
244 688 89 21 Svärare
349 689 39 20 har
403 689 36 20 det
454 689 55 20 varit
524 691 31 19 att
569 689 67 21 förstä
658 689 177 26 handlingssättet
850 688 39 21 hos
905 689 25 20 de

112 717 67 20 andra
194 717 49 20 män
258 717 7 20 i
281 717 110 21 enahanda
407 717 105 27 ställning,
531 717 78 25 hvilka,
633 723 33 16 om
683 717 39 21 ock
745 717 75 21 endast
840 716 90 25 formelt,

110 745 62 27 gifvit
187 745 32 20 sin
235 745 128 22 medverkan
379 745 31 21 till
426 746 25 20 de
473 746 161 26 ifrägavarande
657 745 273 27 regeringshandlingarnas

111 773 164 27 promulgation,
292 774 39 21 och
347 775 55 19 ännu
417 774 86 21 svärare
518 775 177 26 handlingssättet
710 774 39 21 hos
767 774 41 21 den
830 774 52 21 eller
897 774 32 26 de,

112 808 44 15 som
173 802 72 21 dervid
261 802 154 27 tillgodonjutit
431 805 30 18 ett
477 803 57 26 alibi,
550 803 75 27 sävida
637 803 46 20 icke
699 803 60 21 detta
773 802 51 21 alibi
838 802 56 21 varit
909 803 23 20 af

112 831 183 26 nödvändigheten
311 831 138 26 ovilkorligen
464 831 116 26 päkalladt.
611 831 68 21 Afven
695 831 62 21 deras
774 831 156 26 handlingssätt

111 859 67 22 mäste
194 859 33 21 väl
243 859 63 21 hafva
320 859 56 22 varit
390 859 141 22 förestafvadt
546 860 22 21 af
589 860 152 27 öfvertygelse;
765 865 80 16 samma
866 859 64 27 pligt-

111 888 99 22 kollision
225 887 81 27 förelåg
319 887 24 28 ju
358 887 60 23 äfven
433 888 34 21 för
482 889 53 26 dem,
549 895 47 15 men
612 889 109 26 lösningen
735 888 49 27 gick
801 888 6 22 i
824 894 26 16 en
860 894 70 15 annan

111 917 94 25 riktning
221 929 27 2 —
264 919 121 19 samvetena
400 919 37 19 äro
452 917 23 27 ju
491 918 62 20 olika.
583 918 40 26 Jag
639 918 100 20 tillmäter
761 917 42 27 mig
826 917 46 21 icke
887 918 43 20 rätt

112 946 31 21 att
160 946 63 20 döma
238 945 58 22 öfver
311 946 78 21 andras
410 947 108 20 samveten
540 959 28 2 —
588 946 37 27 jag
647 946 81 21 lemnar
747 946 69 21 denna
836 946 49 21 dom
908 946 22 20 ät

112 980 26 15 en
152 974 87 20 framtid
254 987 28 2 —
297 981 48 14 men
365 974 35 26 jag
416 974 81 21 tilläter
517 975 43 27 mig
581 977 32 19 att
635 975 69 21 uttala
725 981 26 15 en
769 974 97 26 allvarlig
887 974 43 21 för-

111 1003 109 26 hoppning
235 1005 32 19 att
283 1003 35 21 det
333 1003 54 21 skall
401 1003 68 21 finnas
485 1010 26 14 en
525 1006 69 24 gräns,
609 1003 85 21 utöfver
703 1004 85 20 hvilken
799 1004 62 20 dessa
871 1003 60 21 med-

111 1032 89 20 lemmar
216 1031 23 21 af
253 1031 108 27 Styrelsen
375 1032 46 20 icke
437 1032 61 20 skola
513 1032 77 26 kunna,
613 1032 46 21 icke
675 1032 60 21 skola
750 1032 51 26 vilja
816 1031 115 21 medverka

112 1060 32 21 till
159 1060 157 26 promulgation
331 1059 22 21 af
374 1060 111 21 enahanda
507 1060 232 28 regeringshandlingar
760 1061 7 19 i
790 1066 26 15 en
837 1060 93 24 framtid,

112 1095 34 15 om
162 1088 80 21 sådana
254 1091 72 24 tyvärr
341 1089 60 21 skola
416 1088 137 22 förekomma.
569 1102 27 2 —
611 1089 10 21 I
637 1089 74 27 sjelfva
733 1089 40 21 den
796 1088 66 28 fråga,
886 1094 44 16 som

112 1123 28 15 nu
155 1116 119 27 föreligger,
283 1118 38 20 har
330 1117 36 27 jag
376 1118 53 20 intet
445 1119 32 19 att
492 1118 85 26 tillägga
592 1118 84 20 utöfver
690 1118 162 26 Lagutskottets
866 1118 65 20 fram-

113 1145 99 27 ställning
228 1146 38 20 och
282 1146 57 21 Frih.
355 1146 89 21 Wredes
459 1147 109 25 yttrande;
584 1146 36 21 vill
635 1146 74 21 endast
724 1146 70 21 uttala
809 1147 31 20 ett
854 1146 77 21 förtro-

113 1174 53 21 ende
181 1175 32 19 att
228 1174 69 21 denna
312 1174 156 26 framställning
483 1174 54 21 skall
552 1175 63 21 vinna
629 1174 66 27 gehör
710 1174 39 22 hos
765 1180 25 16 en
806 1174 125 22 ädelsinnad

112 1202 96 26 Monark,
225 1203 39 21 och
280 1204 36 20 det
331 1203 54 21 både
400 1203 33 21 för
448 1203 39 21 vår
501 1203 56 21 skull
572 1203 39 21 och
626 1204 33 20 för
674 1203 59 21 Hans
748 1203 62 25 skull,
826 1204 22 26 ty
868 1216 14 2 —
895 1202 37 27 jag

112 1230 80 22 tillåter
207 1231 43 26 mig
265 1238 94 20 upprepa
375 1233 30 19 ett
420 1232 106 26 yttrande,
545 1234 32 19 ett
591 1232 84 26 värdigt
689 1232 100 26 yttrande
803 1231 24 21 af
840 1238 26 15 en
880 1231 52 26 hög-

113 1260 75 20 sinnad
204 1266 48 15 man
268 1261 35 20 vid
318 1260 74 26 början
408 1260 23 20 af
445 1260 69 20 denna
536 1260 101 26 landtdag
659 1272 27 2 —
709 1260 83 24 ,säsom
814 1260 118 21 Monarken

114 1288 95 26 deltager
233 1289 7 20 i
264 1288 78 22 folkets
365 1288 46 25 öde,
434 1288 70 21 säsom
526 1288 48 22 Han
596 1288 156 27 upprätthäller
769 1288 40 22 den
826 1288 106 26 ställning,

112 1316 82 28 hvarpä
208 1316 78 22 folkets
301 1317 126 27 upplysning
443 1317 39 21 och
497 1317 129 21 rättskänsla
641 1317 40 20 har
699 1316 98 27 anspråk,
814 1316 54 21 skall
883 1316 49 21 Han

112 1346 58 20 finna
184 1346 36 20 lön
235 1346 7 20 i
256 1346 78 20 folkets
349 1346 101 26 hjertan”.

182 1403 32 21 Hr
229 1402 26 21 K.
271 1402 104 21 Antell:
391 1402 32 20 Dä
439 1401 62 21 äfven
514 1402 37 26 jag
565 1402 40 20 hör
619 1402 33 20 till
667 1402 54 25 dem,
744 1408 45 15 som
804 1402 127 22 underteck-

114 1432 37 19 nat
166 1430 42 21 den
221 1431 8 19 i
244 1431 59 19 detta
313 1429 66 21 Ständ
391 1430 120 19 inlemnade
527 1430 116 24 petitionen
659 1430 39 20 och
709 1430 88 20 sälunda
809 1430 66 20 redan
886 1430 46 20 haft

114 1458 82 21 tillfälle
212 1459 32 19 att
258 1458 84 25 angifva
356 1457 43 20 min
415 1456 130 26 ständpunkt
559 1456 7 20 i
581 1456 70 21 denna
670 1457 79 26 vigtiga
771 1456 67 27 fräga,
860 1457 72 21 kunde

114 1486 36 22 det
165 1492 63 21 synas
244 1485 133 27 öfverflödigt
391 1486 32 20 att
438 1486 56 19 ännu
509 1486 93 25 upptaga
617 1484 24 22 R.
657 1491 19 14 o.
691 1485 37 21 A:s
744 1484 31 22 tid
785 1485 49 22 med
849 1486 83 27 utlägg-

114 1515 50 27 ning
178 1515 7 22 i
201 1516 76 20 ämnet.
307 1515 43 21 Det
363 1515 24 20 är
401 1513 64 22 också
481 1513 78 27 derför,
575 1513 39 22 och
630 1513 100 22 särskildt
744 1514 49 21 med
808 1514 98 22 afseende
919 1514 13 21 å

114 1544 56 21 hvad
185 1544 67 21 under
268 1543 69 22 denna
352 1543 59 21 afton
425 1543 86 26 yttrats,
527 1548 44 15 som
585 1542 37 27 jag
637 1542 80 22 tilläter
737 1543 42 27 mig
802 1544 32 20 att
857 1543 75 22 endast
