1086 1786
207 153 55 22 1390
449 159 24 17 R.
486 164 21 12 o.
519 159 22 17 A.
554 158 54 18 1891.
632 159 26 16 25
670 159 48 20 Maj.

178 237 76 27 jakens
275 237 131 22 alkoholhalt
429 237 39 21 och
491 237 127 22 derutöfver.
647 237 27 21 Vi
696 237 67 21 måste
785 237 7 21 i
807 237 80 22 sådana
908 237 85 26 uttryck

179 267 57 20 rätta
252 272 34 15 oss
300 266 54 21 efter
369 266 35 21 det
419 266 89 21 allmänt
522 268 77 25 gängse
618 265 78 22 bruket
710 266 7 20 i
732 266 79 25 länder,
828 266 37 21 der
880 265 61 21 dessa
957 265 35 21 be-

179 295 123 25 nämningar
324 296 38 19 äro
384 294 65 22 sedan
468 295 49 26 lång
532 294 30 21 tid
584 294 98 25 fixerade,
698 294 39 21 och
752 294 46 21 icke
817 293 85 22 försöka
924 293 69 21 införa

179 322 80 22 sädana
272 329 48 21 nya,
336 323 71 21 hvilka
422 322 66 22 blifva
502 322 130 22 förvillande.

246 380 32 20 Hr
300 380 25 20 A.
340 380 23 21 L.
379 386 46 15 von
440 380 142 26 Knorring:
613 380 61 21 Huru
696 386 65 20 gerna
782 379 36 27 jag
834 381 27 19 än
881 379 67 21 skulle
964 385 29 20 se,

180 410 32 20 att
227 414 26 15 en
263 408 88 22 hämsko
366 408 68 22 skulle
449 414 76 20 genom
539 408 35 26 lag
588 409 72 26 läggas
678 408 26 26 pä
719 408 25 21 de
759 408 112 25 missbruk,
887 414 44 15 som
947 407 47 21 frän

179 437 85 27 mänget
285 436 44 22 häll
344 436 132 27 öfverklagas
491 436 107 28 angäende
614 436 123 28 försäljning
757 436 23 21 af
793 436 26 22 de
834 436 160 27 ifrägavarande

180 465 123 27 dryckerna,
324 465 24 21 sä
369 471 34 15 ser
416 466 36 26 jag
467 465 43 27 mig
532 465 68 21 ickei
622 465 83 22 tillfalle
721 467 32 19 att
774 465 114 21 medverka
910 464 32 22 till
963 467 31 19 ett

179 494 155 26 godkännande
356 494 71 21 beslut
445 493 131 22 beträffande
592 494 35 21 det
642 500 28 14 nu
685 494 143 26 föreliggande
843 493 108 27 förslaget,
968 493 26 21 dä

180 523 36 26 jag
237 522 67 21 finner
326 522 117 21 detsamma
462 522 46 22 icke
523 522 62 21 hafva
599 522 113 26 undergätt
727 522 40 21 den
781 522 78 26 nödiga
883 522 111 21 herednin-

181 557 40 20 gen
242 550 40 22 och
298 550 81 22 således
393 550 46 22 icke
453 550 102 22 innebära
569 551 108 27 garantier
692 551 32 21 för
739 552 32 19 att
786 550 46 21 icke
848 552 67 20 större
930 550 64 21 rubb-

179 580 76 26 vingar
277 579 67 21 skulle
366 579 85 21 komma
472 581 32 19 att
518 579 36 21 ske
576 580 7 20 i
603 579 79 21 sådana
704 579 114 21 bestående
840 579 154 24 förhållanden,

180 608 38 21 der
233 608 66 26 några
314 607 105 21 missbruk
434 608 46 21 icke
495 609 35 26 egt
545 614 53 15 rum.

257 664 33 22 Hr
310 664 108 21 Schildt:
449 664 41 21 Vid
505 665 153 26 behandlingen
674 664 22 21 af
709 664 157 28 propositionen
883 671 34 15 om
933 665 61 26 sprit-

184 693 80 27 haltiga
286 692 88 28 drycker
396 693 55 21 tillät
471 694 36 26 jag
529 694 42 26 mig
586 694 107 25 anmärka,
710 695 32 19 att
757 693 73 27 frågan
846 693 91 21 rörande
952 693 42 21 för-

182 722 89 26 säljning
286 722 23 20 af
322 727 87 20 svagare
425 722 88 26 drycker
529 722 38 21 och
583 722 34 20 vin
632 722 67 20 skulle
710 722 79 21 erhålla
807 722 40 21 den
863 722 131 27 lämpligaste

178 750 109 26 lösningen
302 750 127 26 derigenom,
445 752 33 18 att
493 750 29 21 all
538 750 122 26 försäljning
675 750 22 21 af
712 757 15 14 s.
743 751 20 21 k.
786 750 49 21 våta
850 757 62 14 varor
927 751 67 21 skulle

178 778 21 21 få
221 778 38 21 ske
273 778 7 21 i
295 784 155 21 gemensamma
472 778 90 22 butiker.
593 779 37 21 Ett
646 778 75 22 sådant
740 778 80 27 förslag
835 779 60 26 ingår
910 779 6 21 i
932 779 62 21 brän-

178 806 120 27 vinslagens
313 807 11 26 $
341 807 25 21 17
382 807 39 21 och
437 808 120 20 omnämnes
567 806 61 22 äfven
643 808 6 20 i
665 808 12 26 $
692 808 13 20 3
720 808 23 21 af
756 814 29 14 nu
796 807 145 27 föreliggande
951 808 43 26 lag-

178 834 85 28 förslag,
278 835 40 21 och
333 835 27 21 då
372 835 37 27 jag
423 835 46 21 icke
484 836 41 20 kan
541 836 61 25 finna,
619 837 31 19 att
665 836 68 26 någon
749 836 106 26 synnerlig
869 836 68 21 fördel
952 836 42 21 kan

178 864 74 21 vinnas
266 864 48 21 med
330 864 35 21 det
379 870 29 14 nu
422 864 75 26 gjorda
516 864 100 27 förslaget
631 864 7 21 i
653 864 70 27 öfrigt,
739 864 66 22 håller
821 864 63 22 också
896 864 36 27 jag
954 865 39 25 för,

179 893 32 20 att
234 893 30 20 ett
286 899 59 14 mera
360 892 107 21 förberedt
485 893 78 26 förslag
584 893 113 21 framdeles
711 893 66 21 borde
799 893 118 27 föreläggas
932 893 62 22 Stän-

179 921 71 21 derna.
270 921 44 21 För
329 921 62 26 öfrigt
406 921 35 20 vill
455 921 36 26 jag
506 921 70 22 erinra
587 928 33 15 om
632 923 31 20 att
678 922 7 21 i
706 922 5 27 $
727 922 12 21 3
754 924 93 24 nämnes,
863 924 32 19 att
904 923 89 26 ,minut-

178 949 102 22 handlare
302 950 8 21 i
332 950 47 21 stad
401 956 50 20 eger
466 951 43 20 rätt
525 957 18 14 o.
559 957 15 14 s.
591 953 40 24 v.*,
647 953 51 18 utan
714 952 31 19 att
760 951 70 26 någon
845 952 97 20 närmare
957 951 38 21 be-

179 978 105 27 stämning
305 978 67 21 finnes
394 985 34 15 om
443 978 55 21 hvad
521 979 47 21 med
589 979 144 21 minuthandel
755 979 84 21 förstås.
870 979 48 21 Alla
934 979 60 21 dessa

179 1007 129 26 synpunkter
331 1013 62 21 synas
414 1007 42 26 mig
479 1007 43 21 tala
537 1007 38 28 för,
592 1010 31 19 att
638 1014 48 15 man
701 1007 46 22 icke
762 1014 29 15 nu
806 1009 39 20 bör
859 1009 78 25 antaga
960 1008 34 21 det

178 1035 160 26 ifrågavarande
355 1035 142 28 lagförslaget.

248 1092 48 21 Med
306 1092 113 27 anledning
433 1092 23 22 af
469 1093 40 20 den
525 1093 89 21 sålunda
628 1093 149 27 försiggängna
788 1093 146 22 diskussionen
944 1093 50 22 aflät

179 1120 32 21 Hr
220 1121 205 21 Landtmarskalken
435 1121 32 22 till
483 1121 99 22 Ståndets
596 1121 131 22 besvarande
737 1121 93 28 följande
844 1122 150 27 omröstnings-

179 1149 139 27 proposition:

246 1206 52 25 Den,
309 1212 45 14 som
369 1205 36 22 vill
419 1206 50 27 ingå
483 1207 7 20 i
505 1206 193 28 detaljgranskning
712 1206 22 22 af
742 1206 138 22 förevarande
893 1208 100 20 motions-

178 1234 86 27 förslag,
280 1236 70 19 röstar
361 1234 33 27 ja;

246 1291 72 20 vinner
330 1291 40 26 nej,
379 1291 38 20 har
429 1291 25 21 R.
470 1297 19 15 o.
500 1291 25 21 A.
536 1291 86 22 beslutit
632 1292 69 21 lemna
714 1292 101 27 förslaget
826 1294 51 19 utan
887 1293 106 21 afseende.

246 1346 40 21 Vid
302 1353 34 14 om
357 1347 68 20 denna
440 1347 130 26 omröstning
587 1347 92 20 anställd
695 1349 96 24 votering
805 1347 76 22 utföllo
896 1350 97 19 rösterna

177 1374 49 21 med
241 1375 26 20 14
280 1375 23 26 ja
318 1375 40 20 och
373 1375 24 20 31
415 1375 40 26 nej,
477 1375 39 20 och
531 1375 68 21 skulle
613 1375 89 21 sålunda
717 1377 116 20 utskottets
849 1376 79 27 förslag
943 1377 51 21 lem-

177 1408 38 15 nas
231 1404 51 20 utan
297 1403 104 21 afseende.

1004 398 16 21 %
