1092 1784
72 443 22 28 ($
109 443 40 27 44).

74 915 20 26 15
110 914 40 26 45).

76 1216 20 26 ($
111 1216 40 27 46).

209 148 55 21 1164
457 154 24 16 R.
494 158 18 12 o.
524 154 22 16 A.
558 154 54 16 1891.
633 154 23 16 19
668 153 47 21 Maj.

523 275 80 32 KAP.
625 276 45 31 III.

328 360 209 25 Riddarhusets
554 361 100 23 kassor
673 360 55 24 och
746 359 107 25 fonder.

557 445 14 26 $
586 445 32 19 41.

248 506 34 25 De
306 507 39 24 till
372 507 161 24 Riddarhuset
555 507 110 31 hörande,
683 507 75 24 under
776 507 167 25 Direktionens
962 508 37 23 in-

180 541 83 24 seende
287 542 43 23 och
355 541 151 31 förvaltning
524 542 96 23 stäende
637 541 87 24 kassor
742 542 43 23 och
802 542 83 23 fonder
902 544 98 29 utgöras

180 576 25 23 af
222 575 237 30 Riddarhuskassan,
476 575 90 32 Adliga
583 575 267 31 Jungfrustiftskassan
869 578 64 21 samt
951 576 49 23 Gu-

179 611 116 22 vernören
322 609 111 24 Friherre
460 609 53 24 Otto
540 609 123 24 Abraham
684 609 80 31 Boijes
786 610 43 23 och
846 610 63 23 hans
928 609 73 24 maka

179 643 176 25 Friherrinnan
373 644 98 23 Amalia
488 643 80 32 Boijes
586 643 176 31 pensionsfond.

249 678 45 24 För
320 678 266 32 Jungfrustiftskassan
614 680 62 21 samt
699 677 114 32 Boijeska
834 677 166 31 pensionsfon-

180 712 45 25 den
243 716 40 21 äro
301 712 122 24 särskilda
441 712 149 24 föreskrifter
612 712 8 23 i
644 712 109 24 afseende
780 714 14 22 &
820 712 182 32 förvaltningen

179 747 141 29 meddelade,
346 746 87 24 hvilka
460 747 57 23 böra
543 746 65 32 tjena
631 746 39 24 till
689 746 167 31 efterrättelse;
876 747 43 23 och
937 746 64 24 skall

180 781 36 24 för
235 781 113 31 samtliga
366 781 85 23 kassor
475 781 45 23 och
537 780 82 24 fonder
636 781 9 23 i
663 781 147 31 tillämpliga
829 780 65 24 delar
911 781 90 23 iaktta-

180 823 44 24 gas
242 816 65 24 hvad
325 815 44 24 här
387 815 77 24 nedan
483 815 104 31 stadgas.

559 911 13 25 $
587 911 37 20 42.

249 969 43 24 Uti
319 968 231 24 Riddarhuskassan
576 968 58 31 ingå
661 968 27 23 de
711 968 9 23 i
743 969 13 29 $
777 968 14 23 2
810 968 25 23 af
853 969 148 24 Riddarhus-

181 1004 133 31 ordningen
332 1003 121 31 päbjudna
471 1002 97 32 afgifter
592 1002 40 24 till
656 1003 74 31 sagda
756 1003 80 29 kassa,
863 1006 82 21 räntor
971 1005 32 30 pä

180 1039 105 23 kassans
312 1037 112 25 utlänade
451 1037 81 30 medel,
558 1037 122 30 hushyror
702 1037 43 23 och
763 1037 127 32 tillfälliga
907 1037 94 24 inkom-

181 1075 55 28 ster,
255 1072 123 24 äfvensom
396 1071 138 24 donationer
550 1071 40 24 till
608 1071 168 31 Riddarhuset,
795 1071 40 24 der
855 1074 75 21 annat
953 1072 48 23 vil-

180 1107 43 23 kor
241 1107 41 23 vid
300 1107 51 23 dem
369 1106 52 24 icke
439 1109 27 20 är
483 1106 55 23 fäst.

592 1207 15 25 $
622 1207 36 19 43.

249 1263 158 25 Underhållet
434 1264 25 23 af
484 1264 273 32 riddarhusbyggnaden
784 1265 52 23 med
858 1264 80 24 dertill
960 1265 41 23 hö-

181 1299 73 24 rande
271 1298 156 30 inventarier,
445 1298 136 32 aflöningen
599 1298 37 23 för
658 1298 174 25 Riddarhusets
859 1299 143 31 tjenstemän

182 1333 44 23 och
243 1332 129 30 betjening,
391 1332 77 30 öfriga
492 1332 292 30 förvaltningskostnader
802 1333 69 30 jemte
891 1333 50 23 alla
959 1341 41 15 an-

158 1382 2 2 +
181 1367 43 23 dra
241 1366 36 23 för
295 1364 155 24 Direktionen
470 1364 58 24 eller
546 1364 98 24 Ständet
662 1365 41 23 vid
722 1365 58 23 eller
792 1366 9 23 i
813 1366 59 30 följd
885 1366 24 23 af
921 1367 80 23 landt-

181 1400 47 32 dag
246 1399 87 31 nödiga
351 1398 106 32 utgifter,
475 1399 80 23 sävidt
573 1399 27 23 de
618 1398 52 24 icke
688 1400 59 31 utgå
766 1400 25 25 af
809 1400 125 24 allmänna
953 1408 48 16 me-

181 1434 44 31 del,
242 1433 117 25 bestridas
377 1441 30 16 ur
424 1433 236 24 Riddarhuskassan.

249 1467 120 32 Samtliga
392 1469 31 29 pä
446 1467 163 24 Riddarhuset
627 1468 78 23 stälda
722 1468 135 32 räkningar
875 1469 69 24 skola
962 1470 37 22 in-

180 1511 49 16 nan
248 1503 68 23 deras
334 1502 82 31 belopp
435 1502 145 24 utanordnas
600 1502 58 24 eller
675 1502 119 24 utbetalas
812 1510 61 16 vara
890 1504 25 24 af
927 1503 73 25 Kam-

180 1545 97 16 reraren
295 1536 136 31 granskade
449 1536 43 23 och
510 1536 39 23 till
568 1536 87 23 siffran
673 1536 130 32 godkända.
