1095 1781
373 150 24 18 R.
409 154 19 13 0.
439 151 23 17 A.
474 150 54 18 1891.
540 151 23 17 19
574 150 48 22 Maj.
738 145 3 1 |
822 145 59 22 TI45

83 230 101 24 skrifter
213 230 63 24 torde
303 230 53 24 med
383 230 175 25 Riddarhusets
594 231 173 32 genealogiska
798 231 111 33 samling

82 263 105 25 förenas.

153 359 33 25 Af
195 359 169 25 Direktionens
373 360 114 26 anmälan
496 361 9 23 i
514 360 77 32 punkt
600 360 65 24 XVI
673 360 45 25 har
725 361 120 25 Utskottet
853 361 48 24 för-

83 394 102 24 anlåtits
204 396 36 22 att
251 394 51 24 låta
315 394 39 32 sig
367 394 107 25 förevisa
482 396 27 23 de
518 395 100 33 drägter,
629 395 105 24 mantlar
744 396 43 24 och
795 396 112 24 härolds-

83 428 96 24 stafvar
205 436 30 17 m
261 436 36 23 m.,
322 436 52 17 som
396 429 56 24 från
469 428 80 33 Borgå
566 430 116 32 landtdag
699 430 81 24 finnas
797 430 10 23 i
824 430 80 24 behåll

82 462 49 25 och
147 462 119 26 förvarats
284 463 9 23 i
311 463 158 25 riddarhuset.
504 464 38 24 Då
558 464 121 24 desamma
696 464 53 24 ieke
772 464 78 24 sakna
865 464 41 24 hi-

82 497 103 24 storiskt
211 497 108 31 intresse,
345 498 46 23 har
417 498 122 24 Utskottet
564 500 58 22 trott
645 499 40 31 sig
706 506 45 24 ega
774 498 131 32 anledning

85 533 36 22 att
138 531 52 25 med
208 531 173 32 godkännande
400 532 25 24 af
443 532 37 24 det
498 540 46 16 ena
570 533 153 24 alternativet
749 533 9 23 i
784 532 121 25 Direktio-

83 573 62 17 nens
171 566 93 32 förslag
289 566 133 31 tillstyrka,
443 566 37 24 det
506 567 105 23 nämnda
628 566 121 31 persedlar
767 566 69 31 blefve
854 569 51 29 för-

86 600 88 25 vanade
200 600 10 23 i
236 608 28 16 en
290 600 64 24 enkel
379 600 82 28 vitrin,
487 608 50 18 som
554 601 76 24 kunde
648 600 28 31 få
693 601 38 24 sin
747 601 63 31 plats
829 601 75 23 under

85 634 45 24 den
155 641 102 17 numera
285 634 10 23 i
320 634 268 31 talmanskonferensens
605 642 54 16 rum
677 635 144 31 upphängda
839 634 65 32 tafla,

84 668 90 24 hvilken
200 668 146 31 framställer
365 668 133 31 öppnandet
516 669 28 31 af
561 668 82 32 Borgå
661 669 118 31 landtdag.
814 670 33 23 Af
865 669 38 24 hi-

83 702 102 25 storiskt
211 703 101 24 intresse
339 703 37 23 för
397 703 129 25 framtiden
547 711 55 16 vore
625 703 71 24 äfven
714 705 35 23 att
767 704 44 23 den
829 704 8 22 i
855 704 50 28 för-

84 736 82 25 maket
182 736 146 33 upphängda
346 736 76 25 taflan
439 737 56 24 från
514 737 66 25 1863
598 739 41 23 års
657 738 116 32 landtdag
784 738 121 24 förseddes

83 770 56 25 med
164 772 125 24 enahanda
314 772 214 31 personalschema,
555 779 50 17 som
631 772 44 30 det,
693 772 95 24 hvilket
810 772 94 32 åtföljer

87 805 65 25 1809:
171 807 40 23 års
229 804 198 34 landtdagstafla;
447 805 43 25 och
507 806 64 24 torde
590 806 44 24 den
657 806 123 24 blifvande
801 806 102 24 Riddar-

83 838 199 26 husdirektionen
308 841 31 31 gå
364 840 9 23 i
391 839 145 33 författning
552 848 38 16 om
608 842 35 21 att
660 841 31 22 ett
707 840 89 24 sådant
812 840 92 24 schema

84 873 52 31 före
161 875 71 23 nästa
254 874 114 30 landtdag
385 874 87 23 varder
488 874 147 30 upprättadt,
654 874 82 24 dervid
753 874 149 24 Riddarhus-

84 907 150 26 kanslistens
253 908 90 24 biträde
360 916 73 23 synes
451 908 132 32 lämpligen
596 908 85 24 kunna
692 910 70 30 tagas
772 908 10 24 i
791 908 112 32 anspråk.

155 1050 122 32 Slutligen
297 1051 42 24 ber
358 1050 122 25 Utskottet
498 1051 25 23 få
541 1050 96 25 anmäla
656 1052 35 23 att
708 1050 127 32 Utskottet,
853 1058 52 16 som

86 1084 159 33 i-anledning
262 1084 25 24 af
304 1085 65 24 hvad
386 1085 142 24 berättelsen
545 1086 75 23 under
641 1085 118 31 V—VII,
779 1084 126 25 IX—XII

85 1119 137 24 innehåller
240 1119 52 24 icke
310 1119 79 24 finner
406 1120 80 31 någon
504 1120 84 32 åtgärd
605 1119 55 24 från
674 1119 173 32 Ridderskapet
862 1119 43 24 och

87 1154 91 24 Adelns
196 1154 53 24 sida
267 1161 60 16 vara
344 1153 120 33 påkallad,
482 1154 9 23 i
509 1154 43 24 sitt
568 1153 119 32 protokoll
703 1154 97 31 nedlagt
818 1153 87 25 åtskil-

86 1188 53 32 liga
164 1188 179 32 upplysningar
369 1188 43 24 och
433 1188 167 32 påminnelser,
624 1188 38 23 till
680 1188 86 24 hvilka
783 1188 122 24 Utskottet

86 1222 43 24 vid
151 1222 151 32 fullgörande
324 1222 26 24 af
371 1222 43 24 sitt
431 1222 275 32 granskningsuppdrag
724 1222 81 24 funnit
823 1222 81 24 anled-

86 1256 61 32 ning
164 1256 44 24 och
226 1264 50 16 som
291 1256 36 24 för
339 1256 45 24 den
393 1256 122 24 blifvande
524 1256 287 24 Riddarhusdirektionen
821 1256 84 24 kunna

85 1298 63 16 vara
165 1291 25 23 af
206 1298 71 24 gagn.

156 1431 43 24 Uti
220 1431 38 23 det
278 1430 131 32 uppgjorda
431 1430 116 32 förslaget
566 1430 40 24 till
627 1426 149 28 instruktion
794 1430 36 24 för
847 1430 58 24 Rid-

87 1465 241 24 darhusdirektionen
349 1465 44 24 har
414 1464 156 24 Direktionen
593 1464 156 24 sammanfört
771 1464 18 32 ej
814 1465 92 24 mindre

88 1500 28 24 de
133 1499 186 33 bestämningar,
338 1507 50 16 som
405 1498 100 25 rörande
523 1498 154 24 Direktionen
695 1499 44 23 och
751 1498 154 35 tjenstemän-

88 1542 48 16 nen
154 1534 40 24 vid
212 1534 161 24 Riddarhuset
391 1533 123 25 äfvensom
530 1533 179 32 förvaltningen
727 1532 26 26 af
765 1533 26 24 de
807 1533 38 25 till
857 1534 49 24 det-

816 1577 22 18 73

943 365 59 23 XVL
