1086 1761
376 141 24 16 R.
413 145 17 13 0.
443 141 21 17 A.
479 142 54 16 1891.
551 140 22 18 19
585 141 46 21 Maj.
829 134 52 21 1087

98 220 46 21 skäl
159 227 61 15 anser
233 220 36 27 jag
284 222 30 19 ett
329 220 69 22 beslut
412 221 46 20 från
473 221 127 21 Ständernas
616 221 46 21 sida
676 221 32 20 att
722 220 63 27 ätaga
799 221 32 26 sig
839 219 71 22 bevill-

98 249 49 27 ning
161 249 28 26 pä
203 249 65 21 tobak
282 249 47 22 icke
343 255 50 15 vara
408 249 101 27 lämpligt.

166 306 32 21 Hr
212 305 33 21 W.
261 306 148 21 Hackman:
438 306 43 21 För
496 306 43 20 min
553 306 34 21 del
602 308 24 18 är
638 306 37 26 jag
689 305 46 21 icke
749 305 48 21 fullt
812 305 98 21 tillfreds-

98 334 64 22 ställd
183 334 48 21 utaf
246 334 243 27 Bevillningsutskottets
510 334 137 22 betänkande.
678 334 41 21 Det
733 340 62 21 synes
809 334 43 26 mig
867 339 45 15 som

99 369 34 15 om
148 363 105 21 utskottet
267 363 68 21 skulle
350 363 61 21 hafva
426 363 63 21 bordt
504 363 61 26 skilja
580 363 22 21 ät
618 363 25 21 de
658 362 77 27 vigtisa
750 362 39 22 och
797 362 66 21 under
871 362 41 20 alla

98 391 146 22 förhållanden
259 392 97 26 gällande
367 392 52 22 skäl,
436 397 44 15 som
496 392 66 20 finnas
577 392 32 20 för
625 391 105 21 afsläende
745 391 22 21 af
781 397 25 14 en
822 391 54 21 accis
885 390 28 26 pä

98 420 72 24 tobak,
192 420 47 21 frän
261 420 79 21 sädana
355 420 51 27 skäl,
422 420 70 21 hvilka
508 422 51 19 utan
573 420 69 27 nägon
657 421 67 20 större
739 419 106 27 svärighet
859 419 55 21 hade

98 449 82 21 kunnat
200 449 142 26 undanrödjas
364 455 74 20 genom
453 449 121 26 förändring
589 449 6 20 i
611 448 106 27 förslaget.
747 448 73 21 Säsom
837 447 35 22 det
886 453 28 15 nu

99 477 67 22 finnes
180 477 120 22 framstäldt
314 477 8 21 i
336 477 243 28 Bevillningsutskottets
597 477 138 27 betänkande,
752 477 33 20 stä
800 477 60 21 dessa
869 476 45 21 skäl

99 507 122 26 uppradade
237 507 52 20 efter
304 507 118 21 hvarandra
437 507 38 21 och
492 507 59 21 deras
566 506 106 27 mängfald
687 512 42 21 ger,
745 506 23 21 sä
783 505 83 27 mycket
878 505 36 27 jag

99 535 83 26 förstär,
198 535 46 21 icke
254 535 68 27 nägon
335 535 71 27 styrka
416 535 22 21 ät
451 535 154 25 slutklämmen,
616 537 50 19 utan
677 535 107 26 försvagar
793 535 121 20 densamma

99 564 92 21 fastmer.
214 564 33 21 De
261 563 192 27 hufvudsakligaste
469 564 43 21 skäl
528 564 32 21 för
574 563 68 27 afslag
656 563 28 26 pä
698 569 25 15 en
739 563 113 26 bevillning
862 563 8 20 i
880 569 34 14 ac-

99 592 84 22 cisform
205 598 62 21 synas
290 592 42 27 mig
354 598 50 15 vara
419 594 31 20 att
466 592 65 22 tobak
545 592 45 22 icke
605 592 41 21 kan
659 598 60 14 anses
734 591 101 27 någonsin
850 590 64 22 blifva

99 621 63 21 odlad
182 620 7 21 i
210 621 47 21 värt
271 621 50 21 land
336 621 7 20 i
359 627 24 15 en
398 621 144 26 utsträckning
557 621 39 21 och
611 620 93 28 gvalitet,
720 626 44 15 som
780 620 67 20 skulle
863 625 51 20 egna

99 650 32 26 sig
146 650 32 20 för
192 649 110 27 förädling,
312 649 39 21 och
366 649 64 21 sedan
446 650 35 20 det
493 650 66 20 andra
574 649 22 21 af
609 649 104 21 utskottet
727 648 124 21 framhällna
866 648 48 20 skä-

100 678 29 21 let
144 680 33 19 att
190 678 8 20 i
213 678 52 26 följd
280 678 22 21 af
316 678 58 21 detta
389 678 131 21 förhällande
535 684 24 14 en
575 677 135 27 beskattning
724 677 7 21 i
746 677 53 21 form
815 676 23 21 af
851 676 63 21 inför-

100 706 91 27 selafgift
214 708 23 19 är
260 707 39 20 den
315 706 54 22 enda
387 706 78 28 riktiga
480 707 38 21 och
534 706 68 22 tillika
617 707 40 20 den
672 705 110 27 billigaste,
797 704 39 22 och
851 704 64 21 sedan

100 737 31 19 att
153 736 158 26 skattsystemet
333 735 83 21 komme
434 737 32 19 att
486 735 198 27 oproportionerligt
699 734 48 27 höja
762 734 65 27 priset
842 733 27 27 pä
884 735 31 19 to-

100 764 75 25 baken,
190 764 8 21 i
213 764 112 26 synnerhet
340 764 32 21 för
388 764 24 21 de
427 764 108 27 fattigaste
549 764 157 21 folkklasserna.
733 764 32 20 De
775 762 67 27 öfriga
853 762 61 21 fram-

100 793 71 21 hållna
186 793 73 21 skälen
278 799 61 20 synas
355 794 41 26 mig
411 792 62 22 hafva
488 793 54 21 varit
559 793 85 25 sådana,
660 798 44 15 som
719 792 54 21 hade
787 792 82 20 kunnat
883 794 33 17 ut-

100 822 27 26 gä
142 822 39 21 och
200 822 59 21 detta
279 822 54 21 hade
355 822 104 21 utskottet
475 822 62 21 bordt
551 822 89 26 päpeka.
669 821 42 21 Det
725 827 60 21 synes
801 820 42 26 mig
858 820 57 26 inga-

100 851 65 21 lunda
179 850 70 22 säsom
264 852 31 20 ett
310 850 67 22 vilkor
392 852 31 20 att
438 850 174 27 tobaksodlingen
627 850 7 21 i
644 850 88 22 Finland
743 849 68 21 skulle
821 848 95 22 inskrän-

101 879 38 21 kas
153 879 32 20 till
202 880 40 20 den
257 880 58 26 grad,
331 885 43 15 som
391 880 35 20 det
441 880 31 20 uti
482 880 48 20 näd.
540 885 59 21 prop.
612 885 38 15 var
660 879 117 26 föreslaget,
787 880 50 19 utan
849 877 67 21 skulle

101 908 65 27 enligt
181 907 49 22 mitt
244 908 136 21 förmenande
396 914 25 15 en
436 909 54 20 accis
506 908 80 21 kunnat
599 907 132 28 genomföras
745 907 8 21 i
765 906 89 22 Finland
865 907 50 20 utan

101 938 32 19 att
155 936 98 27 fräntaga
265 937 155 26 jordbrukaren
434 937 52 20 hans
501 939 44 19 rätt
559 938 32 19 att
606 937 46 20 fritt
667 935 48 22 odla
730 936 39 21 och
784 935 85 26 försälja
884 935 31 21 sin

102 965 71 21 tobak.
196 965 77 21 Tillika
287 971 61 16 anser
361 966 36 26 jag
412 967 31 19 att
458 966 26 21 de
494 965 192 27 reglementerande
697 965 162 26 bestämningar,
871 970 45 15 som

101 993 63 22 träffa
185 993 126 23 fabrikerna,
327 994 45 21 icke
394 996 36 19 äro
451 994 23 21 af
488 995 39 20 den
542 993 113 28 betydelse,
672 999 44 16 som
731 993 38 22 här
784 993 131 22 framhållits.

101 1022 32 22 De
155 1023 55 21 hade
232 1023 81 21 kunnat
327 1022 118 23 modifieras
460 1023 39 21 och
514 1023 55 21 vissa
584 1022 155 27 bestämningar
753 1022 125 21 inskränkas
893 1022 24 21 sä

102 1054 32 19 att
149 1052 35 21 det
199 1051 52 27 skäl,
267 1053 31 20 att
313 1051 178 22 tobaksindustrin
508 1052 67 21 skulle
589 1051 63 22 hafva
666 1051 47 22 lidit
728 1057 25 15 en
769 1051 23 21 sä
802 1051 115 21 nämnvärd

102 1080 75 21 förlust
192 1082 33 19 att
240 1081 39 20 den
295 1081 67 21 skulle
376 1087 60 15 anses
452 1081 68 21 säsom
538 1087 23 15 en
577 1081 77 20 förlust
668 1080 32 21 för
715 1080 47 21 hela
777 1080 78 27 landet,
871 1081 46 21 icke

102 1109 66 22 borde
182 1109 63 22 hafva
260 1109 6 21 i
282 1110 39 21 den
339 1110 52 27 grad
405 1109 131 24 framhällits,
553 1109 69 22 säsom
637 1115 28 15 nu
680 1109 62 21 skett.
772 1109 64 21 Detta
851 1109 65 27 gäller

103 1138 54 21 dock
172 1138 75 21 endast
261 1139 157 26 motiveringen.
444 1138 49 21 Med
507 1138 116 27 resultatet,
639 1138 68 21 säsom
723 1138 35 21 det
773 1137 66 22 finnes
854 1138 62 21 fram-

103 1167 65 21 stäldt
190 1167 7 21 i
219 1167 66 21 första
304 1167 110 25 klämmen,
438 1169 23 19 är
474 1167 37 27 jag
530 1173 49 15 ense
593 1167 49 21 med
656 1167 107 21 utskottet.
795 1167 62 21 Hvad
872 1167 45 21 äter

102 1196 65 26 angär
189 1196 66 20 andra
277 1196 39 20 och
337 1196 67 26 tredje
426 1195 137 23 klämmarna,
586 1195 106 21 förefaller
707 1195 35 21 det
758 1195 49 27 mig,
823 1201 44 14 som
883 1201 33 14 om

102 1225 61 20 dessa
178 1224 46 22 icke
239 1224 65 21 borde
319 1224 92 21 beslutas
426 1224 72 21 förrän
517 1224 173 21 Statsutskottets
706 1224 211 26 budgetbetänkande

102 1253 39 20 har
155 1252 111 21 inkommit
283 1252 34 21 till
332 1253 93 24 Ständet,
444 1253 87 21 emedan
547 1252 35 22 det
597 1252 95 26 resultat,
708 1252 32 21 till
755 1252 80 21 hvilket
850 1252 66 21 Stats-

102 1281 105 21 utskottet
221 1282 89 20 kommit
325 1282 33 20 vid
373 1282 157 26 uppställandet
545 1282 22 20 af
577 1281 106 26 budgeten
702 1280 8 21 i
727 1281 106 21 allmänna
843 1280 74 21 bevill-

102 1309 144 27 ningstonden,
269 1310 68 21 måste
358 1316 50 14 vara
430 1310 22 21 af
466 1311 77 19 största
561 1309 115 27 inflytande
697 1309 27 26 pä
743 1311 32 19 ett
789 1309 69 21 beslut
880 1315 36 15 an-

103 1338 79 27 gäende
198 1338 61 22 dessa
273 1338 55 22 bäda
342 1338 108 22 klämmar.
472 1338 40 27 Jag
526 1338 67 21 skulle
609 1337 69 22 derför
693 1337 76 22 föreslä
777 1339 32 19 att
816 1338 100 20 utskotts-

104 1367 154 21 betänkandets
273 1367 36 21 två
323 1368 51 21 sista
388 1367 103 21 klämmar
506 1367 125 27 bordläggas
646 1366 32 22 till
686 1366 47 22 dess
744 1366 173 22 Statsutskottets

103 1395 214 27 budgetbetänkande
331 1396 39 19 har
384 1395 68 21 blifvit
467 1396 135 20 behandladt.

171 1451 32 21 Hr
218 1451 23 21 L.
257 1451 152 22 Mechelin:
425 1451 40 26 Jag
479 1451 42 21 kan
536 1450 45 22 icke
596 1452 65 19 annat
676 1452 26 19 än
718 1450 47 21 dela
779 1450 31 21 Hr
821 1450 22 21 af
854 1450 62 21 Lind-

103 1479 50 22 fors?
175 1480 56 27 åsigt
252 1481 78 25 derom,
353 1482 31 19 att
405 1479 132 28 lämpligaste
559 1481 65 19 sättet
638 1481 32 19 att
685 1479 64 26 draga
764 1479 92 21 inkomst
871 1479 46 20 från

104 1509 231 21 tobaksfabrikationen
349 1508 67 21 skulle
431 1515 51 14 vara
496 1509 84 20 attlåta
589 1507 121 22 nuvarande
719 1507 113 27 bevillning
843 1507 74 27 fortgå,

104 1543 47 16 men
165 1537 36 28 jag
215 1538 42 21 kan
272 1538 13 20 å
300 1537 66 22 andra
378 1537 59 21 sidan
452 1537 93 26 omöjligt
560 1536 78 22 förbise
654 1537 25 20 de
694 1536 22 21 af
729 1536 57 21 Frih.
799 1535 77 22 Wrede
886 1542 33 15 re-
