1092 1778
356 151 25 17 R.
393 155 18 13 0.
423 152 22 16 4.
458 151 55 17 1891.
534 152 22 17 19
568 152 48 22 Maj.
813 149 55 21 1147

78 231 108 30 åsyftade
204 231 135 24 ändamålet
357 233 35 22 att
409 232 156 24 Direktionen
582 233 20 31 ej
622 235 73 21 måtte
712 234 102 24 behöfva
832 242 64 16 sam-

76 264 127 24 manträda
228 265 53 23 icke
307 265 70 24 alltid
399 267 96 28 ernåtts,
518 268 59 22 utan
598 267 53 23 dess
673 267 223 25 sammankallande

76 298 85 30 likväl,
179 298 60 24 efter
256 299 37 23 det
311 305 29 17 en
358 299 110 24 stundom
486 300 88 30 dyrbar
592 300 33 24 tid
640 300 74 24 under
728 300 168 26 kommunika-

76 332 82 24 tionen
175 334 52 29 gått
245 332 108 30 förlorad,
371 332 82 25 blifvit
471 334 26 23 af
513 334 83 30 nöden,
613 334 71 30 torde,
701 334 77 33 enligt
795 334 101 25 Utskot-

76 368 45 22 tets
144 366 159 31 förmenande,
325 367 132 24 ärendenas
479 367 147 32 behandling
649 368 53 24 icke
719 369 85 24 kunna
822 371 75 22 annat

76 403 32 21 än
125 401 77 24 vinna
219 401 72 32 derpä
309 403 36 22 att
361 401 45 24 den
428 401 56 24 sker
506 401 58 25 efter
583 402 195 33 meningsutbyte
800 403 41 24 vid
864 406 33 22 ett

76 435 107 32 verkligt
200 435 182 25 sammanträde.
417 436 34 23 Af
469 437 75 23 sädan
562 437 132 32 anledning
710 437 46 24 har
774 437 123 25 Utskottet

77 469 71 24 äfven
166 470 110 24 uteslutit
295 470 60 24 sista
372 477 69 17 mom.
459 470 25 23 af
497 471 38 24 7:e
550 472 13 29 $
578 471 26 23 af
616 471 169 24 Direktionens
798 471 98 33 förslag.

144 509 52 24 Den
215 509 26 24 af
257 509 156 25 Direktionen
431 510 138 32 föreslagna
586 510 206 32 kapitelrubriken
810 511 25 24 II
850 512 46 23 har

76 543 123 25 Utskottet
222 546 80 22 ansett
324 544 85 24 kunna
425 545 70 31 utgå;
514 545 42 23 och
574 545 45 24 har
637 544 122 25 Utskottet
776 545 74 24 infört
868 546 27 24 de

76 578 76 23 under
170 579 75 30 sagda
262 578 91 31 kapitel
371 580 123 30 upptagna
512 579 164 32 stadgandena
690 581 14 22 ä
718 579 75 24 andra
806 580 89 23 ställen

76 611 9 24 i
106 611 188 25 Instruktionen.
329 612 109 31 Kapitlet
458 613 45 23 har
525 613 69 24 neml.
616 615 69 28 synts
703 613 124 24 Utskottet
844 613 51 25 dels

77 645 53 25 icke
148 646 99 25 omfatta
265 646 51 24 alla
333 646 27 24 de
381 647 185 32 bestämningar,
590 655 50 16 som
663 647 84 24 kunna
774 655 120 17 samman-

77 679 65 26 föras
159 681 76 23 under
252 681 125 32 begreppet
397 680 124 33 «Ordning
533 681 41 24 vid
590 681 115 24 ärendens
721 681 175 32 behandling»,

77 714 49 24 dels
153 714 120 25 innefatta
299 715 154 32 stadganden,
481 722 50 16 som
551 714 142 33 lämpligare
714 715 68 24 finna
803 716 64 31 plats
885 716 10 23 i

77 751 75 22 annat
170 749 177 31 sammanhang
364 749 36 23 uti
418 749 184 24 instruktionen.

145 782 136 32 Förslagets
301 784 14 29 $
335 783 31 24 26
385 783 135 23 innehäller
537 783 180 31 bestämningar
730 784 100 23 rörande
843 784 51 23 till-

77 817 119 24 sättandet
214 817 25 23 af
256 817 175 24 Riddarhusets
444 817 151 30 tjänstemän.
614 817 156 24 Direktionen
783 817 46 24 har
842 818 52 23 der-

76 850 42 24 vid
144 849 125 33 föreslagit
291 853 35 22 att
351 850 162 31 Direktionen,
540 851 101 24 hvilken
662 850 89 25 liksom
768 851 126 25 härintills

76 885 93 23 komme
186 887 36 22 att
238 887 54 22 utse
309 884 281 31 Riddarhuskanslisten,
600 884 80 25 skulle
689 884 104 25 tillsätta
802 885 92 24 Genea-

77 917 77 33 logen,
176 919 85 24 medan
283 919 79 31 öfriga
385 919 118 23 ordinarie
524 918 164 33 befattningar
706 919 93 24 komme
818 921 35 22 att
870 919 26 24 af

76 952 175 33 Ridderskapet
273 953 43 24 och
333 952 78 25 Adeln
429 953 112 24 besättas.
575 953 77 24 Jemte
669 953 38 24 det
724 952 124 25 Utskottet
864 955 32 30 pä

77 987 27 24 de
122 987 25 24 af
164 987 156 24 Direktionen
338 987 100 24 anförda
455 987 85 24 skälen
557 989 28 22 är
606 987 53 24 med
680 987 138 24 densamma
840 995 55 16 ense

77 1021 79 24 derom
174 1023 35 22 att
227 1021 150 32 Genealogen
395 1021 69 24 borde
482 1021 25 24 af
524 1021 156 24 Direktionen
697 1024 73 28 utses,
787 1021 50 24 kan
848 1021 46 24 Ut-

77 1055 87 24 skottet
190 1057 15 22 å
231 1056 76 24 andra
334 1055 69 24 sidan
428 1055 54 24 icke
502 1055 82 23 förena
606 1055 39 32 sig
666 1063 37 15 om
725 1055 169 24 Direktionens

76 1089 92 33 förslag
177 1089 9 23 i
195 1090 70 32 fråga
275 1097 37 17 om
321 1089 160 25 tillsättandet
490 1089 25 24 af
524 1088 160 26 Kamreraren
694 1089 44 24 och
751 1089 144 25 Kanslisten

76 1124 42 23 vid
134 1124 168 24 Riddarhuset.
337 1122 122 26 Utskottet
477 1123 77 24 finner
572 1123 70 24 neml.
660 1124 28 23 de
700 1124 26 23 af
738 1123 157 24 Direktionen

76 1158 36 24 för
139 1158 53 24 dess
219 1158 93 32 förslag
337 1157 146 25 beträffande
510 1157 151 33 Genealogen
688 1158 128 31 åberopade
840 1158 54 24 skäl

76 1192 84 24 kunna
177 1192 10 24 i
204 1193 52 23 viss
274 1200 55 16 mon
347 1192 89 32 jemväl
454 1192 67 32 gälla
538 1191 171 31 Kamreraren;
727 1194 27 28 ty
767 1192 72 23 äfven
850 1192 44 23 hos

77 1226 103 25 sökande
198 1227 40 23 till
261 1227 79 23 denna
359 1226 74 31 tjenst
459 1228 76 22 måste
560 1226 141 24 förutsättas
728 1226 167 31 fackinsigter,

76 1260 87 24 hvilka
184 1260 102 24 likasom
309 1260 44 24 ock
375 1260 44 24 den
440 1260 116 24 sökandes
578 1260 142 32 lämplighet
741 1260 9 23 i
768 1260 73 31 öfrigt
859 1260 36 23 för

76 1295 103 31 tjensten
196 1294 175 32 Ridderskapet
388 1294 43 24 och
448 1294 78 24 Adeln
543 1294 9 24 i
571 1295 52 23 dess
642 1294 80 24 helhet
736 1294 46 24 har
796 1295 99 23 svårare

76 1332 36 22 att
128 1330 86 32 pröfva
231 1329 44 24 och
293 1330 103 29 bedöma,
414 1332 31 20 än
463 1328 161 25 Direktionen.
660 1328 126 24 Dessutom
800 1328 43 24 och
858 1328 36 30 då,

76 1364 100 24 framför
197 1366 82 28 annat,
296 1363 163 30 Direktionen,
477 1370 50 16 som
545 1364 8 22 i
572 1363 60 24 sista
650 1362 66 24 hand
734 1365 27 21 är
778 1362 117 31 ansvarig

76 1398 36 24 för
130 1398 28 24 de
175 1397 197 31 penningemedel
388 1397 160 23 Kamreraren
566 1397 9 23 i
593 1396 120 31 egenskap
732 1396 25 23 af
770 1396 124 23 kassaför-

79 1431 91 24 valtare
187 1431 44 23 och
249 1429 104 31 ekonom,
372 1430 48 23 ofta
438 1429 39 23 till
495 1430 95 30 ganska
607 1429 123 31 betydliga
746 1429 89 30 belopp,
849 1428 46 24 har

76 1472 38 17 om
130 1464 73 31 hand,
220 1464 70 24 borde
307 1463 98 25 beredas
423 1462 98 25 tillfälle
534 1465 35 21 att
581 1462 41 24 vid
631 1463 117 31 tjenstens
757 1462 138 24 besättande

76 1498 89 33 jemväl
183 1501 58 29 taga
257 1498 98 30 hänsyn
373 1497 40 24 till
430 1497 38 24 det
479 1497 138 33 personliga
628 1496 131 24 förtroende
773 1496 120 24 Direktio-

76 1541 48 17 nen
141 1533 50 25 kan
212 1533 63 31 hysa
297 1532 40 24 till
361 1533 45 23 den
429 1532 109 31 sökande,
559 1532 46 24 har
627 1531 123 24 Utskottet
770 1530 125 33 föreslagit
