1084 1775
375 148 24 16 R.
412 152 16 12 o.
440 148 22 16 A.
476 148 55 17 1891.
555 149 25 17 25
592 149 49 21 Maj.
834 145 53 21 1361

166 226 32 20 Hr
220 226 25 20 A.
268 226 133 21 Mechelin
424 226 65 22 utbad
511 227 32 27 sig
562 227 73 21 härvid
651 228 60 20 ordet
726 228 39 20 och
780 228 97 26 yttrade:
907 228 10 21 I

98 253 105 21 anseende
218 253 32 21 till
266 254 38 20 den
320 254 65 21 redan
400 254 59 27 längt
474 254 139 22 framskridna
627 256 58 20 tiden
700 256 41 20 blir
756 256 36 20 det
799 256 51 20 visst
860 256 57 21 svärt

98 283 32 19 att
147 287 53 21 egna
215 282 114 20 utskottets
344 282 134 21 betänkande
493 282 130 22 beträffande
639 284 40 20 den
693 284 48 20 näd.
756 290 59 20 prop.
825 290 33 14 om
867 284 49 26 byg-

98 309 68 26 gande
186 309 39 21 och
246 309 109 21 underhåll
374 310 22 21 af
409 310 67 27 kyrka
491 311 39 21 och
545 311 110 26 prestgärd
670 311 6 20 i
691 311 82 21 landets
789 311 126 27 evangelisk-

98 337 109 22 lutherska
222 337 144 27 församlingar
380 340 55 20 samt
450 338 177 28 boställsordning
641 338 32 22 för
687 339 94 27 prestbol
796 340 27 26 pä
839 340 76 26 landet,

99 372 25 15 en
146 366 24 21 sä
193 366 125 26 omständlig
334 366 192 28 detaljeranskning
541 374 45 15 som
603 368 58 21 detta
676 368 112 26 lagförslag
803 368 68 21 skulle
887 374 30 15 er-

98 394 77 22 fordra.
205 394 91 27 Enhvar,
320 401 44 15 som
379 395 125 21 intresserar
522 396 32 26 sig
575 396 32 21 för
622 396 67 21 denna
705 396 77 26 vigtiga
797 396 43 26 sak,
856 396 61 22 torde

99 423 38 21 ock
159 423 65 21 redan
244 422 61 22 hafva
320 424 84 26 stadgat
419 424 31 21 sin
466 424 54 27 äsigt
535 430 32 16 om
583 424 110 27 förslagets
709 424 207 27 ändamälsenlighet.

98 451 43 21 För
162 451 42 21 min
221 451 32 21 del
269 451 39 21 har
326 452 37 26 jag
378 452 47 21 sökt
440 458 53 20 egna
508 452 71 27 hvarje
594 452 99 27 paragraf
706 453 28 21 all
750 453 39 21 den
805 453 111 27 uppmärk-

98 480 82 21 samhet
192 480 37 26 jag
245 480 79 21 kunnat
339 480 39 21 och
397 480 73 26 finner,
492 481 116 27 uppriktigt
623 482 66 26 sagdt,
705 482 124 26 näppeligen
845 481 72 21 anled-

98 508 50 27 ning
162 508 32 21 till
209 508 79 21 sädana
303 509 168 26 anmärkningar,
486 516 46 14 som
547 509 68 22 skulle
629 510 108 21 föranleda
748 510 69 26 nägon
828 509 88 27 ändring

98 536 31 22 uti
152 536 59 22 detta
232 536 118 27 lagförslag.
380 537 138 27 Naturligtvis
539 538 48 26 ingä
610 538 44 21 deri
675 538 78 21 sädana
769 540 92 19 moment
877 538 39 21 och

98 564 136 28 stadganden,
249 571 45 15 som
309 565 71 21 kunna
394 566 111 21 framkalla
520 566 124 21 tvifvelsmäl
659 572 34 15 om
709 566 60 21 deras
780 566 134 27 lämplighet;

98 593 40 22 och
152 593 59 22 detta
225 593 39 22 bör
279 593 19 27 ej
313 594 66 21 heller
393 595 66 20 väcka
474 595 119 26 förundran,
611 595 26 21 dä
652 595 27 26 pä
694 601 39 14 ena
748 595 59 20 sidan
823 595 92 27 kyrkans

98 622 42 21 tarf
154 621 39 22 och
208 622 167 27 presterskapets
391 623 124 26 rättigheter
536 623 38 21 och
589 623 64 21 behof
667 623 52 21 böra
733 623 128 26 tillgodoses,
877 623 40 21 och

98 651 12 20 å
116 650 66 21 andra
187 651 59 20 sidan
252 651 25 20 de
284 651 96 26 kyrkliga
385 651 183 26 församlingarnas
574 651 103 21 intressen
684 651 59 22 äfven
751 651 94 22 beaktas.
857 651 60 22 Huru

100 685 46 15 man
155 681 26 19 än
189 679 33 20 må
230 678 99 22 betrakta
337 679 71 26 saken,
416 681 45 20 tror
465 679 43 27 jag,
516 681 32 20 att
559 680 47 21 med
614 679 77 22 fästadt
698 679 98 22 afseende
805 681 12 20 å
825 681 35 20 det
875 679 42 22 till-

98 707 149 27 mötesgående
262 707 45 22 från
323 707 55 22 båda
394 708 56 21 sidor
466 709 57 20 detta
538 708 113 27 lagförslag
666 708 146 27 ådagalägger,
822 709 35 21 det
868 715 49 15 vore

99 736 114 21 önskvärdt
235 737 31 20 att
286 735 135 28 lagförslaget
436 743 28 14 nu
479 737 69 21 kunde
563 738 50 20 utan
629 737 70 21 vidare
715 737 167 26 betänkligheter
897 737 22 21 af

98 764 24 21 R.
146 771 18 14 0.
190 765 24 20 A.
238 764 127 27 godkännas.
397 765 42 21 För
454 765 42 21 min
512 765 33 22 del
561 765 127 22 åtminstone
703 765 35 20 vill
751 765 37 27 jag
803 766 53 21 afstå
871 765 46 22 från

98 794 32 20 att
152 792 76 22 föreslä
249 793 25 21 de
296 793 98 26 partiella
413 793 113 27 ändringar
539 793 36 27 jag
590 793 54 22 hade
660 796 69 19 ansett
744 794 118 21 önskvärda
877 793 39 22 och

98 821 122 26 godkänner
235 821 99 27 förslaget
349 822 69 21 säsom
433 822 82 21 södant.

167 877 57 21 Frih.
247 884 52 15 von
320 878 84 21 Born:
434 878 40 26 Jag
496 878 94 21 anhäller
612 880 32 20 att
658 879 65 21 redan
739 879 66 21 under
821 879 40 21 den
877 878 39 21 all-

98 908 77 19 männa
191 906 144 21 diskussionen
350 906 21 20 fä
386 906 6 20 i
407 908 78 19 största
500 907 85 20 korthet
600 906 77 22 beröra
692 913 25 15 en
733 907 65 26 fräga,
813 913 45 15 som
869 908 48 20 när-

98 936 54 19 mast
167 934 66 26 gäller
248 934 35 22 det
298 934 66 21 andra
385 934 240 27 författningsförslaget.
656 935 41 21 Det
711 935 67 26 gäller
793 935 74 27 frägan
883 941 34 15 om

99 964 31 19 att
146 962 62 22 ocksä
224 962 40 22 den
279 962 154 27 priviligierade
445 963 76 25 jorden
536 962 112 22 framdeles
663 963 67 21 skulle
739 964 84 20 komma
831 965 32 19 att
871 963 45 22 del-

98 993 50 24 taga
170 991 6 20 i
199 997 70 20 onera,
292 997 45 15 som
360 991 56 21 förut
438 992 120 20 densamma
579 991 46 21 icke
641 991 74 27 älegat.
745 992 41 26 Jag
801 993 67 20 mäste
884 998 29 14 er-

98 1019 76 25 känna,
190 1021 32 19 att
237 1019 7 21 i
259 1019 39 21 den
314 1020 48 20 män
377 1019 258 22 samhällsförhällandena
650 1020 113 26 utvecklas,
780 1021 39 21 och
831 1020 35 22 det
874 1020 43 26 gäl-

98 1047 32 22 ler
144 1047 100 22 särskildt
258 1048 149 26 landsbygden,
423 1050 24 19 är
462 1048 36 21 det
513 1048 106 26 verkligen
635 1054 26 16 en
676 1049 83 27 mycket
773 1051 45 19 stor
833 1048 85 27 olägen-

98 1075 43 27 het,
166 1078 32 19 att
220 1076 54 21 vissa
296 1076 104 21 allmänna
415 1082 64 15 onera
494 1076 5 22 i
516 1076 72 27 sjeliva
606 1076 73 22 verket
693 1077 46 21 icke
752 1079 35 19 äro
804 1077 113 25 allmänna,

99 1104 19 21 d.
134 1110 18 15 v.
169 1110 15 15 s.
200 1104 69 26 åligga
284 1104 42 21 alla
341 1104 51 21 eller
406 1105 126 21 åtminstone
547 1104 28 22 all
588 1104 48 27 jord
659 1104 47 22 lika.
736 1106 65 20 Detta
817 1108 23 18 är
852 1105 25 27 ju
892 1111 25 15 en

98 1132 91 26 gammal
212 1132 64 27 fråga,
298 1138 46 16 som
360 1132 42 21 ofta
418 1132 129 22 debatterats
563 1134 26 25 pä
605 1132 58 22 detta
680 1139 53 19 rum,
750 1140 25 14 en
791 1134 66 26 fråga,
872 1139 45 15 som

100 1166 48 21 eger
170 1161 76 26 mänga
268 1160 134 29 synpunkter,
423 1161 71 21 hvilka
506 1161 37 27 jag
557 1161 46 22 icke
619 1168 61 14 anser
695 1162 56 20 tiden
767 1161 103 27 medgifva
886 1164 32 18 att

100 1191 96 20 närmare
211 1189 96 27 utlägga;
323 1195 47 15 men
386 1195 41 20 nog
442 1191 66 20 mäste
521 1190 36 26 jag
572 1190 7 21 i
594 1189 79 28 princip
689 1190 92 21 vidhälla
795 1192 38 24 att,
845 1190 26 21 dä
883 1190 35 21 det

100 1217 66 26 gäller
180 1219 32 20 att
227 1219 93 25 utjemna
334 1217 152 28 förhällanden,
510 1224 45 15 som
570 1218 62 21 hafva
647 1218 32 21 sin
693 1219 68 26 grund
775 1219 7 20 i
798 1219 39 20 den
853 1218 65 21 histo-

100 1246 57 21 riska
179 1246 153 26 utvecklingen,
354 1246 40 21 och
409 1246 62 21 vinna
486 1253 26 14 en
524 1246 102 27 jemnhet,
642 1252 45 15 som
703 1246 42 21 alla
759 1247 52 20 böra
825 1247 94 20 erkänna

100 1274 69 21 såsom
192 1274 110 25 önskvärd,
325 1280 47 15 man
387 1274 7 21 i
409 1274 71 26 regeln
496 1274 46 21 icke
557 1274 39 21 bör
611 1275 71 20 kunna
697 1274 78 22 förfara
790 1275 27 26 pä
832 1281 45 15 mer
891 1277 27 18 än

100 1304 31 19 ett
146 1304 49 25 sätt,
210 1302 105 27 nämligen
330 1302 94 24 sälunda,
440 1305 32 18 att
487 1309 47 14 man
549 1303 78 21 inlöser
642 1303 40 21 den
697 1303 69 26 frihet,
782 1303 62 21 som
834 1298 12 36 i
858 1303 61 20 dessa

100 1330 111 22 afseenden
226 1330 72 21 tillhör
313 1331 40 21 den
368 1331 154 26 priviligierade
534 1331 82 26 jorden.
638 1331 74 21 Denna
727 1333 30 25 är,
772 1331 35 22 det
816 1331 38 21 har
861 1333 58 24 sagts

100 1359 89 26 mängen
212 1359 60 26 gäng,
295 1359 46 21 icke
362 1360 65 25 nägot
448 1359 115 27 personligt
578 1359 131 27 privilegium
725 1372 26 2 —
767 1360 40 21 den
823 1359 56 22 tiden
896 1361 23 19 är

100 1387 62 26 länge
176 1388 64 21 sedan
256 1387 60 24 förbi,
332 1400 25 3 —
374 1389 50 19 utan
440 1388 36 20 det
490 1390 24 19 är
529 1390 31 19 ett
575 1394 15 15 s.
606 1388 19 21 k.
642 1388 180 26 realprivilegium.
852 1388 67 21 Dessa

100 1414 87 21 friheter
201 1417 75 24 utgöra
292 1417 31 19 ett
337 1415 136 26 privilegium,
489 1421 45 15 som
549 1415 60 26 följer
621 1415 75 26 jorden
711 1416 70 20 säsom
791 1415 91 21 varande
893 1421 26 15 en

100 1443 146 25 handelsvara,
269 1444 31 20 ett
322 1443 86 20 föremäl
427 1443 31 20 för
473 1443 42 26 köp
537 1443 28 25 ät,
582 1443 39 21 och
636 1449 48 14 man
700 1443 41 21 kan
757 1443 46 21 icke
818 1443 54 21 neka
887 1443 32 20 till

100 1473 32 19 att
147 1470 119 28 principielt
280 1473 22 19 te:
317 1471 31 26 sig
363 1471 79 21 sådana
454 1471 133 27 jemkningar
601 1471 70 22 såsom
687 1473 30 19 ett
732 1472 87 26 ingrepp
835 1471 6 21 i
857 1477 62 20 egan-

102 1499 102 22 derätten.
234 1499 30 22 Ur
280 1499 68 22 denna
363 1499 105 28 synpunkt
482 1499 101 22 tillmäter
597 1499 36 28 jag
649 1499 61 22 dessa
719 1500 134 27 regleringar,
865 1499 54 22 huru

101 1529 45 21 smä
168 1528 39 22 och
230 1528 120 29 obetydliga
372 1529 25 21 de
420 1531 26 19 än
469 1529 34 21 mä
525 1534 68 22 synas,
609 1535 26 16 en
650 1531 44 19 stor
709 1529 108 27 betydelse
832 1529 38 21 och
886 1535 32 20 en,
