1106 1792
230 145 55 21 1044
473 150 31 16 R.
517 154 17 12 0.
547 150 21 16 A.
582 150 54 17 1891.
661 150 22 16 15
694 150 48 20 Maj.

726 176 8 9 d

269 230 33 21 Hr
316 229 68 23 Axel
402 230 96 28 Spåre:
528 230 94 21 Emedan
637 230 24 21 R.
678 236 19 15 o.
712 230 25 21 A.
754 228 67 22 under
837 230 83 20 senaste
935 228 85 28 plenum

202 258 35 22 vid
259 258 154 28 behandlingen
435 258 21 22 af
477 258 207 28 tillverkningslagen
706 258 92 26 beslutit,
813 260 32 19 att
861 257 65 27 enligt
941 264 80 16 samma

202 287 34 26 lag
250 287 91 21 ådömda
357 288 60 21 böter
439 287 68 21 skulle
522 286 82 23 tillfalla
618 287 88 26 kronan,
718 286 66 22 borde
794 286 60 23 äfven
867 286 87 26 denna
942 282 10 36 $
965 286 55 22 brin-

202 322 36 20 gas
253 316 7 20 i
274 315 136 22 konformitet
425 317 47 20 med
488 316 58 21 detta
560 316 77 21 beslut.
666 315 40 27 Jag
721 316 65 26 vågar
800 315 82 21 derföre
897 314 82 27 föreslå,
989 317 32 19 att

202 344 65 22 första
288 350 62 16 mom.
370 345 7 20 i
400 344 69 22 denna
486 345 14 25 $
515 344 54 27 finge
584 344 91 27 följande
690 344 88 27 lydelse:
808 344 72 25 Böter,
896 350 45 15 som
957 343 64 27 enligt

202 372 68 22 denna
284 372 123 27 förordning
422 373 92 26 ådömas,
530 373 105 22 äfvensom
650 372 106 22 förbrutet
770 372 52 28 gods
837 372 83 22 tillfalla
930 372 91 26 kronan;

203 401 38 21 och
257 399 70 23 kunde
340 401 32 21 vid
388 401 49 21 slikt
452 401 131 22 förhållande
598 407 74 16 senare
686 407 64 15 mom.
764 401 8 21 i
786 400 12 28 $
810 402 57 26 utgå.

270 458 32 22 Hr
317 458 25 22 A.
358 458 200 28 Björkenheim
574 458 99 22 förenade
687 458 32 27 sig
734 458 47 22 med
796 458 32 21 Hr
844 458 71 27 Späre.

271 516 32 21 Hr
318 515 111 22 Munck:
458 516 40 26 Jag
513 516 83 22 förenar
612 516 41 26 mig
669 521 33 16 om
718 515 199 27 ändringsförslaget
933 515 38 21 och
987 514 36 22 vill

202 544 55 22 fästa
279 544 214 27 uppmärksamheten
511 544 64 28 derpä
590 546 32 20 att
637 550 63 16 mom.
715 544 95 22 kommer
825 546 32 20 att
872 544 48 28 lyda
935 543 88 28 ungefär

203 579 46 15 som
264 573 147 22 motsvarande
426 574 12 20 2
454 579 62 15 mom.
532 573 7 21 i
554 574 47 21 näd.
617 580 59 20 prop.

272 630 49 21 Med
343 629 112 27 anledning
476 629 60 23 häraf
550 630 60 22 afläts
625 630 33 21 till
673 630 99 22 Ständets
787 630 130 22 besvarande
932 629 91 27 följande

204 658 280 28 omröstningsproposition:

271 715 53 27 Den,
340 721 45 15 som
401 715 122 27 godkänner
538 716 12 26 $
566 716 27 21 50
608 715 66 27 enligt
688 715 116 22 utskottets
820 714 84 28 förslag,
915 717 69 19 röstar
994 716 23 26 ja

273 772 73 22 vinner
360 772 40 27 nej,
415 772 39 22 har
468 772 25 22 R.
509 779 19 15 o.
544 772 23 22 A.
584 772 93 27 godkänt
692 772 32 22 Hr
738 772 77 28 Späres
830 771 84 28 förslag.

272 829 160 28 Propositionen
447 829 126 22 besvarades
588 830 48 21 med
651 829 152 28 öfvervägande
818 829 39 27 nej,
874 830 39 21 och
928 829 54 22 hade
996 816 25 35 R.

205 864 18 16 0.
239 858 26 22 A.
280 858 82 22 således
377 858 87 22 beslutit
478 860 32 20 att
524 858 68 25 böter,
607 864 45 16 som
668 858 65 27 enligt
743 858 69 22 denna
820 858 124 27 förordning
951 858 74 22 ädöm-

205 887 43 25 des,
270 886 106 23 äfvensom
391 886 103 23 förbrutet
509 888 52 26 gods
576 887 68 22 skulle
658 887 83 22 tillfalla
754 886 91 28 kronan;
861 886 116 29 hvarjemte
992 893 32 16 se-

204 922 50 15 nare
270 921 61 16 mom.
348 916 6 21 i
370 916 12 26 $
398 916 67 21 skulle
480 916 110 21 uteslutas.

270 972 40 22 Till
332 972 113 27 afgörande
460 972 92 28 företogs
567 972 92 23 härefter
674 973 40 22 den
729 973 106 22 beroende
850 973 97 22 lemnade
964 973 26 22 28
1006 973 19 28 $,

204 1001 6 21 i
226 1001 96 22 afseende
337 1002 13 21 å
364 1001 84 22 hvilken

272 1058 57 22 Frih.
345 1059 212 26 Langenskiöld
571 1059 80 28 yrkade
666 1060 32 21 att
712 1060 12 20 7
740 1065 63 16 mom.
819 1059 48 22 med
878 1059 113 27 anledning
1004 1059 23 22 af

204 1086 100 23 Ståndets
319 1087 69 22 beslut
403 1087 107 28 angående
525 1088 28 21 50
568 1089 10 25 $
593 1087 67 22 skulle
675 1088 58 27 utgå.

274 1145 69 22 Sedan
358 1145 32 21 Hr
404 1145 25 21 A.
445 1145 24 22 L.
485 1151 52 16 von
552 1145 144 28 Knorring
711 1145 126 22 understödt
852 1146 59 21 detta
925 1145 100 28 yrkande,

205 1173 50 22 aflät
276 1174 33 21 Hr
330 1173 203 22 Landtmarskalken
556 1174 31 21 till
610 1174 99 22 Ständets
731 1174 130 22 besvarande
876 1174 91 27 följande
983 1180 43 16 om-

205 1201 245 28 röstningsproposition:

274 1259 53 25 Den,
350 1265 45 15 som
416 1259 123 26 godkänner
560 1260 12 26 S
592 1260 27 21 28
634 1259 66 27 enligt
714 1259 114 22 utskottets
843 1259 77 27 förslag
943 1259 83 22 oförän-

206 1287 59 24 drad,
280 1289 69 20 röstar
361 1287 32 27 ja;

274 1343 73 21 vinner
361 1343 41 32 nej,
417 1343 101 22 uteslutes
534 1349 60 16 mom.
612 1344 12 20 7
639 1343 46 21 från
700 1343 39 28 &:n.

274 1398 161 27 Propositionen
451 1398 126 23 besvarades
591 1399 103 27 nekande,
709 1399 40 22 och
760 1399 68 22 skulle
839 1399 87 22 sälunda
945 1399 6 21 7
962 1405 63 16 mom.

205 1427 46 22 frän
266 1426 14 29 &
296 1427 26 22 28
338 1428 57 27 utgä.

273 1485 99 22 Derefter
393 1485 108 22 fortsattes
516 1485 46 22 med
578 1485 182 28 handläggningen
776 1485 22 22 af
812 1486 26 22 de
852 1486 53 21 efter
921 1486 26 21 50
956 1481 12 36 &
989 1486 37 21 föl-

203 1514 65 27 jande
282 1514 66 27 88:ne,
365 1513 39 22 och
418 1513 71 23 blefvo
504 1514 74 22 härvid
594 1515 24 26 $$
633 1515 84 21 51—60
731 1514 77 27 gillade
818 1517 51 19 utan
880 1514 145 28 anmärkning.
