1095 1781
366 140 25 17 R.
406 145 18 13 0.
436 141 22 17 A.
470 142 53 16 1891.
548 142 22 17 19
583 142 46 21 Maj.
826 137 53 21 1133

90 218 71 21 tionen
182 218 32 21 till
236 221 130 24 gemensamt
388 221 175 20 sammanträde.*
592 221 45 21 Här
657 223 24 18 är
703 221 75 21 endast
799 221 60 28 fråga
873 227 34 15 om

91 246 60 22 hvem
166 247 36 20 det
217 249 29 24 är,
262 253 45 16 som
322 248 96 21 utfärdar
434 249 69 20 denna
517 249 92 21 kallelse.

158 297 32 21 Hr
211 297 131 27 Pipping:
372 298 50 21 Med
444 299 111 26 anledning
572 299 23 21 af
607 299 32 21 Hr
653 299 114 21 Mechelins
782 299 126 26 upplysning

90 331 61 16 anser
168 325 37 27 jag
225 325 24 22 sä
263 326 84 26 mycket
361 327 156 26 nödvändigare
531 329 32 19 att
578 327 125 27 stadgandet
717 327 7 21 i
739 327 60 26 fräga
813 327 72 22 ställes
900 327 8 21 i

89 353 138 22 konformitet
247 354 49 21 med
318 355 40 20 den
372 354 24 21 af
408 355 75 21 honom
499 355 118 27 åberopade
632 357 11 24 &
659 355 38 22 och
713 355 58 22 detta
786 362 75 20 genom
876 357 32 20 att

90 383 57 20 sätta
166 384 24 19 ut
213 383 32 21 att
266 383 202 22 sammankallandet
485 383 38 22 bör
537 383 83 28 föregäs
634 383 23 22 af
669 383 98 28 pröfning
781 383 47 22 frän
843 384 65 21 bank-

90 410 142 27 fullmäktiges
249 410 51 22 sida.

157 461 33 22 Hr
204 461 140 22 Lindelöf:
375 462 33 21 Då
420 462 59 27 fråga
493 469 30 14 nu
538 465 23 19 är
577 469 34 15 om
626 463 11 27 $
653 463 19 26 6,
688 462 23 22 sä
725 462 38 22 ber
775 463 37 26 jag
826 463 22 21 få
863 469 45 16 om-

89 491 77 20 nämna
188 497 25 14 en
228 490 138 27 tveksamhet,
382 497 45 15 som
444 492 96 26 uppstått
554 491 39 22 hos
608 491 42 27 mig
672 490 129 23 beträffande
816 492 13 21 3
844 498 63 15 mom.

90 518 23 21 af
126 519 68 21 denna
209 520 16 25 $.
256 519 43 21 Der
314 521 23 19 är
353 519 69 27 sagdt:
446 522 32 19 att
492 526 34 15 om
541 520 182 27 bankfullmäktig,
739 525 44 16 som
799 520 18 27 ej
828 520 40 21 hör
875 520 33 21 till

91 547 25 22 de
139 547 112 26 ordinarie,
273 547 77 22 önskar
372 548 157 27 öfverläggning
550 549 7 20 i
577 549 64 26 nägot
659 549 84 25 ärende,
759 549 23 20 sä
797 549 54 20 skall
866 548 42 21 han

91 576 73 21 derom
179 576 83 21 anmäla
277 582 19 15 0.
312 582 16 15 s.
344 583 19 14 v.
392 577 41 26 Jag
447 579 35 19 vet
496 577 46 22 icke
557 577 56 21 hvad
626 577 106 21 utskottet
746 576 88 22 härmed
846 577 62 26 afser,

91 604 39 21 och
152 605 104 21 huruvida
273 605 111 26 meningen
399 607 23 19 är
438 605 39 22 den
492 607 33 20 att
539 607 31 20 ett
585 606 86 21 allmänt
686 606 155 21 sammanträde
856 605 52 22 ovil-

91 633 94 27 korligen
207 633 39 21 bör
267 633 168 26 sammankallas,
451 634 23 21 sä
494 635 58 20 snart
569 640 26 15 en
609 634 46 21 icke
670 633 105 22 ordinarie
790 633 119 28 fullmäktig

91 661 75 22 sädant
188 661 68 28 äskar,
279 662 51 21 eller
345 668 34 15 om
395 663 58 20 detta
467 663 54 21 skall
535 663 51 21 bero
601 663 28 26 pä
643 663 26 20 de
685 662 104 22 ordinarie
805 662 104 21 bankfull-

91 689 103 28 mäktiges
215 690 103 27 pröfning.
348 690 10 21 I
378 691 58 21 förra
457 691 60 21 fallet
538 691 67 22 skulle
629 697 26 14 en
676 691 47 21 icke
740 691 104 21 ordinarie
859 690 49 21 full-

91 718 80 27 mäktig
185 719 63 20 hafva
262 721 68 19 större
345 719 103 27 rättighet
462 721 27 19 än
504 726 26 15 en
545 719 110 26 ordinarie,
673 719 87 22 emedan
773 720 30 20 ett
814 719 95 26 yrkande

91 753 34 15 om
139 746 116 22 förstärkta
269 747 142 27 fullmäktiges
426 747 198 27 sammankallande,
642 747 118 22 framstäldt
775 747 22 22 af
806 753 26 15 en
844 747 65 21 bland

91 776 26 21 de
132 775 137 25 sistnämnda,
285 777 51 20 utan
350 775 73 22 tvifvel
438 776 82 21 komme
535 778 32 20 att
584 776 139 21 underställas
739 776 104 21 ordinarie
860 775 48 22 full-

91 804 103 26 mäktiges
215 803 103 28 pröfning.
348 804 42 21 Det
410 806 23 19 är
449 805 67 20 denna
532 804 155 27 omständighet
698 804 37 27 jag
748 805 56 21 velat
819 804 89 27 päpeka,

92 835 50 19 enär
164 833 36 20 det
221 832 46 22 icke
283 839 60 20 synes
358 839 51 15 vara
423 832 74 27 riktigt
511 833 62 27 klart,
587 833 84 22 hvilken
686 832 126 28 befogenhet
827 832 83 21 ordina-

92 862 30 21 rie
137 861 130 27 fullmäktige
283 861 62 22 hafva
359 862 8 21 i
382 863 31 19 ett
428 861 66 27 dylikt
508 862 43 21 fall.

159 912 32 21 Hr
212 912 24 21 L.
259 911 148 22 Mechelin:
437 912 10 21 I
469 913 113 26 anledning
603 912 23 21 af
646 912 31 21 Hr
699 912 107 22 Lindelöfs
826 913 83 20 senaste

93 940 59 27 fråga
173 940 38 21 ber
223 940 36 27 jag
274 942 31 20 att
320 941 22 20 få
356 940 117 26 framhålla,
487 943 32 19 att
529 941 104 22 ordinarie
643 940 198 27 bankfullmäktiges
852 939 58 23 ställ-

92 969 50 26 ning
156 969 33 20 tili
204 969 40 20 den
259 969 44 23 sak,
318 975 44 15 som
379 969 7 20 i
401 970 48 20 näst
464 969 51 21 sista
529 975 62 16 mom.
604 969 130 25 behandlats,
750 971 24 19 är
784 969 40 21 den
835 971 32 19 att
875 974 34 15 om

92 1003 25 15 en
133 997 22 21 af
169 997 26 21 de
209 997 116 21 förstärkta
346 997 131 27 fullmäktige
489 998 92 25 päyrkar
591 997 160 27 sammanträde,
767 997 24 21 sä
805 997 61 21 torde
876 1002 33 15 or-

93 1025 80 21 dinarie
186 1025 132 27 fullmäktige
333 1025 47 21 icke
394 1025 72 22 kunna
479 1026 137 27 undandraga
631 1025 31 27 sig
677 1027 32 19 att
723 1025 85 21 utfärda
815 1025 95 25 kallelse,

91 1053 69 22 sävidt
176 1054 26 21 de
216 1053 45 22 icke
277 1053 56 22 finna
348 1054 60 27 giltig
423 1053 112 28 anledning
550 1054 82 21 saknas.

159 1104 58 21 Frih.
232 1110 48 15 von
296 1104 84 21 Born:
410 1105 43 21 För
468 1105 43 20 min
527 1105 32 21 del
577 1105 66 21 finner
655 1105 38 27 jag
708 1105 31 20 Hr
752 1104 107 21 Lindelöfs
874 1110 36 15 an-

92 1133 111 26 märkning
223 1139 51 15 vara
294 1133 7 20 i
323 1133 41 21 allo
387 1133 65 28 riktig
471 1133 40 21 och
526 1133 67 22 skulle
606 1133 36 27 jag
657 1133 72 22 förena
743 1133 43 27 mig
800 1139 34 15 om
850 1134 31 19 att
896 1133 14 27 &

91 1161 33 21 till
139 1161 104 22 utskottet
257 1161 200 26 äterremitterades,
472 1162 27 27 pä
514 1163 36 20 det
565 1164 32 19 att
611 1163 7 20 i
632 1162 51 21 sista
698 1167 62 16 mom.
771 1161 35 21 mä
817 1161 93 27 tydligen

91 1189 109 27 uttryckas
215 1192 32 19 att
269 1189 36 22 det
319 1190 112 21 ankomme
446 1191 13 20 &
473 1190 105 21 ordinarie
593 1189 198 27 bankfullmäktiges
805 1189 105 27 pröfning,

91 1217 104 22 huruvida
217 1219 68 20 denna
307 1218 98 21 anhällan
420 1218 53 22 skall
488 1219 109 21 föranleda
611 1219 113 21 förstärkte
738 1217 173 22 bankfullmäkti-

92 1252 36 22 ges
143 1246 193 22 sammankallande
351 1247 51 21 eller
416 1247 52 21 icke.

160 1298 32 20 Hr
207 1298 23 21 L.
247 1298 149 21 Mechelin:
425 1298 41 26 Jag
480 1298 37 21 vill
532 1298 55 21 blott
601 1298 82 26 päpeka
698 1300 33 19 att
746 1298 29 26 S:s
790 1296 121 22 nuvarande

93 1325 110 27 aflattning
225 1326 46 21 icke
293 1326 103 21 utesluter
410 1326 65 22 sådan
490 1326 104 27 pröfning,
610 1332 48 16 men
673 1327 36 20 det
723 1326 95 21 normala
833 1325 78 21 förhäl-

93 1354 72 21 landet
179 1354 39 21 bör
233 1354 33 21 väl
281 1360 50 15 vara
346 1354 42 26 det,
397 1356 31 19 att
443 1354 192 22 sammankallande
650 1360 49 21 eger
713 1361 53 20 rum,
782 1354 68 21 sävidt
865 1353 47 21 icke

93 1382 64 27 nägot
172 1382 115 27 synnerligt
301 1382 47 22 skäl
363 1382 55 22 talar
432 1383 101 21 deremot.
558 1383 45 21 Här
618 1384 23 20 är
653 1383 49 21 icke
716 1383 60 26 fräga
790 1388 34 15 om
840 1388 25 15 en
876 1388 36 14 an-

93 1410 77 25 hällan,
186 1416 45 15 som
247 1411 103 20 ordinarie
365 1410 188 27 bankfullmäktige
568 1410 53 21 efter
635 1411 103 25 godtycke
755 1410 71 21 kunde
840 1410 73 20 bifalla

94 1438 51 22 eller
160 1438 59 25 afslä,
234 1440 52 19 utan
302 1439 55 21 afser
372 1439 132 25 stadgandet,
520 1441 32 19 att
566 1438 106 27 päföljden
687 1438 23 21 af
721 1438 44 22 deri
776 1438 90 21 nämnda
874 1443 38 15 an-

93 1466 69 22 mälan
178 1466 129 28 nödvändigt
322 1467 38 21 bör
375 1466 65 22 blifva
454 1469 32 19 att
501 1466 155 22 sammanträde
670 1467 96 26 inkallas,
782 1466 69 22 sävidt
865 1465 48 22 icke

94 1495 179 27 omständigheter
287 1495 85 27 betinga
388 1497 31 19 att
434 1495 75 21 sädant
524 1496 18 26 ej
557 1496 42 22 kan
614 1495 44 21 ske.
684 1496 42 21 Det
740 1495 43 21 kan
797 1496 29 20 ha
840 1494 73 22 inträf-

94 1524 31 22 fat
139 1524 70 27 nägot,
224 1530 45 16 som
283 1524 89 22 kullslär
386 1524 178 28 förutsättningen
579 1524 38 22 hos
633 1524 46 27 den,
695 1530 46 16 som
755 1524 91 28 päyrkat
857 1529 55 16 sam-
