1089 1789
393 133 24 16 R.
430 137 17 12 o.
459 133 23 16 A.
495 133 57 19 1891.
561 133 26 17 22
598 133 48 20 Maj.
844 127 55 22 1279

178 213 32 20 Hr
225 212 205 21 Landtmarskalken
444 211 141 27 tillkännagaf
598 213 32 20 att
645 212 93 26 följande
759 212 63 26 plena
842 212 84 22 komme

109 241 33 20 att
157 240 68 21 hållas
240 240 111 27 Lördagen
367 240 39 21 den
422 240 26 21 23
468 239 141 22 innevarande
632 240 42 26 Maj
698 240 28 20 kl.
744 241 24 20 11
784 239 14 23 f.
814 246 28 15 m.
858 241 40 20 och
913 241 12 20 6

109 275 19 14 e.
143 275 28 14 m.
185 270 54 19 samt
254 268 119 27 Måndagen
389 268 40 21 den
444 269 26 20 25
487 268 78 21 dennes
580 268 28 21 kl.
625 269 24 20 11
666 268 14 21 f.
696 274 27 15 m.

178 427 99 22 Härefter
291 427 97 27 uppläste
403 427 32 22 Hr
449 427 206 22 Landtmarskalken
674 427 58 20 Hans
748 415 118 43 Kejserliga
882 426 44 21 Ma-

107 456 67 27 jestät
188 456 256 27 Kejsaren-Storfurstens
460 456 77 26 nådiga
551 455 72 27 påbud
644 461 35 16 om
700 455 140 27 landtdagens
862 455 65 22 afslu-

110 485 71 26 tande,
197 485 80 21 hvilket
293 491 37 15 var
345 484 23 22 af
381 485 92 26 följande
488 485 89 26 lydelse:

178 564 27 21 Vi
225 564 120 22 Alexander
367 564 41 21 den
429 563 83 28 Tredje,
534 564 48 21 med
604 563 59 22 Guds
688 563 66 26 Nåde,
776 563 90 26 Kejsare
888 563 40 21 och

110 593 154 26 Sjelfherskare
280 593 59 21 öfver
354 593 48 21 hela
416 593 112 26 Ryssland,
544 593 52 21 Tsar
618 592 23 21 af
660 592 73 27 Polen,
756 591 117 22 Storfurste
895 591 33 22 till

104 621 103 25 -Finland,
223 624 38 19 etc,
279 623 38 20 etc.
332 623 39 19 etc.
387 621 96 26 tillbjude
498 621 64 25 Eder,
582 621 40 21 Oss
644 621 106 26 älskelige,
773 620 58 21 Våra
852 621 76 26 trogne

111 650 133 26 undersåtar,
260 650 206 21 Storfurstendömet
480 649 101 22 Finlands
596 649 93 21 Ständer
699 649 44 21 Vår
758 648 119 28 synnerliga
891 655 37 20 yn-

111 681 47 19 nest
174 679 39 21 och
229 678 82 27 Nådiga
326 679 137 26 bevågenhet,
478 679 48 20 med
541 678 48 21 Gud
604 678 133 27 Allsmäktig.

179 707 45 22 Vår
239 706 77 27 nådiga
331 707 56 26 Vilja
403 709 23 18 är
441 709 32 19 att
489 707 40 21 den
544 713 28 15 nu
587 707 115 26 påstående
722 706 129 26 landtdagen
874 705 55 22 skall

110 735 90 22 afslutas
216 736 40 21 den
272 735 46 28 16/,,
334 735 43 27 Maj
392 735 142 22 innevarande
549 735 29 27 är,
595 735 27 22 då
636 735 44 21 Vår
690 735 196 26 Generalguvernör
899 733 30 22 öf-

111 770 37 15 ver
163 764 90 21 Finland
269 764 38 21 och
323 764 195 26 Generaladjutant,
541 764 117 21 Generalen
674 763 22 22 af
716 763 122 21 infanteriet
853 762 76 22 Grefve

111 792 84 21 Feodor
211 793 82 21 Heiden
307 793 96 20 kommer
422 794 32 19 att
477 792 12 21 å
510 792 57 22 Våra
588 793 79 26 vägnar
689 792 89 26 upplösa
800 791 129 26 landtdagen

110 821 41 20 och
166 821 139 21 hemförlofva
321 821 123 21 Ständerna.

180 849 26 22 Vi
221 849 98 22 förblifva
335 849 57 22 Eder
406 849 98 27 samtlige
526 849 49 21 med
597 848 29 21 all
641 848 104 27 Kejserlig
760 849 75 26 ynnest
856 847 74 22 välbe-

111 877 78 27 vågne;
205 877 120 22 befallande
340 878 57 21 Eder
411 877 48 22 Gud
474 877 134 27 Allsmäktig,
624 877 131 27 synnerligen
770 876 123 27 Nådeligen.

181 934 115 21 Gatschina
312 935 40 20 den
366 935 27 20 13
410 934 30 27 (1)
456 934 42 27 Maj
516 934 60 21 1891.

434 991 178 21 ALEXANDER.

359 1047 303 21 Minister-Statssekreterare
683 1047 29 21 W.
728 1053 40 15 von
783 1046 79 21 Dehn.

186 1207 72 21 Under
283 1207 78 27 dagens
386 1207 85 27 plenum
494 1206 54 22 hade
570 1206 111 22 inkommit
706 1206 39 21 och
767 1205 113 22 bordlades
901 1205 33 21 till

118 1236 167 27 morgondagens
300 1236 86 26 plenum

187 1292 245 26 Bevillningsutskottets
446 1292 134 21 betänkande
602 1292 40 20 N:o
658 1291 12 21 5
686 1291 6 21 i
707 1291 113 25 anledning
842 1290 23 22 af
885 1290 49 22 nåd.

118 1328 61 20 prop.
194 1321 39 21 N:o
250 1322 26 20 27
292 1320 108 28 angäende
415 1320 55 22 accis
485 1320 27 26 pä
527 1320 76 26 tobak;

188 1384 80 15 samma
283 1378 94 20 utskotts
392 1376 126 22 hemställan
533 1382 34 16 om
582 1376 103 21 förstärkt
705 1374 209 28 bevillningsutskott
928 1375 8 20 i

118 1406 63 26 fråga
196 1412 34 15 om
245 1406 114 26 bevillning
373 1405 33 21 för
420 1405 135 25 tillverkning
570 1404 23 22 af
606 1404 152 26 maltdrycker;

190 1462 175 20 Statsutskottets
380 1460 134 22 betänkande
529 1460 39 21 N:o
585 1460 26 20 12
626 1460 7 20 i
648 1460 114 26 anledning
776 1459 24 21 af
812 1459 48 21 näd.
876 1464 59 21 prop.

121 1491 40 21 N:o
177 1491 27 21 20
219 1490 108 27 angäende
343 1490 26 21 de
384 1490 34 20 vid
433 1489 127 27 landtdagen
576 1489 53 21 1891
650 1488 78 22 äskade
749 1488 73 26 anslag
844 1487 40 22 och
904 1489 33 19 ut-

121 1521 91 26 vägarne
227 1519 33 21 till
275 1519 61 21 deras
351 1518 148 26 bestridande
490 1514 13 37 ;
