1095 1781
354 164 25 17 R.
391 168 17 13 0.
420 165 23 16 A.
456 165 53 17 1891.
533 165 22 17 19
567 165 48 22 Maj.
812 161 51 21 1131

79 241 121 25 berättelse,
216 247 44 16 som
277 242 54 21 dock
346 243 46 20 icke
406 243 42 20 kan
465 249 51 15 vara
530 243 32 21 för
578 244 47 20 dem
635 243 97 27 likgiltig.
762 244 77 21 Vidare
849 243 44 22 för-

77 269 69 26 tjenar
161 270 85 21 märkas
262 272 32 19 att
310 271 35 20 det
357 271 25 26 ju
397 272 25 19 är
436 271 56 21 blott
513 271 71 26 hvarje
599 271 142 27 landtdagsär,
758 278 44 15 som
817 272 26 21 de
858 271 35 22 sä-

77 297 64 21 lunda
156 297 67 21 mäste
238 300 62 19 extra
314 299 163 21 sammanträda.
507 299 32 22 Pä
557 300 42 20 alla
614 299 60 21 dessa
690 299 45 22 skäl
750 301 47 19 tror
808 299 37 27 jag
859 301 34 20 att

77 326 35 21 det
127 325 45 22 icke
188 325 42 22 kan
245 332 62 16 anses
321 326 111 28 olämpligt
447 329 31 20 att
493 327 44 22 låta
552 334 61 15 mom.
631 328 91 26 gvarstä.

144 383 32 21 Hr
191 383 138 22 Lindelöf:
359 383 40 28 Jag
414 383 67 22 finner
496 385 36 20 det
546 385 87 21 alldeles
648 385 74 27 riktigt
737 386 32 19 att
784 384 36 21 det
835 384 55 21 skall

77 411 112 21 ankomma
204 411 12 22 å
231 411 116 22 förstärkta
362 412 190 27 bankfullmäktige
567 415 32 19 att
613 413 84 21 besluta
713 419 33 16 om
763 413 25 21 de
803 413 87 26 förslag,

77 445 44 15 som
137 439 141 22 underställas
294 439 129 23 Ständernas
438 441 103 27 pröfning.
562 441 65 21 Detta
642 443 24 19 är
681 443 31 19 ett
726 442 78 21 ärende
815 441 22 21 af
846 443 46 19 stor

77 468 113 27 betydelse,
199 474 45 15 som
259 469 88 21 framför
362 469 67 21 andra
444 469 39 22 bör
498 470 51 21 bero
565 469 22 22 af
605 469 115 22 förstärkte
735 469 157 22 bankfullmäk-

77 497 52 26 tiges
151 497 123 26 afgörande,
296 503 49 15 men
366 498 59 20 detta
440 497 96 27 päkallar
550 499 46 20 icke
611 498 65 26 enligt
691 499 42 20 min
748 497 65 22 taiike
826 497 67 28 något

78 527 60 19 extra
161 525 163 22 sammanträde.
354 525 74 27 Dylikt
450 527 77 21 ärende
542 527 101 21 behöfver
658 527 45 20 icke
719 527 84 26 afgöras
817 526 7 21 i
839 527 52 20 sista

77 553 141 27 ögonblicket,
241 553 27 21 dä
290 554 119 21 Ständerna
431 555 65 21 redan
516 556 37 20 äro
569 555 99 26 samlade,
683 557 52 19 utan
750 555 42 21 kan
807 555 84 26 mycket

77 582 33 21 väl
125 581 116 22 behandlas
256 583 95 26 tidigare,
363 583 126 26 exempelvis
510 583 34 22 vid
565 584 105 21 ordinarie
684 585 68 20 mötet
766 583 126 26 föregäende

77 610 116 22 December
208 610 83 22 månad.

144 667 32 22 Hr
191 667 89 22 Reinh.
297 667 146 22 Ehrnrooth
459 668 99 22 förenade
575 668 32 27 sig
621 668 47 22 med
684 669 31 20 Hr
725 674 41 15 von
778 668 113 27 Knorring.

144 725 61 21 Efter
227 725 88 21 härmed
335 725 92 21 afslutad
450 725 119 22 diskussion
593 725 165 22 öfverlemnades
779 725 34 21 till
827 725 62 21 Stän-

77 753 46 21 dets
145 753 131 21 besvarande
298 754 53 21 först
373 753 93 27 följande
489 754 273 26 omröstningsproposition
782 753 110 27 angäende

77 787 61 16 mom.
155 783 19 24 €)
189 782 7 21 i
212 781 12 22 3

144 838 53 27 Den,
212 844 46 15 som
272 838 36 21 vill
323 838 108 21 bibehälla
446 845 62 15 mom.
525 839 19 26 e)
560 839 65 26 enligt
640 838 116 22 utskottets
764 838 84 27 förslag,
857 840 34 19 rö-

76 869 45 19 star
133 867 32 27 ja;

144 923 72 22 vinner
231 923 40 27 nej,
288 923 104 22 uteslutes
407 929 62 16 mom.
485 928 28 20 e).

143 981 41 20 Vid
207 987 34 15 om
262 981 69 20 denna
353 980 273 27 omröstningsproposition
642 981 90 20 anställd
748 981 95 26 votering
858 982 33 19 ut-

75 1009 51 21 föllo
141 1010 99 20 rösterna
254 1009 48 21 med
318 1009 25 21 18
356 1009 24 26 ja
395 1009 39 21 och
451 1010 26 19 10
492 1009 41 27 nej.

142 1066 98 21 Derefter
261 1065 143 22 framställdes
428 1066 130 21 beträffande
581 1072 62 15 mom.
660 1066 23 26 k)
699 1072 26 14 en
741 1065 150 27 omröstnings-

75 1094 132 27 proposition
222 1094 23 21 af
258 1094 93 26 följande
365 1094 89 26 lydelse:

143 1151 53 26 Den,
212 1157 45 15 som
272 1151 37 21 vill
323 1150 108 22 bibehälla
446 1156 62 16 mom.
523 1150 24 27 k)
562 1150 65 27 enligt
641 1150 116 22 utskottets
765 1150 83 28 förslag,
857 1152 33 19 rö-

76 1182 43 18 star
133 1179 34 26 ja;

144 1236 74 21 vinner
233 1236 41 26 nej,
289 1236 39 21 har
342 1235 25 22 R.
384 1242 17 15 o.
418 1235 24 21 A.
460 1236 92 21 beslutat
567 1236 32 20 att
613 1240 62 17 mom.
690 1235 22 25 k)
727 1235 54 21 skall
795 1234 57 27 utgå.

144 1292 45 22 Och
211 1298 45 16 som
278 1292 35 21 vid
337 1292 158 27 omröstningen
510 1292 73 21 härom
599 1293 97 19 rösterna
711 1290 74 22 utföllo
800 1291 47 21 med
864 1291 25 21 16

74 1320 23 28 ja
113 1320 38 22 och
168 1321 26 21 10
209 1321 41 27 nej,
265 1327 37 15 var
317 1320 60 22 äfven
393 1326 62 16 mom.
470 1320 23 27 k)
509 1320 115 27 godkändt,
635 1318 108 22 hvarefter
751 1319 66 27 öfriga
827 1325 62 15 mom.

75 1350 7 20 i
98 1350 13 26 $
126 1350 13 21 3
153 1349 8 21 i
176 1349 41 22 allo
233 1349 129 27 godkändes.

144 1406 168 20 Vidkommande
327 1405 11 27 $
353 1407 14 19 4
382 1404 72 22 anhöll

144 1460 56 22 Frih.
216 1466 50 16 von
281 1461 73 20 Born
369 1466 34 15 om
419 1460 60 21 ordet
495 1460 39 21 och
548 1459 98 27 yttrade:
671 1458 166 22 Bankutskottet
851 1458 40 22 har

77 1489 107 27 verkligen
200 1488 54 23 efter
269 1489 42 21 min
327 1488 136 27 uppfattning
477 1488 86 27 nedlagt
579 1494 26 15 en
619 1487 24 21 så
658 1489 45 19 stor
716 1487 105 27 förtjenst,
846 1488 45 20 sär-

76 1518 67 22 skildt
156 1524 76 21 genom
248 1518 37 21 det
299 1519 48 23 sätt,
357 1516 27 28 på
397 1516 82 22 hvilket
488 1516 166 22 Bankutskottet
668 1516 42 22 löst
725 1516 40 21 den
773 1516 61 27 länge
846 1516 45 21 hvi-

76 1547 64 22 lande
161 1547 74 28 frågan
258 1553 34 15 om
314 1546 144 26 förstärkning
481 1545 23 22 af
520 1546 95 21 bankens
630 1545 94 27 styrelse,
740 1547 32 20 att
786 1545 105 21 utskottet
