1084 1795
381 146 24 17 R.
419 150 17 12 o.
447 145 23 17 A.
482 144 56 18 1891.
562 146 26 17 23
599 144 48 22 Maj.
840 140 53 21 1305

174 224 32 21 Hr
221 224 23 21 L.
260 224 134 23 Mechelin:
417 225 171 21 Statsutskottets
604 225 212 27 budgetbetänkande
831 226 39 20 har
886 232 34 19 nu,

106 252 88 21 likasom
210 252 34 22 vid
259 252 50 23 flere
323 253 124 27 föregående
463 253 129 27 landtdagar;
602 253 111 25 framställt
725 260 25 15 en
759 254 116 26 mångsidig
885 253 36 21 be-

105 281 82 27 lysning
210 281 21 21 af
251 281 124 27 finansläget
395 282 22 21 af
431 283 36 20 vår
482 282 142 26 statsbudgets
640 282 56 21 olika
710 282 100 26 faktorer,
825 288 49 15 vare
889 282 32 26 sig

104 312 32 18 att
152 310 106 21 desamma
273 310 88 22 hänföra
375 310 32 27 sig
422 310 32 21 till
470 310 39 22 den
525 317 16 15 s.
556 311 20 20 k.
593 310 103 22 ordinarie
712 310 105 27 budgeten
827 310 52 22 eller
889 310 32 21 till

106 338 39 21 den
161 338 33 21 del
210 338 22 21 af
245 338 189 27 statsregleringen,
451 345 44 15 som
511 338 273 22 ankommer
640 334 12 35 å
662 338 122 22 Ständerna.
815 338 39 24 Nu,
870 338 52 22 lika-

104 372 45 16 som
155 362 10 37 -
172 366 56 22 förut
244 368 37 21 och
298 374 44 15 mer
357 370 26 18 än
399 374 25 14 en
439 368 61 26 gång,
516 368 62 21 hafva
593 367 174 22 Statsutskottets
782 368 140 26 beräkningar

105 395 57 21 öfver
185 395 104 23 allmänna
310 396 141 22 statsfondens
467 396 133 27 påräkneliga
616 396 115 22 inkomster
746 396 39 22 och
800 396 122 22 emotsedda

104 424 86 26 utgifter
205 426 84 20 stannat
304 425 34 21 vid
353 425 44 21 icke
413 426 23 20 så
451 426 59 25 ringa
522 425 104 21 olikheter
635 427 43 19 mot
686 425 236 26 Finansexpeditionens

104 453 78 26 kalkyl.
212 454 63 21 Detta
289 454 45 23 har,
350 460 61 20 synes
426 454 47 26 mig,
490 454 30 21 sin
532 453 79 27 ganska
626 454 104 26 naturliga
743 453 116 26 förklaring
870 453 50 26 deri,

104 483 31 19 att
158 481 40 21 den
214 482 127 27 myndighet,
355 482 230 27 Finansexpeditionen,
598 488 45 15 som
658 482 116 27 uppställer
789 482 44 21 sina
848 481 73 28 kalky-

104 510 31 21 ler
149 510 7 20 i
171 510 53 27 syfte
240 513 31 19 att
287 511 47 21 med
350 511 116 26 fullkomlig
481 511 97 27 trygghet
598 511 71 21 kunna
684 517 60 15 svara
759 511 32 20 för
806 510 115 26 budgetens

104 538 141 28 eqvivalering
260 539 38 21 och
315 539 149 27 tillräcklighet
479 540 67 21 under
561 546 25 14 en
601 539 125 22 kommande
741 539 78 27 period,
828 539 93 22 nödvän-

105 567 75 26 digtvis
203 570 23 19 är
244 568 50 25 böjd
309 570 32 19 att
355 568 46 21 icke
416 569 94 20 beräkna
524 568 143 21 inkomsterna
682 568 31 21 till
730 568 35 21 det
780 568 74 26 högsta
871 568 50 27 möj-

104 595 42 28 liga
162 597 38 21 och
216 599 32 19 att
262 599 51 24 göra
328 597 31 26 sig
374 597 78 22 beredd
467 598 27 26 på
509 603 26 15 en
550 597 94 26 ansenlig
659 597 81 21 tillväxt
754 597 31 20 uti
800 596 120 27 utgifterna,

104 625 75 21 medan
196 626 92 21 deremot
301 626 168 25 Statsutskottet,
485 633 44 14 som
540 626 68 21 måste
619 625 62 22 hafva
695 625 6 22 i
717 625 53 27 sigte
781 625 40 27 det,
835 628 31 19 att
880 625 39 22 den

104 654 27 26 på
154 654 117 21 Ständerna
287 655 152 21 ankommande
455 655 183 26 statsregleringen
654 655 45 20 icke
715 655 34 20 må
764 653 50 22 falla
829 655 30 26 sig
875 655 46 20 svä-

104 689 47 14 rare
167 685 25 19 än
208 683 72 26 nödigt
295 685 24 19 är
334 683 39 21 och
389 690 44 14 som
448 683 73 21 härvid
537 684 38 23 har
590 686 31 19 att
636 683 60 22 stöda
712 683 30 26 sig
757 683 27 26 på
795 682 126 22 bestämnin-

104 717 39 20 gen
158 711 6 21 i
180 711 17 22 L
221 711 24 22 O.
262 712 10 27 $
289 713 32 24 36,
338 711 72 22 måste
420 713 51 20 söka
486 712 53 21 efter
554 714 78 19 största
647 712 83 26 möjliga
746 711 52 27 grad
813 711 22 22 af
843 718 77 15 sanno-

104 739 66 22 likhet
192 740 6 21 i
220 740 175 27 beräkningarna,
419 741 73 20 hvaraf
507 741 26 20 dä
547 742 88 25 uppstår
650 747 24 15 en
691 741 64 25 högre
770 741 150 25 uppskattning

104 768 22 21 af
146 768 143 21 inkomsterna
313 769 37 20 och
366 775 26 15 en
408 769 80 21 mindre
503 769 131 26 benägenhet
649 771 31 19 att
695 771 63 18 vänta
772 769 33 26 sig
819 771 45 18 stor
879 768 41 21 till-

106 799 46 19 växt
163 796 6 21 i
179 797 25 21 de
212 797 163 21 extraordinarie
384 796 119 27 utgifterna.
525 797 40 26 Jag
580 797 38 21 har
634 797 54 21 velat
696 796 110 22 framhålla
818 797 58 21 detta
886 797 35 21 sä-

104 831 44 15 som
164 832 26 14 en
206 825 113 27 förklaring
335 826 57 21 öfver
407 828 30 18 att
452 828 75 19 nästan
544 826 60 21 alltid
620 826 54 20 vissa
689 824 121 22 differenser
824 826 6 20 i
846 825 74 27 antydt

104 853 98 22 afseende
217 853 120 29 framträdt;
353 854 52 21 dock
422 854 34 21 vill
471 854 35 26 jag
520 854 46 22 icke
581 854 72 21 vidare
668 854 25 26 gä
709 854 20 20 in
743 854 26 26 pä
782 854 57 20 detta
852 856 67 22 ämne,

105 882 27 21 dä
147 884 31 19 ett
192 882 89 21 resultat
297 883 21 20 af
332 884 39 20 den
387 883 56 20 olika
459 882 76 28 kalkyl,
558 890 44 14 som
618 883 104 21 utskottet
737 884 84 19 stannat
835 883 14 24 i,
865 882 54 21 dock

103 911 46 21 icke
172 911 96 21 inverkar
290 912 27 26 pä
333 912 64 26 nägot
419 912 22 20 af
455 911 24 21 de
494 911 143 26 finansbeslut,
652 917 44 15 som
713 911 35 21 det
763 917 28 15 nu
806 911 67 26 gäller
887 912 32 19 att

102 939 60 26 fatta,
185 942 51 19 enär
255 939 161 22 Statsutskottet
431 941 6 20 i
452 940 37 21 sitt
503 940 77 27 förslag
596 941 26 26 pä
638 940 37 21 sid.
694 940 30 24 13,
741 939 107 27 angäende
864 939 57 21 hem-

103 968 76 21 ställan
202 975 34 14 om
260 969 125 26 öfverföring
407 968 23 22 af
447 969 119 27 uppkomna
589 969 115 20 öfverskott
719 969 6 20 i
742 968 129 22 statsfonden
887 967 32 22 till

103 996 208 27 bevillningsfonden,
327 997 18 27 ej
361 997 116 27 uppställer
492 999 68 25 nägon
576 997 94 21 bestämd
686 997 56 21 sifira
755 997 38 21 och
805 999 114 25 yttermera

103 1028 34 18 tar
151 1025 81 27 hänsyn
248 1026 31 21 till
294 1025 157 22 förhällandena
467 1025 6 21 i
489 1027 59 20 detta
563 1025 117 22 hänseende
692 1032 74 20 genom
778 1028 31 19 att
820 1025 99 26 erkänna,

105 1056 31 19 att
152 1060 25 15 en
194 1054 124 27 öfverföring
333 1055 41 21 kan
390 1055 43 21 ske,
450 1055 73 22 endast
538 1055 72 21 såvida
626 1055 138 26 tillgångarna
779 1054 44 21 icke
839 1056 58 24 tagas
913 1053 7 20 i

102 1083 91 26 anspräk
209 1083 21 20 af
244 1084 136 21 statsverkets
395 1083 69 22 behof.

170 1111 61 22 Hvad
246 1112 65 21 sedan
326 1112 129 21 vidkommer
470 1113 113 20 utskottets
600 1118 50 20 egen
666 1111 152 26 framställning
827 1111 38 21 och
878 1111 40 21 för-

102 1140 51 26 slag,
170 1140 23 21 sä
208 1142 24 19 är
247 1141 36 20 der
299 1143 76 19 tvänne
391 1141 183 27 omständigheter,
586 1147 44 14 som
646 1141 44 20 icke
706 1143 37 18 äro
759 1140 47 21 fullt
821 1139 96 22 tillfreds-

102 1168 112 22 ställande:
232 1169 39 21 den
287 1176 39 15 ena
341 1172 32 18 att
388 1169 114 22 utskottets
517 1169 107 27 pluralitet
638 1171 86 20 stannat
739 1169 34 21 vid
788 1170 31 19 att
831 1168 88 27 uppvisa

102 1203 25 15 en
143 1197 54 22 brist
212 1198 6 21 i
234 1198 230 27 bevillningsbudgeten
479 1199 6 20 i
501 1201 85 24 trängre
602 1198 88 27 mening,
706 1197 83 22 hvilken
804 1197 64 21 sedan
877 1197 41 21 för-

102 1225 86 22 anleder
212 1227 31 20 till
266 1233 24 15 en
309 1226 69 27 appell
402 1233 33 15 om
459 1227 89 22 tillskott
566 1233 74 20 genom
656 1227 83 21 skatten
755 1227 26 26 pä
796 1225 71 27 tobak,
892 1232 26 15 en

102 1255 81 26 vädjan,
199 1255 84 22 hvilken
298 1256 33 26 jag
339 1255 67 22 finner
421 1256 79 26 ganska
523 1255 115 28 opraktisk,
659 1256 38 21 och
712 1255 84 21 hvilken
809 1255 36 26 jag
860 1257 59 19 snart

102 1283 53 21 skall
171 1286 96 19 närmare
281 1284 82 21 beröra.
393 1285 47 20 Den
455 1285 66 21 andra
536 1284 188 27 omständigheten,
732 1290 44 15 som
786 1284 5 20 i
801 1285 30 19 ett
841 1283 78 21 ärende

102 1311 22 22 af
138 1312 58 21 detta
212 1313 44 26 slag
271 1313 45 20 icke
331 1313 41 20 kan
388 1319 49 15 vara
460 1313 110 24 önskvärd,
590 1315 29 22 är,
635 1315 32 19 att
688 1312 153 21 reservationer
856 1311 62 22 fram-

102 1340 62 25 trädt,
180 1343 32 19 att
228 1341 236 27 meningsskiljaktighet
479 1342 81 20 säledes
575 1341 47 21 rädt
638 1341 107 26 angäende
760 1342 65 19 sättet
832 1340 32 21 för
872 1346 46 20 reg-

101 1368 105 27 leringens
220 1369 187 27 ävägabringande.
438 1370 41 21 Det
494 1370 39 20 bör
548 1369 54 21 dock
616 1372 57 18 strax
688 1369 73 21 härvid
778 1368 96 27 tilläggas
887 1370 32 19 att

102 1396 35 21 det
160 1397 75 26 deficit,
258 1404 44 14 som
323 1398 36 26 jag
381 1398 53 21 hade
455 1400 49 19 äran
521 1398 87 27 päpeka,
624 1398 39 20 och
678 1398 66 20 likasä
760 1397 39 21 den
815 1397 103 25 menings-

102 1424 148 27 skiljaktighet,
266 1432 45 13 som
327 1426 110 20 framträdt
453 1426 76 20 mellan
544 1426 114 20 utskottets
674 1425 107 26 pluralitet
796 1425 38 20 och
850 1431 67 13 reser-

101 1455 107 21 vanterne,
230 1458 85 15 snarare
338 1455 23 19 är
377 1453 21 21 af
411 1453 74 20 formel
509 1455 25 18 än
550 1452 93 21 finansiel
660 1452 148 21 beskaffenhet.
838 1452 39 21 Att
891 1458 26 14 en

101 1480 123 27 fullständig
246 1480 115 28 utjemning
382 1481 41 21 kan
439 1481 61 21 ernäs
515 1480 39 22 och
570 1483 30 19 att
616 1483 30 18 ett
662 1480 68 21 deficit
745 1480 6 20 i
766 1479 94 22 finansiel
876 1485 42 15 me-

102 1511 48 25 ning
172 1509 7 21 i
202 1509 39 22 den
263 1510 26 27 pä
305 1509 117 22 Ständerna
441 1509 154 22 ankommande
613 1509 129 26 regleringen
758 1509 52 21 eller
824 1515 24 14 en
864 1508 54 21 brist

102 1538 118 27 egentligen
236 1538 45 21 icke
297 1538 117 27 förefinnes,
431 1539 57 20 detta
503 1538 61 21 hafva
580 1540 157 19 reservanterne
752 1537 117 27 ädagalagt.

827 1576 22 18 83
