1086 1789
205 141 56 20 1314
450 146 25 17 R.
487 149 17 14 0.
515 145 23 17 A.
550 145 55 18 1891.
629 145 27 17 23
667 145 49 21 Maj.

176 225 37 21 fall
237 227 31 18 ett
290 225 76 21 sådant
388 224 68 21 skulle
479 225 84 21 komma
589 225 32 20 till
643 225 125 26 antagande,
793 223 36 22 det
847 224 69 21 skulle
938 224 56 21 sluta

177 254 31 26 sig
230 255 95 20 närmast
347 253 32 22 till
402 253 36 21 det
459 253 23 21 af
502 253 30 21 Hr
547 252 103 22 Mechelin
666 252 74 27 gjorda
755 252 107 27 förslaget,
878 253 39 20 och
933 253 60 20 torde

178 282 40 21 den
234 281 23 22 af
271 282 31 21 Hr
318 281 102 22 Mechelin
435 281 120 28 föreslagna
570 281 150 26 förändringen
735 281 52 22 eller
802 280 159 28 förkortningen
973 281 24 21 af

179 310 177 22 Statsutskottets
371 310 57 21 kläm
444 310 65 21 blifva
524 310 127 27 nödvändig;
663 309 39 22 och
718 316 44 15 som
776 310 37 27 jag
827 309 61 22 äfven
903 310 33 21 för
951 310 42 21 min

177 339 33 21 del
233 341 24 19 är
279 339 58 27 villig
352 341 32 20 att
399 338 75 22 förena
488 339 43 27 mig
546 339 31 21 uti
587 338 246 27 Bevillningsutskottets
848 339 41 21 och
903 339 32 21 Hr
950 338 43 21 Me-

177 367 80 22 chelins
278 367 85 28 förslag,
386 367 24 22 så
432 367 79 22 tillåter
531 367 36 28 jag
587 368 42 26 mig
649 367 88 21 härmed
757 369 33 20 att
805 367 130 22 understöda
950 367 44 21 det-

177 403 86 14 samma.

245 452 57 22 Frih.
318 452 152 22 Molander:
499 453 41 26 Jag
554 452 63 22 utber
632 453 42 26 mig
689 458 29 15 nu
733 454 32 20 att
780 452 21 22 få
817 452 68 22 uttala
900 452 42 27 mig
956 458 37 15 an-

177 481 80 27 gående
279 481 41 21 den
341 481 107 25 slutkläm,
469 487 45 15 som
530 481 165 22 Statsutskottet
710 481 38 21 har
763 481 27 27 på
805 481 39 21 sid.
859 482 34 20 29.
924 481 70 21 Sedan

176 510 106 21 utskottet
304 509 37 21 der
364 510 119 26 uppräknat
506 510 25 20 de
554 510 143 26 bevillningar,
721 509 136 27 hvarigenom
877 509 118 22 inkomster

177 538 90 21 beredas
289 538 32 22 för
345 538 130 21 betäckande
498 538 23 21 af
542 538 25 22 de
590 538 77 26 nödiga
681 538 122 26 utgifterna,
819 538 23 22 så
857 538 90 21 föreslår
961 543 33 16 ut-

177 566 81 21 skottet
272 567 124 21 alternativt
410 567 119 21 inkomsten
545 567 22 21 af
577 566 40 21 den
628 567 59 21 skatt
697 567 13 20 å
720 566 72 26 tobak,
803 572 46 16 som
859 566 41 21 kan
908 567 87 21 komma

177 594 202 27 bevillningsfonden
395 595 32 21 till
442 596 55 26 godo
512 595 51 21 eller
578 595 107 21 eventuelt
700 595 55 21 ända
770 595 33 21 till
819 601 25 15 en
853 594 72 27 miljon
933 595 61 21 mark

177 623 79 27 årligen
272 624 23 21 af
307 623 95 22 bankens
417 624 132 21 vinstmedel.
579 623 32 22 Då
626 624 27 20 H.
672 624 28 20 M.
718 624 91 26 behagat
823 624 32 21 uti
869 623 47 21 nåd.
933 630 61 20 prop.

176 652 33 22 till
231 652 143 22 innevarande
396 652 102 26 landtdag
512 652 95 22 förklara
622 654 31 19 att
669 652 26 21 H.
712 652 27 22 M.
755 652 70 22 funnit
840 652 47 22 skäl
901 652 47 21 icke
963 653 31 20 vi-

177 682 49 20 dare
243 681 129 22 förekomma
388 683 32 19 att
434 682 7 20 i
457 681 66 21 bredd
538 682 47 21 med
601 681 67 21 tullen
683 688 25 14 en
724 680 188 28 bevillningsafgift
927 680 27 28 på
962 683 32 19 to-

177 710 41 21 bak
243 710 106 26 uppbäres
372 712 54 19 samt
448 710 119 22 Ständerna
589 710 13 22 å
623 710 32 20 sin
671 710 46 21 sida
731 709 46 22 icke
793 710 81 27 antagit
890 710 39 20 den
945 710 48 21 nåd.

176 744 59 21 prop.
259 745 34 15 om
309 738 139 26 tobaksaccis,
464 740 24 20 så
502 744 63 16 anser
577 739 38 27 jag
627 738 36 21 det
677 739 47 21 icke
739 745 52 15 vara
806 739 97 27 lämpligt
917 740 32 20 att
964 745 30 15 nu

176 768 6 20 i
198 767 69 21 denna
282 767 57 22 kläm
354 767 72 27 intaga
441 768 36 20 det
490 766 67 22 första
571 767 142 26 alternativet,
722 767 105 27 nämligen
842 768 41 21 den
893 767 101 27 inkomst,

177 802 45 15 som
244 796 23 20 af
286 796 58 22 skatt
365 796 27 26 på
414 796 67 22 tobak
504 796 41 21 kan
565 796 86 22 komma
665 796 204 26 bevillningsfonden
884 796 32 21 till
930 796 64 26 godo,

176 827 52 19 utan
251 824 35 21 vill
307 824 36 28 jag
364 824 44 22 lika
430 825 48 21 med
500 824 32 22 Hr
547 825 22 21 L.
586 824 103 22 Mechelin
705 825 93 21 utesluta
813 825 44 21 helt
873 824 39 22 och
927 824 67 22 hållet

176 854 36 20 det
226 853 121 25 alternativ,
362 858 46 16 som
424 853 63 21 berör
502 853 119 21 inkomsten
637 853 87 21 afskatt
739 854 28 26 på
781 853 72 21 tobak.
874 854 120 21 Ständerna

177 882 64 21 borde
264 882 46 21 icke
333 882 73 21 anvisa
422 882 65 26 något
505 882 106 21 eventuelt
625 883 51 20 utan
692 882 109 25 definitivt,
816 882 107 26 nämligen
938 882 56 20 ända

175 910 33 22 till
223 916 26 16 en
264 910 73 26 miljon
352 910 61 22 mark
428 910 80 27 årligen
524 910 22 21 af
559 910 101 22 Fiolands
675 910 71 22 Banks
761 911 132 21 vinstmedel.
922 910 32 21 Hr
968 910 25 21 L.

176 939 103 21 Mechelin
302 939 39 21 har
362 940 107 20 dessutom
492 939 117 21 framhällit
631 945 26 15 en
677 939 46 21 sida
738 939 23 21 af
774 938 81 28 frägan,
871 946 45 14 som
932 939 61 21 äfven

173 968 36 27 jag
224 967 48 22 ville
288 968 82 26 beröra,
386 968 112 26 nämligen,
514 968 99 21 hurusom
633 968 67 21 redan
715 968 33 21 vid
764 970 62 19 nästa
840 968 102 27 landtdag
958 968 36 21 det

175 997 42 20 kan
232 996 77 27 uppstä
323 996 132 27 svärigheter
470 997 34 20 för
518 996 120 22 Ständerna
653 998 32 20 att
700 997 73 21 anvisa
787 997 69 21 medel
871 997 33 21 till
917 996 75 22 bestri-

175 1025 68 21 dande
259 1025 22 20 af
295 1025 26 21 de
337 1025 97 27 stigande
449 1025 115 27 utgifterna
587 1025 40 22 och
642 1025 75 21 främst
731 1025 33 22 för
779 1025 112 22 militären.
920 1025 73 27 Nägra

174 1053 23 21 af
212 1054 26 21 de
260 1055 95 26 utvägar,
379 1060 45 15 som
443 1054 76 21 hittills
534 1053 53 22 stätt
602 1054 119 21 Ständerna
735 1054 33 21 till
783 1054 61 25 buds,
860 1055 72 20 kunna
946 1053 47 22 icke

175 1082 113 22 framdeles
311 1082 83 25 anlitas,
414 1082 69 21 säsom
506 1083 134 26 upptagande
662 1082 23 22 af
704 1083 115 22 utländska
833 1082 41 27 län,
891 1083 19 27 ej
925 1082 68 22 heller

176 1111 40 21 den
231 1113 71 24 utväg,
318 1117 44 15 som
378 1118 28 14 nu
421 1111 77 21 anlitas
520 1114 32 19 att
567 1111 107 22 öfverföra
689 1111 70 22 säsom
774 1111 36 22 län
825 1111 46 21 frän
887 1112 105 27 lagmans-

175 1140 244 26 tingsgästningsfonden
442 1140 48 21 dess
512 1140 103 21 kontanta
638 1139 127 28 behällning.
794 1140 49 21 Icke
866 1140 66 21 heller
950 1140 42 26 mig

174 1169 40 20 har
229 1169 36 20 det
281 1168 99 21 undfallit
395 1169 33 21 att
443 1169 36 20 det
494 1168 113 21 framdeles
630 1169 39 20 och
684 1169 66 20 redan
765 1169 34 21 vid
814 1170 61 20 nästa
890 1169 102 26 landtdag

174 1197 96 21 kommer
285 1198 32 20 att
332 1198 58 20 möta
405 1196 131 27 svärigheter
550 1197 33 22 för
598 1197 120 21 Ständerna
732 1199 32 19 att
779 1197 82 22 utfinna
875 1197 69 22 medel
959 1197 33 21 för

174 1227 32 20 att
228 1225 96 22 bestrida
339 1225 26 21 de
385 1225 93 27 utgifter,
494 1231 45 16 som
557 1225 28 22 dä
600 1225 90 22 framstä
704 1225 70 22 säsom
790 1225 140 28 nödvändiga.
959 1226 33 21 Hr

173 1253 104 22 Mechelin
301 1253 38 22 har
353 1253 62 22 äfven
430 1253 92 28 päpekat
537 1254 142 27 Regeringens
694 1254 83 21 biträde
791 1255 7 20 i
813 1254 69 21 denna
897 1255 40 26 del,
953 1254 39 21 all-

175 1283 105 20 denstund
295 1283 37 21 det
347 1282 55 21 visat
416 1283 38 26 sig,
470 1285 32 19 att
516 1283 8 21 i
539 1283 130 22 statsfonden
684 1283 107 27 betydliga
807 1283 118 21 öfverskott
939 1289 51 20 upp-

173 1311 52 21 stått
241 1311 40 21 och
296 1311 120 27 antagligen
438 1311 84 22 komma
538 1313 31 20 att
584 1311 83 27 uppstå.
697 1312 10 21 I
723 1311 58 22 detta
796 1311 98 22 afseende
909 1311 33 22 får
954 1311 37 27 jag

173 1339 89 21 hänvisa
277 1339 32 21 till
325 1339 55 20 hvad
391 1339 108 26 Styrelsen
514 1340 67 20 under
596 1340 41 19 den
652 1341 83 20 senaste
751 1340 102 25 perioden
862 1339 63 26 gjort,
933 1341 59 19 näm-

174 1367 55 27 ligen
251 1368 32 19 att
298 1366 23 22 af
339 1367 127 20 öfverskotts
482 1367 137 21 statsmedlen
635 1367 106 21 öfverföra
756 1367 33 21 till
804 1367 130 22 Ständernas
949 1367 41 21 dis-

173 1395 92 27 position
281 1395 25 21 de
322 1395 80 26 anslag,
417 1401 45 16 som
478 1395 63 22 hafva
555 1396 81 21 ansetts
651 1395 72 22 kunna
737 1395 106 27 umbäras,
859 1395 40 22 och
904 1396 37 27 jag
948 1395 42 22 kan

173 1425 46 20 icke
241 1423 67 22 heller
329 1426 66 19 annat
415 1425 27 20 än
458 1424 33 21 för
506 1424 112 22 framtiden
633 1426 68 19 motse
716 1426 31 20 att
762 1423 107 28 Styrelsen
885 1424 54 22 skall
954 1424 36 21 be-

173 1453 70 27 hjerta
265 1452 40 22 och
325 1455 49 24 taga
389 1453 6 20 i
411 1452 154 27 öfvervägande
581 1453 41 21 den
637 1452 61 21 svåra
713 1452 89 28 uppgift,
818 1459 45 16 som
877 1453 114 27 föreligger

174 1481 125 26 Ständerna,
321 1481 105 26 nämligen
448 1483 33 20 att
501 1482 73 21 anvisa
595 1481 70 22 medel
678 1481 34 22 för
726 1482 26 21 de
767 1481 97 28 stigande
879 1481 110 27 behofven,

174 1510 39 21 och
228 1511 33 19 att
276 1509 106 27 Styrelsen
398 1510 54 20 skall
467 1509 47 22 från
530 1510 31 21 sin
577 1510 47 21 sida
638 1510 53 21 söka
706 1510 79 22 bereda
800 1510 118 22 Ständerna
930 1512 60 20 utvä-

172 1545 39 20 gar
225 1540 33 19 att
273 1538 89 27 fullgöra
377 1538 59 22 detta
451 1538 116 28 åliggande.
