1109 1756
218 136 55 20 1024
474 140 24 16 R.
511 144 17 12 o.
540 140 22 16 A.
575 140 53 17 1891.
642 140 21 17 15
676 140 47 20 Maj.

190 226 52 15 vara
262 220 23 21 af
305 219 99 21 behofvet
421 218 106 28 påkallad.
558 219 43 21 Det
616 219 42 21 kan
673 219 118 21 emellertid
806 218 66 27 gifvas
888 219 40 21 och
942 218 68 22 finnes

191 250 67 24 äfven,
273 250 15 19 t.
310 254 29 16 ex.
362 248 33 21 vid
416 248 86 25 Imatra,
524 248 33 21 för
576 248 98 21 turisters
695 247 65 22 behof
778 248 106 21 inrättade
899 248 110 24 värdshus,

191 284 45 15 som
252 277 52 21 böra
319 283 51 15 vara
386 278 69 25 öppna
470 276 48 22 hela
534 276 46 22 äret
596 283 40 18 om,
652 276 39 22 och
709 276 94 26 emedan,
823 283 44 15 som
883 277 68 26 sagdt,
966 276 44 22 för-

192 308 33 20 sta
239 307 117 20 momentet
371 305 75 21 endast
461 306 56 21 talar
532 312 34 15 om
583 312 25 15 en
624 305 34 21 del
673 305 23 21 af
709 305 53 26 äret,
777 305 76 27 ansägs
868 305 60 22 detta
937 306 73 27 tillägg

191 334 87 22 alldeles
293 334 134 26 nödvändigt.

260 392 32 20 Hr
307 392 25 20 A.
344 391 148 22 Mechelin:
507 390 34 22 Dä
556 392 40 20 den
612 391 101 27 rättighet
728 393 33 19 att
776 390 69 22 tilläta
860 391 149 27 utskänkning,

192 426 45 15 som
253 420 6 20 i
275 426 63 15 mom.
354 420 11 19 1
383 420 38 21 och
437 421 11 19 2
466 420 46 26 af
505 415 12 36 $
530 420 24 20 12
571 422 127 23 omnämnes,
721 422 24 19 är
760 419 97 22 förlänad
871 420 56 22 blott
942 420 28 27 pä
985 426 26 15 en

192 448 118 28 begränsad
326 448 36 27 tid,
380 448 38 22 och
434 448 28 22 dä
476 448 61 27 fråga
552 455 34 15 om
602 448 198 28 utskänkningsrätt
815 448 42 22 kan
867 448 78 28 uppstå
960 449 5 21 i
978 448 32 22 sä-

192 479 55 20 dana
262 477 43 26 fall,
322 477 26 22 dä
363 477 137 27 länestyrelse
515 477 47 22 icke
577 477 113 27 lämpligen
705 477 75 22 hinner
794 477 95 22 inhemta
904 477 65 28 nägot
977 479 34 20 ut-

191 506 86 22 lätande
292 506 23 22 af
329 506 159 21 vederbörande
502 506 252 27 kommunalmyndighet,
770 509 52 18 utan
837 507 66 21 mäste
911 507 55 21 fatta
974 507 37 21 sitt

192 535 71 22 beslut
278 535 54 22 efter
347 535 120 22 erfarenhet
483 535 39 21 och
538 535 70 27 insigt,
624 535 67 22 finner
703 535 37 27 jag
755 535 47 22 icke
816 535 68 22 heller
900 535 45 22 skäl
960 542 52 15 vara

192 566 32 19 att
245 564 31 21 uti
294 564 60 21 detta
374 564 99 21 afseende
492 563 66 28 något
582 564 54 21 ifrån
660 564 48 21 näd.
735 570 59 21 prop.
819 564 113 21 afvikande
955 565 57 20 stad-

192 593 68 26 gande
275 599 50 14 vore
340 592 106 27 behöfligt.
469 592 41 27 Jag
522 592 33 21 får
570 593 72 21 derför
656 592 74 22 förena
745 593 42 26 mig
802 599 34 15 om
851 593 57 22 Frih.
924 593 88 27 Gripen-

192 621 63 27 bergs
268 620 86 27 förslag.

261 678 32 21 Hr
308 678 59 21 Edv.
387 677 201 27 Björkenheim:
619 679 42 21 Det
676 678 38 22 har
730 678 44 21 ofta
789 678 127 22 framhällits
932 680 31 20 att
979 680 35 20 ut-

194 707 90 22 skottets
306 706 74 21 arbete
402 707 54 20 varit
478 707 82 26 ganska
582 707 58 21 svärt
662 707 40 21 och
722 707 60 22 detta
802 707 39 21 har
859 707 104 22 besannat
982 708 31 26 sig

193 735 65 22 ocksä
272 735 34 21 vid
322 735 70 22 denna
414 735 126 22 diskussion.
570 736 32 21 Hr
616 735 117 22 Rönnbäck
748 741 63 20 ropar
826 735 97 28 högljudt
939 736 27 27 pä
980 738 32 19 att

192 771 50 15 man
256 764 40 21 har
311 763 33 22 för
359 764 47 21 litet
421 764 121 22 förtroende
558 764 34 21 för
614 765 135 20 kommunala
763 764 147 27 myndigheter
925 765 39 21 och
980 765 34 21 för

192 793 84 27 mycket
298 793 33 21 för
351 793 183 26 länestyrelserna,
557 793 57 21 Frih.
631 799 40 15 von
687 792 87 22 Alfthan
796 793 46 22 åter
857 795 62 25 säger
934 795 32 19 att
981 796 32 19 ut-

194 823 80 20 skottet
294 821 46 22 haft
362 821 33 21 för
417 822 47 20 litet
482 821 122 22 förtroende
619 822 33 21 för
668 822 61 21 dessa
744 822 137 21 sistnämnda.
911 822 41 27 Jag
967 824 47 19 tror

194 851 33 22 för
241 851 43 21 min
300 850 34 22 del
349 851 33 20 att
396 850 106 21 utskottet
516 850 58 21 såväl
582 850 47 22 haft
637 857 45 15 som
691 852 34 25 egt
732 851 48 21 fullt
788 851 46 21 skäl
845 852 33 20 att
887 851 63 21 hafva
958 853 55 20 stort

193 879 123 22 förtroende
338 879 32 21 till
394 879 176 27 länestyrelsernä
592 880 8 21 i
622 879 60 22 detta
699 879 106 22 afseende.
835 880 31 21 De
885 879 79 28 gänger
978 880 37 27 jag

193 909 47 21 haft
263 911 51 18 äran
337 909 94 26 upptaga
456 909 59 20 detta
536 908 122 27 Höglofliga
673 908 77 21 Ständs
765 909 193 26 uppmärksamhet,
975 909 39 21 har

192 938 36 27 jag
244 937 48 21 sökt
308 937 78 21 betona
401 943 26 14 en
442 937 38 21 sak
495 936 39 22 och
550 937 36 21 det
601 939 24 19 är
639 937 135 27 fortgäendet
791 937 27 27 pä
834 937 40 22 den
889 939 47 25 väg,
952 938 62 21 somi

194 967 41 21 den
250 973 28 14 nu
294 965 114 22 bestäende
423 965 159 28 lagstiftningen
603 967 39 26 gör
660 967 31 25 sig
706 966 104 27 gällande.
840 966 40 27 Jag
895 967 39 20 har
950 966 64 21 ocksä

193 994 117 22 framhällit
332 995 32 20 att
387 994 88 22 oaktadt
496 995 62 20 dessa
576 995 158 26 bestämningar
756 995 72 21 kunna
842 1001 52 15 vara
909 995 23 21 af
944 996 70 20 större

194 1024 51 21 eller
260 1023 81 22 mindre
357 1023 97 26 praktisk
469 1023 114 27 betydelse,
601 1023 23 21 sä
640 1029 49 16 vore
704 1023 36 22 det
754 1023 46 22 skäl
816 1026 32 19 att
862 1023 108 22 bibehälla
985 1023 29 22 el-

193 1052 32 21 ler
248 1053 26 20 än
290 1058 45 15 mer
357 1051 97 22 utveckla
470 1052 54 21 dem.
554 1052 33 21 En
602 1052 23 21 af
639 1052 25 21 de
679 1052 112 27 principer,
806 1052 73 21 hvilka
894 1053 39 20 den
949 1058 66 15 nuva-

193 1081 93 21 varande
302 1081 159 26 lagstiftningen
475 1080 124 26 innehäller,
615 1083 24 18 är
654 1081 46 25 den,
716 1082 32 19 att
763 1081 23 21 ät
800 1081 130 21 kommunen
938 1081 24 21 sä
970 1082 44 20 stor

194 1109 197 27 sjelfbestämmelse
406 1115 44 15 som
466 1109 82 27 möjligt
568 1109 70 22 blifvit
656 1109 149 22 öfverlemnad.
835 1109 40 27 Jag
889 1109 39 22 ber
943 1109 73 22 derför

194 1138 22 21 fä
238 1137 126 26 framställa,
379 1137 105 22 huruvida
498 1137 46 22 icke
560 1138 116 21 utskottets
690 1138 79 27 förslag
784 1139 70 21 kunde
870 1140 89 24 antagas
975 1138 39 21 och

192 1166 36 27 jag
250 1168 46 19 tror
315 1166 115 27 ingalunda
450 1168 32 19 att
504 1166 134 27 kommunen,
661 1167 71 20 derest
753 1167 46 21 icke
821 1167 37 26 fog
876 1167 137 24 förekomme,

194 1195 68 21 skulle
288 1195 54 21 neka
370 1201 26 14 en
419 1195 207 27 utskänkningsrätt,
649 1195 85 21 hvartill
763 1195 47 22 skäl
839 1195 69 22 kunde
938 1195 75 21 finnas.

194 1223 62 21 Hvad
272 1223 30 28 $:s
319 1229 63 15 mom.
398 1224 13 20 2
427 1223 108 27 beträffar,
550 1224 24 21 sä
589 1223 96 22 anhåller
698 1223 36 27 jag
748 1223 23 22 få
785 1224 74 21 förena
874 1224 43 27 mig
924 1224 48 21 med
982 1224 32 21 Hr

194 1251 103 26 Granfelt,
320 1251 124 28 öfvertygad
467 1258 33 15 om
523 1254 32 19 att
577 1252 143 27 utländingen,
743 1254 39 19 när
804 1253 42 20 han
861 1253 91 20 besöker
967 1252 47 21 värt

194 1280 50 21 land
267 1281 39 20 och
327 1280 67 22 finner
416 1281 91 20 orsaken
530 1281 31 20 till
577 1280 257 27 utskänkningsförbudet
848 1287 52 15 vara
914 1287 26 15 en
955 1281 60 21 kom-

194 1313 88 15 munens
304 1308 97 20 uttalade
423 1309 88 25 önskan,
532 1308 84 21 komme
639 1309 32 20 att
691 1309 81 20 skänka
787 1309 117 21 detsamma
920 1309 32 20 sin
968 1309 47 20 akt-

194 1336 50 26 ning
260 1335 38 22 och
314 1336 46 21 icke
376 1335 140 27 ringaktning.

263 1392 57 21 Frih.
343 1393 204 26 Langenskiöld:
583 1393 33 21 Då
636 1393 37 27 jag
695 1396 88 24 antager
806 1395 32 20 att
852 1393 58 22 Frih.
926 1393 88 27 Gripen-

194 1422 62 26 bergs
271 1421 80 27 förslag
366 1421 66 27 gäller
447 1422 75 21 endast
537 1422 68 21 första
621 1421 38 22 och
675 1422 67 21 andra
756 1424 120 20 momenten
891 1423 7 20 i
914 1423 69 21 denna
994 1423 19 26 8,

194 1451 39 20 ber
252 1450 37 27 jag
311 1452 32 19 att
365 1449 21 22 få
401 1450 130 21 understöda
546 1451 53 21 hans
614 1450 80 27 förslag
708 1451 8 21 i
731 1451 69 21 denna
815 1451 40 21 del.
884 1451 11 22 I
910 1457 105 16 samman-

194 1479 56 26 hang
265 1478 87 22 härmed
368 1479 42 21 kan
423 1479 36 27 jag
474 1479 46 22 icke
536 1479 113 22 underläta
664 1481 33 19 att
712 1479 108 26 anmärka,
836 1481 32 20 att
878 1481 136 26 paragrafens

195 1507 66 27 fjerde
276 1511 95 18 moment
386 1509 24 19 är
424 1507 100 22 affattadt
539 1508 28 26 pä
583 1508 75 21 sådant
677 1509 43 21 sätt
735 1510 33 19 att
782 1509 127 26 paragrafen
924 1510 7 20 i
946 1509 68 21 denna
