1084 1778
370 129 25 17 R.
406 133 18 13 0.
436 130 22 16 A.
472 129 56 17 1891.
551 129 23 18 16
585 130 48 21 Maj.
833 126 53 21 1057

270 207 152 30 Folkskoletväng
438 208 34 23 och
488 208 175 27 folkskoledistrikt,
680 215 22 16 m.
718 215 23 16 m.

165 264 40 21 Till
221 265 60 20 detta
295 265 85 26 plenum
396 265 54 21 hade
464 265 110 27 bordlagts
590 265 38 22 och
644 265 109 28 föredrogs

164 320 114 22 Allmänna
299 321 206 22 Besvärsutskottets
526 321 135 22 betänkande
682 322 40 21 N:o
738 323 28 20 20
781 323 6 20 i
803 323 113 26 anledning

97 349 23 21 af
133 349 104 21 särskilda
251 349 7 21 i
273 349 90 26 Preste-,
372 349 102 26 Borgare-
490 350 38 21 och
540 349 163 22 Bondeständen
722 351 120 21 inlemnade
862 351 53 26 peti-

96 376 167 22 tionsmemorial
278 384 34 14 om
328 377 119 27 skyldighet
468 378 33 21 för
522 378 152 21 kommunerna
694 378 13 22 &
727 379 73 21 landet
814 381 32 19 att
862 379 53 21 efter

97 406 55 21 vissa
173 406 132 21 föreskrifter
326 406 79 21 inrätta
426 406 65 27 högre
512 406 123 27 folkskolor,
654 413 33 16 om
704 408 117 21 ordnandet
836 408 24 21 af
872 408 42 21 för-

96 434 109 21 hällandet
221 435 89 21 emellan
326 434 132 22 skoldistrikt
473 435 39 22 och
528 435 41 21 den
585 435 67 27 öfriga
666 435 126 22 kommunen
809 438 55 19 samt
880 443 34 15 om

97 463 170 22 statsunderstöd
278 463 22 21 ät
310 463 77 26 fattiga
396 463 125 22 kommuner
531 463 34 22 för
575 464 141 26 uppförandet
728 464 23 22 af
761 464 153 23 folkskolehus.

163 519 31 22 Pä
209 520 93 27 begäran
317 519 108 23 lemnades
440 521 61 22 ordet
516 520 22 22 ät

165 577 32 22 Hr
211 577 25 22 K.
253 577 106 26 Antell,
376 583 44 16 som
436 577 95 27 yttrade:
546 577 69 21 Bland
630 578 25 21 de
669 577 78 27 frägor,
759 584 44 15 som
814 578 31 21 uti
856 579 59 20 detta

96 606 135 21 betänkande
246 606 123 26 behandlas,
385 607 35 20 vill
434 607 36 26 jag
485 606 33 21 för
532 606 43 21 min
591 606 33 21 del
640 607 90 20 tillmäta
742 607 39 20 den
792 608 80 20 största
880 607 35 22 be-

97 634 95 27 tydelsen
216 634 22 21 ät
260 635 103 26 förslaget
377 637 32 19 att
425 634 103 27 befrämja
542 635 130 20 tillkomsten
687 635 23 20 af
724 635 192 21 folkskoledistrikt

96 663 56 21 inom
175 663 160 20 kommunerna.
365 663 65 21 Detta
453 663 77 21 ärende
546 662 66 23 finnes
627 663 100 21 särskildt
742 663 121 21 framstäldt
884 664 32 20 uti

96 691 40 21 den
152 691 23 21 af
189 691 32 21 Hr
236 691 102 21 Sundvall
353 691 7 21 i
375 693 70 19 ämnet
460 691 118 26 framlagda
593 692 122 26 petitionen.
746 691 40 26 Jag
801 694 45 19 tror
854 692 61 21 äfven

95 719 34 21 för
144 720 42 20 min
203 719 33 21 del
252 720 89 20 likasom
357 720 147 26 petitionären,
525 721 32 19 att
571 719 100 21 intresset
685 719 34 21 för
733 719 120 22 folkskolan
868 720 47 21 icke

96 754 65 20 gerna
176 748 42 20 kan
234 747 131 27 uppehällas,
382 748 70 21 derest
467 754 49 15 man
531 748 46 21 icke
593 748 23 21 sä
631 748 144 26 föranstaltar,
791 751 33 18 att
834 748 80 21 befolk-

94 777 77 26 ningen
186 776 39 21 har
241 778 32 19 att
287 776 88 27 bidraga
390 776 32 22 till
437 776 124 26 folkskolor,
577 782 45 16 som
638 778 37 20 äro
690 776 24 21 sä
729 776 96 27 belägna,
838 779 33 19 att
882 777 32 24 de,

96 812 45 14 som
163 805 70 21 lemna
255 804 109 28 bidragen,
387 805 108 26 verkligen
510 805 72 21 kunna
597 805 33 21 för
645 805 45 21 sina
705 805 53 21 barn
773 804 96 28 begagna
884 806 31 26 sig

97 834 23 21 af
133 834 114 24 desamma,
263 833 40 21 och
317 834 46 21 icke
379 833 89 21 allenast
483 833 86 27 äläggas
584 835 33 19 att
631 835 131 24 gemensamt
776 834 140 21 kontribuera

96 862 33 22 till
151 862 138 21 kommunens
311 862 117 21 folkskolor
449 862 7 20 i
471 862 122 21 allmänhet.
623 862 41 26 Jag
678 864 25 18 är
718 862 71 22 derför
804 862 7 22 i
826 862 89 21 hufvud-

96 890 38 22 sak
157 897 48 15 ense
228 890 48 21 med
298 891 115 21 utskottets
436 890 155 27 framställning
615 897 34 15 om
672 892 72 25 nyttan
760 890 24 22 af
797 893 33 19 att
844 890 71 22 ästad-

95 920 84 21 komma
200 919 191 22 folkskoledistrikt
411 919 57 21 inom
488 919 158 24 kommunerna,
662 925 47 15 men
722 919 36 27 jag
773 920 63 26 hyser
850 919 65 22 emel-

96 948 64 21 lertid
183 950 45 18 stor
247 948 78 21 tvekan
348 949 33 19 att
402 947 7 21 i
432 947 59 22 detta
514 948 99 21 afseende
628 947 112 26 godkänna
755 948 117 21 utskottets
887 947 27 27 pä

95 983 47 20 pag.
167 977 24 20 31
215 975 39 22 och
274 976 75 27 början
369 975 23 21 af
406 976 26 21 32
447 976 75 26 gjorda
536 976 162 26 framställning,
714 977 22 26 ty
749 976 36 27 jag
800 976 67 21 finner
881 976 33 21 för

96 1005 43 20 min
155 1005 42 25 del,
213 1006 32 19 att
260 1005 36 20 det
311 1006 24 19 är
350 1004 58 27 längt
424 1004 54 21 ifrän
494 1005 99 26 afgjordt,
609 1005 103 20 huruvida
727 1005 40 20 den
778 1011 28 14 nu
816 1005 98 26 gällande

96 1032 274 27 kommunalförfattningen
393 1033 32 20 för
443 1033 73 21 landet
530 1033 56 21 skall
601 1038 62 15 anses
677 1033 102 20 innebära
794 1034 30 19 ett
839 1033 75 20 hinder

96 1062 32 20 för
143 1061 140 26 uppkomsten
299 1061 22 21 af
333 1061 196 21 folkskoledistrikt.
560 1061 45 21 Den
627 1060 119 27 äberopade
761 1061 153 25 författningen

96 1089 117 22 innehäller
235 1089 105 27 nämligen
362 1089 32 21 uti
415 1090 6 25 $
437 1090 12 20 6
465 1090 74 21 endast
561 1095 25 15 en
603 1088 49 22 kort
670 1088 147 22 bestämmelse
834 1089 80 27 derom,

96 1120 32 19 att
143 1118 36 21 det
193 1118 123 21 ankommer
339 1118 12 20 å
365 1118 214 21 kommunalstämma
597 1119 38 24 att,
651 1117 64 21 bland
731 1118 68 26 öfriga
814 1118 100 26 ärenden,

97 1146 70 22 rädslä
191 1146 39 22 och
253 1146 74 27 afgöra
349 1152 34 15 om
405 1146 121 22 inrättande
540 1146 24 22 af
576 1146 124 26 folkskolor,
716 1146 39 21 och
771 1146 71 21 vidare
857 1146 58 22 inne-

95 1174 68 22 håller
185 1174 274 27 kommunalförfattningen
480 1175 33 21 för
535 1175 72 21 landet
626 1174 7 20 i
649 1174 10 28 $
675 1175 27 20 54
717 1181 25 15 en
765 1174 149 22 bestämmelse

96 1210 34 14 om
151 1203 55 21 huru
228 1203 68 21 medel
318 1204 110 20 uttaxeras
450 1203 33 21 för
504 1203 140 21 kommunens
665 1209 157 21 gemensamma
843 1202 71 22 behof.

96 1232 40 26 Jag
157 1232 43 20 kan
221 1232 46 21 icke
289 1231 63 26 finna,
375 1233 31 19 att
425 1232 122 26 nägondera
561 1232 23 20 af
597 1232 62 20 dessa
673 1231 157 27 bestämningar
846 1231 68 21 skulle

96 1262 76 24 utgöra
194 1260 75 21 hinder
291 1260 33 20 för
346 1260 141 26 uppkomsten
507 1260 24 20 af
543 1260 197 24 folkskoledistrikt,
757 1266 47 14 men
820 1259 12 21 &
847 1260 67 20 andra

96 1288 61 21 sidan
172 1288 67 21 skulle
252 1288 37 26 jag
303 1288 46 21 icke
365 1288 65 22 heller
444 1288 51 26 vilja
509 1288 114 26 godkänna
638 1294 25 15 en
678 1288 66 21 sädan
759 1288 123 26 förändring
894 1288 22 21 af

96 1316 283 27 kommunalförfattningen,
399 1316 136 27 hvarigenom
551 1316 62 22 dessa
627 1316 72 27 frägor
714 1316 68 21 skulle
797 1316 118 21 undanhäl-

96 1345 32 21 las
143 1345 214 21 kommunalstämma
371 1345 51 21 eller
437 1345 200 21 kommunalnämnd
653 1344 27 27 pä
694 1345 77 21 landet.
803 1344 41 22 Det
857 1346 24 19 är
890 1344 25 27 ju

96 1374 63 26 klart,
182 1374 33 20 att
238 1379 34 15 om
295 1373 36 22 det
350 1373 95 22 kommer
460 1375 32 20 att
507 1373 52 22 bero
574 1373 91 22 allenast
679 1373 27 27 pä
721 1372 193 22 folkskoledistrik-

96 1404 41 18 tets
153 1403 138 19 medlemmar
307 1403 32 19 att
353 1403 34 19 för
402 1402 73 20 skolan
494 1402 57 20 inom
567 1401 106 22 distriktet
687 1403 98 19 uttaxera
800 1401 75 24 medel,
891 1401 23 21 sä

96 1429 68 22 blefve
180 1430 37 20 det
230 1429 23 27 ju
268 1429 89 21 sälunda
371 1428 246 27 folkskoledirektionen,
641 1435 45 15 som
700 1428 85 22 komme
800 1430 32 20 att
847 1428 67 21 hand-

96 1458 62 27 lägga
174 1458 71 27 dylika
260 1457 99 22 ärenden.
388 1457 35 21 Nu
438 1457 125 21 ankommer
578 1458 59 20 detta
653 1456 12 22 ä
679 1457 234 26 kommunalnämnden,

96 1493 45 15 som
164 1487 65 27 enligt
251 1486 151 28 författningen
424 1486 39 21 har
485 1488 32 19 att
532 1488 97 26 uppgöra
643 1486 224 27 uppbördslängderna
881 1484 33 22 för

96 1516 49 22 hela
160 1516 41 21 den
215 1516 136 21 kommunala
373 1515 170 27 beskattningen.
572 1515 73 27 Enligt
667 1514 98 28 gällande
780 1514 134 22 bestämmel-
