1098 1781
213 124 54 22 1138
463 131 24 16 R.
499 134 17 12 o.
528 129 23 17 A.
563 130 54 17 1891.
641 129 22 16 19
675 129 49 20 Maj.

252 208 69 21 Sedan
336 209 32 21 Hr
378 208 245 21 Vicelandtmarskalken
638 207 57 23 Frih.
710 207 59 26 Boije
784 207 52 20 härä
846 206 75 26 intagit
931 205 70 21 landt-

184 236 208 27 marskalksplatsen,
414 237 110 26 föredrogs
545 235 138 22 förenämnda
707 234 238 25 utskottsbetänkande;
965 239 36 15 va-

184 265 65 22 rande
264 265 118 21 detsamma
396 265 24 20 af
432 265 93 26 följande
540 264 87 27 lydelse:

467 503 241 25 Riddarhusutskottets
735 502 134 24 betänkande
894 502 10 24 i
930 501 72 25 anled-

396 540 54 29 ning
464 539 24 23 af
501 538 271 25 Riddarhusdirektionens
786 537 115 25 berättelse
916 544 34 18 om
962 538 41 24 för-

396 574 129 30 valtningen
547 575 25 23 af
589 574 158 30 Ridderskapet
767 574 39 23 och
822 572 82 25 Adelns
919 573 83 30 angelä-

396 610 101 29 genheter
511 610 92 24 emellan
617 609 157 30 landtdagarna
789 608 51 24 1888
855 608 39 25 och
908 608 56 24 1891.

253 692 89 24 Medels
365 692 218 32 protokollsutdrag
604 691 25 25 af
647 692 44 23 den
710 692 14 23 2
744 691 110 24 sistlidne
872 690 67 25 Mars
958 691 45 24 har

184 726 173 32 Ridderskapet
375 726 44 23 och
436 726 78 24 Adeln
532 726 137 32 hänskjutit
681 726 44 24 den
737 726 42 23 vid
792 726 65 24 1888
870 728 40 22 års
923 726 79 23 landt-

184 762 46 30 dag
248 760 105 24 tillsatta
370 760 301 24 Riddarhusdirektionens
684 760 125 24 berättelse
821 760 121 32 angäende
954 760 49 24 för-

183 795 144 31 valtningen
354 794 25 24 af
405 794 174 25 Riddarhusets
607 795 200 31 angelägenheter
828 794 55 24 frän
907 794 45 24 den
971 795 30 23 31

183 829 50 31 Maj
253 829 104 23 nämnda
370 830 27 22 är
409 829 39 23 till
461 830 44 23 den
520 829 30 23 17
565 829 130 24 nästvikne
710 828 110 30 Januari,
832 828 170 24 innehällande

184 863 110 31 derjemte
316 862 92 32 förslag
430 863 40 23 till
492 863 148 24 instruktion
661 862 37 24 för
715 862 288 24 Riddarhusdirektionen

184 899 63 22 samt
267 896 40 24 till
328 896 148 32 stadganden
499 897 100 24 rörande
621 896 313 32 ekonomi-förvaltningen;
960 897 43 23 och

184 931 38 24 fär
239 930 122 24 Utskottet
378 930 98 24 härmed
495 931 94 31 afgifva
606 932 37 23 det
659 932 14 22 ä
691 931 122 23 Utskottet
830 931 94 30 jemlikt
942 931 33 23 40
989 932 13 29 $

184 966 8 23 i
216 964 111 33 gällande
349 964 241 33 Riddarhusordning
613 965 172 25 ankommande
803 966 111 29 yttrande
932 965 9 24 i
959 973 43 16 an-

184 999 98 32 ledning
300 999 25 24 af
343 999 76 32 sagda
435 1000 93 24 remiss.

252 1033 109 24 Rörande
389 1033 26 24 de
438 1034 144 24 omfattande
605 1034 42 24 och
670 1033 147 25 kostsamma
840 1035 162 30 reparations-

184 1068 44 25 och
255 1068 226 32 putsningsarbeten
505 1070 14 22 å
540 1068 280 32 riddarhusbyggnaden,
844 1076 50 16 som
916 1069 85 24 omför-

184 1103 77 23 mälas
279 1102 9 23 i
308 1102 63 24 1:sta
389 1102 107 31 punkten
515 1103 52 31 (sid.
587 1103 32 24 94
637 1103 10 23 i
663 1102 175 33 Ridderskapet
856 1103 43 24 och
912 1103 90 24 Adelns

184 1135 133 33 protokoll),
338 1137 46 22 har
405 1137 115 24 utskottet
540 1137 81 23 funnit
640 1139 35 21 att
693 1136 161 31 Direktionen,
872 1137 52 24 med
942 1138 59 23 hän-

181 1179 50 22 syn
251 1170 40 24 till
312 1170 168 32 önskligheten
500 1171 19 31 ej
542 1171 92 23 mindre
658 1173 35 21 att
710 1171 94 30 jemlikt
821 1171 9 24 i
848 1172 84 23 staden
950 1171 51 32 gäl-

183 1205 70 23 lande
271 1205 229 31 byggnadsordning
517 1205 84 24 kunna
618 1205 61 23 förse
700 1205 156 31 byggnadens
875 1205 58 24 vind
950 1205 53 24 med

183 1239 96 31 verklig
296 1239 162 30 brandbotten,
476 1242 31 20 än
526 1241 35 22 att
578 1239 36 23 för
632 1239 128 23 framtiden
780 1239 108 24 undvika
906 1240 97 32 ständig

183 1273 135 31 reparation
345 1272 24 23 af
396 1273 44 24 och
462 1281 39 16 oro
522 1273 37 24 för
581 1273 169 31 mellantaken,
771 1274 52 23 icke
842 1273 88 25 saknat
948 1274 54 25 skäl

183 1309 42 28 att,
243 1307 52 23 med
313 1306 51 24 stöd
383 1307 24 23 af
425 1307 172 24 vederbörande
615 1307 126 24 fackmans
754 1310 92 29 utsago,
862 1311 30 29 pä
904 1309 38 23 det
955 1311 48 22 sätt

183 1347 50 17 som
252 1341 62 22 skett
333 1340 43 23 och
394 1341 52 23 med
464 1341 26 23 de
509 1341 104 30 dyrbara
629 1341 249 31 jernkonstruktioner
896 1351 50 15 som
958 1351 43 16 an-

183 1374 92 31 vändts,
294 1374 79 24 utföra
386 1375 70 24 dessa
468 1375 103 31 arbeten,
582 1375 87 24 hvilka
682 1375 174 33 Ridderskapet
868 1377 44 24 och
924 1377 78 24 Adeln

182 1408 41 25 vid
242 1412 94 22 senaste
354 1409 116 33 landtdag
488 1410 75 24 under
581 1409 155 26 Direktionen
754 1410 105 25 lemnadt
876 1413 68 30 öppet
962 1412 39 24 be-

182 1444 161 32 myndigande
365 1444 10 23 i
395 1444 139 24 hufvudsak
554 1445 100 31 pröfvat.
690 1446 43 23 Att
751 1445 127 33 åtskilliga
896 1446 50 24 dels
965 1454 36 16 re-

183 1478 46 24 dan
247 1478 116 31 beslutna,
375 1478 49 24 dels
444 1479 56 31 eljes
519 1480 87 31 nödiga
623 1480 142 32 putsnings-
787 1480 43 24 och
842 1481 158 24 remontarhe-

182 1515 39 21 ten
244 1512 9 24 i
275 1512 142 34 byggnaden
436 1513 51 25 icke
506 1514 124 32 samtidigt
650 1513 58 25 eller
725 1515 9 23 i
753 1522 29 17 en
801 1514 57 33 följd
876 1516 51 24 med
945 1515 55 25 huf-
