1092 1773
383 154 24 17 R.
421 159 17 12 o.
450 155 22 16 A.
485 153 56 18 1891.
564 155 27 17 26
603 154 48 21 Maj.
844 150 52 21 1421

107 239 68 20 nerna
189 233 67 20 borde
271 235 62 24 göras
349 233 32 21 till
396 233 89 22 föremäl
500 234 33 21 för
547 233 71 28 tväng.
641 234 34 21 Nu
689 234 114 27 föreligger
818 240 26 15 en
858 235 67 26 fräga,

108 267 46 15 som
170 261 39 21 har
225 263 30 19 ett
271 263 52 19 nära
339 261 102 22 samband
457 263 47 20 med
520 262 40 21 den
576 262 22 21 af
612 263 42 25 mig
671 263 137 24 omnämnda;
824 269 48 14 men
888 263 39 21 här

108 291 24 18 är
142 289 75 21 endast
232 289 61 26 fräga
308 296 34 14 om
352 291 32 20 att
395 290 122 21 underlätta
531 290 128 21 folkskolors
668 290 120 21 inrättande
800 291 57 20 inom
868 291 60 21 kom-

107 323 109 15 munerna.
247 318 125 26 Syftemälet
386 318 49 21 med
451 318 181 27 framställningen
648 321 24 18 är
685 319 24 26 ju
729 319 54 21 intet
806 321 70 23 annat,
900 321 27 19 än

107 347 33 20 att
158 346 4 20 i
177 346 26 21 de
218 346 132 26 kommuner,
365 347 38 20 der
417 346 106 22 folkskola
536 347 51 20 eller
602 347 80 21 kanske
697 347 65 21 redan
772 347 50 21 flere
833 347 95 22 folksko-

107 375 33 21 lor
155 374 74 27 finnas,
246 375 109 26 möjlighet
370 375 66 21 mätte
451 375 90 22 beredas
556 375 70 21 skilda
640 375 76 27 byalag
726 376 52 21 eller
789 376 96 21 enskilda
895 378 33 19 att

107 405 116 25 yttermera
239 404 40 21 öka
295 403 81 22 antalet
391 403 22 22 af
427 403 86 27 sädana,
530 404 39 21 och
584 405 32 20 att
632 404 32 26 de,
680 410 44 15 som
737 404 47 21 icke
794 405 71 20 kunna
874 411 53 14 vara

107 431 171 22 tillfredsställda
299 432 49 21 med
374 432 139 21 kommunens
538 439 156 20 gemensamma
719 433 112 26 folkskola,
859 433 68 21 måtte

107 461 72 20 kunna
195 460 28 26 på
238 461 64 26 laglig
317 462 41 25 väg
380 460 147 22 åstadkomma
550 461 96 22 enskilda
668 461 85 24 sådana,
776 463 52 20 utan
851 461 76 22 hinder

107 489 47 21 från
169 489 140 22 kommunens
325 489 51 21 sida.
406 489 49 22 Men
471 489 59 22 detta
544 489 96 27 påkallar
657 496 25 15 en
695 490 88 27 ändring
805 491 6 20 i
833 496 29 15 nu
883 490 44 26 gäl-

108 518 62 21 lande
186 517 247 28 kommunalförfattning
447 518 8 21 i
470 518 35 21 det
521 519 53 26 syfte
584 519 117 26 petitionen
711 519 95 26 antyder.
829 519 40 26 Jag
881 520 46 19 tror

109 546 71 22 derför
189 548 32 19 att
230 547 35 21 det
273 547 292 26 sammanjemkningsförslag
575 547 106 21 utskottet
688 553 29 15 nu
725 547 39 21 har
778 547 116 22 framställt
901 553 26 15 ur

109 575 133 27 synpunkten
258 575 23 21 af
295 576 36 21 det
346 575 96 27 önskliga
453 581 34 16 om
497 576 96 21 enskilda
602 575 128 22 folkskolors
741 576 113 26 uppkomst
869 576 58 20 inom

109 604 83 21 landets
207 603 125 22 kommuner
354 603 66 22 måtte
436 605 52 20 röna
503 605 24 20 R.
545 611 17 14 o.
579 604 37 21 A:s
631 604 66 21 bifall.
722 604 42 21 För
779 605 43 20 min
838 604 34 21 del
887 604 40 21 har

106 632 38 27 jag
158 633 122 26 visserligen
296 633 42 20 fäst
352 633 43 25 mig
409 633 35 20 vid
460 633 65 20 slutet
543 633 23 21 af
586 633 112 26 klämmen,
715 633 19 20 d.
751 638 18 15 v.
785 639 16 14 s.
818 632 109 27 angående

110 661 96 20 enskilda
221 661 82 21 skolors
318 661 103 26 rättighet
441 661 30 21 till
496 661 131 26 delaktighet
649 661 7 21 i
678 661 146 21 inkomsterna
838 661 47 21 från
901 661 26 20 de

109 689 81 27 fonder,
207 695 44 15 som
267 689 32 21 till
311 689 164 22 kommunernas
490 696 157 20 gemensamma
669 689 205 22 folkskoleändamål
889 691 38 19 äro

110 718 108 27 anslagna.
247 718 38 22 Ett
300 719 88 20 allmänt
405 719 111 20 uttalande
539 719 73 21 derom
634 719 7 20 i
662 725 26 15 en
709 718 125 27 författning
856 718 71 21 kunde

110 747 113 26 möjligtvis
238 747 79 26 ingifva
332 747 175 26 betänkligheter,
530 753 48 15 men
593 748 33 20 för
648 747 42 21 min
713 747 34 21 del
769 747 108 26 uppfattar
890 747 37 27 jag

110 776 66 20 saken
192 775 94 26 sålunda,
309 777 32 19 att
363 775 27 21 då
413 776 116 26 petitionen
551 775 83 21 komme
657 776 32 20 att
711 775 107 21 innehålla
840 777 32 19 att
894 775 34 21 till

110 804 163 21 kommanernas
289 809 156 21 gemensamma
459 803 205 22 folkskoleändamål
682 804 102 26 anslagna
806 804 69 21 medel
897 803 30 21 äf-

110 838 39 15 ven
166 832 65 21 måtte
253 832 84 21 komma
360 832 96 21 enskilda
479 832 87 27 byalags
588 833 52 21 eller
661 832 147 26 bolagsskolor
831 832 32 21 till
886 832 41 25 del,

111 861 59 21 detta
185 861 46 21 icke
247 860 65 21 borde
327 866 62 16 anses
407 861 103 21 innefatta
533 867 26 15 en
581 861 73 21 alltför
676 860 67 27 vågad
765 860 52 22 eller
839 860 88 22 orättvis

110 889 141 28 bestämning.
279 889 34 22 Då
329 890 44 21 deri
388 890 106 26 nämligen
514 889 75 22 endast
605 889 86 27 stadgas
706 896 34 14 om
756 889 80 22 sådana
850 889 77 24 medel,

110 924 46 15 som
171 919 44 26 till
229 919 163 20 kommunernas
407 924 157 20 gemensamma
577 918 127 21 folkskolor"
720 920 36 19 äro
772 918 108 27 anslagna,
904 918 23 21 sä

110 947 43 20 kan
166 947 37 26 jag
218 947 66 21 tänka
298 947 43 26 mig
355 949 33 19 att
403 947 80 20 sådana
498 947 76 21 fonder
588 947 52 20 eller
655 947 69 20 medel
746 947 82 21 kunnat
850 947 79 26 uppstå

111 975 27 27 på
154 976 56 21 olika
225 977 50 24 sätt,
291 975 45 21 dels
351 981 75 20 genom
442 975 100 27 frivilliga
557 975 137 26 insamlingar
715 976 57 20 inom
793 975 134 26 kommunen,

110 1004 31 21 uti
156 1004 72 21 hvilka
243 1004 98 26 frivilliga
361 1003 138 27 insamlingar
520 1003 106 22 måhända
647 1003 61 21 äfven
730 1004 36 21 det
788 1003 139 26 skoldistrikt,

111 1038 44 16 som
171 1039 29 14 nu
215 1033 68 20 skulle
299 1032 81 21 erhålla
395 1038 25 15 en
436 1033 40 26 del,
492 1033 39 21 har
551 1033 98 26 bidragit,
672 1032 39 21 har
732 1033 62 26 gifvit
816 1032 32 21 sin
863 1032 65 25 skärf,

111 1061 39 22 och
166 1061 27 21 då
209 1067 49 15 vore
274 1061 36 20 det
323 1061 24 26 ju
362 1061 43 21 helt
421 1061 101 26 naturligt
537 1063 32 20 att
584 1061 66 26 sagda
661 1060 96 21 distrikts
768 1061 95 21 enskilda
873 1060 56 21 folk-

110 1089 60 22 skola
185 1090 66 21 borde
267 1089 65 22 blifva
347 1089 93 26 delaktig
455 1091 6 18 i
477 1090 26 21 de
518 1090 117 21 insamlade
650 1089 90 26 medlen,
760 1089 66 21 ehuru
841 1089 36 21 det
892 1089 37 21 he-

111 1120 33 19 ter
159 1120 33 19 att
207 1119 25 20 de
249 1120 36 19 äro
301 1118 102 26 anslagna
418 1118 32 21 till
463 1118 163 21 kommunernas
638 1123 157 21 gemensamma
805 1117 123 22 folkskolor.

111 1147 72 21 Skulle
199 1146 46 21 åter
260 1147 177 21 testamenterade
453 1147 68 21 medel
536 1146 120 25 förefinnas,
672 1146 39 21 och
726 1147 148 20 testamentets
892 1146 37 21 be-

111 1175 131 26 stämningar
257 1175 27 26 på
299 1175 64 26 något
379 1177 42 19 sätt
436 1175 89 26 ansåges
548 1175 76 21 hindra
646 1175 80 20 sådana
747 1175 80 21 medels
849 1176 79 19 använ-

112 1204 69 21 dande
195 1204 34 21 för
245 1204 95 21 enskilda
355 1203 77 27 skolor,
449 1203 23 21 så
487 1203 39 22 bör
537 1205 25 26 ju
578 1203 134 26 naturligtvis
727 1209 27 14 en
775 1204 66 20 sådan
864 1205 65 18 testa-

111 1232 203 27 mentsbestämning
329 1233 140 26 respekteras,
485 1233 40 20 och
540 1233 36 20 det
591 1232 71 21 kunde
677 1231 86 22 alldeles
778 1232 46 21 icke
844 1232 85 21 komma

110 1261 7 20 i
132 1261 61 27 fråga
208 1263 32 19 att
255 1261 97 21 använda
368 1261 61 21 dessa
443 1261 70 20 medel
527 1261 28 26 på
577 1261 31 21 ett
631 1261 109 27 olämpligt
762 1261 51 20 eller
834 1262 14 19 t.
866 1266 18 15 o.
900 1266 28 15 m.

111 1290 88 26 olagligt
214 1291 49 19 sätt.
279 1290 50 21 Men
344 1289 27 21 dä
386 1296 28 14 nu
429 1290 61 20 äfven
505 1290 57 20 inom
576 1290 24 20 R.
618 1295 18 15 o.
653 1289 23 21 A.
693 1290 69 20 röster
774 1289 46 26 höjt
831 1290 31 26 sig
872 1290 57 20 emot

112 1320 30 19 ett
157 1318 169 27 petitionerande
341 1318 108 26 angående
465 1318 160 26 användningen
640 1317 23 21 af
676 1318 33 21 till
719 1318 165 20 kommunernas
894 1323 36 21 ge-

111 1353 130 15 mensamma
256 1346 117 22 folkskolor
388 1347 101 26 anslagna
504 1347 75 25 medel,
594 1346 36 21 vill
642 1346 37 26 jag
694 1346 33 20 för
742 1346 43 21 min
808 1346 34 20 del
863 1351 66 21 gerna

111 1374 44 22 låta
171 1376 68 21 denna
254 1376 34 20 del
303 1382 26 14 ur
343 1375 105 21 klämmen
464 1374 57 27 utgå,
537 1381 48 15 men
601 1374 12 22 &
628 1381 26 14 en
670 1381 69 14 annan
755 1374 45 21 sida
812 1374 68 21 skulle
892 1374 38 26 jag

112 1404 96 26 beklaga,
224 1404 7 19 i
246 1404 37 19 fall
297 1404 47 20 icke
359 1404 24 19 R.
399 1410 20 14 o.
434 1404 24 19 A.
481 1403 48 19 ville
551 1404 74 18 förena
647 1403 31 24 sig
693 1409 33 13 om
748 1402 128 26 petitionens
892 1402 37 20 all-

111 1433 78 19 männa
204 1431 62 26 syfte,
282 1431 19 21 d.
317 1437 19 14 v.
352 1436 15 15 s.
384 1432 32 19 att
430 1436 76 20 genom
522 1436 25 15 en
562 1429 92 26 behöflig
668 1430 89 26 ändring
772 1430 6 20 i
794 1436 28 14 nu
832 1430 98 26 gällande

112 1458 248 28 kommunalförfattning
370 1458 131 21 inrättandet
511 1458 23 21 af
543 1458 96 21 enskilda
649 1458 105 20 distrikts-
767 1458 51 20 eller
833 1458 97 26 byalags-

113 1488 72 22 skolor
200 1488 66 21 mätte
282 1488 138 26 underlättas,
436 1487 39 21 och
491 1486 7 22 i
513 1486 77 22 sädant
604 1486 99 22 afseende
724 1486 86 22 förenar
830 1486 37 27 jag
887 1486 44 27 mig

112 1518 50 21 med
176 1518 33 20 Hr
224 1516 103 22 Lindelöf.
