1109 1792
226 141 53 21 1018
474 146 24 16 R.
511 150 17 12 o.
540 146 23 16 A.
576 146 54 16 1891.
651 146 21 16 15
685 145 47 21 Maj.

196 225 153 26 förordningar,
372 224 108 26 angäende
503 224 18 26 ej
545 224 82 21 mindre
642 224 136 26 tiliverkning
793 224 39 21 och
848 224 125 27 distillering
988 226 28 19 än

196 253 128 27 försäljning,
340 252 88 27 forsling
443 253 39 21 och
497 252 79 27 upplag
594 252 23 21 af
631 252 87 21 bränvin
732 252 39 22 och
786 253 66 21 andra
867 253 81 21 brända
964 253 54 21 eller

196 282 129 21 distillerade
347 281 154 26 spritdrycker;
523 281 88 21 hvarvid
634 281 40 20 den
696 281 67 21 under
782 280 126 27 föregäende
930 282 85 26 plenum

196 309 101 22 afbrutna
319 309 146 22 diskussionen
488 315 35 15 om
544 311 11 19 9
573 309 11 26 &
600 310 7 20 i
622 309 102 27 förslaget
739 309 31 22 till
786 310 123 27 förordning
924 316 34 15 om
973 310 42 21 för-

196 339 96 26 säljning,
308 338 89 27 forsling
412 338 38 21 och
466 339 79 26 upplag
561 338 22 21 af
596 338 88 21 bränvin
700 337 145 28 äterupptogs.

264 407 34 21 Hr
312 407 124 21 Lindelöf
449 407 67 21 utbad
532 407 30 26 sig
578 407 61 22 ordet
654 407 40 21 och
706 407 96 27 yttrade:
831 407 74 22 Denna
920 409 12 20 9
944 403 9 36 $
949 407 68 27 blef

195 436 34 21 vid
251 437 83 20 senaste
356 435 85 27 plenum
464 435 66 22 delvis
546 436 130 25 diskuterad,
692 436 39 21 och
746 436 38 21 ber
797 436 37 27 jag
849 443 28 14 nu
893 437 75 20 endast
983 438 32 19 att

194 465 22 21 fä
231 464 98 27 päminna
344 471 34 14 om
394 464 66 27 nägra
474 464 116 27 yrkanden,
606 471 45 15 som
667 464 27 21 dä
708 465 91 26 gjordes,
814 465 34 21 för
862 466 32 19 att
910 465 60 22 dessa
981 465 35 21 mä

195 493 85 21 komma
302 492 32 21 till
356 493 120 21 beaktande
498 493 34 21 vid
555 493 40 21 den
618 493 85 27 slutliga
721 494 129 26 voteringen.
880 493 135 22 Beträffande

196 522 68 27 tredje
286 528 62 15 mom.
372 521 109 28 föreslogs,
497 523 33 20 att
545 522 40 21 den
600 522 90 27 mening,
707 529 45 14 som
766 522 73 27 börjar
854 523 47 21 med
918 523 32 27 ,ej
966 523 48 21 må”

196 551 55 20 ända
273 550 31 21 till
322 550 140 26 ,,förvärfva*,
478 551 68 20 skulle
562 551 44 20 helt
623 551 38 21 och
676 550 66 22 hållet
756 551 110 21 uteslutas.
898 551 37 22 Ett
951 554 64 19 annat

194 579 94 27 yrkande
304 579 103 21 hänförde
423 579 31 27 sig
470 579 31 21 till
523 580 3 20 4
540 585 63 15 mom.
620 579 38 22 och
674 579 102 28 äsyftade,
792 581 32 20 att
839 580 74 26 början
924 581 23 20 af
956 581 59 20 detta

195 614 62 15 mom.
274 608 67 21 skulle
357 607 21 21 få
393 608 92 26 följande
500 608 88 27 lydelse:
614 625 9 10 ,
624 609 100 26 Bolagets
740 609 135 21 verksamhet
891 609 123 22 öfvervakas

195 637 23 21 af
232 643 25 15 en
272 636 23 21 af
309 636 191 27 stadsfullmäktige
516 637 51 20 eller
587 637 171 21 rädhusstämma
773 637 77 22 tillsatt
864 638 150 25 kontrollant",

195 665 71 22 hvilka
288 665 39 21 ord
345 665 81 21 således
443 665 67 22 skulle
526 665 39 21 här
580 665 79 22 införas
674 666 7 21 i
697 667 70 20 stället
782 666 33 21 för
830 666 107 27 ,bolagets
952 667 62 21 verk-

194 694 82 22 samhet
292 693 124 22 öfvervakas
432 694 22 21 af
468 701 25 14 en
508 694 24 21 af
544 695 152 26 länestyrelsen
712 695 76 22 tillsatt
803 695 151 22 kontrollant.*
979 696 35 21 Ef-

194 726 33 19 ter
250 724 36 21 det
308 723 70 21 beslut
398 723 109 27 angäende
522 723 147 28 fördelningen
684 723 23 22 af
720 724 96 27 bolagets
832 725 120 26 nettovinst,
969 731 45 16 som

193 753 35 20 vid
251 754 83 19 senaste
356 752 85 26 plenum
460 752 100 26 fattades,
576 759 60 20 synes
653 753 35 20 det
703 759 87 15 numera
805 753 46 21 icke
867 753 67 22 finnas
950 754 64 27 nägot

195 781 46 21 skäl
264 781 72 21 dertill
358 782 32 19 att
412 781 79 21 ombud
506 781 52 21 eller
573 781 131 22 kontrollant
720 782 67 21 skulle
802 781 102 22 tillsättas
919 782 23 21 af
956 783 57 20 läne-

194 810 109 27 styrelsen,
319 811 51 20 utan
386 811 24 19 är
425 809 35 21 det
476 816 58 15 mera
550 809 228 22 öfverensstämmande
794 811 47 20 med
853 811 35 21 det
897 811 27 21 dä
932 811 81 22 fattade

194 839 97 25 beslutet,
308 840 32 19 att
355 838 68 21 denna
438 838 122 22 funktionär
575 840 58 19 utses
649 839 23 20 af
688 839 168 27 stadsstyrelsen.
882 840 10 21 I
908 840 105 21 öfverens-

194 867 120 21 stämmelse
332 867 88 21 härmed
441 867 66 21 borde
528 867 64 21 också
614 867 7 21 i
644 867 64 21 slutet
728 867 22 21 af
773 869 3 20 5
792 874 62 15 mom.
878 869 12 20 &
912 869 102 21 nästsista

194 896 65 20 raden
275 895 61 21 ordet
352 895 164 27 ,länestyrelse*
532 896 87 27 utbytas
635 897 44 20 mot
694 896 142 26 ,magistrat.*

262 965 30 21 Hr
305 965 25 21 A.
346 965 23 21 L.
387 971 46 15 von
449 965 140 27 Knorring:
620 965 68 21 Jemte
712 965 35 21 det
766 965 36 27 jag
825 966 37 21 ber
885 968 32 19 att
939 966 21 21 fä
976 973 36 14 an-

193 994 56 21 sluta
264 994 42 26 mig
322 994 32 20 till
370 994 35 20 det
420 993 100 27 yrkande,
536 1000 46 14 som
594 994 66 20 redan
676 994 33 21 vid
725 997 83 19 senaste
826 995 84 26 plenum
928 995 84 27 gjordcs

192 1022 108 27 angående
324 1023 69 21 denna
408 1022 17 27 $,
442 1022 104 27 nämligen
562 1024 32 20 att
610 1022 65 22 orden
691 1022 46 22 från
754 1023 38 21 och
807 1024 47 21 med
871 1023 30 28 ,ej
917 1024 47 21 mä*
980 1024 32 21 till

192 1052 40 20 och
254 1052 47 20 med
324 1051 130 27 ,förvärfva*
473 1052 69 20 skulle
557 1050 57 28 utgå,
631 1051 79 21 tillåter
724 1052 37 26 jag
776 1052 42 26 mig
833 1052 55 22 fästa
904 1052 36 22 det
955 1053 57 27 Hög-

192 1079 71 27 lofliga
284 1079 100 21 Ständets
406 1080 188 26 uppmärksamhet
614 1080 34 21 vid
665 1081 31 20 ett
711 1081 115 26 stadgande
842 1081 7 21 i
865 1081 40 21 den
920 1081 92 27 följande

192 1108 116 26 meningen,
332 1108 44 21 deri
399 1108 35 21 det
457 1108 65 26 heter,
538 1110 33 19 att
586 1108 48 26 ,,vid
650 1108 96 27 bolagets
761 1110 127 26 upplösning
903 1110 61 26 skali,
980 1116 32 15 se-

192 1137 41 21 dan
256 1138 47 20 dess
326 1136 86 22 skulder
427 1136 69 22 blifvit
510 1137 85 26 guldna,
612 1137 38 21 och
666 1137 166 27 bolagsmännen
849 1138 163 22 äterbekommit

192 1166 45 20 sina
259 1166 96 25 insatser,
374 1165 140 21 öfverskottet
530 1166 22 20 af
563 1166 96 26 bolagets
674 1166 122 21 reservfond
813 1166 39 22 och
867 1166 68 28 öfriga
950 1173 62 21 egen-

192 1194 54 26 dom,
270 1193 68 21 sävidt
361 1194 121 21 densamma
503 1194 96 26 uppstått
621 1194 22 20 af
664 1194 132 27 vinstmedel,
820 1201 44 15 som
879 1195 85 26 influtit,
980 1202 30 14 se-

192 1222 40 21 dan
248 1222 68 20 denna
332 1222 122 26 förordning
468 1222 58 21 trädt
541 1222 7 21 i
564 1222 98 27 gällande
677 1222 63 27 kraft,
756 1223 26 27 gä
798 1223 30 21 till
841 1224 90 26 delning,
941 1224 70 21 säsom

190 1257 50 20 nyss
262 1252 24 19 är
308 1250 82 27 sagdt.*
420 1250 43 22 Det
484 1250 66 28 gifves
567 1251 117 21 emellertid
700 1252 68 26 bolag,
785 1258 45 15 som
845 1252 77 21 besitta
938 1252 72 27 fastig-

190 1279 42 26 het,
256 1279 86 21 hvilken
364 1279 126 21 förvärfvats
509 1280 48 21 med
572 1280 125 21 vinstmedel
714 1280 110 21 tillkomna
839 1281 45 21 förr
899 1282 26 20 än
942 1281 68 21 denna

190 1308 123 25 förordning
336 1308 58 20 trädt
416 1308 7 20 i
445 1308 97 26 gällande
565 1308 63 21 kraft.
660 1308 39 21 Om
716 1309 108 27 ingenting
839 1316 29 14 nu
883 1309 127 21 bestämmes

190 1336 90 20 rörande
300 1336 146 26 fördelningen
462 1336 23 20 af
498 1337 62 19 dessa
575 1337 132 25 vinstmedel,
724 1343 44 14 som
784 1338 42 19 kan
841 1338 76 19 tänkas
932 1338 78 26 uppstä

189 1369 76 21 genom
280 1363 142 21 realiserande
438 1364 24 20 af
474 1364 94 26 antydda
583 1364 55 20 fasta
656 1364 108 26 egendom,
781 1365 23 21 sä
820 1371 61 20 synes
895 1366 8 20 i
918 1366 92 25 lagstift-

188 1392 77 26 ningen
280 1391 78 27 uppstä
373 1398 25 15 en
413 1392 69 24 lucka,
498 1398 45 15 som
559 1392 65 21 borde
640 1392 27 27 pä
682 1392 65 27 nägot
758 1394 42 20 sätt
810 1392 68 28 fyllas.
900 1393 41 27 Jag
951 1393 58 22 hem-

188 1420 74 21 ställer
277 1420 70 21 derför
363 1426 33 16 om
411 1420 157 22 betänkandets
583 1420 121 22 återremiss
720 1422 32 20 till
767 1422 105 21 utskottet
887 1422 6 21 i
899 1422 39 22 det
948 1422 60 27 syfte,

188 1450 33 20 att
236 1449 106 21 utskottet
357 1449 48 21 ville
420 1451 50 25 taga.
486 1449 110 27 päpekade
612 1450 156 28 omständighet
782 1451 7 21 i
805 1450 160 28 öfvervägande.

256 1512 56 21 Frih.
336 1513 20 20 J.
381 1511 173 28 Gripenberg:
585 1513 134 22 Beträffande
742 1514 66 21 andra
832 1520 63 16 mom.
918 1515 6 21 i
940 1515 67 22 denna

189 1542 12 26 8
222 1541 38 22 ber
279 1541 37 26 jag
335 1542 32 20 att
388 1541 21 21 fä
429 1541 131 22 understöda
582 1542 36 22 det
640 1542 186 28 ändringsförslag,
850 1549 44 16 som
916 1543 35 22 vid
976 1550 31 15 se-
