1086 1792
365 144 25 16 R.
405 149 17 13 o.
434 145 22 17 A.
469 146 53 16 1891.
545 146 25 17 25
582 146 47 21 Maj.
824 141 53 21 1399

163 222 40 21 Till
218 223 135 27 suppleanter
367 224 7 21 i
389 224 138 22 Direktionen
541 226 71 21 valdes
628 226 108 26 slutligen:

162 279 162 22 Geheimerädet
339 280 118 23 Alexander
471 288 41 15 von
527 281 102 28 Collan,

161 308 183 22 Bankdirektören
359 309 72 22 Alfred
446 310 136 27 Norrmen,

161 337 190 22 Filosofiedoktorn
366 338 82 27 August
463 339 125 28 Ramsay,

162 365 150 23 Sekreteraren
327 366 77 22 Viktor
418 373 40 15 von
473 367 140 27 Rehausen,
630 367 39 22 och

161 395 136 21 Kanslirädet
311 395 98 22 Thiodolf
422 395 71 28 Rein,
509 396 78 21 enhvar
601 396 48 22 med
664 397 27 20 20
706 398 74 19 röster.

390 567 218 25 Elementarläroverken.

159 625 118 27 Föredrogs

161 682 112 21 Allmänna
295 683 206 21 Besvärsutskottets
523 683 133 21 betänkande
675 682 39 21 N:o
730 683 26 20 21
772 683 6 20 i
794 682 111 27 anledning

92 710 23 21 af
129 711 104 21 särskilda
247 711 8 21 i
270 711 99 26 samtliga
384 711 65 21 Ständ
472 711 76 22 väckta
564 711 180 27 petitionsförslag
758 711 90 21 rörande
864 711 41 21 ele-

92 739 219 22 mentarläroverkens
326 740 147 26 organisation.

159 797 32 21 Hr
205 797 116 26 Ramsay
337 797 70 20 anhöll
422 797 73 21 härvid
510 797 53 21 först
578 803 34 15 om
628 797 60 21 ordet
704 797 38 21 och
756 797 94 26 yttrade:
865 797 40 26 Jag

92 825 32 22 fär
139 826 108 21 vördsamt
261 825 85 26 föreslä,
369 827 32 20 att
415 825 24 21 R.
455 832 18 15 o.
495 826 24 21 A.
536 825 65 22 mätte
616 825 112 27 godkänna
742 825 116 22 utskottets
872 831 33 16 re-

93 855 91 21 solution
199 854 27 27 pä
241 854 38 21 sid.
295 855 27 20 42
337 854 48 21 med
400 854 137 21 förkastande
552 855 22 20 af
587 854 141 21 resolutionen
743 854 27 27 pä
780 854 38 21 sid.
829 855 27 20 44
865 854 39 21 och

92 885 82 20 ersätta
189 883 41 21 den
245 883 47 21 med
308 883 132 21 klämmarna
453 883 8 21 i
475 883 181 21 reservationerna
671 883 56 21 N:ris
742 884 12 20 2
771 883 39 22 och
825 883 19 21 3.

158 940 57 22 Frih.
231 947 50 15 von
295 940 140 27 Knorring:
450 940 41 27 Jag
506 941 37 21 ber
558 942 32 20 att
604 940 22 22 få
640 942 83 23 nämna,
738 942 32 20 att
783 940 37 28 jag
835 940 22 22 af
871 946 34 16 or-

92 969 68 25 saker,
177 976 45 14 som
237 970 36 20 det
288 969 46 21 icke
349 971 23 19 är
387 969 74 27 nödigt
476 971 32 19 att
522 969 38 21 här
581 969 105 27 uppgifva,
702 970 45 21 icke
762 970 55 20 varit
832 971 73 19 närva-

92 998 65 21 rande
180 998 34 21 vid
235 998 125 26 afgörandet
380 998 22 20 af
416 998 60 21 detta
491 998 77 22 ärende
583 998 7 21 i
604 998 112 27 utskottet,
731 998 39 21 och
786 1000 31 19 att
830 998 36 26 jag
882 1000 23 18 är

90 1026 23 22 af
135 1033 81 15 samma
238 1026 60 28 äsigt,
314 1032 46 16 som
374 1027 89 21 uttalats
478 1027 7 21 i
501 1026 65 22 andra
582 1026 38 22 och
636 1026 67 27 tredje
718 1027 186 23 reservationerna,

89 1055 88 22 hvarför
189 1056 37 26 jag
241 1055 38 21 ber
293 1055 21 21 fä
329 1055 128 21 understöda
471 1055 54 22 dem.

159 1113 32 21 Hr
212 1113 78 22 Rein:
320 1113 43 21 För
378 1113 42 21 min
436 1112 33 22 del
484 1112 100 28 beklagar
596 1113 42 27 jag,
654 1114 32 20 att
702 1112 56 22 detta
773 1112 132 22 betänkande

90 1142 113 22 framträdt
217 1142 54 22 först
285 1148 29 15 nu
329 1142 7 21 i
350 1142 137 27 landtdagens
502 1142 50 22 sista
567 1142 78 26 timme,
662 1142 26 21 dä
703 1142 57 21 tiden
774 1141 46 22 icke
827 1141 78 22 tilläter

91 1170 118 22 Ständerna
232 1173 32 19 att
286 1176 53 22 egna
361 1170 26 22 de
408 1170 39 22 här
469 1170 89 22 berörda
577 1170 99 28 frägorna
690 1170 40 22 den
744 1170 110 27 grundliga
869 1170 35 22 be-

90 1199 107 27 handling,
221 1206 44 15 som
289 1200 26 21 de
329 1200 24 21 sä
367 1199 34 21 väl
422 1199 66 22 skulle
503 1199 104 27 förtjenat.
636 1199 11 22 I
662 1198 110 28 anledning
787 1199 23 21 af
822 1198 82 28 petitio-

90 1234 66 16 nerna
179 1234 34 15 om
235 1228 65 27 nägra
321 1228 127 26 tväklassiga
463 1227 196 23 elementarskolors
674 1227 128 27 ombildning
818 1227 38 22 och
871 1229 33 20 ut-

91 1256 105 27 vidgning,
211 1256 39 22 har
265 1256 111 22 Allmänna
390 1256 191 22 Besvärsutskottet
596 1258 69 20 ansett
679 1256 31 26 sig
724 1256 51 21 böra
790 1256 64 21 väcka
865 1262 40 21 nya

91 1285 72 26 frägor
178 1284 22 22 af
213 1285 79 26 ganska
306 1284 122 28 ingripande
442 1284 107 28 betydelse
563 1285 33 21 för
612 1285 52 21 vära
678 1284 106 22 läroverks
800 1284 104 26 organisa-

91 1313 52 22 tion.
172 1313 43 21 Det
236 1313 77 27 förslag
335 1312 104 22 utskottet
453 1313 62 21 väckt
530 1315 31 19 att
576 1313 30 21 uti
621 1314 37 20 vär
673 1312 151 27 skolklomplex
838 1312 67 22 införa

91 1344 32 19 ett
139 1344 46 24 nytt
200 1341 45 27 slag
260 1341 22 22 af
295 1341 152 26 läroanstalter,
463 1348 61 15 anser
537 1342 35 26 jag
586 1341 32 21 för
632 1341 43 21 min
690 1341 34 21 del
737 1341 47 21 icke
798 1347 50 15 vara
862 1340 44 22 väl-

92 1370 111 27 grundadt.
233 1370 40 26 Jag
287 1370 40 21 har
341 1369 44 22 haft
400 1370 57 21 svårt
471 1372 32 19 att
517 1370 106 27 öfvertyga
638 1370 42 26 mig
690 1370 78 25 derom,
780 1370 32 20 att
822 1369 82 22 utskot-

90 1400 32 20 tet
145 1398 44 22 haft
211 1398 112 27 tillräcklig
344 1398 111 27 anledning
477 1400 32 20 att
530 1404 28 16 nu
579 1398 85 22 komma
683 1398 52 21 fram
750 1398 48 21 med
813 1398 23 21 sä
851 1398 53 21 vidt-

91 1427 81 26 gäende
187 1426 82 26 förslag.
299 1427 43 20 Det
356 1426 66 26 gäller
436 1428 32 19 att
482 1427 31 19 uti
527 1427 37 20 vär
578 1426 145 26 skolkomplex
737 1426 67 20 införa
818 1427 31 19 ett
858 1426 46 26 slag

91 1454 22 22 af
137 1454 154 25 läroanstalter,
313 1454 46 21 utaf
379 1454 70 21 hvilka
464 1454 103 21 utskottet
582 1459 60 22 synes
658 1455 62 20 vänta
734 1454 31 26 sig
780 1455 57 19 stora
852 1453 51 27 ting,

90 1482 105 27 nämligen
217 1484 30 20 ett
269 1482 55 27 slags
347 1482 114 27 5-klassiga
478 1482 154 27 mellaaskolor,
647 1481 71 22 hvilka
732 1481 59 22 skola
806 1481 56 22 bilda
877 1487 25 16 en

90 1511 126 22 mellanlänk
238 1511 77 22 mellan
341 1511 143 22 folkskolorna
510 1511 38 22 och
572 1511 102 27 lyceerna.
704 1510 151 27 Motiveringen
882 1509 21 22 af

91 1540 58 22 detta
170 1539 77 28 förslag
268 1539 67 23 finner
354 1540 36 27 jag
411 1539 33 22 för
466 1539 42 22 min
531 1539 33 24 del
578 1539 46 22 icke
638 1539 48 22 fullt
704 1539 198 22 tilliredsställande.
