1081 1798
209 151 55 21 1380
462 156 24 16 R.
499 160 17 12 o.
529 160 21 12 a.
563 156 54 17 1891.
631 156 25 17 25
669 155 45 21 Maj.

179 236 79 21 Vidare
273 236 73 21 talade
361 236 32 20 Hr
408 235 146 27 Montgomery
569 242 34 14 om
618 235 161 27 uppfattningen
794 234 7 21 i
817 234 117 22 Frankrike
956 234 39 21 och

179 264 113 26 Tyskland,
308 264 114 21 huruledes
437 264 68 21 denna
520 266 24 19 är
558 264 48 21 vida
621 266 110 24 strängare
747 264 6 21 i
768 263 98 22 afseende
889 262 12 22 ä
921 264 75 20 värne-

178 293 92 27 pligtens
285 292 133 28 fullgörande
434 294 26 19 än
479 292 65 28 enligt
566 292 37 22 vär
625 292 170 27 värnepligtslag.
826 292 49 21 Med
897 291 98 21 afseende

180 322 52 21 härä
247 322 47 20 ville
309 322 36 26 jag
359 322 102 20 anmärka
477 323 32 20 att
523 322 26 21 de
563 322 92 21 nämnda
670 322 102 20 länderna
787 322 36 20 äro
839 323 59 19 stora
907 320 89 22 militär-

180 352 72 24 stater,
269 350 72 21 hvilka
356 350 33 21 för
405 350 46 21 sina
465 350 99 26 politiska
579 350 104 22 intressen
698 350 57 21 finna
767 350 36 21 det
813 350 84 26 nyttigt,
911 349 24 27 ja
944 349 52 21 nöd-

179 379 87 26 vändigt
281 380 32 20 att
328 377 97 28 uppofira
441 378 86 22 alldeles
543 379 92 26 orimligt
645 379 84 26 mycket
739 378 34 22 för
789 380 32 20 att
831 384 51 15 vara
893 378 22 21 sä
926 377 70 22 starkt

179 408 87 20 rustade
281 413 45 15 som
342 407 87 27 möjligt,
446 407 39 21 och
501 408 71 21 derför
587 408 39 20 har
640 414 50 14 man
705 407 64 21 ocksä
784 408 38 20 der
837 406 72 22 drifvit
923 408 73 20 värne-

179 436 125 26 pligtsidens
319 436 132 26 tillämpning
474 436 32 22 till
530 442 25 14 en
578 436 99 26 ofantligt
698 436 42 26 hög
762 436 52 25 grad
837 436 22 20 af
879 435 116 26 stränghet.

179 464 49 21 Men
244 464 60 21 detta
318 466 25 19 är
358 470 26 15 en
399 464 81 27 olycka,
496 464 38 22 och
551 466 31 20 att
597 464 112 22 efterlikna
722 464 47 21 dem
785 464 68 21 deruti
869 465 23 20 är
907 464 46 21 icke
964 466 32 19 att

179 493 27 27 gä
224 492 77 22 framät
323 494 7 20 i
345 493 125 26 utveckling,
493 495 50 19 utan
565 494 96 20 tillbaka.
690 493 62 21 Hvad
775 493 47 21 äter
841 492 102 22 beträffar
964 492 32 21 Hr

180 522 155 26 Wasastjernas
350 522 107 26 yttrande,
474 522 23 22 sä
513 522 72 26 gläder
602 522 35 21 det
653 522 42 27 mig
709 524 32 19 att
761 522 24 21 de
808 521 92 21 militära
922 522 74 20 intres-

180 557 50 15 sena
245 551 45 21 icke
306 550 87 27 påkalla
408 556 26 16 en
449 550 66 22 sådan
530 551 122 26 förändring
667 551 40 21 och
721 550 66 22 finner
800 551 37 26 jag
859 551 45 21 deri
919 551 32 21 ett
965 552 32 25 yt-

180 580 98 26 terligare
294 580 47 20 skäl
357 582 32 19 att
403 579 97 22 förkasta
515 580 68 21 denna
597 580 120 26 föreslagna
733 579 130 27 förändring.

248 636 57 21 Frih.
322 636 225 27 Langenskiöld:
563 637 40 27 Jag
618 637 79 21 tillåter
712 637 42 27 mig
769 636 75 22 endast
859 636 90 27 upplysa
963 642 35 16 om

180 666 32 20 att
228 665 25 21 de
268 666 61 20 flesta
345 665 105 27 uppbäds-
466 666 39 21 och
520 666 156 26 länenämnder,
692 672 45 14 som
752 666 7 20 i
773 665 60 27 fräga
849 672 33 14 om
893 665 40 21 den
943 666 55 20 före-

181 694 74 26 slagna
270 694 150 26 förändringen
435 694 7 20 i
457 694 191 27 värnepligtslagen
663 694 60 27 gifvit
738 694 116 26 utlätande,
877 694 62 20 hafva
963 700 35 14 an-

181 724 42 20 sett
242 722 39 22 den
305 723 7 20 i
334 723 48 21 nåd.
405 728 58 22 prop.
487 722 102 28 ingående
612 723 160 27 bestämningen
794 729 51 15 vara
867 722 23 22 af
910 723 88 27 mycken

180 751 51 27 vigt,
248 751 67 21 likaså
331 751 40 22 den
386 752 86 25 komit6,
487 758 46 15 som
547 752 56 21 varit
617 752 77 21 tillsatt
708 752 33 21 för
757 753 32 19 att
811 752 105 21 behandla
939 752 60 20 detta

181 780 83 25 ärende,
280 780 24 21 sä
320 781 32 20 att
367 780 36 21 det
418 786 61 21 synes
495 781 42 26 mig
552 780 61 26 ändä,
629 786 44 16 som
689 786 34 16 om
745 787 49 15 man
816 780 47 22 frän
885 780 113 22 militärisk

181 809 113 27 synpunkt,
310 808 127 23 åtminstone
452 808 47 22 från
514 810 26 21 de
554 809 157 27 myndigheters
727 810 52 25 sida,
800 815 45 15 som
867 809 64 21 hafva
950 810 48 20 när-

181 840 55 19 mast
251 840 31 18 att
297 840 52 24 göra
364 838 48 21 med
428 838 69 21 denna
511 839 44 26 sak,
572 838 67 22 skulle
655 838 63 21 hafva
732 838 43 22 fäst
792 838 81 26 ganska
895 839 45 20 stor
962 838 36 21 be-

180 866 80 28 tydelse
276 867 34 21 vid
326 866 157 27 förändringen.

249 925 31 20 Hr
296 924 22 21 L.
341 924 147 21 Mechelin:
511 925 40 26 Jag
572 925 63 21 utber
658 925 41 26 mig
723 926 32 20 att
777 925 47 21 med
847 925 112 26 anledning
978 924 22 21 af

180 952 57 22 Frih.
254 953 88 21 Wredes
357 954 100 25 yttrande
472 953 74 22 endast
568 953 21 22 fä
611 953 118 27 framhälla,
752 955 32 20 att
806 960 48 15 man
877 953 42 22 kan
941 953 57 21 finna

180 981 46 22 skäl
241 982 32 20 till
288 984 32 19 att
336 982 111 21 efterlikna
462 983 67 20 andra
543 983 74 20 länder
632 983 7 20 i
653 982 99 21 afseende
769 982 12 21 &
796 983 35 21 det
847 982 73 24 allvar,
935 982 62 21 hvar-

181 1011 49 20 med
244 1010 145 27 värnepligten
404 1011 161 26 upprätthälles,
587 1013 52 19 utan
661 1013 32 19 att
713 1011 70 21 derför
805 1017 51 15 vara
879 1010 49 27 böjd
944 1011 54 20 att
987 1006 14 36 i

181 1038 69 27 nägon
266 1038 48 22 män
330 1039 86 21 förorda
431 1046 26 14 en
473 1039 42 22 lika
530 1041 51 26 tung
597 1040 38 21 och
651 1039 130 22 omfattande
796 1039 124 27 värnepligt,
936 1040 62 21 som
987 1034 14 37 i

182 1068 62 21 dessa
258 1068 73 21 länder
347 1069 23 20 är
384 1068 77 21 införd.

249 1125 31 21 Hr
298 1125 205 28 Montgomery:
525 1126 41 26 Jag
581 1125 38 22 ber
634 1128 32 19 att
681 1126 32 21 till
729 1125 55 22 hvad
799 1125 57 22 Frih.
873 1125 77 22 Wrede
965 1131 32 16 se-

180 1156 48 19 nast
244 1154 80 26 androg
339 1153 22 22 fä
375 1153 113 22 framhälla
503 1156 32 19 att
550 1155 35 21 det
600 1155 52 21 visst
667 1156 24 19 är
709 1157 48 18 sant
779 1156 32 19 att
834 1155 35 20 det
891 1156 24 19 är
937 1154 60 28 fräga

181 1189 33 14 om
230 1182 173 27 straffpäföljden,
421 1189 46 14 men
482 1184 46 21 icke
544 1183 76 22 sådant
638 1183 65 27 straff,
728 1189 45 16 som
788 1183 42 21 kan
845 1183 110 22 betraktas
970 1183 26 27 pä

181 1217 79 15 samma
276 1213 43 19 sätt
334 1217 45 15 som
401 1212 47 21 dei
464 1211 121 28 strafflagen
607 1212 32 21 för
661 1212 223 27 preskriptionstidens
907 1211 91 22 bestäm-

179 1240 76 21 mande
271 1241 114 25 upptagna.
411 1240 41 25 Jag
467 1240 38 22 ber
519 1241 21 21 få
555 1241 84 26 tillägga
656 1242 31 19 att
703 1241 36 20 det
752 1240 23 27 ju
790 1240 27 27 pä
828 1240 59 27 långt
901 1242 40 19 när
951 1240 46 22 icke

180 1268 41 21 blir
236 1274 81 15 samma
332 1269 116 26 stränghet,
465 1275 44 15 som
524 1269 7 20 i
547 1269 25 21 de
588 1269 23 21 af
625 1269 42 27 mig
681 1269 93 21 nämnda
786 1269 107 21 länderna.
924 1268 73 22 Sävidt

180 1297 34 26 jag
229 1297 81 20 kunnat
325 1297 56 20 fatta
395 1297 41 20 den
451 1298 62 26 tyska
527 1298 68 27 lagen,
617 1298 76 21 räcker
715 1297 211 26 preskriptionstiden
942 1297 56 21 ända

180 1325 32 20 till
228 1325 27 20 40
271 1325 51 20 eller
337 1327 27 18 45
380 1325 29 20 år.
440 1325 41 21 Det
497 1328 24 18 är
535 1332 26 15 en
580 1327 83 25 mycket
687 1327 68 20 större
777 1326 110 25 stränghet
909 1327 27 19 än
958 1326 39 21 hos

180 1358 34 15 oss
228 1351 112 24 härintills,
357 1353 37 20 der
409 1353 143 27 värnepligten
566 1354 35 20 vid
617 1354 25 19 27
659 1354 34 20 års
709 1353 58 22 ålder
785 1353 100 21 afbrutits
901 1355 52 19 utan
967 1354 30 20 vi-

180 1380 58 25 dare,
254 1381 38 20 och
308 1381 40 20 den
364 1387 82 19 person,
463 1387 45 15 som
529 1381 81 21 kunnat
632 1381 129 21 undanhålla
783 1382 32 25 sig
837 1381 47 21 från
904 1381 92 27 pligtens

179 1408 132 27 fullgörande
326 1409 32 21 till
374 1409 27 21 30
417 1409 34 21 års
471 1409 65 25 ålder,
558 1411 56 20 varit
634 1409 129 28 fullkomligt
786 1409 26 22 fri
834 1410 85 21 aktiven
941 1411 56 20 samt

180 1437 60 22 äfven
255 1444 106 15 reserven.
390 1438 40 26 Jag
445 1438 42 21 kan
501 1439 46 22 icke
562 1439 55 21 fatta
633 1439 60 21 deras
709 1439 61 26 åsigt,
787 1445 44 15 som
847 1439 95 21 bestrida
956 1441 39 24 att,

180 1473 33 15 om
228 1467 66 26 några
310 1467 48 20 med
373 1466 77 22 lätthet
465 1467 72 22 kunna
552 1467 137 27 undandraga
703 1468 32 27 sig
752 1468 152 27 värnepligten,
927 1469 69 20 denna

179 1495 86 22 utfaller
280 1498 74 24 tyngre
369 1495 34 22 för
418 1495 26 22 de
460 1495 68 28 öfriga
543 1497 51 21 eller
609 1497 88 21 innebär
712 1496 34 22 för
768 1497 47 21 dem
837 1503 27 15 en
879 1497 115 27 obillighet.

179 1525 41 21 Det
236 1527 23 19 är
274 1531 26 14 ur
316 1525 69 21 denna
399 1525 112 26 synpunkt,
528 1532 44 15 som
588 1532 48 15 man
647 1526 7 21 i
664 1526 151 27 Lagutskottet
829 1526 60 27 tyckt
904 1526 31 27 sig
949 1525 47 22 icke
