1098 1781
245 152 55 33 1100
492 161 24 16 R.
529 165 17 12 o.
558 161 22 16 A.
593 161 53 17 1891.
667 161 22 16 19
701 160 47 21 Maj.

216 240 33 21 för
264 239 95 22 bankens
373 239 104 26 ändamål,
494 245 33 15 om
543 239 64 21 också
623 239 25 21 de
662 239 35 20 vid
711 238 112 27 bidragens
838 239 121 20 utfästande
981 238 50 21 träf-

216 269 48 20 fade
280 268 51 21 aftal
348 270 56 19 ännu
418 267 130 22 fortfarande
564 274 38 20 ega
617 268 31 21 sin
663 267 49 21 fullt
727 267 104 21 bindande
846 267 64 21 kraft.

285 296 124 22 Sedermera
428 296 38 21 ber
487 297 36 26 jag
544 298 32 19 att
596 296 21 21 få
637 296 48 21 med
707 295 184 22 tillfredsställelse
914 295 59 21 helsa
995 295 36 22 det

216 325 86 27 förslag,
318 331 45 15 som
378 325 7 20 i
401 325 12 20 3
428 325 54 26 Kap.
499 325 26 20 25
541 324 14 27 &
570 327 24 18 är
608 324 70 27 gjordt
697 324 131 21 beträffande
848 326 65 19 sättet
933 323 34 22 för
988 326 43 19 trä-

216 353 156 27 varuhypoteks
395 352 161 22 öfvervakande.
585 353 43 21 Det
649 353 40 20 har
710 353 105 26 nämligen
836 353 67 20 under
922 353 48 20 hela
991 353 40 21 den

216 382 31 20 tid
262 383 98 20 trävaror
375 381 80 21 kunnat
470 382 5 20 i
491 381 101 21 Finlands
602 381 61 21 Bank
678 381 86 21 belånas
779 381 80 26 utgjort
874 387 26 15 en
911 381 120 26 berättigad

216 410 113 27 anledning
344 409 32 22 till
390 409 113 27 klagomål,
526 411 32 20 att
573 410 26 21 de
615 409 110 22 exekutiva
747 409 174 27 myndigheterna
943 410 60 21 stälts
1024 410 7 20 i

217 445 26 14 en
259 439 82 27 mycket
356 438 78 27 prekär
448 439 106 26 ställning,
569 438 27 21 då
611 438 36 21 det
661 439 53 25 gällt
729 440 32 19 att
776 438 27 26 på
819 440 30 19 ett
872 437 94 22 effektivt
988 440 43 19 sätt

217 467 115 22 öfvervaka
354 467 71 26 dylika
447 469 103 18 trävaror.
586 467 65 20 Detta
671 467 132 20 förhållande
827 467 94 20 kommer
943 473 87 14 numera

218 497 32 20 att
266 496 109 26 aflägsnas,
390 495 72 21 såvida
478 495 119 21 Ständerna
613 495 82 21 besluta
709 497 32 19 att
755 495 112 26 godkänna
887 495 142 21 Bankutskot-

215 527 42 19 tets
273 526 31 20 uti
319 525 91 20 nämnda
425 524 11 28 &
452 524 140 26 framställda,
608 524 34 21 väl
657 524 108 27 grundade
780 524 85 26 förslag.

283 552 134 22 Beträffande
433 553 97 26 slutligen
546 553 193 21 sedelemissionens
755 552 119 27 förhöjning
889 552 47 22 från
952 553 27 21 30
997 553 32 21 till

216 583 26 20 35
259 582 111 24 millioner,
385 582 67 20 finner
464 582 37 26 jag
515 581 176 22 Bankutskottets
706 582 7 20 i
724 582 68 20 denna
803 582 33 20 del
845 582 133 21 framställda
987 581 42 21 för-

216 610 45 27 slag
275 610 47 21 icke
337 610 76 21 endast
427 610 63 21 hafva
505 610 48 21 fullt
569 610 45 20 skäl
629 608 33 22 för
677 610 36 26 sig,
730 616 47 14 men
793 610 104 26 derjemte.
915 616 52 14 vara
981 610 48 21 full-

215 638 89 27 komligt
318 639 108 25 naturligt.
457 638 31 26 Ty
503 638 27 22 då
544 638 79 26 förslag
640 638 113 26 föreligger
774 640 32 20 att
827 639 31 20 till
881 638 12 21 å
915 639 55 20 vista
988 638 41 21 för-

216 666 134 22 bindelserna
365 666 89 22 hänföra
469 667 26 20 de
510 666 93 28 olyftade
619 666 103 27 beloppen
738 666 12 21 å
765 666 187 26 kassakreditiven,
969 672 60 22 synes

216 696 36 20 det
268 694 104 28 sjelffallet
387 695 39 21 och
440 696 108 26 naturligt,
564 697 32 19 att
611 697 50 19 enär
680 696 61 20 dessa
763 695 77 27 belopp
861 696 61 21 torde
944 696 85 20 komma

216 726 32 19 att
263 726 147 24 representera
424 724 127 21 åtminstone
566 724 43 20 lika
624 726 59 19 stora
697 730 99 20 summor,
813 730 43 15 som
873 724 40 21 den
928 731 29 14 nu
975 724 54 21 före-

216 753 74 26 slagna
304 752 153 28 förhöjningen,
473 758 48 15 man
536 752 39 21 bör
589 752 79 22 tillföra
684 752 83 21 banken
782 759 25 15 en
822 753 33 21 för
865 752 164 28 tillgodoseende

216 781 24 21 af
254 782 35 20 det
304 787 74 21 genom
394 787 26 14 en
435 781 88 27 lifligare
545 781 78 21 handel
643 781 40 21 och
705 781 91 22 industri
817 781 122 27 uppkomna
960 783 68 20 större

216 810 169 21 kreditbehofvet
400 810 55 20 ökad
470 810 74 26 mängd
561 809 136 27 bytesmedel.
727 810 40 26 Jag
781 810 38 21 ber
835 810 72 22 derför
921 812 32 19 att
968 810 61 21 äfven

213 838 34 21 för
262 839 42 20 min
320 839 32 21 del
368 838 22 21 få
404 838 106 27 tillstyrka
525 838 60 21 detta
599 838 86 26 förslag.

281 894 33 22 Då
328 895 47 21 icke
390 894 70 28 någor
476 895 22 21 af
512 895 99 22 Ståndets
627 895 136 21 medlemmar
779 896 72 20 vidare
867 896 94 21 önskade
971 898 57 24 yttra

213 924 31 26 sig
266 924 66 21 under
353 924 40 20 den
418 924 105 21 allmänna
544 924 146 21 diskussionen
711 924 8 21 i
741 926 77 24 ämnet,
840 925 134 26 uppmanade
997 925 31 21 Hr

213 952 205 22 Landtmarskalken
433 952 89 23 Ståndet
537 954 32 19 att
585 952 70 22 skrida
671 952 32 21 till
719 952 193 27 detaljgranskning
927 953 23 21 af
959 953 67 21 Bank-

213 981 116 21 utskottets
344 981 79 26 förslag
438 982 33 20 till
485 981 129 26 reglemente
628 981 34 21 för
676 981 101 22 Finlands
792 981 66 26 Bank,
874 982 88 21 hvarvid

282 1038 12 27 8
312 1039 8 20 1
338 1038 22 21 af
373 1037 138 27 reglementet
525 1038 122 27 godkändes
662 1040 52 19 utan
729 1038 146 27 anmärkning.

280 1095 134 22 Beträffande
430 1095 11 26 $
456 1096 12 20 2
483 1095 84 26 yttrade

279 1151 57 23 Frih,
352 1151 24 21 R.
393 1152 24 21 A.
436 1152 109 21 Wrede:
568 1152 42 21 Det
625 1153 24 20 är
664 1152 75 21 endast
754 1158 26 15 en
795 1152 138 26 anmärkning
948 1153 24 20 af
984 1152 43 21 for-

212 1180 40 21 mel
268 1179 150 26 beskaffenhet,
435 1186 45 15 som
494 1180 36 27 jag
545 1181 36 20 vill
595 1182 53 25 göra
662 1180 130 21 beträffande
816 1181 67 20 denna
903 1181 13 20 2
932 1181 19 26 &.
981 1181 45 20 Här

212 1209 55 20 talas
282 1208 105 26 nämligen
401 1209 54 20 först
470 1215 34 14 om
519 1209 49 26 guld
581 1209 40 20 och
636 1209 71 20 silfver
722 1209 39 20 och
777 1209 64 21 sedan
863 1215 34 15 om
912 1209 59 26 ryskt
987 1210 38 20 och

213 1237 109 20 utländskt
337 1238 59 25 mynt
411 1237 38 20 och
466 1237 64 20 sedan
546 1239 30 18 ett
591 1243 38 20 par
645 1237 62 20 rader
722 1237 73 26 längre
810 1243 37 17 ner
862 1243 33 15 om
909 1238 63 25 ryska
987 1238 39 20 och

212 1265 113 20 utländska
340 1264 76 21 sedlar.
446 1264 72 21 Under
533 1265 156 26 förmiddagens
704 1265 84 26 plenum
803 1265 112 27 godkände
927 1266 25 20 R.
966 1272 19 14 o.
1000 1267 25 19 A.

212 1293 40 20 den
266 1293 134 26 terminologi
416 1293 7 20 i
438 1293 58 20 detta
511 1293 104 24 afseende,
631 1299 45 15 som
691 1293 23 20 af
732 1293 151 26 Lagutskottet
905 1293 54 22 hade
975 1300 50 20 upp-

212 1321 69 20 ställts
296 1320 131 21 beträffande
442 1321 264 26 strafflagspropositionen
722 1321 40 20 och
785 1322 64 25 enligt
871 1321 84 21 hvilken
977 1322 48 20 med

212 1349 108 26 uttrycket
334 1348 109 21 utländskt
458 1348 55 21 afses
528 1349 44 24 allt,
588 1354 45 15 som
648 1351 25 18 är
687 1351 58 18 utom
756 1349 97 24 Finland,
869 1349 82 22 säledes
961 1349 64 21 ocksä

212 1377 42 26 det,
270 1383 43 14 som
330 1376 71 21 tillhör
419 1376 166 27 Kejsaredömet.
615 1376 45 21 Här
685 1379 23 18 är
733 1377 117 21 emellertid
870 1378 107 26 uttrycket
992 1380 33 18 ut-

211 1405 85 22 ländskt
309 1406 58 26 taget
381 1405 8 21 i
403 1411 26 15 en
444 1411 69 15 annan
528 1405 114 27 betydelse,
658 1405 24 21 sä
696 1407 31 20 att
743 1406 35 21 det
792 1405 115 23 innefattar
917 1407 39 21 allt
967 1409 58 19 utom

211 1435 41 26 det,
269 1440 44 16 som
330 1434 39 22 hör
384 1434 32 21 till
431 1434 89 21 Finland
535 1434 107 22 äfvensom
657 1434 167 28 Kejsaredömet.
850 1435 42 22 Det
906 1436 70 20 kunde
992 1442 32 20 sy-

210 1469 38 15 nas
263 1463 80 27 ganska
358 1462 140 28 egendomligt
513 1464 33 20 att
568 1462 119 22 Ständerna
707 1464 8 20 i
737 1466 77 19 tvänne
835 1464 121 27 lagförslag,
979 1471 45 15 som

211 1492 107 26 samtidigt
334 1492 22 21 af
369 1492 47 21 dem
431 1493 95 26 antagas,
541 1492 68 21 skulle
624 1492 7 21 i
651 1492 36 21 det
709 1498 40 16 ena
770 1492 51 28 följa
843 1499 26 15 en
891 1494 133 26 terminologi

211 1521 39 21 och
265 1522 7 20 i
287 1521 35 21 det
338 1521 66 21 andra
419 1526 26 16 en
460 1527 70 15 annan
544 1521 133 27 terminologi
699 1521 39 21 och
761 1522 38 21 ber
818 1522 37 27 jag
877 1522 72 22 derför
971 1524 53 20 atti

209 1549 218 22 öfverensstämmelse
442 1550 48 20 med
505 1550 25 20 R.
546 1555 18 15 0.
580 1548 39 23 A:s
634 1550 70 20 beslut
718 1550 130 22 beträffande
869 1551 156 27 strafflagspro-
