1070 1795
189 159 55 20 1324
435 163 25 17 R.
472 167 17 12 0.
502 163 22 16 A.
538 162 55 17 1891.
615 162 26 17 23
654 162 47 21 Maj.

230 242 114 27 Angäende
360 241 117 22 utskottets
496 241 28 28 pä
538 241 38 22 sid.
592 241 26 21 29
634 241 23 21 af
678 241 145 22 betänkandet
845 241 134 21 framställda

161 271 80 27 förslag
256 272 32 19 att
304 271 117 21 Ständerna
435 270 34 21 för
484 270 136 21 bestridande
636 269 22 22 af
678 269 7 21 i
706 269 143 22 betänkandet
871 271 108 25 upptagna

162 299 88 28 utgifter
264 299 49 22 ville
329 299 73 21 anvisa
416 299 121 21 inkomsten
552 299 22 21 af
588 298 104 22 särskilda
707 298 145 26 bevillningar,
875 297 51 22 aflät
948 298 31 21 Hr

162 328 212 26 Landtmarskalken,
396 327 28 27 pä
447 328 68 26 grund
538 327 23 21 af
584 327 32 21 Hr
640 327 24 21 L.
688 327 115 21 Mechelins
832 327 85 27 förslag,
948 327 31 21 till

162 357 26 22 R.
204 363 18 15 0.
239 357 37 21 A:s
291 357 130 21 besvarande
436 355 93 28 följande
546 356 282 27 omröstningsproposition:

230 414 53 26 Den,
313 420 45 16 som
383 414 123 27 godkänner
531 414 116 21 utskottets
672 412 67 28 fjerde
763 413 58 22 kläm
846 413 133 26 oförändrad,

162 444 72 20 röstar
246 443 32 26 ja;

231 499 74 22 vinner
320 499 40 28 nej,
376 499 103 22 nteslutes
494 505 25 15 ur
535 499 122 22 densamma
672 499 65 21 orden
754 498 133 25 ,inkomsten
905 498 22 22 af
942 499 39 21 den

164 529 57 21 skatt
236 528 13 21 &
264 528 70 27 tobak,
352 534 45 15 som
412 529 42 20 kan
469 528 84 21 komma
574 527 203 28 bevillningsfonden
799 528 33 21 till
853 528 55 26 godo
931 527 50 22 eller

164 557 127 22 eventuelt*.

232 614 81 22 Genom
329 615 33 20 att
376 613 89 22 besvara
481 614 69 21 denna
565 613 131 27 proposition
712 613 48 22 med
778 612 155 28 öfvervägande
948 613 33 27 nej

164 643 54 21 hade
234 643 25 22 R,
276 649 18 15 o.
313 643 21 20 A.
350 643 88 20 beslutit
453 644 32 19 att
500 649 25 14 ur
540 642 161 27 ifrågavarande
716 642 57 21 kläm
792 642 67 21 skulle
883 642 99 21 bortlem-

164 672 80 22 lemnas
260 671 164 22 omnämnandet
440 671 22 21 af
475 671 120 22 inkomsten
610 670 47 22 frän
673 671 57 21 skatt
746 671 12 20 ä
773 671 72 21 tobak.

233 729 107 28 Derjemte
357 729 69 22 beslöt
441 729 24 22 R.
482 735 17 15 o.
517 729 24 22 A.
558 728 27 27 pä
600 729 32 21 Hr
642 728 217 22 Landtmarskalkens
869 728 113 22 framställ-

165 759 51 26 ning
230 760 32 19 att
277 759 113 26 godkänna
405 758 32 21 Hr
452 758 23 21 L.
491 758 115 21 Mechelins
622 757 79 26 förslag
724 759 31 20 att
770 757 56 26 gifva
841 757 140 22 Statsutskot-

164 789 32 20 tet
210 788 8 21 i
233 787 95 27 uppdrag
344 788 32 20 att
391 787 106 21 inkomma
512 787 47 20 med
575 786 79 27 förslag
668 787 33 20 till
717 786 130 27 underdänig
857 787 125 21 hemställan

167 818 32 19 att
221 816 49 27 ingä
292 815 7 21 i
321 815 129 22 Ständernas
473 815 170 22 svarsskrifvelse
659 815 12 21 ä
689 821 29 15 nu
732 814 160 28 ifrägavarande
907 815 76 26 nädiga

164 845 132 26 proposition
311 845 7 20 i
333 844 76 21 sådant
424 844 59 27 syfte,
500 845 32 20 att
547 844 26 21 H.
590 844 25 21 K.
631 843 39 22 M:t
685 843 49 22 ville
757 845 50 26 taga
829 843 7 22 i
857 843 74 28 nådigt
953 843 30 22 öf-

165 873 139 27 vervägande,
320 879 33 15 om
370 873 47 21 icke
440 873 75 26 ätgärd
531 873 70 20 kunde
626 873 94 26 vidtagas
744 872 31 21 till
798 872 148 22 förstärkande
962 873 22 21 af

165 901 163 22 militiefondens
344 901 107 22 ordinarie
465 901 117 22 inkomster
597 907 75 21 genom
691 900 148 23 öfverförande
862 901 33 22 till
918 900 65 29 sagda

164 931 51 22 fond
231 931 23 21 af
266 931 51 21 visst
334 930 64 27 ärligt
414 930 78 27 anslag.

234 1101 29 22 Af
276 1101 175 23 Statsutskottets
467 1101 92 22 derefter
574 1102 66 21 under
656 1102 195 27 detaljeranskning
873 1101 111 28 företagna

165 1131 136 21 betänkande
316 1131 40 21 N:o
373 1131 23 20 11
419 1130 108 27 angående
550 1130 198 21 bränvinsskattens
769 1131 142 28 användning
933 1131 52 26 g0d-

166 1159 80 22 kändes
261 1161 52 19 utan
328 1159 71 21 vidare
420 1159 140 28 anmärkning
582 1159 26 21 de
629 1159 8 21 i
659 1165 62 16 mom.
746 1161 18 24 1,
787 1160 12 20 2
820 1159 39 22 och
875 1159 12 21 3
903 1159 27 27 pä
945 1160 38 21 sid.

165 1188 56 21 4—5
238 1187 22 21 af
273 1187 105 22 utskottet
393 1187 114 22 förordade
523 1189 74 25 anslag
611 1187 47 22 frän
674 1188 191 21 bränvinsskatten.

234 1245 168 21 Vidkommande
418 1251 61 15 mom.
497 1245 13 20 4
525 1245 27 27 pä
575 1245 37 21 sid.
636 1245 12 21 5
672 1245 24 21 af
717 1245 150 26 betänkandet,
890 1244 93 23 innehäl-

166 1273 62 22 lande
243 1273 80 27 förslag
337 1274 32 21 att
384 1273 56 21 hvad
456 1273 83 22 utöfver
554 1274 25 21 de
595 1273 89 22 sålunda
706 1273 110 22 bestämda
838 1274 100 27 anslagen
953 1274 30 21 in-

166 1301 50 22 flöte
231 1308 75 20 genom
321 1302 186 22 bränvinsskatten
523 1303 68 21 skulle
606 1302 48 27 ingä
676 1303 7 20 i
705 1302 278 26 kommunikationsfonden,

166 1330 146 20 äterhemtade

234 1385 58 22 Frih.
307 1392 49 15 von
371 1386 73 21 Born
459 1386 38 21 sitt
513 1386 66 21 under
595 1386 41 21 den
646 1386 106 22 allmänna
763 1386 101 22 debatten
874 1386 57 27 gifna
942 1386 42 21 för-

166 1415 39 21 ord
227 1414 22 21 ät
273 1415 36 20 det
323 1415 7 20 i
346 1415 32 20 Hr
394 1415 24 21 F.
435 1414 87 22 Heikels
537 1415 33 21 tili
592 1415 144 22 betänkandet
758 1415 76 28 fogade
855 1415 129 22 reservation

166 1445 109 25 upptagna
289 1443 79 27 förslag
383 1445 31 20 att
430 1444 65 26 sagda
511 1443 93 22 äterstod
619 1443 23 21 af
656 1443 184 23 bränvinsskatten
856 1443 68 22 skulle
936 1443 49 28 ingä

164 1472 8 22 i
188 1472 206 27 beviliningsfonden.

235 1531 32 21 Hr
290 1530 64 27 Aug.
378 1530 151 22 Schauman
552 1531 84 27 yttrade
658 1531 48 22 med
721 1531 112 27 anledning
848 1530 73 22 häraf:
945 1531 40 28 Jag

166 1560 35 21 vet
216 1559 46 22 icke
278 1559 78 27 säkert,
372 1565 34 16 om
420 1559 36 28 jag
466 1559 66 22 hörde
547 1560 58 21 Frih.
620 1566 42 15 von
671 1560 58 21 Born
741 1561 50 25 rätt,
807 1567 47 14 men
866 1560 36 27 jag
914 1560 70 27 tyckte
