1089 1767
382 128 25 16 R.
420 132 17 12 0.
448 128 23 17 A.
484 128 53 17 1891.
550 128 22 17 19
584 128 48 20 Maj.
831 122 53 21 1107

103 206 79 26 gängar
197 208 44 19 mot
256 206 122 26 försumliga
392 207 125 26 gäldenärer
532 207 39 21 och
586 207 127 21 tredskande
731 206 116 27 sysslomän
862 209 50 18 utan

102 234 129 27 tidsutdrägt
246 234 102 21 utföras".
373 235 65 21 Detta
453 235 79 26 förslag
546 241 61 21 synes
621 236 43 25 mig
678 241 51 14 vara
744 235 83 26 mycket
842 234 70 21 bättre

101 264 26 18 än
142 262 175 22 Bankutskottets
332 262 85 28 förslag,
440 264 38 20 och
493 263 32 21 fär
538 264 36 26 jag
596 263 71 21 derför
688 262 86 22 förorda
795 263 117 26 antagande

101 290 22 21 af
137 290 121 22 detsamma.

167 347 33 22 Hr
214 347 162 27 Furuhjelm
392 348 96 21 biträdde
503 348 57 28 Frih.
575 354 40 15 von
630 348 67 22 Borns
711 347 85 27 förslag.

167 404 33 22 Hr
215 405 23 21 L.
261 404 152 22 Mechelin:
436 405 165 21 Bankutskottet
619 405 39 21 har
673 404 7 21 i
702 405 5 21 3
723 411 62 15 mom.
801 404 23 21 af
837 404 11 26 $
863 404 27 21 46
906 404 7 20 i

100 433 204 26 Bankfullmäktiges
319 433 81 27 förslag
414 435 95 19 närmast
523 435 70 19 ansett
615 434 35 20 det
670 439 51 15 vara
743 433 46 21 skäl
811 435 32 19 att
866 433 46 20 dela

103 462 59 21 detta
176 464 93 19 moment
283 462 7 20 i
305 463 83 25 tvänne,
404 462 23 21 sä
442 464 32 19 att
494 462 45 22 icke
560 462 97 26 tillsynen
679 462 58 21 öfver
757 461 94 22 bankens
868 468 45 14 em-

100 490 96 22 betsmän
212 490 67 21 skulle
294 490 152 22 sammanföras
462 491 46 21 med
523 489 268 28 lagsökningsätgärderna.
821 490 92 21 Dernäst

99 518 93 22 fästades
207 519 214 27 uppmärksamheten
437 519 71 27 derpä,
525 521 32 19 att
575 518 148 28 lagsökningar
746 519 39 21 och
805 518 107 26 rättegän-

99 554 39 20 gar
153 549 44 20 mot
212 548 116 26 sysslomän
342 548 71 21 kunna
427 547 108 27 företagas
550 548 65 21 redan
630 547 33 21 för
677 547 157 27 försumlighets
856 546 56 22 skull

99 576 40 21 och
154 576 64 21 innan
234 576 116 27 syssloman
366 576 100 26 uppträdt
480 576 27 27 pä
523 578 30 19 ett
568 576 75 22 sädant
658 578 49 24 sätt,
723 582 45 15 som
783 582 49 14 man
847 575 65 21 vanli-

99 610 40 21 gen
154 605 114 21 benämner
278 605 134 24 tredskande,
420 606 55 20 samt
486 607 31 19 att
528 604 71 22 derför
611 604 88 27 epitetet
711 604 147 27 ,försumliga*
867 604 45 26 just

99 633 122 27 lämpligast
236 633 65 21 hörde
316 633 34 22 till
364 634 163 26 sysslomännen.
557 634 61 20 Hvad
640 632 46 22 åter
707 632 101 22 beträffar
827 632 85 27 lagsök-

98 662 51 27 ning
162 664 45 19 mot
221 662 109 27 gäldenär,
345 661 23 22 sä
383 664 24 19 är
422 663 36 21 det
479 662 107 26 naturligt,
607 664 32 18 att
661 661 65 22 sädan
749 662 45 21 icke
817 662 95 25 vidtages

98 693 45 19 mot
157 691 67 21 andra
239 692 26 19 än
281 691 54 26 dem,
351 697 45 15 som
410 690 126 22 försummat
551 690 116 27 betalning;
691 690 70 22 derför
777 690 64 27 ansäg
863 695 48 15 man

99 719 59 21 detta
173 720 65 25 epitet
252 719 87 21 framför
353 719 101 26 gäldenär
469 718 137 28 öfverflödigt.

166 776 49 21 Med
238 776 112 26 anledning
371 776 23 21 af
419 776 40 21 den
482 776 88 22 sälunda
593 775 148 27 försiggängna
765 775 145 21 diskussionen

97 804 143 22 framställdes
264 804 32 22 till
323 804 99 22 Ständets
447 804 129 22 besvarande
601 804 92 27 följande
720 804 190 26 omröstningspro-

97 834 103 25 position
189 830 14 33 :

166 890 53 24 Den,
234 896 45 16 som
294 890 123 27 godkänner
432 890 13 26 8
460 891 27 20 45
503 890 136 24 oförändrad,
654 891 70 19 röstar
736 889 35 27 ja;

165 948 73 21 vinner
253 948 39 27 nej,
309 948 39 20 har
361 948 25 21 R.
402 954 19 14 o.
437 948 25 20 A.
478 947 85 21 beslutit
578 949 33 19 att
629 948 3 20 i
647 953 62 15 mom.
725 947 13 21 4
753 946 86 22 framför
850 947 61 21 ordet

98 976 124 28 ngäldenär*
240 976 53 22 skall
308 976 79 22 införas
402 976 130 26 ,försumlig*
553 976 39 21 och
611 976 7 21 i
640 976 72 21 stället
726 975 33 21 för
775 975 136 27 ,försumliga

97 1005 128 27 sysslomän*
240 1005 79 21 införas
335 1005 139 27 ,tredskande
489 1005 132 26 sysslomän*.

165 1062 161 26 Propositionen
340 1061 128 22 besvarades
482 1062 48 20 med
545 1060 154 28 öfvervägande
711 1061 30 27 ja,
756 1061 7 20 i
775 1060 52 27 följd
837 1060 74 21 hvaraf

97 1091 12 27 8
124 1091 27 20 45
168 1096 36 16 var
218 1090 100 27 godkänd
333 1090 65 26 enligt
413 1090 114 21 utskottets
542 1090 85 26 förslag.

155 1147 11 28 8
181 1148 84 21 46—48
280 1147 96 27 gillades.

165 1203 134 23 Beträffande
315 1204 10 26 $
341 1204 27 21 49
384 1203 72 21 anhöll

166 1261 31 22 Hr
212 1260 125 22 Lindelöf
350 1266 34 16 om
393 1260 61 21 ordet
462 1260 39 21 och
509 1259 94 28 yttrade:
618 1258 110 22 Utskottet
736 1258 52 22 har
781 1253 10 39 i
798 1257 114 22 allmänhet

98 1290 46 26 följt
160 1290 38 21 den
208 1289 76 27 riktiga
296 1289 106 27 principen
413 1290 33 20 att
456 1288 45 22 icke
511 1288 62 22 binda
581 1286 209 27 bankförvaltningen
798 1292 75 20 genom
881 1286 29 20 öf-

99 1318 112 26 verflödiga
226 1318 162 26 bestämningar.
411 1317 11 21 I
436 1317 69 21 denna
519 1315 100 28 paragraf
627 1322 60 18 synes
696 1315 41 26 mig
745 1315 105 21 utskottet
858 1314 53 22 dock

98 1346 61 22 hafva
174 1346 73 22 afvikit
261 1346 45 21 från
315 1346 68 21 denna
392 1345 118 27 grundsats,
519 1345 6 21 i
533 1345 36 21 det
577 1344 104 22 utskottet
688 1344 45 20 icke
741 1344 54 21 blott
803 1342 109 22 bibehållit

98 1375 40 21 den
146 1375 96 27 gällande
250 1374 158 26 bestämningen
418 1380 33 15 om
460 1373 148 27 obligatoriska
623 1369 142 37 gemensamma
778 1369 133 37 sammanträ-

98 1404 40 20 den
161 1403 87 21 emellan
270 1402 186 25 bankfullmäktige
474 1402 39 20 och
531 1401 188 21 bankdirektionen
741 1400 32 20 för
788 1399 123 21 behandlin-

97 1437 40 20 gen
160 1430 22 22 af
202 1430 55 21 vissa
278 1430 56 26 slags
352 1430 98 24 ärenden,
464 1432 51 18 utan
529 1428 64 22 bland
609 1428 60 21 dessa
684 1428 91 20 ärenden
790 1426 122 28 ytterligare

97 1459 96 27 upptagit
208 1458 84 24 sådana,
308 1464 45 15 som
368 1457 46 22 icke
428 1457 56 21 förut
498 1457 49 21 hört
562 1456 32 22 till
609 1456 53 26 dem,
679 1456 103 26 nämligen
798 1455 26 21 de
838 1455 7 21 i
860 1456 12 25 $
884 1455 26 21 33

97 1487 171 23 förekommande
282 1486 193 27 ackordsfrågorna.
505 1484 153 23 Erfarenheten
675 1484 39 21 har
728 1483 116 23 emellertid
858 1483 54 22 visat

99 1518 32 21 att
146 1516 70 28 dylika
230 1521 154 22 gemensamma
398 1514 174 27 sammanträden,
588 1513 65 23 ehuru
662 1513 23 22 de
694 1513 6 21 i
708 1514 75 27 många
795 1512 35 22 fall
841 1512 71 22 kunna
