1089 1786
389 147 24 17 R.
426 152 17 12 0.
455 148 22 16 A.
490 148 54 17 1891.
564 148 26 17 25
602 148 47 21 Maj.
847 142 53 21 1397

111 227 40 21 dra
165 233 70 19 mom.,
251 226 23 21 sä
289 226 55 22 hade
358 227 65 21 likväl
438 228 31 20 ett
477 227 52 21 visst
544 228 100 26 gvantum
659 226 60 21 ether
734 226 103 21 förblifvit
852 226 78 21 tillätet

110 256 33 20 att
163 254 47 22 frän
225 256 79 25 apotek
319 255 64 27 säljas
398 257 51 19 utan
465 258 78 24 recept,
559 255 69 21 säsom
648 255 64 25 enligt
734 254 196 22 medicinalförfatt-

109 283 104 26 ningarna
235 289 28 14 nu
285 284 86 25 tillätes,
393 284 42 26 mig
456 284 121 26 veterligen,
592 284 8 20 i
615 283 42 21 alla
672 282 85 27 länder;
774 283 86 21 dermed
875 283 54 20 hade

110 311 75 21 endast
200 311 69 21 blifvit
291 312 99 25 uttaladt,
407 313 31 19 att
453 312 56 21 vissa
523 313 68 20 större
607 311 126 26 gvantiteter
747 311 47 21 icke
809 311 53 26 finge
878 312 51 19 utan

111 341 72 25 recept
205 339 97 27 utgifvas,
317 339 88 22 emedan
419 345 88 16 numera
525 339 74 22 ethern
614 341 24 19 är
653 339 56 21 känd
725 339 70 22 säsom
810 341 31 19 ett
856 339 72 21 berus-

110 368 136 27 ningsmedel,
268 369 49 26 föga
339 368 81 21 mindre
442 370 27 20 än
490 369 86 26 spriten.
609 367 40 27 Jag
663 367 42 22 kan
721 368 70 21 derför
805 367 46 22 icke
866 369 65 20 annat

109 398 28 19 än
159 397 104 27 nedlägga
285 397 43 22 min
350 397 130 22 reservation
503 399 56 20 emot
583 397 144 26 anordningen
741 397 8 20 i
765 397 59 21 detta
844 396 86 27 förslag.

108 425 44 22 Det
167 427 24 19 är
205 426 87 27 synbart
307 427 32 20 att
354 425 118 22 Ständerna
494 426 27 27 gä
535 427 59 20 utom
619 425 32 22 sin
673 425 132 27 befogenhet,
822 431 34 15 om
872 425 59 22 ether

109 454 99 27 inryckes
223 455 28 26 pä
266 455 59 21 detta
340 454 69 21 ställe.

179 511 11 28 8
207 513 26 20 23
249 512 124 26 godkändes
391 511 52 22 härä
458 512 65 27 enligt
537 511 115 22 utskottets
667 511 84 27 förslag.

179 568 124 22 Utskottets
319 568 292 27 sammanjemkningsförslag
625 568 130 21 beträffande
771 568 11 26 8
797 558 27 30 51
837 568 94 26 godkän-

109 597 39 21 des
163 599 52 19 utan
231 597 145 26 anmärkning.

179 653 135 21 Beträffande
337 654 13 25 8
367 653 28 21 63
413 640 109 35 beslöt
499 636 24 48 R.
538 659 19 15 o.
573 653 32 26 A.,
620 653 28 26 pä
662 653 80 26 förslag
757 652 20 21 af
792 653 57 20 Frih.
864 653 25 20 R.
906 653 25 20 A.

111 681 109 25 Wrede,
236 683 38 25 att,
298 682 7 21 i
321 681 218 22 öfverensstämmelse
555 682 47 21 med
618 681 99 22 Ständets
733 681 109 26 angående
857 682 10 22 $
883 682 27 20 74
924 681 8 21 i

110 710 209 27 tillverkningslagen
342 710 83 22 fattade
448 710 75 27 beslut,
549 710 96 21 förkasta
671 709 257 28 sammanjemkningsför-

109 739 76 27 slaget.

180 797 31 21 De
235 796 22 21 af
278 796 105 22 utskottet
398 796 120 27 föreslagna
533 796 174 27 förändringarne
721 796 7 21 i
744 796 41 21 den
801 796 67 21 finska
883 797 45 20 tex-

110 827 37 20 ten
162 825 95 26 gillades.

179 881 32 21 Pä
233 881 31 21 Hr
286 882 219 20 Landtmarskalkens
527 881 154 26 framställning
696 881 69 21 beslöt
781 881 89 21 Ständet
884 881 46 21 der-

107 910 68 26 jemte
190 911 32 19 att
237 910 88 26 inbjuda
339 910 86 21 Preste-
439 910 40 20 och
493 910 162 22 Bondeständen
675 911 32 19 att
721 909 74 21 förena
810 910 32 26 sig
857 915 34 15 om
906 909 24 23 R.

111 945 19 14 0.
146 939 37 20 A:s
199 938 70 21 beslut
284 938 132 22 beträffande
433 938 14 26 &
463 939 26 20 74
504 938 7 22 i
526 938 207 26 tillverkningslagen
749 938 39 21 och
804 937 12 29 $
832 938 44 21 63
863 933 10 37 i
889 937 43 21 för-

111 967 163 26 säljningslagen
290 969 55 19 samt
361 968 32 20 att
408 967 7 20 i
431 966 24 22 R.
471 973 18 15 o.
507 968 35 20 A:s
556 966 124 27 inbjudning
695 968 112 20 omnämna
822 966 24 21 R.
862 972 18 15 o.
894 966 36 21 A:s

111 995 70 21 beslut
196 994 130 22 beträffande
343 996 12 20 9
372 995 39 21 och
430 995 26 21 10
471 994 25 29 SS
511 996 8 20 i
532 995 129 21 sistnämnda
675 994 40 27 lag.

304 1167 133 27 Deputationer
451 1167 28 22 vid
496 1166 121 28 landtdagens
632 1166 111 24 afslutande.

180 1224 31 21 Pä
226 1224 32 20 Hr
272 1223 219 21 Landtmarskalkens
505 1222 154 28 framställning
674 1223 68 21 beslöt
755 1222 90 22 Ständet
860 1229 28 15 nu
899 1225 32 19 att

109 1252 84 27 jemlikt
215 1253 24 20 L.
262 1252 36 21 O:s
318 1252 110 21 föreskrift
443 1254 47 19 utse
505 1254 77 18 tvänne
597 1252 154 26 deputationer,
767 1252 23 20 af
804 1251 70 22 hvilka
890 1252 40 21 den

112 1287 40 15 ena
175 1281 67 21 skulle
264 1281 32 21 till
319 1280 140 22 Medständen
481 1280 101 22 framföra
597 1280 23 21 R.
637 1286 18 15 o.
672 1280 36 21 A:s
723 1280 208 27 afskedshelsningar

113 1309 39 21 och
167 1310 40 20 den
223 1309 66 21 andra
305 1308 49 27 afgä
370 1309 32 21 till
417 1309 60 21 Hans
493 1309 110 21 Excellens
617 1308 225 27 Generalguvernören
856 1309 33 21 för
899 1311 32 19 att

112 1338 117 22 äterlemna
244 1337 277 27 landtmarskalksstafven
519 1333 9 36 ;
538 1337 38 22 och
591 1338 86 26 utsägos
692 1337 75 21 härvid

180 1395 33 22 till
235 1395 117 21 ledamöter
367 1395 7 21 i
391 1394 100 22 Ständets
507 1394 206 27 afskedsdeputation
732 1394 43 21 Hrr
792 1394 71 22 Anton
878 1395 53 21 Leo-

113 1424 53 20 nard
187 1430 40 14 von
249 1423 139 26 Knorring,
412 1423 57 20 Frih.
494 1423 50 20 Otto
567 1423 74 20 Albert
661 1423 97 22 Wrede,
781 1422 43 21 Hrr
848 1423 83 25 August

113 1452 116 25 Ramsay,
256 1450 65 21 Adolf
346 1450 131 26 Aminoff,
506 1450 64 26 Björn
598 1450 185 26 Wasastjerna
812 1450 39 21 och
878 1450 53 21 Axel

113 1479 200 24 Wallensköld,
330 1478 23 21 af
367 1478 72 21 hvilka
455 1479 41 20 den
511 1478 142 21 förstnämnde
673 1478 67 21 skulle
756 1478 74 21 anföra
844 1478 87 26 deputa-

113 1508 72 21 tionen
200 1508 33 21 till
250 1507 165 26 Presteständet,
438 1507 57 20 Frih.
511 1507 98 21 Wrede
630 1507 151 26 deputationen
800 1507 32 21 till
851 1507 80 26 Borga-

113 1537 109 22 reständet
243 1536 39 21 och
305 1536 32 22 Hr
352 1537 117 25 Ramsay
483 1535 150 27 deputationen
648 1535 33 21 till
695 1535 165 27 Bondeständet;
877 1537 54 20 samt
