1081 1792
374 146 25 18 R.
411 151 17 13 o.
440 148 22 16 A.
476 147 52 17 1891.
552 148 25 17 25
589 147 48 22 Maj.
832 142 54 22 1353

165 226 57 21 Frih.
239 232 51 15 von
305 226 82 22 Born:
416 226 50 22 Med
481 226 99 22 afseende
596 226 12 21 ä
623 226 40 22 den
678 227 58 21 olika
750 227 129 21 karaktären
894 228 24 20 af

97 254 26 22 de
145 254 155 21 reservationer
322 254 40 21 och
384 256 111 25 protester,
518 261 44 15 som
582 255 40 21 här
636 255 95 26 uttalats,
747 262 26 14 en
788 256 33 20 del
836 255 81 27 afgifna

97 282 23 22 af
133 288 102 21 personer
249 282 35 21 vid
300 282 92 22 tillfället
407 284 138 25 närvarande,
560 283 68 21 andra
643 283 23 21 af
679 283 80 21 sådana
774 284 34 21 vid
824 284 92 21 tillfället

96 311 148 26 frånvarande,
260 311 23 21 så
298 311 66 21 finner
374 311 36 26 jag
425 311 64 26 nödig
503 311 113 26 utredning
630 311 46 22 icke
684 311 102 27 föreligga
802 318 32 15 om
844 311 72 28 hvilka

96 345 108 22 personer,
228 345 45 16 som
296 339 54 22 varit
368 339 133 26 berättigade
516 339 32 22 till
563 339 81 22 sådana
658 340 126 21 uttalanden
799 341 6 20 i
821 340 40 21 den
876 346 40 15 ena

97 368 52 21 eller
164 367 66 22 andra
244 368 88 25 formen,
348 367 38 21 och
402 367 36 21 det
452 368 28 26 på
501 368 68 26 grund
584 368 24 21 af
620 369 32 20 ett
666 368 139 26 förhållande,
820 374 46 15 som
879 368 37 27 jag

97 396 90 27 tidigare
204 396 48 21 sökt
267 395 99 28 afhjelpa,
382 396 105 26 nämligen
502 398 32 19 att
549 396 36 22 det
599 396 46 22 icke
660 396 66 22 finnes
742 396 133 27 förteckning
884 396 32 21 öf-

98 431 43 19 ver,
164 424 71 21 hvilka
256 424 24 21 af
294 425 24 20 R.
334 431 19 15 o.
368 424 37 21 A:s
420 425 137 21 medlemmar
571 425 36 21 vid
621 424 163 27 förhandlingau
799 425 55 21 varit
868 427 49 18 när-

97 453 100 22 varande.
227 453 11 21 I
260 453 68 21 denna
351 452 156 27 omständighet
521 453 67 22 finner
601 453 36 27 jag
652 454 71 26 något,
738 459 46 15 som
799 455 24 19 är
838 453 79 26 egnadt

98 483 33 20 att
146 481 103 27 betydligt
264 481 93 27 förringa
372 481 115 22 bärvidden
502 481 24 22 af
539 482 25 21 de
580 488 29 15 nu
627 481 75 28 gjorda
715 482 146 24 uttalandena,
877 481 40 22 och

98 511 7 20 i
120 510 43 21 alla
178 509 37 22 fall
231 510 44 21 står
290 510 37 21 det
341 510 49 25 fast,
406 512 32 19 att
453 511 101 21 Finlands
572 510 122 21 Riddarhus
710 510 6 21 i
731 510 73 27 förgår
825 512 92 19 enstäm-

98 539 53 27 migt
174 538 40 22 och
236 541 51 19 utan
310 540 81 25 protest
412 539 84 21 förenat
511 539 32 27 sig
558 545 33 15 om
606 539 162 26 Lagutskottets
783 539 134 21 betänkande

99 568 47 24 och,
167 567 103 22 försåvidt
289 567 37 27 jag
341 567 85 26 förstår,
442 568 61 21 äfven
526 574 33 15 om
583 567 25 22 de
631 567 73 22 dervid
725 567 77 27 gjorda
823 568 94 20 uttalan-

99 597 60 21 dena.
189 596 63 21 Hvad
266 596 47 21 åter
328 596 12 21 å
354 596 101 21 Finlands
470 596 120 21 Riddarhus
605 596 6 21 i
627 595 41 27 dag
683 596 85 27 uttalas,
783 596 76 21 verkar
870 596 47 21 icke

98 624 28 27 på
142 625 36 21 det
192 624 88 26 faktum,
296 626 32 20 att
343 625 36 21 det
394 625 6 20 i
415 625 73 26 förgår
502 631 38 14 var
554 625 8 21 i
575 624 75 27 frågan
666 630 55 15 ense.

167 681 33 21 Hr
216 681 152 27 Stjernvall:
384 681 42 21 För
441 682 43 20 min
500 682 33 21 del
548 681 86 22 förenar
647 681 36 27 jag
698 681 42 26 mig
756 687 34 16 om
806 682 40 21 den
862 681 55 22 tolk-

99 711 50 26 ning
171 710 23 21 af
207 710 23 21 L.
254 709 24 22 O.
294 711 6 20 i
316 716 28 15 nu
359 709 162 27 ifrågavarande
539 710 105 26 afseende,
660 715 45 16 som
720 711 89 20 uttalats
824 710 23 21 af
860 709 57 22 Frih.

99 738 85 22 Wrede.
214 739 102 21 Deremot
338 738 42 21 kan
400 739 36 26 jag
458 739 46 21 icke
526 745 52 15 vara
598 738 49 22 fullt
669 744 49 16 ense
740 738 49 21 med
803 738 59 21 Frih.
877 744 41 16 von

99 767 58 22 Born
172 767 80 24 derom,
267 769 33 20 att
314 767 32 26 de,
362 773 45 15 som
422 767 46 22 icke
483 769 74 25 genast
571 767 115 22 framställt
697 767 154 22 reservationer
862 769 56 19 emot

100 796 26 21 de
141 796 131 25 uttalanden,
280 802 46 15 som
342 797 35 26 egt
391 802 46 15 rum
452 796 36 21 vid
503 798 83 19 senaste
601 795 161 27 sammanträde,
772 801 50 16 vore
832 795 87 22 bundna

100 824 23 22 af
144 825 42 21 alla
208 825 26 21 de
257 825 46 21 skäl
326 824 39 21 och
380 825 186 26 omständigheter,
582 830 45 16 som
642 824 73 22 dervid
731 824 120 27 äberopats,
866 826 52 19 utan

100 856 37 19 äro
153 853 62 22 dessa
230 854 136 22 medlemmar
382 853 127 22 solidariska
524 853 74 22 endast
613 853 131 22 beträffande
758 853 25 21 R.
800 859 18 15 o.
834 854 37 20 A:s
886 859 33 15 re-

100 883 92 21 solution
207 882 7 21 i
229 882 80 28 frägan.

168 934 32 22 Hr
215 933 81 27 Boije:
315 934 41 26 Jag
371 933 96 22 anhäller
481 934 22 21 fä
518 933 129 22 antecknadt
661 934 33 20 att
706 933 37 27 jag
758 933 46 22 icke
819 939 38 15 var
871 934 49 20 när-

102 963 91 21 varande
208 963 34 21 vid
258 969 28 15 nu
301 962 161 26 ifrägavarande
478 963 89 25 plenum.

169 1014 59 21 Frih.
243 1014 25 21 R.
284 1014 24 21 A.
324 1014 101 21 Wrede:
452 1014 44 21 När
509 1014 36 27 jag
560 1014 39 21 sist
613 1013 55 21 hade
684 1014 67 25 ordet,
766 1013 105 21 instämde
884 1012 36 28 jag

101 1042 7 21 i
130 1042 32 22 Hr
184 1042 83 22 Antells
289 1042 95 27 yrkande
406 1044 33 20 att
461 1042 26 21 de
509 1042 75 27 gjorda
598 1042 183 21 reservationerna
796 1041 39 23 och
849 1042 71 26 prote-

100 1072 72 20 sterna
187 1070 46 22 icke
249 1070 67 22 mätte
330 1071 8 21 i
352 1071 130 26 protokollet
496 1070 55 28 ingä.
580 1070 43 22 För
638 1071 40 21 den
693 1070 100 21 händelse
810 1070 66 22 likväl
888 1071 33 20 att

101 1099 32 22 Hr
148 1099 205 22 Landtmarskalken
369 1106 62 14 anser
446 1100 31 26 sig
492 1100 72 20 kunna
578 1099 7 21 i
600 1098 218 22 öfverensstämmelse
833 1098 49 22 med
896 1098 24 21 L.

101 1127 24 21 O.
147 1130 95 24 upptaga
264 1128 62 21 dessa
346 1128 120 26 yttranden,
491 1128 71 21 hvilka
578 1127 103 21 innebära
695 1134 28 20 ny
738 1126 120 22 diskussion
872 1127 7 21 i
895 1132 25 16 en

101 1157 46 25 sak,
162 1157 7 21 i
184 1156 84 22 hvilken
284 1156 147 22 diskussionen
445 1156 115 22 förklarats
578 1156 99 24 afslutad,
693 1156 24 21 sä
730 1155 37 21 vill
779 1156 37 26 jag
830 1155 34 21 för
878 1155 44 21 min

101 1185 35 21 del
159 1185 47 21 icke
228 1184 94 22 vidhälla
344 1185 59 21 detta
421 1185 95 26 yrkande
532 1186 32 20 att
578 1184 26 21 de
619 1184 161 26 ifrägavarande
794 1184 128 26 yttrandena

101 1214 47 22 icke
171 1213 69 22 skulle
262 1214 7 19 i
292 1213 130 27 protokollet
436 1213 56 27 ingä,
507 1215 52 19 utan
574 1212 141 22 öfverlemnar
730 1212 69 21 denna
814 1211 61 27 fräga
889 1211 33 22 till

102 1242 32 21 Hr
149 1242 217 21 Landtmarskalkens
389 1242 122 26 afgörande,
530 1242 40 21 och
584 1241 37 21 vill
635 1240 56 22 blott
706 1240 14 21 ä
734 1241 44 21 min
792 1240 46 21 sida
852 1240 70 21 uttala

102 1276 26 15 en
144 1270 131 21 reservation
290 1272 59 19 emot
364 1272 32 18 ett
411 1268 68 28 dylikt
493 1269 127 22 förfarande.

170 1320 33 22 Hr
218 1320 24 22 B.
257 1320 159 22 Grotenfelt:
441 1320 41 27 Jag
497 1320 38 21 ber
549 1320 22 21 fä
585 1319 74 22 förena
674 1320 43 26 mig
731 1319 7 21 i
753 1320 37 20 det
805 1318 116 26 uttalande,

103 1355 46 15 som
164 1348 68 27 afgafs
248 1349 22 21 af
283 1349 33 21 Hr
330 1348 120 28 Stjernvall.
471 1357 3 1 *

171 1400 32 22 Hr
217 1400 195 28 Pippingsköld:
438 1395 126 27 Äfvenledes
577 1399 37 27 jag
629 1398 62 22 utber
706 1399 43 26 mig
764 1399 34 21 att
812 1398 22 21 få
848 1397 75 23 förena

103 1429 44 26 mig
160 1429 13 21 i'
182 1429 34 21 Hr
230 1429 124 26 Stjernvalls
368 1428 105 27 yttrande.

172 1479 33 22 Hr
220 1479 27 23 K.
262 1479 95 22 Antell:
372 1479 41 27 Jag
428 1479 85 26 förenar
527 1478 43 28 mig
583 1478 7 22 i
605 1478 57 21 Frih.
678 1477 89 22 Wredes
782 1478 84 21 senaste
881 1477 42 26 ytt-

104 1509 67 22 rande
186 1508 39 22 och
241 1509 37 22 ber
294 1508 81 22 endast:
384 1509 38 25 att,
441 1507 45 22 ifall
501 1507 32 22 Hr
547 1506 205 23 Eandtmarskalken
768 1505 80 22 tillåter
862 1505 62 33 dessa

105 1537 166 23 reservationers
286 1537 104 28 ingäende
403 1537 12 21 i
426 1536 135 28 protokollet;
583 1535 21 23 fä
618 1535 105 27 nedlägga
736 1535 44 21 min
794 1535 130 21 reservation

834 1574 22 17 86
