1081 1789
209 164 55 22 1466
466 169 19 18 R
498 174 16 12 o.
527 169 22 18 A.
562 169 54 18 1891.
628 169 28 18 28
668 169 48 22 Maj.

250 249 62 21 Huru
326 249 24 22 R.
368 256 18 15 o.
402 250 22 20 A.
441 249 35 22 vid
492 249 68 22 denna
574 249 102 26 landtdag
690 248 48 29 fyllt
754 249 37 21 sitt
808 248 48 21 värf
870 249 39 21 och
930 248 70 22 hvilka

182 277 77 28 följder
273 278 49 21 dess
337 278 39 21 och
392 277 150 22 Medständens
556 278 70 21 beslut
641 278 61 21 skola
716 277 96 22 medföra
834 277 33 21 för
889 278 110 21 fosterlan-

183 307 43 26 det,
251 306 129 23 tillkommer
404 307 46 22 icke
476 307 43 26 mig
544 309 33 20 att
606 307 96 26 bedöma,
733 307 71 21 derom
835 307 73 20 dömer
938 306 62 21 efter-

181 335 87 22 verlden
284 335 40 22 och
339 335 109 22 historien.
478 336 49 21 Men
542 336 55 21 hvad
613 337 27 20 än
658 335 113 22 framtiden
793 335 39 22 bär
854 335 6 21 i
881 335 37 21 sitt
933 335 67 26 sköte,

181 364 54 21 skall
251 364 72 27 hvarje
338 365 91 21 medlem
452 364 22 21 af
487 365 24 20 R.
528 371 18 15 o.
562 365 25 21 A.
603 365 60 20 alltid
686 365 69 21 säsom
775 366 31 19 ett
829 364 22 21 af
872 365 46 20 sina
940 364 60 21 bästa

182 393 84 21 minnen
282 393 78 22 bevara
375 393 139 27 hägkomsten
530 393 23 22 af
567 393 57 22 Eder
637 393 49 21 ädla
696 393 40 22 och
748 393 92 21 humana
851 393 149 27 personlighet.

250 421 58 22 Mina
322 422 91 22 Herrar!
435 422 36 21 Mä
486 422 19 21 vi
521 422 49 26 höja
585 424 31 19 ett
631 421 88 27 kraftigt
734 421 39 22 och
789 421 95 27 hjertligt
899 421 54 22 lefve
968 421 33 22 för

182 450 206 22 Landtmarskalken
403 450 162 22 Geheimerädet
580 456 41 16 von
636 450 124 22 Haartman.
792 450 79 22 Hurra!

249 506 73 22 Under
337 507 100 27 ]judeliga
452 507 93 27 lefverop
564 507 140 27 beledsagade
727 507 24 21 R.
768 514 20 14 o.
804 507 26 21 A.
852 507 52 21 härä
925 506 76 22 Gehei-

181 535 95 22 merädet
292 542 41 14 von
348 536 118 22 Haartman
482 536 33 22 till
530 536 64 22 nedre
612 536 123 28 vestibylen,
759 536 106 21 hvarefter
887 536 25 20 R.
929 542 19 15 o.
964 536 36 20 A:s

180 564 138 22 medlemmar
333 564 102 22 ätskildes
450 564 28 22 kl.
494 566 13 20 2
523 571 17 15 e.
556 571 27 15 m.

758 622 21 18 In
790 621 61 18 fidem:

675 662 59 22 Karl
750 662 182 28 Standertskjöld.
