1095 1786
372 142 25 17 R.
409 147 18 12 o.
439 142 22 17 A.
474 143 54 16 1891.
546 143 22 17 21
580 143 49 20 Maj.
822 137 53 21 1255

156 221 58 22 Frih.
230 221 212 28 Langenskiöld:
472 223 42 21 Det
528 223 25 20 är
568 222 121 27 visserligen
704 228 59 15 mera
778 222 77 21 lönlöst
871 224 32 19 att

88 256 88 15 numera
198 252 52 25 göra
272 250 69 27 nägon
361 251 139 26 anmärkning
521 253 45 19 mot
588 251 59 20 detta
670 250 140 24 betänkande,
826 250 27 21 dä
868 251 36 20 det

87 279 61 21 torde
169 285 51 15 vara
242 279 109 25 godkändt
372 279 23 20 af
414 279 26 21 de
463 279 67 26 öfriga
552 281 12 19 3
590 279 104 24 Ständen;
713 285 49 14 men
776 278 34 21 för
825 279 77 20 sakens

88 306 55 22 skull
166 312 62 16 anser
240 306 37 28 jag
298 307 43 26 mig
355 307 54 21 dock
424 307 52 21 böra
490 307 84 27 päpeka
589 307 35 21 det
639 306 118 27 oegentliga
771 306 8 21 i
794 306 109 22 stiliserin-

87 341 39 21 gen
149 334 23 22 af
193 335 60 22 detta
274 335 122 27 lagförslag,
419 336 38 22 der
472 336 36 21 det
524 335 50 25 står,
590 337 33 19 att
637 334 102 26 ,härmed
755 335 75 21 varder
845 335 59 21 stad-

86 364 57 27 gadt,
159 365 32 20 att
205 364 14 21 4
235 364 12 26 $
262 366 13 19 4
290 364 54 26 Kap.
367 364 26 21 H.
409 364 23 21 B.
455 366 23 19 är
494 363 142 28 upphäfven;*
652 363 27 21 dä
694 364 36 20 det
743 363 45 27 just
802 369 49 15 vore
867 369 37 21 ge-

87 398 48 16 nom
151 392 40 22 den
206 392 120 27 föreslagna
341 392 151 28 författningen
507 393 33 26 8:n
555 392 69 22 blefve
639 392 128 27 upphäfven.

153 449 148 22 Betänkandet
323 449 123 22 föranledde
468 450 46 21 icke
536 449 32 21 till
590 450 71 21 vidare
684 448 143 27 anmärkning,
850 450 53 19 utan

85 477 45 22 blef
143 477 23 22 af
179 478 25 20 R.
221 484 18 14 o.
256 478 24 21 A.
296 478 80 26 gilladt.

407 619 171 29 Sparbaukslagen.

152 676 77 22 Vidare
246 676 109 27 föredrogs

151 732 222 22 Ekonomiutskottets
394 732 119 28 bordiagda
530 732 133 22 betänkande
679 732 40 21 N:o
735 733 12 21 8
762 732 8 21 i
784 732 118 27 anledning

83 761 23 21 af
126 762 31 21 ett
177 761 56 21 inom
254 760 181 28 Borgareständet
455 760 120 22 framstäldt
589 760 181 27 petitionsförslag
785 767 33 15 om
833 761 67 21 utfär-

82 790 69 22 dande
166 789 23 22 af
202 790 36 26 lag
252 790 110 26 angäende
377 789 265 27 sparbanksinstitutionen
657 790 7 20 i
680 789 77 22 landet.

149 847 33 21 Hr
196 847 24 21 B.
237 846 23 22 O.
277 846 152 22 Schauman
447 847 71 21 anhöll
533 846 75 22 härvid
623 853 34 15 om
673 847 61 21 ordet
749 847 39 21 och
803 846 95 28 yttrade:

81 876 40 27 Jag
143 876 37 21 vill
202 876 56 20 blott
279 877 52 25 göra
347 881 27 15 en
389 875 77 27 lindrig
480 876 140 25 anmärkning
634 877 45 19 mot
695 876 59 21 detta
769 875 130 22 utskottsbe-

81 904 114 21 tänkande.
224 903 35 21 Dä
280 904 36 21 det
337 904 56 21 varit
407 904 80 25 vanligt
502 904 56 21 inom
574 903 224 27 landtdagsutskotten
813 905 32 20 att
860 903 39 22 ka-

81 934 34 20 sta
130 939 26 15 en
170 932 102 22 historisk
288 931 103 22 äterblick
406 932 27 26 pä
449 932 40 21 den
504 931 67 28 fräga,
579 932 88 21 hvarom
676 932 145 21 betänkandet
831 932 68 21 hand-

80 961 39 27 lar,
143 961 39 21 och
204 960 211 22 Ekonomiutskottet
438 960 86 22 äfvensä
545 961 57 27 gjort
617 961 7 21 i
639 961 69 21 denna
722 960 66 28 fråga,
805 961 23 21 sä
843 961 55 21 hade

78 989 38 28 jag
132 989 76 22 önskat
224 991 38 22 att,
278 989 27 22 dä
321 989 36 22 det
371 990 94 25 nämnes,
480 990 33 20 att
527 989 46 22 före
589 989 24 21 är
629 989 54 21 1830
699 989 75 22 endast
788 989 37 21 två
839 995 59 20 spar-

83 1018 81 21 banker
179 1018 6 21 i
201 1017 72 22 landet
288 1017 54 22 hade
357 1018 58 21 trädt
430 1017 7 22 i
452 1017 140 26 verksamhet,
608 1018 36 21 det
659 1017 64 22 ocksä
738 1017 55 22 hade
808 1019 92 24 nämnts,

81 1048 38 19 när
135 1046 40 21 den
189 1047 68 20 första
272 1046 135 27 sparbanken
421 1045 7 21 i
443 1045 90 22 Finland
548 1046 133 27 grundlades,
690 1046 39 21 och
735 1047 32 20 att
775 1047 36 20 det
819 1045 78 22 skedde

80 1081 75 21 genom
178 1075 40 21 den
241 1080 34 15 om
295 1074 101 21 Finlands
414 1073 105 27 jordbruk
534 1074 40 21 och
589 1074 90 21 industri
694 1074 23 21 sä
731 1074 53 27 högt
798 1074 99 27 förtjente

79 1103 57 22 John
151 1109 41 16 von
207 1103 64 24 Julin,
287 1109 45 15 som
347 1102 47 21 frän
409 1103 97 26 England
521 1103 98 21 hemtade
635 1102 24 22 sä
673 1103 76 26 mänga
765 1103 81 27 nyttiga
858 1103 39 21 och

79 1132 149 26 filantropiska
249 1132 64 26 idéer,
336 1132 39 21 och
398 1131 35 21 det
455 1131 7 20 i
484 1126 53 31 Åbo,
560 1131 34 21 för
614 1131 84 22 hvilken
714 1131 48 21 stad
777 1131 64 22 också
856 1132 43 21 den

80 1161 65 20 ärade
168 1160 140 27 petitionären
330 1160 7 21 i
360 1160 69 21 denna
450 1159 61 27 fräga
526 1162 24 19 är
566 1160 40 21 den
620 1159 89 22 främste
723 1161 174 25 representanten

79 1189 35 21 vid
130 1189 68 21 denna
213 1189 108 26 landtdag.

148 1245 148 22 Betänkandet
310 1245 123 26 godkändes
448 1245 73 27 härpä.

316 1381 80 35 Ändring
412 1387 5 22 i
433 1386 223 29 arbetareskyddslagen.

147 1442 119 27 Föredrogs
288 1443 218 21 Ekonomiutskottets
526 1442 133 22 betänkande
680 1442 39 21 N:o
736 1443 12 21 9
763 1442 7 21 i
785 1442 111 26 anledning

79 1471 22 21 af
122 1473 30 19 ett
171 1471 57 21 inom
250 1471 27 20 R.
294 1477 18 15 o.
328 1471 25 20 A.
372 1471 61 21 väckt
448 1470 169 26 motionsförslag
632 1476 34 15 om
682 1470 87 27 ändring
784 1469 22 21 af
819 1471 11 25 $
848 1471 23 19 11
888 1471 7 19 i

79 1499 47 21 nåd.
142 1499 149 27 förordningen
307 1499 20 22 af
342 1499 39 21 den
399 1499 29 28 15
440 1499 59 27 April
517 1500 53 21 1889
586 1498 107 27 angående
708 1498 68 28 skydd
790 1497 33 23 för
835 1498 61 22 arbe-

79 1530 46 20 tare
139 1528 7 22 i
162 1528 26 22 de
202 1528 131 22 industriella
347 1528 84 27 yrkena.
