1103 1792
371 143 25 17 R.
409 148 16 12 o.
438 144 21 16 A.
472 144 54 17 1891.
550 144 21 17 15
583 144 48 21 Maj.
827 140 52 21 1031

159 224 40 20 2:0.
230 223 51 24 Den,
305 229 45 15 som
372 224 124 26 godkänner
511 225 12 20 2
538 230 62 16 mom.
617 225 7 20 i
640 224 13 28 &
670 226 26 20 14
712 225 144 27 oförändradt,
873 228 34 19 rö-

90 252 45 20 star
147 250 34 27 ja;

157 308 73 21 vinner
245 308 40 27 nej,
301 308 62 27 utgär
378 309 51 21 sista
444 309 110 27 meningen
570 309 6 21 i
592 311 121 23 momentet,

157 371 44 16 som
218 365 127 22 besvarades
358 365 104 27 jakande;

156 422 32 21 till
210 422 52 27 följd
285 422 76 23 hvaraf
381 423 89 22 Ständet
491 423 81 22 således
595 423 54 22 hade
671 424 93 22 beslutat
780 426 31 19 att
827 425 80 32 äterre-

87 451 86 22 mittera
197 453 9 19 1
233 457 62 16 mom.
317 452 22 21 af
362 451 11 28 &
397 452 26 21 14
444 452 33 21 till
500 453 104 21 utskottet
626 453 33 21 för
681 455 32 19 att
736 454 142 26 omredigeras
899 453 6 22 i

87 479 76 22 sädant
186 480 53 27 syfte
262 482 31 19 att
315 481 34 20 vid
373 480 179 28 partiförsäljning
574 481 46 22 kärl
643 481 22 21 af
682 488 81 15 samma
778 470 66 39 rymd,
860 489 46 15 som

87 509 35 20 vid
145 509 192 26 minutförsäljning
359 509 65 22 måtte
447 509 21 22 få
490 510 114 25 användas,
629 516 47 15 men
698 512 33 19 att
755 511 113 26 godkänna
893 512 12 20 2

87 543 64 16 mom.
163 537 9 21 i
187 538 41 25 &n.

156 594 114 27 Angående
285 595 40 21 den
341 594 65 27 derpå
421 595 91 26 följande
530 596 25 20 15
572 595 10 28 $
598 596 83 26 yttrade

155 651 32 22 Hr
203 652 24 20 A.
244 651 210 27 Björkenheim:
476 652 32 21 Då
523 653 34 20 vid
573 654 83 19 senaste
671 653 85 26 plenum
772 653 85 26 beslöts,
873 655 31 19 att

87 681 12 21 2
115 680 48 22 liter
179 680 68 21 skulle
262 687 51 14 vara
328 681 39 21 den
383 681 77 21 minsta
482 681 104 26 qvantitet
600 681 95 26 bränvin,
712 687 45 16 som
772 681 55 27 finge
842 682 62 21 utmi-

87 711 93 24 nuteras,
196 709 24 20 så
235 709 32 21 får
280 709 37 27 jag
332 709 55 22 fästa
401 709 119 27 Höglofliga
544 709 100 22 Ständets
659 710 189 26 uppmärksamhet
863 710 40 27 vid,

86 740 33 19 att
134 744 87 15 numera
236 737 67 22 finnas
319 739 56 20 ännu
390 737 49 22 flere
455 738 52 26 skäl,
524 740 26 19 än
566 745 33 15 om
616 745 25 14 en
656 739 48 21 liter
719 739 55 21 varit
781 739 77 21 minsta
868 739 36 21 be-

86 767 78 26 loppet,
180 766 34 21 för
229 768 32 19 att
275 767 97 21 förkasta
387 767 67 21 denna
470 773 28 14 nu
513 767 162 27 ifrågavarande
691 767 18 27 $,
726 774 45 15 som
782 767 67 22 måste
857 767 46 22 kal-

85 795 32 21 las
133 796 30 20 ett
179 795 123 27 oförnuftigt
318 795 84 27 lagbud,
417 795 63 22 hvars
496 796 113 21 moraliska
625 796 146 27 berättigande
781 796 18 27 ej
808 796 22 21 af
840 798 63 19 rätts-

86 824 149 21 medvetandet
256 824 109 22 erkännes.
395 825 40 26 Jag
455 825 33 21 fär
503 825 70 21 derför
592 825 84 25 föreslä,
692 827 32 19 att
739 825 25 21 R.
780 832 18 15 o.
814 826 25 20 A.
855 825 48 22 ville

85 853 114 27 godkänna
221 853 39 27 $:n,
281 853 66 21 sådan
370 854 40 21 den
431 853 7 21 i
460 854 32 21 Hr
507 853 128 22 Rönnbäcks
650 855 128 20 reservation
795 854 12 21 ä
822 854 38 21 sid.
877 854 26 21 73

85 881 67 23 finnes
167 882 125 27 föreslagen.

153 940 57 20 Frih.
227 940 18 21 J.
262 939 167 27 Gripenberg
444 940 143 22 understödde
602 940 33 21 Hr
649 940 159 27 Björkenheims
824 940 79 28 förslag

86 968 108 28 angående
210 969 130 27 antagandet
355 968 24 22 af
391 969 32 21 Hr
438 969 127 21 Rönnbäcks
580 969 138 21 reservation.

153 1026 32 20 Hr
200 1026 87 22 Johan
303 1026 185 27 Segerstråle:
512 1027 68 21 Jemte
602 1026 37 22 det
657 1026 37 27 jag
708 1026 38 22 ber
761 1028 32 20 att
807 1026 21 22 få
843 1027 7 20 i
866 1026 37 21 sak

85 1055 84 21 ansluta
191 1055 42 26 mig
255 1055 32 21 till
310 1056 31 20 Hr
360 1055 128 21 Rönnbäcks
503 1056 136 25 reservation,
655 1056 48 20 ville
715 1055 37 27 jag
767 1055 63 21 likväl
846 1055 57 21 hem-

85 1084 69 26 ställa,
170 1083 105 22 huruvida
296 1084 53 25 icke,
371 1084 34 21 för
420 1084 40 21 den
475 1084 99 21 händelse
590 1085 32 20 att
637 1084 156 21 reservationen
809 1085 94 25 antages,

86 1112 25 22 de
135 1112 6 21 i
165 1112 64 21 slutet
252 1112 23 21 af
295 1113 68 25 tredje
385 1113 65 21 raden
472 1112 174 22 förekommande
667 1112 65 22 orden
747 1112 79 27 ,denna
842 1113 61 20 vara"

85 1141 66 21 borde
174 1141 86 27 utbytas
281 1143 56 19 emot
353 1141 61 21 ordet
430 1141 116 28 ,bränvin*.
576 1142 130 26 Paragrafen
721 1142 90 21 förlorar
826 1147 76 15 annars

85 1170 90 20 klarhet.

153 1227 32 21 Hr
200 1226 101 22 Munck:
319 1226 39 22 Om
371 1227 37 27 jag
423 1227 18 27 ej
454 1226 139 50 missförstått
608 1226 32 22 Hr
655 1226 154 28 Björkenheim,
826 1226 23 22 så
864 1226 39 23 har

84 1256 42 20 han
143 1256 96 20 förordat
255 1256 134 21 uteslutande
405 1255 23 21 af
442 1255 73 21 hela
502 1251 25 35 15
548 1256 16 25 8.

153 1312 32 21 Hr
208 1312 61 20 Edv.
292 1312 191 26 Björkenheim:
514 1312 40 26 Jag
574 1312 38 21 ber
634 1311 55 21 blott
711 1311 21 21 fä
754 1311 90 27 upplysa
861 1317 41 21 om,

84 1342 33 20 att
139 1341 6 20 i
168 1340 100 22 händelse
289 1340 37 27 jag
348 1340 19 27 ej
390 1342 23 19 är
429 1342 57 19 orätt
500 1340 147 26 underrättad,
663 1340 23 20 sä
701 1340 59 26 ingär
775 1346 26 14 en
816 1340 86 20 likadan

84 1369 134 26 bestämning
233 1369 7 20 i
255 1369 40 21 den
311 1369 90 21 svenska
422 1369 164 26 lagstiftningen.
616 1368 41 26 Jag
672 1368 67 21 mäste
754 1368 101 26 erkänna,
870 1370 32 19 att

83 1398 36 26 jag
141 1398 46 20 icke
210 1399 24 19 är
256 1397 80 27 mäktig
358 1397 90 21 bedöma
470 1396 114 22 bärvidden
600 1396 23 22 af
636 1397 151 26 borttagandet
802 1396 22 22 af
835 1396 68 22 denna

84 1425 105 26 paragraf.

153 1481 31 21 Hr
199 1480 142 23 Lindelöf:
371 1476 67 26 Äfven
452 1480 36 27 jag
502 1480 38 22 ber
556 1482 31 20 att
602 1480 22 21 fä
638 1480 86 21 förorda
739 1480 127 27 antagandet
881 1479 23 22 af

85 1510 32 21 Hr
139 1509 127 23 Rönnbäcks
289 1510 135 21 reservation.
455 1509 41 21 Det
517 1509 77 22 förbud
616 1510 45 20 mot
675 1508 103 28 ,salning*
794 1509 52 20 eller
860 1508 42 21 för-

85 1539 85 27 delning
192 1539 23 21 af
234 1539 75 27 inköpt
326 1545 51 15 vara
392 1538 77 22 mellan
484 1538 50 21 flere
549 1538 86 27 köpare,
651 1543 45 16 som
711 1538 7 21 i
734 1537 10 28 $
760 1537 66 28 ingär,
842 1539 24 19 är
881 1536 23 22 af
