1089 1784
362 134 25 16 R.
399 138 17 12 o.
428 135 21 15 A.
463 132 53 18 1891.
538 133 22 18 19
572 134 47 20 Maj.
814 128 54 21 1083

153 214 46 21 Den
214 214 52 20 efter
277 213 86 22 härmed
379 214 88 20 afslutad
484 214 116 21 diskussion
613 214 31 21 till
658 214 97 21 Ständets
768 214 128 21 besvarande

86 242 153 22 ofverlemnade
255 242 303 26 omröstningspropositionen:

152 298 52 25 Den,
222 304 43 15 som
281 298 123 27 godkänner
418 298 11 27 $
444 299 13 19 4
473 299 64 26 enligt
549 300 112 19 utskottets
677 298 77 26 förslag
764 298 132 23 oförändrad,

84 328 68 20 röstar
165 327 30 27 ja;

152 384 73 21 vinner
232 379 9 36 :
248 384 40 27 nej,
311 384 38 21 har
368 384 23 21 R.
408 390 18 15 o.
443 384 23 21 A.
482 384 90 22 beslutat
587 386 32 19 att
634 383 143 26 ,,främmande
792 385 52 20 stats
859 390 38 14 un-

85 413 96 21 dersäte'*
197 412 54 22 skall
266 415 88 19 ersättas
369 412 47 22 med
432 430 12 9 ,,
447 413 136 27 medborgare
598 413 6 21 i
616 412 129 22 främmande
760 413 63 25 stat",

151 469 126 22 besvarades
299 469 48 22 med
370 469 149 28 öfvervägande
540 470 28 27 ja,
584 470 38 21 och
638 475 36 16 var
688 469 87 22 sälunda
791 471 10 25 $
817 470 13 20 4
844 469 53 27 god-

84 498 56 21 känd
155 498 48 21 med
219 499 39 20 den
273 498 23 21 af
310 498 102 21 utskottet
427 498 117 28 föreslagna
560 498 99 28 lydelsen.

152 554 169 23 Vidkommande
336 556 13 21 5
364 557 11 25 S
390 555 7 21 i
413 556 26 21 12
454 556 53 27 Kap.
522 556 84 27 yttrade

152 613 32 22 Hr
199 613 24 21 L.
238 613 137 22 Mechelin:
403 613 33 22 Då
452 613 64 28 enligt
530 613 88 27 tidigare
633 613 69 22 beslut
718 614 10 26 &
740 614 12 20 5
765 613 67 22 skulle
842 615 55 20 äter-

84 642 125 25 remitteras,
225 644 33 19 tar
265 642 36 27 jag
310 641 41 27 mig
358 641 89 22 friheten
454 642 116 24 hemställa,
580 648 32 15 om
621 642 60 21 ickei
698 643 4 20 1
717 648 69 20 mom.,
798 642 36 21 der
842 643 56 26 Lag-

84 671 105 21 utskottet
203 671 64 20 infört
282 671 60 20 ordet
356 670 103 28 Ryssland
473 671 7 20 i
495 670 123 28 paragrafen
633 671 6 20 i
655 671 70 21 stället
739 671 32 20 för
784 677 70 21 prop:s
865 674 33 18 ut-

83 699 60 27 tryck
167 699 150 27 ,detsamma'',
339 699 69 22 kunde
430 699 118 22 återställas
570 699 32 21 till
623 699 46 21 nåd.
685 705 71 21 prop:s
771 699 83 26 lydelse,
870 700 28 21 dä

85 727 57 22 detta
155 728 23 27 ju
193 728 7 21 i
215 728 61 26 ingen
292 727 99 22 händelse
406 730 24 19 är
445 727 91 27 oriktigt,
553 731 49 19 enär
617 727 116 22 förbunden
748 728 6 20 i
770 727 72 28 sjelfva
852 734 45 16 ver-

85 756 36 22 ket
136 757 58 26 ingäs
209 756 23 21 af
245 756 39 21 och
299 756 32 21 för
345 756 61 22 riket.

153 814 64 21 Detta
239 813 77 26 förslag
337 820 54 15 vann
415 813 53 22 dock
489 813 46 22 icke
553 814 119 26 understöd,
688 813 39 22 och
742 814 67 21 skulle
824 815 12 25 &
852 813 46 22 icke

85 843 93 26 undergå
193 849 68 14 annan
276 841 120 28 förändring
410 844 27 19 än
453 842 39 21 den
507 843 64 21 redan
586 842 89 27 tidigare
690 843 34 20 vid
740 845 11 18 1
767 843 44 27 &:ns
823 843 7 20 i
840 843 58 20 detta

85 872 53 27 Kap.
155 871 126 27 behandling
296 871 22 22 af
332 871 90 21 Ständet
436 870 114 23 beslutade.

153 929 23 27 88
192 930 56 20 6—9
265 928 6 21 i
288 930 25 20 12
328 929 53 26 Kap.
397 928 120 27 godkändes
532 930 50 20 utan
598 928 141 27 anmärkning,

151 986 78 21 Likasä
249 985 121 27 godkändes
393 985 114 22 utskottets
529 985 76 27 förslag
624 984 129 23 beträffande
770 986 32 26 13,
819 986 31 26 14,
871 986 26 20 16

85 1016 33 25 34,
134 1015 26 21 36
176 1014 39 22 och
231 1015 25 21 37
272 1015 53 26 Kap.

154 1071 38 22 Vid
208 1072 10 19 1
236 1073 10 25 $
261 1072 26 20 42
300 1072 53 26 Kap.
369 1070 65 22 utbad

153 1128 56 22 Frih.
232 1129 24 21 R.
279 1129 25 21 A.
326 1128 94 21 Wrede
443 1129 30 26 sig
489 1128 59 22 ordet
564 1128 38 21 och
614 1128 92 26 yttrade:
736 1128 40 26 Jag
792 1128 36 21 ber
844 1128 54 22 blott

83 1158 21 21 få
119 1157 82 27 påpeka
217 1157 35 21 det
267 1156 126 22 drakoniska
408 1157 120 26 stadgande,
543 1163 45 15 som
603 1156 139 22 förekommer
756 1156 7 21 i
779 1157 12 20 2
804 1163 61 15 mom.
877 1157 23 21 af

85 1188 11 25 $
111 1186 7 20 i
133 1186 40 21 den
186 1186 47 21 nåd.
249 1192 57 20 prop.
337 1185 36 21 Uti
389 1185 118 26 strafflagen
522 1185 58 27 lyder
596 1185 90 26 denna
677 1181 12 36 8
703 1185 71 26 ,,hvar,
790 1191 44 15 som
847 1187 51 19 utan

84 1214 95 22 tillständ
200 1214 107 22 aftecknar
327 1213 158 27 fästningsverk,
502 1213 80 22 straffes
598 1213 47 21 med
660 1213 60 21 böter
735 1213 61 26 högst
811 1213 87 21 tväbun-

85 1244 38 20 dra
144 1243 60 21 mark
219 1242 51 22 eller
283 1242 92 26 fängelse
390 1242 16 27 ej
424 1242 57 21 öfver
496 1244 32 19 tre
544 1242 118 21 månader."
692 1242 46 21 Här
752 1244 24 18 är
790 1241 32 21 för
837 1242 61 21 dessa

85 1271 135 27 förbrytelser
242 1271 98 26 stadgadt
355 1270 73 22 endast
442 1270 90 27 lindriga
546 1270 60 21 böter
622 1270 38 22 och
676 1273 30 18 ett
720 1270 85 21 kortare
820 1270 78 27 fängel-

85 1299 87 22 sestraff.
195 1300 10 20 I
220 1306 59 20 prop.
295 1301 24 19 är
333 1299 11 27 &
360 1299 83 21 afdelad
457 1299 7 20 i
480 1300 34 20 två
529 1304 68 20 mom.,
613 1298 22 22 af
648 1298 70 22 hvilka
734 1298 36 21 det
781 1298 65 22 första
854 1305 44 15 om-

85 1328 63 21 fattar
171 1328 34 21 det
228 1334 39 15 ena
287 1327 22 22 af
323 1327 24 22 de
363 1327 38 21 här
416 1328 90 21 nämnda
521 1327 90 24 brotten,
627 1327 103 26 nämligen
746 1328 32 19 att
792 1329 50 18 utan
858 1326 40 21 till-

85 1356 62 22 stånd
162 1356 96 22 afteckna
273 1355 157 27 fästningsverk,
446 1356 36 21 der
496 1355 81 22 straffet
592 1357 23 20 är
631 1355 114 22 detsamma
760 1361 44 15 som
815 1355 4 21 i
824 1355 75 21 strafi-

85 1385 66 26 lagen.
182 1385 43 21 Det
240 1385 12 20 2
268 1391 61 14 mom.
345 1385 46 21 äter
405 1384 83 21 straffar
504 1384 44 27 den,
564 1390 44 15 som
619 1383 99 27 delgifver
729 1383 97 22 utländsk
840 1384 59 21 makt

85 1413 51 22 eller
152 1413 131 25 offentliggör
305 1413 97 24 teckning
420 1413 21 20 af
454 1412 157 26 fästningsverk,
628 1413 46 19 med
688 1412 88 20 tukthus
790 1413 7 19 i
812 1412 61 25 högst
885 1414 13 18 6

85 1442 29 21 är.
144 1442 65 21 Detta
230 1440 61 21 straff
309 1442 23 19 är
353 1440 113 28 ingalunda
486 1441 81 25 strängt
589 1440 31 21 för
642 1440 34 21 det
698 1439 64 26 brott,
787 1446 45 15 som
846 1439 52 21 först

85 1471 92 24 nämnes,
200 1475 45 15 men
268 1469 32 21 för
318 1469 185 26 offentliggörande
518 1469 22 21 af
553 1468 97 27 teckning
665 1468 21 21 af
699 1467 152 28 fästningsverk
866 1473 31 22 sy-

86 1505 37 16 nes
138 1499 35 21 det
189 1504 50 15 vara
253 1504 41 20 nog
309 1497 127 22 drakoniskt.
460 1498 41 21 Det
518 1497 41 21 kan
567 1497 24 27 ju
601 1497 69 22 hända
678 1498 31 20 att
718 1503 24 15 en
751 1498 60 21 artist
821 1497 6 20 i
835 1496 64 21 allde-

85 1529 31 21 les
139 1527 95 28 oskyldig
249 1526 62 27 afsigt
326 1527 27 26 pä
368 1526 80 22 afständ
464 1526 85 21 tecknat
564 1528 30 19 ett
608 1525 154 27 fästningsverk
778 1526 38 21 och
832 1525 67 22 denna
