1084 1784
199 130 56 21 1218
445 136 25 16 R.
482 139 18 12 o.
512 134 22 16 A.
547 134 55 16 1891.
621 135 27 16 20
660 134 47 20 Maj.
867 156 7 4 N

173 214 102 25 gerhorns
297 212 84 27 förslag,
403 213 27 25 pä
452 213 36 21 det
503 214 32 19 att
551 213 120 25 derigenom
686 212 53 21 dock
760 212 69 26 nägon
850 211 48 21 dam
923 210 66 22 skulle

171 243 68 19 sättas
261 243 44 19 mot
329 240 35 21 det
378 240 111 27 missbruk,
504 240 102 22 hvarmed
620 246 27 15 en
662 240 65 20 sädan
742 239 141 27 utskänkning
898 238 44 22 ofta
956 245 33 15 va-

171 270 28 20 rit
215 269 91 21 förenad.

242 325 31 21 Hr
295 325 26 21 K.
344 324 103 22 Antell:
478 324 42 22 För
540 326 32 20 att
586 324 46 21 icke
647 324 87 26 bidraga
749 324 32 22 till
796 324 26 21 de
837 325 46 26 steg
898 324 32 21 för
945 325 45 26 steg

173 353 39 22 allt
233 354 72 26 längre
327 354 81 26 gäende
430 353 202 27 inskränkningarna
654 352 131 22 beträffande
800 352 189 26 ölkonsumtionen,

173 382 39 21 ber
224 382 36 27 jag
275 384 32 19 att
322 382 32 21 för
368 382 42 20 min
426 381 33 21 del
474 381 20 21 fä
510 380 83 22 biträda
608 381 32 21 Hr
655 381 127 21 Rönnbäcks
797 381 137 21 reservation.

241 438 32 21 Hr
288 444 52 15 von
355 438 111 26 Wright:
481 438 33 22 Då
530 438 59 21 äfven
602 438 37 26 jag
653 438 46 21 icke
709 438 43 21 kan
766 444 50 15 vara
831 438 48 21 med
894 444 34 15 om
943 438 48 21 allt-

173 466 32 22 för
220 466 59 27 längt
294 466 80 27 gäende
393 466 152 26 restriktioner,
561 467 23 21 sä
599 466 39 22 ber
653 466 63 21 ocksä
728 466 38 27 jag
781 468 31 19 att
828 466 20 22 fä
862 465 73 23 förena
950 466 41 27 mig

173 501 36 16 om
231 494 32 22 Hr
285 494 125 22 Rönnbäcks
432 494 129 27 reservation
583 494 38 22 och
637 494 68 22 tillika
720 494 128 22 understöda
863 494 32 22 Hr
909 494 83 22 Meche-

173 523 40 21 lins
235 523 78 27 förslag
335 525 32 19 att
385 523 6 21 i
413 523 130 22 Ständernas
558 522 166 22 svarsskrifvelse
740 522 67 22 skulle
822 522 92 28 päpekas
930 523 62 21 önsk-

173 551 116 22 värdheten
304 551 22 21 af
340 557 25 15 en
382 550 106 23 definition
504 552 22 21 af
545 552 61 21 ordet
621 552 93 23 resande,
730 557 75 21 genom
820 551 86 22 hvilken
922 551 70 22 defini-

175 580 44 20 tion
242 580 35 21 det
292 579 105 22 missbruk
412 580 69 21 kunde
496 579 131 28 förebyggas,
642 586 45 15 som
702 586 29 15 nu
746 586 50 20 eger
810 586 46 15 rum
871 586 76 21 genom
962 580 29 21 öl-

173 608 142 27 utskänkning
329 608 27 27 pä
371 608 149 27 gästgifverier.

243 666 31 20 Hr
290 665 109 21 Munck:
430 666 40 25 Jag
486 665 47 21 ville
549 665 86 27 tillägga
653 665 33 21 till
701 664 48 22 mitt
763 665 173 27 nästföregäende
951 667 42 26 ytt-

177 694 72 25 rande,
260 696 32 19 att
302 694 57 21 ocksä
369 694 35 26 jag
412 694 40 21 har
459 694 43 26 mig
509 694 85 24 bekant,
603 696 31 19 att
652 693 140 27 gästgifvaren
806 694 30 21 uti
852 693 62 27 Häijä
929 694 27 27 by
972 694 21 22 af

175 722 126 27 Mouhijärvi
324 722 77 22 socken
423 722 66 21 under
511 722 226 22 kreatursmarknaden
760 722 108 22 derstädes
883 722 32 22 till
930 722 63 22 förtä-

174 751 47 27 ring
235 751 28 26 pä
277 750 71 22 stället
363 750 115 24 utskänker
493 752 58 20 stora
567 751 125 25 avantiteter
704 750 31 27 öl;
751 757 48 15 men
814 750 27 22 dä
856 757 25 15 en
898 752 44 20 stor
957 750 34 22 del

173 779 22 21 af
209 779 53 27 dem,
278 784 46 16 som
339 778 52 28 köpt
405 778 49 26 ölet,
471 778 90 27 utgjorts
575 778 22 22 af
611 779 13 21 &
639 778 143 28 gästgifveriet
796 779 147 27 ingvarterade
958 785 31 16 re-

174 807 65 21 sande
261 806 46 22 frän
329 806 92 27 aflägsna
436 807 88 25 trakter,
540 807 45 21 frän
601 807 136 26 Tavastehus,
753 807 137 27 Helsingfors,
906 807 32 21 S:t
953 807 38 22 Pe-

175 835 98 26 tersburg
295 835 39 21 och
357 836 74 26 mänga
449 835 66 21 andra
530 838 64 23 orter,
609 835 39 21 har
663 835 47 21 icke
724 835 28 22 all
768 836 68 21 denna
850 836 141 27 utskänkning

175 864 52 20 varit
251 863 82 27 olaglig,
357 865 51 20 utan
430 864 74 20 endast
527 864 46 26 den,
589 870 44 14 som
649 863 66 27 gäller
730 864 39 21 den
785 866 93 19 närmast
893 864 98 27 kringlig-

174 892 69 27 gande
258 892 95 22 traktens
368 891 126 28 befolkning,
510 898 45 16 som
571 891 45 22 icke
632 898 36 15 ens
682 892 32 21 till
730 892 42 22 ölet
786 892 67 22 förtär
868 895 49 19 mat.

241 949 32 22 Hr
287 950 25 21 R.
328 949 158 27 Jägerhorn:
502 950 50 21 Med
567 950 113 27 anledning
694 950 23 21 af
730 950 55 22 hvad
800 951 32 21 Hr
846 951 78 22 Munck
940 951 50 28 nyli-

175 984 39 20 gen
229 978 84 27 yttrade
328 977 38 22 ber
378 978 36 27 jag
429 978 21 21 få
465 981 82 23 nämna,
561 980 32 20 att
601 978 97 22 liknande
713 979 111 22 händelser
838 985 46 16 som
896 981 39 20 den
946 980 45 22 från

174 1006 133 27 Mouhijärvi.
323 1007 56 20 inom
395 1007 104 21 utskottet
514 1007 79 22 anförts
608 1007 47 21 frän
669 1007 73 27 Lappo
759 1007 38 22 och
812 1007 45 22 frän
874 1008 48 22 Salo
935 1009 56 21 trak-

174 1036 42 19 ten.
246 1034 61 21 Hvad
331 1034 100 21 beträffar
453 1036 32 19 att
506 1037 97 19 närmare
618 1035 100 21 definiera
733 1035 113 27 begreppet
861 1036 23 21 af
896 1037 93 25 resande,

173 1063 24 20 sä
211 1064 46 19 tror
269 1062 36 27 jag
319 1064 32 20 att
367 1069 25 14 en
408 1063 66 21 sädan
489 1062 107 23 definition
611 1063 104 27 svärligen
730 1063 53 22 skall
798 1064 72 21 kunna
884 1067 62 24 göras
961 1066 29 25 sä,

173 1093 32 19 att
220 1090 95 27 praktisk
330 1092 59 25 nytta
404 1091 60 21 deraf
478 1097 48 15 vore
542 1093 32 20 att
588 1091 105 26 förvänta;
713 1092 127 22 åtminstone
854 1093 40 21 har
908 1093 81 22 utskot-

173 1121 38 24 tet,
234 1119 66 21 eburu
323 1119 62 29 viljan
407 1119 56 22 varit
485 1120 40 21 den
547 1119 54 22 allra
621 1119 67 26 bästa,
710 1120 46 21 icke
771 1120 80 27 lyckats
867 1121 5 20 i
889 1121 57 22 detta
961 1121 29 22 af-

174 1147 83 21 seende.
289 1147 39 21 Om
351 1153 26 15 en
399 1148 64 21 sådan
487 1147 108 22 definition
617 1149 63 20 också
694 1148 70 22 kunde
778 1149 123 26 uppställas,
917 1152 24 19 är
956 1150 35 21 det

173 1175 106 22 sannolikt
293 1177 32 19 att
347 1176 150 26 gästgifvarens
520 1178 112 25 egennytta
653 1176 67 22 skulle
735 1179 58 24 göra,
808 1179 32 20 att
856 1177 132 22 definitionen

166 1209 57 16 -vore
247 1203 31 22 till
299 1203 59 28 ringa
373 1205 60 26 nytta
447 1203 7 21 i
468 1203 60 28 fråga
543 1211 34 14 om
592 1204 102 27 stäfjande
709 1204 22 22 af
744 1205 132 27 krogrörelse
892 1207 26 26 på
933 1208 55 25 gäst-

172 1231 191 28 gifvaregårdarna.

239 1288 150 22 Diskussionen
412 1289 131 22 förklarades
565 1289 51 22 härå
631 1289 97 26 afslutad,
744 1290 106 22 hvarefter
864 1291 32 22 Hr
911 1291 77 22 Landt-

172 1317 133 30 marskalken
325 1317 32 20 till
373 1317 99 21 Ståndets
487 1318 129 21 besvarande
631 1317 50 22 aflät
695 1318 91 26 följande
802 1320 186 26 omröstningspro-

171 1345 100 25 position:

240 1399 52 28 Den,
315 1407 44 14 som
382 1400 122 27 godkänner
526 1401 10 28 $
566 1402 25 20 12
615 1401 65 28 enligt
703 1402 115 22 utskottets
843 1403 85 28 förslag,
955 1406 32 20 rö-

170 1430 45 21 star
227 1429 34 26 ja;

239 1486 72 21 vinner
334 1486 40 27 nej,
397 1486 38 22 har
457 1487 24 21 R.
498 1493 18 16 o.
532 1487 24 22 A.
575 1487 96 22 omfattat
687 1489 161 27 reservationen,
864 1489 68 23 sävidt
947 1495 39 18 den

171 1515 65 27 angår
250 1515 11 28 $
278 1516 32 20 12.
