1109 1792
372 132 24 18 R.
408 138 17 12 o.
438 134 22 16 A.
473 133 55 17 1891.
554 135 22 16 15
588 134 47 22 Maj.
831 130 54 22 1017

285 202 19 39 3
334 210 7 11 £

225 298 151 33 Fredagen
395 298 57 27 den
470 298 32 27 15
520 298 58 34 Maj
598 298 40 28 kl.
658 298 31 27 11
708 298 22 28 f.
748 306 38 21 m.

252 434 126 30 Inbjudning
371 430 11 39 i
393 434 67 30 frågan
476 442 28 16 om
520 435 242 30 maltdryckshevillningen.

164 498 120 27 Föredrogs
300 498 105 22 särskilda
426 498 47 22 frän
488 499 141 21 Medständen
644 499 105 27 ingängna
764 500 151 26 protokollsut-

99 528 58 26 drag,
173 527 125 22 hvaribland
313 529 31 19 ett
359 527 46 21 frän
420 527 180 27 Borgareständet
614 528 24 20 af
650 528 92 27 följande
757 528 101 22 innehäll:

307 600 82 29 Utdrag
404 608 28 14 ur
444 601 134 28 protokollet,
591 602 66 27 fördt
672 602 36 21 vid
722 602 194 28 Borgareständets

233 636 89 27 plenum
338 636 41 20 den
394 638 27 18 11
436 636 50 27 Maj
501 637 64 20 1891.

167 699 119 27 Föredrogs
308 698 244 28 Bevillningsutskottets
574 699 79 27 förslag
668 700 31 20 till
715 700 203 28 sammanjämkning

99 728 23 21 af
139 728 25 21 de
181 728 65 21 delvis
262 728 122 26 skiljaktiga
398 728 76 26 beslut,
490 728 60 21 hvari
565 728 94 21 Ständen
674 730 86 20 stannat
774 730 34 20 vid
824 729 94 22 behand-

99 757 70 27 lingen
190 756 23 22 af
233 756 115 22 utskottets
366 756 134 22 betänkande
515 757 40 21 N:o
571 758 13 20 2
599 757 6 21 i
621 757 113 27 anledning
748 758 23 21 af
784 758 26 22 H.
827 758 26 22 K.
868 758 50 22 M:ts

99 786 77 27 nådiga
200 785 132 27 proposition
354 791 34 15 om
407 786 114 27 bevillning
535 786 34 21 för
583 786 135 27 tillverkning
733 787 23 21 af
769 787 149 27 maltärycker.

168 814 60 22 Efter
243 814 90 22 slutförd
349 814 119 22 diskussion
483 815 69 21 beslöt
568 815 185 27 Borgareständet,
770 822 44 16 som
830 816 34 22 vid
875 816 43 27 ple-

99 850 50 15 num
170 844 40 20 den
233 844 26 20 25
282 844 58 26 April
364 843 82 27 antagit
466 850 25 15 en
511 843 45 22 frän
582 844 116 22 utskottets
713 844 79 27 förslag
807 845 112 21 afvikande

99 873 81 26 ingress
202 872 32 21 till
256 872 150 27 förordningen
426 873 7 20 i
455 874 71 19 ämnet
546 874 55 19 samt
616 873 87 21 beslutit
718 875 32 19 att
765 874 11 27 $
791 874 14 21 4
821 874 43 21 helt
880 874 39 21 och

99 901 67 21 hället
181 900 69 21 skulle
264 907 26 14 ur
305 900 151 27 förordningen
471 900 57 27 utgä,
544 903 32 19 att
591 901 49 21 med
655 901 137 22 förkastande
807 902 23 21 af
837 902 83 21 utskot-

99 931 42 19 tets
156 929 128 21 härutinnan
294 929 134 22 framställda
438 929 301 28 sammanjämkningsförslag,
748 931 100 20 vidblifva
861 931 59 21 detta

99 958 37 21 sitt
158 957 58 22 förut
238 958 7 20 i
268 957 64 22 saken
354 957 82 22 fattade
458 958 78 27 beslut;
552 958 117 27 hvarjämte
686 958 88 22 Ständet
789 959 130 22 dessutom
902 953 20 37 i

98 987 60 26 fräga
182 993 33 14 om
237 987 115 21 utskottets
368 987 116 26 beräkning
499 986 22 22 af
536 987 138 22 statsverkets
690 987 128 22 ärsinkomst
833 988 23 21 af
868 987 52 22 ifrä-

100 1015 120 27 gavarande
243 1015 113 27 bevillning
378 1015 67 22 under
460 1017 62 20 nästa
536 1015 141 28 finansperiod
693 1017 103 21 stannade
810 1017 8 20 i
833 1017 36 20 det
884 1017 35 20 be-

100 1044 50 27 slut,
167 1046 33 19 att
215 1044 68 21 denna
298 1044 93 21 inkomst
406 1044 66 21 borde
482 1044 248 27 uppskattasi-medeltal
738 1045 32 21 till
778 1045 90 25 765,000
876 1045 42 22 mk.

167 1073 81 21 Härom
265 1073 68 21 skulle
348 1072 140 22 Medständen
503 1073 39 21 och
560 1073 234 27 Bevillningsutskottet
808 1074 112 21 underrät-

100 1103 33 20 tas
148 1107 76 28 genom
240 1102 195 26 protokollsutdrag
450 1103 56 20 samt
521 1101 95 23 Ständen
630 1102 46 21 däri
691 1103 69 20 tillika
774 1102 98 27 inbjudas
888 1104 32 20 att

100 1131 73 21 förena
196 1131 31 26 sig
250 1137 33 14 om
303 1131 55 20 hvad
372 1131 180 26 Borgareständet
567 1131 132 21 beträffande
713 1131 161 28 förordningens
889 1132 31 21 in-

99 1165 59 21 gress
173 1159 39 22 och
228 1160 13 21 4
256 1159 11 28 $
283 1159 89 26 tidigare
387 1159 93 21 beslutit.

703 1216 20 17 In
737 1215 61 18 fidem:

647 1251 26 20 A.
695 1250 24 21 V.
735 1250 116 28 Lindberg.

168 1313 76 21 Denna
259 1312 123 27 inbjudning
398 1312 112 22 bordlades
526 1313 32 20 till
573 1313 168 27 mergondagens
756 1313 91 26 plenum.

393 1441 239 30 Bränvinslag-förslagen.

170 1499 121 22 Fortsattes
306 1499 47 22 med
367 1498 154 28 behandlingen
530 1499 22 22 af
558 1499 221 22 Ekonomiutskottets
788 1499 133 22 betänkande

102 1528 40 22 N:o
166 1528 12 21 3
199 1528 7 21 i
230 1528 113 27 anledning
358 1528 22 21 af
393 1528 48 22 näd.
456 1534 60 21 prop.
532 1528 39 22 N:o
589 1529 32 26 11,
636 1528 144 22 innefattande
795 1528 80 27 förslag
889 1528 33 22 till

831 1568 22 17 65
