1081 1795
197 153 53 21 1356
445 156 24 17 R.
482 160 18 13 o.
512 156 23 17 A.
548 156 53 17 1891.
625 156 26 17 25
663 156 47 21 Maj.

166 237 91 27 yttradt;
280 243 29 15 nu
328 237 68 26 gäller
411 236 36 21 det
463 236 74 21 endast
552 237 32 20 att
599 237 58 25 yttra
671 235 31 27 sig
718 241 34 15 om
767 234 32 22 Hr
814 234 174 22 Landtmarskal-

166 266 52 21 kens
234 265 77 27 ätgärd
325 264 131 22 beträffande
471 264 187 26 reservationerna,
675 264 38 26 och
737 264 53 26 icke,
806 263 80 21 hvilket
899 263 37 26 jag
952 262 37 22 fin-

168 300 38 15 ner
224 294 8 20 i
254 294 77 21 sakens
353 293 122 21 nuvarande
494 293 48 27 läge
557 299 52 15 vara
625 292 101 26 omöjligt,
742 294 32 19 att
790 291 141 27 äterupplifva
946 291 44 21 dis-

167 322 113 21 kussionen
294 322 8 21 i
318 322 72 25 saken,
407 327 49 15 men
478 321 79 21 tillätes
577 320 68 24 detta,
661 320 27 21 dä
702 320 35 22 mä
751 320 21 22 vi
787 320 45 21 läta
847 320 65 21 blifva
927 320 63 21 bero-

168 350 52 22 ende
243 350 34 21 vid
299 350 32 21 Hr
351 349 217 22 Landtmarskalkens
584 349 81 26 förslag
680 350 32 20 att
726 348 76 27 afgöra
817 348 69 21 denna
900 348 40 21 sak
954 354 36 21 ge-

168 385 50 15 nom
241 378 138 27 omröstning.
409 378 40 21 Om
473 380 30 19 ett
525 377 136 27 upplifvande
685 378 22 20 af
720 377 147 21 diskussionen
883 376 54 22 skall
952 382 38 22 ega

168 413 54 19 rum,
238 407 23 21 sä
275 406 35 22 mä
326 407 25 21 R.
367 412 20 16 o.
403 407 25 21 A.
443 412 76 20 genom
534 406 97 26 votering
654 405 79 27 afgöra,
749 406 55 20 hvad
820 411 45 15 som
880 406 24 20 är
919 405 71 21 flerta-

168 436 40 21 lets
224 436 53 26 äsigt
292 434 132 23 beträffande
439 435 129 26 lagligheten
583 434 23 21 af
620 434 62 21 dessa
696 434 162 21 reservationer.

236 492 33 21 Hr
290 493 115 25 Ramsay:
435 491 34 21 Då
490 491 40 21 här
552 491 40 21 har
614 490 75 22 väckts
703 490 61 27 fråga
779 496 34 15 om
828 490 162 27 precedensfall,

168 522 60 26 tager
241 521 36 26 jag
293 521 43 26 mig
351 520 89 22 friheten
457 521 31 20 att
503 520 69 21 erinra
588 525 40 20 om,
645 521 32 20 att
698 519 34 22 vid
747 520 84 21 senaste
846 519 85 26 fredags
946 519 45 27 ple-

168 556 51 15 num
241 551 30 19 Hr
293 549 77 26 Lagus,
393 555 45 15 som
453 550 78 19 närvar
546 548 34 21 vid
595 548 126 27 torsdagens
736 548 93 26 plenum,
844 547 59 28 afgaf
917 554 26 15 en
958 554 32 15 re-

170 578 106 22 servation
292 579 57 20 emot
363 579 32 20 ett
409 577 28 22 dä
451 577 80 21 fattadt
553 577 76 25 beslut,
653 578 51 20 utan
720 578 32 19 att
767 576 69 27 nägon
851 577 139 26 anmärkning

169 607 74 27 höjdes
258 606 48 21 frän
321 605 99 22 Ständets
436 606 51 21 sida.

238 664 31 21 Hr
284 663 121 27 Pipping:
427 664 39 20 Att
481 669 25 15 en
522 662 170 27 ständsmedlem,
713 668 45 15 som
774 663 18 26 ej
808 663 55 21 varit
878 662 112 25 tillstädes,

171 692 28 22 dä
220 692 69 21 beslut
312 693 7 20 i
341 691 65 28 nägot
428 691 79 22 ärende
529 691 81 27 fattats,
626 693 25 19 är
666 691 121 26 berättigad
802 692 33 21 att
850 691 93 22 derefter
958 691 33 21 till

168 721 131 27 protokollet
321 721 90 24 anmäla,
434 721 31 20 att
488 720 41 21 han
552 720 18 27 ej
592 721 7 20 i
621 726 81 15 samma
721 719 71 22 beslut
807 720 95 26 deltagit,
918 720 73 21 derom

169 749 62 22 torde
246 749 20 21 vi
281 749 43 21 alla
338 755 53 15 vara
404 755 61 20 ense;
481 748 64 21 ocksä
560 749 72 27 tyckte
645 749 37 26 jag
696 750 32 19 att
742 749 33 20 Hr
785 747 206 22 Landtmarskalken

169 777 116 27 tillstadde,
301 779 33 19 att
355 777 26 21 de
395 777 142 21 fränvarande
552 776 54 28 finge
622 777 45 21 läta
681 776 104 22 anteckna
800 783 34 15 om
848 777 33 21 sin
896 778 94 20 utevaro.

170 806 47 21 Den
241 806 66 27 fräga,
329 806 88 20 hvarom
439 812 28 14 nu
490 806 57 20 olika
561 806 110 26 meningar
686 805 73 27 tyckas
773 807 53 25 göra
841 806 31 26 sig
886 804 105 28 gällande,

170 836 24 20 är
210 834 40 25 väl,
259 834 104 21 huruvida
379 836 56 19 emot
451 834 35 20 det
501 834 76 26 beslut,
594 840 45 15 som
654 834 28 21 dä
696 834 99 26 fattades,
811 834 21 21 fä
850 836 62 25 göras
923 839 67 16 reser-

170 863 109 25 vationer;
295 863 39 21 och
349 863 40 21 har
401 863 36 26 jag
452 862 33 21 för
499 862 44 21 min
558 863 34 21 del
607 862 46 21 icke
669 862 81 22 kunnat
764 862 58 22 finna
837 864 65 20 annat
917 864 27 19 än
959 864 33 19 att

170 892 32 25 de,
226 897 45 15 som
293 892 36 20 vid
351 891 99 21 ärendets
465 891 128 26 behandling
607 891 101 25 närvarit,
724 891 22 20 fä
760 891 35 21 vid
808 891 132 26 justeringen
956 896 36 15 an-

171 920 62 26 mäla,
257 921 32 20 att
311 920 25 21 de
359 919 46 21 icke
421 919 94 26 bidragit
530 919 32 22 till
578 919 51 22 eller
643 919 87 21 instämt
744 919 8 22 i
766 919 100 26 beslutet,
881 925 48 15 men
945 919 46 21 der-

170 950 58 20 emot
249 948 116 27 ingalunda
388 949 37 20 äro
449 947 133 28 berättigade
605 949 32 19 att
652 947 110 22 utsträcka
777 948 46 21 sina
837 947 155 22 reservationer

170 977 33 21 till
225 976 82 27 sakliga
328 977 114 26 yttranden
458 976 51 21 eller
523 976 50 27 ingå
587 977 7 20 i
609 976 89 21 klander
712 977 52 20 eller
780 977 104 26 ogillande
900 976 22 21 af
935 976 55 21 hvad

170 1012 26 15 en
216 1005 51 22 eller
290 1011 69 15 annan
382 1005 164 22 ståndsmedlem
570 1005 67 21 under
659 1005 98 22 ärendets
772 1004 130 27 behandling
916 1006 74 25 yttrat,

171 1034 95 26 emedan,
282 1034 70 21 såsom
367 1033 107 26 åtskilliga
489 1034 65 21 ärade
569 1034 68 21 talare
653 1033 65 22 redan
732 1034 82 27 antydt,
830 1033 76 22 sådant
920 1034 71 21 kunde

170 1062 109 22 föranleda
294 1063 33 20 till
343 1069 27 20 ny
385 1062 125 21 diskussion.

238 1119 31 21 Hr
285 1119 24 22 L.
324 1118 145 22 Mechelin:
500 1119 42 21 Det
556 1118 81 21 händer
652 1118 46 22 icke
713 1119 69 21 sällan
797 1120 32 20 att
844 1125 49 15 man
908 1119 7 22 i
930 1119 61 27 lagen

169 1147 47 21 icke
238 1148 42 20 kan
302 1147 57 21 finna
381 1149 32 19 ett
435 1147 88 21 alldeles
544 1147 132 21 omedelbart
698 1153 47 15 svar
765 1147 28 26 på
807 1153 27 15 en
849 1148 142 26 uppkommen

169 1175 67 28 fråga.
266 1175 29 22 Så
318 1177 25 19 är
365 1175 61 21 äfven
450 1182 29 15 nu
501 1175 66 22 fallet.
597 1175 32 21 De
647 1176 152 26 anmälningar,
815 1182 45 15 som
875 1177 69 26 gjorts
959 1176 33 21 till

169 1203 130 28 protokollet
322 1204 7 20 i
355 1203 40 27 dag
417 1203 23 22 af
454 1210 25 15 en
495 1204 34 21 del
543 1203 143 27 medlemmar,
702 1210 45 15 som
762 1204 94 21 närvarit
868 1205 36 20 vid
919 1205 72 20 lörda-

168 1238 53 23 gens
235 1233 92 26 plenum,
343 1231 65 22 hafva
422 1232 135 26 uteslutande
565 1232 54 27 gällt
628 1232 55 21 vissa
691 1232 27 21 då
726 1232 67 21 under
803 1232 156 27 behandlingen
969 1232 23 21 af

169 1261 116 26 petitionen
306 1261 8 20 i
333 1260 123 27 postfrågan
475 1260 80 27 afgifna
569 1261 121 26 yttranden,
705 1261 71 21 hvilka
791 1261 47 26 lågo
854 1261 86 22 utanför
956 1261 36 22 det

169 1291 68 24 ämne,
259 1295 46 15 som
329 1288 91 25 förevar,
436 1289 41 21 och
492 1289 83 21 således
588 1289 46 21 icke
649 1289 81 21 kunnat
744 1289 28 26 på
787 1289 91 22 förhand
893 1291 97 20 emotses.

169 1317 43 22 Det
226 1317 65 26 ligger
307 1323 25 15 en
347 1317 84 26 analogi
447 1317 77 21 mellan
539 1317 26 22 de
580 1317 7 21 i
603 1317 41 26 dag
657 1317 135 22 framställda
809 1319 183 21 reservationerna

169 1345 52 20 eller
243 1345 175 25 anmälningarna
439 1345 34 20 för
494 1345 120 25 fritagande
636 1345 47 20 från
702 1346 119 20 solidaritet
836 1346 48 20 med
899 1346 93 20 berörda

168 1372 121 27 yttranden,
313 1372 40 20 och
375 1372 56 21 hvad
453 1372 7 20 i
482 1372 24 21 L.
523 1372 24 21 O.
563 1372 88 26 stadgas
665 1378 34 19 om
715 1374 44 23 rätt
773 1374 33 20 att
821 1380 25 14 ur
861 1373 131 27 protokollet

169 1400 34 22 vid
223 1400 106 28 justering
350 1402 76 26 uttaga
441 1400 122 27 yttranden,
579 1399 56 22 blott
650 1400 92 22 beslutet
756 1400 47 22 icke
818 1401 120 27 derigenom
955 1402 36 24 än-

168 1428 56 27 dras.
254 1429 47 27 Här
322 1428 40 24 har
384 1435 29 15 nu
427 1429 68 26 gjorts
511 1429 36 21 det
561 1429 102 26 yrkande,
680 1431 32 19 att
727 1429 91 25 Ståndet
832 1430 69 25 skulle
915 1436 76 21 genom

168 1457 132 28 omröstning
314 1456 75 29 afgöra
404 1457 41 23 den
465 1458 58 20 rätta
545 1457 167 28 lagtolkningen.
741 1458 67 22 Detta
823 1459 61 21 torde
898 1465 52 19 vara
965 1464 26 17 en

168 1487 44 25 rätt
233 1485 96 29 vansklig
351 1486 49 26 sak;
422 1491 49 18 men
493 1485 102 27 vidhålles
618 1487 31 20 ett
672 1486 76 24 sådant
768 1487 101 27 yrkande,
886 1487 24 22 så
925 1487 65 23 borde

168 1512 161 31 Lagutskottets
353 1515 110 27 utlåtande
485 1514 54 22 först
561 1514 112 26 inhemtas.
703 1515 41 25 Det
765 1517 24 24 är
803 1516 134 27 uppenbart,
959 1517 32 21 att

167 1540 94 31 hvarken
283 1543 42 26 den
345 1549 41 16 ena
407 1543 51 28 eller
473 1543 67 26 andra
556 1544 8 21 i
579 1544 60 25 detta
654 1543 68 26 Stånd
737 1545 79 21 önskar
831 1546 33 20 att
878 1545 66 27 något
958 1545 32 22 sä-
