1098 1781
377 129 25 17 R.
414 134 18 12 o.
443 130 23 18 A.
479 130 52 18 1891.
557 131 22 17 19
591 130 47 22 Maj.
836 126 54 22 1137

100 208 10 20 I
132 208 41 21 den
195 208 23 21 af
239 207 120 23 Ständerna
381 215 49 20 nyss
452 210 113 26 godkända
586 212 70 20 staten
678 210 34 22 för
734 210 100 22 Finlands
859 210 60 22 Bank

100 237 24 19 är
139 238 103 25 upptaget
256 236 68 22 under
338 238 139 27 anmärkning
494 239 22 19 1:
539 254 11 10 ,
554 238 113 27 Angående
677 238 199 27 bankfullmäktiges
886 246 33 14 ar-

100 264 60 25 vode,
176 266 55 20 samt
246 271 34 15 om
295 266 74 26 anslag
384 266 32 20 till
432 266 200 27 bankfullmäktiges
640 267 68 21 kansli
719 269 24 18 är
754 266 99 22 särskildt
864 267 56 21 stad-

99 292 73 26 gadt.'*
203 293 49 21 Men
273 293 35 21 vid
331 294 138 21 redaktionen
491 294 23 21 af
535 296 11 24 $
570 295 26 21 14
616 295 39 21 har
676 295 46 21 icke
737 295 66 26 något
817 295 103 21 särskildt

100 320 118 26 stadgande
234 321 108 27 angäende
358 322 103 22 kansliets
475 324 44 19 stat
533 322 75 27 ingätt.
640 323 41 26 Jag
696 322 68 22 skulle
780 323 70 21 derför
865 323 55 21 före-

100 348 32 22 slå
148 350 31 20 ett
194 349 185 27 tilläggsmoment,
394 350 105 27 nämligen
514 351 104 26 följande:
638 346 31 30 ,Ä
685 351 188 26 bankfullmäktige
884 357 36 15 an-

100 377 96 22 kommer
219 379 32 19 att
273 378 118 21 bestämma
413 380 79 20 arvode
513 379 33 21 för
568 380 145 20 sekreteraren
736 379 38 21 hos
788 379 132 26 fullmäktige

101 406 38 20 och
163 406 73 27 anslag
258 406 32 21 till
308 412 103 21 expenser
425 407 33 21 för
473 408 62 21 deras
549 408 90 21 kansli."
669 407 39 21 Till
724 407 115 22 innehållet
854 408 67 20 öfver-

100 436 138 20 ensstämmer
254 434 58 22 detta
327 436 48 20 med
390 435 55 21 hvad
460 436 33 21 för
508 436 132 22 närvarande
655 437 24 19 är
694 436 106 26 stadgadt.

168 496 58 22 Frih.
242 497 70 21 Axel
327 497 199 23 Cedercreutz
542 498 39 22 och
591 498 33 22 Hr
634 498 24 21 A.
670 498 22 22 L.
709 504 53 15 von
777 498 144 27 Knorring

100 525 144 22 understödde
265 526 32 21 Hr
319 526 115 22 Mechelins
453 527 86 27 förslag,
562 527 40 22 och
617 527 61 21 äfven
698 526 89 22 Ständet
803 527 75 24 beslöt,
892 527 29 27 pä

98 554 34 27 Hr
153 554 217 22 Landtmarskalkens
392 555 161 28 framställning,
576 558 32 19 att
630 555 112 27 godkänna
756 556 12 27 &
783 556 49 21 med
847 556 35 21 det
898 555 22 21 af

100 583 32 21 Hr
146 582 104 23 Mechelin
265 583 120 27 föreslagna
400 584 101 26 tillägget.

168 645 56 22 Frih.
241 652 52 16 von
314 646 72 22 Born
405 646 72 22 anhöll
499 646 51 22 härä
572 653 33 15 om
625 646 61 22 ordet
701 647 39 21 och
756 647 94 26 yttrade:
882 646 38 22 Om

101 674 35 21 det
158 676 24 19 är
204 674 84 26 tillätet,
311 675 68 21 ehuru
396 675 129 26 protokollet
537 675 25 27 ju
577 675 47 22 icke
639 681 29 15 nu
682 674 111 27 föreligger
808 675 32 21 till
854 675 66 27 juste-

100 703 52 25 ring,
176 702 39 22 och
228 702 37 28 jag
280 703 83 21 säledes
378 704 60 20 äfven
453 704 70 21 kunde
538 703 64 21 hafva
618 705 42 19 rätt
675 705 32 19 att
722 705 52 25 göra
789 704 35 20 det
839 709 83 20 senare,

100 730 49 22 ville
162 731 36 26 jag
214 732 82 21 anmäla
312 732 32 21 till
359 732 135 26 protokollet,
511 734 32 18 att
558 733 40 20 den
614 732 82 26 uppgift
710 732 36 26 jag
761 731 63 27 afgaf,
840 733 32 19 att
885 732 35 21 det

99 758 47 22 icke
168 759 68 21 skulle
256 760 79 21 funnits
355 760 64 26 något
436 760 117 27 stadgande
576 762 32 19 att
628 760 293 27 bankfullmäktissuppleant

100 786 48 23 från
168 789 65 20 annat
256 788 65 22 Stånd
343 788 71 22 kunde
434 789 97 26 inkallas,
552 789 8 21 i
582 788 73 28 sjelfva
670 788 73 22 verket
758 788 46 22 icke
820 794 38 16 var
872 788 48 21 fullt

100 816 70 28 riktig.
197 816 11 22 I
227 816 54 22 1867
298 816 35 22 års
347 817 191 27 bankreglemente,
558 817 40 21 har
610 817 37 27 jag
663 816 118 28 öfvertygat
794 817 48 27 mig,
859 816 62 22 fanns

101 846 31 20 ett
154 844 76 22 sådant
253 846 123 26 stadgande,
394 852 48 15 men
456 846 7 20 i
480 846 54 22 1878
549 846 36 21 års
600 846 128 26 reglemente
743 845 60 27 ingår
818 846 36 20 det
868 845 53 25 icke,

101 873 85 22 hvarför
208 874 54 21 dock
285 874 40 21 den
348 874 23 21 af
391 874 44 27 mig
457 874 124 22 meddelade
596 874 109 27 uppgiften
719 874 46 21 icke
781 874 7 21 i
803 874 119 21 hufvudsak

101 902 43 20 kan
158 902 64 21 hafva
238 902 103 22 vilseledt.

169 963 98 23 Derefter
288 965 49 26 togs
359 965 67 21 under
443 965 129 27 granskning
588 965 35 21 det
638 964 105 22 beroende
758 964 96 21 lemnade
870 964 52 21 sista

101 998 62 16 mom.
180 993 7 20 i
202 993 116 21 utskottets
332 992 80 27 förslag
427 993 27 26 på
470 994 37 20 sid.
523 994 34 24 64,
573 992 80 22 hvilket
668 993 54 21 dock
736 992 46 22 icke
798 992 122 22 föranledde

102 1020 32 22 till
149 1020 69 28 någon
234 1021 144 26 anmärkning,
394 1024 51 18 utan
461 1022 23 20 af
497 1022 89 21 Ståndet
601 1020 139 22 oförändradt
754 1021 97 27 gillades.

137 1180 208 24 Riddarhusutskottets
360 1180 117 24 betänkande
491 1181 6 22 i
512 1180 97 29 anledning
624 1180 20 24 af
660 1180 231 24 Riddarhusdirektionens

457 1214 110 24 berättelse.

170 1281 34 21 Då
224 1288 29 15 nu
274 1282 7 21 i
296 1282 152 26 ordningsföljd
463 1282 68 22 skulle
545 1283 33 21 till
594 1282 114 26 afgörande
723 1282 133 21 förekomma

172 1344 236 22 Riddarhusutskottets
429 1344 133 22 betänkande
581 1344 7 21 i
606 1344 112 26 anledning
733 1344 22 21 af
769 1344 152 21 Riddarhusdi-

103 1372 121 22 rektionens
240 1372 114 22 berättelse
370 1378 33 16 om
418 1372 156 27 förvaltningen
589 1373 23 21 af
624 1372 24 22 R.
664 1379 19 15 o.
697 1373 36 21 A:s
744 1372 177 26 angelägenheter

104 1402 89 20 emellan
207 1401 154 25 landtdagarne
377 1402 55 20 1888
447 1401 39 20 och
502 1402 61 24 1891,
583 1401 155 21 öfverlemnade
753 1400 32 21 Hr
797 1400 124 22 Landtmar-

104 1428 93 25 skalken,
219 1429 7 20 i
249 1429 104 21 anseende
375 1428 33 21 till
428 1428 33 27 jäf
481 1430 32 19 för
533 1430 31 25 sig
579 1430 32 20 att
626 1428 48 21 leda
688 1428 186 26 förhandlingarne
889 1428 34 21 vid

103 1457 59 21 detta
177 1456 89 22 ärendes
280 1456 156 27 föredragning,
453 1456 205 27 ordförandeskapet
674 1456 22 22 åt
707 1456 215 22 Vicelandtmarskal-

104 1485 41 22 ken
160 1486 56 21 Frih.
232 1485 82 27 Boije
330 1488 55 19 samt
406 1486 120 26 aflägsnade
547 1485 32 27 sig
594 1485 47 21 från
658 1485 187 22 Riddarhussalen.
