1095 1792
72 587 23 27 ($
111 587 41 27 59).

75 1099 76 28 (60).

75 1428 21 28 (8
111 1427 41 29 61).

207 126 55 20 1168
458 131 24 16 R.
495 136 17 11 o.
525 132 21 16 A.
560 131 54 17 1891.
627 132 23 16 19
662 131 48 21 Maj.

178 210 110 30 afslutas,
309 213 31 21 än
363 210 42 24 ock
423 210 150 32 förteckning
593 212 31 30 pä
642 210 27 23 de
687 210 146 32 fastigheter,
851 210 87 23 hvilka
954 210 40 23 till

178 244 111 24 säkerhet
307 244 35 24 för
360 245 72 23 lånen
449 244 166 32 tilläfventyrs
633 244 143 30 intecknats,
788 244 132 32 hvarjemte
933 244 61 24 alfa-

178 278 88 25 betiskt
283 279 102 31 register
403 278 65 24 öfver
486 278 125 33 läntagare
629 279 43 24 och
689 278 127 25 löftesmän
837 278 65 25 skall
913 278 81 24 finnas

178 314 138 31 upprättadt
341 314 10 23 i
377 315 42 22 två
445 313 127 31 exemplar,
597 313 88 25 hvilka
711 313 214 25 omhänderhafvas
952 314 44 23 och

178 348 72 30 föras,
276 348 38 23 det
341 356 45 16 ena
412 347 25 25 af
458 347 159 25 Kamreraren
635 348 42 24 och
695 348 38 23 det
751 348 75 24 andra
844 348 25 24 af
887 347 108 25 Sekrete-

178 390 82 22 raren;
287 382 102 24 börande
415 382 118 32 registren
559 382 123 24 äfvensom
699 382 177 24 ofvannämnda
894 382 102 24 förteck-

179 417 61 31 ning
265 416 41 24 vid
332 416 298 24 Riddarhusdirektionens
649 417 192 24 sammanträden
858 417 81 23 finnas
957 416 39 24 till

179 450 83 30 hands,
281 450 42 24 och
341 451 9 23 i
368 451 57 30 dem,
444 451 79 24 sävidt
540 452 94 31 möjligt
651 454 92 29 genast,
754 451 91 24 införas
858 452 27 23 de
897 451 99 24 ändrin-

180 493 49 23 gar,
256 492 50 16 som
332 485 135 24 föranledas
498 485 24 23 af
548 486 168 24 Direktionens
743 485 40 24 vid
811 486 185 24 sammanträdet

179 520 89 24 fattade
286 520 83 23 beslut.

554 587 15 27 $
586 588 36 20 56.

250 652 166 24 Sekreteraren
448 652 92 32 äligger
570 654 109 21 närmast
705 654 35 22 att
766 652 51 24 med
846 652 100 32 ledning
972 652 25 24 af

180 686 178 24 ofvannämnda
385 686 101 32 register
513 686 181 32 uppmärksamt
721 686 58 32 följa
805 686 8 23 i
840 687 156 31 tidningarna

180 721 94 23 införda
301 728 118 17 annonser
447 728 36 16 om
510 720 126 24 inträffade
663 720 102 24 dödsfall
788 720 73 24 bland
878 729 118 23 personer,

180 755 86 24 hvilka
290 757 79 22 säsom
390 755 124 31 läntagare
532 755 58 24 eller
601 754 132 24 löftesmän
751 755 68 23 häfta
835 755 41 23 till
893 755 102 24 Riddar-

180 790 77 30 huset,
284 790 122 24 äfvensom
432 790 9 23 i
467 790 27 23 de
517 789 103 25 officiela
637 789 156 32 tidningarna
811 790 116 31 ingäende
945 790 51 23 till-

181 820 213 50 kännagifvanden
412 824 78 23 derom
508 826 35 22 att
560 824 138 30 läntagares
717 824 59 23 eller
792 824 141 24 löftesmans
945 824 51 24 till-

181 855 93 49 gängar
292 858 39 24 till
349 859 153 30 borgenärers
520 858 138 32 förnöjande
676 858 116 31 upplätits
812 858 57 24 eller
882 860 114 22 ärsstäm-

180 893 62 32 ning
259 894 15 23 &
292 893 75 24 sädan
384 900 97 25 persons
500 892 191 33 fordringsegare
712 892 84 32 tagits;
817 892 42 25 och
877 892 64 25 skall
953 893 44 24 hos

181 927 155 24 Direktionen
363 927 115 30 anmälas,
503 930 45 21 när
570 927 86 24 härvid
674 927 58 24 eller
751 927 138 24 annorledes
908 927 90 24 sädana

182 958 199 41 omständigheter
407 947 80 38 finnas
514 962 75 23 hafva
614 961 115 31 inträffat,
756 962 85 24 hvilka
858 962 83 24 kunna
959 962 37 23 in-

181 996 75 23 verka
272 998 32 29 pä
321 997 173 23 Riddarhusets
512 999 53 21 rätt.

556 1097 16 27 $
588 1098 36 20 57.

250 1161 77 24 Minst
353 1169 29 15 en
408 1163 65 30 gäng
499 1161 73 23 hvart
599 1161 62 23 halft
689 1163 26 21 är
742 1161 68 23 skola
837 1161 161 32 obligationer,

182 1195 151 24 skuldsedlar
356 1195 44 24 och
418 1196 74 23 andra
511 1195 272 31 säkerhetshandlingar
801 1195 25 24 af
843 1195 155 24 Direktionen

181 1231 129 30 genomgäs
337 1230 43 23 och
405 1230 127 31 granskas,
551 1231 62 22 samt
630 1229 41 24 bör
689 1229 82 24 dervid
788 1229 81 24 tillika
886 1230 113 30 beslutas,

182 1272 37 15 om
238 1265 42 23 och
298 1264 63 23 hvad
380 1264 83 31 åtgärd
480 1263 40 24 till
538 1264 161 31 betryggande
718 1263 25 24 af
761 1263 174 25 Riddarhusets
951 1266 48 21 rätt

182 1299 44 23 och
252 1299 69 23 bästa
347 1298 41 23 bör
409 1298 115 31 vidtagas,
543 1298 99 23 hvarom
660 1297 160 25 Kamreraren
838 1298 58 24 eller
915 1298 83 24 Sekre-

182 1335 94 19 teraren
294 1332 29 22 dä
342 1331 70 22 äfven
430 1332 168 29 förständigas.

556 1425 15 28 $
587 1426 37 20 58.

251 1485 49 24 Vid
327 1485 69 24 dessa
419 1484 115 24 tillfällen
552 1484 65 25 skall
635 1483 169 26 Sekreteraren
822 1485 93 31 afgifva
933 1485 65 24 redo-

182 1520 91 32 görelse
299 1520 36 23 för
363 1519 37 24 det
426 1519 138 32 föregäende
591 1519 84 24 halfva
694 1521 50 22 äret
762 1519 66 24 öfver
845 1519 28 24 de
891 1520 107 31 ärenden,
