1089 1784
397 143 25 17 R.
434 148 18 13 0.
463 144 23 16 A.
498 144 54 17 1891.
575 145 26 17 22
612 144 47 22 Maj.
853 139 55 21 1293

187 221 161 28 Propositionen
363 223 126 22 besvarades
512 224 49 21 med
583 224 150 27 öfvervägande
755 224 40 26 nej,
819 224 39 22 och
880 224 56 22 hade

118 249 89 23 Ständet
222 250 82 22 säledes
320 251 87 21 beslutit
421 254 32 19 att
467 252 80 22 Finska
561 252 184 28 konstföreningen
760 252 68 23 skulle
843 252 93 23 tilldelas

119 279 62 25 9,000
196 278 60 22 mark
271 279 39 21 och
325 280 177 26 Konstnärsgillet
518 281 62 27 3,000
597 281 65 21 mark.

186 330 73 32 Öfriga
274 336 6 20 i
295 335 144 23 betänkandet
453 336 120 28 föreslagna
594 338 72 26 anslag
681 338 127 26 godkändes.

185 392 134 22 Beträffande
334 392 111 23 Allmänna
463 394 204 22 Besvärsutskottets
688 394 8 21 i
717 394 151 27 sammanhang
883 394 50 22 här-

117 420 48 22 med
181 420 131 22 behandlade
328 422 131 21 betänkande
475 422 39 21 N:o
531 423 26 20 14
573 422 107 27 angäende
689 423 125 21 honorarier
823 422 33 21 för
866 423 68 21 alster

117 449 56 21 inom
189 449 40 21 den
243 449 110 22 inhemska
369 449 186 23 skönlitteraturen
579 450 153 23 öfverlemnade
753 451 32 21 Hr
807 451 127 22 Landtmar-

117 477 87 22 skalken
219 477 31 22 till
266 477 25 22 R.
308 484 18 15 o.
342 478 36 21 A:s
393 478 129 23 besvarande
537 479 91 28 följande
649 479 283 28 omröstningsproposition:

185 535 52 24 Den,
253 541 45 15 som
313 535 123 27 godkänner
451 537 113 21 utskottets
579 536 78 27 förslag
672 539 31 19 att
723 536 211 27 petitionsmemoria-

116 563 30 21 let
160 563 47 22 icke
223 563 66 22 måtte
304 563 109 23 föranleda
429 564 31 21 till
475 566 70 25 någon
565 565 76 27 åtgärd
661 565 46 22 från
729 565 129 22 Ständernas
880 565 52 26 sida,

116 593 69 20 röstar
197 592 32 27 ja;

182 649 73 21 vinner
270 649 40 27 nej,
326 649 39 22 har
379 650 26 21 R.
421 656 18 15 o.
456 651 25 20 A.
497 650 98 23 omfattat
614 651 40 21 den
676 651 23 21 af
719 650 32 22 Hr
773 650 53 22 Lille
848 651 32 21 till
898 650 36 22 be-

116 676 116 23 tänkandet
247 678 77 27 afgifna
339 678 164 22 reservationen.

184 734 162 27 Propositionen
361 735 124 22 besvarades
501 735 34 22 vid
557 736 52 22 härä
630 735 115 23 verkställä
767 736 96 27 votering
885 735 48 22 med

116 763 27 21 23
155 763 24 27 ja
194 763 39 21 och
251 764 24 20 17
291 763 40 27 nej,
347 763 39 22 och
401 763 55 22 hade
470 765 24 20 R.
511 771 18 15 o.
546 765 25 21 A.
587 764 82 22 säledes
687 764 86 23 beslutit
795 764 69 23 lemna
879 765 54 27 peti-

115 791 157 28 tionsförslaget
286 794 51 19 utan
352 792 104 22 afseende.

337 952 73 30 Ökande
425 959 22 23 af
459 958 179 30 Bankfulimäktiges
653 958 57 24 antal.

183 1021 32 21 Hr
229 1021 18 21 L
269 1021 141 22 Mechelin
433 1021 71 22 anhöll
518 1022 53 22 härä
585 1028 34 15 om
635 1022 60 21 ordet
711 1022 38 21 och
772 1022 97 27 yttrade:
891 1022 42 26 Jag

115 1049 63 22 utber
192 1050 43 27 mig
249 1052 32 19 att
295 1050 107 22 vördsamt
421 1050 21 22 få
464 1050 32 22 till
517 1050 25 22 R.
558 1057 18 15 o.
593 1051 36 21 A:s
645 1050 96 28 pröfning
762 1050 116 22 framställa
900 1052 33 20 ett

115 1078 85 27 förslag.
225 1074 10 37 —
239 1078 160 22 Presteständet
423 1079 38 22 har
487 1079 7 21 i
519 1080 40 26 dag
583 1085 74 20 genom
681 1079 123 27 deputation
826 1079 108 22 meddelat

115 1107 24 22 R.
157 1113 18 16 o.
192 1108 25 21 A.
233 1108 37 20 sitt
285 1114 48 15 svar
348 1108 6 21 i
370 1108 113 27 anledning
504 1108 23 22 af
546 1108 150 27 inbjudningen
719 1108 31 21 till
773 1108 160 22 Presteständet

115 1142 34 15 om
173 1138 30 20 att
225 1136 72 22 förena
319 1136 32 28 sig
378 1143 33 15 om
438 1136 140 28 förstärkning
603 1137 22 21 af
645 1136 197 28 bankfullmäktiges
867 1136 65 23 antal.

115 1164 131 27 Emellertid,
262 1164 67 23 ehura
346 1165 159 22 Presteständet
527 1166 38 21 har
587 1166 146 26 tillmötesgätt
752 1165 25 22 R.
794 1172 19 15 o.
829 1166 36 21 A:s
880 1172 52 20 upp-

115 1194 91 26 maning,
221 1194 39 20 har
275 1194 36 21 det
325 1194 46 21 icke
386 1194 57 21 skett
457 1200 75 20 genom
547 1194 62 22 enkel
623 1194 120 27 anslutning
758 1194 32 22 till
811 1194 37 21 det
862 1194 71 21 beslut

115 1222 36 21 det
166 1222 120 27 Höglofliga
300 1222 90 22 Ständet
407 1222 68 25 fattat,
498 1225 50 19 utan
571 1225 24 19 är
616 1222 170 22 Presteständets
807 1222 55 27 äsigt
884 1222 48 23 den,

115 1252 32 20 att
161 1250 113 22 förstärkte
295 1250 188 27 bankfullmäktige
497 1250 60 22 skola
573 1252 74 26 utgöra
661 1251 74 21 endast
750 1254 20 23 8,
793 1250 51 22 eller
866 1252 12 20 2
901 1250 32 22 för

115 1279 72 26 hvarje
202 1279 73 21 Stånd.
305 1278 72 28 Enligt
395 1285 47 21 nyss
464 1280 98 26 ingånget
583 1279 130 27 tillförlitligt
734 1278 139 23 meddelande
894 1279 39 21 har

114 1307 185 27 Borgareståndet,
319 1313 45 15 som
384 1307 77 27 jemväl
478 1307 66 22 blifvit
559 1308 23 21 af
603 1307 158 22 Presteståndet
781 1306 97 28 inbjudet
900 1308 33 20 att

114 1341 35 15 om
165 1335 58 22 detta
238 1335 68 22 beslut
321 1335 32 27 sig
367 1335 78 26 förena,
463 1335 129 22 omedelbart
607 1335 79 22 biträdt
701 1335 121 22 detsamma.
848 1335 41 22 Om
903 1341 29 15 nu

113 1363 20 22 R
155 1370 18 15 o.
189 1364 25 21 A.
230 1363 70 22 kunde
315 1363 56 22 finna
386 1363 80 28 möjligt
481 1366 32 19 att
528 1365 65 21 ändra
615 1363 38 22 sitt
674 1363 66 22 första
761 1363 69 22 beslut
845 1363 87 26 derhän,

113 1393 34 20 att
161 1391 187 28 bankfullmäktige
369 1392 60 22 skola
443 1392 114 22 förstärkas
573 1392 74 22 endast
661 1392 33 21 till
708 1393 51 26 ätta,
778 1393 24 21 sä
817 1392 68 22 skulle
899 1393 34 20 tre

114 1420 78 21 Ständs
208 1420 69 21 beslut
293 1420 74 21 härom
381 1420 101 27 föreligga
497 1420 39 21 och
551 1421 40 20 den
606 1421 24 19 sä
644 1420 61 26 länge
720 1420 112 21 tillernade
847 1420 85 21 utveck-

113 1447 70 28 lingen
198 1447 23 22 af
233 1447 158 28 ifrågavarande
405 1448 120 21 institution
540 1447 85 22 dermed
645 1454 50 15 vara
716 1448 89 27 afejord.
834 1448 41 26 Jag
889 1447 43 22 till-

114 1476 54 22 läter
183 1476 42 27 mig
239 1475 118 28 hemställa,
373 1482 33 16 om
421 1475 47 23 icke
488 1476 24 22 R.
529 1483 18 15 o.
563 1476 24 22 A.
604 1475 69 22 kunde
685 1476 66 22 redan
773 1482 29 16 nu
823 1476 53 22 fatta
895 1475 39 22 sitt

113 1505 70 22 beslut
198 1505 7 21 i
220 1505 71 22 saken.
