1086 1784
397 144 24 16 R.
434 148 16 13 0.
463 144 22 17 A.
498 145 53 17 1891.
564 145 27 17 20
603 145 47 21 Maj.
848 141 53 21 1221

182 222 57 21 Frih.
262 222 213 26 Langenskiöld:
505 223 40 27 Jag
563 223 38 22 ber
616 224 32 20 för
663 224 41 21 min
721 224 33 22 del
768 224 21 22 få
803 225 128 22 understöda

114 250 57 20 Frih.
186 250 88 21 Wredes
289 250 84 27 förslag.

181 306 58 21 Frih.
255 306 25 21 R.
296 307 24 20 A.
338 306 108 21 Wrede:
473 306 43 22 För
531 307 41 21 min
589 306 32 22 del
636 307 42 22 kan
691 308 35 26 jag
742 308 112 26 omöjligen
869 309 63 21 ställa

114 334 41 27 mig
177 335 28 26 pä
229 334 39 22 den
288 334 136 27 ständpunkt,
444 336 32 20 att
491 334 19 21 vi
526 341 27 15 nu
568 335 66 21 borde
649 336 67 21 införa
731 336 156 27 bestämningar
902 337 28 21 af-

113 362 65 22 sedda
192 364 33 20 att
239 362 61 27 gälla,
316 362 31 21 till
362 363 47 21 dess
424 362 120 28 strafflagen
564 364 72 20 träder
651 364 7 21 i
673 364 96 26 gällande
784 364 62 22 kraft.
869 365 25 21 R.
910 371 18 15 o.

114 391 25 21 A.
155 391 37 21 har
207 390 33 22 för
255 391 45 21 icke
315 391 73 27 längre
402 391 66 21 sedan
483 393 26 19 än
525 392 6 20 i
546 392 38 26 gär
599 392 82 22 förenat
696 392 30 27 sig
737 399 34 15 om
783 394 30 20 ett
823 393 108 21 uttalande

114 419 22 21 af
149 419 150 27 Lagutskottet
315 419 22 21 af
350 419 98 26 innehäll,
464 421 32 19 att
511 420 119 27 strafflagen
644 420 66 22 redan
725 420 40 22 den
782 423 9 19 1
804 421 87 21 Januari
900 422 31 20 in-

113 447 119 22 nevarande
246 448 24 20 är
285 447 58 22 trädt
357 447 6 21 i
378 447 98 27 gällande
491 447 62 24 kraft,
569 448 39 21 och
624 449 35 20 det
674 455 49 15 vore
739 450 32 20 att
785 449 62 22 ställa
862 450 32 26 sig
903 451 28 25 pä

113 475 44 22 helt
173 482 68 15 annan
257 476 134 27 ståndpunkt,
408 481 33 15 om
457 472 23 25 R.
499 483 18 14 o.
540 477 24 20 A.
586 483 28 14 nu
629 477 67 21 skulle
712 480 75 24 antaga
803 477 125 22 bestämnin-

112 510 39 21 gar
172 503 86 22 afsedda
280 506 32 19 att
333 503 62 28 gälla,
411 503 32 22 till
465 505 46 20 dess
526 504 120 27 strafflagen
660 505 58 22 trädt
732 505 7 21 i
754 505 97 27 gällande
866 505 64 27 kraft,

113 532 38 22 och
174 533 26 21 dä
223 533 95 26 upphöra
332 538 76 21 genom
422 532 184 27 bestämningarna
621 533 7 21 i
643 534 68 21 denna
725 533 40 28 lag.
795 534 41 27 Jag
851 534 79 21 vidhäl-

113 561 32 21 ler
159 560 70 22 derför
245 561 36 21 det
294 561 78 26 förslag
384 561 37 26 jag
435 561 53 22 först
503 561 78 27 gjorde.

180 617 69 22 Sedan
266 617 145 22 diskussionen
426 618 108 26 angående
549 619 12 26 &
577 619 26 20 22
622 618 112 22 förklarats
749 619 97 27 afslutad,
863 619 67 21 öfver-

112 646 96 22 lemnade
223 646 32 21 Hr
269 645 204 22 Landtmarskalken
488 646 32 21 till
535 646 99 22 Ständets
650 647 129 22 besvarande
787 647 92 27 följande
887 654 43 15 om-

112 675 237 27 röstningsproposition
355 681 5 14 :

180 732 53 25 Den,
256 737 44 15 som
324 731 122 27 godkänner
466 732 12 27 &
500 733 27 20 22
545 731 64 27 enligt
624 732 114 22 utskottets
753 732 78 28 förslag
846 733 83 21 oförän-

114 759 59 27 drad,
187 761 70 20 röstar
270 759 31 27 ja;

181 817 73 21 vinner
269 817 40 26 nej,
324 816 39 22 har
377 817 25 20 R.
418 823 18 14 o.
454 817 24 21 A.
487 817 84 21 beslutit
586 817 155 22 äterremittera
756 819 32 25 S:n
804 817 6 21 i
827 818 35 21 det
877 817 52 28 syfte

113 845 58 22 Frih.
186 845 78 22 Wrede
279 844 113 27 föreslagit.

181 902 162 27 Propositionen
359 901 125 23 besvarades
500 902 46 21 med
563 902 151 26 öfvervägande
729 902 40 27 nej,
786 902 39 22 och
839 902 54 22 hade
904 903 25 21 R.

113 936 19 16 o.
149 931 25 20 A.
189 930 82 22 således
286 930 86 21 beslutit
392 930 155 22 återremittera
566 931 13 27 &
599 931 27 20 22
642 930 32 21 till
688 931 105 21 utskottet
807 931 32 21 för
853 930 76 22 omfor-

113 958 103 27 mulering
231 958 6 21 i
253 958 76 22 sädant
343 958 59 26 syfte,
418 960 32 20 att
466 958 66 27 enligt
546 958 148 27 förordningen
710 959 90 21 ädömda
814 959 61 21 böter
891 959 39 21 och

113 986 104 22 förbrutet
232 986 51 27 gods
299 986 66 22 skulle
381 986 83 22 tillfalla
479 987 80 21 kronan
575 986 73 22 allena.

180 1043 33 21 Då
229 1049 28 15 nu
271 1044 107 25 ingressen
394 1043 39 21 och
448 1042 99 22 rubriken
561 1043 32 21 till
608 1043 234 27 författningsförslaget
852 1043 33 21 till
895 1043 35 21 be-

112 1071 101 27 handling
227 1071 99 27 företogs,
342 1071 70 21 anhöll

180 1128 57 21 Frih.
254 1127 199 27 Langenskiöld
469 1134 33 14 om
518 1128 66 26 ordet,
598 1128 38 20 och
649 1128 92 27 yttrade:
757 1128 68 21 Sedan
837 1128 26 21 R.
873 1134 19 15 o.
904 1128 24 22 A.

112 1156 92 26 beslutit,
221 1157 32 20 att
267 1157 6 19 i
289 1157 10 25 $
317 1157 32 25 12,
364 1156 66 21 sädan
446 1156 41 20 den
502 1156 59 26 lyder
575 1156 6 20 i
596 1162 29 14 nu
646 1156 96 26 gällande
757 1156 122 26 författning
894 1162 36 15 an-

111 1184 81 27 gäende
215 1184 123 27 försäljning
360 1184 21 21 af
402 1184 147 26 maltdrycker,
572 1184 46 21 icke
634 1184 53 21 skall
702 1186 61 25 göras
778 1185 68 25 nägon
861 1184 69 21 förän-

112 1212 67 27 dring,
202 1213 66 21 borde
290 1213 46 21 frän
357 1212 101 22 rubriken
473 1212 39 22 och
526 1213 106 26 ingressen
648 1212 32 22 till
695 1212 136 22 förevarande
845 1212 85 22 författ-

112 1240 139 27 ningsförslag
265 1242 50 25 utgå
331 1242 12 25 &
361 1241 31 21 12.

180 1297 32 21 Hr
233 1296 214 28 Pippingsköld:
478 1297 32 21 Dä
529 1303 74 21 genom
619 1297 24 21 R.
660 1303 18 15 o.
693 1296 36 22 A:s
744 1296 71 22 beslnt
829 1297 48 21 med
891 1297 39 21 allt

112 1325 46 22 skäl
180 1325 67 26 böter,
269 1332 45 14 som
329 1325 61 21 skola
405 1326 51 25 utgä
470 1326 27 25 pä
512 1325 67 26 grund
594 1325 23 21 af
630 1324 98 22 förseelse
743 1327 44 18 mot
801 1325 39 21 här
855 1324 75 27 ifräga-

112 1353 92 22 varande
219 1353 130 26 författning,
366 1353 45 21 icke
426 1353 82 21 tillfalla
523 1353 106 26 angifvare
646 1353 39 21 och
700 1353 99 26 åklagare
815 1359 26 14 m.
857 1359 35 20 m,,
906 1353 24 21 sä

113 1381 61 22 torde
188 1381 77 26 skäligt
281 1387 50 16 vara
346 1383 32 20 att
392 1381 62 22 äfven
469 1381 111 22 hemställa
595 1381 79 27 derom,
690 1383 33 19 att
730 1380 105 27 angifvare
846 1381 39 21 och
892 1387 37 21 po-

112 1410 32 25 lis,
160 1415 44 16 som
221 1410 47 20 med
283 1409 100 21 särskildt
397 1410 32 19 nit
445 1410 75 20 beifrat
538 1409 110 21 förseelser
663 1409 6 20 i
684 1409 80 26 frägan,
780 1409 67 20 skulle
862 1409 68 21 tillde-

112 1437 31 21 las
158 1436 90 22 särskild
263 1439 147 24 uppmuntran,
426 1438 70 20 säsom
511 1437 58 21 fallet
584 1443 38 15 var
637 1437 33 20 vid
686 1437 56 27 dylik
757 1437 58 26 fräga
827 1437 30 21 uti
867 1437 63 21 brän-

113 1465 112 27 vinslagen.
255 1465 38 21 Att
308 1465 97 26 fräntaga
421 1465 157 22 vederbörande
592 1465 54 26 polis
662 1464 90 22 böterna
774 1465 39 20 och
827 1465 46 21 icke
888 1465 41 20 till-

110 1494 96 21 erkänna
222 1494 46 21 dem
283 1494 69 27 nägon
366 1493 104 28 belöning,
486 1499 61 16 anser
559 1493 36 27 jag
611 1500 50 15 vara
678 1493 79 22 oklokt.
788 1493 39 27 Jag
842 1493 88 22 föreslär

112 1522 76 26 derför,
204 1525 33 19 att
251 1522 118 22 Ständerna
384 1523 66 21 mätte
466 1522 110 22 hemställa
593 1522 79 27 derom,
687 1523 32 21 att
733 1521 117 28 Kejserliga
865 1521 63 23 Sena-
