1092 1770
200 144 55 21 1108
449 149 24 16 R.
486 153 16 12 o.
516 149 22 16 A.
551 149 53 16 1891.
628 148 23 17 19
663 148 48 21 Maj.

173 234 49 14 vara
237 227 21 22 af
272 229 44 20 stor
332 229 64 25 nyttä,
412 227 98 21 stundom
534 229 35 20 äro
592 226 127 27 fullkomligt
733 226 152 27 betydelselösa
900 226 38 21 och
954 229 34 18 ut-

171 258 51 25 göra
237 256 56 21 blott
308 262 25 15 en
348 259 44 18 tom
407 255 120 22 formalitet.
558 255 49 22 Ofta
629 255 94 22 inträffar
739 257 31 19 att
785 257 31 18 ett
831 255 76 21 ärende
922 255 65 22 redan

172 291 74 20 genom
263 284 187 21 bankdirektionen
465 284 41 21 blir
520 285 23 20 sä
558 284 131 26 fullständigt
703 284 72 21 utredt
791 283 39 22 och
845 284 6 20 i
867 283 47 22 dess
927 284 61 21 skrif-

173 313 55 21 velse
250 313 32 21 till
304 312 186 27 bankfullmäktige
507 314 23 20 sä
544 313 124 26 klargjordt,
683 314 32 19 att
730 313 68 26 nägon
814 312 175 26 meningsolikhet

172 347 33 15 om
229 341 40 22 den
291 341 99 27 riktning,
412 341 7 20 i
441 341 83 22 hvilken
542 341 87 22 ärendet
643 341 53 21 skall
713 341 88 26 afgöras,
817 341 44 21 icke
876 340 113 23 förefinnes

173 369 39 22 och
227 372 32 19 att
274 371 30 20 ett
319 372 129 24 gemensamt
463 370 153 21 sammanträde
632 369 45 22 icke
689 369 70 21 vidare
775 369 85 26 bringar
875 369 64 26 något
949 370 40 26 ljus

172 399 6 20 i
193 398 71 21 saken.
294 398 10 21 I
319 399 79 20 sådana
412 398 36 21 fall
464 398 74 21 verkar
553 401 30 18 ett
607 398 66 27 dylikt
688 398 155 21 sammanträde
859 397 74 21 endast
947 400 41 19 stö-

172 427 64 20 rande
258 427 7 20 i
288 426 142 22 direktionens
452 426 142 26 regelbundna
617 426 78 23 arbete,
725 426 100 21 Deremot
839 426 72 20 kunna
925 426 64 22 bland

172 455 98 24 ärenden,
285 460 44 16 som
345 454 65 27 enligt
424 455 114 21 utskottets
553 454 78 26 förslag
646 454 53 26 finge
715 454 82 26 afgöras
812 456 50 19 utan
878 454 57 26 dylik
947 461 43 15 om-

172 484 60 26 gäng,
256 483 129 21 förekomma
407 483 85 26 sädana,
515 483 37 21 der
575 484 129 26 gemensamt
718 483 155 21 sammanträde
889 484 23 19 är
928 484 62 20 önsk-

173 512 59 20 värdt
248 512 38 21 och
302 511 135 26 nödvändigt.
466 512 40 26 Jag
522 518 61 15 anser
598 512 36 20 det
649 511 81 21 derföre
746 511 119 27 lämpligast
879 512 70 21 kunna
961 512 28 21 öf-

171 540 116 21 verlemnas
308 541 22 21 åt
351 539 186 27 bankfullmäktige
553 540 38 21 och
607 539 188 22 bankdirektionen
810 541 31 19 att
857 539 78 27 afgöra,
951 543 39 19 när

172 569 39 21 och
234 568 32 22 för
288 568 70 22 hvilka
373 569 71 27 frägor
459 568 66 28 dylikt
540 569 155 21 sammanträde
710 568 41 21 kan
767 574 61 15 anses
843 569 80 25 nödigt.
953 571 37 19 Ut-

172 597 79 21 skottet
265 597 39 21 har
319 597 33 21 vid
369 598 149 25 motiveringen
534 597 21 21 af
568 597 37 21 sitt
619 597 78 26 förslag
712 597 76 21 uttalat
803 596 39 22 den
858 597 77 21 tanken
951 600 38 22 att,

171 626 6 21 i
200 626 100 21 händelse
322 625 45 22 icke
390 626 64 27 nägra
476 625 131 22 föreskrifter
621 625 6 21 i
643 625 58 22 detta
723 625 97 22 afseende
835 624 73 27 finnas,
923 626 66 27 nägra

170 661 156 18 gemensamma
348 655 167 20 sammanträden
538 654 97 26 möjligen
654 654 45 21 icke
721 653 38 22 alls
775 654 82 21 komme
873 654 33 21 till
921 655 68 21 ständ.

171 683 42 21 Det
229 689 49 14 vore
294 683 58 24 dock,
370 683 64 26 enligt
450 683 39 20 den
512 682 119 22 erfarenhet
649 682 35 27 jag
700 683 73 20 härom
789 682 78 25 vunnit,
884 689 25 15 en
925 683 64 22 allde-

171 711 30 22 les
216 711 108 27 ogrundad
338 711 92 26 farhäga.
461 711 77 27 Dylika
559 711 168 21 sammanträden
749 711 83 21 komme
847 717 41 20 nog
904 713 31 20 att
951 718 38 20 ega

170 747 54 18 rum,
247 740 24 20 sä
292 739 44 22 ofta
352 739 25 21 de
396 745 50 16 vore
461 739 22 21 af
496 740 75 25 nöden,
586 745 75 21 genom
675 739 94 26 frivilligt
783 739 90 21 initiativ
888 739 46 22 frän
950 747 40 15 ena

172 768 50 21 eller
244 768 65 21 andra
331 768 65 24 sidan,
419 768 61 21 äfven
500 770 51 19 utan
567 769 69 26 nägon
651 767 106 22 föreskrift
772 774 32 14 om
820 767 55 21 vissa
890 768 98 26 ärenden,

171 803 45 14 som
232 796 146 26 obligatoriskt
393 796 65 21 borde
473 797 27 26 pä
515 797 58 20 detta
587 798 43 19 sätt
645 795 122 22 behandlas.
797 796 74 21 Denna
882 796 107 23 föreskrift

171 825 40 20 blir
226 825 98 21 särskildt
339 824 109 27 obegväm,
464 825 6 20 i
486 825 36 21 fall
538 825 35 21 det
595 825 21 22 af
629 825 105 21 utskottet
749 824 76 22 väckta
839 824 100 28 förslaget
954 832 34 15 om

170 853 114 22 förstärkte
299 853 187 26 bankfullmäktige
502 853 71 22 vinner
588 853 127 22 Ständernas
731 853 64 26 bifall,
805 853 87 22 emedan
904 856 30 19 ett
941 853 47 22 fler-

171 882 29 21 tal
216 881 22 21 af
253 882 25 21 de
294 882 97 24 ärenden,
406 888 44 14 som
466 881 113 21 förstärkte
594 881 189 27 bankfullmäktige
799 881 51 27 egde
861 881 77 28 afgöra,
951 885 37 19 äro

170 910 85 26 sådana,
270 916 46 14 som
333 910 64 26 enligt
412 910 12 27 &
440 911 27 20 49
482 910 53 21 böra
550 910 129 26 handläggas
693 910 35 20 vid
743 912 129 24 gemensamt
884 916 102 16 samman-

168 939 61 21 träde
245 938 47 21 med
308 938 137 21 direktionen.
476 938 91 22 Sälunda
583 938 66 21 skulle
665 938 33 20 vid
713 938 113 21 förstärkte
835 938 153 22 bankfullmäk-

169 967 53 26 tiges
238 966 168 22 sammanträden
422 966 189 22 bankdirektionen
625 966 8 20 i
651 966 116 22 allmänhet
781 966 52 21 böra
849 972 50 15 vara
914 969 74 19 närva-

169 995 71 21 rande.
270 994 40 26 Jag
333 998 34 18 vet
382 994 51 26 icke,
450 1001 33 15 om
499 995 105 21 utskottet
619 994 88 22 kommit
721 996 32 20 att
767 994 78 22 beakta
860 995 68 21 denna
943 1002 44 14 om-

168 1023 126 25 ständighet.
324 1023 162 26 Ifrägavarande
501 1023 168 22 sammanträden
685 1023 83 21 komme
780 1022 88 22 sälunda
880 1025 31 19 att
920 1024 67 21 räkna

169 1054 55 19 ännu
239 1051 50 21 flere
305 1051 107 27 deltagare
427 1054 27 18 än
469 1052 56 26 eljes,
541 1052 105 26 nämligen
661 1052 55 20 ända
731 1052 32 20 till
779 1052 26 20 15
821 1052 40 20 och
872 1050 114 28 öfverlägg-

168 1081 102 25 ningarna
292 1079 34 21 vid
349 1080 46 21 dem
418 1082 31 18 att
471 1080 7 21 i
500 1080 131 21 förhällande
649 1080 70 21 dertill
734 1079 71 22 fordra
821 1086 24 15 en
861 1080 73 26 längre
949 1081 38 23 tid,

168 1108 80 21 hvilket
262 1107 68 22 blefve
345 1108 113 27 obegvämt
479 1108 32 22 för
529 1108 197 28 bankdirektionen.
756 1108 113 22 Dessutom
884 1109 102 26 uppkom-

168 1143 44 14 mer
237 1136 122 27 härigenom
386 1142 25 16 en
436 1136 147 28 oegentlighet.
613 1137 104 24 Arenden,
740 1143 45 15 som
805 1136 117 27 föreläggas
942 1137 45 21 för-

168 1164 80 22 stärkte
271 1164 185 28 bankfullmäktige
478 1165 60 21 skola
560 1165 65 26 enligt
643 1165 114 21 utskottets
773 1165 77 27 förslag
865 1171 50 15 vara
929 1165 57 22 förut

167 1192 97 22 beredda.
294 1193 31 21 Är
347 1200 27 14 nu
397 1195 31 19 ett
450 1193 77 22 ärende
549 1193 22 21 af
585 1194 39 21 den
640 1193 149 26 beskaffenhet,
805 1195 32 19 att
853 1194 35 20 det
903 1193 83 22 fordrar

167 1224 129 24 gemensamt
311 1222 162 24 sammanträde,
489 1223 23 20 s&
527 1222 65 21 borde
607 1221 34 21 väl
657 1222 57 21 detta
729 1222 104 26 iakttagas
849 1222 17 26 ej
884 1221 55 22 blott
951 1223 34 21 vid

167 1250 98 20 ärendets
280 1249 84 27 slutliga
379 1250 126 26 behandling
526 1250 39 21 hos
579 1250 113 21 förstärkte
707 1250 136 26 fullmäktige,
860 1252 49 19 utan
925 1250 60 22 äfven

167 1278 33 21 vid
224 1278 46 22 dess
292 1278 115 26 beredning
428 1278 38 21 hos
491 1280 25 20 de
531 1278 118 26 ordinarie;
664 1281 23 25 ty
701 1278 102 27 naturligt
818 1280 23 20 är
857 1281 30 19 att
903 1278 60 22 dessa
978 1279 6 21 i

166 1309 30 17 ett
219 1307 75 19 sådant
316 1306 36 20 fall
367 1307 91 25 rådgöra
477 1307 48 20 med
540 1307 137 20 direktionen.
707 1306 89 26 Följden
811 1306 68 21 blefve
895 1307 26 20 dä
937 1308 46 24 den,

166 1336 32 18 att
220 1333 131 21 direktionen
375 1334 51 26 egde
449 1334 34 20 vid
502 1340 80 15 samma
597 1334 101 21 ärendens
713 1334 127 27 behandling
855 1334 129 26 tillhandagä

166 1361 186 27 bankfullmäktige
369 1361 67 22 skilda
450 1362 84 26 gänger,
551 1361 52 22 först
618 1362 25 21 de
663 1362 105 21 ordinarie
783 1362 39 21 och
839 1362 90 21 derefter
944 1362 40 21 för-

166 1390 80 22 stärkte
270 1389 191 28 bankfullmäktige
493 1391 42 21 Det
557 1392 24 20 är
602 1389 100 23 särskildt
723 1390 48 22 med
793 1390 78 22 tanken
894 1391 27 27 pä
943 1390 41 22 för-

165 1419 81 22 stärkte
261 1418 187 28 bankfullmäktige
464 1425 44 16 som
522 1420 36 27 jag
573 1426 61 15 anser
649 1420 114 21 utskottets
778 1419 89 27 föreslag
877 1420 46 22 icke
933 1426 50 16 vara

164 1448 97 28 lämpligt
283 1450 50 19 utan
357 1448 91 22 medföra
468 1454 25 16 en
508 1448 79 27 ganska
602 1448 96 22 kännbar
713 1448 118 27 olägenhet.
860 1449 74 21 Ehuru
947 1449 36 27 jag

165 1477 39 21 har
219 1477 59 26 ringa
293 1477 64 27 utsigt
372 1478 32 20 att
419 1477 20 21 fä
455 1477 41 21 min
519 1479 45 19 röst
586 1477 53 21 hörd
655 1477 6 21 i
677 1477 67 22 denna
759 1478 44 26 sak,
820 1484 61 15 anser
892 1478 37 27 jag
944 1478 39 20 lik-

165 1506 33 21 väl
213 1506 42 21 min
271 1505 52 27 pligt
338 1512 50 15 vara
403 1508 31 19 att
449 1505 110 23 framhålla
575 1506 58 22 detta
648 1506 39 21 och
701 1506 107 22 vördsamt
816 1506 117 26 hemställa,
945 1506 37 22 hu-

165 1534 73 22 ruvida
253 1535 51 25 icke,
321 1534 6 21 i
342 1534 71 22 stället
427 1534 33 22 för
474 1536 12 25 $
502 1536 33 26 49,
551 1535 65 21 sädan
624 1534 103 22 utskottet
734 1534 109 28 föreslagit
855 1536 46 26 den,
911 1536 72 20 kunde
