<?xml version="1.0" encoding="UTF-8"?>
<alto xmlns="http://www.loc.gov/standards/alto/ns-v3#" xmlns:xlink="http://www.w3.org/1999/xlink" xmlns:xsi="http://www.w3.org/2001/XMLSchema-instance" xsi:schemaLocation="http://www.loc.gov/standards/alto/ns-v3# http://www.loc.gov/alto/v3/alto-3-0.xsd">
	<Description>
		<MeasurementUnit>pixel</MeasurementUnit>
		<sourceImageInformation>
			<fileName>/tmp/tess__05mu2kw_input.PNG</fileName>
		</sourceImageInformation>
		<OCRProcessing ID="OCR_0">
			<ocrProcessingStep>
				<processingSoftware>
					<softwareName>tesseract 5.3.4</softwareName>
				</processingSoftware>
			</ocrProcessingStep>
		</OCRProcessing>
	</Description>
	<Layout>
		<Page WIDTH="1098" HEIGHT="1786" PHYSICAL_IMG_NR="0" ID="page_0">
			<PrintSpace HPOS="0" VPOS="0" WIDTH="1098" HEIGHT="1786">
				<ComposedBlock ID="cblock_0" HPOS="384" VPOS="151" WIDTH="509" HEIGHT="26">
					<TextBlock ID="block_0" HPOS="384" VPOS="151" WIDTH="509" HEIGHT="26">
						<TextLine ID="line_0" HPOS="384" VPOS="151" WIDTH="509" HEIGHT="26">
							<String ID="string_0" HPOS="384" VPOS="156" WIDTH="23" HEIGHT="17" WC="0.96" CONTENT="R."/><SP WIDTH="13" VPOS="156" HPOS="407"/>
							<String ID="string_1" HPOS="420" VPOS="161" WIDTH="17" HEIGHT="12" WC="0.85" CONTENT="o."/><SP WIDTH="13" VPOS="161" HPOS="437"/>
							<String ID="string_2" HPOS="450" VPOS="157" WIDTH="23" HEIGHT="16" WC="0.95" CONTENT="A."/><SP WIDTH="12" VPOS="157" HPOS="473"/>
							<String ID="string_3" HPOS="485" VPOS="157" WIDTH="53" HEIGHT="16" WC="0.93" CONTENT="1891."/><SP WIDTH="23" VPOS="157" HPOS="538"/>
							<String ID="string_4" HPOS="561" VPOS="156" WIDTH="24" HEIGHT="17" WC="0.96" CONTENT="27"/><SP WIDTH="12" VPOS="156" HPOS="585"/>
							<String ID="string_5" HPOS="597" VPOS="157" WIDTH="47" HEIGHT="20" WC="0.87" CONTENT="Maj."/><SP WIDTH="15" VPOS="157" HPOS="644"/>
							<String ID="string_6" HPOS="659" VPOS="157" WIDTH="6" HEIGHT="5" WC="0.42" CONTENT="*"/><SP WIDTH="36" VPOS="157" HPOS="665"/>
							<String ID="string_7" HPOS="701" VPOS="167" WIDTH="3" HEIGHT="4" WC="0.64" CONTENT="."/><SP WIDTH="137" VPOS="167" HPOS="704"/>
							<String ID="string_8" HPOS="841" VPOS="151" WIDTH="52" HEIGHT="21" WC="0.96" CONTENT="1441"/>
						</TextLine>
					</TextBlock>
				</ComposedBlock>
				<GraphicalElement ID="cblock_1" HPOS="109" VPOS="186" WIDTH="811" HEIGHT="9"></GraphicalElement >
				<ComposedBlock ID="cblock_2" HPOS="106" VPOS="234" WIDTH="823" HEIGHT="1047">
					<TextBlock ID="block_1" HPOS="106" VPOS="234" WIDTH="820" HEIGHT="333">
						<TextLine ID="line_1" HPOS="108" VPOS="234" WIDTH="816" HEIGHT="28">
							<String ID="string_9" HPOS="108" VPOS="234" WIDTH="33" HEIGHT="22" WC="0.95" CONTENT="del"/><SP WIDTH="22" VPOS="234" HPOS="141"/>
							<String ID="string_10" HPOS="163" VPOS="234" WIDTH="22" HEIGHT="21" WC="0.93" CONTENT="af"/><SP WIDTH="20" VPOS="234" HPOS="185"/>
							<String ID="string_11" HPOS="205" VPOS="234" WIDTH="236" HEIGHT="22" WC="0.92" CONTENT="Riddarhusutskottets"/><SP WIDTH="22" VPOS="234" HPOS="441"/>
							<String ID="string_12" HPOS="463" VPOS="235" WIDTH="77" HEIGHT="26" WC="0.92" CONTENT="afgifna"/><SP WIDTH="18" VPOS="235" HPOS="540"/>
							<String ID="string_13" HPOS="558" VPOS="235" WIDTH="98" HEIGHT="27" WC="0.96" CONTENT="yttrande"/><SP WIDTH="15" VPOS="235" HPOS="656"/>
							<String ID="string_14" HPOS="671" VPOS="235" WIDTH="6" HEIGHT="20" WC="0.72" CONTENT="i"/><SP WIDTH="15" VPOS="235" HPOS="677"/>
							<String ID="string_15" HPOS="692" VPOS="235" WIDTH="65" HEIGHT="21" WC="0.96" CONTENT="saken"/><SP WIDTH="16" VPOS="235" HPOS="757"/>
							<String ID="string_16" HPOS="773" VPOS="235" WIDTH="39" HEIGHT="21" WC="0.93" CONTENT="och"/><SP WIDTH="15" VPOS="235" HPOS="812"/>
							<String ID="string_17" HPOS="827" VPOS="236" WIDTH="97" HEIGHT="19" WC="0.96" CONTENT="närmare"/>
						</TextLine>
						<TextLine ID="line_2" HPOS="106" VPOS="262" WIDTH="817" HEIGHT="27">
							<String ID="string_18" HPOS="106" VPOS="262" WIDTH="82" HEIGHT="21" WC="0.96" CONTENT="kunnat"/><SP WIDTH="11" VPOS="262" HPOS="188"/>
							<String ID="string_19" HPOS="199" VPOS="262" WIDTH="68" HEIGHT="22" WC="0.96" CONTENT="tänka"/><SP WIDTH="16" VPOS="262" HPOS="267"/>
							<String ID="string_20" HPOS="283" VPOS="263" WIDTH="41" HEIGHT="26" WC="0.95" CONTENT="mig"/><SP WIDTH="15" VPOS="263" HPOS="324"/>
							<String ID="string_21" HPOS="339" VPOS="264" WIDTH="21" HEIGHT="20" WC="0.96" CONTENT="in"/><SP WIDTH="16" VPOS="264" HPOS="360"/>
							<String ID="string_22" HPOS="376" VPOS="263" WIDTH="6" HEIGHT="21" WC="0.93" CONTENT="i"/><SP WIDTH="17" VPOS="263" HPOS="382"/>
							<String ID="string_23" HPOS="399" VPOS="264" WIDTH="126" HEIGHT="24" WC="0.91" CONTENT="densamma,"/><SP WIDTH="22" VPOS="264" HPOS="525"/>
							<String ID="string_24" HPOS="547" VPOS="264" WIDTH="24" HEIGHT="21" WC="0.96" CONTENT="sä"/><SP WIDTH="23" VPOS="264" HPOS="571"/>
							<String ID="string_25" HPOS="594" VPOS="263" WIDTH="37" HEIGHT="21" WC="0.96" CONTENT="ber"/><SP WIDTH="12" VPOS="263" HPOS="631"/>
							<String ID="string_26" HPOS="643" VPOS="263" WIDTH="37" HEIGHT="26" WC="0.95" CONTENT="jag"/><SP WIDTH="15" VPOS="263" HPOS="680"/>
							<String ID="string_27" HPOS="695" VPOS="265" WIDTH="31" HEIGHT="19" WC="0.92" CONTENT="att"/><SP WIDTH="15" VPOS="265" HPOS="726"/>
							<String ID="string_28" HPOS="741" VPOS="263" WIDTH="21" HEIGHT="21" WC="0.92" CONTENT="fä"/><SP WIDTH="15" VPOS="263" HPOS="762"/>
							<String ID="string_29" HPOS="777" VPOS="262" WIDTH="33" HEIGHT="21" WC="0.96" CONTENT="för"/><SP WIDTH="14" VPOS="262" HPOS="810"/>
							<String ID="string_30" HPOS="824" VPOS="263" WIDTH="23" HEIGHT="20" WC="0.96" CONTENT="R."/><SP WIDTH="16" VPOS="263" HPOS="847"/>
							<String ID="string_31" HPOS="863" VPOS="268" WIDTH="18" HEIGHT="15" WC="0.94" CONTENT="o."/><SP WIDTH="17" VPOS="268" HPOS="881"/>
							<String ID="string_32" HPOS="898" VPOS="263" WIDTH="25" HEIGHT="20" WC="0.96" CONTENT="A."/>
						</TextLine>
						<TextLine ID="line_3" HPOS="106" VPOS="290" WIDTH="818" HEIGHT="27">
							<String ID="string_33" HPOS="106" VPOS="290" WIDTH="96" HEIGHT="21" WC="0.91" CONTENT="meddela"/><SP WIDTH="15" VPOS="290" HPOS="202"/>
							<String ID="string_34" HPOS="217" VPOS="290" WIDTH="42" HEIGHT="21" WC="0.96" CONTENT="min"/><SP WIDTH="16" VPOS="290" HPOS="259"/>
							<String ID="string_35" HPOS="275" VPOS="291" WIDTH="133" HEIGHT="26" WC="0.93" CONTENT="uppfattning"/><SP WIDTH="15" VPOS="291" HPOS="408"/>
							<String ID="string_36" HPOS="423" VPOS="291" WIDTH="50" HEIGHT="21" WC="0.89" CONTENT="deri."/><SP WIDTH="30" VPOS="291" HPOS="473"/>
							<String ID="string_37" HPOS="503" VPOS="291" WIDTH="57" HEIGHT="21" WC="0.90" CONTENT="Frih."/><SP WIDTH="24" VPOS="291" HPOS="560"/>
							<String ID="string_38" HPOS="584" VPOS="297" WIDTH="40" HEIGHT="14" WC="0.93" CONTENT="von"/><SP WIDTH="15" VPOS="297" HPOS="624"/>
							<String ID="string_39" HPOS="639" VPOS="291" WIDTH="68" HEIGHT="20" WC="0.92" CONTENT="Borns"/><SP WIDTH="15" VPOS="291" HPOS="707"/>
							<String ID="string_40" HPOS="722" VPOS="291" WIDTH="99" HEIGHT="20" WC="0.92" CONTENT="anhällan"/><SP WIDTH="15" VPOS="291" HPOS="821"/>
							<String ID="string_41" HPOS="836" VPOS="290" WIDTH="88" HEIGHT="21" WC="0.96" CONTENT="innebär"/>
						</TextLine>
						<TextLine ID="line_4" HPOS="106" VPOS="318" WIDTH="819" HEIGHT="28">
							<String ID="string_42" HPOS="106" VPOS="325" WIDTH="26" HEIGHT="14" WC="0.92" CONTENT="en"/><SP WIDTH="22" VPOS="325" HPOS="132"/>
							<String ID="string_43" HPOS="154" VPOS="318" WIDTH="92" HEIGHT="27" WC="0.90" CONTENT="begäran"/><SP WIDTH="23" VPOS="318" HPOS="246"/>
							<String ID="string_44" HPOS="269" VPOS="319" WIDTH="121" HEIGHT="21" WC="0.92" CONTENT="alternativt"/><SP WIDTH="21" VPOS="319" HPOS="390"/>
							<String ID="string_45" HPOS="411" VPOS="325" WIDTH="34" HEIGHT="15" WC="0.93" CONTENT="om"/><SP WIDTH="15" VPOS="325" HPOS="445"/>
							<String ID="string_46" HPOS="460" VPOS="319" WIDTH="96" HEIGHT="21" WC="0.87" CONTENT="tillständ"/><SP WIDTH="15" VPOS="319" HPOS="556"/>
							<String ID="string_47" HPOS="571" VPOS="321" WIDTH="32" HEIGHT="19" WC="0.93" CONTENT="att"/><SP WIDTH="14" VPOS="321" HPOS="603"/>
							<String ID="string_48" HPOS="617" VPOS="319" WIDTH="47" HEIGHT="27" WC="0.92" CONTENT="sjelf"/><SP WIDTH="13" VPOS="319" HPOS="664"/>
							<String ID="string_49" HPOS="677" VPOS="319" WIDTH="43" HEIGHT="21" WC="0.92" CONTENT="läta"/><SP WIDTH="15" VPOS="319" HPOS="720"/>
							<String ID="string_50" HPOS="735" VPOS="319" WIDTH="32" HEIGHT="20" WC="0.96" CONTENT="till"/><SP WIDTH="16" VPOS="319" HPOS="767"/>
							<String ID="string_51" HPOS="783" VPOS="319" WIDTH="58" HEIGHT="26" WC="0.92" CONTENT="tryck"/><SP WIDTH="15" VPOS="319" HPOS="841"/>
							<String ID="string_52" HPOS="856" VPOS="318" WIDTH="69" HEIGHT="21" WC="0.92" CONTENT="befor-"/>
						</TextLine>
						<TextLine ID="line_5" HPOS="107" VPOS="346" WIDTH="818" HEIGHT="27">
							<String ID="string_53" HPOS="107" VPOS="347" WIDTH="38" HEIGHT="21" WC="0.92" CONTENT="dra"/><SP WIDTH="15" VPOS="347" HPOS="145"/>
							<String ID="string_54" HPOS="160" VPOS="353" WIDTH="25" HEIGHT="15" WC="0.96" CONTENT="en"/><SP WIDTH="17" VPOS="353" HPOS="185"/>
							<String ID="string_55" HPOS="202" VPOS="347" WIDTH="34" HEIGHT="21" WC="0.96" CONTENT="del"/><SP WIDTH="15" VPOS="347" HPOS="236"/>
							<String ID="string_56" HPOS="251" VPOS="347" WIDTH="22" HEIGHT="21" WC="0.96" CONTENT="af"/><SP WIDTH="14" VPOS="347" HPOS="273"/>
							<String ID="string_57" HPOS="287" VPOS="347" WIDTH="25" HEIGHT="21" WC="0.93" CONTENT="de"/><SP WIDTH="15" VPOS="347" HPOS="312"/>
							<String ID="string_58" HPOS="327" VPOS="347" WIDTH="130" HEIGHT="26" WC="0.91" CONTENT="handlingar,"/><SP WIDTH="16" VPOS="347" HPOS="457"/>
							<String ID="string_59" HPOS="473" VPOS="347" WIDTH="70" HEIGHT="21" WC="0.91" CONTENT="hvilka"/><SP WIDTH="16" VPOS="347" HPOS="543"/>
							<String ID="string_60" HPOS="559" VPOS="353" WIDTH="39" HEIGHT="20" WC="0.90" CONTENT="ega"/><SP WIDTH="14" VPOS="353" HPOS="598"/>
							<String ID="string_61" HPOS="612" VPOS="347" WIDTH="127" HEIGHT="26" WC="0.92" CONTENT="gemenskap"/><SP WIDTH="15" VPOS="347" HPOS="739"/>
							<String ID="string_62" HPOS="754" VPOS="346" WIDTH="47" HEIGHT="21" WC="0.96" CONTENT="med"/><SP WIDTH="16" VPOS="346" HPOS="801"/>
							<String ID="string_63" HPOS="817" VPOS="347" WIDTH="23" HEIGHT="20" WC="0.96" CONTENT="R."/><SP WIDTH="15" VPOS="347" HPOS="840"/>
							<String ID="string_64" HPOS="855" VPOS="353" WIDTH="18" HEIGHT="14" WC="0.93" CONTENT="o."/><SP WIDTH="16" VPOS="353" HPOS="873"/>
							<String ID="string_65" HPOS="889" VPOS="346" WIDTH="36" HEIGHT="21" WC="0.90" CONTENT="A:s"/>
						</TextLine>
						<TextLine ID="line_6" HPOS="106" VPOS="373" WIDTH="819" HEIGHT="28">
							<String ID="string_66" HPOS="106" VPOS="375" WIDTH="97" HEIGHT="22" WC="0.96" CONTENT="beslutna"/><SP WIDTH="15" VPOS="375" HPOS="203"/>
							<String ID="string_67" HPOS="218" VPOS="375" WIDTH="153" HEIGHT="26" WC="0.96" CONTENT="framställning"/><SP WIDTH="15" VPOS="375" HPOS="371"/>
							<String ID="string_68" HPOS="386" VPOS="375" WIDTH="30" HEIGHT="21" WC="0.86" CONTENT="till"/><SP WIDTH="16" VPOS="375" HPOS="416"/>
							<String ID="string_69" HPOS="432" VPOS="375" WIDTH="26" HEIGHT="21" WC="0.93" CONTENT="H."/><SP WIDTH="17" VPOS="375" HPOS="458"/>
							<String ID="string_70" HPOS="475" VPOS="375" WIDTH="38" HEIGHT="21" WC="0.96" CONTENT="M:t"/><SP WIDTH="15" VPOS="375" HPOS="513"/>
							<String ID="string_71" HPOS="528" VPOS="376" WIDTH="7" HEIGHT="20" WC="0.93" CONTENT="i"/><SP WIDTH="15" VPOS="376" HPOS="535"/>
							<String ID="string_72" HPOS="550" VPOS="377" WIDTH="77" HEIGHT="20" WC="0.96" CONTENT="tvänne"/><SP WIDTH="9" VPOS="377" HPOS="627"/>
							<String ID="string_73" HPOS="636" VPOS="375" WIDTH="97" HEIGHT="26" WC="0.96" CONTENT="ärenden,"/><SP WIDTH="9" VPOS="375" HPOS="733"/>
							<String ID="string_74" HPOS="742" VPOS="375" WIDTH="104" HEIGHT="26" WC="0.93" CONTENT="nämligen"/><SP WIDTH="11" VPOS="375" HPOS="846"/>
							<String ID="string_75" HPOS="857" VPOS="373" WIDTH="68" HEIGHT="22" WC="0.91" CONTENT="straff-"/>
						</TextLine>
						<TextLine ID="line_7" HPOS="106" VPOS="402" WIDTH="817" HEIGHT="29">
							<String ID="string_76" HPOS="106" VPOS="403" WIDTH="54" HEIGHT="27" WC="0.93" CONTENT="lags-"/><SP WIDTH="16" VPOS="403" HPOS="160"/>
							<String ID="string_77" HPOS="176" VPOS="403" WIDTH="39" HEIGHT="22" WC="0.93" CONTENT="och"/><SP WIDTH="16" VPOS="403" HPOS="215"/>
							<String ID="string_78" HPOS="231" VPOS="403" WIDTH="150" HEIGHT="27" WC="0.91" CONTENT="postfrägorna,"/><SP WIDTH="18" VPOS="403" HPOS="381"/>
							<String ID="string_79" HPOS="399" VPOS="404" WIDTH="24" HEIGHT="21" WC="0.96" CONTENT="de"/><SP WIDTH="17" VPOS="404" HPOS="423"/>
							<String ID="string_80" HPOS="440" VPOS="404" WIDTH="37" HEIGHT="21" WC="0.93" CONTENT="der"/><SP WIDTH="15" VPOS="404" HPOS="477"/>
							<String ID="string_81" HPOS="492" VPOS="403" WIDTH="49" HEIGHT="22" WC="0.84" CONTENT="bero"/><SP WIDTH="16" VPOS="403" HPOS="541"/>
							<String ID="string_82" HPOS="557" VPOS="404" WIDTH="27" HEIGHT="27" WC="0.96" CONTENT="pä"/><SP WIDTH="15" VPOS="404" HPOS="584"/>
							<String ID="string_83" HPOS="599" VPOS="403" WIDTH="59" HEIGHT="22" WC="0.93" CONTENT="Hans"/><SP WIDTH="15" VPOS="403" HPOS="658"/>
							<String ID="string_84" HPOS="673" VPOS="403" WIDTH="109" HEIGHT="26" WC="0.96" CONTENT="Majestäts"/><SP WIDTH="15" VPOS="403" HPOS="782"/>
							<String ID="string_85" HPOS="797" VPOS="403" WIDTH="84" HEIGHT="26" WC="0.93" CONTENT="slutliga"/><SP WIDTH="14" VPOS="403" HPOS="881"/>
							<String ID="string_86" HPOS="895" VPOS="402" WIDTH="28" HEIGHT="21" WC="0.91" CONTENT="af-"/>
						</TextLine>
						<TextLine ID="line_8" HPOS="106" VPOS="430" WIDTH="819" HEIGHT="28">
							<String ID="string_87" HPOS="106" VPOS="432" WIDTH="100" HEIGHT="26" WC="0.92" CONTENT="görande,"/><SP WIDTH="16" VPOS="432" HPOS="206"/>
							<String ID="string_88" HPOS="222" VPOS="431" WIDTH="50" HEIGHT="22" WC="0.92" CONTENT="eller"/><SP WIDTH="22" VPOS="431" HPOS="272"/>
							<String ID="string_89" HPOS="294" VPOS="433" WIDTH="39" HEIGHT="20" WC="0.92" CONTENT="ock"/><SP WIDTH="22" VPOS="433" HPOS="333"/>
							<String ID="string_90" HPOS="355" VPOS="434" WIDTH="32" HEIGHT="19" WC="0.96" CONTENT="att"/><SP WIDTH="20" VPOS="434" HPOS="387"/>
							<String ID="string_91" HPOS="407" VPOS="433" WIDTH="24" HEIGHT="20" WC="0.96" CONTENT="R."/><SP WIDTH="17" VPOS="433" HPOS="431"/>
							<String ID="string_92" HPOS="448" VPOS="439" WIDTH="18" HEIGHT="14" WC="0.95" CONTENT="o."/><SP WIDTH="17" VPOS="439" HPOS="466"/>
							<String ID="string_93" HPOS="483" VPOS="432" WIDTH="24" HEIGHT="21" WC="0.96" CONTENT="A."/><SP WIDTH="18" VPOS="432" HPOS="507"/>
							<String ID="string_94" HPOS="525" VPOS="432" WIDTH="47" HEIGHT="21" WC="0.96" CONTENT="ville"/><SP WIDTH="16" VPOS="432" HPOS="572"/>
							<String ID="string_95" HPOS="588" VPOS="433" WIDTH="26" HEIGHT="25" WC="0.97" CONTENT="pä"/><SP WIDTH="15" VPOS="433" HPOS="614"/>
							<String ID="string_96" HPOS="629" VPOS="432" WIDTH="37" HEIGHT="21" WC="0.96" CONTENT="sitt"/><SP WIDTH="16" VPOS="432" HPOS="666"/>
							<String ID="string_97" HPOS="682" VPOS="434" WIDTH="47" HEIGHT="23" WC="0.93" CONTENT="eget"/><SP WIDTH="15" VPOS="434" HPOS="729"/>
							<String ID="string_98" HPOS="744" VPOS="437" WIDTH="75" HEIGHT="16" WC="0.93" CONTENT="ansvar"/><SP WIDTH="15" VPOS="437" HPOS="819"/>
							<String ID="string_99" HPOS="834" VPOS="431" WIDTH="43" HEIGHT="21" WC="0.93" CONTENT="läta"/><SP WIDTH="16" VPOS="431" HPOS="877"/>
							<String ID="string_100" HPOS="893" VPOS="430" WIDTH="32" HEIGHT="21" WC="0.96" CONTENT="för"/>
						</TextLine>
						<TextLine ID="line_9" HPOS="106" VPOS="459" WIDTH="820" HEIGHT="28">
							<String ID="string_101" HPOS="106" VPOS="460" WIDTH="70" HEIGHT="21" WC="0.91" CONTENT="Frih:s"/><SP WIDTH="15" VPOS="460" HPOS="176"/>
							<String ID="string_102" HPOS="191" VPOS="460" WIDTH="88" HEIGHT="27" WC="0.92" CONTENT="räkning"/><SP WIDTH="16" VPOS="460" HPOS="279"/>
							<String ID="string_103" HPOS="295" VPOS="461" WIDTH="38" HEIGHT="20" WC="0.96" CONTENT="och"/><SP WIDTH="17" VPOS="461" HPOS="333"/>
							<String ID="string_104" HPOS="350" VPOS="463" WIDTH="43" HEIGHT="18" WC="0.96" CONTENT="mot"/><SP WIDTH="15" VPOS="463" HPOS="393"/>
							<String ID="string_105" HPOS="408" VPOS="461" WIDTH="22" HEIGHT="20" WC="0.96" CONTENT="af"/><SP WIDTH="13" VPOS="461" HPOS="430"/>
							<String ID="string_106" HPOS="443" VPOS="460" WIDTH="77" HEIGHT="21" WC="0.93" CONTENT="honom"/><SP WIDTH="17" VPOS="460" HPOS="520"/>
							<String ID="string_107" HPOS="537" VPOS="460" WIDTH="71" HEIGHT="27" WC="0.90" CONTENT="erlagd"/><SP WIDTH="16" VPOS="460" HPOS="608"/>
							<String ID="string_108" HPOS="624" VPOS="461" WIDTH="132" HEIGHT="25" WC="0.92" CONTENT="godtgörelse"/><SP WIDTH="9" VPOS="461" HPOS="756"/>
							<String ID="string_109" HPOS="765" VPOS="459" WIDTH="72" HEIGHT="27" WC="0.92" CONTENT="trycka"/><SP WIDTH="8" VPOS="459" HPOS="837"/>
							<String ID="string_110" HPOS="845" VPOS="465" WIDTH="81" HEIGHT="15" WC="0.96" CONTENT="samma"/>
						</TextLine>
						<TextLine ID="line_10" HPOS="106" VPOS="488" WIDTH="819" HEIGHT="27">
							<String ID="string_111" HPOS="106" VPOS="488" WIDTH="130" HEIGHT="27" WC="0.91" CONTENT="handlingar,"/><SP WIDTH="18" VPOS="488" HPOS="236"/>
							<String ID="string_112" HPOS="254" VPOS="489" WIDTH="38" HEIGHT="20" WC="0.93" CONTENT="och"/><SP WIDTH="15" VPOS="489" HPOS="292"/>
							<String ID="string_113" HPOS="307" VPOS="489" WIDTH="88" HEIGHT="20" WC="0.92" CONTENT="sälunda"/><SP WIDTH="15" VPOS="489" HPOS="395"/>
							<String ID="string_114" HPOS="410" VPOS="489" WIDTH="113" HEIGHT="20" WC="0.91" CONTENT="medverka"/><SP WIDTH="15" VPOS="489" HPOS="523"/>
							<String ID="string_115" HPOS="538" VPOS="488" WIDTH="31" HEIGHT="21" WC="0.96" CONTENT="till"/><SP WIDTH="17" VPOS="488" HPOS="569"/>
							<String ID="string_116" HPOS="586" VPOS="489" WIDTH="35" HEIGHT="20" WC="0.96" CONTENT="det"/><SP WIDTH="15" VPOS="489" HPOS="621"/>
							<String ID="string_117" HPOS="636" VPOS="488" WIDTH="21" HEIGHT="21" WC="0.96" CONTENT="af"/><SP WIDTH="14" VPOS="488" HPOS="657"/>
							<String ID="string_118" HPOS="671" VPOS="488" WIDTH="76" HEIGHT="21" WC="0.96" CONTENT="honom"/><SP WIDTH="16" VPOS="488" HPOS="747"/>
							<String ID="string_119" HPOS="763" VPOS="489" WIDTH="27" HEIGHT="25" WC="0.97" CONTENT="pä"/><SP WIDTH="12" VPOS="489" HPOS="790"/>
							<String ID="string_120" HPOS="802" VPOS="490" WIDTH="64" HEIGHT="18" WC="0.96" CONTENT="annat"/><SP WIDTH="10" VPOS="490" HPOS="866"/>
							<String ID="string_121" HPOS="876" VPOS="489" WIDTH="49" HEIGHT="23" WC="0.96" CONTENT="sätt,"/>
						</TextLine>
						<TextLine ID="line_11" HPOS="108" VPOS="515" WIDTH="817" HEIGHT="28">
							<String ID="string_122" HPOS="108" VPOS="519" WIDTH="26" HEIGHT="19" WC="0.92" CONTENT="än"/><SP WIDTH="22" VPOS="519" HPOS="134"/>
							<String ID="string_123" HPOS="156" VPOS="516" WIDTH="104" HEIGHT="22" WC="0.91" CONTENT="härintills"/><SP WIDTH="22" VPOS="516" HPOS="260"/>
							<String ID="string_124" HPOS="282" VPOS="517" WIDTH="101" HEIGHT="26" WC="0.92" CONTENT="nägonsin"/><SP WIDTH="23" VPOS="517" HPOS="383"/>
							<String ID="string_125" HPOS="406" VPOS="519" WIDTH="35" HEIGHT="24" WC="0.91" CONTENT="egt"/><SP WIDTH="20" VPOS="519" HPOS="441"/>
							<String ID="string_126" HPOS="461" VPOS="523" WIDTH="53" HEIGHT="20" WC="0.93" CONTENT="rum,"/><SP WIDTH="16" VPOS="523" HPOS="514"/>
							<String ID="string_127" HPOS="530" VPOS="517" WIDTH="108" HEIGHT="21" WC="0.92" CONTENT="tilltänkta"/><SP WIDTH="14" VPOS="517" HPOS="638"/>
							<String ID="string_128" HPOS="652" VPOS="516" WIDTH="187" HEIGHT="27" WC="0.91" CONTENT="offentliggörande"/><SP WIDTH="16" VPOS="516" HPOS="839"/>
							<String ID="string_129" HPOS="855" VPOS="515" WIDTH="21" HEIGHT="22" WC="0.93" CONTENT="af"/><SP WIDTH="14" VPOS="515" HPOS="876"/>
							<String ID="string_130" HPOS="890" VPOS="516" WIDTH="35" HEIGHT="20" WC="0.92" CONTENT="de-"/>
						</TextLine>
						<TextLine ID="line_12" HPOS="107" VPOS="551" WIDTH="86" HEIGHT="16">
							<String ID="string_131" HPOS="107" VPOS="551" WIDTH="86" HEIGHT="16" WC="0.96" CONTENT="samma."/>
						</TextLine>
					</TextBlock>
					<TextBlock ID="block_2" HPOS="106" VPOS="571" WIDTH="822" HEIGHT="313">
						<TextLine ID="line_13" HPOS="176" VPOS="571" WIDTH="750" HEIGHT="29">
							<String ID="string_132" HPOS="176" VPOS="573" WIDTH="123" HEIGHT="22" WC="0.91" CONTENT="Emellertid"/><SP WIDTH="22" VPOS="573" HPOS="299"/>
							<String ID="string_133" HPOS="321" VPOS="574" WIDTH="79" HEIGHT="26" WC="0.91" CONTENT="nödgas"/><SP WIDTH="19" VPOS="574" HPOS="400"/>
							<String ID="string_134" HPOS="419" VPOS="573" WIDTH="37" HEIGHT="27" WC="0.96" CONTENT="jag"/><SP WIDTH="14" VPOS="573" HPOS="456"/>
							<String ID="string_135" HPOS="470" VPOS="573" WIDTH="7" HEIGHT="21" WC="0.93" CONTENT="i"/><SP WIDTH="16" VPOS="573" HPOS="477"/>
							<String ID="string_136" HPOS="493" VPOS="573" WIDTH="97" HEIGHT="22" WC="0.93" CONTENT="afseende"/><SP WIDTH="22" VPOS="573" HPOS="590"/>
							<String ID="string_137" HPOS="612" VPOS="574" WIDTH="13" HEIGHT="20" WC="0.92" CONTENT="ä"/><SP WIDTH="15" VPOS="574" HPOS="625"/>
							<String ID="string_138" HPOS="640" VPOS="573" WIDTH="58" HEIGHT="21" WC="0.93" CONTENT="detta"/><SP WIDTH="15" VPOS="573" HPOS="698"/>
							<String ID="string_139" HPOS="713" VPOS="573" WIDTH="77" HEIGHT="21" WC="0.92" CONTENT="ärende"/><SP WIDTH="15" VPOS="573" HPOS="790"/>
							<String ID="string_140" HPOS="805" VPOS="574" WIDTH="48" HEIGHT="24" WC="0.92" CONTENT="taga"/><SP WIDTH="16" VPOS="574" HPOS="853"/>
							<String ID="string_141" HPOS="869" VPOS="571" WIDTH="6" HEIGHT="21" WC="0.93" CONTENT="i"/><SP WIDTH="15" VPOS="571" HPOS="875"/>
							<String ID="string_142" HPOS="890" VPOS="571" WIDTH="36" HEIGHT="21" WC="0.93" CONTENT="be-"/>
						</TextLine>
						<TextLine ID="line_14" HPOS="108" VPOS="599" WIDTH="818" HEIGHT="29">
							<String ID="string_143" HPOS="108" VPOS="602" WIDTH="118" HEIGHT="26" WC="0.92" CONTENT="traktande,"/><SP WIDTH="17" VPOS="602" HPOS="226"/>
							<String ID="string_144" HPOS="243" VPOS="602" WIDTH="16" HEIGHT="26" WC="0.92" CONTENT="ej"/><SP WIDTH="17" VPOS="602" HPOS="259"/>
							<String ID="string_145" HPOS="276" VPOS="602" WIDTH="81" HEIGHT="20" WC="0.95" CONTENT="mindre"/><SP WIDTH="16" VPOS="602" HPOS="357"/>
							<String ID="string_146" HPOS="373" VPOS="604" WIDTH="31" HEIGHT="19" WC="0.93" CONTENT="att"/><SP WIDTH="15" VPOS="604" HPOS="404"/>
							<String ID="string_147" HPOS="419" VPOS="602" WIDTH="72" HEIGHT="26" WC="0.92" CONTENT="hvarje"/><SP WIDTH="22" VPOS="602" HPOS="491"/>
							<String ID="string_148" HPOS="513" VPOS="602" WIDTH="74" HEIGHT="25" WC="0.92" CONTENT="ätgärd"/><SP WIDTH="15" VPOS="602" HPOS="587"/>
							<String ID="string_149" HPOS="602" VPOS="601" WIDTH="46" HEIGHT="21" WC="0.92" CONTENT="frän"/><SP WIDTH="15" VPOS="601" HPOS="648"/>
							<String ID="string_150" HPOS="663" VPOS="601" WIDTH="25" HEIGHT="21" WC="0.97" CONTENT="R."/><SP WIDTH="16" VPOS="601" HPOS="688"/>
							<String ID="string_151" HPOS="704" VPOS="608" WIDTH="17" HEIGHT="14" WC="0.93" CONTENT="o."/><SP WIDTH="17" VPOS="608" HPOS="721"/>
							<String ID="string_152" HPOS="738" VPOS="601" WIDTH="37" HEIGHT="21" WC="0.92" CONTENT="A:s"/><SP WIDTH="15" VPOS="601" HPOS="775"/>
							<String ID="string_153" HPOS="790" VPOS="600" WIDTH="45" HEIGHT="21" WC="0.96" CONTENT="sida"/><SP WIDTH="16" VPOS="600" HPOS="835"/>
							<String ID="string_154" HPOS="851" VPOS="600" WIDTH="6" HEIGHT="20" WC="0.96" CONTENT="i"/><SP WIDTH="15" VPOS="600" HPOS="857"/>
							<String ID="string_155" HPOS="872" VPOS="599" WIDTH="54" HEIGHT="28" WC="0.97" CONTENT="syfte"/>
						</TextLine>
						<TextLine ID="line_15" HPOS="108" VPOS="628" WIDTH="819" HEIGHT="29">
							<String ID="string_156" HPOS="108" VPOS="632" WIDTH="32" HEIGHT="20" WC="0.90" CONTENT="att"/><SP WIDTH="22" VPOS="632" HPOS="140"/>
							<String ID="string_157" HPOS="162" VPOS="630" WIDTH="77" HEIGHT="22" WC="0.90" CONTENT="bereda"/><SP WIDTH="15" VPOS="630" HPOS="239"/>
							<String ID="string_158" HPOS="254" VPOS="630" WIDTH="68" HEIGHT="27" WC="0.91" CONTENT="nägon"/><SP WIDTH="16" VPOS="630" HPOS="322"/>
							<String ID="string_159" HPOS="338" VPOS="630" WIDTH="34" HEIGHT="21" WC="0.96" CONTENT="del"/><SP WIDTH="15" VPOS="630" HPOS="372"/>
							<String ID="string_160" HPOS="387" VPOS="630" WIDTH="21" HEIGHT="21" WC="0.93" CONTENT="af"/><SP WIDTH="19" VPOS="630" HPOS="408"/>
							<String ID="string_161" HPOS="427" VPOS="630" WIDTH="128" HEIGHT="27" WC="0.92" CONTENT="protokollet"/><SP WIDTH="15" VPOS="630" HPOS="555"/>
							<String ID="string_162" HPOS="570" VPOS="630" WIDTH="58" HEIGHT="21" WC="0.96" CONTENT="öfver"/><SP WIDTH="14" VPOS="630" HPOS="628"/>
							<String ID="string_163" HPOS="642" VPOS="630" WIDTH="24" HEIGHT="21" WC="0.96" CONTENT="R."/><SP WIDTH="17" VPOS="630" HPOS="666"/>
							<String ID="string_164" HPOS="683" VPOS="636" WIDTH="18" HEIGHT="14" WC="0.93" CONTENT="o."/><SP WIDTH="16" VPOS="636" HPOS="701"/>
							<String ID="string_165" HPOS="717" VPOS="630" WIDTH="37" HEIGHT="20" WC="0.90" CONTENT="A:s"/><SP WIDTH="15" VPOS="630" HPOS="754"/>
							<String ID="string_166" HPOS="769" VPOS="628" WIDTH="158" HEIGHT="26" WC="0.92" CONTENT="förhandlingar"/>
						</TextLine>
						<TextLine ID="line_16" HPOS="108" VPOS="656" WIDTH="818" HEIGHT="29">
							<String ID="string_167" HPOS="108" VPOS="666" WIDTH="25" HEIGHT="14" WC="0.96" CONTENT="en"/><SP WIDTH="15" VPOS="666" HPOS="133"/>
							<String ID="string_168" HPOS="148" VPOS="665" WIDTH="70" HEIGHT="15" WC="0.96" CONTENT="annan"/><SP WIDTH="16" VPOS="665" HPOS="218"/>
							<String ID="string_169" HPOS="234" VPOS="658" WIDTH="38" HEIGHT="22" WC="0.95" CONTENT="och"/><SP WIDTH="22" VPOS="658" HPOS="272"/>
							<String ID="string_170" HPOS="294" VPOS="661" WIDTH="68" HEIGHT="19" WC="0.93" CONTENT="större"/><SP WIDTH="19" VPOS="661" HPOS="362"/>
							<String ID="string_171" HPOS="381" VPOS="659" WIDTH="114" HEIGHT="26" WC="0.91" CONTENT="spridning,"/><SP WIDTH="16" VPOS="659" HPOS="495"/>
							<String ID="string_172" HPOS="511" VPOS="660" WIDTH="26" HEIGHT="19" WC="0.96" CONTENT="än"/><SP WIDTH="16" VPOS="660" HPOS="537"/>
							<String ID="string_173" HPOS="553" VPOS="658" WIDTH="61" HEIGHT="22" WC="0.93" CONTENT="dessa"/><SP WIDTH="14" VPOS="658" HPOS="614"/>
							<String ID="string_174" HPOS="628" VPOS="658" WIDTH="106" HEIGHT="26" WC="0.92" CONTENT="protokoll"/><SP WIDTH="15" VPOS="658" HPOS="734"/>
							<String ID="string_175" HPOS="749" VPOS="663" WIDTH="76" HEIGHT="15" WC="0.93" CONTENT="annars"/><SP WIDTH="15" VPOS="663" HPOS="825"/>
							<String ID="string_176" HPOS="840" VPOS="656" WIDTH="86" HEIGHT="26" WC="0.92" CONTENT="erhälla,"/>
						</TextLine>
						<TextLine ID="line_17" HPOS="108" VPOS="684" WIDTH="817" HEIGHT="30">
							<String ID="string_177" HPOS="108" VPOS="687" WIDTH="41" HEIGHT="21" WC="0.93" CONTENT="kan"/><SP WIDTH="23" VPOS="687" HPOS="149"/>
							<String ID="string_178" HPOS="172" VPOS="686" WIDTH="20" HEIGHT="22" WC="0.96" CONTENT="få"/><SP WIDTH="22" VPOS="686" HPOS="192"/>
							<String ID="string_179" HPOS="214" VPOS="687" WIDTH="127" HEIGHT="21" WC="0.96" CONTENT="karaktären"/><SP WIDTH="16" VPOS="687" HPOS="341"/>
							<String ID="string_180" HPOS="357" VPOS="687" WIDTH="22" HEIGHT="21" WC="0.93" CONTENT="af"/><SP WIDTH="19" VPOS="687" HPOS="379"/>
							<String ID="string_181" HPOS="398" VPOS="686" WIDTH="134" HEIGHT="22" WC="0.93" CONTENT="inskridande"/><SP WIDTH="15" VPOS="686" HPOS="532"/>
							<String ID="string_182" HPOS="547" VPOS="688" WIDTH="27" HEIGHT="26" WC="0.96" CONTENT="pä"/><SP WIDTH="16" VPOS="688" HPOS="574"/>
							<String ID="string_183" HPOS="590" VPOS="689" WIDTH="31" HEIGHT="19" WC="0.93" CONTENT="ett"/><SP WIDTH="15" VPOS="689" HPOS="621"/>
							<String ID="string_184" HPOS="636" VPOS="686" WIDTH="91" HEIGHT="26" WC="0.96" CONTENT="område,"/><SP WIDTH="17" VPOS="686" HPOS="727"/>
							<String ID="string_185" HPOS="744" VPOS="692" WIDTH="45" HEIGHT="15" WC="0.93" CONTENT="som"/><SP WIDTH="15" VPOS="692" HPOS="789"/>
							<String ID="string_186" HPOS="804" VPOS="685" WIDTH="45" HEIGHT="21" WC="0.95" CONTENT="icke"/><SP WIDTH="16" VPOS="685" HPOS="849"/>
							<String ID="string_187" HPOS="865" VPOS="684" WIDTH="60" HEIGHT="22" WC="0.95" CONTENT="faller"/>
						</TextLine>
						<TextLine ID="line_18" HPOS="108" VPOS="713" WIDTH="819" HEIGHT="29">
							<String ID="string_188" HPOS="108" VPOS="716" WIDTH="57" HEIGHT="20" WC="0.96" CONTENT="inom"/><SP WIDTH="15" VPOS="716" HPOS="165"/>
							<String ID="string_189" HPOS="180" VPOS="715" WIDTH="23" HEIGHT="21" WC="0.96" CONTENT="R."/><SP WIDTH="18" VPOS="715" HPOS="203"/>
							<String ID="string_190" HPOS="221" VPOS="721" WIDTH="18" HEIGHT="15" WC="0.89" CONTENT="o."/><SP WIDTH="15" VPOS="721" HPOS="239"/>
							<String ID="string_191" HPOS="254" VPOS="716" WIDTH="36" HEIGHT="20" WC="0.92" CONTENT="A:s"/><SP WIDTH="16" VPOS="716" HPOS="290"/>
							<String ID="string_192" HPOS="306" VPOS="715" WIDTH="132" HEIGHT="27" WC="0.91" CONTENT="befogenhet,"/><SP WIDTH="17" VPOS="715" HPOS="438"/>
							<String ID="string_193" HPOS="455" VPOS="718" WIDTH="25" HEIGHT="18" WC="0.92" CONTENT="än"/><SP WIDTH="17" VPOS="718" HPOS="480"/>
							<String ID="string_194" HPOS="497" VPOS="715" WIDTH="38" HEIGHT="21" WC="0.92" CONTENT="ock"/><SP WIDTH="16" VPOS="715" HPOS="535"/>
							<String ID="string_195" HPOS="551" VPOS="718" WIDTH="32" HEIGHT="18" WC="0.97" CONTENT="att"/><SP WIDTH="16" VPOS="718" HPOS="583"/>
							<String ID="string_196" HPOS="599" VPOS="715" WIDTH="39" HEIGHT="21" WC="0.93" CONTENT="den"/><SP WIDTH="8" VPOS="715" HPOS="638"/>
							<String ID="string_197" HPOS="646" VPOS="714" WIDTH="142" HEIGHT="27" WC="0.92" CONTENT="föreliggande"/><SP WIDTH="8" VPOS="714" HPOS="788"/>
							<String ID="string_198" HPOS="796" VPOS="713" WIDTH="72" HEIGHT="27" WC="0.93" CONTENT="frägan"/><SP WIDTH="12" VPOS="713" HPOS="868"/>
							<String ID="string_199" HPOS="880" VPOS="713" WIDTH="47" HEIGHT="21" WC="0.93" CONTENT="der-"/>
						</TextLine>
						<TextLine ID="line_19" HPOS="106" VPOS="741" WIDTH="821" HEIGHT="29">
							<String ID="string_200" HPOS="106" VPOS="744" WIDTH="65" HEIGHT="26" WC="0.92" CONTENT="jemte"/><SP WIDTH="15" VPOS="744" HPOS="171"/>
							<String ID="string_201" HPOS="186" VPOS="744" WIDTH="175" HEIGHT="25" WC="0.92" CONTENT="sammanhänger"/><SP WIDTH="15" VPOS="744" HPOS="361"/>
							<String ID="string_202" HPOS="376" VPOS="744" WIDTH="47" HEIGHT="20" WC="0.93" CONTENT="med"/><SP WIDTH="16" VPOS="744" HPOS="423"/>
							<String ID="string_203" HPOS="439" VPOS="744" WIDTH="78" HEIGHT="20" WC="0.92" CONTENT="sädana"/><SP WIDTH="15" VPOS="744" HPOS="517"/>
							<String ID="string_204" HPOS="532" VPOS="743" WIDTH="151" HEIGHT="26" WC="0.92" CONTENT="förhällanden,"/><SP WIDTH="16" VPOS="743" HPOS="683"/>
							<String ID="string_205" HPOS="699" VPOS="749" WIDTH="44" HEIGHT="15" WC="0.93" CONTENT="som"/><SP WIDTH="16" VPOS="749" HPOS="743"/>
							<String ID="string_206" HPOS="759" VPOS="745" WIDTH="36" HEIGHT="18" WC="0.93" CONTENT="äro"/><SP WIDTH="12" VPOS="745" HPOS="795"/>
							<String ID="string_207" HPOS="807" VPOS="741" WIDTH="20" HEIGHT="21" WC="0.96" CONTENT="af"/><SP WIDTH="10" VPOS="741" HPOS="827"/>
							<String ID="string_208" HPOS="837" VPOS="741" WIDTH="90" HEIGHT="21" WC="0.96" CONTENT="särskild"/>
						</TextLine>
						<TextLine ID="line_20" HPOS="108" VPOS="770" WIDTH="819" HEIGHT="29">
							<String ID="string_209" HPOS="108" VPOS="772" WIDTH="115" HEIGHT="27" WC="0.91" CONTENT="grannlaga"/><SP WIDTH="14" VPOS="772" HPOS="223"/>
							<String ID="string_210" HPOS="237" VPOS="774" WIDTH="63" HEIGHT="19" WC="0.96" CONTENT="natur"/><SP WIDTH="15" VPOS="774" HPOS="300"/>
							<String ID="string_211" HPOS="315" VPOS="772" WIDTH="38" HEIGHT="21" WC="0.93" CONTENT="och"/><SP WIDTH="16" VPOS="772" HPOS="353"/>
							<String ID="string_212" HPOS="369" VPOS="772" WIDTH="84" HEIGHT="27" WC="0.92" CONTENT="päkalla"/><SP WIDTH="15" VPOS="772" HPOS="453"/>
							<String ID="string_213" HPOS="468" VPOS="772" WIDTH="28" HEIGHT="20" WC="0.93" CONTENT="all"/><SP WIDTH="15" VPOS="772" HPOS="496"/>
							<String ID="string_214" HPOS="511" VPOS="772" WIDTH="167" HEIGHT="21" WC="0.91" CONTENT="förtänksamhet"/><SP WIDTH="15" VPOS="772" HPOS="678"/>
							<String ID="string_215" HPOS="693" VPOS="772" WIDTH="47" HEIGHT="20" WC="0.96" CONTENT="med"/><SP WIDTH="15" VPOS="772" HPOS="740"/>
							<String ID="string_216" HPOS="755" VPOS="771" WIDTH="80" HEIGHT="25" WC="0.96" CONTENT="hänsyn"/><SP WIDTH="13" VPOS="771" HPOS="835"/>
							<String ID="string_217" HPOS="848" VPOS="770" WIDTH="31" HEIGHT="20" WC="0.96" CONTENT="till"/><SP WIDTH="8" VPOS="770" HPOS="879"/>
							<String ID="string_218" HPOS="887" VPOS="770" WIDTH="40" HEIGHT="20" WC="0.96" CONTENT="den"/>
						</TextLine>
						<TextLine ID="line_21" HPOS="108" VPOS="797" WIDTH="820" HEIGHT="31">
							<String ID="string_219" HPOS="108" VPOS="800" WIDTH="90" HEIGHT="22" WC="0.85" CONTENT="bärvidd"/><SP WIDTH="16" VPOS="800" HPOS="198"/>
							<String ID="string_220" HPOS="214" VPOS="800" WIDTH="39" HEIGHT="22" WC="0.96" CONTENT="och"/><SP WIDTH="14" VPOS="800" HPOS="253"/>
							<String ID="string_221" HPOS="267" VPOS="800" WIDTH="114" HEIGHT="28" WC="0.96" CONTENT="betydelse,"/><SP WIDTH="16" VPOS="800" HPOS="381"/>
							<String ID="string_222" HPOS="397" VPOS="807" WIDTH="45" HEIGHT="14" WC="0.96" CONTENT="som"/><SP WIDTH="15" VPOS="807" HPOS="442"/>
							<String ID="string_223" HPOS="457" VPOS="800" WIDTH="42" HEIGHT="22" WC="0.93" CONTENT="kan"/><SP WIDTH="15" VPOS="800" HPOS="499"/>
							<String ID="string_224" HPOS="514" VPOS="800" WIDTH="100" HEIGHT="21" WC="0.96" CONTENT="tillmätas"/><SP WIDTH="16" VPOS="800" HPOS="614"/>
							<String ID="string_225" HPOS="630" VPOS="806" WIDTH="26" HEIGHT="15" WC="0.93" CONTENT="en"/><SP WIDTH="15" VPOS="806" HPOS="656"/>
							<String ID="string_226" HPOS="671" VPOS="799" WIDTH="128" HEIGHT="27" WC="0.91" CONTENT="exceptionel"/><SP WIDTH="9" VPOS="799" HPOS="799"/>
							<String ID="string_227" HPOS="808" VPOS="798" WIDTH="74" HEIGHT="26" WC="0.96" CONTENT="åtgärd"/><SP WIDTH="13" VPOS="798" HPOS="882"/>
							<String ID="string_228" HPOS="895" VPOS="797" WIDTH="33" HEIGHT="21" WC="0.96" CONTENT="för"/>
						</TextLine>
						<TextLine ID="line_22" HPOS="109" VPOS="826" WIDTH="819" HEIGHT="30">
							<String ID="string_229" HPOS="109" VPOS="829" WIDTH="110" HEIGHT="27" WC="0.92" CONTENT="gynnande"/><SP WIDTH="15" VPOS="829" HPOS="219"/>
							<String ID="string_230" HPOS="234" VPOS="829" WIDTH="22" HEIGHT="21" WC="0.96" CONTENT="af"/><SP WIDTH="13" VPOS="829" HPOS="256"/>
							<String ID="string_231" HPOS="269" VPOS="829" WIDTH="61" HEIGHT="26" WC="0.93" CONTENT="vissa,"/><SP WIDTH="15" VPOS="829" HPOS="330"/>
							<String ID="string_232" HPOS="345" VPOS="828" WIDTH="46" HEIGHT="22" WC="0.96" CONTENT="från"/><SP WIDTH="16" VPOS="828" HPOS="391"/>
							<String ID="string_233" HPOS="407" VPOS="829" WIDTH="25" HEIGHT="21" WC="0.93" CONTENT="de"/><SP WIDTH="15" VPOS="829" HPOS="432"/>
							<String ID="string_234" HPOS="447" VPOS="828" WIDTH="144" HEIGHT="22" WC="0.96" CONTENT="förstnämnda"/><SP WIDTH="15" VPOS="828" HPOS="591"/>
							<String ID="string_235" HPOS="606" VPOS="830" WIDTH="76" HEIGHT="20" WC="0.93" CONTENT="tvänne"/><SP WIDTH="8" VPOS="830" HPOS="682"/>
							<String ID="string_236" HPOS="690" VPOS="828" WIDTH="116" HEIGHT="21" WC="0.91" CONTENT="ärendenas"/><SP WIDTH="12" VPOS="828" HPOS="806"/>
							<String ID="string_237" HPOS="818" VPOS="826" WIDTH="48" HEIGHT="22" WC="0.93" CONTENT="hela"/><SP WIDTH="8" VPOS="826" HPOS="866"/>
							<String ID="string_238" HPOS="874" VPOS="832" WIDTH="54" HEIGHT="16" WC="0.90" CONTENT="sam-"/>
						</TextLine>
						<TextLine ID="line_23" HPOS="109" VPOS="856" WIDTH="708" HEIGHT="28">
							<String ID="string_239" HPOS="109" VPOS="858" WIDTH="106" HEIGHT="26" WC="0.92" CONTENT="manhang"/><SP WIDTH="15" VPOS="858" HPOS="215"/>
							<String ID="string_240" HPOS="230" VPOS="858" WIDTH="5" HEIGHT="20" WC="0.93" CONTENT="i"/><SP WIDTH="17" VPOS="858" HPOS="235"/>
							<String ID="string_241" HPOS="252" VPOS="857" WIDTH="62" HEIGHT="27" WC="0.92" CONTENT="öfrigt"/><SP WIDTH="15" VPOS="857" HPOS="314"/>
							<String ID="string_242" HPOS="329" VPOS="858" WIDTH="105" HEIGHT="26" WC="0.91" CONTENT="lösryckta"/><SP WIDTH="14" VPOS="858" HPOS="434"/>
							<String ID="string_243" HPOS="448" VPOS="858" WIDTH="123" HEIGHT="26" WC="0.93" CONTENT="yttrandens"/><SP WIDTH="15" VPOS="858" HPOS="571"/>
							<String ID="string_244" HPOS="586" VPOS="856" WIDTH="103" HEIGHT="22" WC="0.93" CONTENT="särskilda"/><SP WIDTH="15" VPOS="856" HPOS="689"/>
							<String ID="string_245" HPOS="704" VPOS="856" WIDTH="113" HEIGHT="27" WC="0.92" CONTENT="spridning."/>
						</TextLine>
					</TextBlock>
					<TextBlock ID="block_3" HPOS="108" VPOS="882" WIDTH="821" HEIGHT="399">
						<TextLine ID="line_24" HPOS="179" VPOS="882" WIDTH="750" HEIGHT="30">
							<String ID="string_246" HPOS="179" VPOS="885" WIDTH="172" HEIGHT="26" WC="0.92" CONTENT="Offentlighetens"/><SP WIDTH="16" VPOS="885" HPOS="351"/>
							<String ID="string_247" HPOS="367" VPOS="886" WIDTH="80" HEIGHT="26" WC="0.96" CONTENT="princip"/><SP WIDTH="16" VPOS="886" HPOS="447"/>
							<String ID="string_248" HPOS="463" VPOS="886" WIDTH="39" HEIGHT="21" WC="0.93" CONTENT="och"/><SP WIDTH="15" VPOS="886" HPOS="502"/>
							<String ID="string_249" HPOS="517" VPOS="886" WIDTH="177" HEIGHT="26" WC="0.91" CONTENT="yttranderättens"/><SP WIDTH="15" VPOS="886" HPOS="694"/>
							<String ID="string_250" HPOS="709" VPOS="885" WIDTH="62" HEIGHT="20" WC="0.93" CONTENT="frihet"/><SP WIDTH="16" VPOS="885" HPOS="771"/>
							<String ID="string_251" HPOS="787" VPOS="887" WIDTH="44" HEIGHT="18" WC="0.93" CONTENT="tror"/><SP WIDTH="9" VPOS="887" HPOS="831"/>
							<String ID="string_252" HPOS="840" VPOS="883" WIDTH="36" HEIGHT="26" WC="0.96" CONTENT="jag"/><SP WIDTH="10" VPOS="883" HPOS="876"/>
							<String ID="string_253" HPOS="886" VPOS="882" WIDTH="43" HEIGHT="27" WC="0.90" CONTENT="mig"/>
						</TextLine>
						<TextLine ID="line_25" HPOS="109" VPOS="912" WIDTH="819" HEIGHT="29">
							<String ID="string_254" HPOS="109" VPOS="914" WIDTH="63" HEIGHT="22" WC="0.96" CONTENT="hafva"/><SP WIDTH="21" VPOS="914" HPOS="172"/>
							<String ID="string_255" HPOS="193" VPOS="914" WIDTH="47" HEIGHT="21" WC="0.96" CONTENT="med"/><SP WIDTH="15" VPOS="914" HPOS="240"/>
							<String ID="string_256" HPOS="255" VPOS="916" WIDTH="79" HEIGHT="19" WC="0.93" CONTENT="största"/><SP WIDTH="19" VPOS="916" HPOS="334"/>
							<String ID="string_257" HPOS="353" VPOS="913" WIDTH="158" HEIGHT="28" WC="0.96" CONTENT="fullständighet"/><SP WIDTH="14" VPOS="913" HPOS="511"/>
							<String ID="string_258" HPOS="525" VPOS="914" WIDTH="133" HEIGHT="27" WC="0.96" CONTENT="respekterat"/><SP WIDTH="14" VPOS="914" HPOS="658"/>
							<String ID="string_259" HPOS="672" VPOS="914" WIDTH="6" HEIGHT="20" WC="0.96" CONTENT="i"/><SP WIDTH="16" VPOS="914" HPOS="678"/>
							<String ID="string_260" HPOS="694" VPOS="913" WIDTH="37" HEIGHT="22" WC="0.93" CONTENT="allt"/><SP WIDTH="15" VPOS="913" HPOS="731"/>
							<String ID="string_261" HPOS="746" VPOS="913" WIDTH="54" HEIGHT="21" WC="0.93" CONTENT="hvad"/><SP WIDTH="16" VPOS="913" HPOS="800"/>
							<String ID="string_262" HPOS="816" VPOS="913" WIDTH="13" HEIGHT="20" WC="0.92" CONTENT="å"/><SP WIDTH="14" VPOS="913" HPOS="829"/>
							<String ID="string_263" HPOS="843" VPOS="913" WIDTH="43" HEIGHT="25" WC="0.96" CONTENT="mig"/><SP WIDTH="15" VPOS="913" HPOS="886"/>
							<String ID="string_264" HPOS="901" VPOS="912" WIDTH="27" HEIGHT="27" WC="0.96" CONTENT="pä"/>
						</TextLine>
						<TextLine ID="line_26" HPOS="110" VPOS="940" WIDTH="817" HEIGHT="29">
							<String ID="string_265" HPOS="110" VPOS="943" WIDTH="69" HEIGHT="21" WC="0.96" CONTENT="denna"/><SP WIDTH="13" VPOS="943" HPOS="179"/>
							<String ID="string_266" HPOS="192" VPOS="943" WIDTH="56" HEIGHT="26" WC="0.96" CONTENT="plats"/><SP WIDTH="12" VPOS="943" HPOS="248"/>
							<String ID="string_267" HPOS="260" VPOS="943" WIDTH="81" HEIGHT="20" WC="0.93" CONTENT="kunnat"/><SP WIDTH="15" VPOS="943" HPOS="341"/>
							<String ID="string_268" HPOS="356" VPOS="943" WIDTH="118" HEIGHT="20" WC="0.92" CONTENT="ankomma."/><SP WIDTH="29" VPOS="943" HPOS="474"/>
							<String ID="string_269" HPOS="503" VPOS="942" WIDTH="40" HEIGHT="27" WC="0.95" CONTENT="Jag"/><SP WIDTH="16" VPOS="942" HPOS="543"/>
							<String ID="string_270" HPOS="559" VPOS="945" WIDTH="23" HEIGHT="18" WC="0.93" CONTENT="är"/><SP WIDTH="14" VPOS="945" HPOS="582"/>
							<String ID="string_271" HPOS="596" VPOS="942" WIDTH="113" HEIGHT="27" WC="0.93" CONTENT="ingalunda"/><SP WIDTH="15" VPOS="942" HPOS="709"/>
							<String ID="string_272" HPOS="724" VPOS="941" WIDTH="67" HEIGHT="22" WC="0.93" CONTENT="heller"/><SP WIDTH="7" VPOS="941" HPOS="791"/>
							<String ID="string_273" HPOS="798" VPOS="940" WIDTH="129" HEIGHT="22" WC="0.92" CONTENT="främinande"/>
						</TextLine>
						<TextLine ID="line_27" HPOS="109" VPOS="969" WIDTH="818" HEIGHT="28">
							<String ID="string_274" HPOS="109" VPOS="971" WIDTH="33" HEIGHT="21" WC="0.96" CONTENT="för"/><SP WIDTH="15" VPOS="971" HPOS="142"/>
							<String ID="string_275" HPOS="157" VPOS="971" WIDTH="25" HEIGHT="22" WC="0.93" CONTENT="de"/><SP WIDTH="16" VPOS="971" HPOS="182"/>
							<String ID="string_276" HPOS="198" VPOS="971" WIDTH="133" HEIGHT="26" WC="0.92" CONTENT="önskningar,"/><SP WIDTH="16" VPOS="971" HPOS="331"/>
							<String ID="string_277" HPOS="347" VPOS="971" WIDTH="71" HEIGHT="20" WC="0.89" CONTENT="hvilka"/><SP WIDTH="21" VPOS="971" HPOS="418"/>
							<String ID="string_278" HPOS="439" VPOS="971" WIDTH="194" HEIGHT="26" WC="0.92" CONTENT="representationen"/><SP WIDTH="16" VPOS="971" HPOS="633"/>
							<String ID="string_279" HPOS="649" VPOS="970" WIDTH="39" HEIGHT="21" WC="0.96" CONTENT="och"/><SP WIDTH="15" VPOS="970" HPOS="688"/>
							<String ID="string_280" HPOS="703" VPOS="970" WIDTH="66" HEIGHT="21" WC="0.93" CONTENT="folket"/><SP WIDTH="14" VPOS="970" HPOS="769"/>
							<String ID="string_281" HPOS="783" VPOS="970" WIDTH="52" HEIGHT="27" WC="0.93" CONTENT="hysa"/><SP WIDTH="15" VPOS="970" HPOS="835"/>
							<String ID="string_282" HPOS="850" VPOS="969" WIDTH="77" HEIGHT="21" WC="0.91" CONTENT="beträf-"/>
						</TextLine>
						<TextLine ID="line_28" HPOS="109" VPOS="997" WIDTH="819" HEIGHT="28">
							<String ID="string_283" HPOS="109" VPOS="999" WIDTH="62" HEIGHT="22" WC="0.91" CONTENT="fande"/><SP WIDTH="22" VPOS="999" HPOS="171"/>
							<String ID="string_284" HPOS="193" VPOS="999" WIDTH="274" HEIGHT="26" WC="0.91" CONTENT="pressangelägenheternas"/><SP WIDTH="20" VPOS="999" HPOS="467"/>
							<String ID="string_285" HPOS="487" VPOS="999" WIDTH="159" HEIGHT="21" WC="0.92" CONTENT="handhafvande"/><SP WIDTH="15" VPOS="999" HPOS="646"/>
							<String ID="string_286" HPOS="661" VPOS="1000" WIDTH="27" HEIGHT="25" WC="0.93" CONTENT="pä"/><SP WIDTH="15" VPOS="1000" HPOS="688"/>
							<String ID="string_287" HPOS="703" VPOS="999" WIDTH="106" HEIGHT="26" WC="0.91" CONTENT="möjligast"/><SP WIDTH="14" VPOS="999" HPOS="809"/>
							<String ID="string_288" HPOS="823" VPOS="997" WIDTH="105" HEIGHT="21" WC="0.91" CONTENT="mättfulla"/>
						</TextLine>
						<TextLine ID="line_29" HPOS="110" VPOS="1025" WIDTH="817" HEIGHT="29">
							<String ID="string_289" HPOS="110" VPOS="1027" WIDTH="39" HEIGHT="22" WC="0.96" CONTENT="och"/><SP WIDTH="22" VPOS="1027" HPOS="149"/>
							<String ID="string_290" HPOS="171" VPOS="1027" WIDTH="72" HEIGHT="27" WC="0.94" CONTENT="billiga"/><SP WIDTH="21" VPOS="1027" HPOS="243"/>
							<String ID="string_291" HPOS="264" VPOS="1030" WIDTH="49" HEIGHT="21" WC="0.96" CONTENT="sätt,"/><SP WIDTH="16" VPOS="1030" HPOS="313"/>
							<String ID="string_292" HPOS="329" VPOS="1034" WIDTH="47" HEIGHT="15" WC="0.97" CONTENT="men"/><SP WIDTH="13" VPOS="1034" HPOS="376"/>
							<String ID="string_293" HPOS="389" VPOS="1027" WIDTH="36" HEIGHT="27" WC="0.93" CONTENT="jag"/><SP WIDTH="15" VPOS="1027" HPOS="425"/>
							<String ID="string_294" HPOS="440" VPOS="1030" WIDTH="45" HEIGHT="19" WC="0.93" CONTENT="tror"/><SP WIDTH="15" VPOS="1030" HPOS="485"/>
							<String ID="string_295" HPOS="500" VPOS="1027" WIDTH="67" HEIGHT="21" WC="0.92" CONTENT="tillika"/><SP WIDTH="15" VPOS="1027" HPOS="567"/>
							<String ID="string_296" HPOS="582" VPOS="1028" WIDTH="28" HEIGHT="26" WC="0.93" CONTENT="pä"/><SP WIDTH="14" VPOS="1028" HPOS="610"/>
							<String ID="string_297" HPOS="624" VPOS="1027" WIDTH="161" HEIGHT="26" WC="0.91" CONTENT="gagneligheten"/><SP WIDTH="16" VPOS="1027" HPOS="785"/>
							<String ID="string_298" HPOS="801" VPOS="1026" WIDTH="38" HEIGHT="21" WC="0.93" CONTENT="och"/><SP WIDTH="16" VPOS="1026" HPOS="839"/>
							<String ID="string_299" HPOS="855" VPOS="1025" WIDTH="72" HEIGHT="27" WC="0.93" CONTENT="riktig-"/>
						</TextLine>
						<TextLine ID="line_30" HPOS="108" VPOS="1053" WIDTH="820" HEIGHT="28">
							<String ID="string_300" HPOS="108" VPOS="1056" WIDTH="64" HEIGHT="21" WC="0.96" CONTENT="heten"/><SP WIDTH="16" VPOS="1056" HPOS="172"/>
							<String ID="string_301" HPOS="188" VPOS="1056" WIDTH="59" HEIGHT="21" WC="0.96" CONTENT="deraf"/><SP WIDTH="14" VPOS="1056" HPOS="247"/>
							<String ID="string_302" HPOS="261" VPOS="1058" WIDTH="31" HEIGHT="19" WC="0.96" CONTENT="att"/><SP WIDTH="15" VPOS="1058" HPOS="292"/>
							<String ID="string_303" HPOS="307" VPOS="1056" WIDTH="23" HEIGHT="21" WC="0.96" CONTENT="R."/><SP WIDTH="18" VPOS="1056" HPOS="330"/>
							<String ID="string_304" HPOS="348" VPOS="1062" WIDTH="19" HEIGHT="15" WC="0.95" CONTENT="o."/><SP WIDTH="15" VPOS="1062" HPOS="367"/>
							<String ID="string_305" HPOS="382" VPOS="1055" WIDTH="27" HEIGHT="21" WC="0.95" CONTENT="A."/><SP WIDTH="16" VPOS="1055" HPOS="409"/>
							<String ID="string_306" HPOS="425" VPOS="1055" WIDTH="43" HEIGHT="22" WC="0.96" CONTENT="tills"/><SP WIDTH="15" VPOS="1055" HPOS="468"/>
							<String ID="string_307" HPOS="483" VPOS="1056" WIDTH="71" HEIGHT="21" WC="0.93" CONTENT="vidare"/><SP WIDTH="15" VPOS="1056" HPOS="554"/>
							<String ID="string_308" HPOS="569" VPOS="1055" WIDTH="55" HEIGHT="22" WC="0.96" CONTENT="låter"/><SP WIDTH="14" VPOS="1055" HPOS="624"/>
							<String ID="string_309" HPOS="638" VPOS="1055" WIDTH="7" HEIGHT="21" WC="0.93" CONTENT="i"/><SP WIDTH="15" VPOS="1055" HPOS="645"/>
							<String ID="string_310" HPOS="660" VPOS="1055" WIDTH="97" HEIGHT="21" WC="0.93" CONTENT="afseende"/><SP WIDTH="15" VPOS="1055" HPOS="757"/>
							<String ID="string_311" HPOS="772" VPOS="1056" WIDTH="13" HEIGHT="20" WC="0.72" CONTENT="ä"/><SP WIDTH="15" VPOS="1056" HPOS="785"/>
							<String ID="string_312" HPOS="800" VPOS="1053" WIDTH="128" HEIGHT="28" WC="0.92" CONTENT="publikatio-"/>
						</TextLine>
						<TextLine ID="line_31" HPOS="109" VPOS="1082" WIDTH="819" HEIGHT="29">
							<String ID="string_313" HPOS="109" VPOS="1091" WIDTH="40" HEIGHT="15" WC="0.94" CONTENT="nen"/><SP WIDTH="23" VPOS="1091" HPOS="149"/>
							<String ID="string_314" HPOS="172" VPOS="1084" WIDTH="22" HEIGHT="22" WC="0.93" CONTENT="af"/><SP WIDTH="21" VPOS="1084" HPOS="194"/>
							<String ID="string_315" HPOS="215" VPOS="1084" WIDTH="98" HEIGHT="22" WC="0.91" CONTENT="Ständets"/><SP WIDTH="24" VPOS="1084" HPOS="313"/>
							<String ID="string_316" HPOS="337" VPOS="1084" WIDTH="105" HEIGHT="27" WC="0.92" CONTENT="protokoll"/><SP WIDTH="23" VPOS="1084" HPOS="442"/>
							<String ID="string_317" HPOS="465" VPOS="1085" WIDTH="50" HEIGHT="21" WC="0.91" CONTENT="bero"/><SP WIDTH="21" VPOS="1085" HPOS="515"/>
							<String ID="string_318" HPOS="536" VPOS="1084" WIDTH="33" HEIGHT="21" WC="0.96" CONTENT="vid"/><SP WIDTH="17" VPOS="1084" HPOS="569"/>
							<String ID="string_319" HPOS="586" VPOS="1085" WIDTH="40" HEIGHT="20" WC="0.93" CONTENT="den"/><SP WIDTH="16" VPOS="1085" HPOS="626"/>
							<String ID="string_320" HPOS="642" VPOS="1084" WIDTH="70" HEIGHT="21" WC="0.90" CONTENT="derför"/><SP WIDTH="15" VPOS="1084" HPOS="712"/>
							<String ID="string_321" HPOS="727" VPOS="1085" WIDTH="92" HEIGHT="25" WC="0.91" CONTENT="antagna"/><SP WIDTH="14" VPOS="1085" HPOS="819"/>
							<String ID="string_322" HPOS="833" VPOS="1082" WIDTH="95" HEIGHT="22" WC="0.96" CONTENT="normala"/>
						</TextLine>
						<TextLine ID="line_32" HPOS="110" VPOS="1111" WIDTH="818" HEIGHT="28">
							<String ID="string_323" HPOS="110" VPOS="1113" WIDTH="120" HEIGHT="26" WC="0.91" CONTENT="ordningen."/><SP WIDTH="30" VPOS="1113" HPOS="230"/>
							<String ID="string_324" HPOS="260" VPOS="1113" WIDTH="40" HEIGHT="22" WC="0.93" CONTENT="Vid"/><SP WIDTH="16" VPOS="1113" HPOS="300"/>
							<String ID="string_325" HPOS="316" VPOS="1113" WIDTH="75" HEIGHT="21" WC="0.92" CONTENT="sädant"/><SP WIDTH="15" VPOS="1113" HPOS="391"/>
							<String ID="string_326" HPOS="406" VPOS="1112" WIDTH="130" HEIGHT="22" WC="0.92" CONTENT="förhällande"/><SP WIDTH="15" VPOS="1112" HPOS="536"/>
							<String ID="string_327" HPOS="551" VPOS="1119" WIDTH="62" HEIGHT="15" WC="0.96" CONTENT="anser"/><SP WIDTH="13" VPOS="1119" HPOS="613"/>
							<String ID="string_328" HPOS="626" VPOS="1113" WIDTH="36" HEIGHT="26" WC="0.96" CONTENT="jag"/><SP WIDTH="15" VPOS="1113" HPOS="662"/>
							<String ID="string_329" HPOS="677" VPOS="1113" WIDTH="41" HEIGHT="25" WC="0.96" CONTENT="mig"/><SP WIDTH="15" VPOS="1113" HPOS="718"/>
							<String ID="string_330" HPOS="733" VPOS="1111" WIDTH="21" HEIGHT="22" WC="0.96" CONTENT="af"/><SP WIDTH="15" VPOS="1111" HPOS="754"/>
							<String ID="string_331" HPOS="769" VPOS="1112" WIDTH="42" HEIGHT="21" WC="0.93" CONTENT="min"/><SP WIDTH="11" VPOS="1112" HPOS="811"/>
							<String ID="string_332" HPOS="822" VPOS="1111" WIDTH="53" HEIGHT="27" WC="0.91" CONTENT="pligt"/><SP WIDTH="10" VPOS="1111" HPOS="875"/>
							<String ID="string_333" HPOS="885" VPOS="1117" WIDTH="43" HEIGHT="15" WC="0.92" CONTENT="ma-"/>
						</TextLine>
						<TextLine ID="line_33" HPOS="109" VPOS="1139" WIDTH="820" HEIGHT="28">
							<String ID="string_334" HPOS="109" VPOS="1142" WIDTH="41" HEIGHT="21" WC="0.96" CONTENT="nad"/><SP WIDTH="16" VPOS="1142" HPOS="150"/>
							<String ID="string_335" HPOS="166" VPOS="1144" WIDTH="32" HEIGHT="19" WC="0.96" CONTENT="att"/><SP WIDTH="14" VPOS="1144" HPOS="198"/>
							<String ID="string_336" HPOS="212" VPOS="1142" WIDTH="48" HEIGHT="21" WC="0.96" CONTENT="med"/><SP WIDTH="15" VPOS="1142" HPOS="260"/>
							<String ID="string_337" HPOS="275" VPOS="1142" WIDTH="47" HEIGHT="21" WC="0.96" CONTENT="stöd"/><SP WIDTH="15" VPOS="1142" HPOS="322"/>
							<String ID="string_338" HPOS="337" VPOS="1141" WIDTH="21" HEIGHT="22" WC="0.96" CONTENT="af"/><SP WIDTH="16" VPOS="1141" HPOS="358"/>
							<String ID="string_339" HPOS="374" VPOS="1141" WIDTH="26" HEIGHT="21" WC="0.93" CONTENT="63"/><SP WIDTH="16" VPOS="1141" HPOS="400"/>
							<String ID="string_340" HPOS="416" VPOS="1142" WIDTH="11" HEIGHT="25" WC="0.78" CONTENT="$"/><SP WIDTH="16" VPOS="1142" HPOS="427"/>
							<String ID="string_341" HPOS="443" VPOS="1141" WIDTH="6" HEIGHT="21" WC="0.96" CONTENT="i"/><SP WIDTH="15" VPOS="1141" HPOS="449"/>
							<String ID="string_342" HPOS="464" VPOS="1141" WIDTH="24" HEIGHT="21" WC="0.96" CONTENT="L."/><SP WIDTH="17" VPOS="1141" HPOS="488"/>
							<String ID="string_343" HPOS="505" VPOS="1141" WIDTH="24" HEIGHT="21" WC="0.95" CONTENT="O."/><SP WIDTH="23" VPOS="1141" HPOS="529"/>
							<String ID="string_344" HPOS="552" VPOS="1141" WIDTH="39" HEIGHT="22" WC="0.96" CONTENT="och"/><SP WIDTH="19" VPOS="1141" HPOS="591"/>
							<String ID="string_345" HPOS="610" VPOS="1142" WIDTH="27" HEIGHT="21" WC="0.76" CONTENT="34"/><SP WIDTH="15" VPOS="1142" HPOS="637"/>
							<String ID="string_346" HPOS="652" VPOS="1142" WIDTH="13" HEIGHT="25" WC="0.75" CONTENT="8"/><SP WIDTH="15" VPOS="1142" HPOS="665"/>
							<String ID="string_347" HPOS="680" VPOS="1141" WIDTH="6" HEIGHT="20" WC="0.92" CONTENT="i"/><SP WIDTH="16" VPOS="1141" HPOS="686"/>
							<String ID="string_348" HPOS="702" VPOS="1141" WIDTH="23" HEIGHT="21" WC="0.92" CONTENT="R."/><SP WIDTH="18" VPOS="1141" HPOS="725"/>
							<String ID="string_349" HPOS="743" VPOS="1141" WIDTH="24" HEIGHT="21" WC="0.93" CONTENT="O."/><SP WIDTH="16" VPOS="1141" HPOS="767"/>
							<String ID="string_350" HPOS="783" VPOS="1139" WIDTH="97" HEIGHT="27" WC="0.96" CONTENT="förklara,"/><SP WIDTH="17" VPOS="1139" HPOS="880"/>
							<String ID="string_351" HPOS="897" VPOS="1141" WIDTH="32" HEIGHT="20" WC="0.96" CONTENT="att"/>
						</TextLine>
						<TextLine ID="line_34" HPOS="110" VPOS="1169" WIDTH="818" HEIGHT="27">
							<String ID="string_352" HPOS="110" VPOS="1170" WIDTH="40" HEIGHT="21" WC="0.96" CONTENT="den"/><SP WIDTH="15" VPOS="1170" HPOS="150"/>
							<String ID="string_353" HPOS="165" VPOS="1176" WIDTH="28" HEIGHT="15" WC="0.93" CONTENT="nu"/><SP WIDTH="15" VPOS="1176" HPOS="193"/>
							<String ID="string_354" HPOS="208" VPOS="1170" WIDTH="141" HEIGHT="26" WC="0.91" CONTENT="föreliggande"/><SP WIDTH="15" VPOS="1170" HPOS="349"/>
							<String ID="string_355" HPOS="364" VPOS="1169" WIDTH="179" HEIGHT="27" WC="0.92" CONTENT="framställningen"/><SP WIDTH="15" VPOS="1169" HPOS="543"/>
							<String ID="string_356" HPOS="558" VPOS="1169" WIDTH="46" HEIGHT="22" WC="0.91" CONTENT="icke"/><SP WIDTH="18" VPOS="1169" HPOS="604"/>
							<String ID="string_357" HPOS="622" VPOS="1170" WIDTH="41" HEIGHT="21" WC="0.96" CONTENT="kan"/><SP WIDTH="16" VPOS="1170" HPOS="663"/>
							<String ID="string_358" HPOS="679" VPOS="1169" WIDTH="84" HEIGHT="21" WC="0.96" CONTENT="komma"/><SP WIDTH="15" VPOS="1169" HPOS="763"/>
							<String ID="string_359" HPOS="778" VPOS="1169" WIDTH="66" HEIGHT="20" WC="0.93" CONTENT="under"/><SP WIDTH="15" VPOS="1169" HPOS="844"/>
							<String ID="string_360" HPOS="859" VPOS="1169" WIDTH="69" HEIGHT="25" WC="0.92" CONTENT="nägon"/>
						</TextLine>
						<TextLine ID="line_35" HPOS="109" VPOS="1196" WIDTH="820" HEIGHT="28">
							<String ID="string_361" HPOS="109" VPOS="1198" WIDTH="71" HEIGHT="21" WC="0.93" CONTENT="vidare"/><SP WIDTH="16" VPOS="1198" HPOS="180"/>
							<String ID="string_362" HPOS="196" VPOS="1198" WIDTH="156" HEIGHT="26" WC="0.89" CONTENT="öfverläggning"/><SP WIDTH="15" VPOS="1198" HPOS="352"/>
							<String ID="string_363" HPOS="367" VPOS="1198" WIDTH="38" HEIGHT="20" WC="0.96" CONTENT="hos"/><SP WIDTH="17" VPOS="1198" HPOS="405"/>
							<String ID="string_364" HPOS="422" VPOS="1198" WIDTH="22" HEIGHT="20" WC="0.96" CONTENT="R."/><SP WIDTH="18" VPOS="1198" HPOS="444"/>
							<String ID="string_365" HPOS="462" VPOS="1204" WIDTH="19" HEIGHT="15" WC="0.93" CONTENT="o."/><SP WIDTH="16" VPOS="1204" HPOS="481"/>
							<String ID="string_366" HPOS="497" VPOS="1198" WIDTH="32" HEIGHT="25" WC="0.87" CONTENT="A.;"/><SP WIDTH="17" VPOS="1198" HPOS="529"/>
							<String ID="string_367" HPOS="546" VPOS="1198" WIDTH="39" HEIGHT="21" WC="0.97" CONTENT="den"/><SP WIDTH="17" VPOS="1198" HPOS="585"/>
							<String ID="string_368" HPOS="602" VPOS="1197" WIDTH="51" HEIGHT="22" WC="0.96" CONTENT="eller"/><SP WIDTH="16" VPOS="1197" HPOS="653"/>
							<String ID="string_369" HPOS="669" VPOS="1198" WIDTH="25" HEIGHT="20" WC="0.96" CONTENT="de"/><SP WIDTH="15" VPOS="1198" HPOS="694"/>
							<String ID="string_370" HPOS="709" VPOS="1197" WIDTH="22" HEIGHT="21" WC="0.96" CONTENT="af"/><SP WIDTH="12" VPOS="1197" HPOS="731"/>
							<String ID="string_371" HPOS="743" VPOS="1197" WIDTH="24" HEIGHT="21" WC="0.96" CONTENT="R."/><SP WIDTH="18" VPOS="1197" HPOS="767"/>
							<String ID="string_372" HPOS="785" VPOS="1203" WIDTH="18" HEIGHT="15" WC="0.75" CONTENT="o."/><SP WIDTH="16" VPOS="1203" HPOS="803"/>
							<String ID="string_373" HPOS="819" VPOS="1196" WIDTH="37" HEIGHT="22" WC="0.88" CONTENT="A:s"/><SP WIDTH="15" VPOS="1196" HPOS="856"/>
							<String ID="string_374" HPOS="871" VPOS="1196" WIDTH="58" HEIGHT="21" WC="0.92" CONTENT="med-"/>
						</TextLine>
						<TextLine ID="line_36" HPOS="109" VPOS="1224" WIDTH="819" HEIGHT="29">
							<String ID="string_375" HPOS="109" VPOS="1226" WIDTH="93" HEIGHT="25" WC="0.96" CONTENT="lemmar,"/><SP WIDTH="16" VPOS="1226" HPOS="202"/>
							<String ID="string_376" HPOS="218" VPOS="1232" WIDTH="45" HEIGHT="15" WC="0.93" CONTENT="som"/><SP WIDTH="15" VPOS="1232" HPOS="263"/>
							<String ID="string_377" HPOS="278" VPOS="1226" WIDTH="76" HEIGHT="21" WC="0.95" CONTENT="sådant"/><SP WIDTH="15" VPOS="1226" HPOS="354"/>
							<String ID="string_378" HPOS="369" VPOS="1226" WIDTH="73" HEIGHT="25" WC="0.93" CONTENT="önska,"/><SP WIDTH="17" VPOS="1226" HPOS="442"/>
							<String ID="string_379" HPOS="459" VPOS="1226" WIDTH="163" HEIGHT="27" WC="0.81" CONTENT="öppenlemnadt"/><SP WIDTH="23" VPOS="1226" HPOS="622"/>
							<String ID="string_380" HPOS="645" VPOS="1228" WIDTH="31" HEIGHT="19" WC="0.96" CONTENT="att"/><SP WIDTH="15" VPOS="1228" HPOS="676"/>
							<String ID="string_381" HPOS="691" VPOS="1228" WIDTH="50" HEIGHT="18" WC="0.93" CONTENT="utan"/><SP WIDTH="16" VPOS="1228" HPOS="741"/>
							<String ID="string_382" HPOS="757" VPOS="1225" WIDTH="124" HEIGHT="26" WC="0.95" CONTENT="motivering"/><SP WIDTH="14" VPOS="1225" HPOS="881"/>
							<String ID="string_383" HPOS="895" VPOS="1224" WIDTH="33" HEIGHT="21" WC="0.96" CONTENT="till"/>
						</TextLine>
						<TextLine ID="line_37" HPOS="109" VPOS="1253" WIDTH="726" HEIGHT="28">
							<String ID="string_384" HPOS="109" VPOS="1254" WIDTH="130" HEIGHT="27" WC="0.92" CONTENT="protokollet"/><SP WIDTH="14" VPOS="1254" HPOS="239"/>
							<String ID="string_385" HPOS="253" VPOS="1254" WIDTH="103" HEIGHT="27" WC="0.92" CONTENT="nedlägga"/><SP WIDTH="15" VPOS="1254" HPOS="356"/>
							<String ID="string_386" HPOS="371" VPOS="1254" WIDTH="128" HEIGHT="21" WC="0.96" CONTENT="reservation"/><SP WIDTH="15" VPOS="1254" HPOS="499"/>
							<String ID="string_387" HPOS="514" VPOS="1256" WIDTH="46" HEIGHT="19" WC="0.96" CONTENT="mot"/><SP WIDTH="14" VPOS="1256" HPOS="560"/>
							<String ID="string_388" HPOS="574" VPOS="1254" WIDTH="59" HEIGHT="21" WC="0.96" CONTENT="detta"/><SP WIDTH="15" VPOS="1254" HPOS="633"/>
							<String ID="string_389" HPOS="648" VPOS="1254" WIDTH="48" HEIGHT="21" WC="0.96" CONTENT="mitt"/><SP WIDTH="14" VPOS="1254" HPOS="696"/>
							<String ID="string_390" HPOS="710" VPOS="1253" WIDTH="125" HEIGHT="22" WC="0.96" CONTENT="förfarande."/>
						</TextLine>
					</TextBlock>
				</ComposedBlock>
				<ComposedBlock ID="cblock_3" HPOS="109" VPOS="1309" WIDTH="819" HEIGHT="56">
					<TextBlock ID="block_4" HPOS="109" VPOS="1309" WIDTH="819" HEIGHT="56">
						<TextLine ID="line_38" HPOS="178" VPOS="1309" WIDTH="750" HEIGHT="25">
							<String ID="string_391" HPOS="178" VPOS="1311" WIDTH="65" HEIGHT="21" WC="0.96" CONTENT="Detta"/><SP WIDTH="14" VPOS="1311" HPOS="243"/>
							<String ID="string_392" HPOS="257" VPOS="1311" WIDTH="32" HEIGHT="21" WC="0.93" CONTENT="Hr"/><SP WIDTH="15" VPOS="1311" HPOS="289"/>
							<String ID="string_393" HPOS="304" VPOS="1311" WIDTH="213" HEIGHT="20" WC="0.91" CONTENT="Landtmarskalkens"/><SP WIDTH="16" VPOS="1311" HPOS="517"/>
							<String ID="string_394" HPOS="533" VPOS="1310" WIDTH="108" HEIGHT="21" WC="0.93" CONTENT="uttalande"/><SP WIDTH="9" VPOS="1310" HPOS="641"/>
							<String ID="string_395" HPOS="650" VPOS="1310" WIDTH="95" HEIGHT="24" WC="0.80" CONTENT="helsades"/><SP WIDTH="9" VPOS="1310" HPOS="745"/>
							<String ID="string_396" HPOS="754" VPOS="1310" WIDTH="22" HEIGHT="21" WC="0.93" CONTENT="af"/><SP WIDTH="5" VPOS="1310" HPOS="776"/>
							<String ID="string_397" HPOS="781" VPOS="1309" WIDTH="50" HEIGHT="22" WC="0.93" CONTENT="flere"/><SP WIDTH="15" VPOS="1309" HPOS="831"/>
							<String ID="string_398" HPOS="846" VPOS="1309" WIDTH="82" HEIGHT="22" WC="0.91" CONTENT="ständs-"/>
						</TextLine>
						<TextLine ID="line_39" HPOS="109" VPOS="1339" WIDTH="374" HEIGHT="26">
							<String ID="string_399" HPOS="109" VPOS="1339" WIDTH="136" HEIGHT="21" WC="0.96" CONTENT="medlemmar"/><SP WIDTH="14" VPOS="1339" HPOS="245"/>
							<String ID="string_400" HPOS="259" VPOS="1339" WIDTH="48" HEIGHT="21" WC="0.93" CONTENT="med"/><SP WIDTH="14" VPOS="1339" HPOS="307"/>
							<String ID="string_401" HPOS="321" VPOS="1339" WIDTH="64" HEIGHT="26" WC="0.92" CONTENT="lifliga"/><SP WIDTH="15" VPOS="1339" HPOS="385"/>
							<String ID="string_402" HPOS="400" VPOS="1339" WIDTH="83" HEIGHT="26" WC="0.91" CONTENT="brarop."/>
						</TextLine>
					</TextBlock>
				</ComposedBlock>
				<ComposedBlock ID="cblock_4" HPOS="108" VPOS="1394" WIDTH="821" HEIGHT="84">
					<TextBlock ID="block_5" HPOS="108" VPOS="1394" WIDTH="821" HEIGHT="84">
						<TextLine ID="line_40" HPOS="178" VPOS="1394" WIDTH="750" HEIGHT="27">
							<String ID="string_403" HPOS="178" VPOS="1395" WIDTH="57" HEIGHT="22" WC="0.84" CONTENT="Frih."/><SP WIDTH="16" VPOS="1395" HPOS="235"/>
							<String ID="string_404" HPOS="251" VPOS="1395" WIDTH="24" HEIGHT="21" WC="0.95" CONTENT="R."/><SP WIDTH="16" VPOS="1395" HPOS="275"/>
							<String ID="string_405" HPOS="291" VPOS="1396" WIDTH="25" HEIGHT="21" WC="0.96" CONTENT="A."/><SP WIDTH="15" VPOS="1396" HPOS="316"/>
							<String ID="string_406" HPOS="331" VPOS="1395" WIDTH="98" HEIGHT="21" WC="0.93" CONTENT="Wrede"/><SP WIDTH="14" VPOS="1395" HPOS="429"/>
							<String ID="string_407" HPOS="443" VPOS="1395" WIDTH="72" HEIGHT="22" WC="0.94" CONTENT="anhöll"/><SP WIDTH="15" VPOS="1395" HPOS="515"/>
							<String ID="string_408" HPOS="530" VPOS="1395" WIDTH="94" HEIGHT="22" WC="0.96" CONTENT="härefter"/><SP WIDTH="12" VPOS="1395" HPOS="624"/>
							<String ID="string_409" HPOS="636" VPOS="1401" WIDTH="34" HEIGHT="15" WC="0.93" CONTENT="om"/><SP WIDTH="9" VPOS="1401" HPOS="670"/>
							<String ID="string_410" HPOS="679" VPOS="1395" WIDTH="60" HEIGHT="21" WC="0.96" CONTENT="ordet"/><SP WIDTH="16" VPOS="1395" HPOS="739"/>
							<String ID="string_411" HPOS="755" VPOS="1395" WIDTH="38" HEIGHT="21" WC="0.93" CONTENT="och"/><SP WIDTH="16" VPOS="1395" HPOS="793"/>
							<String ID="string_412" HPOS="809" VPOS="1394" WIDTH="92" HEIGHT="27" WC="0.75" CONTENT="yttrade:"/><SP WIDTH="16" VPOS="1394" HPOS="901"/>
							<String ID="string_413" HPOS="917" VPOS="1394" WIDTH="11" HEIGHT="21" WC="0.95" CONTENT="I"/>
						</TextLine>
						<TextLine ID="line_41" HPOS="110" VPOS="1422" WIDTH="819" HEIGHT="22">
							<String ID="string_414" HPOS="110" VPOS="1423" WIDTH="104" HEIGHT="21" WC="0.92" CONTENT="anseende"/><SP WIDTH="17" VPOS="1423" HPOS="214"/>
							<String ID="string_415" HPOS="231" VPOS="1423" WIDTH="31" HEIGHT="20" WC="0.93" CONTENT="tili"/><SP WIDTH="14" VPOS="1423" HPOS="262"/>
							<String ID="string_416" HPOS="276" VPOS="1424" WIDTH="36" HEIGHT="20" WC="0.95" CONTENT="det"/><SP WIDTH="8" VPOS="1424" HPOS="312"/>
							<String ID="string_417" HPOS="320" VPOS="1423" WIDTH="23" HEIGHT="20" WC="0.95" CONTENT="af"/><SP WIDTH="13" VPOS="1423" HPOS="343"/>
							<String ID="string_418" HPOS="356" VPOS="1423" WIDTH="32" HEIGHT="20" WC="0.93" CONTENT="Hr"/><SP WIDTH="14" VPOS="1423" HPOS="388"/>
							<String ID="string_419" HPOS="402" VPOS="1423" WIDTH="206" HEIGHT="21" WC="0.92" CONTENT="Landtmarskalken"/><SP WIDTH="15" VPOS="1423" HPOS="608"/>
							<String ID="string_420" HPOS="623" VPOS="1429" WIDTH="29" HEIGHT="14" WC="0.93" CONTENT="nu"/><SP WIDTH="15" VPOS="1429" HPOS="652"/>
							<String ID="string_421" HPOS="667" VPOS="1423" WIDTH="124" HEIGHT="20" WC="0.92" CONTENT="meddelade"/><SP WIDTH="15" VPOS="1423" HPOS="791"/>
							<String ID="string_422" HPOS="806" VPOS="1423" WIDTH="70" HEIGHT="20" WC="0.96" CONTENT="beslut"/><SP WIDTH="15" VPOS="1423" HPOS="876"/>
							<String ID="string_423" HPOS="891" VPOS="1422" WIDTH="38" HEIGHT="21" WC="0.96" CONTENT="ber"/>
						</TextLine>
						<TextLine ID="line_42" HPOS="108" VPOS="1450" WIDTH="820" HEIGHT="28">
							<String ID="string_424" HPOS="108" VPOS="1451" WIDTH="36" HEIGHT="26" WC="0.75" CONTENT="jag"/><SP WIDTH="8" VPOS="1451" HPOS="144"/>
							<String ID="string_425" HPOS="152" VPOS="1453" WIDTH="32" HEIGHT="19" WC="0.75" CONTENT="att"/><SP WIDTH="14" VPOS="1453" HPOS="184"/>
							<String ID="string_426" HPOS="198" VPOS="1451" WIDTH="28" HEIGHT="26" WC="0.96" CONTENT="pä"/><SP WIDTH="14" VPOS="1451" HPOS="226"/>
							<String ID="string_427" HPOS="240" VPOS="1452" WIDTH="68" HEIGHT="25" WC="0.96" CONTENT="grund"/><SP WIDTH="15" VPOS="1452" HPOS="308"/>
							<String ID="string_428" HPOS="323" VPOS="1451" WIDTH="23" HEIGHT="21" WC="0.93" CONTENT="af"/><SP WIDTH="8" VPOS="1451" HPOS="346"/>
							<String ID="string_429" HPOS="354" VPOS="1451" WIDTH="94" HEIGHT="27" WC="0.68" CONTENT="46$iL."/><SP WIDTH="11" VPOS="1451" HPOS="448"/>
							<String ID="string_430" HPOS="459" VPOS="1451" WIDTH="24" HEIGHT="21" WC="0.93" CONTENT="O."/><SP WIDTH="10" VPOS="1451" HPOS="483"/>
							<String ID="string_431" HPOS="493" VPOS="1451" WIDTH="22" HEIGHT="21" WC="0.85" CONTENT="tå"/><SP WIDTH="8" VPOS="1451" HPOS="515"/>
							<String ID="string_432" HPOS="523" VPOS="1451" WIDTH="95" HEIGHT="21" WC="0.91" CONTENT="deremot"/><SP WIDTH="10" VPOS="1451" HPOS="618"/>
							<String ID="string_433" HPOS="628" VPOS="1451" WIDTH="103" HEIGHT="26" WC="0.96" CONTENT="nedlägga"/><SP WIDTH="9" VPOS="1451" HPOS="731"/>
							<String ID="string_434" HPOS="740" VPOS="1451" WIDTH="42" HEIGHT="20" WC="0.96" CONTENT="min"/><SP WIDTH="8" VPOS="1451" HPOS="782"/>
							<String ID="string_435" HPOS="790" VPOS="1450" WIDTH="138" HEIGHT="21" WC="0.96" CONTENT="reservation."/>
						</TextLine>
					</TextBlock>
				</ComposedBlock>
				<ComposedBlock ID="cblock_5" HPOS="110" VPOS="1506" WIDTH="818" HEIGHT="57">
					<TextBlock ID="block_6" HPOS="110" VPOS="1506" WIDTH="818" HEIGHT="57">
						<TextLine ID="line_43" HPOS="179" VPOS="1506" WIDTH="749" HEIGHT="27">
							<String ID="string_436" HPOS="179" VPOS="1508" WIDTH="10" HEIGHT="21" WC="0.94" CONTENT="I"/><SP WIDTH="25" VPOS="1508" HPOS="189"/>
							<String ID="string_437" HPOS="214" VPOS="1508" WIDTH="67" HEIGHT="21" WC="0.92" CONTENT="denna"/><SP WIDTH="24" VPOS="1508" HPOS="281"/>
							<String ID="string_438" HPOS="305" VPOS="1508" WIDTH="58" HEIGHT="20" WC="0.81" CONTENT="Frih."/><SP WIDTH="23" VPOS="1508" HPOS="363"/>
							<String ID="string_439" HPOS="386" VPOS="1508" WIDTH="24" HEIGHT="20" WC="0.89" CONTENT="R."/><SP WIDTH="26" VPOS="1508" HPOS="410"/>
							<String ID="string_440" HPOS="436" VPOS="1508" WIDTH="24" HEIGHT="20" WC="0.93" CONTENT="A."/><SP WIDTH="24" VPOS="1508" HPOS="460"/>
							<String ID="string_441" HPOS="484" VPOS="1507" WIDTH="109" HEIGHT="21" WC="0.91" CONTENT="Wredes"/><SP WIDTH="28" VPOS="1507" HPOS="593"/>
							<String ID="string_442" HPOS="621" VPOS="1507" WIDTH="130" HEIGHT="21" WC="0.93" CONTENT="reservation"/><SP WIDTH="23" VPOS="1507" HPOS="751"/>
							<String ID="string_443" HPOS="774" VPOS="1506" WIDTH="99" HEIGHT="22" WC="0.96" CONTENT="förenade"/><SP WIDTH="24" VPOS="1506" HPOS="873"/>
							<String ID="string_444" HPOS="897" VPOS="1506" WIDTH="31" HEIGHT="27" WC="0.96" CONTENT="sig"/>
						</TextLine>
						<TextLine ID="line_44" HPOS="110" VPOS="1535" WIDTH="817" HEIGHT="28">
							<String ID="string_445" HPOS="110" VPOS="1536" WIDTH="44" HEIGHT="22" WC="0.89" CONTENT="Hr"/><SP WIDTH="30" VPOS="1536" HPOS="154"/>
							<String ID="string_446" HPOS="184" VPOS="1536" WIDTH="25" HEIGHT="22" WC="0.92" CONTENT="K."/><SP WIDTH="34" VPOS="1536" HPOS="209"/>
							<String ID="string_447" HPOS="243" VPOS="1536" WIDTH="103" HEIGHT="27" WC="0.91" CONTENT="Antell,"/><SP WIDTH="30" VPOS="1536" HPOS="346"/>
							<String ID="string_448" HPOS="376" VPOS="1536" WIDTH="171" HEIGHT="27" WC="0.95" CONTENT="Lagerborg,"/><SP WIDTH="31" VPOS="1536" HPOS="547"/>
							<String ID="string_449" HPOS="578" VPOS="1536" WIDTH="165" HEIGHT="26" WC="0.96" CONTENT="Furuhjelm,"/><SP WIDTH="31" VPOS="1536" HPOS="743"/>
							<String ID="string_450" HPOS="774" VPOS="1535" WIDTH="153" HEIGHT="27" WC="0.90" CONTENT="Stjernvall,"/>
						</TextLine>
					</TextBlock>
				</ComposedBlock>
			</PrintSpace>
		</Page>
	</Layout>
</alto>
