1098 1784
204 145 54 21 1146
446 149 36 20 :R.
495 153 18 13 o.
525 149 22 16 A.
561 148 52 17 1891.
627 148 22 16 19
661 148 47 20 Maj.

176 238 93 17 samma
290 230 105 23 hörande
416 229 86 23 kassor
525 228 44 24 och
591 228 82 24 fonder
694 229 62 22 samt
774 227 25 23 af
817 228 52 23 dess
887 227 107 24 ekonomi

175 266 10 22 i
202 264 73 32 öfrigt
292 264 59 32 ingå
368 264 10 23 i
395 271 34 16 nu
447 263 112 32 gällande
572 261 149 25 instruktion
735 261 25 24 af
774 262 44 23 den
829 262 14 23 5
852 262 59 23 Juni
923 262 73 30 1872,

176 302 32 20 än
226 299 42 24 ock
284 298 27 24 de
324 298 150 24 föreskrifter
483 297 122 32 angående
614 296 287 32 genealogbefattningen,
909 296 87 24 hvilka

175 334 42 23 vid
241 332 135 25 1877—78
399 333 39 23 års
458 332 116 30 landtdag
597 330 82 24 blifvit
701 330 25 24 af
753 330 173 31 Ridderskapet
952 330 45 24 och

176 367 79 25 Adeln
282 369 107 29 antagna
416 366 44 24 och
482 365 135 30 faststälda,
639 364 70 32 jemte
727 364 38 24 det
783 364 156 24 Direktionen
957 364 39 24 till

176 402 70 24 dessa
263 401 181 31 bestämningar
462 400 44 24 och
522 399 151 25 föreskrifter
690 398 66 32 fogat
773 400 77 30 några
868 406 49 23 nya
931 399 65 23 stad-

176 436 101 31 ganden,
296 443 50 16 som
364 435 25 23 af
406 434 156 24 Direktionen
580 435 91 22 ansetts
690 433 87 31 nödiga
795 433 36 23 för
853 433 143 23 instruktio-

177 477 60 17 nens
264 468 248 32 förfullständigande.
547 467 35 24 De
608 467 138 31 föreslagna
773 467 164 32 stadgandena
959 469 37 22 rö-

176 504 74 24 rande
272 503 291 31 ekonomiförvaltningen
585 501 42 24 vid
644 501 163 24 Riddarhuset
825 501 50 24 afse
894 503 50 22 äter
962 503 36 22 att

177 540 85 29 utgöra
283 545 30 16 en
337 537 89 31 special
448 536 148 24 instruktion
618 535 37 24 för
676 535 295 24 Riddarhuskamreraren
988 535 9 24 i

178 572 63 24 hans
260 571 121 32 egenskap
400 571 25 24 af
442 570 107 24 Ekonom
566 570 42 23 vid
625 569 168 25 Riddarhuset.

246 611 45 24 För
310 611 39 24 sin
367 611 37 23 del
426 610 46 23 har
492 609 253 24 Riddarhusutskottet
770 609 82 24 funnit
878 609 119 24 Direktio-

178 653 61 16 nens
258 645 154 24 förenämnda
430 644 92 32 förslag
539 644 40 23 till
597 643 148 24 instruktion
763 643 84 24 kunna
865 643 9 24 i
892 643 105 24 hufvud-

178 679 46 25 sak
245 679 147 32 godkännas.
427 678 88 24 Likväl
537 678 76 24 hafva
633 678 9 23 i
663 677 68 24 vissa
753 677 65 24 delar
841 677 25 24 af
883 677 115 33 förslaget

178 715 78 30 några
283 713 131 31 ändringar
441 713 44 23 och
507 712 186 31 omställningar
716 711 123 25 befunnits
861 712 94 31 nödiga,
973 712 26 23 af

178 747 88 24 hvilka
292 747 58 24 dock
372 747 27 23 de
420 747 71 23 flesta
508 746 102 24 hänföra
628 746 39 31 sig
685 746 84 23 endast
786 745 40 24 till
843 746 155 23 redaktionen

179 782 43 24 och
244 781 78 24 derför
342 781 53 24 icke
416 783 40 21 äro
478 781 9 22 i
508 781 71 23 behof
601 780 25 24 af
643 779 106 25 särskild
767 780 150 31 motivering.
952 780 47 24 För

179 816 27 24 de
223 816 132 31 vigtigaste
374 815 26 24 af
417 815 239 32 ändringsförslagen
669 822 72 16 anser
755 814 38 32 sig
807 813 122 25 Utskottet
941 814 58 24 dock

179 851 57 23 böra
253 850 9 23 i
280 849 94 24 korthet
392 849 137 24 framställa
546 850 78 31 nägra
641 848 61 24 skäl.

248 883 44 25 Uti
315 885 13 29 &
353 883 14 25 6
390 883 24 24 af
435 883 185 32 ifrågavarande
637 883 92 32 förslag
747 883 24 31 ($
792 881 24 32 5)
834 882 46 24 har
897 882 100 25 Utskot-

181 921 33 22 tet
237 918 103 24 sälunda
360 917 75 24 infört
455 920 33 21 ett
505 918 116 24 bestämdt
639 918 131 30 stadgande
788 917 78 23 derom
885 919 34 22 att
936 917 64 24 leda-

181 954 49 22 mot
248 953 57 23 eller
323 952 128 31 suppleant
468 952 10 23 i
495 952 163 30 Direktionen,
676 959 50 16 som
745 954 26 20 är
788 951 103 24 hindrad
909 953 35 21 att
962 952 38 31 sig

180 987 41 23 till
239 986 176 24 sammanträde
433 986 102 30 infinna,
552 986 41 23 bör
611 986 78 23 derom
707 985 97 24 anmäla
821 985 9 23 i
849 987 28 22 sä
899 985 45 32 god
965 986 35 23 tid

182 1023 35 22 att
243 1021 127 31 suppleant
396 1020 36 24 för
454 1020 86 24 honom
561 1022 40 22 mä
622 1020 77 23 hinna
716 1019 127 24 tillkallas.
880 1019 121 25 Utskottet

180 1056 72 31 utgår
272 1054 87 24 härvid
382 1054 55 24 från
459 1054 45 24 den
526 1054 179 32 förutsättning,
728 1056 35 22 att
785 1055 78 23 såsom
881 1054 65 31 regel
963 1054 37 24 för

180 1089 169 24 Direktionens
362 1088 193 24 sammanträden
570 1090 76 22 måste
660 1088 136 30 fasthållas,
807 1088 37 24 det
856 1088 143 24 direktions-

180 1124 183 23 medlemmarne
385 1123 42 23 vid
448 1123 121 23 desamma
590 1123 56 23 böra
663 1130 60 16 vara
741 1122 119 24 tillstädes
878 1122 40 24 till
935 1122 38 24 det
990 1123 10 23 i

180 1156 272 32 Riddarhusordningen
470 1157 121 23 bestämda
609 1156 67 24 antal
699 1158 63 22 samt
783 1158 35 22 att
844 1156 64 31 förty
934 1157 65 23 stad-

180 1192 88 31 gandet
286 1192 18 30 (i
324 1192 13 29 $
357 1190 25 31 8)
402 1198 36 16 om
455 1190 168 25 Direktionens
641 1190 157 24 beslutförhet
816 1190 71 24 äfven
901 1191 52 23 med
967 1193 33 22 ett

180 1226 68 32 lägre
265 1225 68 25 antal
350 1225 153 24 medlemmar
524 1227 75 22 måste
617 1225 114 23 hänföras
751 1225 84 23 endast
851 1224 39 24 till
909 1225 91 25 sådana

180 1259 191 32 undantagsfall,
388 1259 30 23 då
435 1259 156 24 Direktionen
609 1259 25 24 af
651 1259 87 31 giltiga
756 1259 55 23 skäl
829 1259 52 24 icke
899 1259 49 24 kan
961 1259 37 24 fås

179 1294 121 31 fulltaligt
318 1293 104 31 samlad;
446 1293 41 24 och
506 1296 66 21 ännu
590 1293 91 24 mindre
699 1293 50 24 kan
766 1293 122 24 Utskottet
906 1293 95 24 förorda

179 1328 185 30 legaliserandet
382 1326 25 23 af
428 1327 38 22 det
482 1327 125 22 härintills
626 1327 111 22 stundom
755 1327 105 22 anlitade
878 1327 121 22 förfaran-

180 1360 37 23 det
244 1362 34 21 att
305 1361 14 22 å
345 1359 168 24 Direktionens
536 1359 84 32 åtgärd
643 1359 172 24 ankommande
838 1360 85 23 ärende
945 1360 55 23 icke

179 1394 131 24 behandlas
338 1393 41 24 vid
406 1393 176 24 sammanträde
605 1393 25 24 af
652 1393 161 31 Direktionen,
835 1396 58 21 utan
915 1394 84 24 endast

178 1429 190 23 kommuniceras
389 1428 83 32 nödigt
492 1428 68 24 antal
581 1428 25 24 af
628 1428 53 24 dess
699 1428 160 31 medlemmar,
877 1431 63 22 samt
957 1431 41 28 att,

179 1463 73 24 sedan
270 1463 101 32 stadgad
388 1462 125 32 pluralitet
531 1463 73 24 bland
616 1463 197 24 medlemmarnes
827 1465 14 22 å
851 1463 72 24 akten
932 1463 65 24 teck-

178 1498 61 23 nade
256 1499 56 22 vota
330 1497 110 29 erhållits
458 1497 37 24 för
512 1505 29 16 en
560 1497 59 25 eller
637 1505 80 16 annan
733 1498 69 31 äsigt,
816 1497 95 25 beslut
905 1493 11 41 i
922 1497 75 26 saken

179 1534 90 22 ansetts
296 1532 124 32 föreligga.
455 1531 71 24 Utom
553 1534 36 22 att
614 1539 83 25 genom
721 1532 63 24 detta
806 1532 135 25 förfarande
959 1533 39 24 det
