1084 1795
186 155 55 35 1342
430 165 24 17 R.
466 169 18 12 o.
497 165 22 16 A.
533 165 54 16 1891.
609 165 26 16 23
647 165 48 20 Maj.

158 245 84 26 päpeka
256 243 36 22 tvä
307 244 186 27 omständigheter.
522 244 43 21 För
584 244 35 21 det
641 244 66 21 första
729 243 48 22 ville
797 243 37 28 jag
855 243 119 26 framhälla,

158 273 114 21 huruledes
288 273 36 21 det
339 273 23 21 af
375 273 125 26 petitionens
512 272 93 22 innehäll
625 272 39 21 och
687 272 22 21 af
730 274 77 19 tvänne
828 272 148 27 landtdagsut-

158 301 70 22 skotts
243 301 148 21 betänkanden
405 301 107 27 fulleligen
528 301 99 27 framgär,
643 302 32 20 att
697 301 32 21 till
751 300 52 27 följd
825 300 22 21 af
861 301 41 20 den
917 303 59 18 stora

159 330 59 21 makt
233 330 39 21 och
287 329 133 27 befogenhet,
436 336 45 15 som
498 330 65 27 enligt
577 330 48 21 värt
639 329 61 21 lands
715 330 60 26 lagar
786 329 129 22 tillkommer
929 329 47 21 Mo-

159 359 87 24 narken,
262 358 36 22 det
313 358 55 21 hade
383 359 55 20 varit
453 358 81 27 möjligt
550 360 31 20 att
596 358 123 27 genomföra
730 357 81 22 sädana
823 358 103 21 reformer
940 357 35 22 be-

158 386 104 22 träffande
277 387 74 26 sjelfva
366 387 148 26 poströrelsen,
526 393 44 15 som
586 387 54 20 hade
654 387 116 20 erfordrats
785 386 34 21 för
834 386 106 21 ernäende
955 386 22 21 af

162 415 218 21 öfverensstämmelse
395 415 48 21 med
459 415 90 26 analoga
561 415 156 26 bestämningar
727 415 7 21 i
744 415 168 27 Kejsaredömet,
924 416 52 19 utan

158 445 33 19 att
206 443 71 21 derför
292 445 31 19 ett
338 443 112 21 afvikande
466 443 46 21 frän
528 443 55 21 hvad
593 443 52 21 vära
659 443 129 27 grundlagar
803 443 65 27 bjuda
883 445 35 24 egt
929 449 46 15 rum

160 472 39 21 och
222 472 33 21 för
270 472 36 20 det
321 472 67 20 andra
403 472 38 20 ber
455 472 36 26 jag
500 472 22 21 fä
532 472 119 24 framhälia,
667 474 32 18 att
715 474 31 18 ett
761 471 152 21 underlätande
928 471 47 21 frän

159 500 101 21 Finlands
275 500 102 21 Ständers
393 500 46 21 sida
451 502 33 19 att
498 500 100 21 häröfver
620 500 32 21 till
668 500 115 21 Monarken
799 500 77 26 afgifva
891 501 32 19 ett
937 506 38 14 un-

160 528 111 26 derdänigt
286 528 40 22 och
342 530 63 25 öppet
420 528 109 21 uttalande
544 528 54 22 hade
617 529 81 21 kunnat
720 529 70 21 tolkas
812 528 68 22 säsom
897 530 32 19 ett
943 528 33 21 in-

160 557 70 21 direkt
244 556 154 28 godkännande
413 557 23 21 af
450 558 40 20 den
502 556 161 28 ifrägavarande
674 557 109 27 ätgärden,
799 557 91 25 hvilken,
906 556 69 22 säsom

158 585 74 27 kändt,
248 585 122 21 tillkommit
385 586 27 26 pä
427 586 149 26 föredragning
591 586 22 21 af
627 586 40 20 den
682 592 55 20 man,
760 592 45 15 som
821 586 27 20 dä
871 586 104 20 beklädde

160 614 82 26 platsen
257 614 23 20 af
293 614 366 27 ministerstatssekreterareadjoint
674 614 39 21 och
728 620 45 15 som
789 620 28 15 nu
832 616 24 19 är
874 614 101 21 Finlands

159 642 291 24 ministerstatssekreterare,
466 642 39 21 och
521 642 84 22 hvilken
621 643 75 27 ätgärd
712 649 37 15 var
762 643 67 26 egnad
841 645 32 19 att
883 644 93 25 uppröra

159 671 43 21 alla
216 670 182 22 samhällsklasser
413 671 6 21 i
436 672 59 20 detta
510 671 55 21 land.

227 727 33 21 Då
274 728 61 26 ingen
352 734 68 14 annan
436 728 22 20 af
472 727 99 21 Ständets
587 728 137 21 medlemmar
740 728 71 20 vidare
832 728 97 20 anmälde
945 728 31 26 sig

158 755 33 21 till
207 756 71 20 ordets
294 755 128 26 erhällande,
443 756 132 21 förklarades
598 756 146 21 diskussionen
767 756 100 24 afslutad,
888 756 39 22 och
949 756 27 27 pä

158 784 32 20 Hr
204 784 216 22 Landtmarskalkens
435 784 154 28 framställning
605 785 68 21 beslöt
688 784 90 22 Ständet
793 786 32 20 att
839 785 8 21 i
862 785 41 21 allo
925 784 51 28 god-

158 812 72 22 känna
244 813 161 27 Lagutskottets
420 813 138 21 förevarande
571 814 140 21 betänkande.

450 984 238 29 Bränvinslay-förslagen.

224 1041 120 26 Föredrogs

225 1097 169 22 Bondeständets
415 1105 75 20 genom
513 1105 26 15 en
563 1099 123 26 deputation
709 1099 34 20 vid
761 1098 156 27 förmiddagens
932 1098 43 27 ple-

158 1133 50 15 num
223 1127 32 21 till
270 1127 24 21 R.
312 1133 18 14 o.
346 1127 26 21 A.
387 1127 116 21 framförda
518 1127 124 27 inbjudning
657 1129 32 19 att
705 1127 89 22 omfatta
806 1127 169 22 Bondeständets

157 1156 71 20 beslut
250 1155 109 27 angående
383 1156 26 20 74
425 1156 12 27 $
460 1156 7 21 i
489 1156 102 27 förslaget
606 1156 32 21 till
653 1156 124 26 förordning
791 1162 34 16 om
841 1156 134 27 tillverkning

158 1184 39 21 och
212 1184 126 26 distillering
353 1184 23 21 af
389 1184 95 25 bränvin,
500 1187 55 19 samt
569 1185 27 27 88
612 1185 27 20 23
655 1185 38 21 och
709 1185 27 21 63
751 1185 7 21 i
773 1184 102 27 förslaget
889 1185 33 21 till
932 1184 43 21 för-

158 1212 90 26 ordning
263 1212 109 27 angäende
387 1213 129 27 försäljning,
532 1212 88 28 forsling
635 1215 54 19 samt
704 1214 78 26 upplag
797 1213 23 21 af
833 1214 94 20 bränvin.

225 1269 32 20 Hr
279 1268 69 22 Axel
370 1268 85 28 Späre
478 1270 67 20 utbad
563 1269 32 27 sig
617 1270 75 20 härvid
707 1270 62 20 ordet
783 1270 40 20 och
837 1270 98 26 yttrade:
965 1270 10 20 I

157 1297 40 21 den
212 1297 48 21 näd.
270 1303 60 21 prop.
345 1297 95 25 föresläs,
449 1299 31 19 att
488 1297 161 27 ifrägavarande
671 1298 123 26 förordning
809 1298 68 21 skulle
892 1299 62 20 träda
969 1298 6 21 i

156 1324 98 25 gällande
276 1325 58 20 kraft
356 1325 46 20 frän
425 1326 40 20 den
482 1327 9 19 1
508 1326 89 20 Januari
613 1326 61 24 1893,
690 1328 51 18 utan
757 1326 69 25 nägon
841 1326 134 25 bestämning

157 1357 41 20 om,
213 1351 56 21 huru
284 1351 49 27 läng
348 1352 31 21 tid
395 1352 39 21 den
450 1353 67 20 skulle
534 1352 65 21 blifva
613 1353 121 21 bestäende.
765 1353 210 21 Ekonomiutskottet

156 1379 55 20 hade
226 1380 7 19 i
249 1379 37 21 sitt
301 1379 134 21 betänkande
450 1380 110 27 föreslagit
575 1382 32 19 att
622 1381 159 25 förordningens
796 1381 97 26 giltighet
907 1381 67 21 skulle

157 1407 61 21 bestä
240 1408 75 21 endast
336 1408 33 21 till
391 1407 106 28 utgängen
519 1409 23 20 af
563 1409 24 21 är
605 1410 58 20 1902.
693 1409 66 21 Detta
774 1409 115 22 utskottets
905 1409 69 22 beslut

156 1435 55 22 hade
226 1436 25 21 R.
267 1443 19 14 o.
302 1437 24 20 A.
343 1437 46 21 icke
405 1437 105 26 omfattat,
526 1439 53 20 utan
601 1437 88 22 beslutit
709 1440 32 19 att
757 1438 68 21 denna
840 1438 133 27 bestämning

156 1465 68 21 skulle
247 1465 50 27 utgä
320 1465 39 22 och
380 1466 126 27 paragrafen
530 1466 21 21 fä
568 1472 81 16 samma
664 1467 85 26 lydelse,
765 1473 45 15 som
825 1467 7 21 i
846 1467 127 26 propositio-

156 1499 46 16 nen.
232 1494 42 27 Jag
288 1493 34 22 för
336 1495 43 20 min
395 1494 33 21 del
443 1501 62 15 anser
520 1495 65 27 nägot
599 1495 47 21 skäl
661 1495 46 22 icke
722 1502 51 15 vara
787 1496 85 21 anfördt
884 1496 23 21 af
917 1496 56 21 Bon-

154 1522 114 22 deständet
289 1523 33 21 för
344 1525 32 19 att
398 1523 24 21 R.
439 1529 19 15 o.
480 1524 25 21 A.
521 1530 28 15 nu
565 1523 67 22 skulle
647 1524 74 27 frängä
736 1525 37 21 sitt
788 1525 89 26 tidigare
892 1525 81 22 fattade

156 1551 76 21 beslut.
244 1551 31 21 De
282 1551 52 24 skäl,
341 1558 45 15 som
394 1553 6 20 i
409 1552 41 21 den
456 1552 144 21 betänkandet
607 1553 96 26 bifogade
711 1554 156 21 reservationen
873 1553 100 22 framhäl-
