1081 1792
355 156 30 17 'R.
398 160 17 13 o.
427 156 23 17 A.
463 156 53 18 1891.
536 158 26 16 25
574 157 46 21 Maj.
816 154 52 21 1383

83 234 56 21 deles
155 234 34 21 mä
204 234 112 27 iakttagas,
332 236 32 20 att
379 242 34 14 om
428 237 27 19 än
471 236 40 22 den
523 237 104 26 juridiska
642 238 100 26 statistik,
754 244 44 15 som
814 239 23 21 af
844 239 52 21 Pro-

82 262 104 22 kuratorn
200 263 114 26 meddelas,
329 263 46 22 icke
390 264 42 21 kan
447 265 120 21 utsträckas
582 266 33 20 till
630 266 36 21 det
687 268 84 20 senaste
785 266 112 22 kalender-

82 290 52 27 året,
150 290 53 22 hans
218 291 32 21 till
266 291 118 21 Ständerna
398 292 80 26 afgifna
494 293 114 21 berättelse
623 294 53 21 dock
698 294 66 21 måtte
779 294 8 21 i
802 295 42 20 alla
866 294 31 21 öf-

82 319 45 27 riga
142 319 42 21 mål
198 319 98 22 meddela
312 320 24 21 de
352 320 156 27 upplysningar,
526 327 44 16 som
588 321 91 28 afsigten
700 322 48 22 med
771 322 68 22 denna
860 322 36 22 be-

82 348 98 21 rättelses
195 347 132 28 delgifvande
342 348 94 22 innebär.

149 405 57 21 Frih.
222 405 216 27 Langenskiöld:
453 406 41 27 Jag
509 406 38 22 ber
562 407 74 21 endast
651 409 33 20 att
694 407 22 22 fä
728 407 166 27 tillkännagifva,

81 435 32 20 att
126 433 58 27 jag
178 429 13 38 i
205 433 105 22 utskottet
327 434 47 21 icke
396 435 83 21 tillhört
502 435 40 22 den
564 435 114 25 minoritet,
700 442 45 15 som
768 438 70 19 ansett
860 437 36 21 det

82 462 91 26 önskligt
188 463 32 20 att
236 462 156 25 ,hofrätternas
407 463 177 22 advokatfiskaler
599 464 39 21 och
652 465 100 26 möjligen
762 465 62 21 deras
838 465 58 22 leda-

80 493 70 19 möter
174 497 75 20 genom
273 491 121 27 personliga
415 492 66 21 besök
502 493 8 21 i
532 493 122 22 landsorten
676 493 34 22 vid
732 494 164 21 underrätterna

81 519 68 22 skulle
164 519 58 22 bilda
237 520 32 27 sig
284 521 31 20 ett
330 520 72 22 säkert
418 521 96 22 omdöme
530 528 33 15 om
578 522 72 27 lagens
666 521 124 23 efterlefnad
806 523 39 21 och
860 529 35 16 en-

81 549 55 20 skild
152 549 241 21 domareverksamhet*.

148 607 32 20 Hr
201 606 196 28 Montgomery:
420 607 40 27 Jag
480 607 39 22 ber
540 607 22 22 fä
583 610 52 24 göra
656 614 81 15 samma
751 609 145 27 anmärkning,

80 641 46 16 som
141 635 56 21 Frih.
213 635 156 28 Langenskiöld
384 636 55 27 gjort
452 637 6 20 i
474 637 69 20 denna
558 637 40 21 del.

149 693 31 20 Hr
198 692 113 22 Munck:
334 693 40 26 Jag
389 695 24 19 är
428 699 49 15 ense
492 694 48 21 med
554 693 57 22 Frih.
626 694 157 26 Langenskiöld
798 694 50 26 deri,
864 696 32 20 att

81 721 35 21 det
131 721 7 21 i
153 721 115 22 allmänhet
283 721 46 22 icke
350 723 24 20 är
397 722 82 27 möjligt
501 723 33 21 för
556 722 185 27 advokatfiskalen,
765 724 27 19 än
814 723 80 22 mindre

80 749 33 22 för
128 749 144 22 hofrätternas
287 750 117 21 ledamöter
418 752 33 19 att
465 757 75 20 genom
556 751 116 27 personligt
686 751 117 22 bivistande
821 751 23 21 af
857 758 37 15 un-

80 779 144 21 derrätternes
239 779 169 21 sammanträden
423 779 130 22 kontrollera
568 779 61 22 deras
643 779 141 27 verksamhet,
807 780 88 21 emedan

80 807 61 22 desse
156 807 7 21 i
178 806 76 22 sädant
268 807 37 22 fall
322 807 66 22 borde
403 807 48 22 hela
466 808 59 21 tiden
546 808 52 27 följa
618 808 48 21 med
688 808 72 27 hvarje
782 808 43 21 mäl
848 809 47 21 frän

79 835 76 27 början
170 836 33 21 till
218 836 49 21 slut.
282 849 28 2 —
325 836 161 22 Domböckerna
500 837 8 21 i
524 837 26 21 de
569 837 61 21 flesta
652 837 52 21 eller
725 837 7 21 i
752 837 43 21 alla
816 837 79 27 vigtiga

80 865 42 21 mål
136 864 100 22 insändas
250 865 132 21 fortfarande
397 865 33 21 till
450 865 137 27 hofrätterne,
611 865 39 22 och
673 865 75 22 endast
770 865 62 22 enkla
851 865 43 22 for-

80 893 114 27 dringsmäl
210 893 40 21 och
264 894 82 20 mindre
361 893 101 21 brottmål
478 894 122 21 utelemnas.
616 906 27 2 —
658 893 49 21 Men
726 894 44 20 lika
790 894 46 21 litet
858 900 35 20 nu,

79 928 45 15 som
139 927 46 16 mer
200 923 26 20 än
242 923 30 20 ett
287 921 135 22 ärhundrade
436 922 96 26 tillbaka,
548 924 24 20 är
586 922 36 22 det
636 922 82 27 möjligt
738 922 33 22 för
792 922 102 22 advokat-

79 950 88 21 fiskalen
182 952 33 19 att
230 950 103 27 genomgä
348 950 40 22 och
402 951 92 26 granska
510 951 60 21 dessa
586 951 133 26 domböcker,
733 951 87 21 hvarför
830 952 64 20 ocksä

79 978 182 22 advokatfiskalen
276 980 67 20 under
358 986 26 14 en
398 979 49 27 lång
462 979 52 27 följd
530 980 22 20 af
566 979 23 22 är
606 979 116 21 inberättat
744 980 33 20 till
799 980 26 20 H.
848 980 44 26 M:t,

78 1009 33 19 att
125 1007 42 21 han
182 1007 46 21 icke
243 1007 76 21 hunnit
333 1008 92 26 granska
440 1008 54 21 dem.
521 1008 11 21 I
546 1008 144 22 betänkandet
705 1008 102 26 antyddes
823 1008 71 27 ocksä,

78 1037 33 20 att
126 1036 178 26 bristfälligheten
318 1036 40 21 hos
373 1036 163 22 underrätterna
550 1036 72 22 bestär
642 1037 52 23 deri,
714 1038 32 19 att
768 1043 54 20 unge
844 1039 50 19 män

78 1064 106 22 vikariera
198 1064 70 22 säsom
284 1064 127 22 ordförande
425 1065 7 21 i
447 1066 102 20 rätterna.
578 1066 43 20 Det
643 1066 24 20 är
688 1066 59 26 sant;
771 1071 47 15 men
839 1065 55 21 huru

78 1094 62 20 skola
155 1093 26 21 de
196 1093 94 21 utbildas
305 1094 32 20 till
354 1094 99 20 domare?
476 1094 32 21 De
530 1094 60 21 skola
604 1093 135 27 naturligtvis
755 1093 69 27 nägon
838 1094 56 27 gäng

78 1122 68 27 börja.
175 1122 33 21 En
223 1122 35 22 del
272 1122 24 21 af
309 1122 55 24 dem,
380 1128 44 16 som
439 1122 86 22 komma
539 1122 47 22 frän
601 1122 151 27 universitetet,
768 1124 38 20 äro
821 1123 23 21 af
857 1129 37 15 na-

78 1152 63 20 turen
156 1150 24 22 sä
195 1150 122 28 begäfvade,
340 1152 33 20 att
395 1152 26 20 de
443 1152 48 20 med
513 1151 26 21 de
561 1151 121 27 kunskaper
702 1151 25 21 de
750 1151 62 21 hafva
834 1153 60 19 snart

78 1180 85 21 komma
178 1180 31 26 sig
224 1180 21 21 in
259 1180 8 20 i
282 1179 159 22 förhällandena
456 1180 39 21 och
510 1180 71 21 kunna
592 1180 33 21 väl
637 1180 96 26 tillämpa
743 1179 68 27 lagen,
827 1180 67 20 andra

79 1208 22 21 af
114 1210 91 20 naturen
219 1208 47 22 icke
288 1208 43 22 lika
348 1208 34 21 väl
404 1208 117 27 utrustade,
544 1208 92 22 behöfva
656 1208 73 27 längre
751 1208 37 21 tid.
818 1208 75 27 Nägon

79 1237 96 21 bestämd
190 1237 32 21 tid
237 1237 32 21 för
284 1244 56 19 unga
353 1237 97 27 juristers
465 1237 110 27 praktiska
595 1237 148 24 förberedelse,
759 1238 63 19 innan
845 1237 46 21 dem

78 1266 42 20 kan
136 1265 107 22 anförtros
259 1266 243 26 domareförrättningar,
510 1266 41 21 kan
566 1266 104 26 svärligen
685 1265 140 21 föreskrifvas.
842 1265 50 21 Man

78 1294 40 21 har
132 1294 124 26 visserligen
263 1294 66 21 redan
344 1294 91 21 bestämt
451 1295 47 25 11/,
514 1294 52 21 eller
581 1296 12 19 3
608 1294 126 26 tingsturers
745 1293 147 27 tingspraktik,

78 1323 64 21 innan
157 1322 40 22 den
212 1328 54 21 unge
279 1322 91 27 juristen
384 1322 33 22 fär
431 1322 90 22 föresläs
533 1324 32 20 att
574 1322 81 22 erhälla
665 1322 147 21 förordnande.
828 1322 66 20 Detta

79 1352 24 19 är
118 1351 38 21 allt
170 1350 52 27 godt
237 1351 39 21 och
291 1351 40 20 väl.
360 1350 44 21 För
418 1351 26 21 de
458 1350 63 22 flesta
536 1352 23 20 är
574 1351 68 21 denna
664 1350 31 21 tid
717 1350 121 26 tillräcklig,
860 1350 33 21 för

78 1380 67 20 andra
160 1379 52 21 icke.
243 1379 92 25 Somliga
350 1379 65 22 borde
437 1379 68 27 aldrig
525 1380 107 21 användas
651 1379 33 21 till
706 1378 186 22 domareembetet.

79 1408 38 20 Att
131 1408 164 21 underrätterna
309 1408 91 20 behöfva
420 1408 163 26 reorganiseras,
605 1408 37 20 vill
661 1408 37 26 jag
719 1407 46 22 icke
788 1407 104 25 bestrida;

80 1442 48 15 men
143 1442 42 20 nog
200 1436 68 20 finner
280 1435 37 27 jag
332 1436 99 20 klandret
445 1441 52 15 vara
512 1441 41 20 nog
568 1435 145 21 omotiveradt.

146 1491 146 22 Betänkandet
307 1491 122 22 föranledde
444 1491 46 22 icke
505 1491 33 21 till
552 1490 76 28 ätgärd
648 1490 48 22 frän
710 1491 25 21 R.
751 1497 19 16 o.
786 1491 36 21 A:s
837 1490 52 22 sida.
