1081 1753
186 93 56 20 1258
487 99 21 15 15
520 103 19 18 p,
551 97 87 19 Toukok.

157 157 130 22 edellisessä
300 157 171 23 lausunnossaan
490 158 153 26 tarkoittanut,
659 160 47 20 että
720 159 87 21 kunnan
820 158 89 27 jäsenet
923 157 64 23 muka

158 186 87 23 olisivat
259 187 43 20 niin
318 187 89 27 typeriä,
422 187 92 21 etteivät
528 193 28 15 ne
571 187 100 28 kykenisi
679 187 70 22 vaalia
757 187 164 26 toimittamaan,
932 192 55 16 vaan

156 215 99 28 puhujan
277 215 105 22 tarkoitus
405 215 29 22 oli
457 215 54 22 ollut
533 221 32 18 se,
588 218 47 19 että
650 217 86 20 useissa
750 216 111 27 paikoissa
875 216 112 21 harrastus

157 243 139 22 kunnallisiin
311 244 81 21 toimiin
408 250 27 15 on
451 244 44 21 niin
510 244 113 27 vähäinen,
640 247 47 19 että
701 248 75 18 monta
790 245 77 21 kertaa
882 244 105 22 kuntako-

157 272 124 22 kouksessa
303 279 27 14 on
345 273 125 21 ainoastaan
489 273 46 27 pari
551 273 72 22 kolme
636 273 95 27 jäsentä,
745 273 60 28 joten
821 273 166 22 kuntakokouk-

158 307 63 16 sessä
243 301 131 27 tapahtunut
389 301 118 27 lopullinen
522 302 56 21 vaali
594 302 60 21 tulisi
674 302 99 21 olemaan
788 302 73 27 paljon
877 303 111 20 enemmän

158 329 144 22 satunnainen
323 330 51 21 kuin
394 330 143 21 valiokunnan
559 331 126 21 ehdottama
709 331 200 21 kahdenkertainen
924 330 63 21 vaali.

226 358 114 22 Edusmies
357 358 129 22 Suutarla
501 358 66 22 arveli
583 359 109 21 edusmies
708 359 86 21 Hoikan
806 358 135 22 ehdotuksen
952 364 36 22 pe-

159 386 107 22 riaatteen
282 386 102 22 kannalta
398 387 59 27 kyllä
471 387 105 26 oikeaksi,
592 390 71 19 mutta
677 394 39 15 sen
733 388 180 27 hyväksymisellä
927 388 20 20 ei
957 387 31 27 pi-

157 415 52 21 täisi
230 422 73 20 panna
323 416 182 21 vaaranalaiseksi
527 416 120 21 armollista
667 416 98 28 esitystä,
778 416 53 27 joka
845 416 98 21 muutoin
959 416 28 21 si-

158 444 156 28 sällykseltään
336 450 26 16 on
385 444 72 22 kaikin
480 445 73 26 puolin
577 445 164 27 hyväksyttävä.
780 445 84 27 Puhuja
886 444 102 28 hyväksyi

158 473 51 21 siitä
224 475 74 25 syystä
312 473 144 22 valiokunnan
471 473 138 21 ehdotuksen
625 474 167 27 kysymyksessä
807 474 76 20 olevan
895 473 94 27 pykälän

158 502 101 21 suhteen.

227 530 216 26 Landtdagsmannen
460 530 154 28 Svedberg:
630 530 35 22 Nu
674 530 150 27 föreliggande
834 530 62 27 fräga
903 530 85 22 kanbe-

158 558 86 22 traktas
260 558 45 22 frän
314 561 77 19 tvenne
404 559 58 21 olika
470 559 67 21 sidor.
552 559 120 22 Betraktar
679 566 50 14 man
739 560 75 26 frägan
823 559 47 21 frän
880 559 26 21 de
917 559 71 21 valbe-

158 588 122 26 rättigades
292 588 52 25 sida,
353 588 25 21 sä
386 588 69 21 mäste
467 594 47 15 man
526 588 108 27 medgifva
648 588 175 21 önskvärdheten
835 588 66 26 deraf,
909 590 33 19 att
949 587 39 21 fol-

159 616 53 22 kets
220 616 79 21 valrätt
306 616 106 27 utvidgas.
427 616 49 22 Men
486 616 13 21 ä
507 617 68 21 andra
583 617 60 21 sidan
651 617 42 21 kan
711 616 39 22 och
759 617 40 21 bör
807 623 48 15 man
863 616 48 22 icke
919 616 70 21 lämna

160 651 27 15 ur
202 645 64 27 sigte,
282 647 33 19 att
330 646 69 20 denna
414 645 80 21 valrätt
509 645 62 21 äfven
585 646 42 20 kan
644 646 41 20 lätt
699 646 141 21 missbrukas.
856 645 93 21 Härmed
965 647 24 19 är

160 674 119 26 ingalunda
301 674 69 27 sagdt,
394 676 32 19 att
448 674 49 21 icke
512 674 127 21 kommuner
656 673 77 27 finnas,
749 674 74 21 hvilka
837 674 70 21 skulle
922 674 68 21 förstä

159 704 34 19 att
208 703 35 20 väl
259 702 73 21 utöfva
346 709 27 14 en
388 702 41 21 slik
445 704 50 22 rätt,
511 709 48 14 men
579 703 96 26 exempel
691 703 28 26 pä
735 703 132 25 kommuner,
883 702 72 21 hvilka
969 703 19 26 ej

159 730 77 27 förstä,
258 733 32 18 att
305 732 44 20 rätt
364 731 73 21 utöfva
452 731 48 21 dem
515 731 162 21 tillkommande
693 731 165 27 befogenheten,
873 731 78 21 saknas
967 731 19 26 ej

160 759 75 22 heller.
252 759 33 22 Dä
300 765 28 16 nu
344 759 67 28 enligt
426 759 119 22 utskottets
561 760 80 26 förslag
651 760 156 21 kommunerna
818 759 75 28 sjelfva
903 760 86 21 komma

160 790 34 19 att
216 788 71 22 aflöna
308 788 191 26 nämndemännen,
522 789 25 20 sä
569 789 86 20 befarar
674 789 45 26 jag,
743 791 33 18 att
797 788 32 21 till
849 788 83 27 sysslan
948 788 41 21 lätt

159 817 74 21 kunde
252 817 68 27 väljas
342 817 48 26 den,
414 823 47 15 som
483 817 84 25 ätnöjer
587 817 33 26 sig
634 817 49 21 med
699 817 42 21 den
756 817 79 21 minsta
850 817 71 21 lönen.
950 817 39 21 Ett

159 845 54 22 slikt
226 847 46 20 sätt
287 847 33 19 att
334 847 48 20 utse
398 845 193 26 häradsnämnden,
607 846 85 21 hvilken
708 845 41 22 har
763 848 33 19 att
811 845 69 22 uttala
895 846 33 26 sig
943 845 8 21 i
961 845 27 21 de

159 874 55 21 alira
228 874 116 29 vigtigaste
359 874 85 32 frägor,
455 874 68 21 skulle
536 874 39 27 jag
586 863 36 32 för
637 875 43 20 min
696 875 34 20 del
747 880 52 15 anse
807 873 34 22 för
851 874 82 21 mindre
943 874 45 21 väl-

159 903 101 21 betänkt.
290 899 68 25 Äfven
380 903 36 21 vill
436 903 39 27 jag
496 903 59 21 fästa
577 903 219 33 uppmärksamheten
812 903 35 21 vid
862 903 126 26 landtdags-

160 937 93 16 mannen
270 931 112 22 Suutarlas
398 931 123 26 anförande,
538 933 33 19 att
586 938 48 15 man
651 932 18 27 ej
687 932 41 21 bör
743 931 83 22 riskera
842 931 49 21 hela
905 931 84 22 författ-

159 960 80 27 ningen
262 959 32 22 för
314 960 42 21 den
378 960 22 21 af
413 948 208 38 landtdagsmannen
637 961 86 20 Hoikka
746 960 124 26 föreslagna
889 960 100 26 ändrings

159 989 65 25 skull,
240 990 24 26 ty
278 989 44 21 min
337 988 142 27 öfvertygelse
495 991 29 23 är,
541 991 34 18 att
589 990 127 25 regeringen
732 989 49 21 icke
797 989 69 20 skulle
875 989 115 26 godkända

159 1017 63 21 detta
237 1017 187 27 ändringsförslag.
455 1017 42 21 För
511 1017 42 21 min
573 1017 35 22 del
624 1017 36 22 vill
673 1018 38 27 jag
724 1017 82 22 föreslä
822 1017 131 26 antagandet
968 1016 23 22 af

156 1046 122 21 utskottets
294 1045 86 27 förslag,
396 1046 124 26 isynnerhet
539 1045 28 21 dä
583 1046 66 21 redan
665 1047 125 25 derigenom
805 1052 28 14 en
846 1046 82 26 ganska
943 1047 46 19 stor

156 1074 129 27 utvidgning
300 1074 22 21 af
335 1074 107 21 valrätten
459 1074 100 21 erhälles.

227 1103 217 26 Landtdagsmannen
460 1102 153 22 Ehrström:
636 1102 47 22 Mot
697 1102 211 27 landtdagsmannen
922 1102 67 21 Hoik-

156 1131 42 47 Res
213 1132 108 46 Jitrande;
328 1119 43 55 att
384 1131 185 44 nämndemännen
590 1132 6 20 i
613 1131 120 41 allmänhet
745 1131 49 33 icke
810 1130 64 40 hafva
889 1133 33 19 ett
937 1130 52 48 godt

158 1190 25 19 är
177 1168 4 10 r
197 1168 83 46 sådant,
296 1188 37 21 det
348 1167 75 42 kastar
438 1176 30 34 en
481 1175 82 40 skugga
579 1168 60 41 såväl
647 1168 45 47 a
696 1164 105 56 oumaren
808 1171 51 38 sam
871 1169 118 40 bafolknin-

158 1223 50 21 gen,
224 1220 23 24 ty
264 1204 100 39 antingen
379 1217 39 21 har
436 1217 102 21 domaren
553 1217 48 21 icke
616 1216 90 22 förstätt
714 1219 33 19 att
755 1216 57 28 välja
820 1216 87 27 duglige
915 1219 74 19 nämn-

158 1246 80 32 demän
261 1245 52 21 eller
334 1245 69 21 finnas
424 1245 71 22 dertill
515 1246 102 26 lämpliga
636 1251 105 21 personer
756 1246 48 20 icke
820 1245 66 21 bland
907 1245 83 21 befolk-

157 1280 88 20 ningen.

228 1328 134 25 Keskustelu
381 1332 12 20 2
409 1330 55 28 &:stä
476 1330 125 28 julistettiin
617 1330 66 22 tähän
695 1330 154 28 päättyneeksi
857 1330 22 27 ja
889 1330 100 27 Säädylle

157 1359 89 22 luettiin
266 1366 104 15 seuraava
386 1360 179 26 äänestysesitys:

229 1388 59 21 Joka
309 1388 108 27 hyväksyy
440 1390 13 19 2
469 1387 33 28 8:n
517 1389 154 20 muuttamatta
693 1387 145 22 valiokunnan
854 1386 136 22 ehdotuksen

157 1412 104 41 mukaan,
280 1418 104 37 äänestää
400 1416 71 27 njaa";

227 1445 36 27 jos
280 1445 45 26 yei*
342 1445 88 25 voittaa,
447 1445 100 27 lykätään
563 1446 59 19 tämä
636 1444 80 28 pykälä
731 1443 95 22 takaisin
837 1443 154 22 valiokuntaan

159 1457 212 47 muodostettavaksi
386 1473 69 22 siihen
472 1475 114 24 suuntaan,
603 1474 46 20 että
663 1473 156 36 kuntakokous
831 1478 27 16 on
869 1472 122 21 oikeutettu

159 1503 137 20 asettamaan
311 1501 298 22 kihlakunnanlautakunnan.
