1109 1678
407 95 40 18 Den
463 93 11 20 3
490 95 107 19 December.
844 94 40 21 951

88 156 74 27 anslag
177 156 33 23 för
225 156 202 27 fängelseväsendet
442 157 68 23 finnes
518 157 111 28 uppgifvet
639 163 35 16 om
685 157 113 28 tillökning
808 158 32 21 uti
851 158 65 21 dessa

87 185 96 27 utgifter,
203 192 26 15 en
248 186 79 27 ökning
346 186 87 21 hvarom
449 187 59 21 Hans
524 187 102 26 Majestät
641 187 68 21 redan
723 187 119 22 förordnat.
873 187 43 21 Det

88 216 24 19 är
129 214 29 27 på
177 221 48 20 pag.
247 217 13 18 4
280 215 7 21 i
306 215 67 26 sagde
392 215 138 22 betänkande
549 221 47 16 som
612 215 73 22 derom
706 217 24 20 är
749 216 85 21 lemnad
855 217 58 20 stän-

88 243 66 21 derna
170 249 25 16 en
217 243 91 28 uppgift,
333 243 39 22 och
395 244 171 21 Statsutskottet
587 244 60 21 har
639 239 12 36 i
663 244 38 21 sitt
723 244 137 22 betänkande
876 250 38 15 an-

88 271 83 27 gående
191 273 100 25 samtliga
311 272 75 27 anslag
404 273 13 21 å
435 279 48 20 pag.
505 275 27 19 24
552 273 101 27 upptagit
674 273 40 21 och
732 273 106 22 beräknat
854 273 60 22 detta

87 300 115 22 tillskott
196 296 12 37 i
223 301 88 27 utgifter
333 301 33 21 för
387 301 181 28 undervisningen
587 302 40 21 och
645 301 150 28 bevakningen
809 302 7 21 i
831 301 82 28 fängel-

88 335 64 15 serna
165 329 32 21 till
213 331 92 23 251,930
320 330 61 21 mark
396 330 33 21 för
443 333 12 18 5
473 330 33 26 år;
522 337 26 15 en
564 337 83 15 summa
663 337 46 15 som
725 333 24 19 är
764 331 65 21 exakt
844 330 69 22 öfver-

88 358 172 22 ensstämmande
275 358 50 21 med
339 358 57 22 hvad
410 359 7 21 i
432 359 93 21 nämnda
540 359 78 27 nådiga
632 359 134 27 proposition
787 361 24 19 är
828 358 84 28 uppgif-

86 388 42 19 vet.
158 387 114 21 Utskottet
290 387 40 21 har
349 387 123 22 derutöfver
491 388 56 27 tagit
566 388 83 27 hänsyn
667 388 32 21 till
713 388 56 21 hvad
785 388 7 21 i
807 387 106 22 finansex-

86 415 136 27 peditionens
245 415 72 28 kalkyl
339 415 68 22 finnes
423 416 86 21 anfördt
526 417 93 21 rörande
634 416 107 27 ökningen
755 416 8 21 i
777 416 137 27 fängelsean-

87 443 80 28 slagen,
190 445 68 21 ehuru
280 451 49 14 man
351 445 48 20 icke
421 445 73 21 kunde
513 451 52 16 vara
581 445 69 26 säker,
667 451 35 16 om
717 445 47 22 icke
778 445 71 22 denna
863 446 51 26 post

87 473 67 21 redan
173 473 72 27 ingick
262 473 7 21 i
285 473 26 22 de
331 473 123 22 beräknade
471 475 92 25 251,930
579 474 67 21 mark.
675 474 122 21 Yttermera
813 474 79 27 ökning
907 473 7 22 i

88 501 103 27 anslagen
206 501 33 22 för
253 501 204 27 fängelseväsendet
472 503 62 21 torde
549 503 126 26 visserligen
689 503 72 21 kunna
773 502 140 25 förekomma,

87 536 48 15 men
148 531 39 27 jag
202 531 125 21 hemställer
342 531 106 21 huruvida
462 537 50 16 man
527 531 140 22 öfverhufvud
677 531 55 22 skall
742 537 52 16 anse
804 531 34 22 för
848 531 66 27 gifvet

87 560 38 25 att,
142 561 40 20 när
197 559 248 28 fängelseinstitutionen
461 559 116 22 förbättras
589 560 40 22 och
639 560 73 22 bättre
722 559 108 28 fängelser
840 559 73 23 åstad-

86 588 104 26 kommas,
213 588 148 27 bevakningen
385 589 40 21 och
445 589 130 26 ordningens
595 588 163 23 handhafvande
778 589 55 21 skall
849 588 64 22 ställa

87 617 33 26 sig
136 617 86 21 svårare
238 617 41 22 och
295 617 75 27 dyrare
386 619 27 20 än
428 617 63 22 förut.
516 618 92 21 Snarare
616 618 61 21 torde
689 619 120 20 motsatsen
818 616 93 27 inträffa,

86 647 23 25 ty
124 645 28 21 då
167 652 50 15 man
231 646 40 21 har
286 646 71 27 dåliga
371 645 115 28 fängelser,
502 647 41 22 blir
559 653 114 20 omsorgen
688 648 33 20 att
731 647 55 21 dock
796 646 59 22 hålla
864 646 48 21 dem

86 674 7 20 i
109 674 94 26 drägligt
225 674 61 22 skick
308 674 88 22 förenad
417 675 50 21 med
485 677 70 20 större
573 676 124 25 kostnader,
713 676 28 20 än
755 676 40 20 när
809 681 50 15 man
873 674 40 22 har

86 702 34 22 väl
135 703 108 21 inrättade
265 703 87 21 sådana.
383 703 61 22 Hvad
467 704 47 22 åter
536 704 67 27 angår
617 704 137 22 underhållet
768 703 24 22 af
804 703 108 27 fängelse-

86 731 157 27 byggnaderna,
260 732 24 21 så
299 738 64 21 synes
379 732 37 21 det
430 732 58 27 ligga
502 733 7 21 i
525 733 78 21 sakens
618 734 70 25 natur,
704 734 33 20 att
746 738 51 22 nyss
805 732 107 28 uppförda

85 760 108 26 fängelser
207 760 48 22 icke
269 760 74 22 kräfva
359 761 41 21 den
416 761 93 22 kostnad
524 761 33 22 för
567 761 153 28 reparationer,
732 767 46 16 som
789 761 71 27 gamla
871 760 41 22 och

86 789 76 27 dåliga.
194 789 105 27 Slutligen
315 790 69 21 måste
399 796 50 15 man
463 790 36 21 väl
513 790 73 22 kunna
601 792 85 25 antaga,
703 792 33 20 att
749 796 26 16 en
792 789 121 23 successivt

86 817 125 27 genomförd
233 818 79 22 reform
334 818 7 21 i
363 818 278 28 brottmålslagstiftningen
663 819 48 21 icke
730 818 55 22 skall
799 818 65 22 hafva
879 818 33 21 till

85 846 81 28 påföljd
190 848 33 20 att
245 847 41 21 öka
309 847 181 27 brottslingarnes
511 848 65 26 antal,
593 854 34 15 om
645 848 66 21 också
725 848 8 20 i
747 846 76 28 sjelfva
837 846 75 22 verket

88 875 57 21 det
136 871 13 38 i
162 877 70 20 större
255 876 61 21 skala
331 878 27 19 än
377 876 59 22 förut
457 876 125 28 tillämpade
603 876 161 23 frihetsstraftet
785 876 79 22 verkar
886 881 27 15 en

87 904 113 27 tillökning
222 904 23 22 af
264 904 113 27 fångarnes
398 905 63 21 antal.
492 905 73 27 Några
583 906 81 21 sådana
679 904 184 28 omständigheter
878 905 34 21 rö-

86 932 67 22 rande
169 933 70 21 denna
254 933 132 27 utgiftspost,
403 940 46 15 som
465 934 70 22 skulle
550 934 57 27 gifva
622 934 114 27 anledning
750 934 33 21 till
798 935 33 20 att
844 932 69 22 under

87 961 26 21 de
128 963 109 20 närmaste
253 964 12 19 5
283 962 51 21 åren
349 962 96 22 beräkna
459 963 127 21 medeltalet
601 963 23 22 af
636 962 118 28 utgifterna
763 962 69 22 under
843 962 71 22 denna

86 990 47 21 titel
148 990 73 27 högre,
243 993 26 19 än
287 991 57 21 hvad
359 991 145 22 innevarande
520 992 35 21 års
570 992 137 26 statsförslag
721 992 112 27 upptager,
850 990 63 22 torde

86 1018 84 22 således
185 1019 49 22 icke
249 1019 121 22 förefinnas.

153 1047 148 22 Innevarande
324 1049 35 20 års
379 1048 137 28 statsförslag
535 1050 106 26 upptager
655 1048 34 23 för
703 1048 49 22 7:de
766 1047 146 23 hufvudtiteln

86 1082 26 15 en
127 1082 85 16 summa
227 1077 23 21 af
263 1079 114 24 2,019,000
399 1077 67 27 mark,
483 1078 40 21 och
543 1078 119 21 utskottets
678 1076 236 27 medeltalsberäkning

87 1106 112 25 1,918,000
223 1106 67 21 mark.
321 1106 44 21 Det
387 1108 24 19 är
426 1107 70 21 denna
519 1107 100 21 differens
635 1106 24 22 af
680 1107 89 26 100,000
784 1105 62 22 mark
866 1111 46 15 som

85 1133 50 22 herr
157 1134 112 22 Molander
290 1135 36 21 vid
348 1134 130 27 föregående
493 1135 88 27 plenum
596 1135 119 28 påpekade.
744 1135 51 21 Med
810 1133 103 22 afseende

84 1162 54 21 härå
152 1162 40 22 ber
205 1163 37 27 jag
257 1163 22 21 få
293 1163 118 27 framhålla,
429 1165 32 20 att
475 1164 70 22 under
561 1165 69 21 denna
644 1163 129 22 hufvudtitel
792 1163 70 21 finnas
878 1162 34 21 så-

86 1191 55 21 dana
162 1193 82 25 poster,
268 1198 46 15 som
336 1192 48 21 icke
407 1194 36 19 äro
464 1193 91 22 stående
571 1193 52 22 eller
637 1193 33 21 till
684 1192 102 27 beloppet
801 1191 59 22 förut
874 1191 39 22 be-

85 1220 90 21 stämda.
207 1220 46 22 Och
269 1221 56 21 hvad
341 1227 46 15 som
403 1221 101 28 bidrager
520 1223 34 20 att
568 1221 7 22 i
591 1221 160 26 statsförslaget
765 1220 33 22 för
815 1220 25 21 år
856 1221 54 20 1877

85 1248 65 21 ställa
165 1249 70 21 denna
251 1255 83 16 summa
348 1249 67 28 högre
431 1251 27 20 än
474 1251 37 20 det
526 1250 23 22 af
562 1250 109 21 utskottet
682 1249 85 27 angifna
777 1248 134 26 medeltalet,

84 1279 24 19 är
123 1278 33 20 att
169 1277 8 21 i
193 1278 161 27 statsförslaget
368 1279 287 27 nybyggnadskostnaderna
669 1278 68 22 finnas
753 1279 111 26 upptagna
878 1277 34 21 till

84 1307 92 24 500,000
199 1307 66 24 mark,
289 1307 77 21 medan
389 1307 70 22 denna
480 1310 51 25 post
546 1307 67 27 enligt
629 1308 26 21 de
671 1307 105 22 afslutade
791 1306 120 22 räkenska-

83 1340 67 21 perna
164 1335 33 21 för
211 1335 131 27 föregäende
358 1336 23 20 är
396 1336 73 21 vexlar
484 1337 91 21 emellan
591 1338 12 19 2
619 1336 14 21 &
648 1338 91 24 300,000
754 1335 61 21 mark
829 1335 83 29 faktisk

83 1362 69 27 utgift.
183 1364 158 27 Nybyggnader
363 1366 37 19 äro
423 1366 53 20 utan
499 1365 73 22 tvifvel
595 1364 44 22 ofta
657 1364 144 26 nödvändiga;
817 1370 50 15 men
883 1362 28 22 dä

82 1398 48 14 man
146 1392 29 26 pä
191 1392 102 22 särskildt
313 1392 62 22 ställe
393 1393 108 22 beräknar
518 1393 147 22 kostnaderna
683 1392 33 22 för
729 1392 145 28 uppförandet
890 1391 23 21 af

82 1419 108 28 fängelser
213 1421 40 21 och
276 1421 23 21 af
319 1422 126 21 seminarier
465 1422 41 22 och
522 1423 27 21 dä
564 1422 47 21 frän
627 1421 128 22 skolfonden
770 1421 67 21 delvis
854 1420 56 22 skall

82 1448 106 23 bestridas
204 1450 123 27 byggandet
347 1450 22 21 af
390 1450 238 22 elementarläroverks-
645 1451 52 21 eller
711 1450 102 28 lyceihus,
829 1450 81 21 saknas

82 1477 115 28 anledning
220 1480 33 20 att
267 1480 85 26 antaga,
373 1480 32 20 att
417 1479 47 28 just
479 1480 69 22 under
563 1481 109 21 närmaste
689 1478 134 28 5-ärsperiod
839 1477 71 23 skulle
