1109 1678
409 103 40 16 Den
465 101 12 18 4
493 103 107 16 December.
840 101 53 20 1007

90 165 85 21 skatter
189 167 44 19 rätt
249 166 32 20 att
297 164 48 21 med
361 165 76 26 Kongl.
454 165 105 26 Majestät
573 165 79 26 rådslå,
666 165 79 27 jemka,
765 165 55 21 afslå
836 165 40 21 och
892 165 30 21 öf-

90 193 169 22 verenskomma.
290 193 41 22 För
354 193 43 21 min
421 193 35 22 del
477 193 121 28 tillstyrker
618 193 37 28 jag
672 193 83 22 derföre
772 200 27 15 en
811 193 112 28 jemkning

91 221 23 22 af
128 222 55 21 hvad
199 223 28 26 på
243 229 40 15 ena
298 222 61 21 sidan
376 221 23 22 af
420 221 127 28 regeringen
572 222 40 21 och
635 222 29 27 på
679 223 41 20 den
736 223 67 21 andra
825 222 23 21 af
867 228 55 15 sam-

90 253 110 19 mansatta
216 251 71 21 Stats-
299 250 39 22 och
355 251 218 21 Ekonomiutskottet
585 251 131 26 föreslagits.

159 279 57 22 Herr
231 279 145 22 Molander:
407 279 41 21 Till
463 279 53 27 följd
533 279 23 21 af
570 280 40 21 den
626 279 159 28 interpellation
797 286 45 15 som
854 280 68 27 gjorts

91 307 23 22 af
127 309 78 20 tvenne
221 309 65 20 ärade
302 308 67 21 talare
385 308 32 21 till
433 308 50 27 mig,
499 309 25 20 så
539 309 40 20 ber
591 308 38 27 jag
645 307 21 22 få
682 309 104 26 meddela,
803 311 33 19 att
851 308 71 21 medel

89 336 33 21 för
138 337 122 27 byggandet
275 336 22 21 af
311 337 160 20 Riihimäki-S:t
486 337 133 26 Petersburg
631 337 90 27 jernväg
736 337 112 26 bereddes,
873 337 46 21 dels

91 371 77 21 genom
184 365 138 27 upptagande
338 364 23 22 af
375 367 32 19 ett
423 364 22 22 af
459 365 120 21 ständerna
599 366 140 26 garanteradt
757 366 41 24 lån,
820 366 39 21 och
876 365 45 21 dels

91 400 77 20 genom
183 394 47 21 från
245 394 64 27 ryska
325 394 232 21 riksskattkammaren
572 394 97 21 lemmadt
685 394 75 27 bidrag
776 394 23 21 af
808 395 114 25 2,500,000

91 422 124 21 metalliska
230 422 67 26 rubel,
306 422 153 21 motsvaranda
476 424 25 19 10
511 423 98 26 miljoner
618 423 67 25 mark,
694 423 85 20 hvilken
789 422 133 22 sistnämnda

91 457 83 15 summa”
189 457 38 15 var
241 451 110 21 beräknad
373 453 32 18 att
427 452 78 25 utgöra
521 458 26 14 en
564 451 105 27 tredjedel
685 451 23 21 af
725 451 196 28 byggnadskapita-

90 480 36 25 let,
144 480 27 21 dä
187 480 36 21 tvä
239 479 129 28 tredjedelar
383 479 70 21 skulle
469 479 23 21 af
506 479 69 22 finska
594 480 107 21 allmänna
720 480 69 21 medel
810 481 110 21 bekostas.

90 509 97 20 Emedan
203 515 27 14 nu
246 508 137 21 förenämnde
397 508 145 27 jernvägslän,
559 515 46 14 som
621 511 94 24 upptogs
734 509 23 20 är
781 511 61 23 1868,
867 508 55 21 efter

91 537 93 21 derifrän
200 537 83 21 skedda
299 537 138 26 afdrag,icke
453 543 38 15 var
507 537 126 27 tillräckligt
648 537 33 22 för
694 538 128 27 jernvägens
832 537 89 21 fullbor-

91 566 77 25 dande,
185 566 25 21 sä
224 565 118 28 förskjötos
358 565 73 21 härtill
443 566 109 21 allmänna
563 566 132 21 statsmedel.
726 567 41 20 För
778 566 143 21 statsverkets

90 595 92 26 räkning
196 597 94 24 upptogs
306 594 24 21 är
348 596 53 19 1869
417 593 34 22 för
467 594 130 27 jernvägens
619 595 133 21 slutförande
775 597 32 20 ett
829 594 92 22 läneför-

91 623 61 21 skott
166 623 57 21 inom
239 623 74 22 landet
328 629 46 15 som
390 623 125 22 bestämdes
532 623 32 21 till
587 623 46 28 fyra
655 624 97 27 miljoner
773 624 65 21 mark.
871 622 53 23 Utaf

90 652 155 21 militiefonden
261 651 116 27 förskjötos
394 652 152 21 annuiteterna
563 653 12 20 å
591 653 37 20 det
643 653 24 20 är
688 654 54 19 1868
761 655 111 24 upptagna
888 653 33 20 ut-

90 680 92 21 ländska
195 680 166 27 jernvägslänet.
393 680 135 25 Sedermera,
545 683 39 19 när
597 680 118 27 jernvägen
735 687 37 15 var
790 680 130 25 fullbortlad,

90 709 89 21 väcktes
195 709 60 27 fråga
271 715 33 15 om
315 708 139 26 godtgörelse
469 709 35 21 för
520 709 65 21 dessa
599 709 119 21 förskotter
733 710 38 20 och
793 711 32 19 att
846 709 73 21 derom

90 737 111 27 förelägga
217 738 116 21 ständerna
352 738 141 26 proposition,
514 744 49 15 men
586 744 26 15 en
636 738 57 27 dylik
716 738 132 26 proposition
873 738 48 20 kom

90 766 48 21 icke
154 766 33 21 till
203 766 70 21 ständ.
304 766 39 21 Vid
362 768 54 19 1872
438 767 35 20 ärs
489 766 106 27 landtdag
615 767 83 21 beslöto
715 767 116 21 ständerna
847 768 32 20 att
895 772 27 15 en

92 795 94 21 särskild
200 794 248 22 kommunikationsfond
464 795 71 21 skulle
551 796 91 20 inrättas
657 796 7 20 i
680 796 84 21 hvilken
783 795 69 21 skulle
870 795 51 21 bok-

90 823 65 27 föras,
180 824 65 20 bland
267 827 71 22 annat,
363 825 55 19 1868
439 823 34 21 ärs
490 824 140 26 jernvägslän
650 824 41 21 och
710 824 146 22 inkomsterna
874 823 47 21 frän

89 852 149 27 jernvägarne.
269 852 34 21 Då
318 852 97 21 uttalade
431 852 117 22 ständerna
563 852 67 22 också
646 853 41 21 den
703 853 56 26 äsigt
773 854 33 20 att
817 852 104 27 oligvide-

92 881 52 21 rade
160 881 103 27 beloppet
279 880 22 22 af
315 881 36 21 det
367 881 56 21 inom
439 881 75 21 landet
538 883 111 25 upptagna
671 881 166 21 läneförskottet
852 880 70 22 skulle

90 909 88 27 päföras
194 909 280 26 kommunikationsfonden,
491 916 50 15 men
558 910 89 21 emedan
663 910 22 21 af
699 910 106 21 allmänna
820 912 102 19 statsme-

92 938 34 22 del
150 945 27 14 en
200 938 34 22 del
257 938 23 21 af
301 938 60 21 detta
383 938 35 21 län
437 939 66 21 redan
520 945 39 15 var
575 938 126 26 äterbetald,
717 938 128 22 förordnade
860 938 60 21 Hans

92 967 121 27 Kejserliga
234 967 102 27 Majestät
359 968 32 20 att
415 967 66 21 också
505 968 126 20 återstoden
655 967 60 21 deraf
734 968 68 20 skulle
818 967 49 21 med
884 967 38 21 all-

92 998 77 18 männa
185 996 127 21 statsmedel
328 996 121 25 liqvideras,
467 996 41 20 och
525 996 28 26 på
569 996 78 21 sådant
668 998 45 19 sätt
727 996 45 21 blef
787 996 135 21 statsfonden

92 1025 99 26 medpart
206 1025 30 20 uti
246 1024 33 21 S:t
288 1024 256 26 Petersburg-Riihimäki
554 1025 95 26 jernväg.
674 1025 33 20 Då
717 1024 205 21 kommunikations-

92 1052 79 21 fonden
187 1053 123 21 sedermera
325 1053 126 25 inrättades,
461 1053 133 27 uppgjordes
610 1053 125 27 fullständig
750 1053 66 27 ligvid
831 1053 92 21 emellan

93 1081 135 21 statsfonden
244 1082 40 21 och
300 1081 284 26 kommunikationsfonden,
602 1082 39 21 och
658 1084 38 25 tog
711 1089 48 14 man
774 1081 56 22 hvad
841 1080 81 22 beträf-

92 1109 32 22 far
140 1109 33 22 S:t
188 1110 257 27 Petersburg-Riihimäki
457 1110 93 27 jernväg
565 1111 7 20 i
587 1111 118 26 beräkning
721 1111 40 20 den
777 1110 70 26 andel,
859 1109 63 22 hvar-

94 1139 48 21 med
165 1139 106 21 hvardera
293 1139 78 20 fonden
395 1139 94 26 bidragit
512 1139 33 21 till
565 1139 130 27 jernvägens
717 1139 118 27 byggande,
861 1138 62 22 och
910 1134 18 37 i

93 1173 82 16 samma
190 1167 133 22 förhållande
339 1167 82 21 erhöllo
438 1167 65 21 dessa
519 1167 77 22 fonder
612 1170 76 25 anpart
703 1168 31 21 uti
751 1168 40 21 den
806 1167 46 22 från
864 1167 58 27 jern-

93 1198 68 24 vägen
177 1196 116 27 inflytande
309 1198 160 24 nettorevenyn.
501 1196 35 21 Då
552 1196 82 21 skedde
651 1196 60 21 äfven
722 1196 126 27 fullständig
858 1195 66 28 liqvid

94 1225 90 21 emellan
200 1225 135 21 statsfonden
349 1225 41 20 och
406 1225 282 28 kommunikationsfonden
699 1225 32 21 för
750 1225 41 21 alla
812 1225 26 21 de
854 1224 70 22 medel

94 1259 45 15 som
154 1253 47 21 från
217 1254 65 21 dessa
298 1253 51 21 eller
365 1253 67 21 andra
447 1253 77 21 fonder
546 1253 69 22 blifvit
633 1254 112 21 utbetalda
764 1253 33 22 för
817 1253 107 21 särskilda

93 1282 89 21 arbeten
198 1282 33 21 för
246 1282 248 21 kommunikationernas
512 1281 155 28 förbättrande,
685 1283 71 20 såsom
773 1282 33 21 för
824 1282 100 21 Walkea-

93 1311 62 20 koski
172 1311 69 25 kanal,
257 1311 63 21 hvars
336 1311 119 20 inkomster
470 1311 87 21 komme
577 1313 32 19 att
629 1311 100 22 bokföras
749 1312 6 20 i
775 1310 149 22 kommunika-

94 1339 145 26 tionsfonden;
256 1339 40 21 och
312 1339 71 26 ingick
399 1339 66 21 också
481 1339 6 21 i
504 1339 95 27 liqviden
615 1340 120 26 ersättning
749 1339 34 21 för
798 1339 21 21 af
838 1339 86 21 militie-

93 1367 79 22 fonden
187 1367 120 27 förskjutna
322 1368 123 20 annuiteter
467 1367 29 27 på
520 1370 54 19 1868
595 1368 34 20 års
649 1368 23 21 af
690 1368 115 21 ständerna
824 1369 100 25 garante-

94 1396 52 21 rade
161 1396 42 26 lån,
220 1397 25 21 så
260 1398 32 19 att
308 1396 89 21 emellan
413 1398 66 19 stats-
496 1396 42 21 och
554 1396 301 22 kommunikationsfonderna
868 1396 57 26 gjor-

94 1424 38 22 des
148 1425 125 26 fullständig
289 1424 70 27 liqvid.
390 1425 42 26 Jag
447 1424 39 21 ber
497 1425 71 21 tillika
578 1424 21 21 få
607 1425 100 21 meddela
715 1427 32 19 att
755 1425 50 21 herr
815 1424 111 22 Snellman

94 1453 68 21 under
186 1453 151 21 diskussionen
361 1453 69 21 vände
453 1453 33 26 sig
511 1454 32 20 till
563 1453 43 27 mig
625 1454 48 21 med
689 1453 114 27 förfrågan,
819 1452 107 22 huruvida

94 1481 154 22 militiefonden
264 1482 47 20 icke
326 1482 56 21 hade
397 1481 113 27 förskjutit
522 1482 69 21 medel
602 1481 33 22 för
642 1482 123 27 jernvägen,
777 1482 73 21 hvilka
859 1483 67 19 stats-

94 1510 77 21 fonden
189 1516 88 16 numera
293 1510 111 26 återburit,
422 1510 40 21 och
479 1509 23 22 af
517 1510 56 21 hvad
586 1510 37 27 jag
639 1517 29 15 nu
690 1511 55 26 hört,
761 1510 97 28 åsyftade
876 1510 50 20 herr
