1109 1678
220 86 55 21 1242
500 89 39 18 Den
558 87 24 19 10
598 88 106 18 December.

189 151 104 28 pröfvadt.
323 151 42 28 Jag
379 152 78 21 saknar
474 164 26 3 —
516 152 40 21 och
572 152 37 21 det
624 153 23 20 är
663 151 78 28 tydligt
756 152 33 21 att
800 151 38 28 jag
853 151 70 22 måste
938 151 73 28 sakna,

189 181 7 22 i
217 181 68 22 likhet
306 181 49 22 med
377 181 78 27 många
477 181 67 21 andra
558 181 7 21 i
581 181 60 22 detta
657 180 70 27 stånd,
744 187 45 15 som
805 180 56 21 dock
876 180 54 21 böra
944 181 69 22 uttala

189 209 33 28 sig
237 209 7 22 i
259 210 60 21 detta
334 211 62 20 ämne
411 222 27 3 —
454 209 94 28 speciela
562 210 91 27 insigter
667 209 33 22 för
715 211 33 20 att
762 209 92 22 bedöma
869 209 41 22 den
920 209 93 22 militära

189 239 62 21 sidan
273 238 22 22 af
316 239 73 26 saken,
410 245 47 15 men
474 239 70 21 denna
559 241 24 19 är
598 239 28 27 på
640 239 61 26 långt
715 241 39 18 när
769 237 48 22 icke
833 238 41 21 den
889 238 122 27 vigtigaste.

189 267 62 22 Hvad
266 267 39 22 har
319 273 49 16 man
383 267 56 28 gjort
453 267 33 22 för
501 267 166 27 anmärkningar
683 269 58 20 emot
755 267 210 26 indelningsverket?
979 269 34 20 ut-

190 296 83 22 skottet
287 296 64 27 högst
366 295 27 28 få,
409 298 59 20 utom
483 296 114 28 möjligtvis
613 297 42 21 den
671 296 139 21 ekonomiska
825 295 63 22 sidan
904 295 22 22 af
934 295 77 28 saken;

190 325 7 21 i
213 325 88 21 ståndet
315 325 7 21 i
338 325 47 27 dag,
402 325 70 21 såvidt
484 325 38 27 jag
536 325 117 27 uppfattat,
668 325 109 26 knappast
789 324 59 22 flere.
878 324 42 27 Jag
934 325 39 21 ber
980 326 32 20 att

190 353 21 21 få
225 353 8 21 i
249 353 70 22 denna
333 353 60 27 fråga
409 360 34 16 om
457 354 208 27 indelningsverkets
680 353 127 27 lämplighet
821 352 33 22 för
869 353 73 21 landet
950 354 62 27 vädja

189 382 34 22 till
245 384 32 20 ett
299 382 117 27 uttalande,
439 389 53 19 som,
510 388 33 16 om
559 382 38 22 det
612 382 66 22 också
693 382 48 22 icke
755 382 43 22 kan
813 382 111 21 betraktas
940 382 72 22 såsom

189 410 104 28 utgånget
314 410 47 22 från
384 417 27 16 en
433 411 85 22 absolut
540 411 124 26 auktoritet,
681 411 55 21 dock
751 411 48 21 icke
814 410 80 22 saknar
908 411 28 21 all
951 411 61 28 bety-

191 439 60 22 delse
272 440 29 27 på
323 439 60 22 detta
405 447 52 20 rum,
482 442 32 19 ett
536 440 118 26 uttalande,
671 445 46 16 som
733 440 43 21 kan
790 439 109 27 berättiga
914 439 42 28 mig
972 440 40 21 och

190 468 67 21 andra
278 469 33 20 att
333 469 83 21 skänka
437 469 197 27 indelningsverket
657 469 129 21 åtminstone
801 469 66 26 något
881 468 129 22 förtroende.

189 497 42 27 Jag
251 497 74 28 vädjar
346 497 8 22 i
376 497 77 22 sådant
475 497 101 22 afseende
591 497 33 22 till
641 499 112 20 1863—64
769 497 34 21 års
817 497 109 27 landtdag,
943 497 27 22 då
985 503 26 16 en

189 525 60 28 fråga
271 525 46 22 som
339 526 90 22 berörde
451 526 197 27 indelningsverket
663 533 26 15 en
705 526 56 27 gång
777 525 48 22 stod
841 526 28 27 på
884 526 127 27 dagordnin-

189 561 46 20 gen.
265 555 33 21 En
311 555 8 21 i
333 555 74 21 landet
421 555 52 27 högt
489 555 63 22 ställd
568 555 79 22 militär
663 555 40 22 och
718 554 130 23 fortfarande
864 561 27 15 en
898 555 54 26 högt
960 555 51 21 ärad

189 583 92 22 medlem
296 584 7 21 i
319 584 60 21 detta
395 584 70 25 stånd,
481 585 121 26 uppträdde
618 584 28 21 då
661 584 40 21 och
716 584 85 27 yttrade
816 584 65 21 bland
896 585 66 20 annat
970 583 40 22 föl-

187 612 66 27 jande
269 612 46 21 ord:
334 613 69 26 ,Mina
418 613 82 22 herrar!
518 613 37 22 det
569 615 24 19 är
609 613 18 27 ej
644 612 91 23 hänförd
751 611 22 23 af
786 612 43 22 min
844 613 76 21 kärlek
928 613 32 21 till
969 613 41 22 den

189 641 82 22 indelta
292 643 98 26 truppen,
411 642 37 27 jag
470 641 97 22 förordat
588 641 187 28 nödvändigheten
792 643 32 20 att
839 641 57 22 förse
912 641 98 22 soldaten

189 670 49 21 med
252 671 55 26 torp,
323 670 41 27 nej,
381 671 28 20 då
422 671 37 27 jag
473 671 28 27 på
516 670 109 27 åtskilliga
640 671 77 21 ställen
733 672 43 20 sett
792 671 48 21 dem
855 670 99 22 bebodda
969 670 41 22 och

188 698 103 27 brukade,
315 699 28 21 då
362 699 37 27 jag
417 701 44 20 sett
476 699 41 22 den
533 698 85 22 trefnad
633 699 99 22 soldaten
747 705 47 15 som
809 698 139 28 familjefader
963 700 47 26 nju-

189 728 34 21 ter
237 727 8 21 i
260 727 39 21 sitt
313 727 130 23 välordnade
457 728 51 21 hem
522 730 57 20 samt
594 728 41 22 den
651 728 130 26 ömsesidiga
796 728 152 22 belåtenheten
958 728 52 21 mel-

188 756 35 21 lan
238 756 79 22 honom
332 756 39 22 och
386 757 150 26 rotehållaren,
552 756 39 22 har
606 757 49 21 mitt
669 757 64 27 hopp,
749 756 43 22 min
801 756 141 28 öfvertygelse
951 756 59 22 stad-

189 786 48 25 gats
253 786 33 20 att
301 785 42 22 den
357 785 82 22 indelta
453 786 149 21 institutionen
618 786 7 21 i
641 786 31 21 sin
688 786 73 21 helhet
776 786 39 21 bör
830 785 66 21 blifva
911 786 32 20 till
951 787 61 26 nytta

188 813 33 22 för
234 814 48 21 vårt
297 814 70 21 land".
396 814 63 22 Hvad
473 821 49 15 man
538 814 28 22 då
581 814 67 27 ansåg
662 814 53 22 böra
730 813 65 23 blifva
811 814 32 21 till
854 816 60 26 nytta
922 814 32 22 för
964 814 48 22 vårt

188 842 58 26 land,
269 842 38 22 det
325 843 43 21 kan
382 843 35 21 väl
431 844 48 21 icke
494 850 35 19 nu,
546 849 34 16 om
595 844 41 21 ock
652 843 19 21 vi
685 843 90 21 kommit
792 845 25 19 13
833 843 25 21 år
872 842 77 22 framåt
964 843 6 21 i
984 843 26 21 ti-

190 871 48 27 den,
262 878 63 15 anses
348 872 65 22 lända
430 872 74 22 landet
518 872 33 22 till
567 872 74 22 skada.
657 884 27 3 —
699 872 51 22 Med
766 871 101 22 afseende
883 872 101 21 särskildt
999 872 13 22 å

189 900 42 21 den
253 899 33 22 för
308 900 64 28 öfrigt
387 900 163 22 underordnade
566 901 139 21 ekonomiska
720 901 62 21 sidan
797 900 23 22 af
835 900 69 22 denna
919 901 45 25 sak,
980 901 30 21 in-

188 928 185 28 delningsverkets
396 930 197 27 återupprättande,
615 930 39 21 ber
669 930 38 27 jag
723 931 33 20 att
771 928 22 22 få
808 929 64 21 tacka
886 930 50 21 herr
950 930 61 27 Björ-

188 957 100 22 kenheim
303 957 33 23 för
352 958 27 22 de
395 958 169 27 anmärkningar,
580 958 43 22 han
638 959 49 21 med
702 960 70 20 större
787 958 161 22 sakkännedom
956 958 56 28 gjort

189 988 58 20 emot
263 986 41 22 den
319 986 72 28 kalkyl
407 993 46 15 som
469 989 23 19 är
507 987 87 27 bifogad
610 987 250 22 utskottsbetänkandet.

256 1015 50 21 Man
328 1015 39 22 har
389 1015 66 22 bland
477 1017 70 25 annat,
564 1015 103 22 särskildt
683 1016 40 21 den
739 1017 87 20 senaste
842 1016 65 21 ärade
922 1015 88 26 talaren,

186 1043 122 27 framhållit,
324 1045 33 20 att
372 1044 37 22 det
423 1044 132 22 förhållande
571 1046 32 20 att
618 1045 97 26 Europas
731 1044 99 27 samtliga
845 1046 74 25 stater,
936 1045 75 21 åtmin-

187 1073 64 20 stone
267 1072 26 22 de
309 1071 68 28 flesta,
394 1073 105 27 öfvergått
514 1073 32 21 till
562 1073 243 28 värnepligtssystemet,
814 1079 50 16 vore
873 1073 33 22 för
914 1079 34 16 oss
957 1073 54 22 tvin-

187 1101 76 26 gande.
293 1101 42 27 Jag
356 1101 39 22 har
417 1101 65 22 redan
504 1101 58 22 förut
579 1103 69 26 yttrat
662 1102 43 27 mig
719 1103 58 20 emot
792 1108 26 15 en
834 1101 67 22 sådan
917 1101 95 28 uppfatt-

188 1129 57 28 ning.
275 1129 42 28 Jag
332 1130 38 22 ber
385 1132 32 20 att
431 1130 22 22 få
468 1130 94 27 tillägga,
579 1132 33 20 att
627 1131 70 21 denna
713 1131 57 26 åsigt
785 1131 70 21 skulle
862 1130 50 22 leda
920 1131 31 21 till
959 1131 52 22 kon-

188 1164 123 21 seqvenser,
328 1159 49 21 dem
389 1159 38 27 jag
443 1161 44 20 tror
501 1159 48 22 icke
565 1165 38 16 ens
613 1159 51 22 herr
673 1159 130 22 Oker-Blom
811 1159 37 22 vill
856 1159 154 22 underskrifva.

189 1187 40 21 Om
249 1187 37 22 det
301 1187 69 22 skulle
385 1187 50 22 falla
450 1194 25 15 en
491 1188 53 21 eller
558 1187 51 22 flere
625 1190 68 19 stater
708 1188 7 21 i
730 1188 87 27 Europa
831 1188 22 21 in
869 1190 33 19 att
916 1188 96 22 bedrifva

188 1215 58 22 vissa
261 1216 59 21 delar
336 1216 23 21 af
372 1216 37 22 det
424 1217 128 26 produktiva
568 1217 84 22 arbetet
666 1217 49 21 med
731 1217 84 26 slafvar,
831 1217 25 21 så
872 1219 23 19 är
910 1217 37 21 det
954 1217 58 22 klart

188 1245 33 20 att
237 1244 64 27 ingen
316 1251 69 15 annan
399 1247 45 20 stat
458 1245 69 22 skulle
542 1245 73 22 kunna
629 1245 133 22 konkurrera
777 1245 36 22 vid
829 1252 81 15 samma
917 1245 94 28 produk-

188 1273 55 26 tion;
264 1280 48 15 men
325 1273 38 28 jag
378 1275 45 20 tror
438 1274 53 26 icke,
508 1276 32 19 att
555 1274 67 21 andra
637 1276 69 20 stater
721 1274 72 22 derför
808 1274 70 21 skulle
893 1275 70 21 känna
978 1275 34 26 sig

187 1301 130 28 förpligtade
333 1304 38 25 att,
388 1303 27 21 då
431 1303 26 22 de
472 1303 46 21 icke
534 1303 71 21 kunna
620 1305 59 19 mäta
694 1303 33 27 sig
742 1303 49 22 med
807 1309 26 16 en
841 1303 29 27 på
878 1303 78 21 sådant
966 1305 46 20 sätt

187 1329 128 23 framkallad
337 1331 136 27 produktion,
489 1331 68 21 införa
573 1331 96 22 slafveri:
686 1343 27 3 —
729 1332 61 21 detta
805 1332 78 21 endast
898 1332 70 21 såsom
984 1339 26 14 en

187 1358 96 27 parallel.
313 1359 111 22 Hvarthän
446 1360 94 21 kommer
562 1366 49 16 man
633 1360 102 27 slutligen
757 1360 49 22 med
829 1360 72 28 dylika
916 1360 94 27 åsigter?

187 1387 54 21 hvar
262 1387 67 22 finnes
345 1390 98 26 gränsen,
459 1395 34 15 om
508 1395 49 15 man
573 1396 25 14 en
614 1389 56 27 gång
685 1389 38 27 går
739 1390 33 20 att
787 1389 64 21 ställa
867 1389 72 21 såsom
954 1395 56 15 sam-

187 1416 79 21 hällets
281 1416 48 27 mål,
346 1418 33 20 att
393 1424 50 15 vara
459 1418 24 21 så
497 1418 86 21 rustadt
597 1424 47 15 som
659 1418 82 27 möjligt
756 1420 58 19 emot
829 1418 73 27 hvarje
910 1418 101 21 tänkbart

188 1444 71 27 anfall,
283 1444 53 22 hvar
350 1445 76 23 blifver
442 1446 27 21 då
484 1449 92 24 gränsen
591 1446 34 22 för
641 1446 26 22 de
682 1446 94 22 militära
791 1446 217 28 ansträngningarna?

187 1474 44 22 Det
245 1473 68 22 finnes
328 1474 50 26 inga
393 1477 94 24 gränser,
503 1481 34 15 om
551 1475 48 22 icke
615 1476 7 20 i
637 1475 144 21 samhällenas
797 1476 100 21 absoluta
904 1476 106 21 vanmakt.

256 1503 33 23 En
311 1503 52 22 ärad
386 1504 67 22 talare
475 1504 28 28 på
518 1504 153 28 förmiddagen,
687 1504 50 22 herr
752 1504 77 27 Antell,
846 1505 39 21 har
899 1504 109 28 förklarat,
