1109 1678
233 108 55 20 1136
531 111 40 17 Den
588 109 11 18 7
617 111 105 17 December.

204 179 25 15 en
253 173 165 27 nödvändighet,
438 174 56 21 blott
510 174 39 21 och
564 174 49 21 bart
628 173 33 22 för
677 175 32 20 att
724 174 96 27 iakttaga
836 173 60 21 detta
912 173 120 28 stadgande

203 202 6 21 i
232 202 148 26 reglementet,
404 204 32 19 att
459 204 96 25 upptaga
575 205 32 19 ett
622 203 93 26 guldlån.
746 203 43 21 Det
805 205 23 18 är
844 201 105 28 nemligen
966 202 65 27 fallet,

204 232 32 19 att
257 231 68 22 under
340 233 85 20 senaste
441 231 56 22 tider
513 231 96 22 bankens
625 231 198 27 tillgodohafvande
839 231 33 22 för
887 231 144 27 vexelförsälj-

204 259 50 27 ning
277 260 40 21 och
339 261 119 26 trassering
473 261 26 26 på
517 261 97 21 utlandet
630 261 178 26 sammansjunkit
823 260 105 27 betydligt
944 260 40 21 och
1000 262 33 19 att

207 289 41 20 den
272 289 139 21 eventualitet
434 291 23 19 är
473 291 32 19 att
520 289 84 22 förutse
620 291 31 20 att
667 289 97 22 bankens
781 295 72 16 reserv
869 289 6 21 i
892 289 141 27 obligationer

204 317 33 21 för
259 317 61 21 detta
335 318 104 26 ändamål,
457 317 32 22 för
505 319 31 20 att
552 318 134 26 tillhandagå
701 318 96 21 rörelsen
813 318 6 21 i
835 317 102 21 utländsk
953 318 79 26 valuta,

204 346 70 20 mäste
289 346 105 27 försäljas.
425 347 44 21 Det
484 346 39 22 har
537 347 57 21 visat
610 347 33 27 sig
659 348 32 20 att
706 347 28 27 på
749 347 67 26 några
831 346 102 22 månader
948 353 26 15 en
990 346 42 22 för-

205 374 90 28 ändring
314 375 7 21 i
343 375 140 27 tillgångarna
506 376 31 20 uti
560 376 100 21 utlandet
682 375 28 27 på
727 377 26 19 20
770 375 31 21 till
817 377 27 19 30
860 375 98 27 miljoner
972 375 60 21 mark

205 403 42 21 kan
271 404 46 20 ske.
348 404 87 21 Således
459 406 24 19 är
505 404 37 21 det
564 404 47 21 icke
633 404 33 21 för
689 406 32 19 att
737 404 72 27 undgå
825 404 145 26 ränteförlust,
987 410 46 15 som

205 432 185 27 framställningen
410 435 23 18 är
449 433 61 27 gjord
526 433 23 21 af
562 433 198 27 bankfullmäktige,
777 435 51 19 utan
844 434 33 20 tör
892 434 33 20 att
940 433 94 21 undvika

205 461 144 26 olägenheten
365 461 23 21 af
401 463 33 20 att
449 462 68 21 under
532 468 27 15 en
575 461 48 22 utaf
635 462 103 27 politiska
753 461 131 27 oroligheter
894 462 60 21 störd
962 461 70 22 mark-

205 489 43 22 nad
271 489 22 22 få
314 489 33 22 lof
367 491 33 20 att
415 491 119 26 negociera,
552 497 35 15 om
603 491 40 21 ock
658 491 29 27 på
701 491 87 21 kortare
805 491 37 25 tid,
858 491 32 21 ett
905 490 41 21 lån.
977 490 56 21 Herr

205 519 152 26 Björkenheim
372 519 39 21 har
426 519 7 21 i
447 519 140 27 förbigående
603 520 56 27 gjort
675 526 26 15 en
717 519 141 27 anmärkning
873 521 45 20 mot
934 520 32 21 att
981 519 52 21 ban-

205 547 54 21 kens
276 553 73 16 reserv
364 548 107 27 placerats
486 549 7 20 i
509 548 148 27 obligationer,
674 548 104 22 särskildt
793 549 6 20 i
815 548 65 28 ryska
895 548 138 27 statsobliga-

205 576 70 21 tioner
298 576 39 22 och
361 577 7 20 i
391 577 76 21 finska.
498 577 71 22 Dessa
590 577 141 27 placeringar,
755 583 46 16 som
817 577 49 22 herr
881 577 151 27 Björhenheim

205 607 115 24 omnämnt,
336 605 113 22 inträffade
465 607 67 20 under
548 613 26 15 en
590 606 37 27 tid,
645 607 27 20 dä
688 606 27 21 de
730 606 65 27 ryska
810 606 29 27 pä
854 606 50 27 guld
916 605 116 22 kontrahe-

206 634 52 21 rade
274 634 145 27 länepappren
433 635 29 27 pä
478 635 128 27 europeiska
620 635 133 22 marknaden
769 635 62 21 stodo
848 635 67 26 ihögt
926 635 107 21 anseende

205 662 40 22 och
262 662 59 22 öfver
336 662 49 22 hela
399 663 87 27 Europa
499 664 83 27 ätnjöto
598 664 37 21 det
650 664 64 21 bästa
729 663 130 22 förtroende.
889 664 34 20 Då
938 670 28 14 nu
981 664 52 20 ban-

205 691 43 21 ken
272 691 41 21 den
336 691 58 22 tiden
410 692 56 21 hade
481 693 86 27 mycket
583 694 59 20 stora
657 692 120 28 tillgångar,
794 698 47 16 som
856 692 48 22 icke
918 692 115 27 lämpligen

205 720 72 21 kunde
300 720 81 22 lemnas
397 720 40 22 hos
453 721 27 21 de
495 721 117 22 utländska
627 722 107 21 ombuden
750 721 57 22 blott
823 721 39 21 och
878 721 49 21 bart
942 722 28 26 pä
984 721 49 21 räk-

206 749 52 26 ning
275 748 40 22 och
332 751 57 19 emot
405 756 26 15 en
446 752 70 24 ränta,
532 756 47 16 som
595 750 6 21 i
617 750 78 28 många
710 750 43 26 fall,
770 752 15 19 t.
802 756 31 15 ex.
849 750 39 21 hos
904 750 130 21 Rotschild
1023 744 15 38 i

205 778 96 26 London,
311 784 38 15 var
364 780 77 20 nästan
456 779 70 27 ingen,
544 779 25 21 sä
583 786 38 14 var
636 779 37 21 det
688 778 138 28 nödvändigt,
843 780 33 20 att
890 778 32 21 till
934 780 55 20 stort
996 779 37 21 be-

205 806 51 27 lopp
272 807 101 27 uppköpa
389 807 141 27 obligationer
544 808 33 21 för
593 809 32 20 att
640 808 76 26 bringa
731 808 84 21 banken
831 808 70 26 nägon
911 807 123 27 behällning

205 836 28 26 pä
249 835 50 21 dess
316 837 59 20 stora
390 836 203 27 tillgodohafvande.
624 836 43 22 Det
682 837 121 27 uppköptes
820 836 85 22 således
916 836 117 27 fransyska,

207 864 110 34 engelska,
343 864 68 28 tyska,
436 865 87 25 danska,
546 866 86 25 norska,
649 866 92 21 svenska
756 865 147 27 obligationer.
933 865 11 21 I
959 865 77 21 sådant

206 892 38 22 fall
260 894 24 20 är
301 893 36 21 det
353 894 134 26 naturligtvis
504 882 85 40 mycket
604 878 98 48 lämpligt
718 896 32 19 att
765 894 63 21 hafva
837 889 125 43 statspapper
978 893 57 22 ifrån

207 921 58 21 olika
279 923 76 25 stater,
373 924 32 20 att
421 922 84 22 således
521 923 48 21 icke
585 925 58 19 sätta
659 923 72 21 alltför
746 924 55 20 stort
816 922 78 28 belopp
910 923 27 27 på
946 928 26 16 en
980 922 56 22 enda

207 952 56 19 stats
284 956 89 22 papper,
398 953 51 20 utan
469 951 83 22 fördela
567 952 109 32 beloppet,
694 952 89 21 emedan
799 952 35 21 vid
850 953 32 20 ett
897 951 139 21 tidsmoment

209 979 41 21 den
263 986 40 14 ena
319 981 82 20 statens
417 986 82 21 papper
514 981 35 21 stå
564 980 67 27 högre
647 980 6 22 i
669 981 71 25 värde,
757 981 41 21 den
814 980 68 22 andra
896 980 66 26 lägre.
993 980 43 21 Det

209 1007 39 21 har
271 1007 61 22 alltid
354 1008 56 21 varit
425 1008 204 28 bankfullmäktiges
644 1009 106 22 intention
766 1009 40 21 och
822 1009 70 26 afsigt,
908 1014 47 15 som
970 1009 66 21 också

207 1036 7 21 i
238 1036 27 21 de
285 1036 63 22 flesta
363 1036 37 22 fall
415 1038 92 25 vunnits,
524 1040 33 19 att
572 1037 102 22 förskaffa
689 1038 85 21 banken
791 1025 84 34 sådana
887 1043 88 21 papper,
990 1043 46 16 som

207 1065 42 21 lätt
271 1065 73 22 kunna
366 1065 99 28 försäljas
487 1066 28 27 på
538 1066 28 22 de
589 1067 130 26 europeiska
740 1066 116 27 platserna,
874 1066 40 21 och
930 1066 26 21 de
972 1066 64 27 ryska

207 1100 83 21 papper
305 1094 41 21 och
362 1095 147 26 obligationer,
526 1101 34 16 om
575 1095 72 22 hvilka
663 1095 38 21 här
717 1097 24 19 är
755 1095 67 27 fråga,
839 1101 50 16 voro
901 1095 136 26 obestridligt

208 1122 89 22 sådana.
327 1123 62 22 Hvad
403 1124 47 21 åter
465 1123 103 22 beträffar
583 1125 40 20 den
640 1124 72 27 miljon
728 1124 32 21 uti
775 1124 112 21 inhemska
894 1130 87 21 papper,
992 1129 46 16 som

209 1151 51 21 herr
282 1151 152 27 Björkenheim
458 1153 94 26 omtalat,
577 1153 24 21 så
620 1155 37 19 äro
673 1153 66 22 dessa
755 1153 65 21 också
836 1152 91 27 lydande
943 1153 28 26 på
986 1151 51 28 guld

208 1179 74 22 valuta
298 1181 40 20 och
354 1181 27 21 då
396 1180 70 22 finska
481 1183 72 20 staten
569 1181 95 28 åtnjuter
680 1188 26 15 en
722 1181 83 35 ganska
821 1181 63 22 säker
895 1181 77 26 kredit,
982 1182 56 20 samt

209 1208 50 22 dess
283 1215 82 21 papper
386 1209 73 22 kunna
479 1210 64 27 säljas
560 1211 131 20 åtminstone
706 1211 29 26 på
750 1212 78 19 tvenne
844 1210 129 27 europeiska
988 1209 48 22 bör-

208 1243 36 15 ser
266 1238 85 26 ganska
373 1238 102 22 konstant
497 1239 40 22 och
560 1239 141 27 fördelaktigt
724 1239 40 21 och
780 1241 53 19 utan
849 1240 69 20 större
933 1238 84 27 vexling
1031 1238 7 21 i

209 1266 52 26 pris,
278 1266 67 22 finner
358 1266 39 27 jag
411 1267 48 22 icke
474 1267 68 22 heller
557 1269 34 20 att
607 1268 70 21 denna
692 1267 77 27 åtgärd
784 1268 40 21 bör
840 1267 112 22 betraktas
968 1267 71 22 såsom

208 1295 132 22 härrörande
356 1295 23 21 af
393 1296 53 21 brist
461 1297 28 26 på
503 1296 145 22 förutseende.
678 1297 63 21 Hvad
756 1295 33 22 för
808 1295 133 23 närvarande
958 1296 26 21 de
994 1303 44 14 om-

209 1324 95 20 nämnda
326 1324 65 26 ryska
413 1331 108 21 papperen
544 1325 109 25 beträffar,
677 1325 24 21 så
719 1325 73 21 kunna
808 1325 27 21 de
850 1324 127 27 visserligen
992 1325 47 21 icke

208 1351 104 27 föryttras
328 1352 33 21 för
377 1349 137 42 ögonblicket
529 1354 32 20 till
578 1354 26 21 de
619 1354 51 26 pris,
688 1360 47 15 som
751 1354 26 21 de
793 1354 23 20 af
829 1353 85 21 banken
930 1352 64 22 hafva
1008 1353 31 21 in-

209 1380 75 27 köpts,
307 1387 49 15 men
379 1382 25 20 så
426 1384 59 19 snart
506 1382 40 22 den
562 1382 103 27 politiska
679 1382 126 22 horisonten
821 1382 87 28 ljusnar,
925 1381 25 21 så
965 1384 23 18 är
1004 1382 36 20 det

209 1409 34 21 väl
267 1409 130 27 fullkomligt
419 1411 114 26 sannolikt,
558 1412 32 20 att
613 1411 64 27 ryska
694 1417 96 21 pappren
807 1411 62 21 skola
884 1410 57 27 stiga
956 1410 32 21 till
1004 1410 36 22 det

209 1438 116 26 anseende,
343 1444 45 16 som
405 1440 26 20 de
446 1440 32 21 för
494 1446 25 15 en
536 1440 50 21 kort
601 1440 32 20 tid
649 1440 68 21 sedan
733 1440 89 26 åtnjöto.
854 1440 42 20 Det
912 1441 24 19 är
946 1439 92 26 således,

207 1466 38 28 jag
268 1473 108 21 upprepar
392 1468 43 25 det,
452 1468 47 22 icke
514 1468 33 22 för
563 1470 33 20 att
611 1468 73 22 kunna
699 1468 108 22 bibehålla
823 1468 65 22 dessa
902 1474 82 20 papper
1000 1468 40 22 och

210 1496 68 26 derpå
294 1496 66 26 draga
375 1502 102 22 revenyer
492 1498 7 20 i
515 1497 74 22 stället
602 1496 33 22 för
644 1498 33 20 att
685 1499 95 20 omsätta
789 1498 48 21 dem
846 1497 6 21 i
861 1496 57 28 guld,
928 1502 46 16 som
984 1496 56 22 före-

210 1524 96 22 varande
329 1524 157 30 framställning
506 1526 78 28 utgått,
602 1528 52 20 utan
670 1526 49 22 med
735 1526 103 23 afseende
854 1526 12 21 å
882 1526 40 22 den
938 1528 101 20 eventua-
