<?xml version="1.0" encoding="UTF-8"?>
<alto xmlns="http://www.loc.gov/standards/alto/ns-v3#" xmlns:xlink="http://www.w3.org/1999/xlink" xmlns:xsi="http://www.w3.org/2001/XMLSchema-instance" xsi:schemaLocation="http://www.loc.gov/standards/alto/ns-v3# http://www.loc.gov/alto/v3/alto-3-0.xsd">
	<Description>
		<MeasurementUnit>pixel</MeasurementUnit>
		<sourceImageInformation>
			<fileName>/tmp/tess__5fkkcn7_input.PNG</fileName>
		</sourceImageInformation>
		<OCRProcessing ID="OCR_0">
			<ocrProcessingStep>
				<processingSoftware>
					<softwareName>tesseract 5.3.4</softwareName>
				</processingSoftware>
			</ocrProcessingStep>
		</OCRProcessing>
	</Description>
	<Layout>
		<Page WIDTH="1109" HEIGHT="1678" PHYSICAL_IMG_NR="0" ID="page_0">
			<PrintSpace HPOS="0" VPOS="0" WIDTH="1109" HEIGHT="1678">
				<GraphicalElement ID="cblock_0" HPOS="0" VPOS="24" WIDTH="7" HEIGHT="950"></GraphicalElement >
				<ComposedBlock ID="cblock_1" HPOS="237" VPOS="107" WIDTH="475" HEIGHT="20">
					<TextBlock ID="block_0" HPOS="237" VPOS="107" WIDTH="475" HEIGHT="20">
						<TextLine ID="line_0" HPOS="237" VPOS="107" WIDTH="475" HEIGHT="20">
							<String ID="string_0" HPOS="237" VPOS="107" WIDTH="53" HEIGHT="20" WC="0.96" CONTENT="1160"/><SP WIDTH="232" VPOS="107" HPOS="290"/>
							<String ID="string_1" HPOS="522" VPOS="110" WIDTH="39" HEIGHT="17" WC="0.96" CONTENT="Den"/><SP WIDTH="17" VPOS="110" HPOS="561"/>
							<String ID="string_2" HPOS="578" VPOS="108" WIDTH="11" HEIGHT="19" WC="0.95" CONTENT="7"/><SP WIDTH="18" VPOS="108" HPOS="589"/>
							<String ID="string_3" HPOS="607" VPOS="109" WIDTH="105" HEIGHT="18" WC="0.95" CONTENT="December."/>
						</TextLine>
					</TextBlock>
				</ComposedBlock>
				<ComposedBlock ID="cblock_2" HPOS="202" VPOS="171" WIDTH="832" HEIGHT="717">
					<TextBlock ID="block_1" HPOS="274" VPOS="171" WIDTH="384" HEIGHT="29">
						<TextLine ID="line_1" HPOS="274" VPOS="171" WIDTH="384" HEIGHT="29">
							<String ID="string_4" HPOS="274" VPOS="171" WIDTH="73" HEIGHT="23" WC="0.95" CONTENT="vinner"/><SP WIDTH="16" VPOS="171" HPOS="347"/>
							<String ID="string_5" HPOS="363" VPOS="172" WIDTH="40" HEIGHT="28" WC="0.96" CONTENT="nej,"/><SP WIDTH="15" VPOS="172" HPOS="403"/>
							<String ID="string_6" HPOS="418" VPOS="172" WIDTH="108" HEIGHT="22" WC="0.96" CONTENT="förkastas"/><SP WIDTH="16" VPOS="172" HPOS="526"/>
							<String ID="string_7" HPOS="542" VPOS="171" WIDTH="116" HEIGHT="28" WC="0.83" CONTENT="förslaget&quot;"/>
						</TextLine>
					</TextBlock>
					<TextBlock ID="block_2" HPOS="204" VPOS="200" WIDTH="830" HEIGHT="86">
						<TextLine ID="line_2" HPOS="274" VPOS="200" WIDTH="760" HEIGHT="28">
							<String ID="string_8" HPOS="274" VPOS="201" WIDTH="40" HEIGHT="21" WC="0.96" CONTENT="Vid"/><SP WIDTH="16" VPOS="201" HPOS="314"/>
							<String ID="string_9" HPOS="330" VPOS="207" WIDTH="34" HEIGHT="16" WC="0.95" CONTENT="om"/><SP WIDTH="15" VPOS="207" HPOS="364"/>
							<String ID="string_10" HPOS="379" VPOS="201" WIDTH="70" HEIGHT="22" WC="0.95" CONTENT="denna"/><SP WIDTH="15" VPOS="201" HPOS="449"/>
							<String ID="string_11" HPOS="464" VPOS="201" WIDTH="134" HEIGHT="27" WC="0.96" CONTENT="proposition"/><SP WIDTH="9" VPOS="201" HPOS="598"/>
							<String ID="string_12" HPOS="607" VPOS="201" WIDTH="92" HEIGHT="22" WC="0.96" CONTENT="anställd"/><SP WIDTH="10" VPOS="201" HPOS="699"/>
							<String ID="string_13" HPOS="709" VPOS="201" WIDTH="133" HEIGHT="27" WC="0.92" CONTENT="omröstning"/><SP WIDTH="8" VPOS="201" HPOS="842"/>
							<String ID="string_14" HPOS="850" VPOS="200" WIDTH="75" HEIGHT="22" WC="0.92" CONTENT="utföllo"/><SP WIDTH="10" VPOS="200" HPOS="925"/>
							<String ID="string_15" HPOS="935" VPOS="201" WIDTH="99" HEIGHT="22" WC="0.96" CONTENT="rösterna"/>
						</TextLine>
						<TextLine ID="line_3" HPOS="205" VPOS="229" WIDTH="828" HEIGHT="28">
							<String ID="string_16" HPOS="205" VPOS="229" WIDTH="49" HEIGHT="22" WC="0.95" CONTENT="med"/><SP WIDTH="16" VPOS="229" HPOS="254"/>
							<String ID="string_17" HPOS="270" VPOS="231" WIDTH="25" HEIGHT="20" WC="0.95" CONTENT="31"/><SP WIDTH="15" VPOS="231" HPOS="295"/>
							<String ID="string_18" HPOS="310" VPOS="230" WIDTH="24" HEIGHT="27" WC="0.96" CONTENT="ja"/><SP WIDTH="15" VPOS="230" HPOS="334"/>
							<String ID="string_19" HPOS="349" VPOS="230" WIDTH="40" HEIGHT="21" WC="0.96" CONTENT="och"/><SP WIDTH="17" VPOS="230" HPOS="389"/>
							<String ID="string_20" HPOS="406" VPOS="231" WIDTH="25" HEIGHT="20" WC="0.96" CONTENT="15"/><SP WIDTH="17" VPOS="231" HPOS="431"/>
							<String ID="string_21" HPOS="448" VPOS="230" WIDTH="40" HEIGHT="27" WC="0.96" CONTENT="nej,"/><SP WIDTH="18" VPOS="230" HPOS="488"/>
							<String ID="string_22" HPOS="506" VPOS="229" WIDTH="32" HEIGHT="22" WC="0.96" CONTENT="till"/><SP WIDTH="15" VPOS="229" HPOS="538"/>
							<String ID="string_23" HPOS="553" VPOS="229" WIDTH="53" HEIGHT="28" WC="0.96" CONTENT="följd"/><SP WIDTH="16" VPOS="229" HPOS="606"/>
							<String ID="string_24" HPOS="622" VPOS="229" WIDTH="76" HEIGHT="22" WC="0.96" CONTENT="hvaraf"/><SP WIDTH="14" VPOS="229" HPOS="698"/>
							<String ID="string_25" HPOS="712" VPOS="230" WIDTH="87" HEIGHT="21" WC="0.96" CONTENT="ståndet"/><SP WIDTH="14" VPOS="230" HPOS="799"/>
							<String ID="string_26" HPOS="813" VPOS="230" WIDTH="7" HEIGHT="21" WC="0.96" CONTENT="i"/><SP WIDTH="16" VPOS="230" HPOS="820"/>
							<String ID="string_27" HPOS="836" VPOS="230" WIDTH="50" HEIGHT="21" WC="0.96" CONTENT="dess"/><SP WIDTH="11" VPOS="230" HPOS="886"/>
							<String ID="string_28" HPOS="897" VPOS="229" WIDTH="73" HEIGHT="22" WC="0.92" CONTENT="helhet"/><SP WIDTH="10" VPOS="229" HPOS="970"/>
							<String ID="string_29" HPOS="980" VPOS="229" WIDTH="53" HEIGHT="28" WC="0.92" CONTENT="god-"/>
						</TextLine>
						<TextLine ID="line_4" HPOS="204" VPOS="258" WIDTH="609" HEIGHT="28">
							<String ID="string_30" HPOS="204" VPOS="258" WIDTH="53" HEIGHT="22" WC="0.96" CONTENT="känt"/><SP WIDTH="16" VPOS="258" HPOS="257"/>
							<String ID="string_31" HPOS="273" VPOS="259" WIDTH="37" HEIGHT="21" WC="0.96" CONTENT="det"/><SP WIDTH="13" VPOS="259" HPOS="310"/>
							<String ID="string_32" HPOS="323" VPOS="258" WIDTH="146" HEIGHT="27" WC="0.93" CONTENT="föreliggande"/><SP WIDTH="16" VPOS="258" HPOS="469"/>
							<String ID="string_33" HPOS="485" VPOS="258" WIDTH="328" HEIGHT="28" WC="0.91" CONTENT="sammanjemkningsförslaget."/>
						</TextLine>
					</TextBlock>
					<TextBlock ID="block_3" HPOS="204" VPOS="286" WIDTH="830" HEIGHT="372">
						<TextLine ID="line_5" HPOS="274" VPOS="286" WIDTH="759" HEIGHT="28">
							<String ID="string_34" HPOS="274" VPOS="287" WIDTH="71" HEIGHT="22" WC="0.95" CONTENT="Sedan"/><SP WIDTH="15" VPOS="287" HPOS="345"/>
							<String ID="string_35" HPOS="360" VPOS="287" WIDTH="93" HEIGHT="22" WC="0.96" CONTENT="derefter"/><SP WIDTH="16" VPOS="287" HPOS="453"/>
							<String ID="string_36" HPOS="469" VPOS="288" WIDTH="36" HEIGHT="21" WC="0.96" CONTENT="det"/><SP WIDTH="15" VPOS="288" HPOS="505"/>
							<String ID="string_37" HPOS="520" VPOS="287" WIDTH="23" HEIGHT="22" WC="0.96" CONTENT="af"/><SP WIDTH="13" VPOS="287" HPOS="543"/>
							<String ID="string_38" HPOS="556" VPOS="287" WIDTH="51" HEIGHT="22" WC="0.96" CONTENT="herr"/><SP WIDTH="15" VPOS="287" HPOS="607"/>
							<String ID="string_39" HPOS="622" VPOS="287" WIDTH="151" HEIGHT="26" WC="0.96" CONTENT="Schauman,"/><SP WIDTH="20" VPOS="287" HPOS="773"/>
							<String ID="string_40" HPOS="793" VPOS="287" WIDTH="92" HEIGHT="27" WC="0.92" CONTENT="August,"/><SP WIDTH="17" VPOS="287" HPOS="885"/>
							<String ID="string_41" HPOS="902" VPOS="286" WIDTH="80" HEIGHT="27" WC="0.91" CONTENT="afgifna"/><SP WIDTH="10" VPOS="286" HPOS="982"/>
							<String ID="string_42" HPOS="992" VPOS="287" WIDTH="41" HEIGHT="22" WC="0.96" CONTENT="och"/>
						</TextLine>
						<TextLine ID="line_6" HPOS="205" VPOS="315" WIDTH="827" HEIGHT="27">
							<String ID="string_43" HPOS="205" VPOS="315" WIDTH="23" HEIGHT="22" WC="0.96" CONTENT="af"/><SP WIDTH="20" VPOS="315" HPOS="228"/>
							<String ID="string_44" HPOS="248" VPOS="315" WIDTH="51" HEIGHT="22" WC="0.93" CONTENT="flere"/><SP WIDTH="24" VPOS="315" HPOS="299"/>
							<String ID="string_45" HPOS="323" VPOS="316" WIDTH="213" HEIGHT="22" WC="0.91" CONTENT="ståndsmedlemmar"/><SP WIDTH="22" VPOS="316" HPOS="536"/>
							<String ID="string_46" HPOS="558" VPOS="316" WIDTH="148" HEIGHT="21" WC="0.96" CONTENT="understödda"/><SP WIDTH="22" VPOS="316" HPOS="706"/>
							<String ID="string_47" HPOS="728" VPOS="315" WIDTH="104" HEIGHT="27" WC="0.96" CONTENT="förslaget"/><SP WIDTH="24" VPOS="315" HPOS="832"/>
							<String ID="string_48" HPOS="856" VPOS="315" WIDTH="68" HEIGHT="22" WC="0.93" CONTENT="blifvit"/><SP WIDTH="15" VPOS="315" HPOS="924"/>
							<String ID="string_49" HPOS="939" VPOS="315" WIDTH="93" HEIGHT="27" WC="0.96" CONTENT="uppläst,"/>
						</TextLine>
						<TextLine ID="line_7" HPOS="206" VPOS="344" WIDTH="827" HEIGHT="28">
							<String ID="string_50" HPOS="206" VPOS="344" WIDTH="92" HEIGHT="22" WC="0.95" CONTENT="varande"/><SP WIDTH="23" VPOS="344" HPOS="298"/>
							<String ID="string_51" HPOS="321" VPOS="344" WIDTH="118" HEIGHT="22" WC="0.96" CONTENT="detsamma"/><SP WIDTH="23" VPOS="344" HPOS="439"/>
							<String ID="string_52" HPOS="462" VPOS="344" WIDTH="25" HEIGHT="22" WC="0.96" CONTENT="så"/><SP WIDTH="14" VPOS="344" HPOS="487"/>
							<String ID="string_53" HPOS="501" VPOS="344" WIDTH="104" HEIGHT="28" WC="0.93" CONTENT="lydande:"/><SP WIDTH="26" VPOS="344" HPOS="605"/>
							<String ID="string_54" HPOS="631" VPOS="346" WIDTH="44" HEIGHT="24" WC="0.88" CONTENT=",att"/><SP WIDTH="16" VPOS="346" HPOS="675"/>
							<String ID="string_55" HPOS="691" VPOS="344" WIDTH="32" HEIGHT="21" WC="0.96" CONTENT="uti"/><SP WIDTH="15" VPOS="344" HPOS="723"/>
							<String ID="string_56" HPOS="738" VPOS="344" WIDTH="132" HEIGHT="27" WC="0.96" CONTENT="protokollet"/><SP WIDTH="15" VPOS="344" HPOS="870"/>
							<String ID="string_57" HPOS="885" VPOS="344" WIDTH="106" HEIGHT="26" WC="0.95" CONTENT="nedlägga"/><SP WIDTH="16" VPOS="344" HPOS="991"/>
							<String ID="string_58" HPOS="1007" VPOS="350" WIDTH="26" HEIGHT="16" WC="0.96" CONTENT="en"/>
						</TextLine>
						<TextLine ID="line_8" HPOS="205" VPOS="372" WIDTH="827" HEIGHT="28">
							<String ID="string_59" HPOS="205" VPOS="372" WIDTH="136" HEIGHT="28" WC="0.96" CONTENT="anteckning,"/><SP WIDTH="18" VPOS="372" HPOS="341"/>
							<String ID="string_60" HPOS="359" VPOS="379" WIDTH="45" HEIGHT="15" WC="0.93" CONTENT="som"/><SP WIDTH="13" VPOS="379" HPOS="404"/>
							<String ID="string_61" HPOS="417" VPOS="373" WIDTH="79" HEIGHT="27" WC="0.93" CONTENT="jemväl"/><SP WIDTH="17" VPOS="373" HPOS="496"/>
							<String ID="string_62" HPOS="513" VPOS="373" WIDTH="39" HEIGHT="21" WC="0.97" CONTENT="bör"/><SP WIDTH="15" VPOS="373" HPOS="552"/>
							<String ID="string_63" HPOS="567" VPOS="373" WIDTH="110" HEIGHT="21" WC="0.96" CONTENT="meddelas"/><SP WIDTH="21" VPOS="373" HPOS="677"/>
							<String ID="string_64" HPOS="698" VPOS="373" WIDTH="107" HEIGHT="21" WC="0.93" CONTENT="allmänna"/><SP WIDTH="18" VPOS="373" HPOS="805"/>
							<String ID="string_65" HPOS="823" VPOS="372" WIDTH="209" HEIGHT="27" WC="0.91" CONTENT="Besvärsutskottet,"/>
						</TextLine>
						<TextLine ID="line_9" HPOS="206" VPOS="402" WIDTH="826" HEIGHT="27">
							<String ID="string_66" HPOS="206" VPOS="402" WIDTH="74" HEIGHT="21" WC="0.96" CONTENT="derom"/><SP WIDTH="23" VPOS="402" HPOS="280"/>
							<String ID="string_67" HPOS="303" VPOS="403" WIDTH="31" HEIGHT="20" WC="0.93" CONTENT="att"/><SP WIDTH="24" VPOS="403" HPOS="334"/>
							<String ID="string_68" HPOS="358" VPOS="402" WIDTH="159" HEIGHT="27" WC="0.91" CONTENT="Ridderskapet"/><SP WIDTH="21" VPOS="402" HPOS="517"/>
							<String ID="string_69" HPOS="538" VPOS="402" WIDTH="40" HEIGHT="21" WC="0.93" CONTENT="och"/><SP WIDTH="21" VPOS="402" HPOS="578"/>
							<String ID="string_70" HPOS="599" VPOS="402" WIDTH="68" HEIGHT="21" WC="0.91" CONTENT="Adeln"/><SP WIDTH="16" VPOS="402" HPOS="667"/>
							<String ID="string_71" HPOS="683" VPOS="402" WIDTH="122" HEIGHT="27" WC="0.95" CONTENT="samtycker"/><SP WIDTH="15" VPOS="402" HPOS="805"/>
							<String ID="string_72" HPOS="820" VPOS="402" WIDTH="33" HEIGHT="20" WC="0.93" CONTENT="till"/><SP WIDTH="16" VPOS="402" HPOS="853"/>
							<String ID="string_73" HPOS="869" VPOS="402" WIDTH="163" HEIGHT="26" WC="0.88" CONTENT="sammanjemk-"/>
						</TextLine>
						<TextLine ID="line_10" HPOS="205" VPOS="429" WIDTH="829" HEIGHT="28">
							<String ID="string_74" HPOS="205" VPOS="429" WIDTH="166" HEIGHT="28" WC="0.92" CONTENT="ningsförslaget"/><SP WIDTH="21" VPOS="429" HPOS="371"/>
							<String ID="string_75" HPOS="392" VPOS="431" WIDTH="68" HEIGHT="21" WC="0.96" CONTENT="under"/><SP WIDTH="22" VPOS="431" HPOS="460"/>
							<String ID="string_76" HPOS="482" VPOS="430" WIDTH="143" HEIGHT="27" WC="0.96" CONTENT="förhoppning"/><SP WIDTH="23" VPOS="430" HPOS="625"/>
							<String ID="string_77" HPOS="648" VPOS="432" WIDTH="33" HEIGHT="19" WC="0.96" CONTENT="att"/><SP WIDTH="24" VPOS="432" HPOS="681"/>
							<String ID="string_78" HPOS="705" VPOS="430" WIDTH="59" HEIGHT="21" WC="0.96" CONTENT="Hans"/><SP WIDTH="24" VPOS="430" HPOS="764"/>
							<String ID="string_79" HPOS="788" VPOS="430" WIDTH="121" HEIGHT="27" WC="0.94" CONTENT="Kejserliga"/><SP WIDTH="23" VPOS="430" HPOS="909"/>
							<String ID="string_80" HPOS="932" VPOS="430" WIDTH="102" HEIGHT="27" WC="0.96" CONTENT="Majestät"/>
						</TextLine>
						<TextLine ID="line_11" HPOS="205" VPOS="458" WIDTH="827" HEIGHT="28">
							<String ID="string_81" HPOS="205" VPOS="459" WIDTH="56" HEIGHT="21" WC="0.96" CONTENT="skall"/><SP WIDTH="15" VPOS="459" HPOS="261"/>
							<String ID="string_82" HPOS="276" VPOS="458" WIDTH="57" HEIGHT="22" WC="0.96" CONTENT="finna"/><SP WIDTH="15" VPOS="458" HPOS="333"/>
							<String ID="string_83" HPOS="348" VPOS="459" WIDTH="46" HEIGHT="21" WC="0.96" CONTENT="skäl"/><SP WIDTH="17" VPOS="459" HPOS="394"/>
							<String ID="string_84" HPOS="411" VPOS="461" WIDTH="32" HEIGHT="20" WC="0.93" CONTENT="att"/><SP WIDTH="15" VPOS="461" HPOS="443"/>
							<String ID="string_85" HPOS="458" VPOS="459" WIDTH="109" HEIGHT="27" WC="0.92" CONTENT="upphäfva"/><SP WIDTH="15" VPOS="459" HPOS="567"/>
							<String ID="string_86" HPOS="582" VPOS="459" WIDTH="41" HEIGHT="21" WC="0.97" CONTENT="den"/><SP WIDTH="16" VPOS="459" HPOS="623"/>
							<String ID="string_87" HPOS="639" VPOS="459" WIDTH="6" HEIGHT="21" WC="0.96" CONTENT="i"/><SP WIDTH="18" VPOS="459" HPOS="645"/>
							<String ID="string_88" HPOS="663" VPOS="461" WIDTH="8" HEIGHT="18" WC="0.92" CONTENT="1"/><SP WIDTH="18" VPOS="461" HPOS="671"/>
							<String ID="string_89" HPOS="689" VPOS="465" WIDTH="62" HEIGHT="15" WC="0.96" CONTENT="mom."/><SP WIDTH="24" VPOS="465" HPOS="751"/>
							<String ID="string_90" HPOS="775" VPOS="458" WIDTH="22" HEIGHT="22" WC="0.96" CONTENT="af"/><SP WIDTH="18" VPOS="458" HPOS="797"/>
							<String ID="string_91" HPOS="815" VPOS="459" WIDTH="121" HEIGHT="27" WC="0.93" CONTENT="Kejserliga"/><SP WIDTH="15" VPOS="459" HPOS="936"/>
							<String ID="string_92" HPOS="951" VPOS="459" WIDTH="81" HEIGHT="26" WC="0.93" CONTENT="kungö-"/>
						</TextLine>
						<TextLine ID="line_12" HPOS="205" VPOS="487" WIDTH="828" HEIGHT="28">
							<String ID="string_93" HPOS="205" VPOS="487" WIDTH="70" HEIGHT="22" WC="0.92" CONTENT="relsen"/><SP WIDTH="16" VPOS="487" HPOS="275"/>
							<String ID="string_94" HPOS="291" VPOS="487" WIDTH="22" HEIGHT="22" WC="0.96" CONTENT="af"/><SP WIDTH="14" VPOS="487" HPOS="313"/>
							<String ID="string_95" HPOS="327" VPOS="488" WIDTH="41" HEIGHT="21" WC="0.95" CONTENT="den"/><SP WIDTH="15" VPOS="488" HPOS="368"/>
							<String ID="string_96" HPOS="383" VPOS="490" WIDTH="26" HEIGHT="19" WC="0.96" CONTENT="30"/><SP WIDTH="16" VPOS="490" HPOS="409"/>
							<String ID="string_97" HPOS="425" VPOS="488" WIDTH="121" HEIGHT="21" WC="0.96" CONTENT="November"/><SP WIDTH="17" VPOS="488" HPOS="546"/>
							<String ID="string_98" HPOS="563" VPOS="489" WIDTH="53" HEIGHT="20" WC="0.93" CONTENT="1871"/><SP WIDTH="17" VPOS="489" HPOS="616"/>
							<String ID="string_99" HPOS="633" VPOS="487" WIDTH="106" HEIGHT="28" WC="0.92" CONTENT="ingäende"/><SP WIDTH="16" VPOS="487" HPOS="739"/>
							<String ID="string_100" HPOS="755" VPOS="487" WIDTH="169" HEIGHT="28" WC="0.91" CONTENT="bestämningen,"/><SP WIDTH="18" VPOS="487" HPOS="924"/>
							<String ID="string_101" HPOS="942" VPOS="488" WIDTH="91" HEIGHT="21" WC="0.91" CONTENT="rörande"/>
						</TextLine>
						<TextLine ID="line_13" HPOS="205" VPOS="516" WIDTH="828" HEIGHT="27">
							<String ID="string_102" HPOS="205" VPOS="516" WIDTH="252" HEIGHT="27" WC="0.92" CONTENT="undervisningsspräket"/><SP WIDTH="16" VPOS="516" HPOS="457"/>
							<String ID="string_103" HPOS="473" VPOS="517" WIDTH="34" HEIGHT="21" WC="0.93" CONTENT="vid"/><SP WIDTH="15" VPOS="517" HPOS="507"/>
							<String ID="string_104" HPOS="522" VPOS="517" WIDTH="107" HEIGHT="25" WC="0.91" CONTENT="skolorna,"/><SP WIDTH="18" VPOS="517" HPOS="629"/>
							<String ID="string_105" HPOS="647" VPOS="517" WIDTH="40" HEIGHT="21" WC="0.96" CONTENT="och"/><SP WIDTH="16" VPOS="517" HPOS="687"/>
							<String ID="string_106" HPOS="703" VPOS="518" WIDTH="38" HEIGHT="24" WC="0.93" CONTENT="att,"/><SP WIDTH="17" VPOS="518" HPOS="741"/>
							<String ID="string_107" HPOS="758" VPOS="517" WIDTH="73" HEIGHT="20" WC="0.92" CONTENT="derest"/><SP WIDTH="20" VPOS="517" HPOS="831"/>
							<String ID="string_108" HPOS="851" VPOS="516" WIDTH="60" HEIGHT="22" WC="0.93" CONTENT="Hans"/><SP WIDTH="21" VPOS="516" HPOS="911"/>
							<String ID="string_109" HPOS="932" VPOS="516" WIDTH="101" HEIGHT="27" WC="0.92" CONTENT="Majestät"/>
						</TextLine>
						<TextLine ID="line_14" HPOS="204" VPOS="544" WIDTH="829" HEIGHT="28">
							<String ID="string_110" HPOS="204" VPOS="545" WIDTH="93" HEIGHT="22" WC="0.96" CONTENT="skänker"/><SP WIDTH="22" VPOS="545" HPOS="297"/>
							<String ID="string_111" HPOS="319" VPOS="545" WIDTH="39" HEIGHT="22" WC="0.93" CONTENT="sitt"/><SP WIDTH="22" VPOS="545" HPOS="358"/>
							<String ID="string_112" HPOS="380" VPOS="545" WIDTH="59" HEIGHT="22" WC="0.96" CONTENT="bifall"/><SP WIDTH="19" VPOS="545" HPOS="439"/>
							<String ID="string_113" HPOS="458" VPOS="545" WIDTH="32" HEIGHT="22" WC="0.93" CONTENT="till"/><SP WIDTH="16" VPOS="545" HPOS="490"/>
							<String ID="string_114" HPOS="506" VPOS="545" WIDTH="128" HEIGHT="22" WC="0.96" CONTENT="ständernas"/><SP WIDTH="16" VPOS="545" HPOS="634"/>
							<String ID="string_115" HPOS="650" VPOS="545" WIDTH="91" HEIGHT="27" WC="0.95" CONTENT="petition"/><SP WIDTH="16" VPOS="545" HPOS="741"/>
							<String ID="string_116" HPOS="757" VPOS="551" WIDTH="34" HEIGHT="15" WC="0.93" CONTENT="om"/><SP WIDTH="16" VPOS="551" HPOS="791"/>
							<String ID="string_117" HPOS="807" VPOS="545" WIDTH="134" HEIGHT="21" WC="0.96" CONTENT="inrättandet"/><SP WIDTH="15" VPOS="545" HPOS="941"/>
							<String ID="string_118" HPOS="956" VPOS="544" WIDTH="22" HEIGHT="22" WC="0.97" CONTENT="af"/><SP WIDTH="14" VPOS="544" HPOS="978"/>
							<String ID="string_119" HPOS="992" VPOS="551" WIDTH="41" HEIGHT="21" WC="0.96" CONTENT="nya"/>
						</TextLine>
						<TextLine ID="line_15" HPOS="204" VPOS="573" WIDTH="828" HEIGHT="28">
							<String ID="string_120" HPOS="204" VPOS="573" WIDTH="70" HEIGHT="22" WC="0.93" CONTENT="finska"/><SP WIDTH="15" VPOS="573" HPOS="274"/>
							<String ID="string_121" HPOS="289" VPOS="574" WIDTH="78" HEIGHT="26" WC="0.92" CONTENT="skolor,"/><SP WIDTH="18" VPOS="574" HPOS="367"/>
							<String ID="string_122" HPOS="385" VPOS="574" WIDTH="77" HEIGHT="21" WC="0.92" CONTENT="sädant"/><SP WIDTH="15" VPOS="574" HPOS="462"/>
							<String ID="string_123" HPOS="477" VPOS="574" WIDTH="47" HEIGHT="21" WC="0.92" CONTENT="icke"/><SP WIDTH="15" VPOS="574" HPOS="524"/>
							<String ID="string_124" HPOS="539" VPOS="574" WIDTH="68" HEIGHT="21" WC="0.91" CONTENT="mätte"/><SP WIDTH="16" VPOS="574" HPOS="607"/>
							<String ID="string_125" HPOS="623" VPOS="574" WIDTH="38" HEIGHT="21" WC="0.91" CONTENT="ske"/><SP WIDTH="16" VPOS="574" HPOS="661"/>
							<String ID="string_126" HPOS="677" VPOS="575" WIDTH="28" HEIGHT="26" WC="0.93" CONTENT="pä"/><SP WIDTH="14" VPOS="575" HPOS="705"/>
							<String ID="string_127" HPOS="719" VPOS="574" WIDTH="123" HEIGHT="21" WC="0.92" CONTENT="bekostnad"/><SP WIDTH="16" VPOS="574" HPOS="842"/>
							<String ID="string_128" HPOS="858" VPOS="573" WIDTH="22" HEIGHT="22" WC="0.96" CONTENT="af"/><SP WIDTH="14" VPOS="573" HPOS="880"/>
							<String ID="string_129" HPOS="894" VPOS="574" WIDTH="26" HEIGHT="21" WC="0.96" CONTENT="de"/><SP WIDTH="16" VPOS="574" HPOS="920"/>
							<String ID="string_130" HPOS="936" VPOS="573" WIDTH="7" HEIGHT="22" WC="0.96" CONTENT="i"/><SP WIDTH="15" VPOS="573" HPOS="943"/>
							<String ID="string_131" HPOS="958" VPOS="573" WIDTH="74" HEIGHT="22" WC="0.96" CONTENT="landet"/>
						</TextLine>
						<TextLine ID="line_16" HPOS="205" VPOS="602" WIDTH="827" HEIGHT="28">
							<String ID="string_132" HPOS="205" VPOS="602" WIDTH="134" HEIGHT="22" WC="0.96" CONTENT="existerande"/><SP WIDTH="16" VPOS="602" HPOS="339"/>
							<String ID="string_133" HPOS="355" VPOS="603" WIDTH="92" HEIGHT="21" WC="0.93" CONTENT="svenska"/><SP WIDTH="15" VPOS="603" HPOS="447"/>
							<String ID="string_134" HPOS="462" VPOS="603" WIDTH="78" HEIGHT="26" WC="0.96" CONTENT="skolor,"/><SP WIDTH="18" VPOS="603" HPOS="540"/>
							<String ID="string_135" HPOS="558" VPOS="603" WIDTH="25" HEIGHT="21" WC="0.96" CONTENT="sä"/><SP WIDTH="15" VPOS="603" HPOS="583"/>
							<String ID="string_136" HPOS="598" VPOS="603" WIDTH="63" HEIGHT="27" WC="0.96" CONTENT="länge"/><SP WIDTH="16" VPOS="603" HPOS="661"/>
							<String ID="string_137" HPOS="677" VPOS="603" WIDTH="64" HEIGHT="21" WC="0.96" CONTENT="dessa"/><SP WIDTH="16" VPOS="603" HPOS="741"/>
							<String ID="string_138" HPOS="757" VPOS="602" WIDTH="23" HEIGHT="22" WC="0.96" CONTENT="af"/><SP WIDTH="13" VPOS="602" HPOS="780"/>
							<String ID="string_139" HPOS="793" VPOS="605" WIDTH="32" HEIGHT="19" WC="0.96" CONTENT="ett"/><SP WIDTH="15" VPOS="605" HPOS="825"/>
							<String ID="string_140" HPOS="840" VPOS="602" WIDTH="126" HEIGHT="27" WC="0.95" CONTENT="tillräckligt"/><SP WIDTH="8" VPOS="602" HPOS="966"/>
							<String ID="string_141" HPOS="974" VPOS="603" WIDTH="58" HEIGHT="20" WC="0.96" CONTENT="antal"/>
						</TextLine>
						<TextLine ID="line_17" HPOS="205" VPOS="631" WIDTH="219" HEIGHT="27">
							<String ID="string_142" HPOS="205" VPOS="631" WIDTH="71" HEIGHT="22" WC="0.93" CONTENT="elever"/><SP WIDTH="15" VPOS="631" HPOS="276"/>
							<String ID="string_143" HPOS="291" VPOS="631" WIDTH="133" HEIGHT="27" WC="0.87" CONTENT="uppbäras*;"/>
						</TextLine>
					</TextBlock>
					<TextBlock ID="block_4" HPOS="207" VPOS="659" WIDTH="825" HEIGHT="57">
						<TextLine ID="line_18" HPOS="273" VPOS="659" WIDTH="759" HEIGHT="28">
							<String ID="string_144" HPOS="273" VPOS="659" WIDTH="168" HEIGHT="23" WC="0.59" CONTENT="Ofverlemnades"/><SP WIDTH="20" VPOS="659" HPOS="441"/>
							<String ID="string_145" HPOS="461" VPOS="660" WIDTH="7" HEIGHT="21" WC="0.96" CONTENT="i"/><SP WIDTH="23" VPOS="660" HPOS="468"/>
							<String ID="string_146" HPOS="491" VPOS="660" WIDTH="101" HEIGHT="21" WC="0.93" CONTENT="afseende"/><SP WIDTH="17" VPOS="660" HPOS="592"/>
							<String ID="string_147" HPOS="609" VPOS="660" WIDTH="12" HEIGHT="20" WC="0.89" CONTENT="&amp;"/><SP WIDTH="16" VPOS="660" HPOS="621"/>
							<String ID="string_148" HPOS="637" VPOS="660" WIDTH="60" HEIGHT="21" WC="0.96" CONTENT="detta"/><SP WIDTH="16" VPOS="660" HPOS="697"/>
							<String ID="string_149" HPOS="713" VPOS="660" WIDTH="79" HEIGHT="27" WC="0.96" CONTENT="förslag"/><SP WIDTH="16" VPOS="660" HPOS="792"/>
							<String ID="string_150" HPOS="808" VPOS="659" WIDTH="32" HEIGHT="21" WC="0.93" CONTENT="till"/><SP WIDTH="15" VPOS="659" HPOS="840"/>
							<String ID="string_151" HPOS="855" VPOS="660" WIDTH="134" HEIGHT="21" WC="0.92" CONTENT="besvarande"/><SP WIDTH="17" VPOS="660" HPOS="989"/>
							<String ID="string_152" HPOS="1006" VPOS="667" WIDTH="26" HEIGHT="14" WC="0.96" CONTENT="en"/>
						</TextLine>
						<TextLine ID="line_19" HPOS="207" VPOS="688" WIDTH="396" HEIGHT="28">
							<String ID="string_153" HPOS="207" VPOS="688" WIDTH="133" HEIGHT="27" WC="0.96" CONTENT="proposition"/><SP WIDTH="16" VPOS="688" HPOS="340"/>
							<String ID="string_154" HPOS="356" VPOS="688" WIDTH="23" HEIGHT="22" WC="0.96" CONTENT="af"/><SP WIDTH="13" VPOS="688" HPOS="379"/>
							<String ID="string_155" HPOS="392" VPOS="688" WIDTH="93" HEIGHT="28" WC="0.93" CONTENT="följande"/><SP WIDTH="14" VPOS="688" HPOS="485"/>
							<String ID="string_156" HPOS="499" VPOS="688" WIDTH="104" HEIGHT="22" WC="0.91" CONTENT="innehäll:"/>
						</TextLine>
					</TextBlock>
					<TextBlock ID="block_5" HPOS="205" VPOS="717" WIDTH="826" HEIGHT="56">
						<TextLine ID="line_20" HPOS="275" VPOS="717" WIDTH="756" HEIGHT="27">
							<String ID="string_157" HPOS="275" VPOS="734" WIDTH="8" HEIGHT="9" WC="0.84" CONTENT="»"/><SP WIDTH="4" VPOS="734" HPOS="283"/>
							<String ID="string_158" HPOS="287" VPOS="717" WIDTH="42" HEIGHT="21" WC="0.93" CONTENT="Vill"/><SP WIDTH="15" VPOS="717" HPOS="329"/>
							<String ID="string_159" HPOS="344" VPOS="718" WIDTH="159" HEIGHT="26" WC="0.91" CONTENT="Ridderskapet"/><SP WIDTH="15" VPOS="718" HPOS="503"/>
							<String ID="string_160" HPOS="518" VPOS="717" WIDTH="40" HEIGHT="21" WC="0.93" CONTENT="och"/><SP WIDTH="17" VPOS="717" HPOS="558"/>
							<String ID="string_161" HPOS="575" VPOS="717" WIDTH="68" HEIGHT="21" WC="0.92" CONTENT="Adeln"/><SP WIDTH="14" VPOS="717" HPOS="643"/>
							<String ID="string_162" HPOS="657" VPOS="717" WIDTH="73" HEIGHT="21" WC="0.96" CONTENT="bifalla"/><SP WIDTH="15" VPOS="717" HPOS="730"/>
							<String ID="string_163" HPOS="745" VPOS="717" WIDTH="49" HEIGHT="21" WC="0.93" CONTENT="herr"/><SP WIDTH="15" VPOS="717" HPOS="794"/>
							<String ID="string_164" HPOS="809" VPOS="717" WIDTH="133" HEIGHT="21" WC="0.87" CONTENT="Schaumans"/><SP WIDTH="10" VPOS="717" HPOS="942"/>
							<String ID="string_165" HPOS="952" VPOS="717" WIDTH="79" HEIGHT="27" WC="0.96" CONTENT="förslag"/>
						</TextLine>
						<TextLine ID="line_21" HPOS="205" VPOS="746" WIDTH="722" HEIGHT="27">
							<String ID="string_166" HPOS="205" VPOS="747" WIDTH="33" HEIGHT="20" WC="0.92" CONTENT="att"/><SP WIDTH="15" VPOS="747" HPOS="238"/>
							<String ID="string_167" HPOS="253" VPOS="746" WIDTH="31" HEIGHT="21" WC="0.95" CONTENT="uti"/><SP WIDTH="16" VPOS="746" HPOS="284"/>
							<String ID="string_168" HPOS="300" VPOS="746" WIDTH="131" HEIGHT="27" WC="0.96" CONTENT="protokollet"/><SP WIDTH="15" VPOS="746" HPOS="431"/>
							<String ID="string_169" HPOS="446" VPOS="746" WIDTH="106" HEIGHT="27" WC="0.96" CONTENT="nedlägga"/><SP WIDTH="16" VPOS="746" HPOS="552"/>
							<String ID="string_170" HPOS="568" VPOS="746" WIDTH="41" HEIGHT="21" WC="0.95" CONTENT="den"/><SP WIDTH="15" VPOS="746" HPOS="609"/>
							<String ID="string_171" HPOS="624" VPOS="746" WIDTH="123" HEIGHT="27" WC="0.93" CONTENT="föreslagna"/><SP WIDTH="11" VPOS="746" HPOS="747"/>
							<String ID="string_172" HPOS="758" VPOS="746" WIDTH="169" HEIGHT="27" WC="0.85" CONTENT="anteckningen"/><SP WIDTH="-9" VPOS="746" HPOS="927"/>
							<String ID="string_173" HPOS="918" VPOS="742" WIDTH="12" HEIGHT="36" WC="0.85" CONTENT=";"/>
						</TextLine>
					</TextBlock>
					<TextBlock ID="block_6" HPOS="274" VPOS="774" WIDTH="464" HEIGHT="28">
						<TextLine ID="line_22" HPOS="274" VPOS="774" WIDTH="464" HEIGHT="28">
							<String ID="string_174" HPOS="274" VPOS="775" WIDTH="74" HEIGHT="21" WC="0.93" CONTENT="vinner"/><SP WIDTH="14" VPOS="775" HPOS="348"/>
							<String ID="string_175" HPOS="362" VPOS="774" WIDTH="41" HEIGHT="28" WC="0.93" CONTENT="nej,"/><SP WIDTH="16" VPOS="774" HPOS="403"/>
							<String ID="string_176" HPOS="419" VPOS="774" WIDTH="95" HEIGHT="23" WC="0.88" CONTENT="förfaller"/><SP WIDTH="15" VPOS="774" HPOS="514"/>
							<String ID="string_177" HPOS="529" VPOS="775" WIDTH="92" HEIGHT="21" WC="0.93" CONTENT="berörda"/><SP WIDTH="16" VPOS="775" HPOS="621"/>
							<String ID="string_178" HPOS="637" VPOS="774" WIDTH="101" HEIGHT="28" WC="0.90" CONTENT="förslag*."/>
						</TextLine>
					</TextBlock>
					<TextBlock ID="block_7" HPOS="202" VPOS="803" WIDTH="830" HEIGHT="85">
						<TextLine ID="line_23" HPOS="273" VPOS="803" WIDTH="758" HEIGHT="27">
							<String ID="string_179" HPOS="273" VPOS="804" WIDTH="163" HEIGHT="26" WC="0.96" CONTENT="Propositionen"/><SP WIDTH="16" VPOS="804" HPOS="436"/>
							<String ID="string_180" HPOS="452" VPOS="804" WIDTH="130" HEIGHT="21" WC="0.96" CONTENT="besvarades"/><SP WIDTH="17" VPOS="804" HPOS="582"/>
							<String ID="string_181" HPOS="599" VPOS="809" WIDTH="77" HEIGHT="21" WC="0.93" CONTENT="genom"/><SP WIDTH="16" VPOS="809" HPOS="676"/>
							<String ID="string_182" HPOS="692" VPOS="804" WIDTH="92" HEIGHT="21" WC="0.96" CONTENT="anställd"/><SP WIDTH="9" VPOS="804" HPOS="784"/>
							<String ID="string_183" HPOS="793" VPOS="803" WIDTH="133" HEIGHT="27" WC="0.96" CONTENT="omröstning"/><SP WIDTH="15" VPOS="803" HPOS="926"/>
							<String ID="string_184" HPOS="941" VPOS="804" WIDTH="48" HEIGHT="20" WC="0.96" CONTENT="med"/><SP WIDTH="15" VPOS="804" HPOS="989"/>
							<String ID="string_185" HPOS="1004" VPOS="805" WIDTH="27" HEIGHT="19" WC="0.96" CONTENT="28"/>
						</TextLine>
						<TextLine ID="line_24" HPOS="202" VPOS="831" WIDTH="830" HEIGHT="29">
							<String ID="string_186" HPOS="202" VPOS="831" WIDTH="24" HEIGHT="27" WC="0.96" CONTENT="ja"/><SP WIDTH="16" VPOS="831" HPOS="226"/>
							<String ID="string_187" HPOS="242" VPOS="832" WIDTH="40" HEIGHT="21" WC="0.96" CONTENT="och"/><SP WIDTH="19" VPOS="832" HPOS="282"/>
							<String ID="string_188" HPOS="301" VPOS="834" WIDTH="24" HEIGHT="19" WC="0.96" CONTENT="17"/><SP WIDTH="16" VPOS="834" HPOS="325"/>
							<String ID="string_189" HPOS="341" VPOS="832" WIDTH="41" HEIGHT="28" WC="0.94" CONTENT="nej,"/><SP WIDTH="17" VPOS="832" HPOS="382"/>
							<String ID="string_190" HPOS="399" VPOS="832" WIDTH="32" HEIGHT="22" WC="0.96" CONTENT="till"/><SP WIDTH="15" VPOS="832" HPOS="431"/>
							<String ID="string_191" HPOS="446" VPOS="832" WIDTH="53" HEIGHT="27" WC="0.96" CONTENT="följd"/><SP WIDTH="16" VPOS="832" HPOS="499"/>
							<String ID="string_192" HPOS="515" VPOS="832" WIDTH="76" HEIGHT="21" WC="0.96" CONTENT="hvaraf"/><SP WIDTH="14" VPOS="832" HPOS="591"/>
							<String ID="string_193" HPOS="605" VPOS="832" WIDTH="87" HEIGHT="21" WC="0.96" CONTENT="ståndet"/><SP WIDTH="15" VPOS="832" HPOS="692"/>
							<String ID="string_194" HPOS="707" VPOS="832" WIDTH="96" HEIGHT="22" WC="0.96" CONTENT="beslutat"/><SP WIDTH="16" VPOS="832" HPOS="803"/>
							<String ID="string_195" HPOS="819" VPOS="834" WIDTH="33" HEIGHT="19" WC="0.96" CONTENT="att"/><SP WIDTH="10" VPOS="834" HPOS="852"/>
							<String ID="string_196" HPOS="862" VPOS="832" WIDTH="31" HEIGHT="21" WC="0.96" CONTENT="uti"/><SP WIDTH="9" VPOS="832" HPOS="893"/>
							<String ID="string_197" HPOS="902" VPOS="832" WIDTH="130" HEIGHT="26" WC="0.96" CONTENT="protokollet"/>
						</TextLine>
						<TextLine ID="line_25" HPOS="205" VPOS="860" WIDTH="791" HEIGHT="28">
							<String ID="string_198" HPOS="205" VPOS="860" WIDTH="106" HEIGHT="28" WC="0.96" CONTENT="nedlägga"/><SP WIDTH="16" VPOS="860" HPOS="311"/>
							<String ID="string_199" HPOS="327" VPOS="860" WIDTH="37" HEIGHT="22" WC="0.96" CONTENT="det"/><SP WIDTH="15" VPOS="860" HPOS="364"/>
							<String ID="string_200" HPOS="379" VPOS="861" WIDTH="22" HEIGHT="21" WC="0.96" CONTENT="af"/><SP WIDTH="14" VPOS="861" HPOS="401"/>
							<String ID="string_201" HPOS="415" VPOS="861" WIDTH="49" HEIGHT="22" WC="0.96" CONTENT="herr"/><SP WIDTH="16" VPOS="861" HPOS="464"/>
							<String ID="string_202" HPOS="480" VPOS="861" WIDTH="127" HEIGHT="26" WC="0.96" CONTENT="Schauman,"/><SP WIDTH="16" VPOS="861" HPOS="607"/>
							<String ID="string_203" HPOS="623" VPOS="861" WIDTH="92" HEIGHT="27" WC="0.96" CONTENT="August,"/><SP WIDTH="16" VPOS="861" HPOS="715"/>
							<String ID="string_204" HPOS="731" VPOS="860" WIDTH="123" HEIGHT="28" WC="0.96" CONTENT="föreslagna"/><SP WIDTH="15" VPOS="860" HPOS="854"/>
							<String ID="string_205" HPOS="869" VPOS="860" WIDTH="127" HEIGHT="22" WC="0.96" CONTENT="uttalandet."/>
						</TextLine>
					</TextBlock>
				</ComposedBlock>
				<ComposedBlock ID="cblock_3" HPOS="204" VPOS="946" WIDTH="828" HEIGHT="113">
					<TextBlock ID="block_8" HPOS="204" VPOS="946" WIDTH="828" HEIGHT="113">
						<TextLine ID="line_26" HPOS="273" VPOS="946" WIDTH="759" HEIGHT="28">
							<String ID="string_206" HPOS="273" VPOS="946" WIDTH="41" HEIGHT="22" WC="0.96" CONTENT="Till"/><SP WIDTH="16" VPOS="946" HPOS="314"/>
							<String ID="string_207" HPOS="330" VPOS="946" WIDTH="129" HEIGHT="28" WC="0.93" CONTENT="behandling"/><SP WIDTH="16" VPOS="946" HPOS="459"/>
							<String ID="string_208" HPOS="475" VPOS="946" WIDTH="111" HEIGHT="28" WC="0.92" CONTENT="föredrogs"/><SP WIDTH="16" VPOS="946" HPOS="586"/>
							<String ID="string_209" HPOS="602" VPOS="946" WIDTH="53" HEIGHT="22" WC="0.92" CONTENT="härä"/><SP WIDTH="16" VPOS="946" HPOS="655"/>
							<String ID="string_210" HPOS="671" VPOS="946" WIDTH="40" HEIGHT="22" WC="0.96" CONTENT="och"/><SP WIDTH="20" VPOS="946" HPOS="711"/>
							<String ID="string_211" HPOS="731" VPOS="946" WIDTH="125" HEIGHT="27" WC="0.96" CONTENT="godkändes"/><SP WIDTH="20" VPOS="946" HPOS="856"/>
							<String ID="string_212" HPOS="876" VPOS="948" WIDTH="51" HEIGHT="20" WC="0.92" CONTENT="utan"/><SP WIDTH="21" VPOS="948" HPOS="927"/>
							<String ID="string_213" HPOS="948" VPOS="946" WIDTH="84" HEIGHT="22" WC="0.92" CONTENT="diskus-"/>
						</TextLine>
						<TextLine ID="line_27" HPOS="205" VPOS="975" WIDTH="827" HEIGHT="27">
							<String ID="string_214" HPOS="205" VPOS="975" WIDTH="48" HEIGHT="21" WC="0.93" CONTENT="sion"/><SP WIDTH="16" VPOS="975" HPOS="253"/>
							<String ID="string_215" HPOS="269" VPOS="975" WIDTH="164" HEIGHT="27" WC="0.91" CONTENT="Lagutskottets"/><SP WIDTH="16" VPOS="975" HPOS="433"/>
							<String ID="string_216" HPOS="449" VPOS="976" WIDTH="120" HEIGHT="26" WC="0.91" CONTENT="bordlagda"/><SP WIDTH="15" VPOS="976" HPOS="569"/>
							<String ID="string_217" HPOS="584" VPOS="976" WIDTH="136" HEIGHT="21" WC="0.96" CONTENT="betänkande"/><SP WIDTH="16" VPOS="976" HPOS="720"/>
							<String ID="string_218" HPOS="736" VPOS="975" WIDTH="6" HEIGHT="21" WC="0.95" CONTENT="i"/><SP WIDTH="17" VPOS="975" HPOS="742"/>
							<String ID="string_219" HPOS="759" VPOS="975" WIDTH="114" HEIGHT="27" WC="0.96" CONTENT="anledning"/><SP WIDTH="15" VPOS="975" HPOS="873"/>
							<String ID="string_220" HPOS="888" VPOS="975" WIDTH="22" HEIGHT="21" WC="0.96" CONTENT="af"/><SP WIDTH="14" VPOS="975" HPOS="910"/>
							<String ID="string_221" HPOS="924" VPOS="977" WIDTH="32" HEIGHT="19" WC="0.96" CONTENT="ett"/><SP WIDTH="19" VPOS="977" HPOS="956"/>
							<String ID="string_222" HPOS="975" VPOS="975" WIDTH="57" HEIGHT="21" WC="0.95" CONTENT="inom"/>
						</TextLine>
						<TextLine ID="line_28" HPOS="204" VPOS="1003" WIDTH="828" HEIGHT="28">
							<String ID="string_223" HPOS="204" VPOS="1004" WIDTH="163" HEIGHT="21" WC="0.91" CONTENT="Bondeståndet"/><SP WIDTH="14" VPOS="1004" HPOS="367"/>
							<String ID="string_224" HPOS="381" VPOS="1004" WIDTH="131" HEIGHT="21" WC="0.91" CONTENT="framställdt"/><SP WIDTH="8" VPOS="1004" HPOS="512"/>
							<String ID="string_225" HPOS="520" VPOS="1004" WIDTH="184" HEIGHT="27" WC="0.91" CONTENT="petitionsförslag"/><SP WIDTH="16" VPOS="1004" HPOS="704"/>
							<String ID="string_226" HPOS="720" VPOS="1004" WIDTH="109" HEIGHT="27" WC="0.93" CONTENT="angående"/><SP WIDTH="17" VPOS="1004" HPOS="829"/>
							<String ID="string_227" HPOS="846" VPOS="1003" WIDTH="150" HEIGHT="28" WC="0.91" CONTENT="upphäfvande"/><SP WIDTH="16" VPOS="1003" HPOS="996"/>
							<String ID="string_228" HPOS="1012" VPOS="1003" WIDTH="20" HEIGHT="22" WC="0.96" CONTENT="af"/>
						</TextLine>
						<TextLine ID="line_29" HPOS="206" VPOS="1031" WIDTH="213" HEIGHT="28">
							<String ID="string_229" HPOS="206" VPOS="1033" WIDTH="11" HEIGHT="20" WC="0.91" CONTENT="5"/><SP WIDTH="17" VPOS="1033" HPOS="217"/>
							<String ID="string_230" HPOS="234" VPOS="1031" WIDTH="11" HEIGHT="28" WC="0.84" CONTENT="$"/><SP WIDTH="16" VPOS="1031" HPOS="245"/>
							<String ID="string_231" HPOS="261" VPOS="1033" WIDTH="12" HEIGHT="20" WC="0.96" CONTENT="2"/><SP WIDTH="16" VPOS="1033" HPOS="273"/>
							<String ID="string_232" HPOS="289" VPOS="1033" WIDTH="48" HEIGHT="26" WC="0.96" CONTENT="kap."/><SP WIDTH="17" VPOS="1033" HPOS="337"/>
							<String ID="string_233" HPOS="354" VPOS="1033" WIDTH="25" HEIGHT="21" WC="0.93" CONTENT="G."/><SP WIDTH="17" VPOS="1033" HPOS="379"/>
							<String ID="string_234" HPOS="396" VPOS="1033" WIDTH="23" HEIGHT="21" WC="0.91" CONTENT="B."/>
						</TextLine>
					</TextBlock>
				</ComposedBlock>
				<GraphicalElement ID="cblock_4" HPOS="550" VPOS="1072" WIDTH="98" HEIGHT="3"></GraphicalElement >
				<ComposedBlock ID="cblock_5" HPOS="204" VPOS="1089" WIDTH="831" HEIGHT="457">
					<TextBlock ID="block_9" HPOS="205" VPOS="1089" WIDTH="829" HEIGHT="199">
						<TextLine ID="line_30" HPOS="275" VPOS="1089" WIDTH="757" HEIGHT="27">
							<String ID="string_235" HPOS="275" VPOS="1089" WIDTH="33" HEIGHT="22" WC="0.88" CONTENT="Dä"/><SP WIDTH="23" VPOS="1089" HPOS="308"/>
							<String ID="string_236" HPOS="331" VPOS="1089" WIDTH="94" HEIGHT="22" WC="0.92" CONTENT="derefter"/><SP WIDTH="22" VPOS="1089" HPOS="425"/>
							<String ID="string_237" HPOS="447" VPOS="1089" WIDTH="32" HEIGHT="22" WC="0.93" CONTENT="till"/><SP WIDTH="22" VPOS="1089" HPOS="479"/>
							<String ID="string_238" HPOS="501" VPOS="1089" WIDTH="116" HEIGHT="27" WC="0.91" CONTENT="afgörande"/><SP WIDTH="23" VPOS="1089" HPOS="617"/>
							<String ID="string_239" HPOS="640" VPOS="1089" WIDTH="111" HEIGHT="27" WC="0.92" CONTENT="föredrogs"/><SP WIDTH="20" VPOS="1089" HPOS="751"/>
							<String ID="string_240" HPOS="771" VPOS="1089" WIDTH="165" HEIGHT="27" WC="0.92" CONTENT="Lagutskottets"/><SP WIDTH="21" VPOS="1089" HPOS="936"/>
							<String ID="string_241" HPOS="957" VPOS="1089" WIDTH="75" HEIGHT="22" WC="0.92" CONTENT="betän-"/>
						</TextLine>
						<TextLine ID="line_31" HPOS="205" VPOS="1117" WIDTH="827" HEIGHT="28">
							<String ID="string_242" HPOS="205" VPOS="1117" WIDTH="72" HEIGHT="22" WC="0.95" CONTENT="kande"/><SP WIDTH="16" VPOS="1117" HPOS="277"/>
							<String ID="string_243" HPOS="293" VPOS="1119" WIDTH="6" HEIGHT="20" WC="0.93" CONTENT="i"/><SP WIDTH="16" VPOS="1119" HPOS="299"/>
							<String ID="string_244" HPOS="315" VPOS="1119" WIDTH="115" HEIGHT="26" WC="0.96" CONTENT="anledning"/><SP WIDTH="16" VPOS="1119" HPOS="430"/>
							<String ID="string_245" HPOS="446" VPOS="1118" WIDTH="22" HEIGHT="21" WC="0.96" CONTENT="af"/><SP WIDTH="13" VPOS="1118" HPOS="468"/>
							<String ID="string_246" HPOS="481" VPOS="1120" WIDTH="31" HEIGHT="19" WC="0.96" CONTENT="ett"/><SP WIDTH="15" VPOS="1120" HPOS="512"/>
							<String ID="string_247" HPOS="527" VPOS="1119" WIDTH="57" HEIGHT="20" WC="0.93" CONTENT="inom"/><SP WIDTH="17" VPOS="1119" HPOS="584"/>
							<String ID="string_248" HPOS="601" VPOS="1119" WIDTH="159" HEIGHT="26" WC="0.91" CONTENT="Ridderskapet"/><SP WIDTH="15" VPOS="1119" HPOS="760"/>
							<String ID="string_249" HPOS="775" VPOS="1118" WIDTH="41" HEIGHT="21" WC="0.93" CONTENT="och"/><SP WIDTH="15" VPOS="1118" HPOS="816"/>
							<String ID="string_250" HPOS="831" VPOS="1118" WIDTH="69" HEIGHT="21" WC="0.92" CONTENT="Adeln"/><SP WIDTH="16" VPOS="1118" HPOS="900"/>
							<String ID="string_251" HPOS="916" VPOS="1118" WIDTH="64" HEIGHT="21" WC="0.93" CONTENT="väckt"/><SP WIDTH="10" VPOS="1118" HPOS="980"/>
							<String ID="string_252" HPOS="990" VPOS="1118" WIDTH="42" HEIGHT="22" WC="0.93" CONTENT="för-"/>
						</TextLine>
						<TextLine ID="line_32" HPOS="206" VPOS="1146" WIDTH="827" HEIGHT="28">
							<String ID="string_253" HPOS="206" VPOS="1146" WIDTH="47" HEIGHT="27" WC="0.93" CONTENT="slag"/><SP WIDTH="16" VPOS="1146" HPOS="253"/>
							<String ID="string_254" HPOS="269" VPOS="1147" WIDTH="110" HEIGHT="26" WC="0.91" CONTENT="angäende"/><SP WIDTH="16" VPOS="1147" HPOS="379"/>
							<String ID="string_255" HPOS="395" VPOS="1153" WIDTH="26" HEIGHT="16" WC="0.93" CONTENT="en"/><SP WIDTH="15" VPOS="1153" HPOS="421"/>
							<String ID="string_256" HPOS="436" VPOS="1147" WIDTH="134" HEIGHT="26" WC="0.93" CONTENT="underdänig"/><SP WIDTH="7" VPOS="1147" HPOS="570"/>
							<String ID="string_257" HPOS="577" VPOS="1147" WIDTH="91" HEIGHT="27" WC="0.93" CONTENT="petition"/><SP WIDTH="9" VPOS="1147" HPOS="668"/>
							<String ID="string_258" HPOS="677" VPOS="1153" WIDTH="34" HEIGHT="15" WC="0.93" CONTENT="om"/><SP WIDTH="9" VPOS="1153" HPOS="711"/>
							<String ID="string_259" HPOS="720" VPOS="1147" WIDTH="73" HEIGHT="26" WC="0.92" CONTENT="nädigt"/><SP WIDTH="8" VPOS="1147" HPOS="793"/>
							<String ID="string_260" HPOS="801" VPOS="1147" WIDTH="93" HEIGHT="21" WC="0.96" CONTENT="initiativ"/><SP WIDTH="8" VPOS="1147" HPOS="894"/>
							<String ID="string_261" HPOS="902" VPOS="1147" WIDTH="32" HEIGHT="21" WC="0.96" CONTENT="till"/><SP WIDTH="9" VPOS="1147" HPOS="934"/>
							<String ID="string_262" HPOS="943" VPOS="1147" WIDTH="90" HEIGHT="26" WC="0.96" CONTENT="ändring"/>
						</TextLine>
						<TextLine ID="line_33" HPOS="206" VPOS="1174" WIDTH="827" HEIGHT="29">
							<String ID="string_263" HPOS="206" VPOS="1174" WIDTH="23" HEIGHT="22" WC="0.96" CONTENT="af"/><SP WIDTH="13" VPOS="1174" HPOS="229"/>
							<String ID="string_264" HPOS="242" VPOS="1175" WIDTH="23" HEIGHT="21" WC="0.94" CONTENT="L."/><SP WIDTH="18" VPOS="1175" HPOS="265"/>
							<String ID="string_265" HPOS="283" VPOS="1175" WIDTH="23" HEIGHT="22" WC="0.46" CONTENT="0."/><SP WIDTH="17" VPOS="1175" HPOS="306"/>
							<String ID="string_266" HPOS="323" VPOS="1175" WIDTH="7" HEIGHT="21" WC="0.46" CONTENT="i"/><SP WIDTH="16" VPOS="1175" HPOS="330"/>
							<String ID="string_267" HPOS="346" VPOS="1175" WIDTH="61" HEIGHT="28" WC="0.96" CONTENT="syfte,"/><SP WIDTH="17" VPOS="1175" HPOS="407"/>
							<String ID="string_268" HPOS="424" VPOS="1176" WIDTH="46" HEIGHT="21" WC="0.96" CONTENT="dels"/><SP WIDTH="16" VPOS="1176" HPOS="470"/>
							<String ID="string_269" HPOS="486" VPOS="1177" WIDTH="32" HEIGHT="20" WC="0.95" CONTENT="att"/><SP WIDTH="16" VPOS="1177" HPOS="518"/>
							<String ID="string_270" HPOS="534" VPOS="1182" WIDTH="27" HEIGHT="15" WC="0.96" CONTENT="en"/><SP WIDTH="15" VPOS="1182" HPOS="561"/>
							<String ID="string_271" HPOS="576" VPOS="1175" WIDTH="98" HEIGHT="22" WC="0.93" CONTENT="bestämd"/><SP WIDTH="17" VPOS="1175" HPOS="674"/>
							<String ID="string_272" HPOS="691" VPOS="1176" WIDTH="86" HEIGHT="21" WC="0.96" CONTENT="kortare"/><SP WIDTH="15" VPOS="1176" HPOS="777"/>
							<String ID="string_273" HPOS="792" VPOS="1175" WIDTH="76" HEIGHT="27" WC="0.96" CONTENT="period"/><SP WIDTH="20" VPOS="1175" HPOS="868"/>
							<String ID="string_274" HPOS="888" VPOS="1175" WIDTH="32" HEIGHT="22" WC="0.93" CONTENT="för"/><SP WIDTH="16" VPOS="1175" HPOS="920"/>
							<String ID="string_275" HPOS="936" VPOS="1175" WIDTH="97" HEIGHT="22" WC="0.91" CONTENT="ständer-"/>
						</TextLine>
						<TextLine ID="line_34" HPOS="206" VPOS="1203" WIDTH="827" HEIGHT="28">
							<String ID="string_276" HPOS="206" VPOS="1209" WIDTH="39" HEIGHT="16" WC="0.93" CONTENT="nas"/><SP WIDTH="17" VPOS="1209" HPOS="245"/>
							<String ID="string_277" HPOS="262" VPOS="1205" WIDTH="172" HEIGHT="21" WC="0.92" CONTENT="sammanträden"/><SP WIDTH="17" VPOS="1205" HPOS="434"/>
							<String ID="string_278" HPOS="451" VPOS="1203" WIDTH="68" HEIGHT="22" WC="0.93" CONTENT="blefve"/><SP WIDTH="16" VPOS="1203" HPOS="519"/>
							<String ID="string_279" HPOS="535" VPOS="1203" WIDTH="116" HEIGHT="27" WC="0.92" CONTENT="fastställd,"/><SP WIDTH="17" VPOS="1203" HPOS="651"/>
							<String ID="string_280" HPOS="668" VPOS="1204" WIDTH="41" HEIGHT="21" WC="0.97" CONTENT="och"/><SP WIDTH="14" VPOS="1204" HPOS="709"/>
							<String ID="string_281" HPOS="723" VPOS="1204" WIDTH="46" HEIGHT="21" WC="0.97" CONTENT="dels"/><SP WIDTH="16" VPOS="1204" HPOS="769"/>
							<String ID="string_282" HPOS="785" VPOS="1205" WIDTH="32" HEIGHT="20" WC="0.93" CONTENT="att"/><SP WIDTH="16" VPOS="1205" HPOS="817"/>
							<String ID="string_283" HPOS="833" VPOS="1203" WIDTH="65" HEIGHT="22" WC="0.91" CONTENT="valaf"/><SP WIDTH="9" VPOS="1203" HPOS="898"/>
							<String ID="string_284" HPOS="907" VPOS="1204" WIDTH="126" HEIGHT="27" WC="0.92" CONTENT="landtdags-"/>
						</TextLine>
						<TextLine ID="line_35" HPOS="205" VPOS="1232" WIDTH="829" HEIGHT="27">
							<String ID="string_285" HPOS="205" VPOS="1234" WIDTH="49" HEIGHT="19" WC="0.96" CONTENT="män"/><SP WIDTH="16" VPOS="1234" HPOS="254"/>
							<String ID="string_286" HPOS="270" VPOS="1232" WIDTH="7" HEIGHT="21" WC="0.93" CONTENT="i"/><SP WIDTH="16" VPOS="1232" HPOS="277"/>
							<String ID="string_287" HPOS="293" VPOS="1233" WIDTH="91" HEIGHT="26" WC="0.93" CONTENT="Preste-,"/><SP WIDTH="16" VPOS="1233" HPOS="384"/>
							<String ID="string_288" HPOS="400" VPOS="1233" WIDTH="105" HEIGHT="26" WC="0.92" CONTENT="Borgare-"/><SP WIDTH="17" VPOS="1233" HPOS="505"/>
							<String ID="string_289" HPOS="522" VPOS="1233" WIDTH="41" HEIGHT="21" WC="0.93" CONTENT="och"/><SP WIDTH="15" VPOS="1233" HPOS="563"/>
							<String ID="string_290" HPOS="578" VPOS="1233" WIDTH="168" HEIGHT="22" WC="0.91" CONTENT="Bondeständen"/><SP WIDTH="16" VPOS="1233" HPOS="746"/>
							<String ID="string_291" HPOS="762" VPOS="1233" WIDTH="85" HEIGHT="21" WC="0.93" CONTENT="komme"/><SP WIDTH="16" VPOS="1233" HPOS="847"/>
							<String ID="string_292" HPOS="863" VPOS="1234" WIDTH="33" HEIGHT="19" WC="0.93" CONTENT="att"/><SP WIDTH="14" VPOS="1234" HPOS="896"/>
							<String ID="string_293" HPOS="910" VPOS="1233" WIDTH="39" HEIGHT="21" WC="0.92" CONTENT="ske"/><SP WIDTH="9" VPOS="1233" HPOS="949"/>
							<String ID="string_294" HPOS="958" VPOS="1232" WIDTH="32" HEIGHT="22" WC="0.93" CONTENT="för"/><SP WIDTH="8" VPOS="1232" HPOS="990"/>
							<String ID="string_295" HPOS="998" VPOS="1233" WIDTH="36" HEIGHT="21" WC="0.93" CONTENT="tvä"/>
						</TextLine>
						<TextLine ID="line_36" HPOS="206" VPOS="1260" WIDTH="387" HEIGHT="28">
							<String ID="string_296" HPOS="206" VPOS="1260" WIDTH="52" HEIGHT="22" WC="0.95" CONTENT="eller"/><SP WIDTH="15" VPOS="1260" HPOS="258"/>
							<String ID="string_297" HPOS="273" VPOS="1263" WIDTH="34" HEIGHT="20" WC="0.93" CONTENT="tre"/><SP WIDTH="15" VPOS="1263" HPOS="307"/>
							<String ID="string_298" HPOS="322" VPOS="1261" WIDTH="139" HEIGHT="27" WC="0.92" CONTENT="landtdagar;"/><SP WIDTH="16" VPOS="1261" HPOS="461"/>
							<String ID="string_299" HPOS="477" VPOS="1261" WIDTH="67" HEIGHT="22" WC="0.91" CONTENT="utbad"/><SP WIDTH="16" VPOS="1261" HPOS="544"/>
							<String ID="string_300" HPOS="560" VPOS="1261" WIDTH="33" HEIGHT="27" WC="0.97" CONTENT="sig"/>
						</TextLine>
					</TextBlock>
					<TextBlock ID="block_10" HPOS="204" VPOS="1289" WIDTH="831" HEIGHT="257">
						<TextLine ID="line_37" HPOS="273" VPOS="1289" WIDTH="760" HEIGHT="28">
							<String ID="string_301" HPOS="273" VPOS="1289" WIDTH="57" HEIGHT="22" WC="0.96" CONTENT="Herr"/><SP WIDTH="15" VPOS="1289" HPOS="330"/>
							<String ID="string_302" HPOS="345" VPOS="1290" WIDTH="129" HEIGHT="21" WC="0.93" CONTENT="Mechelin"/><SP WIDTH="16" VPOS="1290" HPOS="474"/>
							<String ID="string_303" HPOS="490" VPOS="1290" WIDTH="62" HEIGHT="21" WC="0.92" CONTENT="ordet"/><SP WIDTH="16" VPOS="1290" HPOS="552"/>
							<String ID="string_304" HPOS="568" VPOS="1290" WIDTH="40" HEIGHT="21" WC="0.93" CONTENT="och"/><SP WIDTH="15" VPOS="1290" HPOS="608"/>
							<String ID="string_305" HPOS="623" VPOS="1290" WIDTH="96" HEIGHT="27" WC="0.92" CONTENT="yttrade:"/><SP WIDTH="31" VPOS="1290" HPOS="719"/>
							<String ID="string_306" HPOS="750" VPOS="1289" WIDTH="114" HEIGHT="27" WC="0.91" CONTENT="Vanskligt"/><SP WIDTH="15" VPOS="1289" HPOS="864"/>
							<String ID="string_307" HPOS="879" VPOS="1295" WIDTH="50" HEIGHT="16" WC="0.91" CONTENT="vore"/><SP WIDTH="17" VPOS="1295" HPOS="929"/>
							<String ID="string_308" HPOS="946" VPOS="1290" WIDTH="36" HEIGHT="21" WC="0.93" CONTENT="det"/><SP WIDTH="10" VPOS="1290" HPOS="982"/>
							<String ID="string_309" HPOS="992" VPOS="1290" WIDTH="41" HEIGHT="21" WC="0.93" CONTENT="vis-"/>
						</TextLine>
						<TextLine ID="line_38" HPOS="205" VPOS="1318" WIDTH="829" HEIGHT="28">
							<String ID="string_310" HPOS="205" VPOS="1318" WIDTH="94" HEIGHT="26" WC="0.93" CONTENT="serligen"/><SP WIDTH="16" VPOS="1318" HPOS="299"/>
							<String ID="string_311" HPOS="315" VPOS="1320" WIDTH="33" HEIGHT="19" WC="0.96" CONTENT="att"/><SP WIDTH="15" VPOS="1320" HPOS="348"/>
							<String ID="string_312" HPOS="363" VPOS="1318" WIDTH="55" HEIGHT="22" WC="0.93" CONTENT="söka"/><SP WIDTH="15" VPOS="1318" HPOS="418"/>
							<String ID="string_313" HPOS="433" VPOS="1319" WIDTH="107" HEIGHT="27" WC="0.92" CONTENT="uppställa"/><SP WIDTH="16" VPOS="1319" HPOS="540"/>
							<String ID="string_314" HPOS="556" VPOS="1319" WIDTH="70" HEIGHT="26" WC="0.92" CONTENT="nägon"/><SP WIDTH="16" VPOS="1319" HPOS="626"/>
							<String ID="string_315" HPOS="642" VPOS="1319" WIDTH="60" HEIGHT="21" WC="0.96" CONTENT="skala"/><SP WIDTH="15" VPOS="1319" HPOS="702"/>
							<String ID="string_316" HPOS="717" VPOS="1318" WIDTH="33" HEIGHT="22" WC="0.93" CONTENT="för"/><SP WIDTH="16" VPOS="1318" HPOS="750"/>
							<String ID="string_317" HPOS="766" VPOS="1318" WIDTH="146" HEIGHT="22" WC="0.91" CONTENT="bedömandet"/><SP WIDTH="15" VPOS="1318" HPOS="912"/>
							<String ID="string_318" HPOS="927" VPOS="1318" WIDTH="22" HEIGHT="21" WC="0.93" CONTENT="af"/><SP WIDTH="14" VPOS="1318" HPOS="949"/>
							<String ID="string_319" HPOS="963" VPOS="1319" WIDTH="71" HEIGHT="21" WC="0.93" CONTENT="hvilka"/>
						</TextLine>
						<TextLine ID="line_39" HPOS="205" VPOS="1346" WIDTH="828" HEIGHT="27">
							<String ID="string_320" HPOS="205" VPOS="1346" WIDTH="94" HEIGHT="22" WC="0.96" CONTENT="ärenden"/><SP WIDTH="24" VPOS="1346" HPOS="299"/>
							<String ID="string_321" HPOS="323" VPOS="1346" WIDTH="22" HEIGHT="22" WC="0.96" CONTENT="af"/><SP WIDTH="21" VPOS="1346" HPOS="345"/>
							<String ID="string_322" HPOS="366" VPOS="1347" WIDTH="33" HEIGHT="26" WC="0.96" CONTENT="de,"/><SP WIDTH="16" VPOS="1347" HPOS="399"/>
							<String ID="string_323" HPOS="415" VPOS="1353" WIDTH="47" HEIGHT="15" WC="0.93" CONTENT="som"/><SP WIDTH="22" VPOS="1353" HPOS="462"/>
							<String ID="string_324" HPOS="484" VPOS="1347" WIDTH="131" HEIGHT="26" WC="0.91" CONTENT="landtdagen"/><SP WIDTH="23" VPOS="1347" HPOS="615"/>
							<String ID="string_325" HPOS="638" VPOS="1347" WIDTH="123" HEIGHT="26" WC="0.96" CONTENT="behandlat,"/><SP WIDTH="24" VPOS="1347" HPOS="761"/>
							<String ID="string_326" HPOS="785" VPOS="1348" WIDTH="37" HEIGHT="20" WC="0.96" CONTENT="äro"/><SP WIDTH="24" VPOS="1348" HPOS="822"/>
							<String ID="string_327" HPOS="846" VPOS="1347" WIDTH="27" HEIGHT="21" WC="0.96" CONTENT="de"/><SP WIDTH="23" VPOS="1347" HPOS="873"/>
							<String ID="string_328" HPOS="896" VPOS="1348" WIDTH="55" HEIGHT="20" WC="0.93" CONTENT="mest"/><SP WIDTH="23" VPOS="1348" HPOS="951"/>
							<String ID="string_329" HPOS="974" VPOS="1347" WIDTH="59" HEIGHT="26" WC="0.92" CONTENT="bety-"/>
						</TextLine>
						<TextLine ID="line_40" HPOS="206" VPOS="1374" WIDTH="828" HEIGHT="29">
							<String ID="string_330" HPOS="206" VPOS="1374" WIDTH="113" HEIGHT="22" WC="0.93" CONTENT="delsefulla"/><SP WIDTH="16" VPOS="1374" HPOS="319"/>
							<String ID="string_331" HPOS="335" VPOS="1375" WIDTH="39" HEIGHT="21" WC="0.93" CONTENT="och"/><SP WIDTH="16" VPOS="1375" HPOS="374"/>
							<String ID="string_332" HPOS="390" VPOS="1376" WIDTH="72" HEIGHT="21" WC="0.92" CONTENT="hvilka"/><SP WIDTH="15" VPOS="1376" HPOS="462"/>
							<String ID="string_333" HPOS="477" VPOS="1378" WIDTH="37" HEIGHT="19" WC="0.92" CONTENT="äro"/><SP WIDTH="13" VPOS="1378" HPOS="514"/>
							<String ID="string_334" HPOS="527" VPOS="1375" WIDTH="156" HEIGHT="28" WC="0.92" CONTENT="jemförelsevis"/><SP WIDTH="16" VPOS="1375" HPOS="683"/>
							<String ID="string_335" HPOS="699" VPOS="1375" WIDTH="83" HEIGHT="22" WC="0.93" CONTENT="mindre"/><SP WIDTH="21" VPOS="1375" HPOS="782"/>
							<String ID="string_336" HPOS="803" VPOS="1375" WIDTH="87" HEIGHT="27" WC="0.90" CONTENT="vigtiga."/><SP WIDTH="31" VPOS="1375" HPOS="890"/>
							<String ID="string_337" HPOS="921" VPOS="1376" WIDTH="41" HEIGHT="26" WC="0.93" CONTENT="Jag"/><SP WIDTH="16" VPOS="1376" HPOS="962"/>
							<String ID="string_338" HPOS="978" VPOS="1376" WIDTH="56" HEIGHT="20" WC="0.92" CONTENT="tillä-"/>
						</TextLine>
						<TextLine ID="line_41" HPOS="205" VPOS="1403" WIDTH="829" HEIGHT="27">
							<String ID="string_339" HPOS="205" VPOS="1405" WIDTH="34" HEIGHT="19" WC="0.95" CONTENT="ter"/><SP WIDTH="15" VPOS="1405" HPOS="239"/>
							<String ID="string_340" HPOS="254" VPOS="1403" WIDTH="43" HEIGHT="27" WC="0.96" CONTENT="mig"/><SP WIDTH="16" VPOS="1403" HPOS="297"/>
							<String ID="string_341" HPOS="313" VPOS="1404" WIDTH="56" HEIGHT="21" WC="0.96" CONTENT="dock"/><SP WIDTH="14" VPOS="1404" HPOS="369"/>
							<String ID="string_342" HPOS="383" VPOS="1403" WIDTH="34" HEIGHT="23" WC="0.96" CONTENT="för"/><SP WIDTH="14" VPOS="1403" HPOS="417"/>
							<String ID="string_343" HPOS="431" VPOS="1404" WIDTH="43" HEIGHT="21" WC="0.96" CONTENT="min"/><SP WIDTH="16" VPOS="1404" HPOS="474"/>
							<String ID="string_344" HPOS="490" VPOS="1404" WIDTH="35" HEIGHT="22" WC="0.93" CONTENT="del"/><SP WIDTH="16" VPOS="1404" HPOS="525"/>
							<String ID="string_345" HPOS="541" VPOS="1404" WIDTH="98" HEIGHT="22" WC="0.91" CONTENT="bekänna"/><SP WIDTH="16" VPOS="1404" HPOS="639"/>
							<String ID="string_346" HPOS="655" VPOS="1406" WIDTH="32" HEIGHT="19" WC="0.96" CONTENT="att"/><SP WIDTH="15" VPOS="1406" HPOS="687"/>
							<String ID="string_347" HPOS="702" VPOS="1404" WIDTH="65" HEIGHT="22" WC="0.96" CONTENT="bland"/><SP WIDTH="11" VPOS="1404" HPOS="767"/>
							<String ID="string_348" HPOS="778" VPOS="1404" WIDTH="26" HEIGHT="21" WC="0.93" CONTENT="de"/><SP WIDTH="16" VPOS="1404" HPOS="804"/>
							<String ID="string_349" HPOS="820" VPOS="1404" WIDTH="90" HEIGHT="21" WC="0.92" CONTENT="stunder"/><SP WIDTH="11" VPOS="1404" HPOS="910"/>
							<String ID="string_350" HPOS="921" VPOS="1403" WIDTH="22" HEIGHT="22" WC="0.93" CONTENT="af"/><SP WIDTH="15" VPOS="1403" HPOS="943"/>
							<String ID="string_351" HPOS="958" VPOS="1404" WIDTH="76" HEIGHT="21" WC="0.93" CONTENT="odelad"/>
						</TextLine>
						<TextLine ID="line_42" HPOS="205" VPOS="1431" WIDTH="830" HEIGHT="29">
							<String ID="string_352" HPOS="205" VPOS="1431" WIDTH="198" HEIGHT="27" WC="0.91" CONTENT="tillfredsställelse,"/><SP WIDTH="17" VPOS="1431" HPOS="403"/>
							<String ID="string_353" HPOS="420" VPOS="1439" WIDTH="47" HEIGHT="15" WC="0.96" CONTENT="som"/><SP WIDTH="12" VPOS="1439" HPOS="467"/>
							<String ID="string_354" HPOS="479" VPOS="1432" WIDTH="37" HEIGHT="28" WC="0.96" CONTENT="jag"/><SP WIDTH="16" VPOS="1432" HPOS="516"/>
							<String ID="string_355" HPOS="532" VPOS="1433" WIDTH="68" HEIGHT="21" WC="0.96" CONTENT="under"/><SP WIDTH="15" VPOS="1433" HPOS="600"/>
							<String ID="string_356" HPOS="615" VPOS="1433" WIDTH="70" HEIGHT="21" WC="0.93" CONTENT="denna"/><SP WIDTH="19" VPOS="1433" HPOS="685"/>
							<String ID="string_357" HPOS="704" VPOS="1432" WIDTH="104" HEIGHT="28" WC="0.92" CONTENT="landtdag"/><SP WIDTH="20" VPOS="1432" HPOS="808"/>
							<String ID="string_358" HPOS="828" VPOS="1432" WIDTH="80" HEIGHT="26" WC="0.91" CONTENT="erfarit,"/><SP WIDTH="18" VPOS="1432" HPOS="908"/>
							<String ID="string_359" HPOS="926" VPOS="1432" WIDTH="38" HEIGHT="21" WC="0.96" CONTENT="har"/><SP WIDTH="15" VPOS="1432" HPOS="964"/>
							<String ID="string_360" HPOS="979" VPOS="1433" WIDTH="56" HEIGHT="21" WC="0.96" CONTENT="varit"/>
						</TextLine>
						<TextLine ID="line_43" HPOS="204" VPOS="1460" WIDTH="830" HEIGHT="28">
							<String ID="string_361" HPOS="204" VPOS="1460" WIDTH="63" HEIGHT="22" WC="0.96" CONTENT="äfven"/><SP WIDTH="16" VPOS="1460" HPOS="267"/>
							<String ID="string_362" HPOS="283" VPOS="1461" WIDTH="48" HEIGHT="26" WC="0.96" CONTENT="den,"/><SP WIDTH="17" VPOS="1461" HPOS="331"/>
							<String ID="string_363" HPOS="348" VPOS="1461" WIDTH="27" HEIGHT="21" WC="0.93" CONTENT="dä"/><SP WIDTH="15" VPOS="1461" HPOS="375"/>
							<String ID="string_364" HPOS="390" VPOS="1460" WIDTH="140" HEIGHT="23" WC="0.93" CONTENT="förevarande"/><SP WIDTH="14" VPOS="1460" HPOS="530"/>
							<String ID="string_365" HPOS="544" VPOS="1461" WIDTH="214" HEIGHT="27" WC="0.69" CONTENT="petitionsmemoria]"/><SP WIDTH="16" VPOS="1461" HPOS="758"/>
							<String ID="string_366" HPOS="774" VPOS="1461" WIDTH="39" HEIGHT="22" WC="0.96" CONTENT="hos"/><SP WIDTH="12" VPOS="1461" HPOS="813"/>
							<String ID="string_367" HPOS="825" VPOS="1462" WIDTH="61" HEIGHT="20" WC="0.93" CONTENT="detta"/><SP WIDTH="11" VPOS="1462" HPOS="886"/>
							<String ID="string_368" HPOS="897" VPOS="1461" WIDTH="63" HEIGHT="21" WC="0.93" CONTENT="stånd"/><SP WIDTH="11" VPOS="1461" HPOS="960"/>
							<String ID="string_369" HPOS="971" VPOS="1460" WIDTH="63" HEIGHT="23" WC="0.91" CONTENT="fram-"/>
						</TextLine>
						<TextLine ID="line_44" HPOS="204" VPOS="1489" WIDTH="830" HEIGHT="28">
							<String ID="string_370" HPOS="204" VPOS="1489" WIDTH="68" HEIGHT="21" WC="0.89" CONTENT="lades."/><SP WIDTH="31" VPOS="1489" HPOS="272"/>
							<String ID="string_371" HPOS="303" VPOS="1489" WIDTH="79" HEIGHT="27" WC="0.89" CONTENT="Hvarje"/><SP WIDTH="16" VPOS="1489" HPOS="382"/>
							<String ID="string_372" HPOS="398" VPOS="1492" WIDTH="54" HEIGHT="25" WC="0.96" CONTENT="steg,"/><SP WIDTH="17" VPOS="1492" HPOS="452"/>
							<String ID="string_373" HPOS="469" VPOS="1496" WIDTH="45" HEIGHT="15" WC="0.93" CONTENT="som"/><SP WIDTH="15" VPOS="1496" HPOS="514"/>
							<String ID="string_374" HPOS="529" VPOS="1492" WIDTH="70" HEIGHT="25" WC="0.92" CONTENT="göres,"/><SP WIDTH="17" VPOS="1492" HPOS="599"/>
							<String ID="string_375" HPOS="616" VPOS="1490" WIDTH="73" HEIGHT="27" WC="0.93" CONTENT="hvarje"/><SP WIDTH="19" VPOS="1490" HPOS="689"/>
							<String ID="string_376" HPOS="708" VPOS="1491" WIDTH="106" HEIGHT="26" WC="0.91" CONTENT="yttrande,"/><SP WIDTH="22" VPOS="1491" HPOS="814"/>
							<String ID="string_377" HPOS="836" VPOS="1496" WIDTH="46" HEIGHT="15" WC="0.96" CONTENT="som"/><SP WIDTH="20" VPOS="1496" HPOS="882"/>
							<String ID="string_378" HPOS="902" VPOS="1489" WIDTH="48" HEIGHT="22" WC="0.93" CONTENT="med"/><SP WIDTH="16" VPOS="1489" HPOS="950"/>
							<String ID="string_379" HPOS="966" VPOS="1490" WIDTH="68" HEIGHT="22" WC="0.92" CONTENT="öfver-"/>
						</TextLine>
						<TextLine ID="line_45" HPOS="205" VPOS="1518" WIDTH="830" HEIGHT="28">
							<String ID="string_380" HPOS="205" VPOS="1518" WIDTH="82" HEIGHT="27" WC="0.92" CONTENT="tygelse"/><SP WIDTH="16" VPOS="1518" HPOS="287"/>
							<String ID="string_381" HPOS="303" VPOS="1518" WIDTH="41" HEIGHT="22" WC="0.93" CONTENT="och"/><SP WIDTH="15" VPOS="1518" HPOS="344"/>
							<String ID="string_382" HPOS="359" VPOS="1518" WIDTH="66" HEIGHT="28" WC="0.92" CONTENT="insigt"/><SP WIDTH="15" VPOS="1518" HPOS="425"/>
							<String ID="string_383" HPOS="440" VPOS="1518" WIDTH="130" HEIGHT="22" WC="0.92" CONTENT="framställes"/><SP WIDTH="17" VPOS="1518" HPOS="570"/>
							<String ID="string_384" HPOS="587" VPOS="1518" WIDTH="88" HEIGHT="27" WC="0.92" CONTENT="derhän,"/><SP WIDTH="17" VPOS="1518" HPOS="675"/>
							<String ID="string_385" HPOS="692" VPOS="1520" WIDTH="33" HEIGHT="20" WC="0.93" CONTENT="att"/><SP WIDTH="15" VPOS="1520" HPOS="725"/>
							<String ID="string_386" HPOS="740" VPOS="1519" WIDTH="47" HEIGHT="22" WC="0.91" CONTENT="värt"/><SP WIDTH="16" VPOS="1519" HPOS="787"/>
							<String ID="string_387" HPOS="803" VPOS="1518" WIDTH="119" HEIGHT="22" WC="0.92" CONTENT="statsskick"/><SP WIDTH="12" VPOS="1518" HPOS="922"/>
							<String ID="string_388" HPOS="934" VPOS="1518" WIDTH="101" HEIGHT="23" WC="0.92" CONTENT="behöfver"/>
						</TextLine>
					</TextBlock>
				</ComposedBlock>
			</PrintSpace>
		</Page>
	</Layout>
</alto>
