1109 1678
243 105 40 19 998
538 107 39 18 Den
594 105 12 19 4
623 108 106 17 December.

215 169 70 22 blifvit
299 169 109 28 fulleligen
424 169 143 28 ligvideradt?
597 171 48 21 Den
661 171 54 21 sista
730 170 93 27 ligviden
840 169 85 28 gjordes
942 170 28 21 dä
985 171 59 21 kom-

216 199 223 21 munikationsfonden
461 199 128 26 inrättades,
614 200 40 21 och
677 199 35 21 vid
736 199 60 22 detta
815 198 82 22 tillfälle
913 199 45 21 blef
971 199 73 27 hvarje

214 227 71 27 penni,
303 234 45 15 som
363 228 126 27 regeringen
504 227 143 22 förskotterat
662 227 33 22 för
705 228 123 26 ständerna,
840 228 133 21 statsverket
981 228 63 27 godt-

215 255 68 28 gjord.
314 257 55 20 Herr
385 257 108 20 Snellman
514 257 39 20 har
576 257 73 21 vidare
673 257 104 27 uppgifvit
793 259 32 18 att
841 256 117 22 ständerna
974 257 69 21 skulle

214 284 64 22 hafva
293 285 114 27 tillgångar
423 285 33 22 för
471 285 140 21 bestridande
627 285 23 21 af
667 285 261 28 fängelsebyggnadernas
944 285 99 22 fullstän-

213 313 50 26 diga
285 313 138 27 uppförande,
447 320 49 15 men
519 313 53 22 hvar
594 313 69 22 finnas
687 314 64 21 dessa
775 314 129 27 tillgångar?
934 315 34 20 Då
982 313 61 27 fråga

211 341 85 22 förevar
312 348 33 15 om
361 342 276 22 kommunikationsfonden
659 342 40 22 och
720 342 111 27 angående
849 342 125 28 jernvägars
990 342 52 27 byg-

212 371 69 26 gande
295 371 49 21 med
360 371 69 21 medel
445 370 54 22 ifrån
515 371 70 21 denna
601 370 56 26 fond,
675 371 6 21 i
697 370 102 22 afseende
816 371 13 21 å
844 371 86 21 hvilken
946 371 96 21 Statsut-

212 399 82 20 skottet
309 399 121 27 kalkylerat
445 400 82 25 ganska
542 405 55 21 noga
613 400 72 21 hvilka
700 400 119 21 inkomster
835 400 124 21 densamma
970 400 72 21 kunde

213 427 68 25 hafva,
298 433 37 15 var
350 428 50 21 herr
416 428 106 21 Snellman
539 428 41 21 den
596 428 67 21 förste
679 435 46 14 som
734 428 114 22 förordade
859 430 33 19 att
903 428 61 22 deraf
972 428 70 21 skulle

213 456 108 21 användas
345 457 31 20 till
396 457 228 27 jernvägsbyggnader
647 459 32 19 tre
702 457 98 27 miljoner
820 457 61 21 mark
896 457 88 27 årligen,
1001 457 40 21 och

211 485 44 20 lika
270 484 99 28 försigtig
385 492 46 15 som
446 492 48 15 man
510 486 39 21 bör
565 492 50 15 vara
630 486 36 21 vid
681 486 163 27 kalkylerandet
858 485 23 22 af
898 485 141 22 statsfonder-

211 519 38 15 nas
265 513 218 28 betalningsförmåga
498 514 62 22 torde
575 521 48 14 man
646 514 62 22 äfven
729 515 53 21 böra
802 521 50 15 vara
872 515 35 21 vid
924 514 116 22 anvisande

213 542 22 21 af
249 543 74 26 anslag
338 543 29 26 på
382 543 82 21 sådana
479 542 81 27 fonder,
577 549 46 16 som
639 543 22 22 af
676 544 117 21 ständerna
804 543 134 27 disponeras.

281 571 54 22 Herr
351 572 141 21 Mechelin:
523 572 41 27 Jag
579 572 40 21 har
634 573 55 26 tagit
704 572 43 27 mig
763 572 91 21 friheten
871 574 56 19 ännu
943 579 25 14 en
984 572 56 27 gång

213 599 79 27 begära
308 600 68 27 ordet,
394 600 77 22 endast
485 600 33 22 för
533 603 33 19 att
581 601 90 27 tillägga
686 601 68 26 några
770 601 38 21 ord
829 603 57 19 emot
906 601 50 22 herr
971 601 69 21 Snell-

212 635 59 14 mans
288 629 85 26 teorier,
390 629 110 27 angående
517 629 41 21 den
576 629 70 22 finska
666 629 234 27 statshushållningens
919 629 120 22 beskaffen-

211 657 44 21 het.
270 657 55 21 Herr
334 657 107 21 Snellman
451 664 63 21 synes
523 665 51 13 vara
583 659 156 26 genomträngd
749 657 23 22 af
779 659 40 20 den
827 659 71 26 gamla
907 658 131 27 uppfattnin-

210 692 47 20 gen,
275 688 32 18 att
322 687 127 26 regeringen
465 687 40 21 och
521 686 117 22 ständerna
655 690 36 18 äro
708 687 36 21 två
761 686 69 22 skilda
840 686 197 27 egendomsherrar,

210 720 46 15 som
271 714 47 22 icke
334 715 73 21 kunna
422 715 149 21 åstadkomma
588 715 117 27 någonting
721 716 51 25 helt,
794 717 50 19 utan
866 715 104 22 hvardera
986 716 53 20 böra

209 743 66 26 draga
291 743 22 21 åt
329 744 38 20 sitt
387 744 50 21 håll.
468 744 75 21 Denna
564 744 41 21 den
625 744 70 21 finska
715 744 233 27 statshushållningens
968 744 69 21 tudel-

209 772 50 26 ning
275 774 24 18 är
314 778 59 15 mera
389 775 26 19 än
430 772 117 27 någonting
563 775 65 19 annat
645 773 68 27 egnad
729 774 34 20 att
777 772 113 22 framkalla
907 773 129 27 brytningar,

209 801 113 26 gagneliga
345 802 93 20 hvarken
461 801 32 21 för
516 802 124 26 någondera
663 801 22 21 af
705 804 103 24 parterna
827 801 52 21 eller
894 801 32 22 för
941 801 95 21 landet
1026 797 14 36 i

209 829 50 21 dess
276 829 79 21 helhet.
386 830 55 21 Herr
457 830 109 21 Snellman
581 829 69 23 finner
665 830 65 22 bland
747 832 64 19 annat
827 832 33 19 att
875 830 117 21 ständerna
1000 832 36 19 äro

209 864 25 14 en
258 860 126 24 permanent
406 859 144 26 korporation,
568 865 45 15 som
636 859 40 21 har
694 861 33 19 att
742 858 57 28 gifva
815 859 39 21 och
871 858 93 28 uppfylla
980 859 58 21 vissa

207 886 73 22 löften.
311 887 45 21 När
371 888 116 20 ständerna
503 887 78 27 bevilja
597 889 31 19 ett
644 888 75 26 anslag
735 888 35 21 vid
787 894 25 14 en
827 888 109 26 landtdag,
954 888 24 20 så
992 888 45 26 gäl-

207 915 32 21 ler
254 916 37 20 det
305 915 34 21 för
355 916 40 21 den
411 916 126 21 kommande
553 916 109 26 perioden,
683 917 41 21 och
745 916 28 21 då
791 916 86 27 pröfvas
894 916 36 21 det
946 916 54 27 ånyo
1016 915 23 22 af

207 944 129 21 kommande
352 944 95 27 ständer,
463 945 104 21 huruvida
583 947 32 19 ett
631 945 78 21 sådant
725 945 76 27 anslag
816 945 39 21 bör
873 944 112 22 fortsättas
997 944 40 22 och

207 972 54 27 ånyo
278 973 88 27 beviljas
384 973 52 22 eller
451 973 46 21 icke
536 974 40 20 Om
592 974 19 20 vi
627 974 48 21 icke
692 974 65 20 ställa
773 979 35 15 oss
824 974 29 26 på
868 974 41 20 den
920 973 75 27 grund,
1005 975 33 19 att

207 1001 29 20 all
253 1001 114 27 bevillning
382 1002 47 21 från
445 1002 127 21 ständernas
593 1002 48 21 sida
658 1005 24 18 är
701 1002 57 21 blott
774 1002 93 21 tillskott
883 1002 31 21 till
930 1002 107 21 ordinarie

206 1029 232 28 statsfondsbudgeten
454 1031 39 20 och
510 1031 38 20 bör
564 1030 73 21 såsom
653 1031 79 20 sådant
747 1030 107 21 beräknas
866 1031 39 20 och
917 1031 118 24 betraktas,

206 1057 25 22 så
246 1058 86 21 komma
348 1059 19 21 vi
383 1059 32 21 till
431 1059 69 21 denna
516 1059 115 27 splittring,
649 1065 45 15 som
710 1059 49 22 icke
774 1059 42 21 kan
834 1059 65 21 lända
918 1059 70 27 någon
1004 1059 33 21 till

206 1093 62 20 gagn,
293 1094 48 15 men
364 1094 46 15 som
425 1089 39 25 gör
479 1089 32 20 att
527 1094 48 15 man
594 1087 68 22 finner
677 1087 194 28 susceptibiliteter
886 1087 28 27 på
929 1088 41 21 alla
986 1088 49 21 håll.

208 1115 171 22 Statsutskottet
394 1116 39 21 har
448 1116 33 22 vid
499 1117 70 20 denna
584 1116 105 27 landtdag
704 1116 84 22 försökt
799 1118 32 19 att
842 1123 76 20 genom
929 1117 32 20 sin
972 1116 64 21 fram-

206 1144 103 27 ställning
323 1145 7 20 i
346 1145 146 21 betänkandet
508 1145 39 21 N:o
566 1147 25 19 12
607 1145 62 27 bryta
685 1147 40 25 väg
741 1144 33 22 för
789 1145 40 21 den
838 1144 142 27 uppfattning,
990 1151 46 15 som

207 1172 203 23 öfverensstämmer
424 1174 49 21 med
488 1174 51 21 våra
555 1174 131 27 grundlagar
702 1174 41 21 och
759 1173 68 22 måste
843 1173 50 21 leda
903 1173 32 21 till
946 1175 32 20 ett
986 1179 50 15 sun-

207 1201 57 25 dare,
289 1208 59 15 mera
364 1202 155 27 öfverskådligt
539 1204 88 25 system,
643 1202 82 21 hvilket
740 1202 48 21 icke
804 1202 97 27 splittrar
917 1202 37 21 vår
969 1204 66 19 stats-

204 1229 139 28 hushållning
366 1231 6 20 i
396 1231 57 21 olika
475 1237 100 20 grupper.
608 1231 40 21 Om
669 1231 110 21 utskottet
801 1231 48 21 icke
870 1233 69 19 straxt
954 1231 83 21 kunnat

205 1258 63 21 vinna
276 1259 89 20 allmänt
374 1259 91 22 medhåll
474 1259 33 22 för
516 1259 41 22 den
569 1259 144 28 uppfattning,
723 1261 33 20 att
767 1259 221 26 statshushållningen
1001 1260 34 21 så-

204 1286 67 22 lunda
286 1287 39 22 bör
340 1288 114 26 beräknas,
471 1288 61 21 torde
549 1289 37 20 det
602 1288 130 21 åtminstone
749 1288 53 21 böra
817 1288 117 27 medgifvas
946 1289 32 20 att
987 1295 49 14 man

204 1315 125 27 härigenom
352 1317 97 21 kommer
472 1317 31 20 till
526 1319 33 19 ett
575 1317 88 21 säkrare
682 1317 134 21 bedömande
832 1316 26 27 af,
875 1317 105 21 huruvida
996 1317 40 21 och

202 1344 32 20 till
250 1344 56 21 hvad
322 1344 78 28 belopp
417 1345 115 27 bevillning
547 1346 40 20 bör
602 1344 74 28 gifvas.
708 1345 41 21 Vid
765 1345 73 27 hvarje
848 1345 104 27 landtdag
960 1344 75 27 finnes,

201 1372 74 22 såsom
289 1373 38 26 jag
343 1375 38 25 tog
397 1374 42 26 mig
454 1373 91 22 friheten
569 1374 85 26 antyda,
671 1374 48 21 icke
735 1374 56 21 blott
812 1374 104 26 rättighet
932 1375 33 19 att
982 1373 53 27 ånyo

201 1400 82 28 pröfva,
300 1402 107 21 huruvida
421 1402 75 27 anslag
512 1402 53 22 skall
582 1402 95 27 beviljas,
695 1404 52 20 utan
759 1402 66 22 också
834 1402 124 28 skyldighet
969 1404 33 20 att
1011 1402 25 21 så

201 1430 60 26 göra,
275 1430 64 28 detta
352 1431 48 26 just
414 1430 33 22 för
463 1431 25 21 de
505 1431 182 26 skattdragandes
704 1431 63 21 skull.

271 1458 68 22 Äfven
356 1466 25 14 ur
397 1466 26 15 en
439 1466 69 14 annan
524 1460 109 27 synpunkt
648 1466 64 20 synes
729 1460 38 21 det
782 1460 43 26 mig
845 1461 32 19 att
896 1460 50 20 herr
966 1459 68 21 Snell-

200 1493 49 15 man
266 1487 50 21 låtit
331 1488 90 22 influera
436 1488 27 27 pä
479 1489 33 26 sig
528 1488 22 22 af
565 1494 26 15 en
607 1488 138 27 uppfattning
760 1494 45 16 som
821 1488 73 22 kunde
916 1488 22 21 få
956 1488 78 22 räknas

201 1516 32 21 till
250 1516 37 22 det
303 1516 124 28 förgångna,
445 1517 105 27 nemligen
566 1518 33 20 att
615 1517 58 21 vissa
689 1517 84 21 skatter
781 1524 65 20 passa
856 1517 72 21 bättre
937 1516 32 22 till
978 1517 58 22 vissa
