1109 1678
193 421 46 24 Den
255 420 15 25 3
286 420 123 25 December
425 420 95 25 klockan
537 419 63 27 elfva
615 421 53 24 före
686 420 125 31 middagen.

157 480 85 27 Utdrag
263 487 26 14 ur
312 479 170 28 Ridderskapets
498 479 41 22 och
561 469 80 32 Adelns
659 481 108 26 protokoll
783 481 32 22 för
831 481 42 22 den
888 481 26 20 29

89 509 39 22 och
145 511 27 19 30
195 509 97 22 sistlidne
314 509 120 21 November
449 511 56 19 samt
520 508 32 22 för
569 509 40 21 den
627 511 8 19 1
653 509 81 22 dennes
754 509 113 28 upplästes
884 508 33 22 till

86 538 108 27 justering
209 538 41 21 och
265 537 131 27 godkändes.

158 595 56 21 Herr
228 595 208 22 Landtmarskalken
451 594 143 28 tillkännagaf
607 596 33 20 att
655 595 35 21 vid
705 595 45 22 före
765 595 88 28 plenum
871 595 46 21 hål-

89 624 35 21 len
140 623 207 22 talmanskonferens
363 624 38 21 det
420 623 69 22 blifvit
504 624 97 21 beslutet
619 625 34 20 att
670 624 64 27 plena
754 624 71 21 skulle
840 624 77 25 hållas,

90 654 60 20 utom
166 653 69 20 denna
251 652 52 27 dags
319 651 125 28 förmiddag,
461 652 100 27 tisdagen
576 653 29 26 på
621 652 43 22 för-
680 653 40 21 och
740 652 176 27 eftermiddagen,

91 680 110 27 onsdagen
223 681 29 27 på
273 680 154 28 förmiddagen,
448 682 56 20 samt
526 681 118 27 torsdagen
660 681 40 21 och
714 680 103 28 fredagen
831 681 30 27 på
875 680 44 22 för-

91 710 41 21 och
148 709 175 27 eftermiddagen.

160 766 57 22 Ifrån
240 766 168 22 Statsutskottet
429 767 56 21 hade
503 767 113 21 inkommit
631 767 41 21 och
686 766 110 28 föredrogs
812 773 28 16 en
855 766 63 22 skrif-

92 796 58 22 velse
166 795 23 22 af
201 795 94 27 följande
310 796 102 21 innehåll:

264 846 40 22 Till
318 847 119 27 Höglofliga
451 847 155 27 Ridderskapet
622 847 36 22 och
673 847 75 21 Adeln.

163 887 72 22 Sedan
250 887 91 21 stånden
349 887 36 21 vid
392 887 160 27 handläggning
563 887 22 21 af
592 887 179 22 Statsutskottets
779 887 139 22 betänkande

93 916 41 22 N:o
152 918 24 19 11
193 916 8 21 i
216 916 115 26 anledning
346 916 22 21 af
381 916 244 26 Finansexpeditionens
636 916 7 21 i
651 916 121 27 Kejserliga
783 916 95 22 Senaten
888 915 34 22 till

94 946 118 21 ständerna
228 944 79 27 afgifna
322 944 90 22 relation
428 951 35 15 om
479 944 144 22 statsverkets
639 944 98 22 tillstånd
747 944 175 27 stannat
842 940 12 35 i
862 944 60 27 skilj-

95 974 74 26 aktiga
183 973 78 27 beslut,
277 973 7 21 i
300 974 36 20 det
354 973 105 27 Borgare-
479 973 40 21 och
539 973 167 21 Bondestånden
726 974 96 26 godkänt
837 973 86 22 utskot-

95 1004 44 19 tets
154 1002 82 27 förslag
252 1001 139 22 oförändradt
406 1002 40 21 och
461 1002 166 21 Presteståndet
643 1002 49 21 med
707 1002 78 21 sådant
800 1002 76 27 tillägg
891 1002 33 21 att

96 1031 54 21 efter
166 1031 62 21 ordet
245 1030 216 27 ,anmärkningarne*
479 1031 67 20 borde
562 1030 91 22 införas:
671 1030 84 26 ,sävidt
770 1030 26 22 de
806 1031 79 21 beröra
896 1029 28 22 de

96 1059 23 22 af
132 1059 119 21 ständerna
265 1059 105 27 beviljade
385 1059 92 26 medel",
493 1059 112 21 hvaremot
620 1059 159 27 Ridderskapet
797 1059 42 22 och
854 1058 69 22 Adeln

96 1088 48 21 icke
159 1087 66 22 fattat
239 1087 66 27 nägot
321 1087 72 22 beslut
407 1088 7 21 i
428 1087 74 27 saken,
519 1089 52 20 enär
587 1087 88 22 ständet
689 1089 76 25 vägrat
779 1087 50 27 ingä
844 1087 29 27 pä
884 1087 38 22 be-

97 1116 106 23 svarande
219 1115 23 22 af
255 1116 42 21 den
312 1116 22 21 af
347 1116 50 21 herr
412 1116 208 21 Landtmarskalken
635 1116 124 27 uppställda
769 1116 157 26 omröstnings-

96 1145 142 28 proposition,
255 1145 24 21 sä
294 1145 39 21 har
348 1145 170 21 Statsutskottet
534 1145 33 21 uti
582 1144 112 22 skrifvelse
705 1144 22 22 af
736 1145 40 21 den
787 1146 28 20 28
826 1144 100 22 sistlidne

97 1174 122 21 November
233 1173 92 28 inbjudit
341 1173 159 27 Ridderskapet
516 1173 40 22 och
570 1173 69 22 Adeln
655 1175 56 19 samt
722 1173 164 22 Presteständet
894 1174 34 19 att

97 1203 7 20 i
120 1203 69 21 likhet
203 1203 49 20 med
269 1202 26 21 de
311 1202 36 22 två
362 1201 67 28 öfriga
445 1202 92 21 stånden
555 1204 80 25 antaga
655 1202 119 21 utskottets
789 1202 8 21 i
812 1201 68 22 saken
896 1200 31 22 af-

98 1231 58 28 gifna
171 1231 86 26 förslag.

166 1260 51 21 Men
232 1265 46 16 som
282 1259 61 22 herr
357 1259 209 22 Landtmarskalken
581 1259 40 22 och
642 1259 51 21 herr
707 1259 131 21 Talmannen
853 1258 8 21 i
875 1258 52 21 Pre-

99 1289 129 25 steständet,
251 1288 49 21 med
323 1288 118 27 äberopadt
463 1288 50 21 stöd
536 1287 23 22 af
580 1289 25 20 63
627 1287 10 27 &
653 1287 7 21 i
675 1287 251 27 Landtdagsordningen,

98 1319 77 25 vägrat
190 1301 119 46 framställa
328 1317 133 26 proposition
479 1317 93 21 rörande
592 1315 156 22 ofvannämnda
763 1315 164 32 sammanjemk-

99 1345 151 27 ningsförslag,
266 1344 33 22 får
315 1344 177 26 Statsutskottet,
507 1345 29 26 på
551 1344 38 21 det
604 1344 175 32 grundlagsenlig
793 1344 113 27 pluralitet
921 1343 8 21 i

100 1374 68 21 saken
184 1374 55 21 dock
254 1373 67 22 måtte
337 1374 80 26 vinnas,
434 1361 107 39 likmätigt
557 1374 26 20 67
607 1373 6 25 $
628 1372 7 21 i
652 1379 82 15 samma
751 1372 179 27 Landtdagsord-

100 1403 56 26 ning,
174 1402 109 22 vördsamt
298 1386 121 46 hemställa,
440 1402 106 21 huruvida
565 1401 48 21 icke
628 1401 160 28 Ridderskapet
803 1401 41 22 och
859 1400 71 43 Adeln

100 1431 50 22 ville
166 1430 91 22 omfatta
271 1430 176 22 Presteständets
462 1430 7 21 i
485 1430 68 22 saken
568 1429 83 22 fattade
666 1430 79 22 beslut.

309 1465 36 21 På
364 1464 232 22 Statsutskottets
616 1466 110 25 vägnar:

395 1498 64 22 Hans
477 1498 85 28 Gustaf
573 1497 67 28 Boije.

699 1525 60 19 Wald.
771 1525 93 23 Eneberg.

874 1564 9 15 1
