1109 1678
236 94 53 21 1240
532 96 41 18 Den
591 94 25 19 10
632 95 105 18 December.

206 158 61 29 tryck
281 159 8 22 i
305 158 49 23 dess
370 158 136 23 betänkande
522 158 83 23 kunnat
620 159 57 21 sluta
692 158 39 27 till,
746 158 59 22 velat
819 159 24 21 åt
858 160 12 20 7
880 157 45 28 $:en
933 158 31 22 uti
978 160 53 21 1789

207 188 36 22 års
260 187 204 28 allmogeförsäkran
481 187 57 28 gifva
553 188 42 22 den
611 187 22 22 af
646 187 43 27 mig
703 187 29 27 på
746 187 148 28 förmiddagen
908 186 124 24 förmodade

206 217 136 22 vidsträckta
357 217 104 27 tolkning.
491 217 41 27 Jag
548 219 115 20 annoterar
678 216 61 22 detta
754 216 48 22 med
818 216 108 28 synnerlig
936 215 95 24 belåten-

206 245 45 27 het,
269 246 40 21 och
324 246 38 21 ber
377 248 32 19 att
423 245 22 22 få
459 245 96 28 tillägga,
572 247 33 20 att
619 245 43 22 min
677 245 140 28 anmärkning
832 245 8 22 i
856 245 60 22 detta
931 244 101 23 afseende

207 281 38 15 var
266 274 71 27 rigtad
359 274 64 22 minst
437 275 45 21 lika
497 275 86 27 mycket
598 275 59 21 emot
671 274 50 21 herr
736 273 142 23 Silfversvans
893 274 137 27 reservation,

208 310 46 15 som
270 305 58 20 emot
341 303 120 22 utskottets
477 303 144 22 betänkande.
651 303 42 27 Jag
707 302 68 23 finner
791 303 84 22 således
891 303 7 21 i
913 303 59 22 detta
982 303 50 22 herr

207 332 118 22 Mechelins
347 332 148 27 medgifvande
518 338 26 16 en
567 331 131 23 bekräftelse
720 331 28 27 på
764 332 41 21 den
822 332 97 27 tolkning
934 331 23 22 af
970 337 26 16 en
1011 332 23 22 af

207 361 52 21 våra
281 360 136 28 grundlagar,
440 367 46 15 som
499 361 39 27 jag
556 361 51 22 sökt
621 362 52 26 göra
688 360 106 28 gällande,
811 367 27 16 en
853 360 97 28 tolkning
964 360 23 22 af
1000 360 30 23 öf-

207 390 135 26 vervägande
357 390 45 27 vigt
416 389 33 22 för
465 390 69 21 denna
548 389 72 28 frågas
636 389 99 27 rättsliga
751 389 52 22 sida.

276 418 56 22 Herr
354 418 105 23 Mechelin
475 418 40 23 och
531 418 110 27 åtskilliga
655 417 68 22 andra
739 418 49 22 med
803 418 79 22 honom
897 417 64 23 hafva
976 418 56 27 gång

207 447 28 28 på
249 447 57 27 gång
321 447 48 22 med
385 447 116 28 synbarligt
515 447 73 22 förakt
604 447 94 22 användt
713 447 63 22 ordet
791 447 161 27 ,,legoknektar".
969 447 63 22 Emot

209 476 61 21 detta
291 476 87 27 uttryck
400 476 40 22 och
463 476 124 28 isynnerhet
607 476 6 21 i
637 475 37 22 det
689 475 155 28 sammanhang
859 476 37 21 det
910 476 39 21 här
964 475 68 22 blifvit

207 505 129 27 begagnadt,
352 505 41 22 kan
406 505 38 28 jag
459 505 47 22 icke
522 505 73 27 undgå
609 506 33 20 att
656 505 108 26 nedlägga
778 505 43 21 min
836 506 90 26 protest.
950 505 81 22 Genom

208 535 33 20 att
256 533 91 22 sålunda
363 534 69 21 uttala
447 533 33 28 sig
495 540 34 15 om
544 533 88 22 värfvad
647 533 85 26 militär,
749 534 74 21 dömer
839 540 48 15 man
902 534 51 21 våra
967 533 64 22 förfä-

207 562 40 22 der
271 562 40 22 och
330 562 73 23 dömer
419 562 61 23 äfven
495 569 27 15 en
536 562 79 28 mängd
631 568 104 22 personer
749 563 6 21 i
771 563 52 21 våra
838 562 76 28 dagar;
930 569 48 15 man
994 563 37 21 dö-

206 597 46 16 mer
268 593 55 20 1808
339 591 40 22 och
396 593 53 20 1809
466 592 34 21 års
515 594 56 24 män,
587 598 50 15 man
653 591 74 22 dömer
741 591 107 28 hjeltarne
863 592 7 21 i
886 593 26 20 30
921 591 59 28 åriga
988 591 42 22 kri-

207 621 48 26 get;
276 620 29 27 ja,
329 626 50 15 man
402 620 74 22 dömer
490 620 50 22 hela
555 621 38 21 vår
608 619 118 28 förgångna
741 620 99 22 historia!
871 620 43 22 Det
928 623 24 19 är
967 622 63 23 orätt,

208 650 33 21 att
256 649 29 27 på
300 648 78 23 sådant
393 651 44 20 sätt
452 649 97 27 begagna
565 649 33 27 sig
613 649 23 22 af
649 649 61 22 detta
725 649 46 26 ord,
786 649 122 27 legoknekt.
938 649 37 22 Må
983 655 48 16 man

208 677 55 22 söka
285 677 79 27 bevisa,
387 678 29 27 på
437 677 52 28 lojal
504 680 47 25 väg,
568 679 33 20 att
617 684 26 15 en
657 677 144 28 värnepligtig
817 678 79 21 strider
911 678 48 21 med
974 680 58 19 ännu

207 707 70 21 större
292 706 212 27 fosterlandskänsla,
522 709 26 19 än
565 707 40 21 den
621 706 68 28 legde,
699 706 102 22 värfvade
816 707 109 26 soldaten;
941 713 47 16 men
997 707 35 21 må

206 741 49 16 man
277 735 48 22 icke
347 735 102 22 nedsätta
470 737 56 25 män,
546 742 47 15 som
607 735 58 27 ligga
680 736 7 21 i
703 735 46 21 sina
764 734 90 28 grafvar,
871 736 35 21 må
920 742 49 15 man
984 736 48 22 icke

204 764 106 22 nedsätta
332 764 66 22 ärade
420 764 138 22 medlemmar
573 765 7 21 i
596 764 70 22 denna
681 764 66 22 ärade
762 764 131 28 församling,
910 770 45 16 som
970 764 62 22 äfven

207 793 32 26 de,
256 799 35 15 om
306 793 67 22 saken
387 794 102 26 utdrages
506 793 32 22 till
549 793 48 22 sina
604 793 167 28 konseqvenser,
779 793 87 22 komma
874 794 67 21 under
952 800 80 15 samma

205 822 84 22 rubrik.

275 846 64 26 Ämnu
354 852 33 20 ett
403 850 111 22 uttalande
528 850 8 22 i
551 850 51 22 herr
617 850 117 23 Mechelins
750 850 138 28 andragande
895 851 39 21 har
939 850 37 28 jag
984 850 49 23 med

208 878 190 23 tillfredsställelse
420 879 46 27 lagt
484 880 28 26 pä
527 879 88 22 minnet.
645 879 56 22 Herr
715 879 107 22 Mechelin
837 880 39 21 har
891 880 142 28 uttryckligen

207 908 112 26 förklarat,
343 910 33 20 att
395 908 41 22 den
451 908 24 22 af
487 908 79 22 honom
581 908 50 22 med
646 910 59 20 rätta
720 908 41 22 och
776 908 25 22 sä
815 908 98 28 vältaligt
927 909 107 21 bedömda

209 936 40 22 och
271 936 112 22 fördömda
405 937 224 27 stormaktspolitiken
648 937 109 27 verkligen
779 937 90 22 innebär
888 944 26 15 en
928 939 45 20 stor
987 937 47 22 fara

207 965 32 22 för
262 966 157 27 värnepligtiga
440 966 103 27 nationer,
567 966 41 22 och
631 967 33 21 att
685 966 148 27 värnepligten
854 966 7 22 i
877 966 49 22 dess
941 966 93 22 ledband

207 994 109 27 verkligen
339 994 42 21 kan
404 994 69 22 skada
494 995 133 21 nationerna.
657 994 56 22 Herr
734 994 107 22 Mechelin
856 995 39 21 har
908 997 74 19 nämnt
997 1001 36 16 en-

209 1023 50 21 dast
281 1023 249 22 stormaktsnationerna.
561 1023 49 22 Men
633 1029 34 16 om
690 1023 70 22 denna
782 1023 194 28 stormaktspolitik
990 1024 43 21 kan

209 1051 69 22 skada
301 1052 27 21 de
351 1053 60 20 stora
433 1054 102 25 staterna,
551 1052 160 22 stormakterna
726 1051 81 28 sjelfva,
824 1053 25 20 sä
863 1052 42 21 kan
921 1053 41 21 den
977 1055 57 19 ännu

208 1080 88 28 mycket
317 1087 60 15 mera
391 1081 68 22 skada
475 1081 26 22 de
517 1081 52 26 smä,
586 1087 47 15 som
648 1083 37 19 äro
701 1082 32 20 ett
748 1081 35 22 rof
795 1080 33 23 för
844 1081 63 22 deras
923 1087 17 16 s.
955 1081 20 22 k.
991 1081 43 22 för-

209 1115 45 22 syn.
284 1109 67 22 Detta
367 1110 61 21 torde
443 1109 49 22 herr
506 1109 107 22 Mechelin
629 1109 52 22 böra
695 1110 65 27 lägga
774 1110 28 27 pä
817 1109 93 27 minnet;
926 1110 39 22 och
974 1111 61 21 detta

208 1138 55 21 hans
285 1137 148 28 medgifvande
457 1138 67 22 borde
547 1137 66 23 blifva
635 1137 21 23 at
679 1138 118 28 afgörande
814 1139 46 27 vigt
874 1138 33 22 för
921 1139 114 28 mången
1020 1133 17 38 i

210 1167 71 21 denna
302 1166 66 28 fräga.
399 1167 76 22 Denna
497 1169 23 20 är
540 1167 47 28 just
603 1173 26 16 en
645 1167 22 22 af
681 1167 26 22 de
722 1167 198 28 kardinalpunkter,
932 1168 38 27 jag
986 1167 50 22 sökt

209 1195 120 27 framhålla,
345 1195 29 22 dä
389 1196 37 21 det
441 1196 67 27 gäller
522 1197 34 20 att
570 1195 7 22 i
592 1196 51 22 våra
659 1195 67 28 dagar
741 1196 68 22 införa
825 1197 119 26 värnepligt
958 1197 6 21 i
976 1196 60 22 detta

209 1224 46 22 lilla
269 1224 57 22 land.

279 1253 42 27 Jag
336 1259 38 16 var
388 1253 66 22 redan
469 1253 28 28 pä
511 1253 148 27 förmiddagen
662 1249 15 36 i
696 1253 83 22 tillfälle
795 1255 33 20 att
842 1253 77 22 beröra
933 1254 67 27 några
1016 1253 22 22 af

212 1281 27 22 de
255 1281 166 28 önskningsmäl,
437 1288 46 16 som
499 1282 109 21 utskottet
616 1282 83 27 bifogat
706 1282 242 27 värnepligtsförslaget,
959 1283 78 21 sädant

213 1310 37 21 det
273 1310 22 22 af
315 1311 109 21 utskottet
446 1311 119 28 godkänts;
589 1311 64 21 dessa
676 1311 47 26 alla,
740 1311 131 27 upptagna
859 1306 13 37 i
888 1311 65 22 slutet
968 1311 22 22 af
1003 1313 34 20 ut-

212 1339 227 27 skottsbetänkandet,
455 1340 28 26 pä
498 1339 39 21 sid.
554 1341 26 19 87
597 1339 40 21 och
653 1341 34 25 88,
697 1341 37 20 äro
751 1340 167 26 önskningsmäl,
929 1341 79 21 vackra
1016 1339 24 21 af

211 1368 196 27 värnepligtslagen
422 1368 140 22 framkallade
578 1368 171 27 konsegvenser;
765 1374 48 16 men
829 1369 27 21 de
868 1370 36 20 äro
913 1368 55 22 blott
976 1368 61 22 önsk-

211 1396 113 27 ningsmäl.
355 1396 68 22 Hvart
445 1397 84 21 komma
551 1397 110 21 utskottet
681 1397 40 21 och
736 1398 116 21 ständerna
868 1399 33 19 att
915 1397 63 21 hafva
992 1397 46 22 ledt

213 1430 43 21 oss,
273 1431 34 15 om
322 1425 37 21 vid
375 1426 64 21 dessa
455 1426 160 26 önskningsmäl
629 1426 48 22 icke
691 1426 68 21 fästes
775 1426 67 27 nägot
857 1425 107 27 afseende,
980 1428 22 25 ty
1012 1426 26 22 de

213 1455 37 19 äro
274 1454 48 21 icke
344 1454 81 22 vilkor?
453 1454 69 22 Hvart
544 1454 55 22 skall
619 1461 49 15 man
690 1454 63 22 hafva
768 1454 63 28 bragt
846 1454 79 26 landet,
942 1460 34 16 om
991 1455 48 21 icke

212 1482 117 22 ständerna
347 1482 8 22 i
371 1489 26 15 en
412 1482 86 22 framtid
513 1482 22 22 fä
550 1483 88 27 deltaga
652 1483 6 21 i
675 1482 223 29 strafflagstiftningen
914 1483 33 22 för
962 1484 76 21 militä-

212 1517 45 22 ren,
281 1511 40 23 och
344 1518 34 16 om
394 1512 58 22 Hans
469 1512 119 28 Kejserliga
604 1512 102 28 Majestät
720 1512 48 23 icke
784 1513 35 22 vill
834 1512 73 29 lyssna
922 1512 31 22 till
970 1513 70 22 denna
