1109 1678
244 101 55 19 1024
545 102 40 19 Den
603 101 12 19 5
631 103 106 19 December.

210 164 82 28 förslag
312 165 109 22 äfvensom
442 167 33 20 till
490 166 121 27 ersättning
625 166 34 21 för
675 166 161 27 delegationens
852 165 138 22 medlemmar
1005 168 34 19 ut-

210 193 91 28 betalas,
326 194 55 23 efter
402 195 99 28 pröfning
524 195 23 21 af
567 195 200 27 bankfullmäktige,
791 195 47 21 från
856 195 101 21 Finlands
973 195 65 26 bank,

210 222 119 27 hvarjemte
348 224 166 21 Presteståndet
534 224 90 21 beslutit
643 226 33 19 att
695 224 89 27 inbjuda
798 223 143 22 medstånden
957 225 33 20 att
1005 230 34 15 om

211 251 61 22 detta
285 251 81 28 förslag
381 253 33 27 sig
429 253 95 21 förena".

280 286 31 21 På
326 287 49 21 herr
389 287 219 22 Landtmarskalkens
624 286 157 28 framställning
796 287 72 22 beslöt
880 287 160 26 Ridderskapet

211 315 41 21 och
274 315 69 22 Adeln
365 317 33 20 att
420 317 49 20 med
489 316 75 21 vidare
583 316 131 26 behandling
733 315 23 22 af
770 316 71 21 denna
855 316 125 27 inbjudning
995 316 45 21 låta

212 344 64 20 anstå
298 344 54 21 intill
377 344 49 22 dess
450 345 88 21 ståndet
560 344 42 21 fått
618 344 75 26 erfara,
710 344 106 22 huruvida
832 344 185 26 samstämmighet
1032 344 7 20 i

213 372 70 22 denna
299 372 60 28 fråga
375 374 56 20 inom
447 373 93 22 stånden
555 373 72 22 kunde
642 373 81 21 vinnas.

281 465 42 20 Till
341 464 88 22 fortsatt
448 465 133 27 behandling
595 465 112 27 föredrogs
724 465 67 27 derpå
807 465 178 22 Statsutskottets
1002 465 37 21 be-

213 493 110 22 tänkande
347 494 110 27 angående
481 494 101 27 samtliga
602 495 26 20 de
643 494 36 21 vid
693 494 132 26 landtdagen
844 495 54 20 1877
914 493 126 27 ifrågasatta

213 522 103 27 anslagen
339 525 55 19 samt
417 525 66 20 sättet
504 523 33 21 för
552 523 139 21 anskaffande
707 523 22 21 af
743 523 69 21 medel
829 523 31 20 till
877 523 115 24 desamma,
1008 522 31 21 af-

213 551 66 26 gifvet
299 551 29 27 på
343 552 69 26 grund
427 551 22 22 af
463 553 26 20 36
507 551 11 28 $
533 552 7 21 i
556 552 23 21 L.
597 552 31 26 O.,
646 551 23 22 af
681 552 82 21 hvilket
779 552 136 21 betänkande
931 552 6 20 i
953 550 86 22 ordnin-

215 586 40 21 gen
278 587 29 14 nu
329 580 66 27 följde
419 581 119 21 utskottets
561 581 29 26 på
605 587 48 20 pag.
671 583 26 18 36
713 581 110 26 angående
839 581 200 20 bränvinsskattens

215 609 140 21 användande
375 609 133 22 framställda
528 609 87 27 förslag,
637 609 88 22 hvarvid
743 611 8 18 1
769 609 96 27 punkten
887 609 22 21 af
923 609 60 21 detta
997 608 42 22 för-

214 637 49 27 slag
278 638 133 21 beträffande
427 639 120 26 ersättning
563 638 31 21 till
611 639 132 20 statsverket
758 637 33 22 för
807 638 37 21 det
859 637 57 22 förra
929 637 110 22 bränvins-

212 666 221 27 bränningsarrendet
448 669 92 23 660,000
556 667 61 21 mark
633 667 130 26 godkändes.

283 701 50 21 Med
349 701 114 27 anledning
479 701 22 21 af
515 703 12 19 2
543 702 97 26 punkten
655 701 93 21 rörande
765 701 119 27 ersättning
899 700 33 22 för
946 700 92 22 kontroll

214 729 59 22 öfver
289 730 153 21 brännerierna
457 730 40 21 och
514 730 57 21 ökad
587 730 49 21 tull-
653 730 40 22 och
709 736 70 15 annan
794 730 120 26 bevakning
929 736 27 14 m.
968 736 27 14 m.
1014 741 22 3 —

214 760 92 24 200,000
322 759 67 26 mark,
405 758 68 22 utbad
489 759 33 26 sig

282 793 57 21 Herr
358 793 159 27 Schauman,
534 794 24 20 B.
575 794 33 25 O.,
626 794 63 20 ordet
704 794 40 20 och
760 793 94 27 yttrade:
872 793 74 21 Ehuru
961 792 78 22 visser-

213 821 58 27 ligen
295 822 69 21 denna
386 822 171 27 anslagssumma
576 822 69 21 blifvit
661 822 91 27 förhöjd,
769 822 25 21 så
809 822 55 21 hade
878 822 38 26 jag
932 821 54 21 dock
1002 823 37 19 ön-

215 850 50 22 skat
281 852 33 19 att
329 851 41 21 den
386 851 55 21 hade
457 850 70 22 blifvit
543 851 37 21 det
595 853 56 19 ännu
667 858 58 14 mera
740 850 33 22 för
787 857 24 14 en
823 852 112 25 strängare
946 850 93 21 kontroll

214 880 57 20 samt
293 878 34 22 för
350 880 49 20 tull-
423 880 39 21 och
477 880 178 26 polisbevakning
670 879 23 21 af
707 879 72 27 oloflig
793 879 95 25 införsel,
904 879 136 26 tillverkning

215 908 40 21 och
271 907 126 28 försäljning
413 908 22 21 af
449 908 89 21 bränvin
554 909 6 20 i
575 908 84 26 landet;
676 908 104 21 särskildt
794 908 56 21 hvad
862 908 66 21 tullen
940 907 100 21 beträffar

215 936 61 27 längs
297 936 49 22 hela
366 938 65 20 södra
449 937 86 26 kusten,
554 937 88 21 hvarest
657 937 141 27 lurendrejeri
813 938 56 20 mest
884 937 61 21 torde
960 936 80 21 bedrif-

213 971 50 20 vas;
283 965 74 22 vidare
375 966 56 21 hvad
449 966 205 26 polisbevakningen
673 965 104 22 beträffar
791 966 7 20 i
815 965 26 21 de
856 966 46 20 inre
918 965 86 21 delarna
1020 964 22 22 af

213 994 80 25 landet,
311 994 38 21 der
363 994 156 27 lönnbränning
534 996 57 19 ännu
607 994 110 26 existerar,
735 996 56 19 samt
809 994 97 21 öfverallt
922 994 7 20 i
938 994 102 21 städerna

215 1022 41 21 och
279 1023 28 26 på
330 1023 79 26 landet,
426 1023 37 21 der
478 1023 93 20 handelu
586 1023 49 20 med
650 1023 90 20 bränvin
754 1022 89 21 florerar
858 1023 5 20 i
880 1022 105 21 tusentals
1001 1022 39 21 bu-

213 1051 56 21 tiker
289 1051 102 27 antingen
411 1052 48 21 med
478 1051 53 22 eller
545 1053 52 19 utan
613 1051 64 27 skylt.
707 1052 50 20 Men
769 1051 28 21 då
809 1051 38 26 jag
863 1057 35 15 ser
914 1052 32 19 att
962 1051 26 21 de
1004 1051 36 20 två

213 1079 72 27 stånd,
308 1080 6 21 i
338 1080 73 21 hvilka
428 1080 149 27 förnämligast
592 1080 151 27 petitionerats
759 1080 110 26 angående
884 1079 156 26 förminskning

213 1108 23 21 af
254 1109 41 21 den
315 1109 79 26 lagliga
413 1109 266 26 bränvinstillverkningen
699 1110 56 19 samt
774 1109 40 20 den
830 1108 63 21 häraf
906 1108 133 27 härflytande

213 1137 180 26 bränvinsfloden,
414 1137 47 22 icke
482 1138 75 21 tvekat
576 1139 33 19 att
623 1139 74 19 votera
713 1138 61 20 snart
789 1137 65 26 sagdt
868 1137 73 21 hvilka
953 1137 87 26 jernvä-

213 1171 39 21 gar
275 1166 41 21 och
336 1166 227 27 jernvägsbyggnader
586 1172 45 15 som
654 1166 63 26 helst,
742 1165 73 22 hvilka
838 1165 66 27 enligt
924 1165 42 21 min
983 1165 57 26 åsigt

212 1195 83 26 knappt
319 1200 33 15 om
375 1195 84 20 hundra
482 1195 24 21 år
524 1195 73 20 kunna
619 1194 64 21 blifva
703 1201 26 15 en
750 1194 126 27 verklighet,
898 1194 41 21 och
954 1193 86 22 hvartill

212 1223 51 26 inga
279 1223 68 21 andra
361 1223 70 22 medel
446 1223 68 21 finnas
531 1225 32 19 att
579 1223 62 26 tillgå
656 1225 27 19 än
698 1223 7 21 i
721 1223 42 21 den
775 1229 16 15 s.
802 1223 20 20 k.
834 1223 206 21 kommunikations-

213 1251 86 26 fonden,
322 1251 60 22 hvari
401 1252 124 21 intraderna
544 1251 47 22 från
614 1252 51 21 våra
679 1258 28 15 nu
723 1252 136 21 existerande
873 1252 115 26 jernvägar
1004 1257 36 16 en-

214 1280 49 21 dast
281 1281 78 26 utgöra
374 1287 26 14 en
415 1281 53 21 liten
483 1281 129 26 ingrediens,
628 1281 77 20 medan
721 1281 43 20 den
779 1280 120 27 väsentliga
913 1279 79 22 fonden
1006 1281 34 20 ut-

213 1310 64 25 göres
298 1308 23 21 af
340 1309 41 21 den
397 1311 59 20 stora
471 1309 195 26 bränvinsskatten,
683 1309 40 21 och
740 1310 33 19 att
789 1309 37 21 det
841 1309 85 21 således
941 1309 47 21 icke
1003 1315 37 14 va-

212 1337 29 21 rit
263 1337 68 27 något
353 1340 44 18 rätt
419 1338 67 21 allvar
506 1338 50 20 med
577 1337 65 21 dessa
661 1337 123 27 petitioner,
801 1337 25 21 så
840 1337 64 27 yrkar
916 1337 38 27 jag
968 1343 30 15 nu
1012 1337 29 26 på

213 1365 119 27 ingenting,
355 1368 53 19 utan
430 1366 48 22 tvår
497 1366 58 21 mina
569 1366 82 21 händer
666 1366 40 21 och
721 1366 40 21 ber
777 1368 32 18 att
823 1366 29 26 på
866 1365 90 22 förhand
971 1365 21 21 få
1007 1372 33 14 re-

213 1400 88 15 servera
324 1394 43 28 mig
386 1397 58 19 emot
464 1395 37 21 det
521 1394 108 22 blifvande
644 1394 103 26 beslutet,
764 1394 111 27 angående
891 1394 150 22 användandet

213 1422 23 22 af
251 1423 65 21 dessa
331 1423 76 21 medel.

282 1457 34 21 Då
324 1457 49 21 herr
381 1457 140 27 Schaumans,
530 1458 25 21 B.
565 1458 32 24 O.,
606 1458 100 26 yttrande
715 1457 48 21 icke
771 1457 90 22 innebar
871 1457 66 27 något
944 1457 96 27 yrkande

207 1486 29 28 på
259 1485 126 28 förändring
408 1486 23 22 af
450 1487 121 21 utskottets
587 1486 81 27 förslag
684 1486 38 21 och
740 1486 63 27 ingen
819 1492 71 15 annan
905 1486 23 21 af
942 1486 98 22 ståndets
