1109 1678
389 100 40 18 Den
446 99 12 18 4
474 100 107 17 December.
836 98 40 19 993

79 162 88 27 talning,
192 164 22 26 ty
236 163 60 22 Hans
313 162 102 27 Majestät
431 163 68 26 ansåg
514 163 71 21 denna
600 162 136 27 utbetalning
751 162 39 21 ske
805 161 33 22 för
853 161 54 22 lind-

78 191 68 22 rande
162 191 23 21 af
198 192 70 21 nöden
283 191 7 22 i
305 191 80 22 landet.
417 191 122 22 Ständerna
553 192 73 21 kunde
642 191 86 22 säledes
736 191 48 21 icke
799 197 51 15 vara
865 189 42 22 för-

78 220 121 27 pligtigade
222 222 33 20 att
278 220 120 21 återbetala
421 221 69 21 denna
512 222 64 20 ränta
595 221 29 26 på
637 219 168 28 jernvägslånet.
836 219 72 22 Också

78 249 40 21 har
134 255 25 16 en
176 249 68 21 sådan
259 249 134 26 förpligtelse
409 249 48 22 icke
472 249 71 22 blifvit
559 249 117 22 ständerna
687 248 68 27 ålagd.
782 248 49 22 Men
843 248 64 21 emel-

78 277 65 22 lertid
165 277 40 22 har
227 278 29 27 på
277 277 61 22 Hans
360 277 115 28 Majestäts
490 277 123 28 befallning,
628 278 37 27 jag
680 277 128 22 förutsätter
822 277 28 27 på
865 276 42 22 för-

80 307 47 26 slag
150 306 23 22 af
194 307 120 27 Kejserliga
337 306 100 27 Senaten,
461 307 108 21 allmänna
591 306 137 22 statsfonden
744 306 68 27 åtagit
827 306 33 26 sig
876 307 32 19 att

80 335 121 21 återbetala
224 336 60 20 detta
306 335 93 21 förskott
414 342 26 14 ur
455 335 156 21 militiefonden
627 335 22 21 af
662 335 37 21 två
714 335 103 27 miljoner.
846 334 61 21 Deri-

80 370 76 20 genom
172 363 64 22 hafva
252 364 26 20 de
294 364 13 21 å
321 364 190 21 bränvinsskatten
527 364 92 21 influtna
634 364 85 21 medlen
729 364 82 21 kunnat
821 363 87 21 komma

79 392 275 21 kommunikationsfonden
370 393 96 26 tillgodo,
483 393 41 20 och
539 400 50 13 man
604 393 42 20 kan
663 394 58 25 säga,
738 394 32 19 att
786 394 32 19 ett
832 392 76 26 anslag

79 421 29 27 på
123 421 70 22 denna
209 421 60 21 skatt
282 421 33 21 för
330 421 142 27 fängelserna,
489 421 28 27 på
533 427 82 16 samma
631 421 56 27 gång
703 421 36 21 det
749 427 50 15 vore
810 422 32 20 ett
853 427 53 20 upp-

81 449 95 28 fyllande
191 449 48 22 utaf
253 450 126 21 ständernas
396 449 58 28 gifna
469 450 59 27 löfte,
546 451 77 20 endast
638 456 51 15 vore
705 450 119 27 ersättning
838 449 34 22 för
880 455 27 15 en

81 479 34 21 del
137 478 22 22 af
180 481 77 19 räntan
278 479 29 26 på
329 478 37 21 det
386 479 137 26 jernvägslån
544 485 47 16 som
612 479 49 21 med
681 478 126 22 ständernas
823 477 85 28 garanti

80 507 119 28 upptagits.
230 507 51 22 Deri
297 507 68 27 ligger
380 507 85 22 således
482 507 62 22 äfven
560 508 90 27 mycken
665 507 104 26 billighet.

148 537 42 26 Jag
206 536 55 21 erfar
277 537 32 21 att
323 536 81 27 förslag
413 536 40 21 här
462 536 70 21 blifvit
540 537 73 27 gjordt
621 538 32 19 att
663 535 47 22 från
719 536 189 21 bränvinsskatten

81 565 69 22 skulle
165 565 34 22 för
214 565 137 26 fängelserna
367 565 72 22 anslås
455 571 26 15 en
497 565 80 28 miljon,
595 565 52 22 eller
661 565 83 21 kanske
753 565 77 21 endast
839 571 25 14 en
874 563 34 22 del

81 593 22 22 af
124 600 97 15 summan
245 594 40 21 och
308 595 73 20 resten
400 601 25 14 ur
440 594 222 27 bevillningsmedlen.
693 594 42 26 Jag
750 594 69 21 skulle
833 593 76 22 förena

80 623 44 26 mig
146 623 7 20 i
177 623 61 21 detta
259 623 78 25 beslut,
362 629 33 14 om
417 623 37 21 det
476 623 46 21 helt
546 623 73 21 enkelt
634 623 64 27 lydde
713 623 28 26 på
757 629 25 15 en
798 622 73 27 miljon
888 621 22 22 af

80 651 188 22 bränvinsmedlen
277 651 39 22 och
325 651 48 22 icke
389 651 32 22 till
437 652 71 26 någon
525 652 35 21 del
577 651 22 22 af
612 651 204 27 bevillningsmedel.
833 651 43 21 Det
885 653 23 18 är

81 680 83 21 kanske
189 679 63 28 djerft
275 682 32 19 att
330 682 57 24 säga,
411 686 49 15 men
475 680 40 27 jag
534 680 43 21 kan
593 680 48 21 icke
656 680 144 27 undertrycka
815 679 43 26 det,
876 680 32 20 att

82 708 118 22 ständerna
214 708 83 22 förfarit
313 708 40 22 och
363 708 79 22 förfara
457 709 87 27 mycket
559 709 133 27 principlöst,
710 708 69 22 deruti
794 708 114 26 nemligen,

82 739 38 24 att,
138 737 27 21 då
181 738 116 21 ständerna
313 737 114 27 disponera
443 737 59 21 öfver
517 738 71 21 medel
604 739 52 20 utan
671 737 72 27 någon
758 737 71 21 direkt
839 737 69 21 skatt-

81 766 103 27 läggning
206 766 28 27 på
255 766 73 26 folket,
353 766 58 21 öfver
431 766 81 22 sådana
526 766 71 22 medel
613 766 106 27 nemligen
736 772 45 15 som
796 765 112 22 bränvins-

82 795 93 26 skatten,
196 795 86 21 hvilken
303 797 23 19 är
346 796 32 20 ett
393 794 97 27 frivilligt
506 795 189 26 skatteåtagande,
712 795 116 21 ständerna
843 794 65 21 likväl

81 823 105 27 landtdag
209 823 54 22 efter
285 824 104 26 landtdag
411 824 94 26 pålägga
524 824 69 21 folket
608 830 41 21 nya
665 824 90 25 skatter,
771 823 84 27 förhöja
870 822 38 22 all-

81 854 78 20 männa
181 852 148 27 bevillningen,
348 852 84 27 förhöja
451 852 254 28 kartasigillataafgiften,
722 852 71 22 såsom
808 858 29 15 nu
852 851 56 21 före-

82 881 50 26 slås,
150 882 33 20 att
198 881 117 21 ständerna
329 880 112 22 föranleda
456 880 191 28 sjöfartsafgiftens
663 882 133 26 päläggande
813 887 18 15 o.
848 886 16 15 s.
881 887 26 19 vV.,

82 910 38 21 allt
138 910 71 21 ökade
227 910 84 21 skatter
328 916 46 15 som
389 910 75 21 landet
479 910 40 21 har
534 912 34 20 att
582 910 59 26 bära,
659 910 38 21 allt
713 910 59 21 detta
787 912 51 19 utan
854 909 54 21 nöd-

81 938 72 27 tvång,
176 938 47 22 helt
245 938 39 22 och
301 938 67 22 hållet
383 938 141 28 godtyckligt.
556 939 43 21 Det
615 941 23 19 är
653 939 48 21 icke
717 939 63 26 sagdt
796 940 32 19 att
849 938 59 26 jern-

81 969 66 25 vägar
162 967 62 21 skola
239 967 81 27 byggas
336 968 48 20 med
400 967 120 27 besparade
536 968 81 26 medel;
633 968 62 21 detta
710 970 24 18 är
744 969 92 19 tvärtom
847 967 7 20 i
866 967 42 21 min

81 996 66 21 tanke
171 996 122 27 principielt
316 998 63 19 orätt.
412 996 30 27 Ty
461 996 116 27 jernvägar
595 996 88 27 byggas,
700 996 33 21 för
748 998 31 19 att
795 1002 70 20 gagna
881 1001 27 15 en

80 1024 50 27 lång
152 1024 87 21 framtid
262 1025 40 20 och
317 1025 7 20 i
340 1024 41 21 alla
397 1024 75 21 länder
486 1025 41 21 har
543 1024 72 23 derför
630 1026 83 20 ansetts
729 1024 132 27 nödvändigt
876 1025 32 20 att

80 1053 93 27 pålägga
187 1053 128 22 kommande
331 1053 150 27 generationer
497 1054 64 21 deras
577 1053 64 22 andel
656 1054 7 21 i
677 1053 126 26 kostnaden,
818 1053 90 22 emedan

82 1082 26 21 de
131 1084 37 19 äro
192 1082 27 21 de
235 1088 45 15 som
296 1082 122 27 egentligen
433 1082 87 21 komma
536 1084 33 19 att
583 1083 66 26 draga
664 1081 110 22 frukterna
789 1082 22 21 af
825 1082 83 21 sådana

81 1110 90 27 företag.
204 1111 40 21 Om
266 1117 29 15 nu
319 1111 68 21 denna
410 1111 57 26 gång
486 1111 32 21 till
536 1111 52 27 följd
606 1111 22 21 af
643 1113 31 19 ett
689 1111 76 21 sådant
779 1111 128 21 ständernas

80 1139 122 22 förfarande
225 1141 33 20 att
279 1139 92 27 pålägga
392 1139 75 22 landet
486 1140 69 21 andra
570 1140 89 26 skatter,
677 1140 39 21 och
733 1139 122 27 derigenom
870 1139 38 21 be-

81 1174 63 21 spara
166 1168 123 21 inkomsten
313 1168 22 21 af
355 1168 197 26 bränvinsskatten,
571 1169 116 26 tillgångar
701 1168 74 26 finnas,
792 1168 25 21 så
832 1168 35 21 må
883 1167 25 22 så

80 1203 51 15 vara
153 1198 33 20 att
210 1197 64 21 dessa
297 1197 70 21 direkt
386 1197 110 21 användas
512 1197 34 21 till
559 1197 232 28 jernvägsbyggnader,
807 1197 25 21 så
847 1197 61 26 långt

81 1225 26 22 de
127 1225 71 22 räcka.
229 1226 50 21 Men
295 1227 32 20 att
341 1225 126 27 härigenom
483 1227 53 26 göra
552 1226 192 21 bränvinsskatten
759 1226 32 21 till
807 1232 25 15 en
848 1225 60 26 helig

80 1254 95 27 tillgång,
198 1254 86 21 hvilken
307 1255 46 20 icke
377 1254 70 21 skulle
466 1254 22 21 få
506 1255 111 21 användas
632 1255 33 20 till
679 1255 66 26 något
761 1256 64 19 annat
841 1253 66 22 ända-

79 1283 49 26 mål,
144 1283 62 21 detta
221 1289 50 16 vore
287 1283 65 27 högst
368 1283 80 21 oklokt.
479 1283 31 27 Ty
526 1283 90 22 anförda
631 1283 122 22 förfarande
769 1285 32 19 att
815 1283 93 26 pålägga

79 1311 68 22 folket
162 1312 91 26 skatter,
270 1311 67 22 ehuru
352 1311 119 28 penningar
485 1311 78 27 finnas,
579 1312 70 21 skulle
664 1311 113 22 fortsättas
785 1317 78 22 genom
875 1313 33 19 att

79 1340 45 21 låta
139 1340 72 26 någon
227 1340 34 21 del
277 1340 22 21 af
311 1341 98 25 anslaget
423 1340 34 21 för
471 1339 139 27 fängelserna
625 1342 66 25 tynga
705 1341 29 26 på
749 1341 107 20 allmänna
869 1340 38 20 be-

79 1368 121 28 villningen,
220 1368 7 21 i
246 1368 97 22 hvilkens
359 1369 120 27 utgörande
495 1369 89 27 deltaga
598 1368 48 22 icke
662 1370 77 20 endast
755 1369 26 21 de
795 1369 113 26 förmögna

80 1397 39 21 och
142 1398 96 26 bergade
260 1398 7 20 i
289 1397 80 26 landet,
388 1399 52 19 utan
456 1398 100 26 mången,
573 1404 33 15 om
622 1397 87 22 hvilken
724 1404 49 14 man
787 1398 42 20 kan
846 1399 60 24 säga,

79 1427 33 20 att
126 1426 57 22 hvad
198 1426 43 21 han
256 1426 83 21 betalar
353 1426 7 20 i
375 1426 192 26 bevillningsskatt
581 1426 84 21 betalar
680 1426 43 22 han
738 1426 23 21 af
772 1426 38 21 sitt
822 1426 85 26 dagliga

79 1454 60 22 bröd.
171 1454 76 22 Sävidt
262 1455 37 27 jag
314 1456 42 24 vet,
373 1456 24 19 är
413 1455 37 21 det
466 1455 66 21 också
549 1454 78 22 endast
641 1454 34 22 för
690 1456 26 20 de
731 1454 118 27 förgångna
864 1454 43 21 fem

79 1482 51 22 åren
146 1483 97 21 beslutat
259 1485 32 19 att
306 1482 143 22 öfverskottet
465 1482 22 22 af
501 1483 191 22 bränvinsskatten
707 1483 60 26 skall,
783 1483 86 21 utöfver
880 1482 27 21 de

79 1512 75 26 anslag
171 1518 46 15 som
232 1518 29 15 nu
275 1514 37 19 äro
329 1512 102 21 anvisade
441 1511 30 27 på
481 1512 132 26 densamma,
622 1512 28 26 gå
659 1512 33 22 till
700 1511 206 23 kommunikations-
