1109 1678
392 95 40 17 Den
449 91 11 22 6
477 95 106 17 December.
828 93 51 20 1051

85 158 32 20 att
134 157 40 21 den
191 156 121 28 förordning
321 157 109 26 angående
439 157 99 27 flottning
546 157 23 21 af
576 157 139 27 skogsalster,
724 157 88 22 hvarom
820 158 92 21 nämnda

85 185 105 28 landtdag
212 187 82 21 fattade
309 186 78 26 beslut,
404 187 47 20 icke
467 192 51 15 vore
534 188 33 19 att
582 187 72 20 såsom
670 186 94 21 definitiv
781 187 39 21 och
837 187 73 21 varak-

85 215 31 26 tig
131 215 223 27 lagstiftningsåtgärd
370 215 117 26 betraktas,
506 217 51 19 enär
573 215 113 21 efterhand
696 221 84 15 vunnen
790 215 122 22 erfarenhet

84 243 72 22 kunde
175 243 110 23 föranleda
301 243 113 28 ändringar
431 244 51 26 deri,
499 243 65 22 likväl
579 244 48 21 icke
642 244 83 21 kunnat
740 244 114 26 godkänna
870 244 41 21 den

84 279 29 14 nu
135 271 110 30 förelagda
266 272 79 27 nådiga
367 273 161 26 propositionen
543 273 7 20 i
567 275 78 24 ämnet,
662 273 45 21 dels
724 273 89 21 emedan
829 273 81 21 förord-

84 301 78 26 ningen
178 301 23 22 af
215 302 41 21 den
272 303 25 19 24
313 301 58 22 Mars
389 303 53 20 1873
459 301 24 22 så
498 301 50 22 kort
564 301 31 22 tid
611 302 54 21 varit
681 301 110 27 tillämpad
807 303 33 20 att
848 301 63 27 nödig

85 329 122 23 erfarenhet
228 330 110 27 angående
361 330 158 27 behöfligheten
543 330 23 21 af
587 331 69 20 större
675 330 52 22 eller
742 330 82 22 mindre
840 330 70 22 förän-

86 358 87 27 dringar
188 360 6 20 i
211 359 123 21 densamma
349 361 56 19 ännu
420 359 48 21 icke
483 359 83 21 kunnat
581 358 124 26 förvärfvas,
723 358 44 22 dels
785 358 22 22 af
821 359 46 21 skäl
879 360 33 20 att

86 388 197 26 tillgodogörandet
297 387 23 22 af
333 388 84 21 landets
434 388 186 26 skogsprodukter
635 387 108 22 sannolikt
759 388 69 21 skulle
844 388 6 20 i
862 388 48 20 allt-

86 416 32 21 för
141 416 44 27 hög
199 417 53 26 grad
267 415 112 28 försvåras,
397 417 73 20 derest
485 417 82 20 sådana
583 416 141 27 stadganden,
741 422 46 15 som
804 416 26 22 de
846 417 7 20 i
869 416 41 21 den

85 445 78 27 nådiga
178 445 161 27 propositionen
353 445 127 26 föreslagna,
496 445 71 22 blefve
582 445 32 21 till
625 445 144 22 efterrättelse
780 445 129 26 utfärdade
897 441 15 36 ;

154 475 33 20 att
209 474 182 27 Borgareståndet
413 474 35 22 vid
470 474 160 27 handläggning
645 474 23 21 af
681 475 229 26 Jernvägsutskottets

86 503 152 21 betänkanden
253 503 57 21 N:ris
327 505 10 18 1
355 503 40 22 och
411 505 11 20 3
439 503 49 21 med
505 503 114 27 anledning
635 503 22 21 af
664 503 78 26 nådiga
750 503 160 27 propositionen

85 532 49 21 med
156 531 81 28 förslag
252 531 32 22 till
300 532 149 21 stambansnät
464 531 32 22 för
509 532 143 27 jernvägarne
667 539 7 14 1
689 531 96 28 Finland,
800 533 88 20 stannat
903 531 7 21 i

85 561 94 27 följande
194 561 83 21 beslut:

156 591 33 20 1:o
213 591 32 20 att
263 589 131 22 Ständernas
411 589 147 28 underdäniga
573 595 50 16 svar
637 589 28 27 pä
681 589 41 22 den
737 589 79 27 nådiga
831 595 78 22 propo-

85 618 99 27 sitionen,
207 617 33 23 för
263 618 24 21 så
310 619 43 21 vidt
372 619 66 26 angår
453 617 75 28 frågan
544 625 35 15 om
595 619 32 20 ett
641 618 149 21 stambansnät
805 618 33 22 för
850 618 58 27 jern-

85 649 94 25 vägarne
201 647 7 21 i
224 647 95 26 Finland,
336 647 54 21 skall
406 647 85 21 affattas
507 647 7 21 i
530 648 37 21 det
583 646 54 28 syfte
654 649 33 19 att
703 647 121 21 Ständerna
840 647 69 21 skulle

85 676 90 26 anmäla,
197 677 32 20 att
245 676 119 21 Ständerna
379 678 56 19 ännu
450 676 48 21 icke
514 682 53 15 anse
581 675 75 27 frågan
672 682 34 15 om
721 675 151 21 fastställande
888 674 23 22 af

86 706 32 20 ett
134 705 90 21 allmänt
240 705 149 21 stambansnät
403 704 32 22 för
450 704 75 22 landet
540 711 52 15 vara
607 704 25 21 så
647 704 77 22 utredd
740 706 32 19 att
788 704 122 22 Ständerna

85 734 69 21 skulle
177 734 78 26 kunna,
275 734 126 21 kommande
416 734 127 26 landtdagar
558 734 7 20 i
581 732 81 28 förväg,
679 733 45 21 deri
739 733 54 21 fatta
809 734 33 20 ett
857 732 51 22 defi-

84 762 63 22 nitivt
169 762 78 26 beslut,
271 764 50 20 utan
345 764 32 20 att
392 762 122 22 Ständerna
528 762 34 22 för
578 762 68 22 denna
661 762 56 27 gång
733 762 75 21 endast
823 761 87 22 anhålla

85 793 33 19 att
139 791 60 21 Hans
217 791 120 27 Kejserliga
352 791 103 27 Majestät
470 791 68 21 måtte
553 791 102 22 nedsätta
670 798 26 14 en
712 791 144 26 kommission,
872 790 36 22 be-

85 820 90 22 stående
199 820 22 21 af
241 826 103 21 personer
365 819 47 22 från
428 820 57 21 olika
501 820 60 21 delar
577 819 22 22 af
612 820 80 26 landet,
708 820 85 21 hvilken
807 819 102 21 kommis-

84 849 48 21 sion
155 849 69 21 skulle
247 851 96 25 uppgöra
366 848 79 28 förslag
461 848 32 22 till
508 849 73 21 vidare
596 848 216 27 förfullständigande
828 848 22 21 af
864 848 45 21 lan-

84 878 48 21 dets
149 878 155 26 stambansnät,
321 878 87 21 hvarom
423 878 60 21 Hans
499 878 122 27 Kejserliga
636 878 102 27 Majestät
749 877 66 21 sedan
825 877 85 21 täcktes

83 906 111 28 förelägga
209 906 250 22 nästsammanträdande
475 907 88 21 ständer
578 906 65 27 nådig
656 906 143 28 proposition;

154 937 34 20 2:0
211 937 32 20 att
265 942 26 15 en
304 936 151 27 jernvägslinie
472 935 55 21 skall
543 936 102 26 anläggas
661 935 91 21 emellan
767 934 143 22 Tammerfors

85 964 41 22 och
148 964 136 22 Nikolaistad
307 966 72 20 vester
401 970 33 16 om
458 964 108 28 Näsijärvi
589 964 40 21 och
651 964 65 21 Ikalis
733 964 57 27 sjöar
805 965 57 20 samt
878 964 32 20 att

85 993 122 21 Ständerna
223 993 129 22 öfverlemna
367 994 23 20 ät
405 993 125 26 regeringen
547 995 33 19 att
595 995 97 19 närmare
700 993 120 21 bestämma
828 992 82 21 banans

84 1022 101 26 riktning,
202 1022 55 21 dock
272 1023 49 20 med
335 1021 111 22 uttalande
463 1021 61 22 deraf
537 1023 33 20 att
583 1021 117 28 jernvägen
715 1021 40 22 bör
768 1021 61 22 ledas
846 1021 65 21 säatt

84 1051 111 26 möjlighet
211 1050 32 22 för
259 1051 100 21 städerne
374 1051 138 27 Björneborg,
529 1050 146 21 Kristinestad
691 1050 41 21 och
747 1050 73 21 Kaskö
832 1051 33 20 att
874 1055 36 15 an-

83 1079 65 27 lägga
163 1079 94 28 bibanor,
275 1079 24 22 sä
314 1080 45 21 vidt
374 1079 78 28 görligt
467 1081 30 24 är,
514 1079 146 26 underlättas;

153 1110 34 19 3:0
211 1110 32 19 att
266 1109 37 20 det
325 1110 86 25 system,
435 1108 82 21 hvilket
532 1108 122 27 föreslagits
671 1107 22 22 af
707 1107 41 22 den
763 1106 147 27 kommission,

84 1143 45 15 som
146 1139 87 20 senaste
249 1143 92 16 sommar
356 1137 55 22 varit
426 1137 88 21 nedsatt
529 1136 33 23 för
577 1136 120 22 utredande
713 1136 23 21 af
748 1136 75 27 frägan
831 1141 35 16 om
875 1135 37 21 det

83 1165 33 22 för
131 1166 102 21 Finlands
247 1166 226 27 jernvägsbyggnader
488 1167 57 20 mest
561 1165 143 27 fördelaktiga
712 1165 198 27 byggnadssystem,

84 1195 54 21 skall
153 1195 107 26 tillämpas
277 1195 35 21 vid
327 1195 125 27 byggnaden
469 1193 22 22 af
505 1195 40 21 och
561 1194 96 22 rörelsen
672 1194 29 27 pä
715 1194 91 21 nämnda
821 1193 68 26 bana;

153 1225 34 20 4:0
211 1225 32 20 att
266 1224 84 21 arbetet
369 1223 32 22 för
417 1223 62 22 ofvan
495 1223 94 22 nämnda
602 1223 163 26 jernvägslinies
781 1221 131 28 anläggning

85 1252 55 21 skall
157 1252 151 27 ofördröjligen
325 1252 86 27 vidtaga
427 1252 40 21 och
482 1251 72 28 fortgå
570 1251 90 22 sålunda
675 1253 33 20 att
723 1251 147 22 iförhällande
879 1250 33 21 till

82 1281 185 27 konjunkturerna
281 1281 29 27 pä
325 1280 207 22 arbetsmarknaden
548 1287 26 15 en
590 1282 70 20 större
676 1281 52 21 eller
743 1280 81 21 mindre
841 1279 35 22 del
892 1278 22 22 af

82 1310 71 21 banan
169 1309 35 22 mä
219 1310 72 21 kunna
306 1310 81 26 årligen
403 1309 136 27 fullständigt
554 1309 103 27 beläggas
673 1309 49 22 med
737 1309 84 26 arbete;

152 1341 34 19 5:0
210 1340 32 19 att
264 1339 111 21 remittera
397 1339 90 21 ärendet
506 1338 32 20 till
555 1338 170 21 Statsutskottet
740 1337 49 21 med
805 1336 107 22 anmodan

82 1366 33 21 till
131 1367 60 21 detta
206 1368 32 20 att
252 1367 109 21 inkomma
376 1367 48 21 med
439 1366 138 22 betänkande
592 1366 56 21 huru
664 1367 26 21 de
705 1366 33 21 för
753 1366 130 26 anläggning
891 1364 22 22 af

82 1396 139 21 merberörda
241 1396 90 27 jernväg
347 1396 76 21 mellan
439 1395 143 22 Tammerfors
599 1394 40 22 och
654 1395 135 21 Nikolaistad
805 1394 106 21 erforder-

82 1424 44 26 liga
141 1424 76 27 medel,
234 1424 73 22 hvilka
323 1424 114 22 beräknats
453 1424 6 21 i
475 1424 65 21 rundt
556 1424 30 21 tal
602 1424 32 20 till
649 1424 70 21 nitton
734 1424 97 27 miljoner
842 1422 68 26 mark,

82 1452 67 22 borde
165 1452 118 27 anskaffas;
299 1454 56 20 samt

152 1483 34 20 6:0
209 1484 33 19 att
264 1481 33 22 för
319 1481 134 22 bekostande
477 1481 21 21 af
513 1482 18 26 ej
548 1480 83 22 mindre
647 1481 40 21 den
703 1480 145 26 kommission,
866 1485 46 15 som

83 1510 106 28 styrelsen
209 1511 84 21 komme
318 1512 32 20 att
373 1510 90 22 tillsätta
482 1509 33 23 för
530 1509 123 23 beredande
669 1509 21 23 af
704 1510 74 28 frägan
795 1515 34 16 om
845 1509 66 23 stam-
