1109 1678
400 96 39 17 Den
457 94 10 19 3
485 95 104 18 December.
842 93 39 20 971

85 159 145 26 petitionerna
253 158 47 22 icke
321 158 85 22 komma
425 160 33 20 att
473 158 63 21 vinna
552 158 164 27 godkännande,
733 165 48 14 men
797 158 6 21 i
819 157 42 22 alla
876 157 36 22 fall

85 187 39 22 har
140 187 169 22 Statsutskottet
324 187 61 26 dock,
402 188 28 26 på
445 189 45 20 sätt
505 187 53 21 hvar
573 187 41 21 och
630 193 32 20 en,
680 193 46 15 som
741 187 55 27 tagit
811 187 56 21 notis
879 193 34 14 om

86 216 153 27 betänkandet,
256 217 42 20 kan
313 216 102 26 inhemta,
431 216 33 21 för
479 217 33 20 att
527 215 130 22 säkerställa
673 215 26 22 de
717 215 70 22 finska
805 215 107 26 skolorna,

86 245 111 22 eventuelt
212 245 86 26 uppfört
314 245 48 21 dem
375 245 80 27 jemväl
471 245 28 26 på
514 244 239 27 bevillningsanslagen,
770 245 24 20 så
805 245 32 20 att
848 245 66 25 något

86 273 47 22 skäl
149 275 33 20 att
197 273 64 28 klaga
276 273 58 22 öfver
350 273 65 22 dessa
429 273 71 22 finska
516 273 73 22 skolor
604 273 40 22 och
663 273 146 22 kostnaderne
827 273 34 22 för
876 273 36 21 de-

86 309 83 15 samma
183 303 48 21 icke
251 301 123 28 förefinnes;
391 303 28 21 då
434 305 24 18 är
474 302 38 21 det
529 301 109 28 sjelffallet
657 304 38 24 att,
712 302 73 21 derest
799 302 48 21 icke
863 308 51 21 pen-

87 331 75 27 ningar
177 331 68 21 finnas
261 331 6 21 i
283 331 135 21 statsfonden
433 331 33 21 för
481 331 136 21 bekostande
633 331 22 21 af
669 331 65 21 dessa
749 331 79 26 skolor,
848 331 66 26 sagde

87 360 119 21 kostnader
221 360 52 21 böra
287 360 108 21 bestridas
411 359 22 22 af
447 359 205 27 bevillningsmedel.
683 359 56 22 Herr
753 359 112 22 Molander
876 359 38 21 har

87 388 55 21 dock
158 388 101 27 slutligen
275 388 110 27 medgifvit
401 391 38 22 att,
455 388 55 21 huru
526 388 115 26 bristfällig
657 390 26 19 än
699 388 70 21 denna
784 388 72 27 kalkyl
872 388 42 21 kan

87 423 57 20 vara,
168 417 37 21 det
227 417 55 21 dock
305 419 23 19 är
347 417 108 22 sannolikt
471 419 33 19 att
519 417 115 22 resultatet
648 417 97 21 kommer
759 418 32 20 att
806 419 109 19 motsvara

88 446 119 21 utskottets
223 445 172 28 förhoppningar.
427 445 60 22 Efter
504 446 60 21 detta
581 445 155 28 medgifvande,
754 445 40 22 och
809 446 27 21 då
851 446 63 26 ingen

88 475 62 21 torde
166 475 73 21 kunna
254 475 109 26 uppställa
378 481 27 15 en
420 475 79 27 kalkyl,
516 481 46 15 som
578 481 49 15 man
643 474 49 22 med
707 473 38 22 full
761 474 101 22 säkerhet
872 475 42 20 kan

88 503 99 22 försäkra
202 503 28 27 på
245 503 78 28 pennin
339 503 64 22 blifva
419 503 70 26 exakt,
506 503 39 22 har
559 504 38 27 jag
616 503 110 27 ingenting
744 505 65 19 annat
824 505 33 20 att
873 503 42 21 till-

88 533 69 26 lägga,
175 534 26 19 än
217 534 32 19 att
264 532 70 21 uttala
349 532 43 21 min
408 532 122 27 synnerliga
544 532 190 21 tillfredsställelse
751 531 58 22 öfver
827 534 39 24 att,
882 532 32 21 åt-

88 561 106 22 minstone
210 561 7 21 i
233 561 100 22 afseende
349 561 12 21 å
377 561 78 27 nådiga
470 561 163 27 propositionen
648 561 111 27 angående
769 561 147 21 kostnaderna

88 589 33 22 för
136 590 78 21 allmän
229 589 132 28 värnepligts
377 589 111 22 införande
505 591 6 20 i
522 590 80 26 landet,
613 590 127 27 regeringen
751 590 37 21 der
801 589 115 22 framställt

88 620 33 20 ett
138 618 135 28 fullständigt
287 618 176 28 budgetsförslag
477 619 92 22 rörande
585 619 160 26 militiefonden,
765 619 24 21 så
809 621 32 19 att
856 621 59 19 stän-

89 648 67 21 derna
170 647 49 22 icke
234 647 74 22 sväfva
323 648 6 21 i
345 647 132 27 okunnighet
493 654 35 15 om
542 648 57 21 hvad
615 648 26 21 de
652 648 6 21 i
670 647 61 22 detta
741 647 101 22 afseende
854 647 62 22 hafva

89 678 33 20 att
136 676 92 22 besluta.

158 705 56 21 Herr
233 705 138 21 Mechelin:
402 705 41 27 Jag
459 705 63 22 utber
537 705 44 27 mig
596 706 33 20 att
646 704 21 22 få
687 704 94 23 förklara
795 706 33 20 att
841 706 37 26 jag
894 706 23 20 är

90 733 129 27 fullkomligt
235 740 50 15 ense
301 734 49 21 med
365 734 56 21 hvad
436 734 50 21 herr
501 734 113 22 Molander
629 734 6 21 i
654 734 67 22 slutet
737 734 22 21 af
777 734 38 21 sitt
830 736 88 20 senaste

90 762 138 28 andragande
243 762 105 27 framhöll,
364 762 106 27 nemligen
487 765 33 19 att
535 770 49 14 man
603 763 39 21 bör
658 763 25 21 så
700 763 86 27 mycket
804 769 46 15 som
865 763 53 27 möj-

89 792 39 26 ligt
144 791 93 22 undvika
253 793 32 19 att
300 791 41 22 öka
357 791 26 22 de
399 792 101 26 ständiga
516 792 51 22 eller
583 792 91 21 stående
689 791 117 28 utgifterna
815 792 34 21 för
860 792 56 21 ordi-

90 820 58 22 narie
164 820 141 27 statsfonden,
325 820 39 22 och
380 820 138 27 naturligtvis
533 821 48 21 icke
601 820 57 22 blott
675 820 34 22 för
728 820 106 22 ordinarie
850 822 68 20 stats-

90 849 85 26 fonden,
194 850 52 20 utan
266 848 61 22 äfven
346 849 33 21 för
396 849 220 27 bevillningsmedlen,
633 851 22 25 ty
671 850 38 21 der
725 851 36 20 äro
777 851 140 26 permanenta

89 878 118 26 utgifterna
223 878 64 21 minst
302 878 107 27 lämpliga.
439 877 48 22 Ifall
503 878 66 27 något
584 878 130 26 föregående
729 878 99 28 yttrande
842 878 22 21 af
873 878 44 26 mig

90 906 60 28 gifvit
165 906 116 28 anledning
295 906 33 22 till
343 906 61 22 detta
419 907 95 27 yrkande
533 907 47 21 från
598 907 50 21 herr
665 907 123 21 Molanders
807 907 54 26 sida,
878 906 39 22 har

87 936 38 26 jag
147 936 58 21 velat
227 936 32 20 till
281 935 174 22 förekommande
474 935 22 23 af
512 935 152 22 missförstånd
679 936 74 22 härom
768 936 100 26 förklara,
885 936 33 20 att

86 964 39 28 jag
140 966 24 20 är
179 964 90 22 alldeles
285 970 51 16 ense
351 965 49 21 med
415 964 85 22 honom.
530 964 57 22 Herr
602 964 112 22 Molander
729 965 38 21 har
781 964 71 22 funnit
862 964 55 21 hvad

87 993 38 27 jag
139 993 93 27 yttrade,
249 993 48 21 med
313 992 102 22 afseende
431 993 13 21 å
459 994 27 21 de
502 993 127 27 tilltagande
645 993 117 27 utgifterna
776 993 33 22 för
819 993 97 28 sjukvår-

90 1022 48 25 den,
155 1028 51 15 vara
221 1027 42 21 nog
278 1021 169 28 knapphändigt.
477 1022 43 27 Jag
535 1022 64 21 utber
614 1022 43 27 mig
673 1023 32 20 att
723 1021 22 22 få
763 1021 33 22 för
811 1021 105 28 tydlighe-

90 1052 48 19 tens
162 1050 56 21 skull
240 1050 90 27 tillägga
353 1052 38 25 att,
414 1050 44 22 ifall
482 1050 182 22 Statsutskottets
679 1050 238 27 inkomstberäkningar

90 1085 50 15 vore
156 1079 88 26 sådana,
261 1081 32 19 att
308 1085 49 15 man
372 1079 55 22 hade
443 1079 99 27 grundad
558 1079 114 28 anledning
688 1081 33 20 att
739 1086 51 15 anse
801 1079 49 21 dem
866 1085 52 15 vara

90 1107 118 27 ohållbara,
231 1107 40 22 och
286 1107 45 22 ifall
346 1108 48 21 icke
417 1108 66 27 några
501 1114 99 16 reserver
618 1109 69 20 skulle
703 1108 67 21 finnas
787 1108 129 25 beräknade,

90 1136 40 22 och
144 1136 48 22 icke
208 1137 70 26 någon
295 1143 83 15 summa
392 1136 33 22 för
441 1137 138 26 opåräknade
595 1137 94 27 utgifter,
707 1137 24 21 så
742 1137 69 21 skulle
819 1137 38 27 jag
868 1136 50 21 med

91 1165 116 27 anledning
226 1165 22 22 af
266 1165 59 22 såväl
345 1165 50 22 herr
413 1165 131 27 Molanders,
564 1172 46 15 som
631 1166 66 21 också
712 1172 75 15 senare
802 1165 51 22 herr
869 1165 49 27 Pip-

91 1194 125 27 pingskölds
232 1194 114 27 yttranden
363 1200 52 15 anse
431 1195 64 20 dessa
511 1194 152 27 utgiftsposter
678 1195 52 21 böra
745 1195 7 20 i
771 1194 147 27 beräkningen

90 1225 107 24 upptagas
213 1223 40 21 och
269 1223 150 21 motsvarande
435 1223 79 27 belopp
530 1223 81 27 ökning
625 1223 7 21 i
647 1223 94 22 inkomst
755 1223 52 22 böra
817 1223 100 21 beredas.

90 1250 50 23 Men
160 1252 27 21 då
207 1251 26 22 de
252 1251 23 22 af
295 1251 44 27 mig
362 1251 95 28 antydda
474 1252 146 27 premisserna
639 1252 48 21 icke
703 1254 36 25 egt
753 1258 53 20 rum,
823 1253 52 20 utan
892 1257 26 16 en

90 1280 79 21 latitud
184 1280 68 21 finnes
268 1280 32 21 för
316 1281 57 21 vissa
388 1281 104 26 ökningar
508 1281 49 21 utaf
570 1281 107 21 ordinarie
685 1281 122 26 utgifterna,
819 1280 25 21 så
854 1286 64 21 synes

90 1309 38 21 det
142 1309 43 26 mig
204 1311 33 19 att
256 1315 26 16 en
300 1309 123 27 förändring
443 1309 23 22 af
483 1309 146 27 beräkningen
645 1309 90 22 sålunda
750 1309 47 22 icke
813 1311 23 19 är
852 1309 66 21 erfor-

90 1338 74 26 derlig,
181 1338 58 20 helst
255 1337 64 22 dessa
335 1344 94 14 summor
444 1338 7 20 i
467 1338 43 21 alla
524 1338 37 21 fall
577 1339 49 20 röra
641 1339 34 26 sig
689 1339 61 25 långt
765 1338 68 21 under
845 1343 73 15 ramen

90 1366 24 21 af
127 1366 26 21 de
168 1366 33 21 för
217 1366 140 22 oförutsedda
371 1366 66 21 behof
452 1366 82 27 årligen
550 1366 123 22 beräknade
691 1372 128 16 summorna.

159 1395 56 21 Herr
230 1395 141 21 Molander:
402 1395 41 27 Jag
459 1395 55 21 skall
530 1396 56 20 blott
599 1396 58 26 yttra
672 1396 67 26 några
749 1395 44 21 ord.
820 1395 98 21 Friherre

89 1429 42 16 von
146 1424 58 20 Troil
219 1424 40 20 har
274 1424 58 21 velat
347 1424 91 27 upplysa
453 1425 33 20 att
501 1424 7 21 i
524 1424 128 22 skolfonden
667 1424 68 21 finnas
751 1425 70 20 större
834 1429 84 16 ressur-

90 1458 36 16 ser
142 1454 27 19 än
181 1452 39 27 jag
235 1452 105 28 uppgifvit
357 1452 52 22 eller
423 1453 66 27 något
506 1452 59 22 öfver
581 1454 90 24 600,000
687 1453 61 21 mark
764 1452 39 22 och
815 1454 33 20 att
858 1452 61 21 kost-

89 1481 70 21 naden
175 1480 33 22 för
223 1488 41 20 nya
279 1481 153 27 normallyceet
447 1481 93 27 uppgafs
556 1480 22 22 af
594 1481 43 27 mig
655 1481 32 21 till
703 1483 91 23 500,000
810 1480 67 27 mark,
894 1480 25 21 så

90 1511 32 21 att
137 1510 7 22 i
159 1509 127 23 skolfonden
302 1510 70 22 skulle
387 1509 68 23 finnas
475 1512 90 25 100,000
581 1509 13 23 &
612 1512 89 27 117,000
712 1510 71 23 marks
792 1509 126 25 öfverskott,
