1109 1678
422 98 40 17 Den
477 97 12 18 7
507 98 106 18 December.
848 97 51 20 1161

103 159 116 23 förbättras
243 160 39 22 och
305 160 39 21 bör
367 159 116 23 förbättras
508 162 23 19 är
553 161 35 21 väl
602 161 64 22 värdt
681 161 33 21 att
728 160 79 22 räknas
823 160 65 22 bland
904 161 26 21 de

103 189 199 27 betydelsefullaste
317 191 123 20 momenten
454 189 7 21 i
479 189 128 22 ständernas
627 189 166 27 förhandlingar.
823 189 51 21 Man
888 189 42 21 kan

104 219 52 24 säga
171 219 33 20 att
219 217 100 22 behofvet
335 217 22 22 af
370 217 129 28 förbättring
514 218 7 21 i
537 218 142 21 statsskicket
698 218 47 21 icke
765 218 25 21 så
809 217 33 22 för
861 217 69 27 dagen

104 245 40 22 och
158 245 33 22 för
206 247 92 21 stunden
313 245 122 23 förnimmes
452 246 106 27 öfverallt,
574 253 46 15 som
636 246 23 21 af
672 246 101 22 reformer
783 246 57 21 inom
853 246 77 27 många

104 275 66 20 andra
185 275 59 26 gebit
258 274 22 22 af
293 275 168 27 lagstiftningen,
478 281 48 16 men
542 275 56 21 huru
613 281 49 15 man
678 277 27 19 än
723 275 111 22 betraktar
848 275 82 21 konsti-

105 303 110 22 tutionens
232 303 110 28 betydelse
357 303 32 22 för
404 304 80 26 landet,
501 304 25 21 så
541 304 62 21 torde
623 310 49 15 man
688 303 55 22 dock
758 304 53 21 böra
824 302 106 28 medgifva

104 333 32 20 att
159 332 37 21 det
218 335 24 18 är
265 333 32 20 ett
316 331 136 28 oeftergifligt
475 333 68 21 vilkor
565 332 33 22 för
621 333 47 21 vårt
690 332 55 21 folks
761 331 86 22 framtid
862 333 32 20 att
909 331 21 21 få

104 360 76 27 sjelfva
194 360 209 27 statsförfattningen
425 361 63 27 bragt
508 361 32 21 till
558 360 90 27 behörig
663 360 129 27 utveckling.
823 360 32 22 De
871 361 59 21 stora

104 389 127 21 nationerna
246 389 72 21 kunna
332 390 100 20 stundom
447 391 32 20 ett
493 389 47 22 helt
556 388 109 23 tidehvarf
678 390 84 26 igenom
777 388 57 22 finna
845 388 31 22 sin
887 388 43 21 till-

104 417 156 22 fredsställelse
277 417 30 22 uti
323 419 32 20 att
371 418 80 21 skörda
467 420 37 19 ära
519 418 28 27 på
563 417 108 27 områden,
688 423 46 16 som
749 417 47 22 icke
811 417 72 22 intimt
892 417 38 21 be-

104 447 49 20 röra
168 446 40 21 den
224 446 45 21 inre
286 447 159 26 utvecklingen;
461 453 49 15 men
524 447 34 21 för
574 447 27 21 de
616 446 47 22 små
677 446 71 21 folken
763 446 67 27 gäller
846 446 36 21 det
898 447 32 20 att

104 475 52 21 ernå
172 475 41 21 den
229 475 77 26 högsta
321 475 87 27 möjliga
423 475 135 27 ståndpunkt
573 475 7 21 i
596 475 146 26 rättsordning
758 475 40 21 och
813 475 7 20 i
836 474 45 22 inre
896 475 34 20 ut-

104 503 99 26 veckling
225 503 34 21 för
274 503 69 27 öfrigt.
374 504 44 21 Det
433 506 24 19 är
472 505 32 20 ett
526 504 103 21 intensivt
651 503 25 22 lif
693 505 32 20 ett
739 503 48 22 litet
802 503 43 22 folk
861 503 69 22 måste

104 532 52 26 föra,
173 538 34 15 om
224 531 37 22 det
276 532 54 21 skall
345 532 72 21 kunna
431 532 66 22 blifva
512 533 33 20 sin
560 533 40 20 roll
616 532 31 21 uti
662 532 103 21 historien
780 532 68 21 värdt.

174 561 42 21 Det
231 561 184 22 konstitutionella
430 561 59 22 lifvet
505 561 43 22 kan
562 561 47 22 icke
625 561 89 26 fungera
728 561 94 21 hvarken
831 560 48 22 med
887 560 42 21 till-

104 589 79 26 börligt
199 589 115 28 eftertryck
329 590 53 21 eller
398 589 47 22 med
461 590 105 27 tillbörlig
580 590 137 25 kontinuitet,
740 595 34 16 om
797 589 47 22 icke
859 590 71 20 tätare

105 618 174 21 sammanträden
294 618 22 21 af
330 619 199 26 representationen
546 625 100 20 egarum.
673 618 144 21 Petitionären
826 617 40 22 och
875 617 54 27 Lag-

104 647 110 21 utskottet
228 646 63 22 hafva
306 647 99 27 framlagt
420 647 86 22 talande
523 647 40 22 och
583 647 115 26 rikhaltiga
715 647 64 21 motiv
793 646 34 22 för
842 646 41 21 den
898 645 32 22 fö-

104 675 101 27 reslagna
220 675 124 27 petitionen.
376 676 42 20 Det
433 676 41 20 kan
491 675 124 22 derutöfver
634 675 92 27 förtjena
745 677 61 25 tagas
821 675 7 21 i
844 674 86 22 betrak-

104 704 72 26 tande,
193 705 33 20 att
241 704 37 21 det
293 704 61 22 äfven
370 704 71 22 derför
456 704 47 22 icke
519 704 63 22 torde
597 710 52 16 vara
663 703 32 22 för
710 704 73 21 landet
792 703 49 21 fullt
851 709 79 21 gagne-

104 732 46 27 ligt,
166 732 48 22 icke
223 732 68 22 heller
305 733 34 21 väl
355 732 234 22 öfverensstämmande
598 733 48 21 med
656 732 209 27 representationens
877 737 53 21 upp-

105 761 45 27 gift,
166 767 35 15 om
216 761 128 27 landtdagar
360 761 77 21 endast
452 762 68 21 sällan
537 768 39 20 ega
592 768 53 19 rum,
663 762 51 20 enär
730 760 26 22 de
775 760 27 22 då
817 760 21 21 få
852 760 78 21 karak-

105 792 59 19 teren
181 789 23 22 af
210 790 97 26 ovanliga
315 789 81 22 afbrott
404 790 51 22 eller
464 790 125 27 eruptioner
597 790 56 21 inom
662 788 166 27 samhällslifvet,
840 788 6 22 i
858 788 73 22 stället

105 818 33 22 för
154 820 33 20 att
202 818 53 22 höra
271 818 31 22 till
325 819 34 21 den
376 819 94 27 normala
485 819 41 21 och
542 819 65 27 lugna
622 818 83 27 gången
720 817 23 22 af
756 818 37 21 det
807 817 69 22 finska
890 816 40 22 fol-

105 847 49 21 kets
169 847 159 27 förrättningar.
359 847 67 22 Äfven
442 848 48 21 med
506 848 103 20 särskildt
623 847 82 21 fästadt
723 846 100 22 afseende
839 846 28 27 på
882 846 48 21 Fin-

105 876 61 21 lands
182 876 103 26 politiska
300 876 47 26 läge
363 876 42 21 kan
420 876 36 21 det
471 876 49 22 icke
536 882 51 15 vara
602 878 66 19 annat
683 877 27 19 än
719 875 93 27 önskligt
820 876 32 20 att
860 874 70 22 landt-

106 905 67 26 dagar
188 904 68 22 bållas
273 904 24 22 sä
307 904 50 27 ofta,
373 906 33 20 att
422 905 60 21 detta
499 905 85 27 intryck
599 904 23 22 af
635 904 66 27 något
717 903 143 27 exceptionelt
870 903 60 27 bety-

106 932 115 27 delsefullt,
246 939 46 15 som
314 934 37 20 vår
373 933 103 27 landtdag
497 933 103 22 stundom
615 939 62 21 synes
693 933 28 27 pä
735 932 57 22 vissa
807 932 44 21 häll
866 931 64 22 fram-

106 962 62 25 kalla,
186 961 111 22 efterhand
311 962 68 22 måtte
395 962 62 21 träda
472 962 91 22 tillbaka
582 962 33 21 för
637 961 164 27 uppfattningen
817 959 65 27 deraf,
899 961 32 20 att

107 990 41 21 den
164 992 24 19 är
202 990 56 21 blott
273 997 26 14 en
315 990 22 22 af
351 991 26 21 de
397 990 83 27 former,
500 990 70 21 under
585 990 72 21 hvilka
677 990 36 21 det
732 989 68 21 finska
814 988 69 22 folket
898 995 33 14 re-

106 1019 117 26 gelbundet
239 1019 40 21 och
295 1019 61 27 lugnt
371 1019 86 22 arbetar
471 1019 28 27 på
513 1019 104 27 höjandet
633 1018 22 21 af
673 1018 32 21 sin
721 1017 139 28 ståndpunkt.
890 1017 42 26 Jag

106 1048 42 21 kan
172 1047 71 22 derför
265 1047 47 22 icke
335 1049 33 20 tro
390 1049 31 20 att
437 1048 19 21 vi
473 1048 69 21 skulle
559 1047 32 22 för
606 1047 70 27 någon
691 1047 73 26 längre
779 1046 32 21 tid
826 1045 64 22 vinna
905 1051 26 16 en

107 1075 198 22 tillfredsställande
327 1076 84 27 lösning
433 1076 22 21 af
474 1076 163 27 ifrågavarande
661 1075 162 27 angelägenhet,
840 1080 35 15 om
890 1073 42 22 den

107 1104 85 21 maximi
215 1105 202 26 tidsbestämmelse,
440 1105 62 21 hvart
524 1105 66 22 femte
606 1104 30 27 år,
660 1110 46 15 som
721 1110 28 15 nu
763 1103 75 26 finnes,
855 1102 77 22 endast

107 1133 142 22 förändrades
266 1133 31 21 till
313 1136 32 19 tre
361 1134 34 21 års
411 1133 143 28 periodicitet.
585 1133 42 26 Jag
643 1134 49 23 tror,
708 1134 33 19 att
756 1130 107 29 uppgifter
885 1130 47 22 fun-

108 1168 37 15 nes
162 1161 125 28 tillräckligt
301 1162 32 21 för
349 1162 62 21 hvart
427 1163 65 20 annat
507 1162 24 21 år
551 1161 201 22 sammanträdande
767 1159 95 22 ständer.
892 1159 42 27 Jag

108 1193 24 18 är
146 1189 129 28 fullkomligt
291 1190 124 28 öfvertygad
431 1197 34 15 om
483 1192 34 20 att
538 1191 49 21 med
609 1190 128 26 landtdagar
753 1189 61 21 hvart
829 1189 66 21 annat
910 1188 24 21 år

108 1219 70 21 skulle
193 1219 200 27 representationen
409 1219 74 22 arbeta
499 1220 96 25 säkrare,
611 1225 60 15 mera
685 1217 171 28 framgångsrikt,
868 1219 27 19 än
906 1216 28 22 då

109 1247 37 22 det
169 1247 50 22 sker
242 1247 62 22 hvart
326 1248 69 27 tredje
418 1248 33 26 år;
470 1248 38 27 jag
531 1247 68 22 finner
622 1247 37 22 det
675 1247 110 21 dessutom
801 1245 86 22 evident
902 1246 32 20 att

110 1276 231 27 statshushållningens
358 1276 115 27 ordnande,
490 1282 46 16 som
553 1276 55 21 dock
623 1275 133 27 väsentligen
765 1275 64 22 beror
839 1274 29 27 på
876 1275 58 20 stän-

110 1305 72 26 derna,
207 1307 51 19 enär
281 1305 35 21 det
339 1307 24 19 är
386 1305 27 22 de
435 1311 41 21 nya
498 1304 96 27 krafven,
613 1304 158 26 differenserna,
788 1309 46 16 som
850 1301 22 22 af
887 1303 48 21 dem

110 1333 61 21 skola
190 1333 102 27 regleras,
315 1333 72 21 kunde
411 1333 80 21 erhålla
515 1340 27 15 en
557 1333 80 21 fastare
653 1333 85 26 gestalt,
755 1338 33 16 om
803 1331 133 31 landtdagen

110 1362 174 21 sammanträdde
306 1362 63 21 hvart
390 1364 65 20 annat
470 1362 30 25 år,
517 1362 29 26 på
561 1363 44 20 sätt
621 1361 66 22 också
701 1361 50 21 herr
765 1360 149 26 Montgomery
929 1365 7 15 i

110 1390 33 22 sin
158 1390 92 27 petition
265 1390 124 22 alternativt
405 1390 123 22 framhållit.

179 1419 50 21 Men
243 1419 66 27 jemte
325 1419 38 21 det
375 1419 37 27 jag
427 1419 92 21 sålunda
534 1418 90 27 angifvit
631 1418 134 22 hvilketdera
776 1416 115 22 alternativ
899 1416 38 27 jag

111 1454 63 14 anser
189 1448 28 20 ha
232 1447 114 26 företräde,
363 1448 39 21 bör
415 1448 37 27 jag
468 1447 108 27 medgifva
591 1448 32 20 att
638 1446 120 28 betydande
766 1446 48 21 skäl
823 1444 62 23 äfven
893 1444 45 22 tala

111 1475 33 22 för
162 1476 41 21 den
227 1476 22 21 af
270 1476 153 26 Lagutskottet
446 1476 116 22 förordade
581 1475 180 27 treårsperioden.
792 1474 52 22 Dels
861 1475 24 19 är
901 1472 37 22 det

111 1504 106 27 nemligen
239 1504 88 28 möjligt,
351 1506 33 20 att
407 1504 36 22 det
459 1504 108 22 allmänna
581 1504 134 21 tänkesättet
729 1505 56 19 ännu
801 1502 69 22 skulle
886 1506 52 18 anse
