1109 1678
403 99 40 16 Den
459 97 12 18 7
487 98 108 17 December.
829 97 53 19 1131

80 159 33 22 för
135 161 140 26 närvarande,
291 160 71 27 någon
378 160 68 22 sådan
461 166 86 21 person,
564 166 34 15 om
613 160 87 22 hvilken
715 160 40 22 här
770 163 24 19 är
809 160 65 27 fråga,
892 160 19 21 d.

80 195 20 15 v.
117 195 16 15 s.
150 189 161 22 marketentare
327 189 52 21 eller
394 189 83 22 officers
494 189 74 27 dräng,
585 189 70 22 skulle
671 189 55 27 begå
742 195 25 16 en
784 189 24 21 så
816 188 96 27 grofför-

80 217 96 28 brytelse
195 219 40 21 och
251 218 84 21 arméns
353 217 55 22 befäl
424 218 28 27 pä
468 218 82 26 stället,
566 219 53 20 utan
635 218 74 21 vidare
725 218 122 27 omgångar,
864 217 50 28 sjelf

81 247 70 20 skulle
170 249 52 24 taga
238 247 66 21 saken
320 253 35 14 om
369 247 65 20 hand.
464 247 44 26 Jag
522 249 24 19 är
562 246 125 28 öfvertygad
704 253 34 15 om
754 249 33 19 att
802 247 25 21 sä
842 246 69 22 skulle

80 275 86 21 komma
181 277 33 20 att
229 275 45 26 ske,
291 275 39 21 och
347 275 41 22 den
404 275 69 22 finska
487 275 63 27 lagen
566 275 92 22 sälunda
673 275 140 26 öfverträdas,
830 281 26 15 en
872 275 40 21 sak

81 310 47 15 som
148 304 73 22 kunde
244 304 112 21 undvikas.
387 305 42 26 Jag
443 304 33 21 fär
492 303 85 23 derföre
593 304 32 22 för
641 305 43 20 min
700 305 34 20 del
751 310 97 21 upprepa
863 304 49 21 mitt

81 333 58 21 förut
155 333 6 21 i
177 333 67 21 saken
260 333 75 27 gjorda
350 333 126 26 pästäende,
493 333 108 27 nemligen
618 335 33 19 att
659 340 26 14 en
695 333 66 21 sädan
770 333 142 26 bestämning,

82 363 33 19 att
130 362 32 20 uti
179 362 64 21 dessa
258 361 36 21 fall
309 361 69 27 krigs-
395 362 52 21 eller
462 362 111 21 ständrätt
588 362 67 21 mätte
665 362 68 26 döma,
743 362 70 21 skulle
821 362 91 26 intagas.

150 390 57 21 Herr
229 390 138 21 Forsman:
393 391 47 21 Den
461 390 91 27 princip,
577 396 46 15 som
646 390 67 21 finnes
730 391 84 21 uttalad
830 390 81 21 säväl
899 386 15 36 i

84 418 126 28 strafilagen
233 418 33 22 för
287 418 70 22 finska
379 419 113 26 militären,
517 425 47 15 som
587 419 67 21 ocksä
676 419 31 21 uti
723 425 29 15 nu
766 419 147 26 föreliggande

82 448 134 27 proposition
232 448 73 21 derom
321 449 32 20 att
369 448 70 21 skilda
454 448 49 26 mäl,
519 447 74 22 hvilka
608 449 49 20 röra
673 448 31 21 till
721 448 131 27 krigsstaten
863 447 48 21 icke

82 477 95 21 hörande
193 483 108 20 personer,
318 477 61 21 skola
395 477 141 21 öfverlemnas
553 477 32 21 till
601 477 130 26 behandling
742 477 22 21 af
770 477 72 26 vanlig
853 477 58 20 dom-

82 505 50 26 stol,
156 511 63 16 anser
239 505 38 28 jag
298 512 52 15 vara
372 506 25 21 sä
416 506 66 27 rigtig
498 507 39 25 att,
554 512 34 15 om
601 505 38 28 jag
655 505 62 22 äfven
733 506 105 21 erkänner
854 505 56 21 hvad

82 534 50 21 herr
153 541 42 15 von
217 534 88 21 Alfthan
327 533 117 23 framhällit
466 535 53 20 eller
534 536 33 19 att
583 534 139 27 olägenheter
737 535 72 21 kunde
825 534 85 27 uppstä,

82 562 45 22 ifall
150 563 63 22 svära
231 563 68 26 brott,
316 563 113 27 begängna
451 563 23 22 af
488 563 73 27 dylika
575 569 105 21 personer
694 563 7 21 i
715 563 46 27 fält,
777 563 48 22 icke
841 563 70 21 skulle

83 591 96 22 afdömas
195 592 28 27 pä
239 592 168 27 gerningsorten,
421 592 38 27 jag
474 592 65 21 likväl
557 593 44 20 tror
617 592 78 21 sädant
710 592 47 21 icke
772 592 53 21 böra
840 591 72 22 föran-

82 621 51 21 leda
154 621 34 21 till
208 620 153 22 fränträdande
385 620 23 22 af
421 620 75 28 sjelfva
512 621 117 26 principen.
661 621 46 21 Den
723 621 45 21 stär
783 621 7 21 i
805 621 107 22 öfverens-

84 649 123 22 stämmelse
222 649 49 22 med
287 649 26 22 de
329 650 147 26 grundsatser,
493 656 47 15 som
555 649 69 22 finnas
639 649 98 22 uttalade
752 650 7 21 i
776 651 24 20 16
812 649 8 27 3
832 649 20 22 af
860 650 54 20 1772

84 678 34 21 ärs
134 677 167 28 regeringsform
316 678 41 22 och
372 678 67 22 andra
454 678 94 27 punkter
563 678 7 21 i
587 680 54 19 1789
657 678 35 22 ärs
703 678 118 26 förenings-
831 678 39 21 och
879 680 34 18 sä-

84 706 135 22 kerhetsakt.
250 706 42 28 Jag
305 707 43 21 kan
365 706 84 22 derföre
464 707 48 22 icke
528 706 58 22 finna
601 709 66 19 annat
683 709 26 19 än
725 708 33 20 att
773 706 37 22 det
825 706 90 22 innebär

85 742 27 14 en
133 735 123 27 väsendtlig
278 735 130 27 förbättring
432 737 32 20 att
487 736 150 27 stadgandena
653 736 31 21 uti
701 736 26 21 de
742 736 57 21 förut
814 735 100 27 gällande

84 764 179 27 krigsartiklarna
283 771 29 15 nu
334 764 70 22 blifvit
426 764 133 28 frängängna
582 764 41 22 och
647 771 26 15 en
689 764 104 27 återgång
809 764 59 22 skett
882 763 32 21 till

85 793 56 21 hvad
164 793 6 21 i
193 793 194 27 regeringsformen
410 793 41 22 och
473 793 122 27 förenings-
618 793 40 21 och
681 793 182 22 säkerhetsakten
878 792 38 22 be-

86 823 109 20 stämmes.
225 822 11 21 I
255 824 92 20 motsats
361 822 33 21 till
409 822 50 22 herr
474 828 42 16 von
532 822 86 22 Alfthan
634 824 47 19 tror
693 822 38 27 jag
747 822 61 22 äfven
823 824 34 19 att
872 821 44 21 olä-

86 850 134 28 genheterna
234 851 49 21 icke
298 851 62 21 skola
375 850 66 22 blifva
455 851 26 21 sä
496 853 66 24 stora,
580 851 27 21 dä
620 851 75 27 hvarje
710 857 85 21 person,
812 857 46 15 som
868 850 48 21 icke

86 879 40 21 hör
140 880 33 20 till
189 879 152 22 militärstaten
357 880 41 22 och
413 880 68 26 begär
495 880 61 21 brott
571 879 24 22 af
609 880 41 21 den
667 880 86 21 svärare
761 879 155 26 beskaffenhet,

86 908 88 22 hvarom
189 908 41 22 här
245 910 24 20 är
283 908 66 28 fräga,
367 911 78 25 genast
460 909 43 21 kan
518 909 85 26 häktas,
621 908 40 22 och
677 908 126 22 ätersändas
815 908 32 22 till
858 908 59 21 hem-

87 937 79 26 landet,
190 936 33 22 för
247 939 32 19 att
301 938 6 20 i
323 938 84 26 analogi
423 938 49 21 med
487 937 152 27 stadgandena
653 938 7 20 i
675 939 27 19 22
718 937 10 27 $
745 939 24 19 10
786 937 48 27 kap.
851 938 24 20 R.
892 936 24 21 B.

88 966 40 21 och
150 967 41 20 245
211 965 10 28 $
237 966 6 21 i
259 966 96 27 sjölagen
373 966 73 22 dömas
463 966 22 22 af
499 966 79 22 allmän
595 966 99 22 domstol.
725 966 30 21 På
771 966 64 21 dessa
851 972 66 20 grun-

88 995 38 20 der
140 995 67 26 vägar
220 995 37 26 jag
273 996 157 20 vördsammast
444 994 86 27 föreslä,
548 997 32 19 att
596 995 37 21 det
648 994 116 27 höglofliga
771 995 89 21 ständet
868 994 48 21 ville

87 1023 114 27 godkänna
223 1024 179 27 propositionens,
426 1024 6 21 i
451 1024 71 21 denna
538 1024 34 21 del
589 1023 22 22 af
625 1023 156 27 Lagutskottet
795 1023 123 26 förordade,

87 1051 168 28 bestämningar.

156 1080 56 21 Herr
227 1087 42 15 von
284 1081 122 22 Alfthan:
422 1082 42 27 Jag
480 1082 36 21 vill
532 1081 78 22 endast
626 1081 95 27 tillägga,
739 1083 32 19 att
783 1081 42 32 jag
829 1082 47 19 tror
884 1081 34 20 att

89 1109 40 22 den
151 1109 70 21 finska
243 1110 148 27 medborgare,
411 1117 46 15 som
473 1111 71 21 skulle
560 1111 87 20 komma
662 1112 32 19 att
709 1109 85 22 befinna
809 1109 33 26 sig
856 1109 8 20 i
880 1109 38 20 det

88 1138 54 27 läge,
159 1144 46 15 som
220 1138 39 21 här
275 1145 28 15 nu
317 1139 64 26 afses,
398 1139 69 21 skulle
483 1139 67 22 blifva
565 1145 58 15 mera
639 1138 103 28 skyddad,
759 1145 34 14 om
809 1144 25 15 en
851 1138 68 21 sädan

89 1167 136 26 bestämning
240 1167 70 22 skulle
324 1156 57 39 ingå,
397 1170 27 19 än
440 1174 34 15 om
490 1168 62 21 detta
566 1168 47 21 icke
629 1168 96 21 kommer
740 1169 32 20 att
787 1167 44 22 ske.

157 1196 56 21 Herr
228 1195 145 23 Nassokin:
389 1197 42 27 Jag
446 1197 39 21 ber
493 1199 33 19 att
536 1197 23 21 få
567 1196 141 27 understödja
715 1196 49 21 herr
772 1202 41 15 von
823 1195 95 22 Alfthan.

157 1225 41 20 Till
213 1225 134 22 besvarande
362 1225 112 28 upplästes
491 1232 26 15 en
534 1225 91 22 sålunda
641 1224 88 22 affattad
745 1224 143 28 proposition:

158 1253 145 26 »Godkänner
312 1254 158 27 Ridderskapet
479 1255 40 20 och
528 1254 68 21 Adeln
604 1250 166 41 Lagutskottets
779 1253 138 22 betänkande

90 1281 133 22 beträffande
242 1281 11 27 $
270 1284 9 19 1
297 1282 23 21 af
333 1282 153 28 förordningen
501 1289 36 15 om
552 1283 142 39 rättegängen
710 1283 6 20 i
733 1283 56 21 vissa
804 1282 48 26 mäl,
870 1287 46 16 som

89 1310 58 22 förut
162 1310 50 21 hört
228 1311 31 20 till
275 1311 170 32 krigs-domstol,
462 1318 27 15 m.
506 1318 40 20 m.;

158 1339 75 22 vinner
255 1340 42 26 nej,
321 1325 170 46 Aterremitteras
515 1329 67 37 sagde
597 1339 103 27 paragraf
714 1339 31 21 till
761 1339 109 21 utskottet
885 1338 34 22 för

91 1369 33 19 att
139 1367 144 27 omredigeras
299 1368 7 21 i
321 1368 78 22 sädant
415 1368 55 28 syfte
486 1370 34 20 att
535 1368 27 22 de
577 1368 8 21 i
600 1368 121 27 punkterna
737 1370 11 19 5
765 1368 40 21 och
821 1370 12 19 6
850 1367 22 22 af
881 1374 37 20 pa-

90 1396 100 27 ragrafen
205 1397 127 21 omnämnde
347 1403 104 21 personer
466 1397 33 22 för
515 1398 27 20 de
557 1397 7 21 i
579 1396 11 28 $
606 1398 42 20 302
663 1396 23 22 af
699 1396 125 28 strafflagen
839 1396 33 22 för
880 1396 38 21 fin-

91 1424 40 22 ska
154 1425 106 21 militären
283 1425 93 21 berörda
391 1426 74 26 grofva
480 1426 169 26 missgerningar
665 1426 110 26 begångna
791 1426 6 20 i
813 1424 39 22 fält
869 1425 53 21 eller

92 1453 33 21 till
140 1454 63 26 sjöss,
219 1454 68 21 måtte
303 1453 22 22 af
338 1454 154 26 krigsdomsto]
509 1454 97 22 dömas".

159 1482 33 21 Då
207 1482 36 22 vid
261 1482 94 22 anställd
370 1484 98 26 votering
483 1484 101 20 rösterna
599 1482 77 22 utföllo
693 1482 52 22 med
761 1484 24 19 21
800 1483 24 27 ja
840 1482 40 21 och
897 1482 26 20 12

90 1510 41 26 nej,
148 1517 36 15 var
199 1510 120 22 utskottets
335 1511 137 22 betänkande
488 1510 135 23 beträffande
635 1506 9 36 $
656 1510 12 28 1
682 1511 22 21 af
711 1511 86 21 ståndet
806 1510 117 27 godkändt.
