1109 1678
240 89 55 20 1342
536 93 40 17 Den
596 91 23 18 12
636 92 106 18 December.

205 153 106 23 förtviflan
335 155 58 22 öfver
415 162 27 15 en
465 157 28 26 på
515 155 82 22 lastens
621 155 88 22 branter
731 155 77 22 bruten
823 155 145 26 lefnadsbana,
985 161 46 16 som

205 183 84 28 tvingar
303 184 124 21 lättsinnets
443 184 186 27 beklagansvärda
643 184 53 21 offer
712 186 32 19 att
760 184 22 21 af
795 184 31 21 till
837 185 87 20 namnet
938 184 30 27 fri
982 184 49 27 vilja

205 214 78 25 antaga
306 213 105 27 värfning;
436 214 71 26 någon
530 213 57 27 gång
607 215 39 25 gör
661 213 42 21 han
719 213 37 22 det
771 212 68 27 äfven,
855 213 33 21 för
903 214 32 20 att
950 213 6 21 i
972 213 58 26 lego-

204 241 121 27 penningen
341 242 56 21 finna
412 244 33 19 ett
460 242 69 21 medel
546 244 32 19 att
594 242 63 21 döfva
680 244 117 19 samvetets
821 242 134 27 anklagande
977 243 51 20 röst.

205 283 26 2 —
248 271 41 21 För
305 271 41 20 den
362 271 100 27 oinvigde
477 271 74 21 kunna
567 271 64 22 dessa
647 271 40 21 ord
702 277 63 21 synas
787 270 134 27 öfverdrifna,
944 277 48 15 men
1008 273 21 24 ty

204 299 58 21 värr!
280 301 36 20 äro
333 300 26 21 de
375 300 55 21 dock
445 306 68 15 sanna
528 299 40 22 och
591 299 62 22 skola
675 299 48 22 icke
745 300 73 21 kunna
831 299 69 28 jäfvas
916 299 24 22 af
952 299 76 26 någon,

204 334 46 14 som
267 328 123 27 tjenstgjort
405 329 36 21 vid
456 328 88 22 värfvad
560 329 152 27 trupp.
645 324 17 36 —
674 324 42 36 Att
726 328 146 22 förhållandet
886 331 24 19 är
918 328 112 22 enahanda

203 356 7 21 i
227 356 103 27 England,
355 357 37 22 der
413 357 217 27 värfningssystemet
651 356 132 23 fortfarande
805 357 132 25 bibehållits,
956 357 73 21 derom

203 385 39 21 har
262 386 38 26 jag
322 386 27 27 på
373 388 34 19 ort
430 386 40 22 och
493 386 65 21 ställe
580 386 56 21 varit
650 386 6 21 i
672 386 83 21 tillfälle
771 388 32 19 att
817 386 91 21 förvissa
923 386 49 26 mig,
988 386 40 21 och

204 414 47 21 häri
266 414 69 27 ligger
350 415 92 21 orsaken
458 417 33 20 att
506 415 6 20 i
528 415 104 26 engelska
654 414 222 28 krigslagstiftningen
897 414 132 22 förekomma

203 443 126 26 straffarter,
347 443 72 22 hvilka
441 444 23 21 af
482 444 98 27 Europas
599 443 68 28 öfriga
689 443 118 22 kulturfolk
829 443 104 27 stämplas
956 443 72 22 såsom

203 472 131 21 barbariska.

272 501 41 26 Jag
330 501 34 21 vill
379 501 70 27 fråga:
465 508 51 15 vore
532 502 37 21 det
584 501 35 22 väl
634 501 92 22 betänkt
741 503 32 20 att
796 501 130 22 öfverlemna
947 501 81 21 lednin-

203 536 40 19 gen
259 529 23 21 af
295 531 50 20 våra
360 537 57 20 unge
432 530 167 27 värnepligtiges
615 530 168 27 vapenöfningar
799 530 22 21 åt
831 530 63 22 desse
905 529 123 22 samhällets

203 558 133 27 olycksbarn,
353 559 52 22 eller
420 561 32 20 att
468 559 23 21 åt
506 559 49 22 dem
571 559 94 21 anförtro
683 566 26 15 en
725 559 23 22 af
761 559 52 22 våra
829 559 125 28 dyrbaraste
969 559 59 21 med-

203 587 120 27 borgerliga
338 588 84 27 pligter,
439 591 87 19 tronens
543 588 40 21 och
598 587 187 23 fäderneslandets
801 587 97 22 försvar?
927 588 41 26 Jag
983 589 45 20 tror

203 616 38 21 det
255 616 58 27 icke;
333 617 40 21 och
389 617 54 21 skall
454 617 38 27 jag
511 617 86 21 derföre
612 617 70 27 aldrig
697 617 49 22 med
768 617 43 21 min
827 618 47 20 röst
893 617 85 21 biträda
997 618 31 19 ett

202 644 85 27 förslag,
305 651 46 16 som
367 646 6 21 i
389 646 161 27 tillämpningen
568 645 69 22 blefve
654 645 192 28 olycksbringande
862 645 32 22 för
909 646 47 21 vårt
970 645 56 22 land.

271 674 56 21 Herr
342 674 166 28 Lagerborg,
524 674 91 22 Robert:
646 675 35 21 Då
696 674 150 22 diskussionen
862 674 7 21 i
884 674 70 22 denna
968 674 60 26 fråga

203 702 67 21 redan
286 702 75 22 hunnit
377 704 73 21 skrida
466 704 25 21 så
505 704 67 26 långt,
589 705 32 19 att
637 703 127 27 afgörandet
779 705 61 19 snart
859 703 61 21 torde
938 703 88 26 förestå,

203 731 40 21 och
259 731 28 21 då
303 732 124 22 densamma
444 732 111 22 dessutom
570 732 67 22 redan
653 732 100 27 upptagit
768 732 51 21 flere
842 732 66 27 dagar
922 732 41 21 och
978 738 49 14 san-

202 760 69 21 nolikt
293 760 56 27 finge
371 760 32 22 lof
424 763 32 19 att
478 761 87 27 bringas
588 761 32 21 till
643 761 44 21 slut
709 762 69 20 denna
798 761 48 27 dag,
863 760 61 22 äfven
940 767 34 15 om
990 760 38 22 det

202 788 83 22 skedde
300 789 6 21 i
322 791 86 20 nattens
432 796 51 16 sena
506 790 80 26 timma,
611 790 24 21 så
657 790 36 21 vill
715 790 36 27 jag
773 790 48 21 icke
844 790 72 26 längre
932 791 95 25 upptaga

202 818 99 21 ståndets
317 818 32 21 tid
364 819 49 21 med
429 820 33 20 att
477 819 49 27 ingå
542 819 7 21 i
565 818 130 22 bemötande
711 818 22 22 af
746 818 67 27 några
827 818 79 27 inkast,
922 824 46 16 som
978 818 48 22 blif-

202 846 31 21 vit
247 846 77 28 gjorda
339 849 58 20 emot
412 848 49 21 mitt
476 847 138 27 andragande
629 847 48 21 från
692 848 114 26 gårdagen.
838 847 40 27 Jag
893 847 39 21 ber
947 849 33 19 att
990 854 36 14 en-

202 875 49 21 dast
267 874 20 22 få
301 876 57 21 hålla
373 876 43 27 mig
431 877 32 21 till
478 877 40 21 den
534 883 41 21 nya
589 876 67 27 fråga,
673 882 46 16 som
734 876 41 21 här
785 876 69 22 blifvit
864 876 122 27 uppkastad
994 876 32 21 för

200 910 26 15 en
242 904 65 22 stund
323 904 67 22 sedan
406 905 23 21 af
441 908 77 19 tvenne
534 905 66 21 ärade
615 905 75 21 talare.
721 905 56 21 Herr
793 904 141 22 Silfversvans
948 904 40 22 och
999 905 27 21 de

200 932 49 22 med
265 933 78 21 honom
357 933 44 22 lika
417 934 120 22 tänkandes
552 934 82 27 förslag
649 934 38 26 går
702 936 24 19 ut
741 934 28 27 på
787 936 32 19 att
839 934 79 26 begära
934 933 94 27 uppskof

201 961 49 21 med
266 961 127 27 afgörandet
408 962 23 22 af
445 963 70 22 denna
530 963 163 27 angelägenhet.
724 962 99 28 Uppskof
843 962 39 22 har
904 962 70 22 blifvit
988 962 37 22 be-

200 990 64 26 gärdt
279 991 49 21 med
344 992 133 26 grundlagen
493 992 7 21 i
516 992 58 21 hand
590 992 23 21 af
626 994 78 19 tvenne
719 991 154 22 medlemmar
859 986 12 36 i
884 992 60 20 detta
952 991 72 26 stånd;

200 1025 49 14 man
271 1019 40 21 har
333 1020 91 27 specielt
446 1021 74 26 vädjat
543 1020 32 21 till
599 1020 41 21 den
664 1020 150 27 supponerade
833 1020 136 27 majoriteten
985 1019 39 22 och

199 1047 54 22 bedt
269 1048 123 22 densamma
407 1051 51 25 taga
473 1049 6 21 i
495 1049 143 22 betraktande
654 1049 51 21 flere
716 1049 191 27 behjertansvärda
918 1049 106 27 synpunk-

199 1078 40 19 ter.
269 1077 43 27 Jag
327 1079 36 20 vet
377 1077 48 22 icke
440 1078 7 21 i
464 1077 70 22 denna
549 1078 66 21 stund
629 1077 34 22 för
673 1077 140 22 hvilkendera
823 1077 83 27 åsigten
916 1077 109 27 majoritet

199 1105 97 22 kommer
311 1107 33 20 att
358 1105 76 28 finnas,
451 1107 27 21 då
493 1107 160 26 Ridderskapet
676 1106 40 22 och
738 1106 69 21 Adeln
823 1106 54 21 skall
892 1106 86 21 komma
993 1108 33 19 att

199 1133 56 22 fatta
271 1134 39 22 sitt
324 1135 78 26 beslut,
419 1137 22 26 ty
458 1135 37 22 det
510 1135 39 22 har
564 1135 57 22 visat
636 1135 33 27 sig
684 1141 59 16 mera
759 1137 26 19 än
801 1141 26 15 en
844 1135 62 27 gång,
923 1137 32 19 att
966 1135 60 21 detta

199 1163 76 21 stånds
292 1165 194 26 sammansättning
501 1165 73 20 timme
589 1164 34 22 för
637 1164 73 21 timme
725 1164 43 21 kan
786 1163 149 28 väsendtligen
957 1164 67 21 vexla.

198 1191 44 22 Det
258 1194 24 19 är
297 1192 85 22 således
399 1193 48 22 icke
462 1193 70 22 under
546 1193 70 27 någon
633 1194 33 20 tro
681 1193 29 27 på
725 1194 33 20 att
770 1193 38 27 jag
827 1193 73 21 tillhör
917 1193 108 27 majorite-

198 1222 43 24 ten,
258 1227 47 15 som
318 1221 38 27 jag
371 1228 30 15 nu
416 1224 62 25 tager
493 1222 43 27 mig
551 1221 93 22 friheten
659 1224 33 19 att
713 1221 120 22 framställa
855 1222 57 21 mina
934 1221 91 22 betänk-

198 1249 94 26 ligheter
307 1251 58 20 emot
381 1252 32 19 ett
429 1251 95 27 uppskof
537 1251 50 21 med
603 1251 69 21 denna
694 1250 164 27 angelägenhet.
888 1250 41 26 Jag
951 1250 39 21 ber
1004 1249 21 22 få

197 1277 58 22 fästa
271 1279 220 26 uppmärksamheten
514 1280 80 25 dervid,
618 1281 33 20 att
673 1279 70 22 denna
765 1279 202 27 värnepligts-fråga
986 1279 39 21 har

197 1306 56 21 varit
268 1307 58 21 känd
342 1307 73 22 såsom
430 1308 33 22 för
478 1309 74 21 landet
568 1308 173 27 öfverhängande
756 1308 67 21 redan
838 1308 62 26 länge
911 1313 47 21 nog.
982 1307 42 22 Re-

198 1335 41 21 dan
255 1335 46 22 före
318 1336 40 21 sist
373 1336 102 22 förflutna
490 1337 105 27 landtdag
609 1337 68 21 visste
692 1343 49 15 man
761 1338 33 20 att
816 1336 38 22 det
876 1336 86 26 förslag,
978 1342 47 15 som

197 1370 28 14 nu
241 1363 40 22 har
295 1364 70 22 blifvit
381 1365 155 23 öfverlemnadt
551 1366 33 20 till
600 1365 123 26 ständerna,
740 1365 70 21 skulle
825 1365 36 21 vid
877 1364 66 22 denna
954 1359 70 37 landt-

197 1392 43 26 dag
256 1392 83 22 förestå
354 1394 33 20 till
403 1394 124 27 afgörande,
544 1394 25 22 så
584 1396 33 20 att
632 1394 62 22 valen
710 1394 33 21 till
758 1394 132 26 landtdagen
906 1394 58 20 skett
976 1394 49 20 med

198 1420 84 28 hänsyn
305 1422 78 22 dertill.
413 1424 43 26 Jag
478 1423 117 27 medgifver
617 1423 61 26 visst,
702 1425 33 19 att
750 1423 37 21 det
801 1422 43 22 kan
858 1422 68 21 finnas
942 1422 83 27 ganska

196 1450 84 27 många,
297 1450 72 22 hvilka
384 1452 7 20 i
407 1452 54 21 sista
475 1452 94 22 stunden
585 1452 64 21 tveka
666 1458 33 15 om
715 1452 41 21 den
775 1451 63 27 åsigt,
862 1451 26 21 de
910 1450 115 28 rätteligen

196 1478 68 23 borde
281 1479 90 22 omfatta
386 1480 6 21 i
409 1481 70 21 denna
494 1480 163 28 angelägenhet.
688 1481 49 21 Men
750 1481 38 27 jag
803 1482 51 24 tror,
870 1481 33 20 att
918 1486 34 14 om
964 1480 61 22 detta

196 1507 81 29 förslag
300 1508 55 29 finge
379 1509 58 28 ligga
461 1510 68 22 åratal
551 1510 28 28 på
594 1510 83 27 bordet,
694 1509 69 23 skulle
779 1509 55 23 dock
850 1514 81 17 samma
947 1509 78 22 tvekan
