1109 1678
233 99 41 21 980
525 102 40 17 Den
581 100 13 19 4
610 101 106 18 December.

202 164 33 22 för
250 166 34 20 att
299 165 6 20 i
321 165 78 21 sådant
421 164 102 23 afseende
546 165 88 27 vidtaga
655 164 80 27 nödiga
749 164 130 27 förarbeten,
895 164 82 22 hvilket
992 165 41 21 ock

202 193 40 22 har
257 194 65 21 skett.
352 193 50 22 Men
425 194 61 21 detta
509 193 76 28 anslag
600 193 23 22 af
639 200 25 15 en
687 193 72 28 miljon
775 193 46 28 gafs
846 193 118 22 emellertid
980 195 52 20 utan

202 222 73 21 vidare
291 223 75 26 vilkor,
383 225 26 19 än
426 229 45 15 som
486 223 43 21 kan
545 229 64 15 anses
624 223 59 26 ligga
698 222 7 21 i
721 222 76 22 orden:
816 223 39 25 ,de
870 221 78 22 främst
957 222 75 22 behöf-

201 251 45 27 liga
261 251 147 27 fängelsernas
424 251 178 28 uppbyggande".
632 251 35 21 Nu
682 251 42 21 kan
743 257 50 15 man
808 251 40 21 här
866 251 109 27 uppställa
990 251 41 21 frå-

203 287 47 20 gan,
267 280 62 21 hvem
345 280 38 21 det
397 280 84 21 tillkom
496 282 32 19 att
543 280 76 27 pröfva
633 280 97 27 grunden
747 280 52 21 eller
819 281 68 20 sättet
902 279 33 22 för
949 279 83 28 fängel-

203 308 142 22 sereformens
368 309 119 22 utförande.
520 309 138 26 Sakkunnige
681 310 48 19 män
753 309 69 21 skulle
846 309 76 21 utreda
937 309 95 21 ämnet
1018 304 19 35 i

201 337 51 21 hela
268 338 49 21 dess
333 338 56 26 vidd,
405 344 49 15 men
470 344 49 14 man
534 338 49 26 kan,
599 338 50 20 med
666 337 55 21 huru
742 338 89 25 stränga
847 338 185 26 undersökningar

203 372 46 15 som
264 366 63 26 helst,
343 366 48 22 icke
406 366 85 22 komma
506 366 33 21 till
554 368 67 20 annat
635 366 98 26 resultat,
744 368 26 18 än
783 368 32 19 att
826 366 127 27 afgörandet
961 366 70 22 skulle

202 395 119 20 tillkomma
343 395 60 21 Hans
426 395 109 27 Majestät.
565 395 70 21 Den
626 390 16 37 i
655 394 137 22 omförmäldt
814 394 102 22 afseende
939 395 93 21 tillsatta

201 423 96 22 komiten
321 423 60 27 afgaf
401 424 40 21 ock
463 423 67 22 redan
546 424 24 21 är
587 425 54 20 1873
659 423 52 22 eller
727 423 70 27 jemnt
814 423 33 22 för
862 423 46 28 fyra
924 424 25 21 är
964 423 66 22 sedan

203 454 32 20 ett
250 452 81 27 ganska
346 452 34 21 väl
396 453 128 21 motiveradt
538 452 107 28 yttrande,
669 452 88 21 hvarvid
780 452 65 21 likväl
868 454 77 20 tvenne
960 458 70 15 reser-

201 483 77 20 vanter
293 481 7 20 i
316 487 25 16 en
358 481 55 22 skild
435 481 60 27 fräga
515 481 134 22 framställde
673 487 26 15 en
721 481 113 22 afvikande
852 481 62 27 äsigt.
946 481 40 21 Om
1001 487 29 15 nu

201 510 112 27 ingenting
336 510 69 21 skulle
429 510 54 21 efter
506 511 55 20 1872
585 510 34 21 ärs
642 510 105 26 landtdag
769 509 69 22 blifvit
858 510 108 21 uträttadt
981 510 49 21 med

202 539 145 27 nyssnämnda
361 539 79 27 miljon,
457 539 26 21 sä
497 539 56 21 hade
570 539 106 27 styrelsen
692 538 135 27 naturligtvis
848 539 56 21 varit
923 538 106 22 underka-

201 568 50 21 stad
273 567 113 27 ogillande.
417 568 50 21 Men
490 567 28 22 dä
532 567 119 27 någonting
674 567 69 22 skulle
758 569 70 25 göras,
846 567 67 22 borde
929 567 40 22 ock
985 570 44 25 sty-

201 596 78 27 relsen,
296 596 72 21 säsom
380 597 37 26 jag
433 597 49 20 sökt
496 597 53 24 visa,
566 595 64 22 hafva
645 595 81 28 fullgod
742 598 45 19 rätt
801 598 33 19 att
849 596 77 27 pröfva
941 596 39 21 och
991 597 38 20 be-

201 626 92 20 stämma
316 627 68 20 sättet
406 625 51 22 eller
480 625 109 27 åtgärden.
621 625 37 22 Uti
681 627 32 19 ett
728 625 25 21 sä
772 625 179 22 vidtomfattande
967 627 62 20 ämne

201 660 46 15 som
270 653 213 27 fängelsereformens
507 653 168 27 genomförande
697 654 7 20 i
727 654 54 24 värt,
803 654 33 21 väl
856 654 48 21 icke
918 653 110 27 folktoma,

201 688 49 16 men
266 682 55 22 dock
336 682 134 22 vidsträckta
483 682 51 22 land
549 682 63 22 torde
627 682 138 27 meningarne
780 682 57 22 varit
852 682 84 28 ganska
946 682 82 22 delade.

200 711 68 21 Detta
283 711 60 27 röjde
359 711 33 27 sig
407 711 66 21 redan
487 712 57 21 inom
560 711 203 27 fängelsekomiten;
780 711 41 21 och
837 712 37 21 det
888 711 101 21 framstår
1002 713 27 19 än

200 739 75 22 vidare
291 739 65 27 deraf,
373 742 32 19 att
420 746 89 15 numera
524 740 109 21 utskottet
648 739 49 28 sjelf
711 739 76 27 antydt
806 746 26 15 en
848 740 44 22 viss
907 740 84 26 lutning
1006 740 24 21 ät

201 768 27 22 de
243 770 80 21 tvenne
338 770 174 20 reservanternes
528 769 57 27 äsigt
600 769 57 21 inom
671 768 103 22 komitön.
804 768 50 22 Men
871 769 27 21 dä
914 769 36 21 det
968 769 60 27 inga-

200 797 66 21 lunda
289 798 23 20 är
337 799 54 20 1872
413 798 56 21 varit
489 798 128 21 ständernas
642 797 77 27 beslut,
735 799 33 19 att
783 796 107 22 komitöns
904 797 81 27 förslag
1000 798 28 26 pä

200 825 91 22 förhand
307 826 86 21 absolut
409 826 68 22 skulle
493 828 96 25 antagas,
606 826 41 21 kan
663 832 48 15 man
728 826 18 27 ej
763 826 69 21 heller
849 826 69 27 pästä,
935 828 32 20 att
982 826 45 22 lan-

200 854 48 21 dets
265 855 90 27 styrelse
371 855 68 21 skulle
455 854 63 22 hafva
533 855 78 21 saknat
633 856 44 20 rätt
698 856 33 20 att
748 855 3 20 i
768 856 73 20 ämnet
856 855 54 27 hysa
925 855 33 21 sin
974 862 54 20 egen

198 883 93 27 mening,
307 883 85 21 hvilken
408 884 122 21 sedermera
544 884 67 21 ocksä
631 883 75 22 vunnit
724 883 61 21 Hans
801 884 114 26 Majestäts
931 884 96 26 godkän-

198 912 77 21 nande.
306 912 75 21 Denna
404 912 84 27 mening
511 912 73 27 utgick
606 912 46 21 frän
676 912 37 22 det
728 911 61 28 syfte,
807 914 32 19 att
854 919 56 19 man,
928 913 7 21 i
954 912 74 22 stället

197 940 34 21 för
246 942 34 19 att
294 940 97 28 förspilla
407 941 68 21 medel
490 941 28 26 pä
533 941 102 27 lappning
650 941 53 21 eller
720 941 149 26 reparationer
884 941 23 21 af
919 941 108 27 fängelset

197 968 33 22 för
246 970 91 25 gvinnor
351 970 7 20 i
374 970 180 26 Willmanstrand,
571 970 82 21 hvilket
667 969 96 27 fängelse
779 969 84 22 ändock
878 970 49 21 icke
942 972 83 19 ansetts

197 996 34 22 för
246 1000 45 19 rätt
312 998 104 27 lämpligt,
439 998 49 21 ville
504 1000 50 25 taga
569 998 50 27 ihop
635 998 48 21 med
702 998 66 21 saken
785 998 28 26 pä
827 998 68 21 allvar
910 998 40 22 och
966 999 61 26 börja

197 1026 50 21 med
263 1026 26 21 de
313 1027 115 26 vigtigaste
451 1026 213 27 hufvudpunkterna;
681 1029 22 25 ty
719 1033 76 20 genom
811 1027 136 22 vidhällande
963 1027 23 22 af
999 1033 26 16 en

196 1054 68 21 sädan
279 1055 51 26 plan
345 1061 38 15 var
398 1061 48 15 man
461 1055 66 22 redan
544 1057 31 19 ett
591 1055 52 27 godt
659 1055 74 27 stycke
752 1055 78 21 framät
853 1056 49 21 med
917 1055 107 28 fängelse-

195 1082 114 25 reformen,
326 1083 40 22 och
381 1084 7 21 i
403 1083 52 28 följd
472 1083 61 22 deraf
546 1084 71 21 beslöt
633 1084 106 27 styrelsen
755 1086 32 19 att
809 1084 62 27 börja
893 1085 49 21 med
958 1085 66 21 inrät-

195 1112 76 21 tandet
287 1112 23 21 af
324 1113 26 20 de
366 1119 41 20 nya
422 1111 135 28 fängelserna
572 1113 6 20 i
594 1113 133 26 Helsingfors
745 1112 39 21 och
807 1107 54 27 Åbo.
912 1113 90 27 Åtgärden
1017 1113 7 21 i

195 1139 101 22 afseende
320 1141 12 20 &
353 1141 107 26 fängelset
478 1141 3 20 i
497 1135 46 27 Åbo
566 1141 74 26 tyckes
665 1141 62 26 gillas
744 1140 23 21 af
780 1141 116 27 utskottet,
912 1148 48 16 men
975 1142 49 21 icke

193 1169 106 26 åtgärden
314 1169 7 21 i
337 1169 102 22 afseende
455 1170 13 21 å
482 1169 107 27 fängelset
603 1169 8 21 i
626 1169 142 28 Helsingfors,
786 1170 88 21 emedan
895 1171 37 20 det
947 1176 76 15 senare

193 1196 62 22 faller
271 1197 32 27 sig
318 1197 32 22 för
366 1198 53 27 dyrt.
449 1198 44 21 Det
507 1198 42 21 kan
566 1205 50 15 vara
631 1198 48 21 utaf
692 1199 93 21 intresse
801 1200 32 19 att
844 1199 38 21 här
894 1199 92 21 anställa
996 1205 26 15 en

190 1225 125 27 jemförelse
339 1227 92 20 emellan
453 1227 65 21 dessa
533 1227 167 21 öfverraskande
715 1227 98 21 resultat.
846 1227 40 22 Om
901 1234 49 15 man
966 1227 57 22 afser

190 1254 109 21 komiténs
321 1255 137 21 betänkande
481 1255 23 21 af
524 1255 24 21 år
573 1257 60 24 1873,
658 1255 90 22 hvarvid
770 1255 123 22 arkitekten
909 1256 113 27 Lindqvist

191 1282 74 22 såsom
279 1283 96 22 ledamot
391 1283 22 22 af
426 1284 95 21 komitén
537 1284 56 21 hade
609 1284 110 27 uppgifvit,
736 1284 57 21 hvad
809 1284 41 21 han
866 1284 51 28 sjelf
930 1285 91 27 kallade,

192 1312 184 26 »approximativa
391 1318 94 15 summor
499 1313 33 21 för
547 1314 32 19 att
595 1313 168 27 möjliggöra*en
778 1313 102 27 öfversigt
896 1313 22 21 af
932 1314 88 21 kostna-

191 1339 74 27 derna,
283 1341 71 21 sävidt
371 1341 109 21 desamma
495 1343 52 19 utan
563 1341 101 21 afseende
679 1341 28 27 pä
724 1341 57 21 olika
796 1341 224 27 lokal-förhällanden,

190 1368 169 28 prisstegringar
382 1375 27 15 m.
425 1376 26 14 m.
468 1370 71 20 kunde
562 1369 127 27 beräknas,*
715 1369 25 22 sä
761 1369 69 22 finner
852 1376 49 15 man
924 1372 32 20 att
971 1370 49 22 hela

189 1396 144 22 slutsumman
349 1398 106 21 stannade
470 1398 35 21 vid
521 1398 37 21 det
573 1398 154 26 anspräkslösa
743 1398 103 28 beloppet
866 1398 23 22 af
906 1401 113 24 3,370,000

188 1426 68 20 mark.
287 1426 43 21 För
347 1426 135 27 Helsingfors
499 1427 134 21 beräknades
650 1427 66 21 ocksä
731 1426 28 22 dä
774 1427 56 21 blott
846 1429 91 25 860,000
952 1428 66 26 mark;

189 1454 38 21 det
243 1461 38 15 var
297 1454 86 22 säledes
399 1455 66 27 nägot
481 1455 58 22 öfver
554 1462 27 14 en
597 1454 104 28 fjerdedel
717 1455 23 21 af
757 1456 147 21 slutsumman.
936 1456 82 27 Uppta-

189 1489 38 20 ger
242 1489 51 15 man
315 1490 29 14 nu
365 1484 48 21 äter
435 1484 27 21 de
485 1490 37 16 sex
537 1484 98 27 miljoner
650 1484 67 26 mark,
734 1490 46 15 som
797 1484 117 22 ständerna
929 1485 88 27 anslogo

186 1512 37 21 vid
245 1512 71 22 första
337 1512 134 28 landtdagen
493 1513 23 21 af
532 1512 195 27 bränvinsskatten,
747 1513 26 21 sä
791 1516 24 19 är
834 1513 41 22 den
895 1514 123 22 beräknade
