1109 1678
236 103 55 20 1330
519 105 40 18 Den
577 103 25 20 12
619 105 105 18 December.

205 168 24 21 så
244 168 42 21 lätt
300 168 111 22 framdana
427 168 81 22 sådana
523 168 148 22 förhållanden
686 168 7 21 i
709 170 32 20 ett
755 169 56 26 land,
828 169 38 21 der
882 168 26 23 de
919 168 47 23 icke
974 169 58 22 förut

204 197 88 22 funnits.
323 197 46 22 Och
385 197 70 22 dertill
471 198 96 21 kommer
581 199 33 20 att
629 197 94 22 Schweiz
739 198 92 27 uppnått
848 205 25 15 en
881 198 66 27 högre
958 198 73 21 stånd-

205 226 70 27 punkt
289 226 7 21 i
312 225 101 23 afseende
429 227 12 20 ä
457 227 47 21 sina
519 226 147 22 institutioner
681 227 40 20 och
737 227 45 21 står
797 227 234 27 iundantagsställnin-

205 261 41 20 gen
261 254 23 22 af
297 255 128 26 garanterad
439 255 135 22 neutralitet.
605 255 50 21 Man
669 255 40 21 har
724 257 74 20 nämnt
814 255 61 22 äfven
887 256 85 27 Norige,
982 255 49 22 med

204 284 65 21 hvars
284 284 161 27 militärsystem
461 286 176 20 reservanternas
654 285 80 26 system
750 285 69 21 skulle
835 284 63 22 hafva
912 285 68 26 någon
991 284 39 21 lik-

204 313 44 21 het.
279 312 43 21 Det
344 312 67 22 finnes
431 313 34 21 väl
484 319 27 15 en
525 313 44 22 viss
585 313 78 25 likhet;
681 313 55 21 dock
751 315 30 24 är,
798 314 70 21 såvidt
884 320 24 15 ur
927 315 51 19 1866
996 313 34 20 års

204 340 80 22 norska
306 341 257 27 värnepligtsförfattning
583 341 40 22 och
646 341 67 21 andra
735 342 71 21 källor
820 341 99 27 framgår,
936 340 94 28 öfnings-

205 369 60 21 tiden
288 370 38 21 der
348 370 73 27 längre
443 370 34 22 för
498 370 171 27 linietrupperna
689 372 27 19 än
734 370 33 22 för
783 371 70 21 denna
868 370 102 26 beväring
984 376 46 15 som

205 398 71 21 skulle
299 400 108 20 motsvara
429 399 70 21 linien.
531 399 72 21 Också
626 401 24 19 är
666 399 37 20 det
717 398 147 28 lottdragning
880 405 45 15 som
941 399 66 26 afgör,
1023 399 6 20 i

204 427 87 22 hvilken
314 427 89 27 ordning
425 434 49 15 man
489 428 96 21 kommer
601 427 20 21 in
637 427 7 21 i
660 429 123 26 trupperna.
814 428 49 21 Men
878 427 98 27 föröfrigt
992 427 38 21 har

205 455 62 22 detta
289 456 80 21 norska
391 457 122 21 nuvarande
535 456 162 27 militärsystem
720 456 46 22 icke
790 456 68 22 blifvit
880 456 149 27 bepröfvadt
1018 451 16 37 i

205 485 60 20 strid.
284 497 25 2 —
324 485 42 27 Jag
381 485 38 21 har
434 485 65 22 bland
514 487 66 19 annat
595 487 86 20 noterat
697 487 31 19 ett
742 486 107 27 yttrande,
862 487 32 20 att
905 485 36 21 det
949 485 81 21 indelta

204 513 125 22 infanteriet
345 514 7 21 i
373 513 88 28 Sverige
477 514 69 21 skulle
562 513 59 22 öfvas
637 513 56 22 blott
709 515 26 20 62
752 514 75 27 dagar;
845 521 47 15 men
908 514 26 21 de
950 513 80 22 indelta

205 542 124 21 soldaterna
351 543 83 22 värfvas
456 542 34 22 för
509 543 50 26 läng
579 543 38 25 tid,
629 542 45 29 och
691 542 124 27 öfningarne
831 549 40 21 ega
886 549 46 15 rum
948 542 80 27 ärligen

205 571 52 22 eller
281 571 129 22 åtminstone
433 572 26 21 de
482 571 64 22 flesta
565 571 30 22 är.
625 571 68 22 Äfven
708 571 56 22 hvad
779 572 51 21 våra
846 574 87 19 senaste
948 571 82 22 indelta

204 602 91 25 trupper
317 600 137 27 vidkommer,
475 600 67 27 gäller
558 601 66 24 detta,
642 602 32 19 att
690 600 37 21 det
741 601 48 21 icke
805 607 37 15 var
857 601 56 21 blott
928 607 37 14 sex
980 606 48 15 vec-

204 629 51 21 kors
277 628 72 28 öfning
369 635 45 16 som
430 629 98 27 bibragte
544 629 49 21 dem
607 629 135 27 skicklighet.
772 629 61 22 Efter
848 629 68 22 första
931 631 97 25 uppsätt-

203 657 79 27 ningen
297 664 52 14 voro
365 658 26 21 de
406 659 69 20 under
489 659 82 20 största
587 657 62 22 delen
665 657 22 21 af
701 657 47 22 äret
762 658 136 26 församlade,
910 658 40 21 och
960 658 69 21 denna

203 685 69 22 första
295 687 140 27 uppsättning
457 687 50 21 stod
528 686 34 22 för
585 686 36 22 det
640 688 70 20 mesta
729 693 52 20 gvar
796 687 50 21 hela
860 687 66 25 tiden,
944 686 39 22 och
999 686 30 22 öf-

202 714 137 28 ningsmöten
354 715 69 21 höllos
439 715 73 27 hvarje
527 716 30 20 är.
588 715 67 26 Dock,
671 714 141 23 fackmännen
827 715 36 21 mä
878 715 73 27 afgöra
964 715 64 21 emel-

202 743 36 21 lan
262 743 27 21 de
307 744 56 21 båda
379 746 118 25 systemens
513 743 132 22 företräden.
675 744 42 26 Jag
731 744 37 21 vill
783 744 48 22 icke
846 744 89 22 förneka
949 744 56 21 hvad
1020 744 8 20 i

203 772 161 22 reservationen
386 773 42 21 kan
451 779 51 15 vara
523 772 162 28 förtjenstfullt;
708 778 48 16 men
780 772 37 22 det
839 773 41 21 kan
894 773 47 21 icke
956 772 72 27 undgå

203 801 219 27 uppmärksamheten
438 803 33 20 att
485 801 39 21 här
538 801 91 21 föresläs
644 801 67 27 nägot
725 801 104 27 oförsökt,
846 804 32 18 ett
891 801 135 27 experiment,

203 830 41 20 och
267 830 49 21 med
335 830 25 21 sä
375 832 79 25 ytterst
468 830 60 27 ringa
542 830 115 21 militärisk
673 830 122 22 erfarenhet
809 830 47 21 frän
871 830 94 26 nutiden,
982 836 46 15 som

202 858 91 22 Finland
316 865 56 20 eger,
392 858 63 22 hafva
470 859 20 21 vi
505 858 35 22 väl
555 858 88 22 svärare
659 860 28 19 än
702 859 67 21 andra
784 859 74 21 länder
874 861 32 19 att
921 860 51 26 göra
987 865 41 21 nya

202 888 45 25 rön,
265 889 32 19 att
312 888 53 26 göra
379 888 160 27 experimenter.

272 916 64 21 Emot
350 916 121 22 utskottets
486 916 80 26 förslag
580 916 40 21 har
634 916 65 21 bland
715 918 65 20 annat
791 916 22 21 af
821 916 89 21 friherre
922 922 40 15 von
970 916 57 21 Born

203 945 117 26 anmärkts,
344 946 33 20 att
399 945 38 22 det
457 947 24 19 är
499 945 83 26 vädligt
596 946 33 20 att
645 944 143 22 sammanföra
803 945 26 21 de
844 945 85 21 bildade
945 945 39 21 och
1000 945 26 21 de

203 973 107 27 obildade,
334 975 32 20 att
389 973 141 22 sammanföra
552 973 112 27 ynglingar
686 972 23 22 af
725 973 58 22 olika
801 973 70 27 sedlig
889 974 137 26 ståndpunkt.

202 1002 78 21 Deruti
295 1002 42 21 kan
353 1002 126 27 visserligen
494 1008 27 15 en
536 1002 56 21 väda
607 1001 123 26 förefinnas;
747 1002 67 21 sädan
829 1002 57 21 väda
900 1001 67 22 finnes
982 1004 14 19 t.
1008 1008 18 15 o.

202 1037 27 14 m.
253 1031 32 20 uti
308 1031 41 20 alla
369 1032 70 20 större
459 1031 81 25 skolor;
555 1037 49 14 men
620 1029 141 22 öfverhufvud
776 1030 77 21 verkar
869 1030 55 21 dock
940 1030 41 21 den
996 1030 31 21 uti

202 1059 97 27 bildning
314 1059 41 21 och
370 1059 107 27 sedlighet
492 1059 67 26 högre
575 1059 90 21 stäende
681 1059 48 21 med
744 1059 49 21 vida
809 1060 69 20 större
892 1058 58 22 kraft
962 1059 28 26 pä
1001 1059 26 21 de

202 1088 74 25 andra,
300 1090 27 19 än
350 1089 33 20 att
401 1089 119 20 motsatsen
536 1087 69 22 skulle
621 1087 90 22 inträffa.
742 1087 113 22 Friherren
870 1087 40 21 har
924 1087 58 22 velat
996 1087 31 21 uti

203 1123 25 14 en
252 1116 68 21 sådan
343 1117 145 26 organisation
511 1123 24 14 se
558 1123 26 14 en
609 1116 68 26 ,öken
700 1115 22 22 af
740 1116 134 27 jemlikhet*;
898 1116 37 21 det
954 1118 24 19 är
996 1118 32 19 ett

202 1145 157 26 skrämmande,
376 1145 95 26 poetiskt
486 1145 93 27 uttryck,
595 1151 49 14 men
659 1145 54 21 intet
728 1151 51 15 mer.
809 1145 48 20 Den
872 1145 100 21 inbördes
991 1145 36 21 be-

201 1173 101 27 röringen
326 1173 90 22 emellan
439 1173 124 22 samhällets
582 1173 57 21 olika
654 1173 84 21 klasser
753 1173 57 21 visar
825 1173 33 27 sig
874 1173 73 22 städse
962 1173 66 22 verka

201 1201 48 22 icke
267 1202 87 26 derhän,
371 1204 33 19 att
419 1203 41 20 den
475 1208 160 21 gemensamma
649 1201 63 22 nivän
729 1201 122 28 derigenom
862 1201 69 22 skulle
942 1202 84 25 sänkas,

201 1237 50 14 men
273 1231 35 20 väl
332 1231 81 21 derhän
436 1232 33 20 att
488 1231 135 26 bildningens
639 1231 40 20 och
695 1230 146 27 sedlighetens
858 1230 106 21 allmänna
979 1230 49 21 nivä

203 1259 124 27 derigenom
343 1259 62 27 stiga.
436 1259 112 22 Friherren
563 1259 39 21 har
617 1258 50 27 sjelf
680 1259 7 20 i
703 1259 42 26 dag
759 1259 83 26 pämint
857 1265 34 15 om
906 1265 26 14 en
950 1259 78 21 vacker

202 1288 147 26 organisation
365 1288 6 21 i
387 1288 48 21 värt
449 1288 56 24 land,
522 1287 27 22 de
564 1287 101 26 frivilliga
679 1287 166 22 brandkärerna.
876 1287 36 21 Mä
923 1287 47 26 den,
982 1293 46 16 som

203 1316 36 21 det
255 1317 48 25 kan,
320 1317 64 26 pästä
399 1319 32 19 att
447 1317 26 21 de
487 1317 62 20 räare
564 1316 166 21 medlemmarne
745 1315 23 22 af
781 1316 92 21 kärerna
880 1315 76 22 verkat
964 1315 64 22 skad-

201 1344 40 27 ligt
256 1345 29 26 pä
301 1345 26 21 de
343 1351 59 15 mera
417 1344 95 27 bildade;
529 1346 99 24 tvertom,
645 1344 37 22 det
696 1344 63 22 torde
775 1343 23 22 af
811 1344 53 21 hvar
874 1344 40 21 och
922 1350 26 15 en
956 1344 72 21 kunna

201 1373 140 22 konstateras
363 1375 126 24 motsatsen,
515 1373 40 21 och
579 1373 60 21 detta
659 1375 25 19 är
695 1373 47 27 just
758 1374 32 20 ett
804 1372 60 22 bevis
880 1372 34 28 pä,
931 1372 55 22 hvad
1002 1378 26 16 en

202 1401 69 22 sädan
287 1402 127 21 samverkan
429 1402 79 22 förmär
522 1402 8 21 i
545 1402 54 21 sund
612 1401 188 27 jemlikhetsanda.

272 1430 56 22 Herr
351 1430 126 26 Schauman,
501 1430 90 27 August,
615 1430 40 22 har
675 1430 67 27 jemte
765 1429 51 22 flere
836 1430 68 21 andra
921 1430 47 26 lagt
983 1431 45 20 stor

201 1459 46 27 vigt
262 1459 29 27 pä
306 1459 142 22 redaktionen
464 1458 22 22 af
500 1461 24 19 11
542 1458 11 28 $
569 1459 7 21 i
591 1459 120 21 utskottets
725 1458 93 27 förslag;
833 1458 29 28 ja,
874 1458 70 22 denna
951 1458 77 22 redak-

201 1488 47 21 tion
264 1490 24 19 är
303 1487 22 21 af
339 1488 51 26 vigt.
420 1488 43 21 Det
479 1490 23 19 är
517 1487 91 21 faktiskt
624 1489 32 19 att
671 1487 119 21 utskottets
805 1487 81 26 förslag
900 1486 7 21 i
916 1486 69 22 denna
993 1486 35 22 del

202 1518 24 19 är
242 1523 27 15 en
285 1516 23 22 af
321 1516 26 22 de
356 1516 155 27 väsentligaste
519 1515 244 28 förändringarne
702 1511 12 36 i
726 1511 33 36 den
773 1516 79 26 nädiga
859 1515 168 27 propositionen.
