1109 1678
233 92 55 20 1420
514 95 40 18 Den
573 94 24 18 14
612 95 106 17 December.

203 163 58 20 vore,
277 158 34 21 att
325 157 127 28 paragrafen
467 157 69 22 skulle
552 158 168 21 återremitteras
736 157 32 22 till
784 157 114 26 utskottet,
909 155 33 22 för
952 157 32 20 att
992 156 37 21 det

202 185 75 28 tillägg
300 192 46 16 som
365 186 38 27 jag
425 187 123 26 framhållit,
572 187 69 21 skulle
662 187 37 21 der
716 186 80 28 inflyta,
813 185 25 22 så
853 187 33 20 att
900 185 127 28 paragrafen

202 214 69 23 blefve
288 214 151 29 erforderligen
455 215 136 28 förtydligad.

270 243 57 22 Herr
341 244 139 22 Mechelin:
510 244 42 27 Jag
568 245 63 22 utber
651 244 43 27 mig
715 244 54 22 först
791 243 21 22 få
835 242 57 22 fästa
913 242 114 28 uppmärk-

203 272 112 23 samheten
330 272 35 22 vid
381 274 32 21 ett
427 273 91 28 tryckfel
538 273 3 22 i
556 279 63 16 mom.
635 280 18 15 c.
683 273 44 22 Det
741 273 46 21 står
797 273 7 20 i
814 273 118 20 momentet
941 268 15 37 ,,
954 277 72 20 sonen,

201 301 93 22 brodren
310 301 53 22 eller
378 302 165 27 dottersonen*;
560 303 37 20 det
612 302 55 21 skall
682 309 52 14 vara
749 308 46 19 son,
811 301 84 26 broder,
910 307 49 15 son-
976 299 51 22 eller

202 330 145 22 dottersonen.
377 331 63 21 Hvad
456 331 133 21 vidkommer
604 331 41 21 den
661 330 23 22 af
697 331 50 21 herr
761 329 123 22 Ehrnrooth
899 329 77 21 väckta
984 328 42 21 frä-

201 365 48 21 gan,
266 358 26 22 sä
307 358 56 23 afser
378 359 112 27 ingressen
505 360 33 21 till
554 359 127 28 paragrafen
697 361 32 20 att
745 359 26 21 de
787 358 115 22 nedanföre
918 359 109 25 upptagna

199 394 134 21 personerna
347 388 95 22 hvarken
457 388 69 22 under
540 388 69 22 freds-
625 388 52 22 eller
691 388 93 27 krigstid
799 388 73 20 kunna
882 386 68 22 kallas
958 386 68 21 under

200 415 101 28 fanorna;
317 416 32 21 till
364 417 137 22 Jandtvärnet
516 416 58 23 föres
591 417 66 27 enligt
671 417 120 22 utskottets
806 415 82 26 förslag
895 415 64 27 ingen
970 415 56 21 enda

200 445 87 25 individ,
304 451 46 16 som
365 445 48 22 icke
428 445 127 28 genomgått
569 445 72 28 öfning
656 446 35 21 vid
714 451 107 16 reserven.
852 444 73 27 Enligt
947 443 79 27 nådiga

199 474 162 27 propositionen
376 481 37 15 var
429 475 38 21 det
481 474 144 27 annorlunda;
642 475 38 21 der
694 473 93 23 inskrefs
802 473 100 22 direkte
895 468 13 37 i
917 472 108 21 landtvär-

200 504 38 20 net
253 503 41 22 och
308 503 79 22 förblef
400 505 53 20 utan
469 503 72 28 öfning
556 503 56 22 både
629 503 26 22 de
670 503 7 22 i
693 503 69 22 denna
777 501 103 28 paragraf
899 501 126 22 omnämnde

199 537 105 21 personer
326 532 40 21 och
388 532 43 22 alla
453 532 73 27 öfriga,
544 538 46 15 som
612 532 48 22 icke
675 532 67 22 hörde
755 531 33 22 till
803 531 39 22 här
857 531 91 21 nämnde
963 530 61 21 kate-

200 560 76 27 gorier,
300 567 48 15 men
371 567 46 15 som
440 567 76 21 genom
537 561 93 27 lottning
651 561 48 22 icke
714 560 90 22 kommit
826 560 34 21 till
875 559 91 26 aktiven,
983 558 41 22 och

199 589 92 21 sålunda
305 589 70 22 skulle
391 591 69 20 större
477 590 61 21 delen
555 589 23 22 af
590 590 137 22 landtvärnet
741 589 64 22 bestå
821 588 22 22 af
856 594 103 21 personer
977 593 46 16 som

199 617 46 22 helt
260 618 41 21 och
315 618 67 22 hållet
396 619 68 21 sakna
479 619 28 21 all
523 619 77 27 öfning.
630 619 73 26 Enligt
717 618 121 21 utskottets
848 617 80 27 förslag
938 617 86 21 komma

200 646 31 21 till
247 646 137 23 landtvärnet
407 647 77 22 endast
506 647 26 22 de
556 654 47 15 som
625 647 124 27 genomgått
764 652 102 16 reserven
882 646 40 21 och
937 645 85 22 således

199 675 38 21 der
253 674 69 22 blifvit
336 675 81 27 öfvade,
433 682 49 16 men
498 675 27 23 de
540 676 7 21 i
563 676 70 22 denna
647 675 102 28 paragraf
757 674 129 23 omnämnda
897 674 66 22 kunna
974 674 48 21 icke

198 710 77 20 genom
290 704 92 27 lottning
397 705 86 21 komma
497 705 22 21 in
534 705 7 21 i
557 705 58 21 aktiv
631 705 66 27 tjenst
711 704 69 22 under
795 703 98 25 fredstid,
913 703 17 27 ej
955 702 68 22 heller

198 732 69 22 under
289 732 91 28 krigstid
402 734 69 21 kallas
494 734 7 21 i
524 734 73 26 tjenst,
621 740 48 15 men
691 735 40 20 när
753 732 28 22 de
795 732 8 22 i
818 732 34 22 sin
866 734 35 19 tur
915 731 106 22 komma
1008 727 18 38 i

197 761 142 26 landtvärnet,
357 762 24 21 så
397 764 36 20 äro
450 762 26 22 de
492 762 83 22 öfvade.

265 790 56 21 Herr
336 790 162 27 Ehrnrooth,
516 791 92 22 Robert:
625 791 72 21 Sedan
713 796 26 16 en
748 790 53 22 ärad
808 790 92 22 medlem
908 788 23 22 af
940 788 80 22 Värne-

196 818 177 27 pligtsutskottet
380 819 82 22 lemnat
470 820 70 21 denna
546 820 135 27 upplysning,
690 820 75 27 tycker
777 819 38 27 jag
830 818 25 22 så
860 814 95 58 grycket
962 824 59 14 mera

197 847 46 21 skäl
259 846 68 23 finnas
343 848 32 21 till
391 848 105 28 yrkandet
512 850 33 20 att
560 848 63 22 ordet
638 848 58 22 aktiv
711 848 47 22 icke
774 848 39 21 bör
828 847 36 27 ingå
887 846 132 27 iingressen,

194 876 90 22 emedan
299 876 60 22 detta
367 877 38 21 ord
414 879 24 19 är
446 877 151 22 vilseledande.
621 877 34 21 Då
663 877 20 21 vi
690 877 75 27 längre
773 876 54 22 fram
837 876 85 21 komma
933 876 32 20 att
972 874 47 22 från

193 905 146 27 värnepligten
354 905 68 22 befria
437 909 85 24 prester
537 906 40 22 och
593 906 147 26 psalmläsare,
756 911 51 15 vore
823 904 38 22 det
870 904 57 22 klart
936 903 33 22 för
976 904 44 27 mig

193 935 34 19 att
242 933 65 22 dessa
322 940 103 21 personer
440 935 45 21 helt
500 935 41 21 och
556 935 67 21 hållet
637 934 80 22 befrias
733 934 47 21 från
795 934 28 21 all
831 933 142 27 tjenstgöring
984 932 34 22 sä-

193 962 34 21 väl
242 962 6 21 i
264 962 69 22 freds-
349 969 46 15 som
409 963 99 27 krigstid,
524 963 45 21 ifall
585 963 62 22 ordet
662 963 59 22 aktiv
736 962 79 28 utgått.

262 991 56 21 Herr
333 998 41 15 von
389 992 118 21 Hellens:
537 992 40 21 Att
599 992 27 21 de
648 992 7 21 i
678 992 69 21 denna
769 990 103 28 paragraf
892 990 126 21 omnämnda

193 1018 241 28 familjeförhållandena
448 1021 53 21 böra
516 1021 49 21 med
580 1027 27 15 en
621 1020 44 22 viss
681 1020 73 22 ömhet
768 1019 158 26 konsidereras,
942 1021 23 18 är
979 1018 39 27 jag

192 1047 49 22 med
258 1049 107 21 utskottet
381 1055 51 16 ense
448 1055 40 20 om,
505 1055 50 16 men
569 1049 7 21 i
592 1049 60 22 detta
667 1048 36 22 fall
718 1049 92 21 likasom
825 1047 62 22 alltid
906 1053 62 15 anser
980 1047 38 26 jag

193 1078 32 19 att
240 1077 215 22 konsiderationerna
470 1078 53 21 böra
538 1077 63 22 hafva
616 1084 27 15 en
658 1077 44 22 viss
718 1079 71 25 gräns,
807 1077 41 21 och
863 1077 33 20 att
910 1075 108 22 utskottet

194 1105 32 21 uti
242 1105 40 22 sitt
295 1105 81 28 förslag
391 1106 145 22 öfverskrider
551 1107 70 21 denna
635 1108 72 25 gräns,
724 1105 28 22 då
761 1105 109 22 utskottet
879 1104 96 22 förordat
982 1104 35 21 så-

193 1134 42 21 dan
259 1135 146 27 uppställning
428 1135 23 22 af
471 1134 134 28 paragrafen,
629 1137 33 20 att
685 1134 26 22 de
731 1135 46 21 deri
792 1133 90 22 afsedda
897 1139 56 21 unge
968 1135 49 19 män

194 1162 72 22 skulle
281 1163 46 21 helt
342 1163 40 22 och
397 1164 68 21 hållet
479 1163 47 22 från
541 1164 29 21 all
585 1164 58 21 aktiv
661 1163 142 28 tjenstgöring
825 1163 25 21 så
865 1162 7 21 i
886 1161 68 22 freds-
970 1168 46 15 som

192 1191 94 27 krigstid
300 1191 85 22 befrias.
417 1193 69 21 Dessa
501 1199 57 20 unge
573 1195 49 19 män
638 1192 67 27 skola,
722 1192 66 27 enligt
803 1191 119 22 utskottets
930 1190 85 27 förslag,

191 1220 114 27 uppbådas
321 1221 32 21 till
368 1221 98 28 lottning,
483 1221 61 22 skola
560 1221 37 22 der
612 1220 79 23 infinna
706 1221 39 27 sig,
761 1220 118 27 besigtigas
894 1219 41 22 och
950 1219 66 26 draga

191 1248 47 27 lott,
255 1251 56 20 samt
326 1249 124 22 sedermera
465 1249 60 22 äfven
541 1249 114 22 inskrifvas
670 1250 36 21 vid
716 1255 107 20 reserven,
832 1254 49 16 men
889 1248 50 21 hela
947 1247 69 22 denna

191 1278 105 27 procedyr
311 1279 49 20 med
374 1278 93 28 lottning
477 1278 33 22 för
526 1279 48 22 dem
588 1285 63 15 anser
665 1279 38 27 jag
716 1278 49 22 icke
779 1277 67 22 blifva
860 1278 66 20 annat
941 1278 27 20 än
984 1277 32 21 ett

191 1306 82 27 gyckel,
289 1307 90 21 emedan
394 1307 120 28 lottningen
528 1307 34 22 för
577 1307 48 22 dem
641 1307 38 22 har
698 1307 90 21 alldeles
811 1306 64 27 ingen
896 1305 118 28 betydelse,

191 1335 28 21 då
234 1334 27 22 de
276 1335 7 21 i
299 1335 42 21 alla
355 1335 38 22 fall
409 1338 38 19 äro
462 1336 128 26 fullkomligt
605 1335 94 22 befriade
715 1335 47 21 från
777 1337 33 19 att
829 1334 91 22 inkallas
934 1334 8 21 i
957 1334 57 21 aktiv

190 1363 149 27 tjenstgöring.
370 1364 43 27 Jag
428 1366 45 20 tror
488 1366 34 20 att
536 1364 42 22 den
593 1364 102 22 afvikelse
712 1364 70 22 denna
804 1362 102 28 paragraf
925 1362 90 22 föreslår

189 1391 47 21 från
251 1392 80 27 nådiga
345 1393 163 27 propositionen
522 1393 49 22 icke
586 1395 24 19 är
624 1392 49 22 fullt
687 1393 88 26 rättvis;
791 1392 42 22 den
848 1391 79 27 nådiga
936 1396 78 22 propo-

190 1420 99 27 sitionen,
305 1421 66 27 enligt
386 1422 86 22 hvilken
487 1422 147 27 värnepligten
648 1428 39 16 var
701 1420 77 23 afsedd
793 1422 33 20 att
840 1420 29 28 på
891 1421 65 21 annat
970 1420 45 20 sätt

189 1448 108 29 tillämpas
313 1451 27 20 än
355 1450 8 21 i
377 1450 120 22 utskottets
512 1450 143 27 betänkande,
671 1450 128 22 förutsätter
821 1449 56 22 dock
896 1449 33 21 att
951 1448 63 22 dessa

189 1483 104 21 personer
307 1478 7 21 i
329 1478 58 22 vissa
409 1478 37 22 fall
466 1479 72 22 kunde
560 1479 90 21 inkallas
665 1479 8 21 i
688 1479 58 21 aktiv
769 1478 143 28 tjenstgöring
930 1476 61 22 äfven
1006 1477 7 21 i

188 1505 99 29 fredstid,
311 1506 40 23 och
374 1507 61 22 alltid
450 1508 72 22 kunde
538 1508 26 22 de
580 1508 118 27 uppbådas,
719 1510 39 19 när
772 1507 137 22 landtvärnet
923 1506 89 22 inkalla-
