1109 1678
244 99 55 20 1390
526 101 40 17 Den
586 99 24 19 13
626 101 105 17 December.

283 163 60 22 Efter
358 163 88 22 härmed
461 163 94 22 afslutad
571 163 125 22 diskussion
712 163 136 28 uppställdes
864 163 32 21 till
907 163 133 21 besvarande

213 191 56 22 först
291 191 93 29 följande
402 192 134 27 proposition
551 193 8 20 i
574 192 102 23 afseende
693 192 12 22 å
721 192 144 27 öfningstiden
880 192 33 21 för
928 197 110 16 reserven:

284 221 144 26 »Godkänner
447 221 162 28 Ridderskapet
624 221 40 22 och
679 221 70 22 Adeln
764 221 41 22 den
821 221 6 21 i
845 222 7 19 1
872 227 62 15 mom.
950 219 23 22 af
988 222 23 19 11
1029 220 11 27 $

213 249 7 22 i
243 249 260 28 Värnepligtsutskottets
526 251 138 21 betänkande
686 250 123 27 föreslagna
824 250 59 21 tiden
898 249 34 22 för
946 248 93 28 öfnings-

213 279 96 25 mötena;

281 307 74 21 vinner
371 308 40 27 nej,
428 307 131 22 bestämmes
575 308 59 21 tiden
649 307 34 22 för
698 307 172 28 öfningsmötena
883 306 157 27 sammanlagdt

213 335 101 27 antingen
330 335 31 21 till
379 337 40 20 120
436 336 67 27 dagar
518 337 53 21 eller
585 337 34 21 till
635 338 40 20 126
692 337 66 26 dagar
773 336 54 22 efter
842 336 67 21 sådan
919 335 120 27 fördelning

213 370 46 14 som
275 363 23 22 af
310 364 81 22 befälet
405 364 141 22 fastställes”.

283 392 70 22 Sedan
376 394 29 26 på
426 394 96 27 begäran
541 394 100 21 anställts
657 394 98 26 votering
771 400 34 15 om
821 393 70 22 denna
906 392 132 28 proposition

212 421 41 21 och
275 421 126 22 densamma
423 422 81 21 utfallit
521 422 49 22 med
587 424 24 20 21
627 423 23 26 ja
666 422 40 22 och
722 424 26 19 37
765 423 42 26 nej,
823 422 57 21 hade
895 421 143 27 öfningstiden

212 449 23 22 af
256 450 87 21 ståndet
365 451 106 21 bestämts
492 451 31 21 till
544 453 41 19 120
600 451 67 27 dagar
682 451 53 22 eller
752 453 39 20 126
809 451 67 27 dagar
891 450 54 22 efter
960 450 77 22 fördel-

214 479 56 26 ning,
287 485 46 15 som
349 479 22 22 af
384 479 81 22 befälet
479 479 141 22 fastställdes.

280 508 50 21 Med
346 508 115 27 anledning
475 509 23 21 af
512 509 70 21 denna
597 509 82 27 utgång
694 508 129 22 hemställde
839 508 50 21 herr
899 507 137 26 Mechelin,

211 536 106 22 huruvida
333 537 38 21 det
385 543 51 16 vore
451 538 131 27 nödvändigt
597 539 33 20 att
645 544 76 21 genom
737 537 98 27 votering
851 537 73 27 afgöra
934 537 41 21 den
986 536 51 22 obe-

211 565 82 27 tydliga
308 565 128 22 differensen
451 566 7 21 i
475 566 82 22 antalet
571 567 66 26 dagar
653 567 53 21 eller
721 566 90 21 emellan
829 568 40 19 120
886 566 39 21 och
943 567 39 20 126
999 565 37 21 da-

211 600 43 20 gar,
272 593 39 22 och
328 594 67 22 sedan
407 595 59 21 såväl
477 595 74 22 herrar
564 595 21 22 af
593 595 146 25 Forselles,
751 595 60 26 Emil,
824 595 41 21 och
875 594 161 27 Ehrnrooth,

210 623 89 26 Robert,
315 626 57 18 samt
387 623 90 22 friherre
492 624 175 21 Nordenstam
682 624 104 21 förklarat
801 625 32 20 att
850 623 26 22 de
891 623 48 22 icke
955 623 81 26 ansågo

210 651 71 27 någon
302 652 93 21 särskild
410 653 46 26 vigt
471 653 58 26 ligga
544 653 58 27 uppå
617 654 33 20 att
664 653 59 21 tiden
739 653 124 21 bestämdes
879 652 32 21 till
928 653 40 20 120
984 651 52 22 eller

212 681 39 20 126
273 680 67 27 dagar
355 680 41 22 och
412 681 71 21 derför
498 681 33 21 till
546 681 107 22 vinnande
669 681 22 21 af
704 681 69 22 likhet
787 681 102 22 förenade
906 680 32 27 sig
954 687 33 15 om
1003 682 32 19 ta-

210 708 30 21 let
257 710 47 24 120,
323 709 72 22 beslöt
410 710 87 22 ståndet
511 710 29 27 på
554 710 157 27 framställning
727 710 23 21 af
763 710 50 22 herr
828 709 208 22 Landtmarskalken

210 738 33 20 att
257 737 121 22 bestämma
394 738 59 22 tiden
469 738 31 22 till
517 740 41 20 120
573 739 72 27 dagar.

278 766 100 22 Derefter
400 766 146 23 framställdes
569 768 48 21 med
641 767 115 27 anledning
771 767 23 22 af
807 767 51 22 herr
872 766 162 28 Björkenheims

209 794 82 28 förslag
306 794 92 28 följande
414 796 144 27 proposition:

280 840 9 10 »
292 824 42 26 Vill
357 824 159 28 Ridderskapet
532 825 40 22 och
588 825 68 22 Adeln
672 825 114 27 godkänna
802 827 9 19 1
829 830 62 16 mom.
908 824 22 22 af
946 826 23 19 11
987 824 11 27 $
1014 824 22 21 af

209 852 147 22 betänkandet
376 852 139 23 oförändradt
530 854 6 21 i
552 853 66 27 öfrigt
632 856 61 19 utom
708 854 56 21 hvad
781 853 87 22 ståndet
883 854 7 20 i
905 852 101 23 afseende
1021 853 13 21 å

208 880 59 22 tiden
282 880 33 22 för
330 881 173 27 öfningsmötena
517 883 66 21 redan
599 883 100 26 beslutit;

276 910 74 22 vinner
369 911 42 27 nej,
427 911 170 22 äterremitteras
613 912 119 21 momentet
746 911 32 21 till
793 911 109 21 utskottet
916 910 33 22 för
964 916 68 16 omre-

207 938 89 22 daktion
311 939 48 21 icke
374 939 92 22 allenast
481 940 134 22 beträffande
630 940 131 22 mötestiden
776 940 7 21 i
799 940 96 27 enlighet
910 940 48 21 med
974 939 58 21 stän-

207 966 48 22 dets
274 967 67 21 redan
361 967 84 23 fattade
461 968 78 27 beslut,
556 970 51 20 utan
624 969 41 21 ock
679 969 7 21 i
703 969 37 21 det
755 968 55 28 syfte
826 970 34 20 att
875 968 61 22 deraf
950 970 82 25 otvety-

206 995 46 27 digt
267 995 94 28 framgär
376 999 33 19 att
425 997 26 22 de
467 997 8 21 i
489 1004 101 15 reserven
605 997 105 22 inskrifna
725 998 68 21 under
807 997 74 27 hvarje
897 996 22 22 af
933 997 27 21 de
974 996 58 22 stad-

206 1023 56 28 gade
277 1024 52 21 åren
345 1025 62 22 skola
422 1025 92 22 inkallas
530 1026 32 21 till
577 1026 165 27 vapenöfning*.

275 1053 82 22 Genom
373 1054 70 21 denna
459 1055 144 26 propositions
619 1055 135 21 besvarande
765 1055 49 21 med
825 1054 156 27 öfvervägande
990 1053 41 28 nej,

205 1080 57 23 hade
285 1082 88 21 ståndet
395 1083 96 27 godkäut
510 1083 51 22 herr
575 1083 164 28 Björkenheims
754 1084 7 21 i
776 1083 208 28 nej-propositionen
1000 1083 31 21 in-

205 1110 84 26 gäende
305 1110 86 28 förslag.

273 1139 175 28 Författningens
464 1141 72 21 vidare
552 1141 131 27 granskning
698 1140 83 23 afbröts
796 1141 40 21 här
852 1140 22 22 af
886 1140 50 21 herr
950 1140 81 21 Landt-

203 1167 144 28 marskalken,
370 1168 34 22 för
426 1171 33 19 att
481 1169 71 22 lemna
574 1170 99 21 ständets
695 1169 140 22 medlemmar
855 1169 83 22 tillfälle
954 1171 32 19 att
1002 1175 29 15 nu

204 1195 74 22 skrida
294 1197 31 21 till
341 1197 38 22 det
394 1197 34 22 val
443 1197 23 22 af
479 1198 138 21 medlemmar
632 1199 7 20 i
654 1198 106 22 förstärkt
775 1198 85 22 utskott
870 1197 33 22 för
913 1197 117 28 afgörande

203 1223 24 22 af
246 1224 76 28 frägan
344 1226 93 21 rörande
457 1227 75 26 anslag
546 1227 33 21 till
594 1227 217 26 folkskoleväsendet,
829 1233 46 15 som
890 1227 67 26 enligt
971 1226 59 21 stän-

205 1252 48 22 dets
269 1254 35 21 vid
320 1254 121 27 gårdagens
457 1255 86 27 plenum
559 1255 82 22 fattade
657 1256 73 21 beslut
745 1262 28 15 nu
789 1253 70 24 skulle
874 1255 99 27 försiggä.
996 1254 34 21 Då

203 1282 120 22 emellertid
345 1283 60 21 tiden
425 1284 107 27 betydligt
553 1284 139 27 framskridit,
716 1284 71 22 beslöt
810 1284 96 27 ståndet,
930 1284 28 27 pä
980 1283 50 22 herr

202 1309 222 24 Landtmarskalkens
439 1312 163 28 framställning,
619 1315 33 20 att
667 1313 218 22 sammanräknandet
900 1312 23 22 af
931 1314 99 20 rösterna

201 1338 56 22 först
271 1340 36 20 vid
323 1341 171 27 morgondagens
510 1341 87 27 plenum
612 1342 69 21 skulle
697 1342 134 21 verkställas.

271 1368 10 20 I
304 1368 95 27 enlighet
421 1370 95 26 härmed,
537 1370 41 22 och
597 1371 67 21 sedan
679 1370 108 22 valsedlar
802 1370 23 22 af
838 1369 100 27 samtliga
952 1371 76 19 närva-

201 1396 68 21 rande
293 1396 215 24 ständsmedlemmar
531 1398 54 22 efter
608 1405 83 22 upprop
715 1398 112 22 aflemnats
851 1398 41 22 och
906 1398 122 27 förseglats,

203 1424 78 22 afslöts
297 1425 87 27 plenum
399 1427 92 21 klockan
506 1426 46 28 fyra
567 1427 55 22 efter
636 1428 121 27 middagen.

769 1462 21 17 In
803 1461 63 18 fidem:

693 1490 71 22 Victor
779 1492 25 20 de
819 1491 20 21 la
857 1489 100 28 Chapelle.
