1109 1678
266 107 53 20 1078
550 110 39 17 Den
607 108 10 19 6
633 109 107 18 December.

301 171 56 23 Herr
379 171 23 22 af
421 171 145 28 Forselles,
589 173 65 21 Emil:
685 172 42 27 Jag
741 172 39 22 ber
795 173 33 20 att
842 171 22 22 få
878 171 29 27 på
922 171 26 22 de
964 172 6 21 i
990 178 70 16 reser-

234 200 99 22 vationen
349 201 89 22 anförda
453 201 47 22 skäl
516 202 6 20 i
538 201 71 22 denna
624 201 34 22 del
673 201 86 22 biträda
773 201 90 22 friherre
884 201 90 22 Wredes
990 207 69 16 reser-

232 229 79 22 vation.
341 230 50 21 Med
407 230 115 27 anledning
538 230 23 21 af
573 231 50 21 herr
638 237 41 15 von
698 231 107 20 Kr&mers
824 229 140 28 anmärkning
979 231 79 24 derom,

233 260 38 24 att,
288 259 71 21 såsom
374 259 127 27 paragrafen
517 262 24 18 är
556 259 129 22 formulerad
700 259 7 21 i
722 259 120 21 utskottets
858 258 142 27 betänkande,
1011 259 47 21 icke

230 287 156 27 pröfningsrätt
408 288 68 21 skulle
499 288 119 22 tillkomma
639 289 140 26 guvernören,
802 288 37 21 vill
851 288 38 27 jag
904 288 102 21 anmärka
1022 288 37 21 det

228 316 38 26 jag
281 322 63 15 anser
358 323 51 15 vara
425 317 112 27 sjelffallet,
554 319 38 25 att,
609 318 28 20 då
658 317 58 22 valet
731 317 55 21 skall
804 317 40 20 hos
868 317 132 26 guvernören
1021 323 37 14 an-

231 344 67 22 mälas
315 345 39 21 och
370 345 23 21 af
405 346 78 20 honom
499 346 112 26 erkännas,
628 346 41 21 han
681 345 74 21 dervid
771 345 55 21 skall
843 352 39 20 ega
896 344 160 28 pröfningsrätt.

299 374 98 21 Friherre
413 374 103 25 Wrede,
533 375 95 27 August:
659 375 41 26 Jag
715 374 70 21 skulle
801 374 33 22 väl
851 374 66 21 hellre
934 374 77 21 önskat
1025 376 32 19 att

231 402 61 21 detta
307 404 94 19 moment
416 404 54 20 varit
485 404 118 21 stiliseradt
618 403 139 26 annorlunda,
775 403 33 21 för
823 404 33 19 att
871 403 37 21 det
924 403 68 21 skulle
1008 403 48 20 der-

229 430 55 21 ifrån
299 431 57 21 klart
371 431 87 28 framgå,
476 434 32 19 att
524 432 38 21 det
582 432 47 21 icke
645 434 24 19 är
687 438 69 15 annan
772 431 163 28 pröfningsrätt,
952 437 45 16 som
1014 431 41 21 till-

229 459 96 22 kommer
348 462 138 25 guvernören,
510 463 27 19 än
561 461 48 26 den,
629 467 34 15 om
682 461 60 22 detta
759 461 33 20 val
808 461 6 20 i
829 460 66 27 laglig
910 459 53 22 form
979 460 76 27 försig-

229 488 53 27 gått.
312 489 46 21 Den
382 489 23 22 åt
427 491 133 25 guvernören
575 489 134 22 förbehållna
724 489 112 22 enahanda
858 491 44 19 rätt
917 489 5 20 i
939 488 59 27 fråga
1021 495 34 15 om

228 517 109 22 mosaiska
359 519 180 21 trosbekännares
563 519 34 21 val
620 519 23 20 af
656 518 154 25 föreståndare,
827 520 24 19 är
866 517 109 22 stiliserad
991 518 63 27 tydli-

228 552 58 20 gare,
303 548 22 26 ty
341 547 38 21 der
396 548 45 20 står
452 547 45 22 helt
510 548 79 26 enkelt,
607 548 77 25 ,innan
699 547 217 22 föreståndare-valet
931 546 68 21 blifvit
1014 547 40 21 hos

228 577 132 24 guvernören
376 576 7 21 i
398 576 58 21 länet
472 577 108 20 anmäldt*
598 579 41 19 etc.
669 575 108 28 Föröfrigt
791 576 33 21 får
837 576 37 27 jag
889 576 56 21 blott
960 575 94 28 åberopa

227 604 44 21 min
286 605 133 21 reservation
433 605 135 22 härutinnan.

295 633 56 22 Herr
366 640 41 15 von
422 631 122 24 Kremer:
561 635 94 20 Attiett
662 634 77 21 sådant
747 633 62 28 syfte,
823 640 45 15 som
877 633 88 21 friherre
974 633 78 22 Wrede

226 661 64 26 velat,
307 661 114 28 förtydliga
431 665 122 24 momentet,
570 663 39 21 har
617 663 38 27 jag
665 663 48 21 icke
723 663 68 21 heller
798 662 118 27 någonting
924 664 63 24 emot,
997 663 56 20 blott

227 689 37 21 det
273 690 45 21 står
333 692 32 20 att
379 691 37 21 det
423 691 47 22 icke
479 694 24 18 är
517 698 113 21 personen,
646 693 53 19 utan
714 691 198 27 valförrättningen,
922 697 45 15 som
976 697 75 21 guver-

225 720 67 20 nören
315 719 54 21 skall
392 720 120 27 godkänna.
543 721 50 21 Men
615 721 61 21 detta
695 720 39 22 har
752 726 50 15 man
823 720 59 21 svårt
900 721 32 19 att
947 719 69 22 förstå
1031 720 23 21 af

225 747 152 28 stiliseringen.
406 749 10 21 I
431 750 78 20 sådant
530 749 37 21 fall
589 749 69 21 skulle
675 749 38 27 jag
729 755 51 15 anse
796 750 32 20 att
847 748 99 27 analogin
960 748 90 27 fordrar,

225 778 33 19 att
273 778 133 25 guvernören
429 778 52 22 eller
502 778 71 27 någon
595 778 125 28 myndighet
741 778 68 21 måtte
829 777 114 22 öfvervaka
958 777 57 21 valet
1030 777 23 21 af

223 807 85 24 prester
331 806 54 22 efter
407 806 41 22 den
470 807 64 27 regel,
550 806 225 28 religionssamfundet
789 806 107 27 uppställt
912 806 34 21 för
961 806 43 27 sig;
1027 808 23 25 ty

224 833 37 21 det
276 834 42 21 kan
338 835 35 21 väl
391 835 128 22 förutsättas
540 838 33 19 att
591 836 106 26 klagomål
721 836 40 21 och
776 836 78 21 besvär
869 835 73 21 kunna
956 834 92 28 inträffa,

223 862 40 22 och
280 863 28 21 då
322 865 37 20 vet
371 864 38 27 jag
423 864 48 22 icke
485 865 29 27 på
528 865 57 21 hvad
601 866 45 20 sätt
661 865 65 21 dessa
741 864 62 21 skola
818 864 112 27 afhjelpas.

291 892 50 22 Med
356 893 113 27 anledning
478 893 22 21 af
514 894 41 21 den
564 894 90 20 sålunda
663 893 154 27 försiggångna
827 892 157 27 diskussionen,
994 899 54 21 upp-

222 920 89 22 ställdes
328 920 55 22 efter
397 922 119 21 hvarandra
530 922 93 28 följande
638 922 168 27 propositioner:

292 949 43 28 1:0)
366 950 66 27 ,Den,
449 957 45 15 som
510 952 125 25 godkänner
652 950 69 22 första
739 951 113 26 meningen
868 950 22 21 af
906 952 9 18 1
933 956 61 15 mom.
1012 950 6 21 i
1034 952 12 19 3

221 976 10 28 $
254 977 24 21 af
297 978 164 27 Lagutskottets
484 980 137 21 betänkande
644 979 133 23 beträffande
801 979 150 26 förordningen
966 979 40 21 N:o
1027 981 18 25 1,

220 1011 74 16 svarar
306 1007 33 27 ja;

288 1035 73 22 vinner
376 1037 41 26 nej,
434 1038 88 25 antages
537 1037 68 22 första
620 1037 113 27 meningen
748 1037 33 20 till
789 1036 40 22 och
840 1036 49 21 med
898 1036 66 21 orden
974 1038 72 25 ,,prest

219 1063 52 22 eller
286 1064 82 22 lärare"
385 1065 24 21 af
423 1067 9 19 1
449 1072 62 15 mom.
527 1066 7 21 i
550 1068 12 19 3
579 1065 11 28 $
606 1065 23 22 af
647 1065 79 28 nådiga
745 1065 168 28 propositionen,
934 1065 110 26 angående

218 1097 82 17 samma
317 1093 142 28 förordning".

287 1122 75 21 Denna
377 1123 133 27 proposition
526 1123 129 22 besvarades
671 1123 49 22 med
736 1123 158 26 öfvervägande
910 1123 40 26 nej.

285 1151 44 26 2:0)
362 1151 66 27 ,Den,
445 1158 46 15 som
506 1152 125 27 godkänner
646 1152 67 21 andra
728 1152 112 26 meningen
858 1151 22 22 af
899 1153 9 19 1
929 1157 62 15 mom.
1007 1151 7 21 i
1030 1153 11 20 3

215 1177 11 28 S
242 1178 23 21 af
284 1175 165 41 Lagutskottets
472 1181 137 22 betänkande
631 1181 134 22 beträffande
787 1180 153 27 författningen
962 1180 41 21 N:o
1024 1183 16 24 1,

214 1213 75 16 svarar
301 1215 34 20 ja;

282 1237 74 22 vinner
371 1237 41 27 nej,
429 1240 89 25 antages
534 1238 125 22 återstoden
676 1238 23 21 af
714 1240 9 19 1
739 1244 63 15 mom.
819 1238 8 21 i
842 1239 12 20 3
871 1237 113 27 $inådiga
991 1244 49 21 pro-

211 1264 124 27 positionen
351 1267 111 26 angående
477 1273 82 15 samma
573 1267 126 27 författning
713 1267 47 21 från
776 1266 40 22 och
832 1267 49 20 med
894 1267 64 21 orden
972 1269 68 24 ,samt

209 1293 90 30 pligtig*
317 1301 18 15 o.
353 1301 16 15 s.
385 1301 20 15 v.
421 1296 56 21 ända
492 1296 32 21 till
540 1295 40 22 och
595 1296 50 21 med
662 1295 100 27 ,lämplig
777 1295 99 27 person".

281 1323 68 22 Äfven
365 1323 69 22 denna
448 1325 134 26 proposition
597 1325 130 21 besvarades
742 1325 49 20 med
810 1323 157 27 öfvervägande
982 1324 41 26 nej.

281 1352 44 26 3:0)
342 1352 144 26 ,Godkänner
501 1353 160 27 Ridderskapet
676 1353 40 21 och
731 1352 69 22 Adeln
815 1352 55 22 sista
890 1352 112 27 meningen
1018 1352 23 22 af

211 1381 9 19 1
237 1386 64 15 mom.
317 1381 8 20 i
341 1382 10 20 3
368 1381 11 27 $
394 1381 23 21 af
429 1382 164 26 Lagutskottets
609 1382 136 21 betänkande
766 1380 133 23 beträffande
917 1380 120 22 författnin-

209 1414 42 20 gen
265 1408 42 22 N:o
327 1411 23 25 1;

277 1438 75 21 vinner
367 1438 40 28 nej,
425 1441 87 25 antages
528 1439 54 21 sista
597 1439 112 27 meningen
725 1438 39 22 af
762 1434 12 36 1
775 1445 63 15 mom.
854 1439 7 21 i
877 1440 11 20 38
899 1438 41 28 af
949 1438 40 22 den
999 1439 37 21 nä-

209 1465 51 27 diga
275 1467 161 27 propositionen
451 1468 31 20 till
497 1474 82 16 samma
593 1467 145 27 författning".

279 1495 46 22 Och
339 1496 29 20 dä
383 1496 61 22 äfven
461 1496 69 23 denna
543 1497 134 27 proposition
693 1496 22 22 af
729 1497 87 21 ständet
836 1496 46 22 blef
902 1496 49 21 med
967 1496 68 22 öfver-

207 1524 99 27 vägande
328 1524 33 28 nej
385 1525 112 27 besvarad,
519 1526 56 22 hade
598 1525 87 22 ståndet
704 1526 96 21 beslutat
815 1526 33 20 att
863 1525 7 21 i
886 1525 73 21 stället
974 1525 32 22 för
1024 1528 8 18 1
