1109 1678
396 92 40 17 Den
454 91 25 18 10
494 92 107 17 December.
825 91 53 19 1193

81 155 43 25 get,
140 154 69 22 måste
222 155 37 27 jag
275 154 34 21 väl
325 154 54 21 dock
395 160 64 21 spara
473 154 142 22 bemötandet
631 154 65 26 deraf,
713 154 32 21 till
762 154 49 21 dess
826 155 34 20 det
872 154 37 21 kan

80 182 64 21 blifva
160 185 55 20 ännu
231 190 45 15 mer
291 182 117 27 påkalladt.
439 183 42 26 Jag
496 183 36 21 vill
548 183 39 21 här
602 183 57 22 blott
673 183 89 27 tillägga
777 183 76 26 attjag
861 183 47 21 icke

82 211 96 22 kommer
193 214 32 19 att
240 211 139 27 undandraga
393 211 43 27 mig
451 213 34 20 att
499 213 99 20 närmare
613 211 97 22 försvara
724 211 136 27 påståendet,
877 213 33 20 att

81 241 32 20 ett
135 240 138 28 milissystem
296 239 48 22 fullt
366 241 119 20 motsvarar
509 241 37 20 det
566 240 105 26 ändamål,
687 240 86 21 hvartill
788 240 121 27 värnepligt

82 268 42 21 kan
139 269 52 21 eller
205 269 39 22 bör
259 269 80 21 införas
354 269 7 20 i
376 269 95 21 Finland.
503 269 73 21 Gäller
592 269 37 22 det
645 270 32 20 att
691 268 47 22 föra
753 270 24 19 ut
787 269 51 21 våra
849 270 59 25 trup-

80 303 45 21 per,
135 297 27 22 då
178 300 23 19 är
216 298 119 21 utskottets
351 297 80 27 förslag
445 298 78 21 bättre.
554 297 59 27 (Bra,
629 297 58 27 bra!)
703 297 46 22 Här
763 297 43 21 kan
817 297 36 22 det
861 297 48 22 icke

80 332 51 15 vara
145 326 62 27 fråga
222 333 33 15 om
271 326 146 21 kostnaderna
431 325 33 22 för
480 326 37 21 det
532 332 41 15 ena
589 326 52 21 eller
656 325 67 22 andra
739 327 109 25 systemet,
860 333 48 14 men

80 354 36 27 jag
131 354 82 22 tillåter
227 355 44 27 mig
286 356 32 20 att
333 354 90 27 påpeka,
441 356 32 20 att
496 360 35 15 om
547 361 26 15 en
588 354 56 22 milis
660 354 7 21 i
682 354 91 21 Finland
791 354 69 22 skulle
875 354 32 22 in-

80 384 69 20 rättas
164 384 29 25 på
209 384 26 20 de
251 383 94 26 grunder
359 383 50 21 herr
425 382 142 22 Silfversvans
587 383 133 21 reservation
742 382 125 27 innehåller,
884 383 24 21 så

80 411 70 22 blefve
166 411 42 22 den
223 411 97 27 billigare
336 413 26 20 än
377 411 74 27 hvarje
467 418 71 15 annan
553 411 132 27 härordning
703 411 34 22 för
755 411 90 22 Finland
860 417 47 16 som

80 440 107 21 härintills
209 439 70 22 blifvit
302 441 113 20 omnämnd
438 440 53 21 eller
512 439 129 28 föreslagen.
673 440 111 27 Derjemte
807 439 101 22 behöfver

80 475 49 15 man
145 469 48 21 icke
208 469 67 21 tänka
290 469 28 26 på
333 469 24 21 så
372 469 77 26 många
465 469 41 21 och
521 469 25 21 så
561 471 61 19 stora
637 469 114 21 kaserners
767 468 139 28 uppförande.

80 498 71 21 Jemte
175 497 37 22 det
231 498 37 27 jag
290 497 33 22 för
345 497 38 22 det
397 497 117 28 höglofliga
529 498 88 21 ståndet
631 497 38 22 ber
685 499 32 20 att
731 497 22 21 få
768 497 91 27 anmäla,
875 499 33 20 att

78 527 37 27 jag
131 527 49 21 med
195 527 43 20 min
253 526 60 27 ringa
328 527 47 20 röst
390 528 62 19 ärnar
467 528 75 20 votera
557 526 33 22 för
606 527 32 20 ett
653 526 112 21 uttalande
783 526 47 21 från
848 527 60 20 stän-

81 555 77 22 dernas
175 555 53 26 sida,
244 555 7 21 i
267 555 37 21 det
319 555 55 27 syfte
389 555 50 22 herr
455 555 142 22 Silfversvans
613 555 134 22 reservation
761 555 97 26 föreslår,
870 561 36 15 an-

80 583 69 22 håller
169 584 38 27 jag
226 585 32 20 att
279 583 22 22 få
323 583 88 27 tillägga
433 583 68 27 några
523 584 46 21 ord.
599 584 47 21 Den
663 584 65 27 djupa
743 583 89 28 aktning
848 584 60 21 detta

80 612 116 27 höglofliga
210 612 75 21 stånds
300 612 138 21 medlemmar
452 612 54 28 hysa
520 612 34 22 för
568 612 121 22 hvarandra
708 612 43 21 kan
770 612 48 22 icke
837 612 71 22 lemna

80 648 47 14 rum
142 641 33 21 för
190 641 67 21 andra
272 640 178 27 förutsättningar
465 643 28 19 än
508 641 42 22 den
570 647 34 16 om
623 641 120 26 rätträdiga
762 640 89 28 afsigter
866 641 40 21 och

81 676 34 15 om
130 670 26 21 de
173 669 84 22 ädlaste
271 670 72 25 motiv,
360 670 27 20 dä
402 670 38 20 det
461 670 69 26 gäller
545 676 27 15 en
594 669 65 27 fräga,
679 670 28 26 pä
721 669 86 21 hvilken
822 670 85 21 landets

80 698 35 21 väl
130 698 40 22 och
184 704 26 15 ve
226 698 69 22 beror.
325 698 80 21 Härom
424 698 43 21 kan
487 698 34 21 väl
540 698 48 22 icke
603 704 52 16 vara
670 704 46 16 mer
731 700 27 19 än
773 704 26 15 en
815 697 92 28 öfverty-

80 727 66 27 gelse,
164 733 26 15 en
207 727 64 21 tanke
288 739 24 3 —
329 733 48 15 men
393 726 58 22 olika
465 727 73 21 kunna
554 727 109 27 äsigterna
677 733 52 15 vara
745 733 33 15 om
795 726 41 22 den
856 726 51 28 grad

80 755 24 21 af
116 755 219 28 varsamhetspolitik,
351 756 38 20 vär
403 755 191 27 unions-ställning
610 756 32 20 till
657 755 164 28 Kejsaredömet
835 755 73 22 kunde

80 784 92 27 päkalla.
205 784 40 21 Om
261 784 36 22 det
311 784 81 21 tillätes
408 784 43 27 mig
467 786 32 20 att
515 784 7 21 i
538 784 61 22 detta
614 784 101 22 afseende
731 784 56 27 gifva
803 785 32 21 ett
845 784 62 21 vörd-

80 815 58 19 samt
160 814 81 25 votum,
264 813 25 21 sä
310 813 41 21 blir
373 813 36 21 det
427 819 36 21 nu,
479 813 92 21 likasom
587 813 61 21 alltid
663 812 32 22 för
711 814 32 20 ett
758 814 71 26 öppet,
844 812 64 27 ärligt

80 842 41 21 och
144 841 112 27 oförväget
277 842 112 21 uttalande
411 841 46 22 frän
479 842 42 21 den
540 841 71 22 finska
626 842 211 26 representationens
853 841 53 21 sida.

80 870 58 26 (Bra,
154 870 93 27 bravo').

149 899 56 21 Herr
219 898 102 22 Taube:
351 899 37 21 Uti
403 898 115 28 ögonblick
534 899 23 21 af
570 899 25 21 sä
605 898 181 28 genomgripande
796 898 112 28 betydelse

80 928 7 20 i
103 929 33 20 ett
150 927 57 22 folks
222 928 90 26 tillvaro,
321 934 47 15 som
383 928 38 21 det
435 928 133 21 närvarande
584 928 138 26 ögonblicket
730 930 24 19 är
763 927 33 22 för
805 926 102 22 Finlands

80 956 51 27 folk,
154 956 104 27 glömmer
280 956 41 22 lätt
344 956 41 22 den
404 956 96 27 ringaste
515 956 108 22 individen
639 956 32 22 sin
687 956 153 28 obetydlighet,
853 956 55 21 läter

80 984 56 22 fatta
151 985 33 26 sig
200 985 22 21 af
235 985 102 22 hvirfveln
353 984 22 22 af
390 984 26 22 de
431 985 109 21 verkande
555 984 116 27 krafterna,
691 984 40 22 och
752 986 45 20 tror
816 984 33 27 sig
863 990 45 15 ma-

80 1013 49 27 nad,
146 1013 63 22 äfven
223 1013 49 27 han,
289 1015 32 20 att
335 1013 64 27 lägga
414 1015 32 20 ett
461 1013 39 22 ord
516 1013 49 22 med
580 1013 7 21 i
601 1013 124 26 vägskälen,
746 1013 37 22 der
803 1013 37 21 det
855 1013 53 21 kan-

80 1042 39 21 ske
135 1042 111 27 ingenting
261 1044 70 25 väger.
361 1043 67 20 Detta
443 1042 83 27 hoppas
540 1043 37 26 jag
593 1042 76 21 länder
689 1042 33 21 till
737 1041 76 22 ursäkt
827 1041 33 22 för
876 1043 33 20 att

80 1070 64 22 äfven
156 1071 38 27 jag
209 1071 76 26 begärt
300 1071 21 21 fä
335 1072 58 26 yttra
407 1071 44 26 mig
466 1071 33 21 uti
512 1071 41 22 den
573 1071 129 26 diskussion,
723 1077 46 15 som
788 1077 29 14 nu
831 1069 77 28 försig-

80 1099 40 27 gär
134 1099 59 22 inom
207 1099 159 27 Ridderskapet
381 1099 41 22 och
437 1099 76 22 Adeln.
538 1099 42 22 Vid
590 1099 131 27 landtdagen
731 1099 24 21 är
767 1099 141 21 1863—1864

80 1134 52 15 voro
148 1128 116 21 ständerna
279 1128 7 21 i
301 1127 82 23 tillfälle
399 1129 32 20 att
445 1128 71 21 uttala
531 1128 33 27 sig
579 1134 35 15 om
629 1128 48 21 vårt
691 1127 82 22 härtills
789 1127 120 22 bestående

81 1156 143 27 härväsende,
241 1163 34 15 om
291 1157 41 21 den
346 1157 81 21 indelta
442 1157 117 26 militären;
575 1157 88 26 månget
672 1158 69 20 varmt
751 1156 38 21 ord
799 1155 109 22 uttalades

81 1185 28 22 då
125 1185 33 22 för
173 1185 160 22 bibehållandet
349 1185 23 22 af
385 1186 41 21 den
441 1185 83 22 indelta
538 1185 113 27 militären,
668 1185 41 22 och
725 1185 63 22 dessa
803 1185 39 21 ord
857 1190 51 16 voro

81 1213 157 28 otvifvelaktigt
253 1213 144 23 förestafvade
413 1213 22 22 af
449 1214 27 21 de
492 1220 36 15 oss
544 1216 58 19 ännu
619 1216 52 19 nära
690 1213 99 28 liggande
808 1213 101 21 minnena

80 1242 46 21 från
152 1245 54 19 1808
229 1243 35 21 års
287 1243 53 26 krig,
357 1243 41 21 och
413 1243 57 21 hvad
486 1243 41 21 den
542 1243 83 21 indelta
643 1243 112 26 militären,
771 1242 36 21 vid
821 1241 88 22 hvilken

80 1271 52 21 våra
147 1271 61 22 fäder
223 1271 92 27 tjenade,
332 1271 28 21 då
375 1271 91 22 utförde.
498 1271 134 26 Sedermera,
644 1271 67 27 några
722 1271 23 21 år
757 1270 99 25 derefter,
865 1270 45 22 blef

81 1299 41 22 den
138 1299 82 22 indelta
235 1300 106 22 militären
357 1300 96 27 upplöst;
474 1299 87 22 tiderna
575 1299 64 22 hafva
653 1299 128 26 förändrats,
801 1299 108 26 åsigterna

80 1328 50 21 med
146 1328 54 26 dem,
217 1329 40 21 och
273 1329 27 22 de
315 1329 100 27 grunder,
431 1335 46 15 som
492 1335 52 15 voro
560 1329 64 26 lagda
642 1328 33 21 för
689 1329 59 20 detta
766 1327 142 26 härväsende,

80 1356 63 22 hafva
158 1356 109 22 befunnits
283 1357 48 21 icke
346 1357 158 21 tillfredsställa
518 1363 89 15 numera
621 1356 147 28 fordringarne
783 1356 29 27 på
827 1362 27 15 en
869 1355 39 21 mi-

79 1385 57 26 litär,
153 1386 41 21 och
209 1386 36 21 vid
261 1386 68 21 denna
343 1386 104 26 landtdag
461 1385 65 22 hafva
541 1385 117 21 ständerna
672 1385 42 22 fått
736 1386 109 25 emottaga
859 1390 50 21 pro-

80 1414 122 26 positionen
219 1420 34 16 om
269 1414 144 27 organisation
429 1414 24 22 af
466 1416 33 19 ett
514 1416 48 26 nytt
576 1414 174 21 militärväsende
765 1413 32 22 för
812 1413 96 26 Finland,

80 1442 68 27 bygdt
163 1443 29 27 på
207 1443 96 27 grunden
317 1442 24 22 af
354 1443 77 21 allmän
447 1443 126 27 värnepligt.
604 1442 35 21 Då
655 1442 40 22 den
713 1442 78 27 nådiga
809 1441 99 27 proposi-

80 1470 74 22 tionen
169 1471 112 27 föredrogs
297 1471 55 21 inför
368 1472 37 21 det
419 1471 116 27 höglofliga
557 1470 93 28 ståndet,
666 1470 100 23 helsades
783 1470 41 22 den
839 1471 70 21 varmt

80 1498 23 22 af
116 1499 52 23 flere
191 1499 220 23 ståndsmedlemmar.
441 1500 41 28 Jag
505 1500 68 22 sluter
590 1499 44 28 mig
656 1499 32 23 till
711 1500 48 22 dem
781 1499 40 22 och
836 1498 73 23 helsar
