1109 1678
247 97 55 20 1406
531 101 40 16 Den
590 98 24 19 14
629 100 107 17 December.

219 161 69 22 första
303 162 112 27 meningen
431 165 24 19 är
471 162 38 23 det
525 162 79 21 tillåtet
619 162 162 22 vederbörande
796 161 57 22 befäl
869 163 33 20 att
912 162 76 27 bevilja
998 169 47 20 per-

217 190 116 28 mittering.
363 191 85 22 Befälet
462 191 40 22 har
518 191 87 22 således
621 191 116 27 tillräcklig
758 191 80 22 latitud
860 193 34 20 att
915 192 53 26 göra
990 191 56 22 hvad

218 219 41 22 den
275 219 33 22 för
322 220 53 27 godt
389 219 73 23 finner.
493 221 50 21 Man
558 221 41 20 bör
614 220 68 22 också
697 219 117 22 förutsätta
829 221 34 20 att
876 219 38 22 det
929 222 24 19 är
968 221 33 20 ett
1011 221 34 20 så-

218 249 53 20 dant
285 248 64 27 befäl,
365 255 46 15 som
427 249 42 22 kan
484 249 67 22 tänka
566 249 34 27 sig
615 249 22 21 in
651 249 8 21 i
673 249 164 22 förhållandena
853 249 39 21 och
908 250 37 20 vet
955 250 39 19 när
1004 249 41 21 och

217 277 57 21 buru
289 277 38 22 det
341 277 55 22 skall
411 278 127 27 permittera
554 284 26 15 en
596 277 150 28 värnepligtig.
776 278 10 21 I
802 277 42 22 den
855 277 67 22 andra
932 277 113 27 meningen

217 305 71 22 skulle
300 306 39 27 jag
354 306 54 22 visst
423 307 48 21 icke
486 307 50 27 vilja
552 307 77 28 utbyta
644 306 63 22 ordet
722 306 60 26 ,mä*
803 307 59 21 emot
878 306 72 27 ,bör*.
982 306 61 26 ,Mä*

217 336 24 19 är
256 333 129 28 facultativt,
402 335 37 21 det
453 336 43 20 kan
512 337 63 25 göras
592 335 41 21 och
647 335 49 21 icke
712 336 70 26 göras,
799 340 49 16 men
872 335 63 26 ,bör*
960 337 24 18 är
1006 335 38 21 be-

217 363 87 21 stämdt.
335 363 90 22 Derföre
440 364 49 22 ville
503 364 37 27 jag
556 363 130 23 öfverlemna
702 364 23 21 ät
739 363 80 22 befälet
834 370 82 15 samma
923 363 78 21 latitud
1012 365 32 19 att

217 392 38 21 der
270 391 73 27 afgöra
359 392 55 21 huru
429 392 81 22 befälet
524 392 47 27 vill;
588 392 40 21 och
643 393 28 26 pä
687 392 26 21 de
728 392 94 27 grunder
840 392 50 21 herr
913 392 130 21 Oker-Blom

217 419 77 27 anfört,
310 420 85 22 förenar
408 421 38 27 jag
461 421 43 27 mig
520 421 49 22 med
584 421 79 22 honom
678 427 35 15 om
728 422 33 20 att
776 421 45 21 låta
836 420 46 28 $:en
896 419 98 23 förblifva
1008 421 34 21 sä-

217 449 42 21 dan
275 449 41 21 den
332 451 29 24 är,
379 449 54 22 dock
449 450 29 27 pä
493 449 37 22 det
545 449 69 22 vilkor
629 451 33 20 att
679 449 60 27 ,mä*
756 449 47 22 icke
819 450 87 27 utbytes
914 451 46 20 mot
970 449 71 26 ,bör*.

215 477 42 26 Jag
273 479 46 20 tror
333 479 34 20 att
381 485 48 14 man
446 479 39 21 bör
499 485 52 16 vara
566 485 86 15 varsam
667 480 34 20 att
715 479 7 20 i
739 480 31 20 ett
785 479 83 26 lagrum
885 477 104 23 innefatta
1005 478 36 21 de-

216 506 64 27 taljer
296 506 40 22 och
351 507 125 27 isynnerhet
489 507 6 22 i
510 507 83 22 sädana
607 508 83 27 lagrum
706 513 47 16 som
769 507 69 27 detta;
855 507 38 22 der
907 507 39 22 bör
957 507 27 21 dä
993 507 47 26 den,

215 541 46 15 som
277 535 55 22 skall
348 536 92 27 besluta,
456 535 64 23 hafva
536 537 25 20 sä
577 538 46 20 stor
638 536 79 22 latitud
733 542 45 15 som
798 536 89 27 möjligt.
917 536 42 27 Jag
973 535 67 22 föror-

216 564 39 21 dar
270 564 85 22 således
371 566 33 20 att
419 565 46 27 8:en
481 565 35 21 mä
530 565 21 22 få
566 565 109 22 bibehålla
691 565 41 21 den
747 565 82 27 lydelse
846 565 40 21 den
901 565 45 21 har.

284 593 56 22 Herr
361 599 42 16 von
425 593 148 22 Ammondt:
605 594 50 21 Med
678 593 115 28 anledning
816 593 23 22 af
859 593 49 22 herr
923 593 117 22 Mechelins

214 621 101 27 yttrande
330 621 39 22 ber
381 622 38 27 jag
433 622 22 22 fä
470 625 83 24 nämna,
571 624 32 20 att
615 623 38 27 jag
668 623 117 27 ingalunda
799 622 101 22 förbisett
916 624 32 19 att
959 622 37 21 det
1003 622 37 21 be-

214 656 36 15 ror
265 650 23 21 af
301 650 80 22 befälet
395 653 34 20 att
442 652 127 26 permittera
584 651 52 22 eller
651 652 54 21 icke.
735 651 50 22 Men
796 651 49 22 med
856 651 114 26 anledning
980 651 63 22 deraf

215 680 32 20 att
262 678 51 22 herr
327 679 125 27 Lagerborg
467 680 79 27 yrkade
562 680 29 27 pä
605 682 32 20 att
653 680 81 22 befälet
756 686 49 16 vore
828 680 95 27 skyldigt
945 681 33 19 att
992 685 48 21 per-

213 707 88 22 mittera
323 708 53 22 hvar
398 708 39 22 och
461 715 26 15 en
510 709 143 27 värnepligtig
676 709 69 21 under
767 709 26 21 de
817 708 55 22 sista
886 708 50 22 ären
953 708 22 21 af
989 708 50 22 dess

214 736 67 26 tjenst
303 736 29 27 pä
353 736 74 28 längre
450 738 37 26 tid,
511 744 37 15 var
571 737 38 22 det
626 738 38 27 jag
680 737 97 22 önskade
792 739 33 20 att
840 737 200 27 permissionstiden

213 764 69 22 under
305 765 26 22 de
353 764 69 24 första
444 766 51 22 åren
518 766 70 22 skulle
605 766 135 26 förminskas,
754 766 47 27 just
816 766 90 22 emedan
922 766 26 21 de
964 768 75 20 värne-

214 793 91 27 pligtige
320 794 70 22 skulle
405 794 58 22 ändä
477 795 71 21 mästa
562 794 23 22 fä
599 795 115 27 tillräcklig
729 795 32 21 tid
776 796 33 20 att
831 794 84 22 utbilda
930 794 33 27 sig
978 794 7 21 i
1001 794 38 22 mi-

213 822 118 28 litäryrket.
361 823 43 27 Jag
426 824 104 22 vidhäller
553 824 86 22 säledes
661 824 50 21 mitt
725 824 96 27 yrkande
837 825 33 20 att
884 823 155 27 permissionen

213 850 69 22 under
297 851 26 22 de
339 851 67 22 första
421 852 51 22 ären
487 852 70 22 skulle
572 852 128 22 inskränkas
717 852 32 22 till
764 852 65 27 högst
844 852 36 22 tvä
895 852 107 26 mänader,
1014 852 25 21 sä

214 879 85 27 mycket
313 886 46 16 mer
373 886 46 16 som
431 881 39 27 jag
485 883 24 19 är
522 880 126 28 öfvertygad
664 887 34 15 om
719 882 33 20 att
774 881 37 21 tvä
832 880 102 22 mänader
949 880 33 22 för
997 881 41 21 den

212 908 160 27 permitterade,
389 909 27 21 dä
432 910 42 21 han
489 910 25 21 sä
528 910 51 22 kort
594 910 31 21 tid
641 910 55 21 varit
711 909 141 22 fränvarande
869 909 46 22 frän
931 909 32 22 sin
979 909 59 22 hem-

212 938 41 25 ort,
269 938 34 20 att
317 937 42 22 han
374 938 48 21 icke
437 938 76 22 hunnit
528 938 64 28 skilja
607 938 33 27 sig
655 938 46 22 frän
716 938 163 22 förhällandena
894 938 38 21 der
946 938 91 26 hemma,

212 972 51 15 vore
278 965 131 28 fullkomligt
423 967 129 27 tillräckliga
568 969 33 19 att
616 967 47 22 åter
677 967 106 22 införlifva
806 967 34 27 sig
854 967 7 21 i
877 966 161 22 förhållandena

211 994 6 21 i
233 994 118 22 hemorten.
381 995 63 22 Hvad
459 996 49 21 herr
523 996 136 27 Lagerborgs
675 996 95 27 yrkande
793 1002 34 15 om
850 996 75 27 utbyte
940 995 23 22 af
976 996 63 21 ordet

213 1023 59 25 må"
290 1025 45 19 mot
351 1023 64 26 ,bör*
433 1024 138 26 vidkommer,
588 1025 25 21 sä
627 1025 44 21 kan
683 1025 38 26 jag
736 1024 47 22 icke
799 1024 86 21 biträda
896 1023 42 27 det,
948 1024 24 21 sä
980 1030 57 21 myc-

210 1051 39 22 ket
263 1057 46 16 mer
324 1057 46 16 som
387 1052 37 22 det
439 1053 69 22 skulle
523 1053 7 21 i
546 1055 33 20 ett
593 1053 78 27 vigtigt
685 1053 38 22 fall
745 1053 73 21 kunna
833 1052 65 22 blifva
913 1053 124 26 oegentligt,

212 1081 15 20 t.
246 1086 32 15 ex.
294 1080 6 21 i
316 1080 37 22 fall
369 1080 22 22 af
404 1081 54 28 krig.
487 1081 140 22 Beträffande
641 1082 76 27 utbyte
734 1081 23 22 af
770 1081 62 22 ordet
846 1098 5 9 ,
854 1081 47 21 må"
910 1083 46 20 mot
965 1097 8 10 ,
978 1081 59 26 bör",

212 1109 25 20 så
252 1108 69 23 borde
337 1109 80 22 enhvar
431 1110 62 22 äfven
508 1111 7 20 i
530 1110 103 22 händelse
649 1110 22 21 af
684 1110 48 27 krig
751 1109 63 23 bafva
836 1109 104 28 rättighet
963 1111 33 20 att
1017 1109 21 22 få

211 1137 130 26 permission
355 1137 30 28 på
400 1144 26 16 en
441 1139 74 26 längre
530 1139 38 26 tid,
585 1139 29 21 då
628 1139 39 22 här
684 1139 49 22 icke
751 1140 63 26 göres
830 1139 109 27 undantag
953 1138 33 23 för
1001 1145 37 15 an-

210 1167 38 20 nat
263 1168 27 19 än
305 1166 140 27 lägermöten.
476 1167 31 22 På
530 1167 69 22 denna
621 1168 70 27 grund
709 1167 69 22 skulle
798 1168 38 27 jag
851 1167 84 22 således
951 1167 87 22 förorda

209 1196 34 19 att
265 1194 48 27 S:en
335 1195 33 21 uti
393 1195 37 22 det
452 1202 76 16 senare
543 1198 120 20 momentet
679 1196 70 21 skulle
765 1195 22 22 få
801 1196 108 22 bibehålla
924 1197 32 20 sin
972 1202 65 15 nuva-

209 1223 68 22 rande
293 1223 142 28 ordalydelse.

278 1252 57 21 Herr
349 1259 42 15 von
405 1253 123 22 Alfthan:
559 1253 44 28 Mig
619 1259 62 22 synes
698 1255 33 20 att
747 1254 108 21 utskottet
870 1253 28 27 pä
914 1255 32 20 ett
954 1253 83 26 ganska

209 1279 200 24 tillfredsställande
433 1284 45 19 sätt
499 1282 44 21 löst
563 1281 146 28 föreliggande
732 1281 65 28 fråga,
821 1282 41 21 och
882 1282 36 21 det
941 1283 38 25 gör
994 1282 43 27 mig

209 1308 85 23 derföre
309 1310 53 21 ondt
378 1312 33 19 att
426 1310 59 27 höra,
500 1313 33 19 att
548 1312 78 21 tvenne
642 1311 22 21 af
677 1311 120 22 utskottets
809 1310 79 22 aktade
899 1311 138 21 medlemmar

209 1337 56 26 med,
282 1338 72 22 såsom
370 1339 43 26 mig
429 1345 70 21 synes,
516 1345 42 21 nog
574 1341 46 19 stor
633 1339 81 22 lätthet
727 1339 49 27 gått
790 1339 21 21 in
831 1339 29 27 på
882 1341 32 19 att
936 1339 101 21 förändra

209 1365 150 28 ordalydelsen
375 1366 23 22 af
411 1366 47 28 $:en
473 1368 6 21 i
495 1368 79 21 sådant
589 1367 62 28 syfte,
671 1370 34 19 att
728 1374 77 20 genom
828 1374 27 15 en
877 1367 124 27 förändring
1016 1366 22 22 af

209 1394 61 26 »må"
288 1395 33 21 till
338 1396 63 25 ,bör*
420 1396 53 22 eller
487 1396 29 27 pä
530 1398 65 20 annat
611 1398 45 20 sätt
671 1396 78 28 tydligt
764 1396 55 28 gifva
835 1396 111 25 tillkänna,
962 1398 33 19 att
1010 1402 26 15 en

207 1422 160 23 vidsträcktare
382 1425 175 26 permissionstid
572 1425 69 21 under
657 1425 36 21 det
709 1425 55 21 sista
779 1425 52 22 eller
854 1424 70 28 tredje
946 1424 90 27 tjenste-

207 1451 54 27 äret,
278 1452 87 22 hvarom
381 1459 28 15 nu
426 1455 24 19 är
465 1453 67 27 fräga,
556 1454 69 21 skulle
647 1453 66 23 blifva
737 1454 145 27 obligatorisk.
913 1452 43 22 Det
971 1455 23 19 är
1010 1460 26 15 en

207 1480 107 28 väsentlig
337 1481 93 22 skillnad
453 1482 32 21 uti
509 1483 37 21 det
568 1488 41 16 ena
632 1482 40 22 och
695 1482 39 22 det
749 1483 66 21 andra
831 1483 68 21 sättet
914 1483 32 20 att
960 1482 28 26 gå
1003 1482 33 21 till

207 1510 56 26 väga
278 1510 35 21 vid
329 1510 180 28 bestämmandet,
526 1511 106 21 huruvida
647 1518 26 15 en
689 1511 69 22 sädan
773 1511 156 27 permittering,
946 1511 48 21 med
1005 1510 30 22 af-
