1109 1678
217 90 55 20 1114
513 92 39 17 Den
569 91 12 18 6
597 91 105 18 December.

187 153 22 22 få
225 154 71 22 såsom
312 154 123 28 ytterligare
451 154 48 22 skäl
514 154 7 21 i
536 155 67 22 saken
621 155 94 27 åberopa
731 166 27 3 —
774 153 39 23 och
830 154 37 21 det
883 155 23 20 är
921 153 48 23 icke
980 153 33 23 för

187 183 69 22 första
271 183 82 28 gången
370 183 77 22 sådant
462 183 50 22 sker
527 183 7 22 i
550 184 49 27 dag,
616 196 27 3 —
660 185 11 20 6
688 183 11 28 $
713 184 7 21 i
736 183 138 28 kyrkolagen,
891 189 47 15 som
953 183 59 22 inne-

187 212 75 27 håller,
286 214 33 19 att
340 212 45 21 ifall
407 219 26 14 en
456 213 92 21 medlem
572 213 23 21 af
612 212 249 27 evangelisk-lutherska
879 211 82 28 kyrkan
976 212 36 21 vill

187 241 64 27 skilja
274 241 33 26 sig
329 241 40 22 och
392 241 86 27 öfvergå
500 241 33 22 till
551 248 70 15 annan
641 241 200 28 kyrkoförsamling,
860 241 25 21 så
900 240 54 22 skall
970 241 41 21 han

187 269 94 22 derifrån
299 269 48 22 icke
366 269 21 22 af
404 270 80 27 kyrkan
501 270 94 22 hindras.
626 271 41 26 Jag
683 270 144 22 återkommer
843 272 56 19 ännu
915 276 26 15 en
956 270 56 27 gång

186 299 33 21 till
243 299 41 21 den
307 298 44 22 ofta
370 299 115 22 omordade
501 301 13 19 4
530 299 10 28 $
556 299 6 21 i
578 299 241 27 författningsförslaget
833 299 41 21 N:o
890 301 20 23 2,
925 299 87 21 hvilken

187 327 143 27 uttryckligen
349 327 122 27 innehåller,
489 329 38 25 att,
544 334 35 15 om
595 327 55 22 finsk
666 328 141 26 medborgare
823 327 23 21 af
858 327 83 22 kristen
956 329 55 19 tros-

186 356 132 22 bekännelse
341 356 98 27 öfvergår
460 356 32 21 till
515 356 143 22 icke-kristen
678 356 99 27 troslära,
797 356 24 22 så
836 356 119 22 bibehåller
969 356 43 21 han

187 384 108 22 särskilda
320 385 120 26 borgerliga
467 385 136 26 rättigheter.
649 385 43 21 Det
720 387 25 19 är
771 385 85 21 således
879 385 131 27 uppenbart,

186 414 33 21 att
241 413 40 22 här
302 413 7 21 i
331 413 74 22 landet
423 414 48 26 kan,
487 413 45 22 ifall
548 414 71 21 denna
633 413 103 28 paragraf
749 413 41 22 blir
805 413 107 28 godkänd,
926 413 86 22 komma

186 443 33 20 att
240 441 69 22 finnas
331 442 139 27 medborgare,
494 449 46 15 som
560 445 37 19 äro
616 443 152 26 icke-kristna;
785 443 46 21 icke
848 442 30 26 så,
895 444 32 19 att
940 442 70 27 judar,

186 477 46 15 som
255 471 32 21 hit
309 470 89 29 inflytta,
417 471 68 22 skulle
501 471 67 28 enligt
584 472 60 21 detta
659 472 83 26 lagrum
757 471 22 21 få
793 471 217 27 medborgarerättig-

185 499 69 27 heter,
277 506 49 15 men
345 500 31 25 sä,
393 502 32 19 att
439 500 89 26 kristna,
546 507 46 15 som
608 500 87 27 öfvergä
711 500 32 21 till
759 499 109 22 mosaiska
883 500 59 21 läran
958 500 53 21 eller

185 535 71 15 annan
278 529 141 21 icke-kristen
440 529 52 26 lära,
508 529 22 22 fä
548 529 7 21 i
573 529 107 27 väsentlig
695 529 53 27 grad
764 529 110 21 bibekälla
889 529 47 21 sina
951 529 59 20 med-

185 557 121 27 borgerliga
327 557 135 28 rättigheter.
493 558 40 21 Om
557 558 61 22 detta
637 561 24 18 är
676 560 50 24 rätt,
743 558 40 21 och
796 558 38 27 jag
850 559 45 20 tror
910 557 37 22 det
962 557 48 22 icke

185 586 43 21 kan
248 585 77 29 jäfvas,
349 586 25 21 sä
395 587 70 21 mäste
485 587 37 22 det
540 586 69 22 finnas
626 587 141 27 stadganden,
784 593 46 15 som
846 587 84 26 reglera
946 587 64 21 dessa

185 621 114 21 personers
315 615 153 26 förhällanden,
484 615 73 22 hvilka
572 616 94 27 lagligen
682 615 107 28 öfvergätt
805 615 47 22 frän
867 615 82 22 kristen
964 615 46 22 lära

185 643 32 22 till
239 643 148 22 icke-kristen.
417 644 32 22 De
469 644 80 27 herrar,
566 651 47 16 som
628 645 62 27 yrkat
705 645 29 27 pä
750 645 60 21 detta
824 643 128 28 lagförslags
968 644 42 22 för-

184 672 113 26 kastande,
314 678 52 16 anse
381 674 33 20 att
428 673 47 21 icke
491 673 67 27 nägra
573 673 140 27 stadganden,
730 679 47 15 som
793 673 84 27 reglera
888 673 64 21 dessa
962 679 48 21 per-

185 707 75 15 soners
283 700 152 28 förhällanden,
458 702 95 22 hvarken
574 702 63 22 deras
653 702 102 27 religiösa
771 702 52 21 eller
839 702 62 21 deras
917 702 92 21 samhäl-

184 730 43 26 liga
250 730 153 26 förhällanden,
427 731 49 21 med
497 730 82 28 hänsyn
603 731 32 21 till
655 731 120 27 äktenskap
795 737 26 15 m.
842 737 34 20 m.,
901 730 108 27 behöfvas;

184 759 68 21 andra
267 758 96 28 äterigen
379 765 58 20 anse,
452 761 33 20 att
498 760 79 21 sädant
592 759 103 22 behöfves
712 760 76 21 endast
803 759 33 22 för
848 760 98 26 judarne,
962 760 47 21 icke

183 787 34 22 för
239 787 68 22 andra
328 788 148 21 icke-kristna.
496 800 28 3 —
542 789 43 26 Jag
604 788 132 22 äterhemtar
755 788 57 22 hvad
827 788 39 28 jag
885 794 50 21 nyss
954 788 55 22 hade

185 818 51 20 äran
255 816 7 22 i
283 816 60 22 detta
361 816 102 22 afsennde
479 819 63 25 yttra,
560 817 40 22 och
616 817 36 22 vill
668 817 103 21 särskildt
786 818 58 20 emot
858 817 49 21 herr
921 816 88 22 Palmén

185 845 108 27 anmärka,
312 847 32 20 att
360 846 42 26 det,
419 846 129 22 ätminstone
564 846 57 22 hvad
636 846 43 27 mig
694 846 109 26 beträffar,
819 846 48 21 icke
882 846 88 21 härmed
986 848 24 19 är

183 874 100 27 afsigten,
306 875 33 21 att
360 874 29 27 pä
410 875 69 27 nägon
502 877 77 25 omväg
597 874 69 22 skaffa
685 875 93 27 judarne
798 874 185 27 medborgarerätt
1002 874 7 22 i

183 903 80 26 landet;
288 902 37 22 det
347 905 24 19 är
389 903 45 21 helt
452 904 73 21 enkelt
540 904 121 26 meningen,
677 905 33 20 att
725 903 108 22 bibehälla
848 903 86 22 infödde
950 904 58 20 med-

183 932 99 26 borgare,
307 937 46 16 som
375 931 87 28 öfvergä
485 932 31 21 till
533 932 152 28 judendomen,
710 932 53 21 eller
783 938 70 16 annan
868 932 141 22 icke-kristen

183 960 97 27 religion,
301 960 35 22 vid
351 960 129 22 ätminstone
495 968 27 14 en
538 961 34 21 del
588 960 23 22 af
625 961 62 21 deras
703 960 193 28 medborgarerätt,
912 961 48 21 icke
976 962 33 20 att

183 988 70 22 skaffa
275 989 67 21 sädan
364 991 44 20 rätt
431 990 23 20 ät
470 990 65 27 judar
550 990 53 21 eller
618 990 73 21 andra.
722 990 75 21 Ehuru
813 990 43 25 det,
872 990 72 21 säsom
959 990 50 21 herr

183 1017 149 28 Montgomery
348 1018 105 26 anmärkt,
469 1018 122 27 principielt
606 1025 50 15 vore
672 1018 130 27 fullkomligt
816 1018 76 27 riktigt
907 1020 33 19 att
952 1018 57 27 gifva

179 1046 66 27 judar
261 1047 186 26 medborgarerätt
461 1047 45 25 här,
522 1047 44 21 lika
581 1053 47 16 som
643 1047 7 21 i
666 1047 78 26 mänga
759 1047 67 21 andra
841 1047 81 26 länder,
934 1047 24 21 sä
968 1047 40 21 har

179 1075 39 26 jag
240 1074 33 22 för
293 1075 41 21 min
352 1075 35 21 del
402 1075 47 22 icke
464 1076 55 21 varit
534 1077 70 26 nägon
621 1076 108 27 synnerlig
744 1078 41 19 vän
801 1075 23 22 af
838 1075 70 22 denna
923 1075 84 27 reform,

181 1103 48 22 icke
253 1110 26 15 ur
299 1104 86 27 religiös
402 1104 114 27 synpunkt,
532 1107 53 19 utan
600 1105 25 21 sä
640 1107 33 19 att
688 1107 53 24 säga
757 1111 26 14 ur
797 1104 147 22 nationalitets
960 1111 48 21 syn-

181 1132 76 27 punkt,
277 1132 49 21 icke
345 1132 23 21 af
384 1132 101 27 afvoghet
499 1135 57 20 emot
571 1133 42 22 den
627 1133 87 28 judiska
729 1133 124 27 religionen,
870 1135 52 19 utan
938 1133 70 22 derför

181 1162 33 20 att
229 1161 43 21 den
284 1161 88 27 judiska
387 1162 100 21 nationen
502 1163 167 25 mängenstädes
685 1163 57 20 visat
757 1163 33 26 sig
805 1162 82 21 mindre
902 1164 105 25 emottag-

179 1189 31 27 lig
225 1189 34 22 för
275 1189 127 22 civilisation
417 1190 7 21 i
439 1191 85 22 modern
540 1191 95 27 mening;
651 1197 49 16 men
715 1197 36 15 om
765 1197 25 15 en
801 1190 56 22 finsk
868 1191 140 26 medborgare

180 1217 101 28 öfvergär
296 1218 32 21 till
344 1219 41 20 den
399 1219 87 27 judiska
501 1220 124 27 religionen,
642 1220 41 21 blir
698 1220 42 21 han
757 1219 56 22 dock
821 1219 47 22 icke
874 1219 58 28 jude.
952 1219 56 22 Herr

179 1247 150 27 Montgomery
344 1248 77 21 trodde
437 1248 48 27 mig,
502 1248 28 21 dä
542 1249 39 27 jag
595 1248 57 22 fäste
666 1249 94 21 särskild
771 1248 45 27 vigt
827 1248 34 21 vid
872 1247 68 28 öfriga
950 1248 58 22 icke-

178 1275 84 22 kristne
285 1276 176 27 trosbekännare,
485 1277 70 26 åsyfta
577 1277 218 22 mohammedanerna
813 1277 49 22 med
882 1277 51 22 flere
953 1283 17 16 s.
986 1277 21 21 k.

178 1303 126 28 hedningar,
321 1305 65 21 bland
400 1305 71 22 hvilka
487 1305 126 28 mänggiftet
629 1306 97 27 vanligen
742 1305 95 22 florerar.
854 1317 27 3 —
896 1305 41 28 Jag
952 1306 55 27 äsyf-

177 1333 52 21 tade
250 1333 122 27 egentligen
391 1333 49 23 icke
455 1335 69 26 nägon
540 1335 93 21 särskild
649 1335 91 21 hednisk
755 1335 97 26 religion,
869 1340 48 15 men
933 1335 74 21 tänkte

179 1361 54 21 allra
248 1362 67 20 minst
329 1362 28 26 pä
373 1362 54 21 dem.
457 1363 42 27 Jag
514 1363 75 21 tänkte
605 1363 43 27 mig
663 1363 140 27 möjligheten
819 1364 39 24 att,
874 1363 67 21 sedan
956 1362 51 28 48i

179 1390 37 21 det
235 1390 68 21 andra
318 1390 243 28 författningsförslaget
575 1391 70 22 blifvit
660 1392 41 27 lag,
718 1398 27 15 en
759 1391 58 22 finsk
831 1392 140 26 medborgare
986 1390 22 22 af

179 1419 248 27 evangelisk-lutherska
440 1420 82 27 kyrkan
538 1420 72 22 kunde
627 1420 87 28 öfvergä
729 1420 32 22 till
777 1422 32 20 ett
822 1420 118 22 fritänkare
952 1426 54 15 sam-

177 1446 60 27 fund,
261 1454 48 15 som
331 1448 56 21 hvad
406 1449 27 21 de
452 1449 82 27 sedliga
553 1449 131 22 maximerna
700 1448 102 23 beträffar
818 1449 78 22 ställde
911 1449 33 27 sig
958 1448 48 22 full-

178 1476 91 27 komligt
292 1476 29 27 pä
343 1476 26 22 de
389 1477 112 27 principer,
522 1485 45 15 som
583 1480 53 25 göra
651 1478 33 27 sig
699 1478 100 27 gällande
815 1478 58 22 inom
889 1478 47 21 värt
951 1484 55 15 sam-

178 1504 64 28 hälle,
266 1512 49 15 men
338 1511 47 16 som
407 1505 23 22 af
447 1513 26 15 en
493 1507 52 22 eller
565 1514 70 15 annan
654 1507 115 27 anledning
785 1507 91 27 ,tänker
890 1506 59 22 fritt*
966 1507 40 21 och
