1109 1678
394 98 39 17 Den
451 96 11 19 6
479 97 106 18 December.
731 111 2 2 ;
829 96 54 19 1063

86 160 50 26 kan,
159 161 53 20 utan
233 161 8 21 i
256 159 117 23 allmänhet
387 160 8 21 i
409 160 128 27 uppfostran
552 159 42 22 och
609 159 37 22 det
662 159 67 28 derpä
743 160 109 21 beroende
867 165 46 16 mer

88 188 52 21 eller
162 189 82 22 mindre
266 189 179 26 kosmopolitiska
461 189 53 22 eller
527 188 65 28 ytligt
607 188 113 27 skeptiska
735 189 177 26 äskädningssät-

86 219 38 19 tet.
154 217 45 28 Mig
221 223 64 23 synes
309 217 84 22 derföre
413 219 94 20 tvärtom
522 219 33 20 att
568 217 199 27 indifferentismen,
783 223 34 16 om
832 217 80 27 nägon-

87 246 52 27 ting,
162 246 143 23 konserverar
327 246 138 22 bekännarne
487 247 58 20 inom
567 246 88 27 kyrkan.
685 246 44 22 Det
751 248 24 19 är
797 246 35 22 väl
847 245 66 22 ocksä

88 274 84 23 derföre
194 282 47 15 som
255 281 50 15 man
320 276 15 20 t.
352 281 31 15 ex.
399 275 23 22 af
435 275 164 27 grekisk-ryska
613 275 93 27 kyrkans
722 281 59 15 mera
795 275 117 21 vällottade

87 303 40 22 och
149 304 88 22 bildade
259 304 123 21 bekännare
403 306 45 19 sett
463 304 25 21 sä
503 303 22 22 få
541 303 142 28 öfvergängar
697 303 34 22 till
746 310 70 15 annan
830 303 81 22 bekän-

86 333 67 21 nelse.
183 333 32 27 Ty
231 333 62 21 äfven
309 338 34 15 om
359 333 41 21 den
415 333 212 27 grekiskt-ortodoxe
641 333 183 21 trosbekännaren
836 333 77 21 endast

86 360 90 23 förenad
198 362 50 21 med
270 361 41 21 och
333 361 56 21 inom
413 361 139 27 statskyrkan
570 360 7 22 i
593 361 108 27 Ryssland
715 361 40 21 har
769 361 102 27 burskap,
887 360 25 22 sä

86 390 56 21 hade
158 390 85 21 ändock
259 389 167 28 öfvergängarne
445 390 70 21 blifvit
529 390 59 25 flere,
605 390 37 21 det
658 390 99 26 oaktadt;
773 390 68 21 hellre
856 390 56 21 hade

87 425 49 15 man
150 418 34 22 för
198 419 128 26 religionens
343 419 57 21 skull
414 420 56 26 rymt
484 418 50 21 land
550 418 41 22 och
606 418 47 22 rike
668 421 26 18 än
711 420 86 19 stannat
812 425 52 21 gvar
873 425 39 14 un-

88 447 38 22 der
148 447 145 28 statskyrkan,
310 447 39 22 och
369 447 82 22 sådana
466 447 97 27 exempel
577 447 64 22 hafva
655 447 21 22 vi
690 447 47 22 från
752 447 77 27 många
845 447 68 22 andra

88 477 55 21 tider
168 476 40 21 och
231 477 81 26 länder,
335 483 49 14 men
406 476 89 22 alldeles
518 476 51 27 inga
590 475 47 22 frän
653 476 27 21 de
695 476 67 27 högre
777 475 134 22 klasserna
898 471 16 37 i

87 505 113 28 Ryssland,
223 505 65 22 bland
310 505 71 22 hvilka
401 505 47 27 just
471 505 70 22 denna
559 504 162 22 indifferentism
737 507 25 19 är
777 505 135 28 synnerligen

87 534 99 22 utbredd.

155 563 99 21 Friherre
276 563 101 25 Wrede,
400 563 95 26 August:
519 563 10 20 I
544 562 115 27 anledning
674 562 23 21 af
710 562 66 27 nägra
791 561 122 28 yttranden,

87 598 46 15 som
147 591 51 22 herr
212 591 54 22 Rein
281 591 65 22 fällde
361 591 40 22 och
418 591 71 22 hvilka
501 591 39 27 jag
554 593 47 20 tror
615 591 44 27 mig
675 597 23 16 se
713 591 84 22 riktade
813 592 58 21 emot
886 590 26 21 de

86 621 82 26 äsigter
187 620 38 27 jag
246 620 80 21 uttalat
347 620 8 21 i
374 620 44 21 min
432 621 140 25 reservation,
588 620 39 21 ber
639 620 38 27 jag
692 621 32 20 att
738 619 22 22 fä
773 621 59 26 yttra
846 620 67 26 nägra

86 649 45 22 ord.
161 649 42 22 För
223 655 27 15 en
264 649 66 26 riktig
344 649 138 27 uppfattning
497 648 23 22 af
534 649 69 21 denna
617 648 62 27 fräga
694 650 45 20 tror
751 649 38 26 jag
803 655 49 15 man
867 648 45 21 mä-

86 679 34 20 ste
136 679 52 25 göra
203 678 32 26 sig
250 678 47 21 klar
313 677 110 21 skilnaden
439 677 91 21 emellan
546 683 27 15 en
589 677 98 21 säkallad
702 677 122 27 statskyrka
834 676 40 22 och
886 682 26 16 en

86 706 26 22 fri
127 706 74 28 kyrka.
231 706 76 22 Denna
323 706 90 26 skilnad,
427 706 72 22 sävidt
512 706 36 27 jag
563 706 43 21 kan
621 706 55 21 fatta
691 706 48 26 den,
755 706 69 21 skulle
839 706 73 20 kunna

86 736 7 20 i
115 735 22 21 fä
160 736 38 21 ord
221 734 116 28 ätergifvas
360 735 92 21 sälunda
467 737 32 19 att
515 734 139 28 statskyrkan
668 734 148 28 proklamerar
831 740 27 15 en
873 734 37 21 be-

85 764 110 26 kännelse,
220 770 46 15 som
289 764 42 21 alla
351 764 49 21 dess
416 763 139 22 medlemmar
571 764 54 21 böra
641 762 95 22 omfatta.
767 762 145 28 Statskyrkan

85 792 69 22 förser
168 792 177 28 församlingarne
361 793 49 21 med
425 794 32 20 ett
472 792 50 22 med
538 792 161 22 examensbevis
715 798 34 15 om
765 792 32 21 sin
808 791 103 27 renlärig-

85 821 38 22 het
138 821 121 22 vitsordadt
274 822 34 21 väl
323 821 101 27 aflönadt,
440 821 94 27 pälitligt
548 821 141 27 presterskap
699 821 39 21 och
747 821 76 21 lärare.
840 820 72 22 Stats-

84 850 82 28 kyrkan
189 856 82 22 gynnar
293 850 110 22 dessutom
426 850 47 22 sina
495 850 140 21 medlemmar
655 850 50 21 med
720 850 57 21 vissa
791 849 122 27 borgerliga

84 879 135 27 rättigheter.
251 879 117 27 Frikyrkan
391 879 98 21 deremot
510 880 89 25 utgöres
616 878 23 22 af
651 884 110 21 personer,
777 884 46 16 som
829 873 13 37 i
859 877 53 27 följd

87 908 22 21 af
130 908 65 21 enhet
217 908 40 21 och
279 908 70 21 likhet
366 908 7 21 i
388 907 191 27 trosöfvertygelse
595 907 57 22 sluta
667 907 32 27 sig
715 907 140 21 tillsammans
872 904 40 24 och

86 936 59 22 bilda
161 942 26 16 en
201 936 125 27 församling
341 936 54 22 efter
410 936 33 22 sin
458 936 139 27 uppfattning
612 942 34 16 om
662 936 59 22 Guds
738 936 49 21 ords
802 934 109 23 föreskrif-

86 967 34 19 ter
142 965 80 22 derom.
252 965 42 21 Vill
318 971 48 15 man
386 972 35 20 nu,
445 966 72 20 såsom
539 965 51 21 herr
604 965 56 21 Rein
675 970 62 22 synes
753 964 56 28 vilja,
825 964 29 21 dä
869 964 43 21 han

87 994 106 27 åberopar
215 996 11 19 3
250 994 17 27 8,
283 994 99 26 fräntaga
397 994 65 21 dessa
476 994 126 27 frikyrkliga
617 993 148 27 församlingar
779 993 133 26 rättigheten

86 1024 33 19 att
134 1023 56 27 välja
204 1025 61 24 prest
280 1023 40 21 och
335 1023 76 25 lärare,
429 1023 27 21 dä
471 1025 24 18 är
511 1022 66 22 ocksä
592 1022 49 21 hela
657 1021 130 28 grundvalen
802 1021 34 22 för
846 1021 65 22 dessa

86 1051 149 27 församlingar
257 1051 102 28 upphäfd.
388 1051 57 22 Herr
467 1051 55 22 Rein
543 1051 86 28 yttrade
645 1052 32 20 att
691 1057 49 15 man
755 1050 48 22 icke
817 1050 39 21 bör
871 1056 39 15 un-

87 1080 112 21 derskatta
222 1080 92 21 enheten
335 1080 7 21 i
365 1080 185 21 trosbekännelse.
581 1080 42 26 Jag
637 1079 154 22 underskattar
806 1079 42 21 den
863 1078 47 22 icke

85 1109 74 25 heller,
175 1115 49 15 men
237 1109 50 21 med
302 1109 41 21 den
359 1108 161 27 förutsättning,
538 1110 33 20 att
585 1108 193 21 trosbekännelsen
793 1109 26 20 är
834 1108 33 21 ett
876 1108 35 20 ut-

86 1137 87 22 talande
188 1137 21 22 af
224 1137 196 28 trosöfvertygelse,
437 1137 40 22 och
490 1137 38 27 jag
543 1137 36 22 vill
589 1137 61 27 fråga
657 1137 50 22 herr
715 1137 59 26 Rein,
783 1136 57 22 huru
847 1135 65 22 vinna

87 1166 70 22 denna
179 1166 68 22 likhet
269 1167 8 20 i
299 1168 59 20 trons
383 1166 157 27 öfvertygelse?
555 1178 26 3 —
597 1166 34 21 Dä
645 1166 21 21 vi
681 1165 7 22 i
704 1165 27 22 de
745 1165 80 22 minsta
839 1164 73 28 frägor

86 1195 54 28 hysa
163 1195 25 21 sä
204 1195 57 22 olika
275 1195 87 27 äsigter,
379 1201 46 16 som
441 1195 176 21 diskussionerna
630 1194 36 22 vid
681 1195 70 21 denna
766 1194 103 27 landtdag
883 1193 29 28 pä

87 1225 60 20 detta
161 1230 47 15 rum
223 1224 76 26 utvisa,
315 1224 43 21 kan
372 1230 50 15 man
438 1224 27 21 dä
479 1223 112 22 föreställa
606 1223 38 27 sig,
661 1224 32 21 att
707 1223 61 22 viuti
777 1223 77 27 frägor,
864 1228 47 15 som

86 1253 93 27 anknyta
195 1253 33 26 sig
243 1253 32 21 till
291 1252 26 22 de
333 1253 133 26 allrahögsta
481 1252 86 27 andliga
581 1252 102 27 begrepp,
701 1252 26 21 de
737 1252 78 27 högsta
823 1251 88 26 andliga

85 1281 103 27 problem,
211 1281 32 21 till
265 1281 124 27 begreppen
412 1283 102 25 samvete,
538 1281 43 22 död
596 1281 40 21 och
652 1281 92 26 evighet,
760 1280 69 22 skulle
844 1280 67 21 tänka

84 1309 131 28 fullkomligt
236 1310 59 21 lika?
325 1310 46 27 Nej.
390 1322 29 3 —
433 1310 56 21 Hela
504 1310 138 21 menniskans
658 1311 65 20 natur
737 1311 25 19 är
775 1309 48 21 icke
839 1309 25 21 sä
878 1308 32 21 in-

84 1339 74 21 rättad
178 1340 33 20 att
225 1339 20 21 vi
261 1339 68 21 skulle
344 1339 73 21 kunna
433 1340 52 25 göra
501 1339 43 26 det,
561 1338 40 22 och
617 1338 20 21 vi
653 1339 52 25 göra
721 1337 38 21 det
772 1337 48 22 icke
836 1337 74 21 heller.

84 1367 50 21 Men
158 1369 37 19 äro
217 1367 21 21 vi
259 1367 48 21 icke
329 1367 44 21 lika
387 1367 110 21 tänkande
512 1367 7 21 i
535 1367 64 21 dessa
614 1366 77 27 frågor,
708 1366 28 21 dä
751 1368 23 20 är
789 1366 37 22 det
838 1366 25 27 ju
878 1366 33 21 ett

84 1396 96 27 hyckleri
203 1397 32 20 att
250 1395 57 22 lätsa
321 1402 53 15 vara
389 1396 44 26 det,
450 1397 31 20 ett
496 1395 103 28 hyckleri,
615 1400 47 16 som
677 1395 67 27 enligt
758 1394 43 22 min
817 1394 93 28 öfverty-

84 1424 60 26 gelse
167 1424 116 27 ingalunda
304 1424 76 22 länder
402 1424 96 22 hvarken
528 1424 42 22 den
600 1423 99 22 enskilda
721 1423 52 22 eller
795 1423 115 22 samhället

84 1453 33 21 till
139 1453 103 21 moralisk
258 1452 79 28 styrka.
368 1453 42 21 För
425 1453 43 21 min
484 1453 35 21 del
534 1458 64 16 anser
610 1452 38 28 jag
664 1452 123 22 samhällets
803 1452 35 21 väl
852 1451 59 22 hvila

84 1481 29 27 pä
127 1482 124 27 religionen,
267 1488 48 15 men
328 1481 37 28 jag
379 1483 46 20 tror
440 1482 49 22 icke
504 1483 34 20 att
553 1482 60 21 detta
628 1481 50 21 stöd
693 1481 43 21 kan
750 1481 73 22 vinnas
833 1486 76 22 genom

85 1511 33 20 att
132 1516 78 21 genom
224 1510 35 28 lag
274 1510 72 27 tvinga
360 1510 153 23 menniskorna
528 1511 34 21 att
575 1509 101 23 bekänna
690 1510 56 22 hvad
762 1509 26 23 de
803 1510 49 22 icke
867 1510 41 25 tro,
