1109 1678
399 103 39 17 Den
458 101 23 18 13
497 102 106 17 December.
833 100 55 19 1373

161 166 66 26 »Den,
244 171 47 15 som
306 165 124 27 godkänner
453 167 12 18 2
489 164 10 27 $
523 164 23 22 af
568 165 259 26 Värnepligtsutskottets
843 165 74 21 betän-

90 195 71 21 kande
178 193 136 27 oförändrad,
331 200 74 15 svarar
415 194 34 27 ja;

160 223 74 21 vinner
249 223 41 26 nej,
307 223 96 21 beslutes
419 224 33 19 att
467 222 28 21 då
510 221 91 22 Finland
617 221 79 22 befrias
707 221 48 22 från
768 221 150 28 skyldigheten

92 253 32 20 att
138 252 28 27 på
183 251 68 27 grund
267 251 23 21 af
303 251 196 27 indelningsverket
514 251 110 26 uppställa
641 250 111 27 krigsfolk,
776 249 142 28 vakansafgif-

92 282 36 20 ten
145 281 39 21 bör
199 279 91 28 aflyftas,
307 279 109 22 äfvensom
435 281 33 20 att
488 279 127 27 paragrafen
637 279 34 22 för
689 279 157 28 omredigering
861 279 7 21 i
884 279 33 21 så-

93 309 51 22 dant
160 308 55 28 syfte
231 309 169 21 återremitteras
416 309 33 21 till
464 308 129 21 utskottet".

162 338 45 21 Och
225 343 46 16 som
285 337 162 27 propositionen
462 337 131 21 besvarades
602 337 49 21 med
659 337 157 27 öfvervägande
821 337 30 27 ja,
862 336 56 22 hade

92 366 89 22 ståndet
195 366 97 27 godkänt
307 366 10 26 $
333 367 20 23 2,
370 366 68 21 sådan
454 366 40 21 den
511 365 22 21 af
547 366 108 21 utskottet
670 365 129 27 föreslagits.

160 395 58 21 Utan
233 394 123 21 diskussion
371 394 115 27 godkände
502 394 88 21 ståndet
605 394 22 28 $$
642 396 63 19 3—7.

161 423 138 22 Beträffande
314 423 11 27 $
341 425 12 19 8
369 423 72 22 anhöll

162 452 79 21 Grefve
262 451 121 27 Armfelt,
407 452 90 27 August,
515 458 35 15 om
565 451 63 22 ordet
644 451 39 22 och
699 451 96 28 yttrade:
825 451 41 27 Jag
881 451 38 21 ber

94 482 32 20 att
142 481 87 21 ståndet
251 481 49 21 ville
320 480 57 22 fästa
400 480 102 22 afseende
518 481 34 21 vid
570 481 41 21 den
628 481 133 21 reservation
773 481 37 26 jag
824 479 96 27 vidfogat

94 510 32 21 till
143 509 71 22 denna
229 509 104 28 paragraf.
364 509 43 27 Jag
421 509 43 22 kan
479 509 48 22 icke
543 515 52 16 anse
612 509 36 22 det
663 516 52 15 vara
736 511 45 19 rätt
796 510 33 20 att
844 509 75 20 hindra

94 545 27 15 en
143 545 80 20 person
246 540 32 19 att
301 538 62 27 flytta
384 540 25 19 ut
424 538 47 21 från
490 538 81 27 landet,
587 538 72 22 förrän
673 538 43 21 hon
731 537 97 28 fullgjort
843 539 75 20 värne-

93 567 65 28 pligt;
175 569 32 20 att
222 567 121 22 bestämma
358 567 59 22 öfver
431 567 33 21 sin
479 573 86 21 person,
582 567 28 22 då
624 567 43 21 hon
683 567 47 21 icke
752 573 59 15 mera
825 566 36 22 vill
877 565 41 22 till-

94 597 53 20 höra
163 598 32 19 ett
211 596 110 26 samhälle,
337 596 39 21 bör
392 596 37 21 det
443 602 52 16 vara
510 595 70 22 henne
597 597 65 26 öppet
677 596 100 21 lemnadt.
795 607 26 3 —
836 595 44 22 Det
895 596 24 19 är

95 625 84 22 derföre
193 625 36 27 jag
245 631 63 15 anser
324 626 32 20 att
372 624 69 22 denna
456 624 103 28 paragraf
571 625 68 21 borde
654 625 58 26 utgå.

162 659 56 21 Herr
233 659 158 25 Schauman,
407 659 91 27 August,
515 659 148 21 understödde
678 659 73 27 grefve
767 658 103 22 Armfelts
886 664 33 15 re-

94 688 115 22 servation.

162 716 57 22 Herr
234 716 144 22 Mechelin:
410 716 41 27 Jag
466 716 39 22 ber
525 718 33 20 att
573 716 22 21 få
610 716 69 22 likaså
695 716 139 26 understödja
848 714 72 28 grefve

94 745 102 21 Armfelts
219 745 87 27 förslag.
337 745 40 27 Jag
400 745 39 21 har
461 745 62 21 äfven
545 745 8 21 i
575 745 109 21 utskottet
703 745 55 21 talat
773 744 40 22 och
829 744 91 22 röstat
909 740 14 36 i

95 774 224 22 öfverensstämmelse
333 774 50 22 med
399 774 72 27 grefve
486 773 97 27 Armfelt,
600 774 68 22 ehuru
681 774 37 27 jag
735 774 65 21 afhöll
815 773 43 27 mig
873 772 47 22 från

96 803 27 21 all
139 803 139 21 reservation.

163 837 56 21 Herr
234 843 41 16 von
291 837 173 27 Willebrand,
481 837 69 21 Felix:
567 837 67 22 Äfven
649 838 36 26 jag
701 838 38 21 ber
754 836 21 22 få
789 836 75 22 förena
878 836 43 26 mig

95 866 49 21 med
160 864 71 29 grefve
247 865 96 22 Armfelt.
373 866 42 27 Jag
430 866 82 21 känner
527 866 137 27 personligen
683 866 77 26 många
782 865 97 27 exempel
893 865 29 26 på

95 895 135 27 upprörande
247 894 86 28 olyckor
349 900 45 16 som
409 895 35 21 vid
460 895 127 27 preussiska
601 895 148 27 värnepligten
757 894 132 22 förorsakats
900 892 22 22 af

95 923 140 27 strängheten
249 924 36 21 vid
305 923 176 27 genomförandet
503 923 23 21 af
547 924 64 21 dessa
633 924 165 26 bestämningar,
821 922 100 22 hvarföre

92 952 38 27 jag
145 951 33 23 för
193 952 42 21 min
251 952 34 21 del
300 952 69 21 skulle
385 952 69 22 önska
469 954 32 20 att
517 952 38 22 det
569 952 70 21 finska
651 951 271 28 värnepligtslagförslaget

95 980 70 22 skulle
181 987 50 15 vara
246 980 92 22 befriadt
352 980 48 22 från
415 981 81 21 sådana
511 981 162 27 bestämningar
696 987 46 15 som
757 981 6 21 i
779 981 33 21 sin
827 980 94 26 tillämp-

94 1009 52 27 ning
160 1009 73 22 kunna
247 1009 97 22 förefalla
362 1009 135 22 drakoniska.

163 1043 56 22 Herr
234 1044 163 27 Lagerborg,
411 1044 88 27 Robert,
517 1044 72 22 anhöll
605 1043 62 23 äfven
688 1045 32 20 att
734 1044 21 21 få
777 1043 75 22 förena
866 1042 34 27 sig
914 1042 7 21 i

96 1072 72 27 grefve
184 1072 100 22 Armfelts
300 1072 86 27 förslag.

164 1107 56 21 Herr
243 1107 165 22 Oker-Blom:
439 1107 42 27 Jag
504 1107 70 22 skulle
597 1107 32 22 för
649 1107 43 22 min
708 1107 33 22 del
757 1107 97 21 deremot
870 1111 52 16 anse

97 1135 47 22 skäl
160 1137 32 20 att
207 1135 106 22 bibehålla
329 1136 134 27 paragrafen,
479 1136 69 21 sådan
564 1136 41 21 den
621 1138 24 19 är
660 1135 23 22 af
700 1136 107 21 utskottet
821 1134 101 22 formule-

95 1164 45 26 rad,
156 1166 23 25 ty
195 1164 28 22 då
238 1171 26 15 en
279 1171 48 15 man
343 1165 57 21 ända
416 1165 32 21 till
463 1165 39 21 sitt
518 1167 25 19 21
561 1165 24 21 år
601 1165 88 27 åtnjutit
704 1165 39 21 allt
753 1165 36 21 det
804 1163 69 28 skydd
882 1163 40 21 och

95 1193 101 27 möjligen
212 1193 28 21 all
257 1193 41 22 den
313 1193 96 27 bildning
424 1193 42 22 han
481 1193 58 22 inom
555 1195 32 20 ett
603 1193 104 22 samhälle
724 1193 42 22 kan
788 1193 86 21 komma
890 1193 33 20 att

96 1221 88 27 erhålla,
200 1221 63 22 torde
278 1222 35 21 väl
329 1222 66 21 också
409 1223 74 20 landet
497 1222 74 21 kunna
585 1222 68 21 räkna
667 1222 28 27 på
711 1223 32 20 att
757 1222 42 21 han
809 1220 114 22 inträder
912 1216 15 37 i

97 1251 49 21 dess
162 1250 131 22 försvarares
309 1251 65 21 leder.
393 1263 24 3 —
434 1251 43 21 Vill
492 1251 44 21 han
552 1251 37 22 det
605 1251 54 26 icke,
676 1251 25 21 så
715 1251 42 21 kan
771 1250 43 21 han
829 1249 94 27 tidigare

95 1279 87 27 utflytta
203 1279 46 22 från
271 1279 83 27 landet;
375 1280 39 27 jag
435 1279 59 22 inser
516 1279 55 26 icke,
595 1279 98 22 hvarföre
715 1279 42 22 han
772 1279 47 26 just
834 1278 34 26 då,
884 1279 40 20 när

96 1307 138 27 ögonblicket
249 1308 97 21 inträder
361 1310 33 19 att
409 1309 42 20 han
467 1308 55 21 skall
537 1308 74 22 ikläda
630 1308 33 27 sig
678 1307 125 27 värnepligt,
827 1306 56 22 skall
902 1306 22 21 få

96 1336 87 28 utflytta
197 1343 26 14 ur
237 1337 84 26 landet;
334 1337 38 27 jag
387 1337 70 21 skulle
473 1337 86 21 derföre
575 1337 84 21 anhålla
675 1342 34 16 om
731 1335 151 23 bibehållande
902 1334 23 21 af

98 1364 38 22 det
150 1364 49 22 utaf
211 1365 119 21 utskottets
346 1365 111 27 pluralitet
472 1364 119 23 omfattade
605 1365 109 27 förslaget.

164 1399 57 21 Herr
237 1399 150 27 Schauman,
403 1400 97 26 August:
531 1400 42 26 Jag
589 1406 63 15 anser
668 1401 33 20 att
716 1399 37 21 det
767 1398 58 21 antal
840 1397 83 28 ynglin-

96 1433 45 21 gar,
158 1434 46 15 som
219 1428 54 21 ifrån
289 1428 74 21 landet
377 1428 8 22 i
401 1428 41 22 den
457 1428 164 27 ifrågavarande
637 1428 74 22 åldern
733 1428 85 21 komme
841 1428 33 20 att
889 1427 34 19 ut-

96 1456 67 27 flytta,
179 1456 8 21 i
203 1456 41 22 alla
258 1456 37 22 fall
310 1456 69 22 måste
395 1457 66 21 blifva
473 1456 158 28 jemförelsevis
648 1457 24 21 så
687 1456 125 27 obetydligt,
829 1457 33 19 att
877 1454 47 21 lan-

96 1484 49 22 dets
160 1485 119 27 krigsmakt
294 1485 116 27 ingalunda
425 1485 72 21 kunde
513 1485 124 27 derigenom
659 1486 44 21 lida
724 1485 70 26 någon
816 1482 108 27 väsentlig

95 1513 122 28 minskning
232 1514 7 21 i
254 1514 33 22 sin
310 1514 80 27 styrka,
409 1520 48 16 men
481 1514 99 22 deremot
602 1516 23 19 är
649 1514 37 22 det
707 1513 57 23 band
784 1519 46 15 som
846 1516 78 23 genom
