<?xml version="1.0" encoding="UTF-8"?>
<alto xmlns="http://www.loc.gov/standards/alto/ns-v3#" xmlns:xlink="http://www.w3.org/1999/xlink" xmlns:xsi="http://www.w3.org/2001/XMLSchema-instance" xsi:schemaLocation="http://www.loc.gov/standards/alto/ns-v3# http://www.loc.gov/alto/v3/alto-3-0.xsd">
	<Description>
		<MeasurementUnit>pixel</MeasurementUnit>
		<sourceImageInformation>
			<fileName>/tmp/tess_76erwm9j_input.PNG</fileName>
		</sourceImageInformation>
		<OCRProcessing ID="OCR_0">
			<ocrProcessingStep>
				<processingSoftware>
					<softwareName>tesseract 5.3.4</softwareName>
				</processingSoftware>
			</ocrProcessingStep>
		</OCRProcessing>
	</Description>
	<Layout>
		<Page WIDTH="1109" HEIGHT="1678" PHYSICAL_IMG_NR="0" ID="page_0">
			<PrintSpace HPOS="0" VPOS="0" WIDTH="1109" HEIGHT="1678">
				<GraphicalElement ID="cblock_0" HPOS="0" VPOS="24" WIDTH="7" HEIGHT="896"></GraphicalElement >
				<ComposedBlock ID="cblock_1" HPOS="235" VPOS="93" WIDTH="492" HEIGHT="20">
					<TextBlock ID="block_0" HPOS="235" VPOS="93" WIDTH="492" HEIGHT="20">
						<TextLine ID="line_0" HPOS="235" VPOS="93" WIDTH="492" HEIGHT="20">
							<String ID="string_0" HPOS="235" VPOS="93" WIDTH="52" HEIGHT="20" WC="0.96" CONTENT="1100"/><SP WIDTH="250" VPOS="93" HPOS="287"/>
							<String ID="string_1" HPOS="537" VPOS="95" WIDTH="39" HEIGHT="18" WC="0.96" CONTENT="Den"/><SP WIDTH="18" VPOS="95" HPOS="576"/>
							<String ID="string_2" HPOS="594" VPOS="94" WIDTH="11" HEIGHT="18" WC="0.96" CONTENT="6"/><SP WIDTH="16" VPOS="94" HPOS="605"/>
							<String ID="string_3" HPOS="621" VPOS="95" WIDTH="106" HEIGHT="17" WC="0.95" CONTENT="December."/>
						</TextLine>
					</TextBlock>
				</ComposedBlock>
				<ComposedBlock ID="cblock_2" HPOS="200" VPOS="155" WIDTH="830" HEIGHT="1382">
					<TextBlock ID="block_1" HPOS="201" VPOS="155" WIDTH="827" HEIGHT="146">
						<TextLine ID="line_1" HPOS="202" VPOS="155" WIDTH="824" HEIGHT="30">
							<String ID="string_4" HPOS="202" VPOS="163" WIDTH="83" HEIGHT="16" WC="0.96" CONTENT="samma"/><SP WIDTH="14" VPOS="163" HPOS="285"/>
							<String ID="string_5" HPOS="299" VPOS="157" WIDTH="81" HEIGHT="28" WC="0.96" CONTENT="påföljd"/><SP WIDTH="15" VPOS="157" HPOS="380"/>
							<String ID="string_6" HPOS="395" VPOS="157" WIDTH="7" HEIGHT="22" WC="0.79" CONTENT="i"/><SP WIDTH="8" VPOS="157" HPOS="402"/>
							<String ID="string_7" HPOS="410" VPOS="157" WIDTH="118" HEIGHT="28" WC="0.79" CONTENT="borgerligt"/><SP WIDTH="10" VPOS="157" HPOS="528"/>
							<String ID="string_8" HPOS="538" VPOS="157" WIDTH="102" HEIGHT="23" WC="0.96" CONTENT="afseende"/><SP WIDTH="9" VPOS="157" HPOS="640"/>
							<String ID="string_9" HPOS="649" VPOS="163" WIDTH="46" HEIGHT="16" WC="0.96" CONTENT="som"/><SP WIDTH="8" VPOS="163" HPOS="695"/>
							<String ID="string_10" HPOS="703" VPOS="159" WIDTH="33" HEIGHT="20" WC="0.96" CONTENT="ett"/><SP WIDTH="7" VPOS="159" HPOS="736"/>
							<String ID="string_11" HPOS="743" VPOS="157" WIDTH="50" HEIGHT="22" WC="0.96" CONTENT="med"/><SP WIDTH="7" VPOS="157" HPOS="793"/>
							<String ID="string_12" HPOS="800" VPOS="156" WIDTH="68" HEIGHT="28" WC="0.93" CONTENT="vigsel"/><SP WIDTH="8" VPOS="156" HPOS="868"/>
							<String ID="string_13" HPOS="876" VPOS="155" WIDTH="105" HEIGHT="24" WC="0.92" CONTENT="afslutadt"/><SP WIDTH="9" VPOS="155" HPOS="981"/>
							<String ID="string_14" HPOS="990" VPOS="157" WIDTH="36" HEIGHT="28" WC="0.93" CONTENT="dy-"/>
						</TextLine>
						<TextLine ID="line_2" HPOS="201" VPOS="185" WIDTH="826" HEIGHT="29">
							<String ID="string_15" HPOS="201" VPOS="187" WIDTH="46" HEIGHT="21" WC="0.95" CONTENT="likt."/><SP WIDTH="12" VPOS="187" HPOS="247"/>
							<String ID="string_16" HPOS="259" VPOS="187" WIDTH="42" HEIGHT="27" WC="0.96" CONTENT="Jag"/><SP WIDTH="7" VPOS="187" HPOS="301"/>
							<String ID="string_17" HPOS="308" VPOS="187" WIDTH="69" HEIGHT="21" WC="0.96" CONTENT="skulle"/><SP WIDTH="9" VPOS="187" HPOS="377"/>
							<String ID="string_18" HPOS="386" VPOS="186" WIDTH="71" HEIGHT="23" WC="0.93" CONTENT="derför"/><SP WIDTH="7" VPOS="186" HPOS="457"/>
							<String ID="string_19" HPOS="464" VPOS="186" WIDTH="111" HEIGHT="23" WC="0.92" CONTENT="vördsamt"/><SP WIDTH="7" VPOS="186" HPOS="575"/>
							<String ID="string_20" HPOS="582" VPOS="186" WIDTH="121" HEIGHT="27" WC="0.91" CONTENT="hemställa,"/><SP WIDTH="8" VPOS="186" HPOS="703"/>
							<String ID="string_21" HPOS="711" VPOS="193" WIDTH="34" HEIGHT="16" WC="0.96" CONTENT="om"/><SP WIDTH="8" VPOS="193" HPOS="745"/>
							<String ID="string_22" HPOS="753" VPOS="187" WIDTH="48" HEIGHT="22" WC="0.93" CONTENT="icke"/><SP WIDTH="11" VPOS="187" HPOS="801"/>
							<String ID="string_23" HPOS="812" VPOS="185" WIDTH="138" HEIGHT="28" WC="0.90" CONTENT="uringressen"/><SP WIDTH="11" VPOS="185" HPOS="950"/>
							<String ID="string_24" HPOS="961" VPOS="181" WIDTH="66" HEIGHT="38" WC="0.96" CONTENT="kunde"/>
						</TextLine>
						<TextLine ID="line_3" HPOS="202" VPOS="200" WIDTH="822" HEIGHT="46">
							<String ID="string_25" HPOS="202" VPOS="215" WIDTH="54" HEIGHT="28" WC="0.96" CONTENT="utgå"/><SP WIDTH="14" VPOS="215" HPOS="256"/>
							<String ID="string_26" HPOS="270" VPOS="215" WIDTH="57" HEIGHT="22" WC="0.96" CONTENT="hvad"/><SP WIDTH="15" VPOS="215" HPOS="327"/>
							<String ID="string_27" HPOS="342" VPOS="216" WIDTH="123" HEIGHT="21" WC="0.96" CONTENT="densamma"/><SP WIDTH="15" VPOS="216" HPOS="465"/>
							<String ID="string_28" HPOS="480" VPOS="215" WIDTH="119" HEIGHT="22" WC="0.96" CONTENT="innehåller"/><SP WIDTH="16" VPOS="215" HPOS="599"/>
							<String ID="string_29" HPOS="615" VPOS="216" WIDTH="56" HEIGHT="21" WC="0.96" CONTENT="ända"/><SP WIDTH="15" VPOS="216" HPOS="671"/>
							<String ID="string_30" HPOS="686" VPOS="200" WIDTH="54" HEIGHT="46" WC="0.96" CONTENT="ifrån"/><SP WIDTH="15" VPOS="200" HPOS="740"/>
							<String ID="string_31" HPOS="755" VPOS="215" WIDTH="41" HEIGHT="22" WC="0.96" CONTENT="och"/><SP WIDTH="15" VPOS="215" HPOS="796"/>
							<String ID="string_32" HPOS="811" VPOS="215" WIDTH="48" HEIGHT="22" WC="0.95" CONTENT="med"/><SP WIDTH="16" VPOS="215" HPOS="859"/>
							<String ID="string_33" HPOS="875" VPOS="215" WIDTH="66" HEIGHT="21" WC="0.93" CONTENT="orden"/><SP WIDTH="17" VPOS="215" HPOS="941"/>
							<String ID="string_34" HPOS="958" VPOS="217" WIDTH="40" HEIGHT="24" WC="0.90" CONTENT=",än"/><SP WIDTH="18" VPOS="217" HPOS="998"/>
							<String ID="string_35" HPOS="1016" VPOS="217" WIDTH="8" HEIGHT="20" WC="0.96" CONTENT="1"/>
						</TextLine>
						<TextLine ID="line_4" HPOS="203" VPOS="243" WIDTH="825" HEIGHT="28">
							<String ID="string_36" HPOS="203" VPOS="243" WIDTH="10" HEIGHT="28" WC="0.94" CONTENT="8"/><SP WIDTH="16" VPOS="243" HPOS="213"/>
							<String ID="string_37" HPOS="229" VPOS="246" WIDTH="12" HEIGHT="19" WC="0.91" CONTENT="9"/><SP WIDTH="16" VPOS="246" HPOS="241"/>
							<String ID="string_38" HPOS="257" VPOS="244" WIDTH="62" HEIGHT="27" WC="0.88" CONTENT="kap.&quot;"/><SP WIDTH="17" VPOS="244" HPOS="319"/>
							<String ID="string_39" HPOS="336" VPOS="246" WIDTH="16" HEIGHT="20" WC="0.93" CONTENT="t."/><SP WIDTH="17" VPOS="246" HPOS="352"/>
							<String ID="string_40" HPOS="369" VPOS="251" WIDTH="19" HEIGHT="15" WC="0.86" CONTENT="o."/><SP WIDTH="16" VPOS="251" HPOS="388"/>
							<String ID="string_41" HPOS="404" VPOS="250" WIDTH="27" HEIGHT="16" WC="0.93" CONTENT="m."/><SP WIDTH="16" VPOS="250" HPOS="431"/>
							<String ID="string_42" HPOS="447" VPOS="244" WIDTH="63" HEIGHT="22" WC="0.93" CONTENT="ordet"/><SP WIDTH="16" VPOS="244" HPOS="510"/>
							<String ID="string_43" HPOS="526" VPOS="245" WIDTH="114" HEIGHT="26" WC="0.89" CONTENT=",stadgar*"/><SP WIDTH="17" VPOS="245" HPOS="640"/>
							<String ID="string_44" HPOS="657" VPOS="244" WIDTH="41" HEIGHT="22" WC="0.97" CONTENT="och"/><SP WIDTH="16" VPOS="244" HPOS="698"/>
							<String ID="string_45" HPOS="714" VPOS="244" WIDTH="85" HEIGHT="22" WC="0.96" CONTENT="således"/><SP WIDTH="16" VPOS="244" HPOS="799"/>
							<String ID="string_46" HPOS="815" VPOS="243" WIDTH="66" HEIGHT="22" WC="0.96" CONTENT="också"/><SP WIDTH="15" VPOS="243" HPOS="881"/>
							<String ID="string_47" HPOS="896" VPOS="243" WIDTH="7" HEIGHT="22" WC="0.96" CONTENT="i"/><SP WIDTH="15" VPOS="243" HPOS="903"/>
							<String ID="string_48" HPOS="918" VPOS="243" WIDTH="75" HEIGHT="28" WC="0.96" CONTENT="början"/><SP WIDTH="13" VPOS="243" HPOS="993"/>
							<String ID="string_49" HPOS="1006" VPOS="244" WIDTH="22" HEIGHT="21" WC="0.97" CONTENT="af"/>
						</TextLine>
						<TextLine ID="line_5" HPOS="202" VPOS="273" WIDTH="500" HEIGHT="28">
							<String ID="string_50" HPOS="202" VPOS="273" WIDTH="137" HEIGHT="27" WC="0.96" CONTENT="inledningen"/><SP WIDTH="16" VPOS="273" HPOS="339"/>
							<String ID="string_51" HPOS="355" VPOS="273" WIDTH="66" HEIGHT="22" WC="0.93" CONTENT="orden"/><SP WIDTH="17" VPOS="273" HPOS="421"/>
							<String ID="string_52" HPOS="438" VPOS="273" WIDTH="31" HEIGHT="28" WC="0.92" CONTENT=",ej"/><SP WIDTH="16" VPOS="273" HPOS="469"/>
							<String ID="string_53" HPOS="485" VPOS="273" WIDTH="94" HEIGHT="22" WC="0.92" CONTENT="mindre&quot;"/><SP WIDTH="17" VPOS="273" HPOS="579"/>
							<String ID="string_54" HPOS="596" VPOS="273" WIDTH="106" HEIGHT="22" WC="0.92" CONTENT="bortfalla."/>
						</TextLine>
					</TextBlock>
					<TextBlock ID="block_2" HPOS="201" VPOS="301" WIDTH="827" HEIGHT="546">
						<TextLine ID="line_6" HPOS="271" VPOS="301" WIDTH="756" HEIGHT="28">
							<String ID="string_55" HPOS="271" VPOS="301" WIDTH="56" HEIGHT="22" WC="0.96" CONTENT="Herr"/><SP WIDTH="14" VPOS="301" HPOS="327"/>
							<String ID="string_56" HPOS="341" VPOS="302" WIDTH="188" HEIGHT="27" WC="0.95" CONTENT="Montgomery:"/><SP WIDTH="15" VPOS="302" HPOS="529"/>
							<String ID="string_57" HPOS="544" VPOS="302" WIDTH="43" HEIGHT="27" WC="0.96" CONTENT="Jag"/><SP WIDTH="14" VPOS="302" HPOS="587"/>
							<String ID="string_58" HPOS="601" VPOS="308" WIDTH="64" HEIGHT="15" WC="0.96" CONTENT="anser"/><SP WIDTH="15" VPOS="308" HPOS="665"/>
							<String ID="string_59" HPOS="680" VPOS="302" WIDTH="34" HEIGHT="21" WC="0.96" CONTENT="väl"/><SP WIDTH="15" VPOS="302" HPOS="714"/>
							<String ID="string_60" HPOS="729" VPOS="301" WIDTH="48" HEIGHT="22" WC="0.96" CONTENT="icke"/><SP WIDTH="14" VPOS="301" HPOS="777"/>
							<String ID="string_61" HPOS="791" VPOS="301" WIDTH="75" HEIGHT="27" WC="0.96" CONTENT="heller,"/><SP WIDTH="15" VPOS="301" HPOS="866"/>
							<String ID="string_62" HPOS="881" VPOS="301" WIDTH="7" HEIGHT="21" WC="0.96" CONTENT="i"/><SP WIDTH="10" VPOS="301" HPOS="888"/>
							<String ID="string_63" HPOS="898" VPOS="301" WIDTH="69" HEIGHT="22" WC="0.96" CONTENT="likhet"/><SP WIDTH="10" VPOS="301" HPOS="967"/>
							<String ID="string_64" HPOS="977" VPOS="301" WIDTH="50" HEIGHT="22" WC="0.96" CONTENT="med"/>
						</TextLine>
						<TextLine ID="line_7" HPOS="203" VPOS="329" WIDTH="823" HEIGHT="28">
							<String ID="string_65" HPOS="203" VPOS="331" WIDTH="40" HEIGHT="21" WC="0.95" CONTENT="den"/><SP WIDTH="24" VPOS="331" HPOS="243"/>
							<String ID="string_66" HPOS="267" VPOS="332" WIDTH="86" HEIGHT="20" WC="0.96" CONTENT="senaste"/><SP WIDTH="23" VPOS="332" HPOS="353"/>
							<String ID="string_67" HPOS="376" VPOS="331" WIDTH="65" HEIGHT="21" WC="0.96" CONTENT="ärade"/><SP WIDTH="19" VPOS="331" HPOS="441"/>
							<String ID="string_68" HPOS="460" VPOS="331" WIDTH="89" HEIGHT="26" WC="0.96" CONTENT="talaren,"/><SP WIDTH="24" VPOS="331" HPOS="549"/>
							<String ID="string_69" HPOS="573" VPOS="333" WIDTH="34" HEIGHT="19" WC="0.96" CONTENT="att"/><SP WIDTH="19" VPOS="333" HPOS="607"/>
							<String ID="string_70" HPOS="626" VPOS="331" WIDTH="37" HEIGHT="21" WC="0.97" CONTENT="det"/><SP WIDTH="17" VPOS="331" HPOS="663"/>
							<String ID="string_71" HPOS="680" VPOS="330" WIDTH="33" HEIGHT="22" WC="0.97" CONTENT="för"/><SP WIDTH="18" VPOS="330" HPOS="713"/>
							<String ID="string_72" HPOS="731" VPOS="331" WIDTH="125" HEIGHT="26" WC="0.96" CONTENT="tolkningen"/><SP WIDTH="15" VPOS="331" HPOS="856"/>
							<String ID="string_73" HPOS="871" VPOS="336" WIDTH="51" HEIGHT="16" WC="0.96" CONTENT="vore"/><SP WIDTH="16" VPOS="336" HPOS="922"/>
							<String ID="string_74" HPOS="938" VPOS="329" WIDTH="88" HEIGHT="22" WC="0.95" CONTENT="alldeles"/>
						</TextLine>
						<TextLine ID="line_8" HPOS="203" VPOS="358" WIDTH="823" HEIGHT="29">
							<String ID="string_75" HPOS="203" VPOS="359" WIDTH="138" HEIGHT="27" WC="0.93" CONTENT="ovilkorligen"/><SP WIDTH="20" VPOS="359" HPOS="341"/>
							<String ID="string_76" HPOS="361" VPOS="359" WIDTH="132" HEIGHT="27" WC="0.96" CONTENT="nödvändigt"/><SP WIDTH="20" VPOS="359" HPOS="493"/>
							<String ID="string_77" HPOS="513" VPOS="361" WIDTH="33" HEIGHT="20" WC="0.96" CONTENT="att"/><SP WIDTH="19" VPOS="361" HPOS="546"/>
							<String ID="string_78" HPOS="565" VPOS="359" WIDTH="94" HEIGHT="28" WC="0.96" CONTENT="åberopa"/><SP WIDTH="16" VPOS="359" HPOS="659"/>
							<String ID="string_79" HPOS="675" VPOS="361" WIDTH="9" HEIGHT="19" WC="0.96" CONTENT="1"/><SP WIDTH="18" VPOS="361" HPOS="684"/>
							<String ID="string_80" HPOS="702" VPOS="358" WIDTH="11" HEIGHT="29" WC="0.84" CONTENT="8"/><SP WIDTH="16" VPOS="358" HPOS="713"/>
							<String ID="string_81" HPOS="729" VPOS="361" WIDTH="12" HEIGHT="20" WC="0.97" CONTENT="9"/><SP WIDTH="15" VPOS="361" HPOS="741"/>
							<String ID="string_82" HPOS="756" VPOS="359" WIDTH="49" HEIGHT="27" WC="0.96" CONTENT="kap."/><SP WIDTH="18" VPOS="359" HPOS="805"/>
							<String ID="string_83" HPOS="823" VPOS="358" WIDTH="40" HEIGHT="22" WC="0.96" CONTENT="och"/><SP WIDTH="17" VPOS="358" HPOS="863"/>
							<String ID="string_84" HPOS="880" VPOS="360" WIDTH="10" HEIGHT="20" WC="0.93" CONTENT="1"/><SP WIDTH="18" VPOS="360" HPOS="890"/>
							<String ID="string_85" HPOS="908" VPOS="358" WIDTH="10" HEIGHT="28" WC="0.92" CONTENT="$"/><SP WIDTH="17" VPOS="358" HPOS="918"/>
							<String ID="string_86" HPOS="935" VPOS="360" WIDTH="25" HEIGHT="20" WC="0.96" CONTENT="10"/><SP WIDTH="16" VPOS="360" HPOS="960"/>
							<String ID="string_87" HPOS="976" VPOS="358" WIDTH="50" HEIGHT="28" WC="0.96" CONTENT="kap."/>
						</TextLine>
						<TextLine ID="line_9" HPOS="203" VPOS="387" WIDTH="824" HEIGHT="28">
							<String ID="string_88" HPOS="203" VPOS="388" WIDTH="24" HEIGHT="21" WC="0.93" CONTENT="G."/><SP WIDTH="17" VPOS="388" HPOS="227"/>
							<String ID="string_89" HPOS="244" VPOS="388" WIDTH="24" HEIGHT="21" WC="0.92" CONTENT="B."/><SP WIDTH="15" VPOS="388" HPOS="268"/>
							<String ID="string_90" HPOS="283" VPOS="388" WIDTH="72" HEIGHT="21" WC="0.91" CONTENT="säsom"/><SP WIDTH="16" VPOS="388" HPOS="355"/>
							<String ID="string_91" HPOS="371" VPOS="388" WIDTH="100" HEIGHT="27" WC="0.96" CONTENT="ändrade,"/><SP WIDTH="17" VPOS="388" HPOS="471"/>
							<String ID="string_92" HPOS="488" VPOS="394" WIDTH="48" HEIGHT="15" WC="0.96" CONTENT="men"/><SP WIDTH="16" VPOS="394" HPOS="536"/>
							<String ID="string_93" HPOS="552" VPOS="388" WIDTH="27" HEIGHT="21" WC="0.96" CONTENT="dä"/><SP WIDTH="15" VPOS="388" HPOS="579"/>
							<String ID="string_94" HPOS="594" VPOS="394" WIDTH="48" HEIGHT="15" WC="0.96" CONTENT="man"/><SP WIDTH="16" VPOS="394" HPOS="642"/>
							<String ID="string_95" HPOS="658" VPOS="394" WIDTH="29" HEIGHT="15" WC="0.96" CONTENT="nu"/><SP WIDTH="15" VPOS="394" HPOS="687"/>
							<String ID="string_96" HPOS="702" VPOS="388" WIDTH="37" HEIGHT="21" WC="0.93" CONTENT="vill"/><SP WIDTH="10" VPOS="388" HPOS="739"/>
							<String ID="string_97" HPOS="749" VPOS="387" WIDTH="95" HEIGHT="22" WC="0.93" CONTENT="förklara"/><SP WIDTH="10" VPOS="387" HPOS="844"/>
							<String ID="string_98" HPOS="854" VPOS="387" WIDTH="42" HEIGHT="21" WC="0.93" CONTENT="den"/><SP WIDTH="10" VPOS="387" HPOS="896"/>
							<String ID="string_99" HPOS="906" VPOS="387" WIDTH="121" HEIGHT="27" WC="0.93" CONTENT="borgerliga"/>
						</TextLine>
						<TextLine ID="line_10" HPOS="203" VPOS="416" WIDTH="823" HEIGHT="28">
							<String ID="string_100" HPOS="203" VPOS="416" WIDTH="65" HEIGHT="22" WC="0.92" CONTENT="akten"/><SP WIDTH="16" VPOS="416" HPOS="268"/>
							<String ID="string_101" HPOS="284" VPOS="417" WIDTH="71" HEIGHT="20" WC="0.90" CONTENT="säsom"/><SP WIDTH="16" VPOS="417" HPOS="355"/>
							<String ID="string_102" HPOS="371" VPOS="416" WIDTH="90" HEIGHT="28" WC="0.93" CONTENT="liktydig"/><SP WIDTH="14" VPOS="416" HPOS="461"/>
							<String ID="string_103" HPOS="475" VPOS="417" WIDTH="49" HEIGHT="21" WC="0.93" CONTENT="med"/><SP WIDTH="15" VPOS="417" HPOS="524"/>
							<String ID="string_104" HPOS="539" VPOS="417" WIDTH="75" HEIGHT="27" WC="0.92" CONTENT="vigsel,"/><SP WIDTH="17" VPOS="417" HPOS="614"/>
							<String ID="string_105" HPOS="631" VPOS="417" WIDTH="40" HEIGHT="22" WC="0.96" CONTENT="och"/><SP WIDTH="16" VPOS="417" HPOS="671"/>
							<String ID="string_106" HPOS="687" VPOS="423" WIDTH="49" HEIGHT="15" WC="0.96" CONTENT="man"/><SP WIDTH="15" VPOS="423" HPOS="736"/>
							<String ID="string_107" HPOS="751" VPOS="416" WIDTH="35" HEIGHT="22" WC="0.93" CONTENT="väl"/><SP WIDTH="15" VPOS="416" HPOS="786"/>
							<String ID="string_108" HPOS="801" VPOS="416" WIDTH="48" HEIGHT="22" WC="0.91" CONTENT="icke"/><SP WIDTH="15" VPOS="416" HPOS="849"/>
							<String ID="string_109" HPOS="864" VPOS="416" WIDTH="41" HEIGHT="21" WC="0.93" CONTENT="kan"/><SP WIDTH="16" VPOS="416" HPOS="905"/>
							<String ID="string_110" HPOS="921" VPOS="416" WIDTH="105" HEIGHT="21" WC="0.92" CONTENT="benämna"/>
						</TextLine>
						<TextLine ID="line_11" HPOS="203" VPOS="445" WIDTH="823" HEIGHT="28">
							<String ID="string_111" HPOS="203" VPOS="445" WIDTH="40" HEIGHT="21" WC="0.93" CONTENT="den"/><SP WIDTH="18" VPOS="445" HPOS="243"/>
							<String ID="string_112" HPOS="261" VPOS="445" WIDTH="74" HEIGHT="27" WC="0.92" CONTENT="vigsel,"/><SP WIDTH="16" VPOS="445" HPOS="335"/>
							<String ID="string_113" HPOS="351" VPOS="445" WIDTH="25" HEIGHT="22" WC="0.96" CONTENT="sä"/><SP WIDTH="15" VPOS="445" HPOS="376"/>
							<String ID="string_114" HPOS="391" VPOS="445" WIDTH="42" HEIGHT="22" WC="0.96" CONTENT="kan"/><SP WIDTH="13" VPOS="445" HPOS="433"/>
							<String ID="string_115" HPOS="446" VPOS="445" WIDTH="38" HEIGHT="28" WC="0.93" CONTENT="jag"/><SP WIDTH="14" VPOS="445" HPOS="484"/>
							<String ID="string_116" HPOS="498" VPOS="445" WIDTH="48" HEIGHT="22" WC="0.93" CONTENT="icke"/><SP WIDTH="16" VPOS="445" HPOS="546"/>
							<String ID="string_117" HPOS="562" VPOS="445" WIDTH="68" HEIGHT="22" WC="0.93" CONTENT="heller"/><SP WIDTH="15" VPOS="445" HPOS="630"/>
							<String ID="string_118" HPOS="645" VPOS="452" WIDTH="52" HEIGHT="15" WC="0.92" CONTENT="anse"/><SP WIDTH="16" VPOS="452" HPOS="697"/>
							<String ID="string_119" HPOS="713" VPOS="447" WIDTH="32" HEIGHT="20" WC="0.96" CONTENT="att"/><SP WIDTH="16" VPOS="447" HPOS="745"/>
							<String ID="string_120" HPOS="761" VPOS="447" WIDTH="32" HEIGHT="20" WC="0.93" CONTENT="ett"/><SP WIDTH="15" VPOS="447" HPOS="793"/>
							<String ID="string_121" HPOS="808" VPOS="445" WIDTH="78" HEIGHT="22" WC="0.92" CONTENT="sädant"/><SP WIDTH="15" VPOS="445" HPOS="886"/>
							<String ID="string_122" HPOS="901" VPOS="445" WIDTH="125" HEIGHT="27" WC="0.92" CONTENT="uttryckligt"/>
						</TextLine>
						<TextLine ID="line_12" HPOS="202" VPOS="473" WIDTH="824" HEIGHT="28">
							<String ID="string_123" HPOS="202" VPOS="473" WIDTH="77" HEIGHT="28" WC="0.92" CONTENT="tillägg"/><SP WIDTH="21" VPOS="473" HPOS="279"/>
							<String ID="string_124" HPOS="300" VPOS="474" WIDTH="116" HEIGHT="22" WC="0.92" CONTENT="innefattar"/><SP WIDTH="22" VPOS="474" HPOS="416"/>
							<String ID="string_125" HPOS="438" VPOS="475" WIDTH="70" HEIGHT="26" WC="0.92" CONTENT="nägon"/><SP WIDTH="19" VPOS="475" HPOS="508"/>
							<String ID="string_126" HPOS="527" VPOS="475" WIDTH="153" HEIGHT="26" WC="0.92" CONTENT="oegentlighet."/><SP WIDTH="30" VPOS="475" HPOS="680"/>
							<String ID="string_127" HPOS="710" VPOS="475" WIDTH="43" HEIGHT="21" WC="0.96" CONTENT="Det"/><SP WIDTH="18" VPOS="475" HPOS="753"/>
							<String ID="string_128" HPOS="771" VPOS="474" WIDTH="43" HEIGHT="21" WC="0.96" CONTENT="kan"/><SP WIDTH="15" VPOS="474" HPOS="814"/>
							<String ID="string_129" HPOS="829" VPOS="474" WIDTH="36" HEIGHT="21" WC="0.93" CONTENT="väl"/><SP WIDTH="15" VPOS="474" HPOS="865"/>
							<String ID="string_130" HPOS="880" VPOS="475" WIDTH="96" HEIGHT="26" WC="0.92" CONTENT="antagas,"/><SP WIDTH="18" VPOS="475" HPOS="976"/>
							<String ID="string_131" HPOS="994" VPOS="475" WIDTH="32" HEIGHT="20" WC="0.96" CONTENT="att"/>
						</TextLine>
						<TextLine ID="line_13" HPOS="202" VPOS="502" WIDTH="823" HEIGHT="28">
							<String ID="string_132" HPOS="202" VPOS="502" WIDTH="125" HEIGHT="28" WC="0.91" CONTENT="tolkningen"/><SP WIDTH="22" VPOS="502" HPOS="327"/>
							<String ID="string_133" HPOS="349" VPOS="503" WIDTH="71" HEIGHT="22" WC="0.93" CONTENT="skulle"/><SP WIDTH="21" VPOS="503" HPOS="420"/>
							<String ID="string_134" HPOS="441" VPOS="503" WIDTH="66" HEIGHT="22" WC="0.92" CONTENT="blifva"/><SP WIDTH="18" VPOS="503" HPOS="507"/>
							<String ID="string_135" HPOS="525" VPOS="503" WIDTH="74" HEIGHT="26" WC="0.92" CONTENT="sädan,"/><SP WIDTH="17" VPOS="503" HPOS="599"/>
							<String ID="string_136" HPOS="616" VPOS="505" WIDTH="33" HEIGHT="20" WC="0.96" CONTENT="att"/><SP WIDTH="16" VPOS="505" HPOS="649"/>
							<String ID="string_137" HPOS="665" VPOS="503" WIDTH="40" HEIGHT="22" WC="0.93" CONTENT="den"/><SP WIDTH="16" VPOS="503" HPOS="705"/>
							<String ID="string_138" HPOS="721" VPOS="503" WIDTH="122" HEIGHT="27" WC="0.92" CONTENT="borgerliga"/><SP WIDTH="15" VPOS="503" HPOS="843"/>
							<String ID="string_139" HPOS="858" VPOS="502" WIDTH="65" HEIGHT="22" WC="0.93" CONTENT="akten"/><SP WIDTH="15" VPOS="502" HPOS="923"/>
							<String ID="string_140" HPOS="938" VPOS="504" WIDTH="24" HEIGHT="19" WC="0.93" CONTENT="är"/><SP WIDTH="15" VPOS="504" HPOS="962"/>
							<String ID="string_141" HPOS="977" VPOS="502" WIDTH="48" HEIGHT="21" WC="0.92" CONTENT="full-"/>
						</TextLine>
						<TextLine ID="line_14" HPOS="201" VPOS="531" WIDTH="825" HEIGHT="28">
							<String ID="string_142" HPOS="201" VPOS="531" WIDTH="92" HEIGHT="28" WC="0.92" CONTENT="komligt"/><SP WIDTH="13" VPOS="531" HPOS="293"/>
							<String ID="string_143" HPOS="306" VPOS="531" WIDTH="97" HEIGHT="22" WC="0.87" CONTENT="likställd"/><SP WIDTH="14" VPOS="531" HPOS="403"/>
							<String ID="string_144" HPOS="417" VPOS="532" WIDTH="49" HEIGHT="21" WC="0.93" CONTENT="med"/><SP WIDTH="15" VPOS="532" HPOS="466"/>
							<String ID="string_145" HPOS="481" VPOS="532" WIDTH="75" HEIGHT="27" WC="0.92" CONTENT="vigsel,"/><SP WIDTH="14" VPOS="532" HPOS="556"/>
							<String ID="string_146" HPOS="570" VPOS="532" WIDTH="62" HEIGHT="22" WC="0.92" CONTENT="äfven"/><SP WIDTH="12" VPOS="532" HPOS="632"/>
							<String ID="string_147" HPOS="644" VPOS="538" WIDTH="35" HEIGHT="15" WC="0.96" CONTENT="om"/><SP WIDTH="10" VPOS="538" HPOS="679"/>
							<String ID="string_148" HPOS="689" VPOS="533" WIDTH="65" HEIGHT="20" WC="0.93" CONTENT="dessa"/><SP WIDTH="10" VPOS="533" HPOS="754"/>
							<String ID="string_149" HPOS="764" VPOS="531" WIDTH="124" HEIGHT="28" WC="0.92" CONTENT="paragrafer"/><SP WIDTH="10" VPOS="531" HPOS="888"/>
							<String ID="string_150" HPOS="898" VPOS="531" WIDTH="48" HEIGHT="22" WC="0.93" CONTENT="icke"/><SP WIDTH="10" VPOS="531" HPOS="946"/>
							<String ID="string_151" HPOS="956" VPOS="531" WIDTH="70" HEIGHT="22" WC="0.91" CONTENT="blefve"/>
						</TextLine>
						<TextLine ID="line_15" HPOS="202" VPOS="560" WIDTH="823" HEIGHT="28">
							<String ID="string_152" HPOS="202" VPOS="560" WIDTH="121" HEIGHT="28" WC="0.96" CONTENT="åberopade"/><SP WIDTH="19" VPOS="560" HPOS="323"/>
							<String ID="string_153" HPOS="342" VPOS="561" WIDTH="72" HEIGHT="21" WC="0.96" CONTENT="såsom"/><SP WIDTH="15" VPOS="561" HPOS="414"/>
							<String ID="string_154" HPOS="429" VPOS="561" WIDTH="100" HEIGHT="26" WC="0.95" CONTENT="ändrade,"/><SP WIDTH="16" VPOS="561" HPOS="529"/>
							<String ID="string_155" HPOS="545" VPOS="567" WIDTH="48" HEIGHT="15" WC="0.93" CONTENT="men"/><SP WIDTH="16" VPOS="567" HPOS="593"/>
							<String ID="string_156" HPOS="609" VPOS="561" WIDTH="66" HEIGHT="27" WC="0.96" CONTENT="något"/><SP WIDTH="16" VPOS="561" HPOS="675"/>
							<String ID="string_157" HPOS="691" VPOS="561" WIDTH="119" HEIGHT="27" WC="0.96" CONTENT="oegentligt"/><SP WIDTH="14" VPOS="561" HPOS="810"/>
							<String ID="string_158" HPOS="824" VPOS="560" WIDTH="68" HEIGHT="22" WC="0.96" CONTENT="finner"/><SP WIDTH="12" VPOS="560" HPOS="892"/>
							<String ID="string_159" HPOS="904" VPOS="560" WIDTH="38" HEIGHT="28" WC="0.93" CONTENT="jag"/><SP WIDTH="13" VPOS="560" HPOS="942"/>
							<String ID="string_160" HPOS="955" VPOS="560" WIDTH="48" HEIGHT="22" WC="0.96" CONTENT="icke"/><SP WIDTH="16" VPOS="560" HPOS="1003"/>
							<String ID="string_161" HPOS="1019" VPOS="560" WIDTH="6" HEIGHT="21" WC="0.96" CONTENT="i"/>
						</TextLine>
						<TextLine ID="line_16" HPOS="202" VPOS="589" WIDTH="824" HEIGHT="28">
							<String ID="string_162" HPOS="202" VPOS="589" WIDTH="63" HEIGHT="22" WC="0.96" CONTENT="deras"/><SP WIDTH="24" VPOS="589" HPOS="265"/>
							<String ID="string_163" HPOS="289" VPOS="589" WIDTH="136" HEIGHT="28" WC="0.95" CONTENT="åberopande"/><SP WIDTH="22" VPOS="589" HPOS="425"/>
							<String ID="string_164" HPOS="447" VPOS="590" WIDTH="40" HEIGHT="21" WC="0.96" CONTENT="och"/><SP WIDTH="23" VPOS="590" HPOS="487"/>
							<String ID="string_165" HPOS="510" VPOS="589" WIDTH="165" HEIGHT="28" WC="0.96" CONTENT="fullständighet"/><SP WIDTH="18" VPOS="589" HPOS="675"/>
							<String ID="string_166" HPOS="693" VPOS="590" WIDTH="43" HEIGHT="21" WC="0.96" CONTENT="kan"/><SP WIDTH="17" VPOS="590" HPOS="736"/>
							<String ID="string_167" HPOS="753" VPOS="590" WIDTH="25" HEIGHT="27" WC="0.96" CONTENT="ju"/><SP WIDTH="15" VPOS="590" HPOS="778"/>
							<String ID="string_168" HPOS="793" VPOS="589" WIDTH="71" HEIGHT="27" WC="0.96" CONTENT="aldrig"/><SP WIDTH="14" VPOS="589" HPOS="864"/>
							<String ID="string_169" HPOS="878" VPOS="589" WIDTH="74" HEIGHT="22" WC="0.95" CONTENT="skada."/><SP WIDTH="30" VPOS="589" HPOS="952"/>
							<String ID="string_170" HPOS="982" VPOS="589" WIDTH="44" HEIGHT="22" WC="0.96" CONTENT="Det"/>
						</TextLine>
						<TextLine ID="line_17" HPOS="201" VPOS="618" WIDTH="824" HEIGHT="28">
							<String ID="string_171" HPOS="201" VPOS="620" WIDTH="25" HEIGHT="19" WC="0.96" CONTENT="är"/><SP WIDTH="23" VPOS="620" HPOS="226"/>
							<String ID="string_172" HPOS="249" VPOS="618" WIDTH="54" HEIGHT="21" WC="0.96" CONTENT="dock"/><SP WIDTH="20" VPOS="618" HPOS="303"/>
							<String ID="string_173" HPOS="323" VPOS="619" WIDTH="66" HEIGHT="21" WC="0.95" CONTENT="annat"/><SP WIDTH="18" VPOS="619" HPOS="389"/>
							<String ID="string_174" HPOS="407" VPOS="618" WIDTH="132" HEIGHT="22" WC="0.96" CONTENT="förhållande"/><SP WIDTH="15" VPOS="618" HPOS="539"/>
							<String ID="string_175" HPOS="554" VPOS="619" WIDTH="49" HEIGHT="22" WC="0.96" CONTENT="med"/><SP WIDTH="16" VPOS="619" HPOS="603"/>
							<String ID="string_176" HPOS="619" VPOS="621" WIDTH="12" HEIGHT="19" WC="0.96" CONTENT="9"/><SP WIDTH="17" VPOS="621" HPOS="631"/>
							<String ID="string_177" HPOS="648" VPOS="619" WIDTH="40" HEIGHT="21" WC="0.96" CONTENT="och"/><SP WIDTH="17" VPOS="619" HPOS="688"/>
							<String ID="string_178" HPOS="705" VPOS="621" WIDTH="26" HEIGHT="19" WC="0.96" CONTENT="10"/><SP WIDTH="15" VPOS="621" HPOS="731"/>
							<String ID="string_179" HPOS="746" VPOS="618" WIDTH="23" HEIGHT="28" WC="0.92" CONTENT="$$"/><SP WIDTH="17" VPOS="618" HPOS="769"/>
							<String ID="string_180" HPOS="786" VPOS="620" WIDTH="11" HEIGHT="19" WC="0.96" CONTENT="3"/><SP WIDTH="17" VPOS="620" HPOS="797"/>
							<String ID="string_181" HPOS="814" VPOS="619" WIDTH="48" HEIGHT="26" WC="0.93" CONTENT="kap."/><SP WIDTH="16" VPOS="619" HPOS="862"/>
							<String ID="string_182" HPOS="878" VPOS="618" WIDTH="24" HEIGHT="21" WC="0.89" CONTENT="G."/><SP WIDTH="17" VPOS="618" HPOS="902"/>
							<String ID="string_183" HPOS="919" VPOS="618" WIDTH="24" HEIGHT="21" WC="0.91" CONTENT="B."/><SP WIDTH="29" VPOS="618" HPOS="943"/>
							<String ID="string_184" HPOS="972" VPOS="618" WIDTH="10" HEIGHT="21" WC="0.96" CONTENT="I"/><SP WIDTH="16" VPOS="618" HPOS="982"/>
							<String ID="string_185" HPOS="998" VPOS="618" WIDTH="27" HEIGHT="21" WC="0.95" CONTENT="de"/>
						</TextLine>
						<TextLine ID="line_18" HPOS="201" VPOS="646" WIDTH="824" HEIGHT="28">
							<String ID="string_186" HPOS="201" VPOS="646" WIDTH="37" HEIGHT="22" WC="0.96" CONTENT="fall"/><SP WIDTH="23" VPOS="646" HPOS="238"/>
							<String ID="string_187" HPOS="261" VPOS="647" WIDTH="65" HEIGHT="22" WC="0.96" CONTENT="dessa"/><SP WIDTH="21" VPOS="647" HPOS="326"/>
							<String ID="string_188" HPOS="347" VPOS="647" WIDTH="123" HEIGHT="27" WC="0.92" CONTENT="paragrafer"/><SP WIDTH="20" VPOS="647" HPOS="470"/>
							<String ID="string_189" HPOS="490" VPOS="647" WIDTH="45" HEIGHT="22" WC="0.92" CONTENT="afse"/><SP WIDTH="20" VPOS="647" HPOS="535"/>
							<String ID="string_190" HPOS="555" VPOS="648" WIDTH="80" HEIGHT="26" WC="0.96" CONTENT="uppstå"/><SP WIDTH="21" VPOS="648" HPOS="635"/>
							<String ID="string_191" HPOS="656" VPOS="647" WIDTH="125" HEIGHT="27" WC="0.93" CONTENT="visserligen"/><SP WIDTH="28" VPOS="647" HPOS="781"/>
							<String ID="string_192" HPOS="809" VPOS="647" WIDTH="98" HEIGHT="27" WC="0.89" CONTENT="giftorätt"/><SP WIDTH="23" VPOS="647" HPOS="907"/>
							<String ID="string_193" HPOS="930" VPOS="647" WIDTH="40" HEIGHT="22" WC="0.92" CONTENT="och"/><SP WIDTH="23" VPOS="647" HPOS="970"/>
							<String ID="string_194" HPOS="993" VPOS="647" WIDTH="32" HEIGHT="21" WC="0.92" CONTENT="åt-"/>
						</TextLine>
						<TextLine ID="line_19" HPOS="201" VPOS="675" WIDTH="824" HEIGHT="28">
							<String ID="string_195" HPOS="201" VPOS="675" WIDTH="87" HEIGHT="27" WC="0.91" CONTENT="skilliga"/><SP WIDTH="15" VPOS="675" HPOS="288"/>
							<String ID="string_196" HPOS="303" VPOS="676" WIDTH="67" HEIGHT="21" WC="0.96" CONTENT="andra"/><SP WIDTH="15" VPOS="676" HPOS="370"/>
							<String ID="string_197" HPOS="385" VPOS="676" WIDTH="48" HEIGHT="22" WC="0.96" CONTENT="med"/><SP WIDTH="16" VPOS="676" HPOS="433"/>
							<String ID="string_198" HPOS="449" VPOS="676" WIDTH="120" HEIGHT="27" WC="0.96" CONTENT="äktenskap"/><SP WIDTH="16" VPOS="676" HPOS="569"/>
							<String ID="string_199" HPOS="585" VPOS="676" WIDTH="102" HEIGHT="22" WC="0.93" CONTENT="förenade"/><SP WIDTH="16" VPOS="676" HPOS="687"/>
							<String ID="string_200" HPOS="703" VPOS="675" WIDTH="212" HEIGHT="27" WC="0.90" CONTENT="rättsförhållanden,"/><SP WIDTH="11" VPOS="675" HPOS="915"/>
							<String ID="string_201" HPOS="926" VPOS="682" WIDTH="48" HEIGHT="15" WC="0.92" CONTENT="men"/><SP WIDTH="10" VPOS="682" HPOS="974"/>
							<String ID="string_202" HPOS="984" VPOS="675" WIDTH="41" HEIGHT="21" WC="0.92" CONTENT="lik-"/>
						</TextLine>
						<TextLine ID="line_20" HPOS="201" VPOS="704" WIDTH="824" HEIGHT="28">
							<String ID="string_203" HPOS="201" VPOS="704" WIDTH="66" HEIGHT="21" WC="0.96" CONTENT="ställd"/><SP WIDTH="22" VPOS="704" HPOS="267"/>
							<String ID="string_204" HPOS="289" VPOS="704" WIDTH="49" HEIGHT="22" WC="0.96" CONTENT="med"/><SP WIDTH="19" VPOS="704" HPOS="338"/>
							<String ID="string_205" HPOS="357" VPOS="704" WIDTH="68" HEIGHT="28" WC="0.95" CONTENT="vigsel"/><SP WIDTH="18" VPOS="704" HPOS="425"/>
							<String ID="string_206" HPOS="443" VPOS="705" WIDTH="42" HEIGHT="21" WC="0.96" CONTENT="kan"/><SP WIDTH="15" VPOS="705" HPOS="485"/>
							<String ID="string_207" HPOS="500" VPOS="711" WIDTH="49" HEIGHT="15" WC="0.96" CONTENT="man"/><SP WIDTH="16" VPOS="711" HPOS="549"/>
							<String ID="string_208" HPOS="565" VPOS="705" WIDTH="33" HEIGHT="21" WC="0.96" CONTENT="väl"/><SP WIDTH="17" VPOS="705" HPOS="598"/>
							<String ID="string_209" HPOS="615" VPOS="705" WIDTH="56" HEIGHT="21" WC="0.96" CONTENT="ändå"/><SP WIDTH="14" VPOS="705" HPOS="671"/>
							<String ID="string_210" HPOS="685" VPOS="704" WIDTH="48" HEIGHT="22" WC="0.96" CONTENT="icke"/><SP WIDTH="16" VPOS="704" HPOS="733"/>
							<String ID="string_211" HPOS="749" VPOS="710" WIDTH="52" HEIGHT="16" WC="0.97" CONTENT="anse"/><SP WIDTH="16" VPOS="710" HPOS="801"/>
							<String ID="string_212" HPOS="817" VPOS="704" WIDTH="113" HEIGHT="22" WC="0.93" CONTENT="domarens"/><SP WIDTH="15" VPOS="704" HPOS="930"/>
							<String ID="string_213" HPOS="945" VPOS="704" WIDTH="80" HEIGHT="22" WC="0.92" CONTENT="förkla-"/>
						</TextLine>
						<TextLine ID="line_21" HPOS="201" VPOS="732" WIDTH="824" HEIGHT="29">
							<String ID="string_214" HPOS="201" VPOS="733" WIDTH="48" HEIGHT="27" WC="0.96" CONTENT="ring"/><SP WIDTH="15" VPOS="733" HPOS="249"/>
							<String ID="string_215" HPOS="264" VPOS="733" WIDTH="32" HEIGHT="21" WC="0.96" CONTENT="uti"/><SP WIDTH="15" VPOS="733" HPOS="296"/>
							<String ID="string_216" HPOS="311" VPOS="734" WIDTH="38" HEIGHT="21" WC="0.96" CONTENT="der"/><SP WIDTH="16" VPOS="734" HPOS="349"/>
							<String ID="string_217" HPOS="365" VPOS="733" WIDTH="97" HEIGHT="28" WC="0.96" CONTENT="åsyftade"/><SP WIDTH="15" VPOS="733" HPOS="462"/>
							<String ID="string_218" HPOS="477" VPOS="733" WIDTH="43" HEIGHT="26" WC="0.96" CONTENT="fall,"/><SP WIDTH="16" VPOS="733" HPOS="520"/>
							<String ID="string_219" HPOS="536" VPOS="740" WIDTH="49" HEIGHT="15" WC="0.96" CONTENT="men"/><SP WIDTH="14" VPOS="740" HPOS="585"/>
							<String ID="string_220" HPOS="599" VPOS="733" WIDTH="40" HEIGHT="22" WC="0.96" CONTENT="här"/><SP WIDTH="16" VPOS="733" HPOS="639"/>
							<String ID="string_221" HPOS="655" VPOS="734" WIDTH="40" HEIGHT="21" WC="0.96" CONTENT="blir"/><SP WIDTH="15" VPOS="734" HPOS="695"/>
							<String ID="string_222" HPOS="710" VPOS="734" WIDTH="41" HEIGHT="21" WC="0.96" CONTENT="den"/><SP WIDTH="15" VPOS="734" HPOS="751"/>
							<String ID="string_223" HPOS="766" VPOS="733" WIDTH="122" HEIGHT="27" WC="0.96" CONTENT="borgerliga"/><SP WIDTH="14" VPOS="733" HPOS="888"/>
							<String ID="string_224" HPOS="902" VPOS="733" WIDTH="64" HEIGHT="22" WC="0.93" CONTENT="akten"/><SP WIDTH="10" VPOS="733" HPOS="966"/>
							<String ID="string_225" HPOS="976" VPOS="732" WIDTH="49" HEIGHT="22" WC="0.91" CONTENT="full-"/>
						</TextLine>
						<TextLine ID="line_22" HPOS="201" VPOS="761" WIDTH="824" HEIGHT="29">
							<String ID="string_226" HPOS="201" VPOS="761" WIDTH="90" HEIGHT="28" WC="0.92" CONTENT="komligt"/><SP WIDTH="23" VPOS="761" HPOS="291"/>
							<String ID="string_227" HPOS="314" VPOS="762" WIDTH="112" HEIGHT="22" WC="0.96" CONTENT="enahanda"/><SP WIDTH="19" VPOS="762" HPOS="426"/>
							<String ID="string_228" HPOS="445" VPOS="768" WIDTH="46" HEIGHT="16" WC="0.91" CONTENT="som"/><SP WIDTH="16" VPOS="768" HPOS="491"/>
							<String ID="string_229" HPOS="507" VPOS="762" WIDTH="140" HEIGHT="27" WC="0.91" CONTENT="vigselakten."/><SP WIDTH="34" VPOS="762" HPOS="647"/>
							<String ID="string_230" HPOS="681" VPOS="762" WIDTH="29" HEIGHT="22" WC="0.95" CONTENT="Ur"/><SP WIDTH="21" VPOS="762" HPOS="710"/>
							<String ID="string_231" HPOS="731" VPOS="762" WIDTH="65" HEIGHT="22" WC="0.95" CONTENT="dessa"/><SP WIDTH="19" VPOS="762" HPOS="796"/>
							<String ID="string_232" HPOS="815" VPOS="762" WIDTH="131" HEIGHT="28" WC="0.96" CONTENT="synpunkter"/><SP WIDTH="16" VPOS="762" HPOS="946"/>
							<String ID="string_233" HPOS="962" VPOS="768" WIDTH="63" HEIGHT="22" WC="0.96" CONTENT="synes"/>
						</TextLine>
						<TextLine ID="line_23" HPOS="202" VPOS="790" WIDTH="826" HEIGHT="28">
							<String ID="string_234" HPOS="202" VPOS="790" WIDTH="38" HEIGHT="22" WC="0.96" CONTENT="det"/><SP WIDTH="19" VPOS="790" HPOS="240"/>
							<String ID="string_235" HPOS="259" VPOS="790" WIDTH="50" HEIGHT="27" WC="0.96" CONTENT="mig,"/><SP WIDTH="20" VPOS="790" HPOS="309"/>
							<String ID="string_236" HPOS="329" VPOS="797" WIDTH="46" HEIGHT="15" WC="0.96" CONTENT="som"/><SP WIDTH="20" VPOS="797" HPOS="375"/>
							<String ID="string_237" HPOS="395" VPOS="797" WIDTH="34" HEIGHT="15" WC="0.96" CONTENT="om"/><SP WIDTH="15" VPOS="797" HPOS="429"/>
							<String ID="string_238" HPOS="444" VPOS="791" WIDTH="119" HEIGHT="22" WC="0.96" CONTENT="utskottets"/><SP WIDTH="16" VPOS="791" HPOS="563"/>
							<String ID="string_239" HPOS="579" VPOS="791" WIDTH="81" HEIGHT="27" WC="0.96" CONTENT="förslag"/><SP WIDTH="15" VPOS="791" HPOS="660"/>
							<String ID="string_240" HPOS="675" VPOS="791" WIDTH="7" HEIGHT="21" WC="0.96" CONTENT="i"/><SP WIDTH="15" VPOS="791" HPOS="682"/>
							<String ID="string_241" HPOS="697" VPOS="791" WIDTH="70" HEIGHT="22" WC="0.95" CONTENT="denna"/><SP WIDTH="16" VPOS="791" HPOS="767"/>
							<String ID="string_242" HPOS="783" VPOS="790" WIDTH="35" HEIGHT="22" WC="0.96" CONTENT="del"/><SP WIDTH="16" VPOS="790" HPOS="818"/>
							<String ID="string_243" HPOS="834" VPOS="790" WIDTH="69" HEIGHT="22" WC="0.96" CONTENT="skulle"/><SP WIDTH="15" VPOS="790" HPOS="903"/>
							<String ID="string_244" HPOS="918" VPOS="790" WIDTH="72" HEIGHT="22" WC="0.96" CONTENT="kunna"/><SP WIDTH="15" VPOS="790" HPOS="990"/>
							<String ID="string_245" HPOS="1005" VPOS="790" WIDTH="23" HEIGHT="22" WC="0.96" CONTENT="af"/>
						</TextLine>
						<TextLine ID="line_24" HPOS="201" VPOS="818" WIDTH="365" HEIGHT="29">
							<String ID="string_246" HPOS="201" VPOS="818" WIDTH="116" HEIGHT="28" WC="0.93" CONTENT="höglofliga"/><SP WIDTH="15" VPOS="818" HPOS="317"/>
							<String ID="string_247" HPOS="332" VPOS="820" WIDTH="88" HEIGHT="22" WC="0.96" CONTENT="ståndet"/><SP WIDTH="15" VPOS="820" HPOS="420"/>
							<String ID="string_248" HPOS="435" VPOS="820" WIDTH="131" HEIGHT="27" WC="0.96" CONTENT="godkännas."/>
						</TextLine>
					</TextBlock>
					<TextBlock ID="block_3" HPOS="201" VPOS="848" WIDTH="825" HEIGHT="343">
						<TextLine ID="line_25" HPOS="271" VPOS="848" WIDTH="755" HEIGHT="28">
							<String ID="string_249" HPOS="271" VPOS="848" WIDTH="56" HEIGHT="22" WC="0.95" CONTENT="Herr"/><SP WIDTH="22" VPOS="848" HPOS="327"/>
							<String ID="string_250" HPOS="349" VPOS="854" WIDTH="42" HEIGHT="16" WC="0.93" CONTENT="von"/><SP WIDTH="22" VPOS="854" HPOS="391"/>
							<String ID="string_251" HPOS="413" VPOS="849" WIDTH="125" HEIGHT="21" WC="0.92" CONTENT="Hellens:"/><SP WIDTH="30" VPOS="849" HPOS="538"/>
							<String ID="string_252" HPOS="568" VPOS="848" WIDTH="57" HEIGHT="22" WC="0.96" CONTENT="Herr"/><SP WIDTH="21" VPOS="848" HPOS="625"/>
							<String ID="string_253" HPOS="646" VPOS="849" WIDTH="149" HEIGHT="27" WC="0.96" CONTENT="Montgomery"/><SP WIDTH="22" VPOS="849" HPOS="795"/>
							<String ID="string_254" HPOS="817" VPOS="848" WIDTH="40" HEIGHT="21" WC="0.96" CONTENT="har"/><SP WIDTH="21" VPOS="848" HPOS="857"/>
							<String ID="string_255" HPOS="878" VPOS="848" WIDTH="48" HEIGHT="22" WC="0.96" CONTENT="icke"/><SP WIDTH="17" VPOS="848" HPOS="926"/>
							<String ID="string_256" HPOS="943" VPOS="848" WIDTH="83" HEIGHT="21" WC="0.96" CONTENT="kunnat"/>
						</TextLine>
						<TextLine ID="line_26" HPOS="201" VPOS="876" WIDTH="825" HEIGHT="28">
							<String ID="string_257" HPOS="201" VPOS="876" WIDTH="104" HEIGHT="28" WC="0.91" CONTENT="uppgifva"/><SP WIDTH="16" VPOS="876" HPOS="305"/>
							<String ID="string_258" HPOS="321" VPOS="878" WIDTH="33" HEIGHT="20" WC="0.96" CONTENT="att"/><SP WIDTH="15" VPOS="878" HPOS="354"/>
							<String ID="string_259" HPOS="369" VPOS="878" WIDTH="66" HEIGHT="21" WC="0.96" CONTENT="dessa"/><SP WIDTH="14" VPOS="878" HPOS="435"/>
							<String ID="string_260" HPOS="449" VPOS="878" WIDTH="83" HEIGHT="26" WC="0.96" CONTENT="lagrum"/><SP WIDTH="14" VPOS="878" HPOS="532"/>
							<String ID="string_261" HPOS="546" VPOS="877" WIDTH="8" HEIGHT="21" WC="0.96" CONTENT="i"/><SP WIDTH="14" VPOS="877" HPOS="554"/>
							<String ID="string_262" HPOS="568" VPOS="877" WIDTH="148" HEIGHT="27" WC="0.96" CONTENT="verkligheten"/><SP WIDTH="16" VPOS="877" HPOS="716"/>
							<String ID="string_263" HPOS="732" VPOS="879" WIDTH="37" HEIGHT="19" WC="0.96" CONTENT="äro"/><SP WIDTH="16" VPOS="879" HPOS="769"/>
							<String ID="string_264" HPOS="785" VPOS="877" WIDTH="95" HEIGHT="21" WC="0.96" CONTENT="ändrade"/><SP WIDTH="15" VPOS="877" HPOS="880"/>
							<String ID="string_265" HPOS="895" VPOS="877" WIDTH="40" HEIGHT="21" WC="0.96" CONTENT="och"/><SP WIDTH="14" VPOS="877" HPOS="935"/>
							<String ID="string_266" HPOS="949" VPOS="877" WIDTH="33" HEIGHT="21" WC="0.96" CONTENT="lär"/><SP WIDTH="10" VPOS="877" HPOS="982"/>
							<String ID="string_267" HPOS="992" VPOS="876" WIDTH="34" HEIGHT="22" WC="0.96" CONTENT="väl"/>
						</TextLine>
						<TextLine ID="line_27" HPOS="201" VPOS="905" WIDTH="824" HEIGHT="28">
							<String ID="string_268" HPOS="201" VPOS="906" WIDTH="19" HEIGHT="26" WC="0.96" CONTENT="ej"/><SP WIDTH="23" VPOS="906" HPOS="220"/>
							<String ID="string_269" HPOS="243" VPOS="905" WIDTH="51" HEIGHT="28" WC="0.96" CONTENT="vilja"/><SP WIDTH="22" VPOS="905" HPOS="294"/>
							<String ID="string_270" HPOS="316" VPOS="906" WIDTH="97" HEIGHT="22" WC="0.96" CONTENT="bestrida"/><SP WIDTH="18" VPOS="906" HPOS="413"/>
							<String ID="string_271" HPOS="431" VPOS="908" WIDTH="33" HEIGHT="20" WC="0.96" CONTENT="att"/><SP WIDTH="19" VPOS="908" HPOS="464"/>
							<String ID="string_272" HPOS="483" VPOS="906" WIDTH="110" HEIGHT="22" WC="0.96" CONTENT="desamma"/><SP WIDTH="20" VPOS="906" HPOS="593"/>
							<String ID="string_273" HPOS="613" VPOS="906" WIDTH="132" HEIGHT="22" WC="0.93" CONTENT="fortfarande"/><SP WIDTH="23" VPOS="906" HPOS="745"/>
							<String ID="string_274" HPOS="768" VPOS="906" WIDTH="88" HEIGHT="26" WC="0.90" CONTENT="qvarstå"/><SP WIDTH="18" VPOS="906" HPOS="856"/>
							<String ID="string_275" HPOS="874" VPOS="905" WIDTH="49" HEIGHT="22" WC="0.96" CONTENT="med"/><SP WIDTH="15" VPOS="905" HPOS="923"/>
							<String ID="string_276" HPOS="938" VPOS="906" WIDTH="41" HEIGHT="21" WC="0.93" CONTENT="den"/><SP WIDTH="15" VPOS="906" HPOS="979"/>
							<String ID="string_277" HPOS="994" VPOS="906" WIDTH="31" HEIGHT="27" WC="0.88" CONTENT="ly-"/>
						</TextLine>
						<TextLine ID="line_28" HPOS="201" VPOS="934" WIDTH="823" HEIGHT="28">
							<String ID="string_278" HPOS="201" VPOS="934" WIDTH="60" HEIGHT="22" WC="0.96" CONTENT="delse"/><SP WIDTH="24" VPOS="934" HPOS="261"/>
							<String ID="string_279" HPOS="285" VPOS="934" WIDTH="26" HEIGHT="22" WC="0.96" CONTENT="de"/><SP WIDTH="22" VPOS="934" HPOS="311"/>
							<String ID="string_280" HPOS="333" VPOS="941" WIDTH="30" HEIGHT="15" WC="0.95" CONTENT="nu"/><SP WIDTH="19" VPOS="941" HPOS="363"/>
							<String ID="string_281" HPOS="382" VPOS="934" WIDTH="6" HEIGHT="22" WC="0.96" CONTENT="i"/><SP WIDTH="19" VPOS="934" HPOS="388"/>
							<String ID="string_282" HPOS="407" VPOS="935" WIDTH="62" HEIGHT="27" WC="0.96" CONTENT="lagen"/><SP WIDTH="15" VPOS="935" HPOS="469"/>
							<String ID="string_283" HPOS="484" VPOS="934" WIDTH="69" HEIGHT="23" WC="0.96" CONTENT="hafva."/><SP WIDTH="32" VPOS="934" HPOS="553"/>
							<String ID="string_284" HPOS="585" VPOS="935" WIDTH="73" HEIGHT="21" WC="0.87" CONTENT="Skulle"/><SP WIDTH="17" VPOS="935" HPOS="658"/>
							<String ID="string_285" HPOS="675" VPOS="935" WIDTH="64" HEIGHT="21" WC="0.96" CONTENT="dessa"/><SP WIDTH="14" VPOS="935" HPOS="739"/>
							<String ID="string_286" HPOS="753" VPOS="934" WIDTH="126" HEIGHT="28" WC="0.96" CONTENT="paragrafer"/><SP WIDTH="15" VPOS="934" HPOS="879"/>
							<String ID="string_287" HPOS="894" VPOS="936" WIDTH="52" HEIGHT="25" WC="0.93" CONTENT="säga"/><SP WIDTH="15" VPOS="936" HPOS="946"/>
							<String ID="string_288" HPOS="961" VPOS="936" WIDTH="15" HEIGHT="20" WC="0.93" CONTENT="t."/><SP WIDTH="17" VPOS="936" HPOS="976"/>
							<String ID="string_289" HPOS="993" VPOS="941" WIDTH="31" HEIGHT="15" WC="0.96" CONTENT="ex."/>
						</TextLine>
						<TextLine ID="line_29" HPOS="202" VPOS="962" WIDTH="824" HEIGHT="28">
							<String ID="string_290" HPOS="202" VPOS="964" WIDTH="33" HEIGHT="20" WC="0.92" CONTENT="att"/><SP WIDTH="24" VPOS="964" HPOS="235"/>
							<String ID="string_291" HPOS="259" VPOS="979" WIDTH="9" HEIGHT="9" WC="0.90" CONTENT=","/><SP WIDTH="5" VPOS="979" HPOS="268"/>
							<String ID="string_292" HPOS="273" VPOS="962" WIDTH="78" HEIGHT="26" WC="0.92" CONTENT="endast"/><SP WIDTH="22" VPOS="962" HPOS="351"/>
							<String ID="string_293" HPOS="373" VPOS="963" WIDTH="7" HEIGHT="21" WC="0.96" CONTENT="i"/><SP WIDTH="23" VPOS="963" HPOS="380"/>
							<String ID="string_294" HPOS="403" VPOS="964" WIDTH="35" HEIGHT="21" WC="0.95" CONTENT="del"/><SP WIDTH="19" VPOS="964" HPOS="438"/>
							<String ID="string_295" HPOS="457" VPOS="964" WIDTH="36" HEIGHT="21" WC="0.96" CONTENT="fall"/><SP WIDTH="15" VPOS="964" HPOS="493"/>
							<String ID="string_296" HPOS="508" VPOS="965" WIDTH="33" HEIGHT="20" WC="0.96" CONTENT="att"/><SP WIDTH="14" VPOS="965" HPOS="541"/>
							<String ID="string_297" HPOS="555" VPOS="970" WIDTH="48" HEIGHT="15" WC="0.96" CONTENT="man"/><SP WIDTH="17" VPOS="970" HPOS="603"/>
							<String ID="string_298" HPOS="620" VPOS="964" WIDTH="40" HEIGHT="21" WC="0.96" CONTENT="och"/><SP WIDTH="15" VPOS="964" HPOS="660"/>
							<String ID="string_299" HPOS="675" VPOS="964" WIDTH="78" HEIGHT="21" WC="0.96" CONTENT="hustru"/><SP WIDTH="16" VPOS="964" HPOS="753"/>
							<String ID="string_300" HPOS="769" VPOS="966" WIDTH="36" HEIGHT="18" WC="0.93" CONTENT="äro"/><SP WIDTH="16" VPOS="966" HPOS="805"/>
							<String ID="string_301" HPOS="821" VPOS="963" WIDTH="165" HEIGHT="27" WC="0.90" CONTENT="sammanvigda,"/><SP WIDTH="17" VPOS="963" HPOS="986"/>
							<String ID="string_302" HPOS="1003" VPOS="965" WIDTH="23" HEIGHT="19" WC="0.97" CONTENT="är"/>
						</TextLine>
						<TextLine ID="line_30" HPOS="201" VPOS="991" WIDTH="825" HEIGHT="28">
							<String ID="string_303" HPOS="201" VPOS="991" WIDTH="44" HEIGHT="21" WC="0.96" CONTENT="han"/><SP WIDTH="15" VPOS="991" HPOS="245"/>
							<String ID="string_304" HPOS="260" VPOS="992" WIDTH="82" HEIGHT="21" WC="0.96" CONTENT="hennes"/><SP WIDTH="15" VPOS="992" HPOS="342"/>
							<String ID="string_305" HPOS="357" VPOS="992" WIDTH="105" HEIGHT="21" WC="0.95" CONTENT="målsman"/><SP WIDTH="16" VPOS="992" HPOS="462"/>
							<String ID="string_306" HPOS="478" VPOS="992" WIDTH="40" HEIGHT="21" WC="0.96" CONTENT="och"/><SP WIDTH="16" VPOS="992" HPOS="518"/>
							<String ID="string_307" HPOS="534" VPOS="998" WIDTH="51" HEIGHT="21" WC="0.93" CONTENT="eger"/><SP WIDTH="15" VPOS="998" HPOS="585"/>
							<String ID="string_308" HPOS="600" VPOS="992" WIDTH="99" HEIGHT="27" WC="0.91" CONTENT="giftorätt"/><SP WIDTH="14" VPOS="992" HPOS="699"/>
							<String ID="string_309" HPOS="713" VPOS="992" WIDTH="68" HEIGHT="26" WC="0.89" CONTENT="rum”,"/><SP WIDTH="17" VPOS="992" HPOS="781"/>
							<String ID="string_310" HPOS="798" VPOS="992" WIDTH="25" HEIGHT="21" WC="0.96" CONTENT="så"/><SP WIDTH="15" VPOS="992" HPOS="823"/>
							<String ID="string_311" HPOS="838" VPOS="992" WIDTH="68" HEIGHT="21" WC="0.96" CONTENT="skulle"/><SP WIDTH="16" VPOS="992" HPOS="906"/>
							<String ID="string_312" HPOS="922" VPOS="992" WIDTH="60" HEIGHT="21" WC="0.94" CONTENT="äfven"/><SP WIDTH="6" VPOS="992" HPOS="982"/>
							<String ID="string_313" HPOS="988" VPOS="992" WIDTH="38" HEIGHT="27" WC="0.94" CONTENT="jag"/>
						</TextLine>
						<TextLine ID="line_31" HPOS="201" VPOS="1019" WIDTH="824" HEIGHT="29">
							<String ID="string_314" HPOS="201" VPOS="1019" WIDTH="115" HEIGHT="28" WC="0.96" CONTENT="godkänna"/><SP WIDTH="15" VPOS="1019" HPOS="316"/>
							<String ID="string_315" HPOS="331" VPOS="1021" WIDTH="121" HEIGHT="22" WC="0.96" CONTENT="utskottets"/><SP WIDTH="15" VPOS="1021" HPOS="452"/>
							<String ID="string_316" HPOS="467" VPOS="1021" WIDTH="122" HEIGHT="27" WC="0.96" CONTENT="föreslagna"/><SP WIDTH="15" VPOS="1021" HPOS="589"/>
							<String ID="string_317" HPOS="604" VPOS="1021" WIDTH="91" HEIGHT="26" WC="0.96" CONTENT="ingress,"/><SP WIDTH="16" VPOS="1021" HPOS="695"/>
							<String ID="string_318" HPOS="711" VPOS="1027" WIDTH="49" HEIGHT="15" WC="0.96" CONTENT="men"/><SP WIDTH="15" VPOS="1027" HPOS="760"/>
							<String ID="string_319" HPOS="775" VPOS="1020" WIDTH="26" HEIGHT="22" WC="0.96" CONTENT="så"/><SP WIDTH="15" VPOS="1020" HPOS="801"/>
							<String ID="string_320" HPOS="816" VPOS="1022" WIDTH="64" HEIGHT="25" WC="0.96" CONTENT="säger"/><SP WIDTH="14" VPOS="1022" HPOS="880"/>
							<String ID="string_321" HPOS="894" VPOS="1020" WIDTH="61" HEIGHT="27" WC="0.96" CONTENT="lagen"/><SP WIDTH="12" VPOS="1020" HPOS="955"/>
							<String ID="string_322" HPOS="967" VPOS="1020" WIDTH="58" HEIGHT="27" WC="0.96" CONTENT="icke;"/>
						</TextLine>
						<TextLine ID="line_32" HPOS="201" VPOS="1049" WIDTH="824" HEIGHT="27">
							<String ID="string_323" HPOS="201" VPOS="1050" WIDTH="52" HEIGHT="19" WC="0.96" CONTENT="utan"/><SP WIDTH="23" VPOS="1050" HPOS="253"/>
							<String ID="string_324" HPOS="276" VPOS="1049" WIDTH="57" HEIGHT="21" WC="0.94" CONTENT="blott"/><SP WIDTH="22" VPOS="1049" HPOS="333"/>
							<String ID="string_325" HPOS="355" VPOS="1049" WIDTH="68" HEIGHT="22" WC="0.96" CONTENT="sedan"/><SP WIDTH="19" VPOS="1049" HPOS="423"/>
							<String ID="string_326" HPOS="442" VPOS="1049" WIDTH="52" HEIGHT="22" WC="0.95" CONTENT="eller"/><SP WIDTH="24" VPOS="1049" HPOS="494"/>
							<String ID="string_327" HPOS="518" VPOS="1052" WIDTH="39" HEIGHT="19" WC="0.96" CONTENT="när"/><SP WIDTH="21" VPOS="1052" HPOS="557"/>
							<String ID="string_328" HPOS="578" VPOS="1056" WIDTH="49" HEIGHT="15" WC="0.96" CONTENT="man"/><SP WIDTH="16" VPOS="1056" HPOS="627"/>
							<String ID="string_329" HPOS="643" VPOS="1049" WIDTH="40" HEIGHT="22" WC="0.96" CONTENT="och"/><SP WIDTH="16" VPOS="1049" HPOS="683"/>
							<String ID="string_330" HPOS="699" VPOS="1049" WIDTH="77" HEIGHT="22" WC="0.95" CONTENT="hustru"/><SP WIDTH="15" VPOS="1049" HPOS="776"/>
							<String ID="string_331" HPOS="791" VPOS="1051" WIDTH="38" HEIGHT="20" WC="0.93" CONTENT="äro"/><SP WIDTH="16" VPOS="1051" HPOS="829"/>
							<String ID="string_332" HPOS="845" VPOS="1049" WIDTH="180" HEIGHT="27" WC="0.90" CONTENT="sammanvigda*,"/>
						</TextLine>
						<TextLine ID="line_33" HPOS="201" VPOS="1077" WIDTH="825" HEIGHT="28">
							<String ID="string_333" HPOS="201" VPOS="1077" WIDTH="40" HEIGHT="22" WC="0.96" CONTENT="och"/><SP WIDTH="24" VPOS="1077" HPOS="241"/>
							<String ID="string_334" HPOS="265" VPOS="1077" WIDTH="70" HEIGHT="22" WC="0.95" CONTENT="denna"/><SP WIDTH="22" VPOS="1077" HPOS="335"/>
							<String ID="string_335" HPOS="357" VPOS="1078" WIDTH="71" HEIGHT="21" WC="0.95" CONTENT="skilda"/><SP WIDTH="23" VPOS="1078" HPOS="428"/>
							<String ID="string_336" HPOS="451" VPOS="1077" WIDTH="125" HEIGHT="28" WC="0.96" CONTENT="författning"/><SP WIDTH="19" VPOS="1077" HPOS="576"/>
							<String ID="string_337" HPOS="595" VPOS="1079" WIDTH="94" HEIGHT="26" WC="0.96" CONTENT="stadgar,"/><SP WIDTH="17" VPOS="1079" HPOS="689"/>
							<String ID="string_338" HPOS="706" VPOS="1079" WIDTH="33" HEIGHT="20" WC="0.96" CONTENT="att"/><SP WIDTH="14" VPOS="1079" HPOS="739"/>
							<String ID="string_339" HPOS="753" VPOS="1079" WIDTH="40" HEIGHT="20" WC="0.96" CONTENT="när"/><SP WIDTH="15" VPOS="1079" HPOS="793"/>
							<String ID="string_340" HPOS="808" VPOS="1078" WIDTH="120" HEIGHT="27" WC="0.96" CONTENT="äktenskap"/><SP WIDTH="16" VPOS="1078" HPOS="928"/>
							<String ID="string_341" HPOS="944" VPOS="1078" WIDTH="82" HEIGHT="27" WC="0.96" CONTENT="ingåtts"/>
						</TextLine>
						<TextLine ID="line_34" HPOS="201" VPOS="1105" WIDTH="825" HEIGHT="30">
							<String ID="string_342" HPOS="201" VPOS="1105" WIDTH="56" HEIGHT="22" WC="0.96" CONTENT="inför"/><SP WIDTH="15" VPOS="1105" HPOS="257"/>
							<String ID="string_343" HPOS="272" VPOS="1107" WIDTH="109" HEIGHT="27" WC="0.96" CONTENT="borgerlig"/><SP WIDTH="14" VPOS="1107" HPOS="381"/>
							<String ID="string_344" HPOS="395" VPOS="1107" WIDTH="130" HEIGHT="28" WC="0.96" CONTENT="myndighet,"/><SP WIDTH="17" VPOS="1107" HPOS="525"/>
							<String ID="string_345" HPOS="542" VPOS="1107" WIDTH="27" HEIGHT="21" WC="0.96" CONTENT="då"/><SP WIDTH="14" VPOS="1107" HPOS="569"/>
							<String ID="string_346" HPOS="583" VPOS="1107" WIDTH="97" HEIGHT="21" WC="0.96" CONTENT="inträder"/><SP WIDTH="15" VPOS="1107" HPOS="680"/>
							<String ID="string_347" HPOS="695" VPOS="1113" WIDTH="82" HEIGHT="16" WC="0.95" CONTENT="samma"/><SP WIDTH="10" VPOS="1113" HPOS="777"/>
							<String ID="string_348" HPOS="787" VPOS="1106" WIDTH="139" HEIGHT="26" WC="0.96" CONTENT="förhållande,"/><SP WIDTH="12" VPOS="1106" HPOS="926"/>
							<String ID="string_349" HPOS="938" VPOS="1113" WIDTH="45" HEIGHT="15" WC="0.96" CONTENT="som"/><SP WIDTH="9" VPOS="1113" HPOS="983"/>
							<String ID="string_350" HPOS="992" VPOS="1113" WIDTH="34" HEIGHT="15" WC="0.96" CONTENT="om"/>
						</TextLine>
						<TextLine ID="line_35" HPOS="201" VPOS="1135" WIDTH="825" HEIGHT="28">
							<String ID="string_351" HPOS="201" VPOS="1135" WIDTH="84" HEIGHT="27" WC="0.96" CONTENT="kyrklig"/><SP WIDTH="15" VPOS="1135" HPOS="285"/>
							<String ID="string_352" HPOS="300" VPOS="1135" WIDTH="68" HEIGHT="27" WC="0.96" CONTENT="vigsel"/><SP WIDTH="16" VPOS="1135" HPOS="368"/>
							<String ID="string_353" HPOS="384" VPOS="1136" WIDTH="69" HEIGHT="21" WC="0.96" CONTENT="skulle"/><SP WIDTH="15" VPOS="1136" HPOS="453"/>
							<String ID="string_354" HPOS="468" VPOS="1135" WIDTH="63" HEIGHT="22" WC="0.96" CONTENT="hafva"/><SP WIDTH="15" VPOS="1135" HPOS="531"/>
							<String ID="string_355" HPOS="546" VPOS="1136" WIDTH="146" HEIGHT="27" WC="0.93" CONTENT="äktenskapet"/><SP WIDTH="15" VPOS="1136" HPOS="692"/>
							<String ID="string_356" HPOS="707" VPOS="1135" WIDTH="108" HEIGHT="22" WC="0.87" CONTENT="åkommit."/><SP WIDTH="31" VPOS="1135" HPOS="815"/>
							<String ID="string_357" HPOS="846" VPOS="1135" WIDTH="42" HEIGHT="27" WC="0.96" CONTENT="Jag"/><SP WIDTH="10" VPOS="1135" HPOS="888"/>
							<String ID="string_358" HPOS="898" VPOS="1135" WIDTH="69" HEIGHT="22" WC="0.93" CONTENT="måste"/><SP WIDTH="11" VPOS="1135" HPOS="967"/>
							<String ID="string_359" HPOS="978" VPOS="1135" WIDTH="48" HEIGHT="22" WC="0.92" CONTENT="der-"/>
						</TextLine>
						<TextLine ID="line_36" HPOS="201" VPOS="1163" WIDTH="541" HEIGHT="28">
							<String ID="string_360" HPOS="201" VPOS="1163" WIDTH="46" HEIGHT="22" WC="0.96" CONTENT="före"/><SP WIDTH="14" VPOS="1163" HPOS="247"/>
							<String ID="string_361" HPOS="261" VPOS="1163" WIDTH="96" HEIGHT="22" WC="0.96" CONTENT="vidhålla"/><SP WIDTH="14" VPOS="1163" HPOS="357"/>
							<String ID="string_362" HPOS="371" VPOS="1164" WIDTH="44" HEIGHT="21" WC="0.93" CONTENT="min"/><SP WIDTH="14" VPOS="1164" HPOS="415"/>
							<String ID="string_363" HPOS="429" VPOS="1165" WIDTH="136" HEIGHT="21" WC="0.92" CONTENT="vördsamma"/><SP WIDTH="15" VPOS="1165" HPOS="565"/>
							<String ID="string_364" HPOS="580" VPOS="1164" WIDTH="162" HEIGHT="27" WC="0.95" CONTENT="framställning."/>
						</TextLine>
					</TextBlock>
					<TextBlock ID="block_4" HPOS="271" VPOS="1192" WIDTH="691" HEIGHT="27">
						<TextLine ID="line_37" HPOS="271" VPOS="1192" WIDTH="691" HEIGHT="27">
							<String ID="string_365" HPOS="271" VPOS="1193" WIDTH="56" HEIGHT="21" WC="0.93" CONTENT="Herr"/><SP WIDTH="14" VPOS="1193" HPOS="327"/>
							<String ID="string_366" HPOS="341" VPOS="1193" WIDTH="133" HEIGHT="22" WC="0.91" CONTENT="Mechelin"/><SP WIDTH="15" VPOS="1193" HPOS="474"/>
							<String ID="string_367" HPOS="489" VPOS="1193" WIDTH="146" HEIGHT="22" WC="0.96" CONTENT="understödde"/><SP WIDTH="15" VPOS="1193" HPOS="635"/>
							<String ID="string_368" HPOS="650" VPOS="1193" WIDTH="51" HEIGHT="22" WC="0.97" CONTENT="herr"/><SP WIDTH="14" VPOS="1193" HPOS="701"/>
							<String ID="string_369" HPOS="715" VPOS="1199" WIDTH="42" HEIGHT="15" WC="0.93" CONTENT="von"/><SP WIDTH="15" VPOS="1199" HPOS="757"/>
							<String ID="string_370" HPOS="772" VPOS="1193" WIDTH="89" HEIGHT="21" WC="0.92" CONTENT="Hellens"/><SP WIDTH="16" VPOS="1193" HPOS="861"/>
							<String ID="string_371" HPOS="877" VPOS="1192" WIDTH="85" HEIGHT="27" WC="0.96" CONTENT="förslag."/>
						</TextLine>
					</TextBlock>
					<TextBlock ID="block_5" HPOS="200" VPOS="1221" WIDTH="830" HEIGHT="316">
						<TextLine ID="line_38" HPOS="270" VPOS="1221" WIDTH="757" HEIGHT="28">
							<String ID="string_372" HPOS="270" VPOS="1221" WIDTH="99" HEIGHT="22" WC="0.96" CONTENT="Friherre"/><SP WIDTH="16" VPOS="1221" HPOS="369"/>
							<String ID="string_373" HPOS="385" VPOS="1228" WIDTH="41" HEIGHT="15" WC="0.96" CONTENT="von"/><SP WIDTH="15" VPOS="1228" HPOS="426"/>
							<String ID="string_374" HPOS="441" VPOS="1222" WIDTH="75" HEIGHT="26" WC="0.90" CONTENT="Born,"/><SP WIDTH="10" VPOS="1222" HPOS="516"/>
							<String ID="string_375" HPOS="526" VPOS="1222" WIDTH="31" HEIGHT="21" WC="0.88" CONTENT="V.:"/><SP WIDTH="17" VPOS="1222" HPOS="557"/>
							<String ID="string_376" HPOS="574" VPOS="1223" WIDTH="33" HEIGHT="20" WC="0.96" CONTENT="Då"/><SP WIDTH="13" VPOS="1223" HPOS="607"/>
							<String ID="string_377" HPOS="620" VPOS="1222" WIDTH="38" HEIGHT="27" WC="0.96" CONTENT="jag"/><SP WIDTH="14" VPOS="1222" HPOS="658"/>
							<String ID="string_378" HPOS="672" VPOS="1221" WIDTH="33" HEIGHT="22" WC="0.96" CONTENT="för"/><SP WIDTH="15" VPOS="1221" HPOS="705"/>
							<String ID="string_379" HPOS="720" VPOS="1221" WIDTH="43" HEIGHT="22" WC="0.97" CONTENT="min"/><SP WIDTH="16" VPOS="1221" HPOS="763"/>
							<String ID="string_380" HPOS="779" VPOS="1221" WIDTH="35" HEIGHT="22" WC="0.95" CONTENT="del"/><SP WIDTH="9" VPOS="1221" HPOS="814"/>
							<String ID="string_381" HPOS="823" VPOS="1221" WIDTH="48" HEIGHT="22" WC="0.96" CONTENT="åter"/><SP WIDTH="8" VPOS="1221" HPOS="871"/>
							<String ID="string_382" HPOS="879" VPOS="1221" WIDTH="99" HEIGHT="22" WC="0.96" CONTENT="omfattar"/><SP WIDTH="8" VPOS="1221" HPOS="978"/>
							<String ID="string_383" HPOS="986" VPOS="1221" WIDTH="41" HEIGHT="21" WC="0.96" CONTENT="den"/>
						</TextLine>
						<TextLine ID="line_39" HPOS="201" VPOS="1249" WIDTH="826" HEIGHT="29">
							<String ID="string_384" HPOS="201" VPOS="1249" WIDTH="22" HEIGHT="21" WC="0.95" CONTENT="af"/><SP WIDTH="17" VPOS="1249" HPOS="223"/>
							<String ID="string_385" HPOS="240" VPOS="1249" WIDTH="50" HEIGHT="22" WC="0.96" CONTENT="herr"/><SP WIDTH="19" VPOS="1249" HPOS="290"/>
							<String ID="string_386" HPOS="309" VPOS="1250" WIDTH="148" HEIGHT="28" WC="0.96" CONTENT="Montgomery"/><SP WIDTH="18" VPOS="1250" HPOS="457"/>
							<String ID="string_387" HPOS="475" VPOS="1251" WIDTH="97" HEIGHT="21" WC="0.93" CONTENT="uttalade"/><SP WIDTH="19" VPOS="1251" HPOS="572"/>
							<String ID="string_388" HPOS="591" VPOS="1251" WIDTH="63" HEIGHT="26" WC="0.91" CONTENT="åsigt,"/><SP WIDTH="18" VPOS="1251" HPOS="654"/>
							<String ID="string_389" HPOS="672" VPOS="1251" WIDTH="19" HEIGHT="21" WC="0.91" CONTENT="d."/><SP WIDTH="17" VPOS="1251" HPOS="691"/>
							<String ID="string_390" HPOS="708" VPOS="1257" WIDTH="19" HEIGHT="15" WC="0.91" CONTENT="v."/><SP WIDTH="17" VPOS="1257" HPOS="727"/>
							<String ID="string_391" HPOS="744" VPOS="1257" WIDTH="17" HEIGHT="14" WC="0.90" CONTENT="s."/><SP WIDTH="16" VPOS="1257" HPOS="761"/>
							<String ID="string_392" HPOS="777" VPOS="1250" WIDTH="250" HEIGHT="25" WC="0.92" CONTENT="utskottsbetänkandet,"/>
						</TextLine>
						<TextLine ID="line_40" HPOS="201" VPOS="1278" WIDTH="827" HEIGHT="29">
							<String ID="string_393" HPOS="201" VPOS="1278" WIDTH="26" HEIGHT="21" WC="0.96" CONTENT="så"/><SP WIDTH="14" VPOS="1278" HPOS="227"/>
							<String ID="string_394" HPOS="241" VPOS="1278" WIDTH="40" HEIGHT="21" WC="0.96" CONTENT="ber"/><SP WIDTH="12" VPOS="1278" HPOS="281"/>
							<String ID="string_395" HPOS="293" VPOS="1279" WIDTH="38" HEIGHT="27" WC="0.96" CONTENT="jag"/><SP WIDTH="16" VPOS="1279" HPOS="331"/>
							<String ID="string_396" HPOS="347" VPOS="1280" WIDTH="33" HEIGHT="20" WC="0.95" CONTENT="att"/><SP WIDTH="14" VPOS="1280" HPOS="380"/>
							<String ID="string_397" HPOS="394" VPOS="1279" WIDTH="23" HEIGHT="21" WC="0.96" CONTENT="få"/><SP WIDTH="14" VPOS="1279" HPOS="417"/>
							<String ID="string_398" HPOS="431" VPOS="1279" WIDTH="140" HEIGHT="28" WC="0.96" CONTENT="understödja"/><SP WIDTH="8" VPOS="1279" HPOS="571"/>
							<String ID="string_399" HPOS="579" VPOS="1280" WIDTH="120" HEIGHT="21" WC="0.96" CONTENT="detsamma"/><SP WIDTH="11" VPOS="1280" HPOS="699"/>
							<String ID="string_400" HPOS="710" VPOS="1279" WIDTH="41" HEIGHT="22" WC="0.96" CONTENT="och"/><SP WIDTH="11" VPOS="1279" HPOS="751"/>
							<String ID="string_401" HPOS="762" VPOS="1280" WIDTH="58" HEIGHT="20" WC="0.96" CONTENT="emot"/><SP WIDTH="9" VPOS="1280" HPOS="820"/>
							<String ID="string_402" HPOS="829" VPOS="1279" WIDTH="50" HEIGHT="21" WC="0.96" CONTENT="herr"/><SP WIDTH="10" VPOS="1279" HPOS="879"/>
							<String ID="string_403" HPOS="889" VPOS="1285" WIDTH="41" HEIGHT="15" WC="0.92" CONTENT="von"/><SP WIDTH="10" VPOS="1285" HPOS="930"/>
							<String ID="string_404" HPOS="940" VPOS="1279" WIDTH="88" HEIGHT="21" WC="0.90" CONTENT="Heilens"/>
						</TextLine>
						<TextLine ID="line_41" HPOS="201" VPOS="1307" WIDTH="827" HEIGHT="28">
							<String ID="string_405" HPOS="201" VPOS="1307" WIDTH="111" HEIGHT="26" WC="0.96" CONTENT="anmärka,"/><SP WIDTH="17" VPOS="1307" HPOS="312"/>
							<String ID="string_406" HPOS="329" VPOS="1309" WIDTH="32" HEIGHT="20" WC="0.96" CONTENT="att"/><SP WIDTH="15" VPOS="1309" HPOS="361"/>
							<String ID="string_407" HPOS="376" VPOS="1307" WIDTH="7" HEIGHT="21" WC="0.96" CONTENT="i"/><SP WIDTH="16" VPOS="1307" HPOS="383"/>
							<String ID="string_408" HPOS="399" VPOS="1308" WIDTH="76" HEIGHT="27" WC="0.95" CONTENT="sjelfva"/><SP WIDTH="14" VPOS="1308" HPOS="475"/>
							<String ID="string_409" HPOS="489" VPOS="1308" WIDTH="76" HEIGHT="21" WC="0.96" CONTENT="verket"/><SP WIDTH="16" VPOS="1308" HPOS="565"/>
							<String ID="string_410" HPOS="581" VPOS="1308" WIDTH="70" HEIGHT="21" WC="0.96" CONTENT="denna"/><SP WIDTH="15" VPOS="1308" HPOS="651"/>
							<String ID="string_411" HPOS="666" VPOS="1308" WIDTH="35" HEIGHT="27" WC="0.96" CONTENT="lag"/><SP WIDTH="15" VPOS="1308" HPOS="701"/>
							<String ID="string_412" HPOS="716" VPOS="1309" WIDTH="40" HEIGHT="25" WC="0.96" CONTENT="gör"/><SP WIDTH="15" VPOS="1309" HPOS="756"/>
							<String ID="string_413" HPOS="771" VPOS="1313" WIDTH="24" HEIGHT="16" WC="0.96" CONTENT="en"/><SP WIDTH="18" VPOS="1313" HPOS="795"/>
							<String ID="string_414" HPOS="813" VPOS="1307" WIDTH="90" HEIGHT="27" WC="0.96" CONTENT="ändring"/><SP WIDTH="15" VPOS="1307" HPOS="903"/>
							<String ID="string_415" HPOS="918" VPOS="1307" WIDTH="31" HEIGHT="22" WC="0.93" CONTENT="uti"/><SP WIDTH="15" VPOS="1307" HPOS="949"/>
							<String ID="string_416" HPOS="964" VPOS="1309" WIDTH="15" HEIGHT="20" WC="0.93" CONTENT="t."/><SP WIDTH="17" VPOS="1309" HPOS="979"/>
							<String ID="string_417" HPOS="996" VPOS="1314" WIDTH="32" HEIGHT="15" WC="0.96" CONTENT="ex."/>
						</TextLine>
						<TextLine ID="line_42" HPOS="203" VPOS="1335" WIDTH="827" HEIGHT="28">
							<String ID="string_418" HPOS="203" VPOS="1337" WIDTH="9" HEIGHT="19" WC="0.88" CONTENT="1"/><SP WIDTH="21" VPOS="1337" HPOS="212"/>
							<String ID="string_419" HPOS="233" VPOS="1335" WIDTH="11" HEIGHT="27" WC="0.88" CONTENT="$"/><SP WIDTH="17" VPOS="1335" HPOS="244"/>
							<String ID="string_420" HPOS="261" VPOS="1337" WIDTH="12" HEIGHT="19" WC="0.96" CONTENT="9"/><SP WIDTH="16" VPOS="1337" HPOS="273"/>
							<String ID="string_421" HPOS="289" VPOS="1336" WIDTH="48" HEIGHT="26" WC="0.93" CONTENT="kap."/><SP WIDTH="18" VPOS="1336" HPOS="337"/>
							<String ID="string_422" HPOS="355" VPOS="1336" WIDTH="25" HEIGHT="21" WC="0.92" CONTENT="G."/><SP WIDTH="17" VPOS="1336" HPOS="380"/>
							<String ID="string_423" HPOS="397" VPOS="1337" WIDTH="32" HEIGHT="26" WC="0.92" CONTENT="B.,"/><SP WIDTH="16" VPOS="1337" HPOS="429"/>
							<String ID="string_424" HPOS="445" VPOS="1337" WIDTH="24" HEIGHT="21" WC="0.96" CONTENT="så"/><SP WIDTH="16" VPOS="1337" HPOS="469"/>
							<String ID="string_425" HPOS="485" VPOS="1337" WIDTH="82" HEIGHT="21" WC="0.96" CONTENT="tillvida"/><SP WIDTH="15" VPOS="1337" HPOS="567"/>
							<String ID="string_426" HPOS="582" VPOS="1342" WIDTH="47" HEIGHT="16" WC="0.97" CONTENT="som"/><SP WIDTH="16" VPOS="1342" HPOS="629"/>
							<String ID="string_427" HPOS="645" VPOS="1338" WIDTH="32" HEIGHT="20" WC="0.96" CONTENT="ett"/><SP WIDTH="16" VPOS="1338" HPOS="677"/>
							<String ID="string_428" HPOS="693" VPOS="1337" WIDTH="73" HEIGHT="26" WC="0.96" CONTENT="tillägg"/><SP WIDTH="15" VPOS="1337" HPOS="766"/>
							<String ID="string_429" HPOS="781" VPOS="1338" WIDTH="24" HEIGHT="20" WC="0.96" CONTENT="är"/><SP WIDTH="16" VPOS="1338" HPOS="805"/>
							<String ID="string_430" HPOS="821" VPOS="1342" WIDTH="27" HEIGHT="16" WC="0.96" CONTENT="en"/><SP WIDTH="15" VPOS="1342" HPOS="848"/>
							<String ID="string_431" HPOS="863" VPOS="1336" WIDTH="97" HEIGHT="26" WC="0.96" CONTENT="ändring."/><SP WIDTH="26" VPOS="1336" HPOS="960"/>
							<String ID="string_432" HPOS="986" VPOS="1336" WIDTH="44" HEIGHT="20" WC="0.96" CONTENT="Det"/>
						</TextLine>
						<TextLine ID="line_43" HPOS="201" VPOS="1349" WIDTH="829" HEIGHT="48">
							<String ID="string_433" HPOS="201" VPOS="1370" WIDTH="51" HEIGHT="15" WC="0.96" CONTENT="vore"/><SP WIDTH="21" VPOS="1370" HPOS="252"/>
							<String ID="string_434" HPOS="273" VPOS="1364" WIDTH="84" HEIGHT="22" WC="0.96" CONTENT="kanske"/><SP WIDTH="22" VPOS="1364" HPOS="357"/>
							<String ID="string_435" HPOS="379" VPOS="1349" WIDTH="127" HEIGHT="48" WC="0.93" CONTENT="korrektare"/><SP WIDTH="22" VPOS="1349" HPOS="506"/>
							<String ID="string_436" HPOS="528" VPOS="1367" WIDTH="33" HEIGHT="19" WC="0.96" CONTENT="att"/><SP WIDTH="20" VPOS="1367" HPOS="561"/>
							<String ID="string_437" HPOS="581" VPOS="1365" WIDTH="98" HEIGHT="21" WC="0.96" CONTENT="använda"/><SP WIDTH="19" VPOS="1365" HPOS="679"/>
							<String ID="string_438" HPOS="698" VPOS="1365" WIDTH="66" HEIGHT="27" WC="0.96" CONTENT="något"/><SP WIDTH="19" VPOS="1365" HPOS="764"/>
							<String ID="string_439" HPOS="783" VPOS="1366" WIDTH="66" HEIGHT="20" WC="0.96" CONTENT="annat"/><SP WIDTH="19" VPOS="1366" HPOS="849"/>
							<String ID="string_440" HPOS="868" VPOS="1365" WIDTH="45" HEIGHT="25" WC="0.96" CONTENT="ord,"/><SP WIDTH="15" VPOS="1365" HPOS="913"/>
							<String ID="string_441" HPOS="928" VPOS="1364" WIDTH="102" HEIGHT="28" WC="0.96" CONTENT="liktydigt"/>
						</TextLine>
						<TextLine ID="line_44" HPOS="200" VPOS="1381" WIDTH="829" HEIGHT="50">
							<String ID="string_442" HPOS="200" VPOS="1392" WIDTH="50" HEIGHT="22" WC="0.95" CONTENT="med"/><SP WIDTH="15" VPOS="1392" HPOS="250"/>
							<String ID="string_443" HPOS="265" VPOS="1392" WIDTH="152" HEIGHT="28" WC="0.95" CONTENT="modifikation."/><SP WIDTH="30" VPOS="1392" HPOS="417"/>
							<String ID="string_444" HPOS="447" VPOS="1385" WIDTH="122" HEIGHT="46" WC="0.96" CONTENT="Ändringen"/><SP WIDTH="16" VPOS="1385" HPOS="569"/>
							<String ID="string_445" HPOS="585" VPOS="1394" WIDTH="75" HEIGHT="21" WC="0.93" CONTENT="består"/><SP WIDTH="15" VPOS="1394" HPOS="660"/>
							<String ID="string_446" HPOS="675" VPOS="1394" WIDTH="78" HEIGHT="26" WC="0.92" CONTENT="deruti,"/><SP WIDTH="16" VPOS="1394" HPOS="753"/>
							<String ID="string_447" HPOS="769" VPOS="1395" WIDTH="33" HEIGHT="19" WC="0.96" CONTENT="att"/><SP WIDTH="15" VPOS="1395" HPOS="802"/>
							<String ID="string_448" HPOS="817" VPOS="1394" WIDTH="28" HEIGHT="20" WC="0.96" CONTENT="då"/><SP WIDTH="15" VPOS="1394" HPOS="845"/>
							<String ID="string_449" HPOS="860" VPOS="1381" WIDTH="127" HEIGHT="39" WC="0.96" CONTENT="paragrafen"/><SP WIDTH="13" VPOS="1381" HPOS="987"/>
							<String ID="string_450" HPOS="1000" VPOS="1399" WIDTH="29" HEIGHT="15" WC="0.95" CONTENT="nu"/>
						</TextLine>
						<TextLine ID="line_45" HPOS="200" VPOS="1406" WIDTH="828" HEIGHT="49">
							<String ID="string_451" HPOS="200" VPOS="1421" WIDTH="71" HEIGHT="27" WC="0.93" CONTENT="lyder:"/><SP WIDTH="18" VPOS="1421" HPOS="271"/>
							<String ID="string_452" HPOS="289" VPOS="1422" WIDTH="81" HEIGHT="25" WC="0.88" CONTENT=",sedan"/><SP WIDTH="16" VPOS="1422" HPOS="370"/>
							<String ID="string_453" HPOS="386" VPOS="1428" WIDTH="48" HEIGHT="16" WC="0.96" CONTENT="man"/><SP WIDTH="17" VPOS="1428" HPOS="434"/>
							<String ID="string_454" HPOS="451" VPOS="1422" WIDTH="39" HEIGHT="22" WC="0.93" CONTENT="och"/><SP WIDTH="16" VPOS="1422" HPOS="490"/>
							<String ID="string_455" HPOS="506" VPOS="1423" WIDTH="77" HEIGHT="27" WC="0.91" CONTENT="gvinna"/><SP WIDTH="11" VPOS="1423" HPOS="583"/>
							<String ID="string_456" HPOS="594" VPOS="1406" WIDTH="161" HEIGHT="49" WC="0.92" CONTENT="sammanvigde"/><SP WIDTH="12" VPOS="1406" HPOS="755"/>
							<String ID="string_457" HPOS="767" VPOS="1424" WIDTH="43" HEIGHT="24" WC="0.93" CONTENT="äro,"/><SP WIDTH="13" VPOS="1424" HPOS="810"/>
							<String ID="string_458" HPOS="823" VPOS="1422" WIDTH="27" HEIGHT="22" WC="0.96" CONTENT="dä"/><SP WIDTH="11" VPOS="1422" HPOS="850"/>
							<String ID="string_459" HPOS="861" VPOS="1424" WIDTH="24" HEIGHT="19" WC="0.96" CONTENT="är"/><SP WIDTH="11" VPOS="1424" HPOS="885"/>
							<String ID="string_460" HPOS="896" VPOS="1422" WIDTH="41" HEIGHT="21" WC="0.96" CONTENT="han"/><SP WIDTH="10" VPOS="1422" HPOS="937"/>
							<String ID="string_461" HPOS="947" VPOS="1422" WIDTH="81" HEIGHT="21" WC="0.96" CONTENT="hennes"/>
						</TextLine>
						<TextLine ID="line_46" HPOS="200" VPOS="1434" WIDTH="829" HEIGHT="48">
							<String ID="string_462" HPOS="200" VPOS="1451" WIDTH="59" HEIGHT="20" WC="0.91" CONTENT="rätte"/><SP WIDTH="16" VPOS="1451" HPOS="259"/>
							<String ID="string_463" HPOS="275" VPOS="1434" WIDTH="126" HEIGHT="48" WC="0.67" CONTENT="målsman”,"/><SP WIDTH="17" VPOS="1434" HPOS="401"/>
							<String ID="string_464" HPOS="418" VPOS="1451" WIDTH="25" HEIGHT="21" WC="0.96" CONTENT="så"/><SP WIDTH="14" VPOS="1451" HPOS="443"/>
							<String ID="string_465" HPOS="457" VPOS="1451" WIDTH="70" HEIGHT="22" WC="0.96" CONTENT="skulle"/><SP WIDTH="16" VPOS="1451" HPOS="527"/>
							<String ID="string_466" HPOS="543" VPOS="1451" WIDTH="56" HEIGHT="22" WC="0.96" CONTENT="efter"/><SP WIDTH="15" VPOS="1451" HPOS="599"/>
							<String ID="string_467" HPOS="614" VPOS="1452" WIDTH="70" HEIGHT="20" WC="0.96" CONTENT="denna"/><SP WIDTH="15" VPOS="1452" HPOS="684"/>
							<String ID="string_468" HPOS="699" VPOS="1451" WIDTH="48" HEIGHT="27" WC="0.96" CONTENT="lags"/><SP WIDTH="15" VPOS="1451" HPOS="747"/>
							<String ID="string_469" HPOS="762" VPOS="1440" WIDTH="130" HEIGHT="32" WC="0.96" CONTENT="utfärdande"/><SP WIDTH="10" VPOS="1440" HPOS="892"/>
							<String ID="string_470" HPOS="902" VPOS="1450" WIDTH="127" HEIGHT="28" WC="0.96" CONTENT="paragrafen"/>
						</TextLine>
						<TextLine ID="line_47" HPOS="200" VPOS="1478" WIDTH="828" HEIGHT="28">
							<String ID="string_471" HPOS="200" VPOS="1478" WIDTH="55" HEIGHT="22" WC="0.96" CONTENT="böra"/><SP WIDTH="14" VPOS="1478" HPOS="255"/>
							<String ID="string_472" HPOS="269" VPOS="1478" WIDTH="60" HEIGHT="28" WC="0.93" CONTENT="lyda:"/><SP WIDTH="19" VPOS="1478" HPOS="329"/>
							<String ID="string_473" HPOS="348" VPOS="1479" WIDTH="41" HEIGHT="26" WC="0.87" CONTENT=",då"/><SP WIDTH="15" VPOS="1479" HPOS="389"/>
							<String ID="string_474" HPOS="404" VPOS="1486" WIDTH="49" HEIGHT="15" WC="0.96" CONTENT="man"/><SP WIDTH="16" VPOS="1486" HPOS="453"/>
							<String ID="string_475" HPOS="469" VPOS="1480" WIDTH="40" HEIGHT="22" WC="0.96" CONTENT="och"/><SP WIDTH="16" VPOS="1480" HPOS="509"/>
							<String ID="string_476" HPOS="525" VPOS="1481" WIDTH="77" HEIGHT="21" WC="0.93" CONTENT="hustru"/><SP WIDTH="17" VPOS="1481" HPOS="602"/>
							<String ID="string_477" HPOS="619" VPOS="1480" WIDTH="160" HEIGHT="26" WC="0.92" CONTENT="sammanvigde"/><SP WIDTH="16" VPOS="1480" HPOS="779"/>
							<String ID="string_478" HPOS="795" VPOS="1482" WIDTH="37" HEIGHT="19" WC="0.96" CONTENT="äro"/><SP WIDTH="17" VPOS="1482" HPOS="832"/>
							<String ID="string_479" HPOS="849" VPOS="1480" WIDTH="52" HEIGHT="21" WC="0.96" CONTENT="eller"/><SP WIDTH="8" VPOS="1480" HPOS="901"/>
							<String ID="string_480" HPOS="909" VPOS="1479" WIDTH="119" HEIGHT="27" WC="0.96" CONTENT="äktenskap"/>
						</TextLine>
						<TextLine ID="line_48" HPOS="200" VPOS="1507" WIDTH="829" HEIGHT="30">
							<String ID="string_481" HPOS="200" VPOS="1507" WIDTH="57" HEIGHT="23" WC="0.96" CONTENT="inför"/><SP WIDTH="19" VPOS="1507" HPOS="257"/>
							<String ID="string_482" HPOS="276" VPOS="1508" WIDTH="110" HEIGHT="28" WC="0.96" CONTENT="borgerlig"/><SP WIDTH="17" VPOS="1508" HPOS="386"/>
							<String ID="string_483" HPOS="403" VPOS="1508" WIDTH="124" HEIGHT="29" WC="0.96" CONTENT="myndighet"/><SP WIDTH="15" VPOS="1508" HPOS="527"/>
							<String ID="string_484" HPOS="542" VPOS="1510" WIDTH="48" HEIGHT="22" WC="0.96" CONTENT="dem"/><SP WIDTH="17" VPOS="1510" HPOS="590"/>
							<String ID="string_485" HPOS="607" VPOS="1508" WIDTH="91" HEIGHT="24" WC="0.93" CONTENT="emellan"/><SP WIDTH="16" VPOS="1508" HPOS="698"/>
							<String ID="string_486" HPOS="714" VPOS="1508" WIDTH="108" HEIGHT="28" WC="0.92" CONTENT="afslutats,"/><SP WIDTH="18" VPOS="1508" HPOS="822"/>
							<String ID="string_487" HPOS="840" VPOS="1508" WIDTH="27" HEIGHT="23" WC="0.96" CONTENT="då"/><SP WIDTH="15" VPOS="1508" HPOS="867"/>
							<String ID="string_488" HPOS="882" VPOS="1510" WIDTH="24" HEIGHT="20" WC="0.96" CONTENT="är"/><SP WIDTH="14" VPOS="1510" HPOS="906"/>
							<String ID="string_489" HPOS="920" VPOS="1508" WIDTH="42" HEIGHT="22" WC="0.93" CONTENT="han"/><SP WIDTH="15" VPOS="1508" HPOS="962"/>
							<String ID="string_490" HPOS="977" VPOS="1508" WIDTH="52" HEIGHT="23" WC="0.91" CONTENT="hen-"/>
						</TextLine>
					</TextBlock>
				</ComposedBlock>
			</PrintSpace>
		</Page>
	</Layout>
</alto>
