1109 1678
259 124 10 16 N
410 102 41 17 Den
469 100 24 19 12
510 101 105 18 December.
844 100 53 19 1287

100 162 119 30 tänkandet
241 162 117 28 åtföljande
381 163 87 28 bilagan
489 163 89 27 intagna
601 163 40 22 och
663 163 7 21 i
690 163 69 22 denna
773 163 61 28 fråga
849 163 78 27 afgifna

101 191 136 27 andragande
253 191 7 21 i
275 191 90 22 ärendet
380 192 69 23 borde
464 192 66 22 bland
545 193 120 21 motiverna
679 192 8 21 i
703 192 150 27 expeditionen
867 192 59 27 ingä;

169 221 33 20 att
224 219 87 22 ständet
326 221 96 26 godkänt
437 221 227 27 Jernvägsutskottets
680 221 137 22 betänkande
831 221 8 21 i
854 221 72 21 anled-

100 248 51 28 ning
166 248 23 22 af
203 249 105 21 särskilda
324 249 33 21 till
372 250 91 22 ständen
478 250 123 21 inlemnade
615 249 116 28 petitioner
747 249 109 28 angäende
868 249 58 28 jern-

100 277 177 28 vägsbyggnader
300 277 32 22 för
354 277 69 28 öfrigt,
447 281 61 20 utom
529 279 58 21 hvad
609 278 118 22 beträffade
750 279 40 21 den
805 278 122 27 föreslagna

101 307 156 21 subventionen
279 305 32 22 för
333 313 26 15 en
379 307 94 27 jernväg
496 307 91 22 emellan
609 307 110 27 Uleäborg
734 307 40 22 och
789 307 55 22 Uleä
858 307 67 26 träsk,

100 335 85 25 hvilken
201 335 35 21 del
251 334 23 22 af
287 335 147 22 betänkandet
449 335 23 22 af
486 336 89 22 ständet
589 335 142 27 förkastades,
740 336 68 21 under
814 336 112 22 uttalande

102 363 72 22 säsom
195 363 72 27 motiv,
291 365 32 20 att
345 364 88 22 ständet
448 364 68 27 ansäg
532 364 117 22 ständerna
663 363 34 23 för
711 364 132 22 närvarande
858 364 68 22 sakna

100 392 72 21 medel
186 392 33 21 för
233 392 120 27 beviljande
368 392 23 21 af
404 393 42 21 den
461 393 7 21 i
483 393 104 27 förslaget
602 392 115 22 förordade
733 393 163 26 subventionen;

169 422 33 20 att
221 421 86 21 ständet
321 421 33 21 till
368 421 119 22 ledamöter
502 422 7 21 i
525 422 37 21 det
576 421 119 22 förstärkta
709 421 216 27 Bevillningsutskot-

101 451 33 20 tet
149 449 33 22 för
197 449 73 27 slutlig
284 449 130 28 behandling
429 450 23 21 af
464 450 76 27 frägan
557 457 34 15 om
606 450 120 27 utgörande
742 450 23 21 af
777 452 61 20 extra
852 449 73 23 bevill-

101 478 53 27 ning
176 477 33 23 för
230 478 79 22 vården
332 478 23 21 af
375 479 61 27 sjuke
452 479 40 22 och
509 479 77 22 sårade
601 479 8 21 i
624 485 28 15 nu
667 479 111 27 pågående
793 479 47 27 krig
855 480 69 20 utsett

101 507 76 22 herrar
191 507 95 26 Renvall,
302 507 65 28 Hjelt,
385 507 70 27 Cleve,
472 508 115 27 Dahlberg,
603 507 114 28 Bergroth,
733 508 109 26 Forsman,
858 507 66 22 Törn-

100 536 51 26 udd,
173 535 127 27 Calamnius,
315 536 145 27 Westerlund,
477 537 117 27 Grönberg,
611 536 126 27 Rosengren
753 536 39 22 och
809 535 114 28 Stenbäck,

100 566 57 20 samt
173 564 32 21 till
221 565 147 26 suppleanter:
384 565 75 22 herrar
473 564 107 27 Hallstön,
595 565 101 22 Kihlman
712 565 39 22 och
766 565 108 26 Lindelöf;

169 595 33 20 att
217 593 86 22 ständet
317 593 35 22 vid
367 594 130 27 behandling
512 594 23 21 af
547 594 165 27 Lagutskottets
727 593 197 22 betänkande
870 589 9 36 i
891 589 36 36 an-

100 622 86 27 ledning
201 622 22 21 af
237 623 32 20 ett
283 622 57 22 inom
355 622 160 28 Ridderskapet
530 623 41 22 och
586 623 69 21 Adeln
669 623 66 21 väckt
749 622 80 28 förslag
843 622 32 22 till
885 629 39 14 un-

101 651 104 26 derdänig
226 651 89 27 petition
331 657 34 16 om
381 651 76 27 nädigt
470 652 93 21 initiativ
579 651 33 22 till
627 651 90 27 ändring
732 651 23 22 af
767 651 24 22 L.
807 651 24 22 O.
848 651 7 21 i
870 650 54 28 syfte

102 679 45 21 dels
166 681 33 19 att
214 686 27 14 en
254 680 99 21 bestämd
367 680 87 21 kortare
469 680 77 27 period
561 680 34 22 för
609 680 128 21 ständernas
753 679 171 22 sammanträden

100 707 70 22 blefve
184 708 110 22 fastställd
309 708 40 22 och
364 708 46 22 dels
427 710 32 20 att
473 709 34 21 val
524 708 23 22 af
560 708 166 28 landtdagsmän
741 708 8 22 i
763 708 92 27 Preste-,
870 708 53 21 Bor-

100 743 62 21 gare-
185 736 40 22 och
248 737 166 22 Bondeständen
437 738 84 21 komme
537 739 33 20 att
586 738 39 21 ske
640 737 33 22 för
689 737 36 22 tvä
740 737 52 22 eller
806 738 34 20 tre
854 736 70 22 landt-

100 765 73 27 dagar,
196 765 96 22 beslutat
313 766 115 27 godkänna
449 766 156 27 betänkandet,
629 766 78 22 endast
721 766 70 22 sävidt
806 766 118 22 detsamma

99 794 78 27 angick
201 800 25 16 en
241 794 86 22 kortare
341 795 112 21 mellantid
469 795 91 22 emellan
575 795 162 27 landtdagarne,
754 800 48 16 men
816 794 108 22 förkastat

98 823 159 22 betänkandets
272 829 75 16 senare
363 823 46 27 del;

167 853 33 20 att
221 851 34 23 för
276 852 87 22 ståndet
383 852 129 27 föredragits
535 852 34 22 för
591 854 33 20 att
645 853 8 21 i
675 854 33 20 ett
723 851 153 28 sammanhang
890 851 33 21 till

100 880 130 28 granskning
245 881 40 21 och
301 880 115 28 afgörande
431 880 108 28 företagas
557 883 33 20 1:0
607 881 224 27 Jernvägsutskottets
847 880 76 22 betän-

98 909 72 22 kande
184 909 41 22 N:o
242 910 34 26 1,i
291 910 113 26 anledning
419 909 24 22 af
455 910 61 21 Hans
532 910 121 28 Kejserliga
667 910 113 27 Majestäts
789 909 78 27 nädiga
874 915 49 21 pro-

99 938 95 26 position
215 938 49 22 med
285 938 80 28 förslag
387 938 32 22 till
439 939 150 21 stambansnät
603 938 33 22 för
649 939 141 27 jernvägarne
805 938 7 22 i
826 938 96 26 Finland,

98 966 83 22 hvilket
203 967 135 22 betänkande
361 968 66 21 sedan
450 968 41 21 den
514 969 27 20 22
561 968 98 22 sistlidne
674 967 43 27 Maj
734 967 23 21 af
770 967 41 21 den
825 966 8 22 i
848 968 72 26 proto-

98 995 69 22 kollet
189 995 32 22 för
241 1002 80 15 samma
337 996 41 27 dag
393 996 133 21 antecknade
543 996 65 22 orsak
622 996 55 21 varit
692 996 124 27 bordlagdt;
833 995 40 22 och
888 996 34 20 2:0

99 1023 93 22 nämnda
207 1024 95 22 utskotts
318 1025 122 22 sedermera
456 1024 79 27 afgifna
550 1025 137 22 betänkande
702 1024 40 22 N:o
759 1026 8 19 3
778 1024 91 22 rörande
877 1025 45 20 sär-

100 1053 71 21 skilda
188 1053 189 27 undersökningar,
393 1059 46 16 som
454 1053 71 22 blifvit
539 1053 33 22 till
587 1053 119 22 utskottets
723 1052 132 29 ompröfning
869 1052 53 21 hän-

101 1081 88 28 skjutna
205 1081 40 22 och
260 1082 55 27 angä
329 1082 158 27 högstberörda
501 1082 80 27 nädiga
595 1082 140 27 proposition.

168 1109 60 23 Efter
243 1110 90 22 slutförd
349 1111 122 22 diskussion
487 1111 41 21 och
543 1111 100 22 anstälda
650 1111 128 26 voteringar,
788 1108 134 23 beträffande

100 1139 18 27 ej
142 1139 81 22 mindre
244 1139 118 22 utskottets
386 1139 13 22 &
421 1145 48 22 pag.
489 1141 27 20 53
532 1139 7 22 i
555 1140 50 21 dess
620 1139 137 22 betänkande
770 1139 40 21 N:o
827 1140 11 19 1
854 1138 68 21 under

98 1167 42 22 fem
162 1167 108 22 särskilda
291 1170 94 19 moment
407 1167 127 23 framstälda
550 1168 80 27 förslag
645 1168 110 27 angående
770 1168 27 21 de
811 1167 110 26 banlinier,

98 1202 47 15 som
166 1202 51 16 vore
240 1197 83 26 egnade
338 1199 33 20 att
385 1197 59 22 bilda
459 1197 41 22 och
515 1196 174 28 förfullständiga
705 1198 32 21 ett
751 1196 149 22 stambansnät
914 1195 8 21 i

97 1225 80 26 landet,
201 1227 27 20 än
248 1225 39 22 ock
302 1225 133 22 beträffande
452 1227 56 20 1:sta
522 1227 118 20 momentet
655 1225 23 22 af
691 1225 118 22 utskottets
824 1225 7 21 i
846 1225 75 21 betän-

97 1254 82 21 kandet
200 1254 40 21 N:o
264 1256 11 19 3
292 1254 13 21 å
320 1261 47 20 pag.
385 1256 24 20 13
426 1255 76 27 gjorda
516 1254 219 27 resolutionsförslag,
751 1253 104 22 stannade
870 1253 50 21 Pre-

98 1282 121 22 steständet
234 1283 7 21 i
256 1283 83 26 sädant,
355 1283 26 22 de
396 1283 92 22 nämnda
503 1285 122 20 momenten
640 1284 133 26 gemensamt
783 1282 91 22 rörande
882 1281 38 22 be-

98 1311 49 26 slut,
170 1313 33 20 att
224 1311 92 27 ständet,
332 1312 49 21 med
396 1312 112 21 uttalande
524 1311 66 28 deraf,
606 1313 33 20 att
652 1312 116 21 ständerna
782 1311 35 22 vid
832 1311 86 21 inneva-

98 1340 66 21 rande
186 1340 109 27 landtdag,
310 1339 33 22 för
359 1342 32 19 att
405 1341 48 21 icke
469 1341 28 26 gä
511 1341 90 21 härnäst
616 1339 200 23 sammanträdande
832 1339 89 21 ständer

98 1368 7 22 i
127 1368 81 28 förväg,
231 1369 66 21 borde
321 1368 79 22 afhälla
423 1370 33 26 sig
477 1369 47 21 frän
540 1370 33 21 ett
588 1368 105 22 definitivt
708 1368 111 22 utlätande
834 1374 34 15 om
884 1368 37 21 det

98 1397 125 27 föreslagna
244 1397 177 27 stambansnätet,
443 1404 30 15 nu
495 1398 49 21 ville
559 1398 33 21 för
607 1398 32 21 sin
655 1397 35 22 del
706 1397 75 22 endast
793 1396 127 26 bestämma,

100 1428 33 19 att
148 1426 107 22 banlinien
271 1425 289 23 Tammerfors-Nikolaistad
569 1426 54 22 skall
630 1425 88 23 framför
725 1426 66 21 andra
799 1424 122 27 föreslagna

96 1454 63 22 linier
173 1455 8 21 i
195 1454 89 22 främsta
297 1456 92 20 rummet
403 1455 49 22 med
468 1455 74 21 arbete
557 1455 110 26 beläggas,
685 1456 55 20 samt
755 1456 32 20 att
795 1454 123 22 densamma

96 1482 42 22 bör
159 1484 77 26 dragas
258 1484 8 21 i
287 1483 40 21 den
349 1484 94 27 riktning
463 1485 94 20 österom
579 1483 107 27 Näsijärvi
701 1483 108 22 utskottet
823 1482 7 22 i
845 1482 73 22 senast

100 1511 122 30 åberopade
237 1518 63 18 mom.
318 1514 8 19 1
343 1512 32 23 uti
391 1512 148 23 betänkandet
552 1512 42 23 N:o
610 1514 11 20 3
637 1512 117 28 föreslagit.
