1109 1678
240 111 54 20 1104
528 115 39 18 Den
584 113 11 19 6
610 113 105 20 December.

209 175 106 28 behöfligt
329 176 23 22 af
366 176 37 22 det
417 178 60 21 stora
491 176 94 23 flertalet
601 177 23 22 af
636 177 71 22 finska
721 177 149 28 medborgare.
895 177 42 27 Jag
947 177 39 22 ber
996 180 38 25 att,

210 204 72 22 såsom
297 205 7 21 i
319 205 32 22 sin
367 206 48 21 mån
431 206 120 27 utgörande
567 208 32 20 ett
615 207 49 21 stöd
679 206 33 22 för
727 207 165 27 Lagutskottets
906 205 128 29 förfarande,

209 233 22 21 få
253 233 75 22 anföra
345 236 33 20 att
393 235 111 22 enahanda
519 235 155 27 inskränkning
688 235 67 22 finnes
771 236 31 21 uti
818 235 51 22 flere
884 234 57 22 folks
956 237 79 26 grund-

209 262 68 27 lagar,
293 262 72 27 hvilka
381 263 62 28 eljest
459 264 66 21 också
535 264 97 28 tillämpa
641 264 207 27 religionsfrihetens
858 264 88 27 princip,
963 266 14 19 t.
988 265 46 21 ex.
1024 258 13 38 i

210 291 79 22 norska
311 292 132 27 grundlagen
465 293 41 21 och
524 293 61 22 äfven
600 293 7 22 i
623 293 41 21 den
681 293 98 22 svenska.
794 305 29 3 —
838 293 43 22 Det
896 295 24 19 är
936 293 41 21 den
992 293 42 22 för-

209 319 82 27 kärlek,
312 326 46 16 som
377 321 39 21 hos
437 321 64 22 dessa
518 321 45 22 folk
578 322 92 21 likasom
685 322 40 21 hos
741 321 69 22 finska
825 321 68 22 folket
908 321 126 22 förefunnits

210 347 33 22 för
266 349 41 21 den
326 349 111 22 lutherska
452 350 88 27 kyrkan,
557 356 46 16 som
618 350 39 22 har
673 350 95 22 dikterat
783 351 65 21 dessa
862 350 111 27 undantag
988 350 45 22 från

209 377 117 27 principen,
343 378 40 22 och
398 379 49 21 med
462 378 101 22 afseende
579 380 14 20 å
608 379 41 22 den
666 379 161 27 omständighet
842 381 32 19 att
890 386 26 14 en
930 379 24 21 så
965 378 69 23 ofant-

209 405 30 27 lig
258 406 109 27 majoritet
385 406 23 22 af
425 407 85 22 landets
528 407 124 28 befolkning
667 407 74 22 tillhör
756 408 70 21 denna
841 407 73 28 kyrka,
932 408 24 21 så
972 414 63 15 anser

207 434 38 27 jag
267 434 32 22 för
318 435 43 21 min
377 436 34 21 del
427 436 36 21 det
479 436 47 21 icke
542 443 51 15 vara
608 437 73 26 visligt
696 438 33 20 att
743 443 29 14 nu
788 443 38 15 ens
843 437 66 21 tänka
924 437 28 26 på
967 439 32 19 att
1014 436 20 22 få

209 463 86 26 igenom
318 470 26 15 en
366 464 41 27 lag,
431 471 46 16 som
497 465 48 22 icke
569 465 68 22 skulle
661 465 108 22 innehålla
793 465 61 21 detta
876 465 157 28 skyddsmedel.

209 491 56 22 Herr
280 492 105 23 Mechelin
401 493 38 22 har
454 493 70 22 anfört
540 496 33 19 att
587 501 50 14 man
652 494 73 26 borde,
742 495 7 20 i
764 494 105 21 händelse
885 500 49 15 man
944 496 90 25 antager

209 521 133 28 paragrafen,
358 521 69 23 införa
442 529 26 15 en
483 522 129 27 förändring,
629 524 33 20 att
678 523 37 21 det
729 523 145 27 uttryckligen
890 523 69 21 skulle
970 522 63 21 fram-

209 549 69 22 hållas
297 552 32 19 att
344 551 64 21 dessa
423 551 162 27 ifrågavarande
601 552 100 21 embeten
717 551 77 22 endast
809 551 69 22 skulle
894 551 21 22 få
930 551 103 22 beklädas

209 577 23 22 af
251 578 130 28 lutheraner,
405 580 27 21 då
454 580 37 21 det
513 581 42 20 kan
577 587 51 15 vara
649 580 72 22 tvifvel
741 580 157 22 underkastadt
915 580 56 22 hvad
988 587 45 14 som

208 607 43 21 kan
269 614 51 15 vara
335 607 132 23 främmande
482 609 82 22 kristen
583 609 176 22 trosbekännelse
775 609 41 22 och
831 609 56 22 hvad
902 609 47 22 icke
964 609 7 21 i
986 609 47 22 Fin-

208 635 57 22 land.
296 637 29 21 Så
346 637 83 22 fattade
449 638 38 27 jag
510 638 40 21 den
567 639 65 21 ärade
655 638 94 22 talarens
772 638 72 21 tanke.
875 638 44 21 Det
934 638 48 27 kan,
999 644 34 15 om

208 671 49 15 man
280 666 135 26 genomläser
436 667 119 21 motiverna
577 667 32 21 till
631 667 167 27 Lagutskottets
821 667 144 26 betänkande,
986 667 47 21 icke

208 699 52 15 vara
275 693 143 29 tvifvelaktigt
432 695 55 21 hvad
504 695 130 22 åtminstone
650 696 154 26 Lagutskottet
815 702 63 15 anser
889 697 33 19 att
929 695 28 27 på
965 696 67 26 grund

209 722 23 21 af
252 722 35 28 lag
303 725 24 19 är
341 723 149 22 förhållandet.
521 724 154 27 Lagutskottet
690 724 39 22 har
744 724 78 28 tydligt
838 724 78 22 uttalat
932 724 32 21 sin
979 730 54 21 upp-

207 750 94 28 fattning
322 752 48 21 utaf
390 752 120 28 Kejserliga
527 752 152 28 förordningen
695 752 22 22 af
731 753 41 21 den
789 754 25 20 14
830 752 92 28 Augusti
938 753 24 21 år
978 755 53 19 1827

209 779 40 22 och
272 780 43 21 kan
337 781 48 21 icke
407 787 52 16 anse
481 783 33 19 att
536 782 125 26 derigenom
681 782 130 26 stadgandet
830 781 32 22 uti
880 783 54 20 1772
949 782 35 21 års
999 788 33 15 re-

209 808 141 28 geringsform
368 809 69 22 blifvit
459 810 110 27 upphäfdt.
600 811 43 21 Det
665 813 24 19 är
711 811 7 21 i
741 810 76 28 sjelfva
838 810 77 22 verket
937 812 32 19 ett
988 812 44 20 öm-

208 837 64 27 tåligt
294 840 61 20 ämne
373 838 40 22 och
437 840 32 20 ett
490 841 69 24 ämne,
583 845 46 15 som
652 840 57 26 gjort
726 839 156 27 Lagutskottet
896 839 85 27 mycket
995 840 37 20 be-

208 866 102 27 kymmer,
334 873 55 21 men,
413 866 55 23 efter
488 870 107 25 noggrant
617 868 156 27 öfvervägande
796 867 23 22 af
840 868 76 22 skälen
937 868 33 21 för
992 868 40 22 och

208 896 65 26 emot,
296 895 39 22 har
357 896 154 27 Lagutskottet
534 898 87 20 stannat
643 897 7 21 i
670 897 41 21 den
730 896 63 27 åsigt,
812 896 77 22 hvaraf
905 895 104 29 förslaget
1026 896 7 21 i

208 923 71 22 denna
301 924 35 22 del
359 926 64 25 utgör
445 927 32 19 ett
499 926 92 26 uttryck.
621 926 43 26 Jag
684 924 103 23 behöfver
804 925 29 27 på
848 926 61 20 detta
924 932 46 14 rum
984 925 48 21 icke

209 951 50 28 ingå
274 952 7 22 i
297 955 97 19 närmare
409 954 123 26 utveckling
547 954 23 21 af
584 954 65 22 dessa
663 954 97 22 motiver.
791 954 33 21 De
839 954 63 21 torde
912 960 51 15 vara
972 954 61 21 klara

206 980 33 22 för
262 988 27 15 en
311 981 58 27 hvar,
393 982 40 22 och
453 982 38 27 jag
510 983 127 21 inskränker
655 983 43 26 mig
717 983 57 21 blott
791 984 33 20 att
838 983 95 26 häntyda
947 982 32 22 till
996 983 36 21 de-

207 1015 88 21 samma,
313 1011 81 21 sådana
409 1011 26 21 de
451 1013 36 19 äro
503 1010 128 23 framhållna
645 1011 7 21 i
667 1011 120 22 utskottets
803 1011 142 21 betänkande.

276 1039 56 21 Herr
350 1039 137 22 Mechelin:
518 1040 41 21 Till
580 1040 50 21 stöd
649 1039 33 22 för
696 1040 43 21 min
754 1039 59 22 förut
827 1039 135 22 framställda
977 1040 55 26 åsigt

207 1066 38 22 ber
258 1067 39 27 jag
311 1067 22 22 få
347 1068 101 27 påminna
463 1075 34 14 om
513 1070 32 19 att
561 1075 26 15 en
603 1068 215 27 sammanblandning
833 1068 23 21 af
865 1068 115 27 verldsliga
991 1069 39 21 och

206 1095 102 28 religiösa
331 1097 133 27 synpunkter
480 1103 50 21 eger
548 1104 53 19 rum,
618 1103 34 16 om
668 1104 48 15 man
731 1097 131 22 törbehäller
877 1097 58 21 vissa
949 1097 81 22 verlds-

206 1124 43 27 liga
265 1125 100 22 embeten
381 1125 22 22 ät
418 1125 169 28 hufvudkyrkan,
603 1127 77 20 medan
696 1132 49 15 man
761 1126 56 21 dock
825 1125 81 22 tilläter
914 1126 116 21 dissenters

205 1153 95 22 bekläda
322 1154 67 21 andra
412 1155 104 26 embeten,
540 1155 40 21 och
596 1155 7 20 i
619 1155 116 21 allmänhet
750 1154 36 22 vill
802 1155 66 26 draga
884 1155 48 21 bort
947 1156 83 20 statens

205 1182 138 21 verksamhet
358 1182 47 22 frän
421 1184 37 21 det
472 1183 97 28 kyrkliga
584 1183 87 27 gebitet.
703 1183 117 22 Dessutom
835 1183 87 21 komma
936 1183 60 21 vitill
1004 1189 26 15 en

206 1211 135 27 egendomlig
360 1211 157 27 inkonsegvens
536 1212 7 21 i
561 1212 140 27 grundlagen,
717 1214 40 19 när
774 1211 140 22 valbarheten
929 1209 33 24 till
976 1211 54 22 folk-

204 1241 152 25 representant
371 1240 108 22 allaredan
495 1243 24 19 är
534 1241 122 21 oberoende
672 1241 23 21 af
707 1241 32 20 till
755 1240 85 22 hvilken
851 1240 82 21 kristen
944 1239 85 22 konfes-

205 1267 47 22 sion
268 1267 52 23 man
332 1268 46 27 hör,
395 1269 40 21 och
450 1268 82 23 värfvet
548 1271 32 20 att
595 1275 52 16 vara
657 1269 118 28 styrelsens
785 1269 102 26 ledamot,
896 1269 81 21 hvilket
985 1269 45 21 står

203 1296 33 21 uti
251 1297 84 26 ganska
349 1299 53 20 nära
418 1297 221 22 öfverensstämmelse
654 1299 50 21 med
718 1297 83 22 värfvet
811 1299 33 20 att
854 1303 52 16 vara
912 1296 117 28 folkrepre-

204 1327 94 23 sentant,
314 1328 57 19 ännu
386 1326 61 27 längt
461 1333 83 19 senare,
554 1327 27 21 dä
591 1333 49 15 man
643 1321 70 38 eljest
723 1326 63 22 infört
797 1325 117 27 trosfrihet,
923 1325 106 22 förbehäl-

203 1352 32 22 les
252 1354 57 21 blott
323 1354 158 22 lutheranerne.
511 1356 50 20 Men
576 1355 56 21 hvad
647 1355 132 21 vidkommer
790 1355 41 21 den
840 1354 23 22 af
868 1354 44 27 mig
920 1354 110 22 eventuelt

202 1380 124 29 föreslagna
345 1383 153 27 omredaktion,
516 1384 25 21 sä
556 1384 80 21 tilläter
650 1384 38 27 jag
702 1384 44 27 mig
761 1382 98 23 förmoda
874 1384 33 20 att
924 1384 54 20 1827
994 1383 34 21 ärs

201 1410 128 28 författning
343 1412 49 21 icke
407 1412 163 28 nödvändigtvis
586 1412 129 22 förutsätter
729 1413 34 20 att
777 1412 49 26 alla,
843 1410 62 23 äfven
916 1411 27 21 de
950 1411 79 27 högsta

202 1439 101 22 embeten
318 1440 8 21 i
341 1442 72 20 staten
428 1441 69 21 skulle
513 1441 35 21 stä
562 1440 34 22 för
611 1441 42 21 den
668 1441 46 21 deri
729 1440 131 22 omnämnda
866 1439 162 23 konfessionens

201 1468 124 22 bekännare
342 1470 77 26 öppna,
436 1470 40 20 och
491 1476 34 15 om
540 1476 50 15 man
605 1470 40 21 här
647 1464 15 36 i
681 1469 74 22 stället
769 1469 33 22 för
813 1469 38 22 det
866 1468 92 28 uttryck,
973 1468 55 28 Lag-

201 1496 110 23 utskottet
326 1497 114 27 begagnat,
457 1500 63 25 säger
529 1500 33 20 att
570 1498 32 22 till
610 1498 95 28 följande
713 1498 100 22 embeten
821 1498 74 21 kunna
904 1497 74 22 endast
986 1498 42 21 lut-

200 1525 95 23 heraner
309 1528 122 26 utnämnas,
448 1526 24 23 sä
487 1527 39 22 har
540 1534 49 15 man
604 1527 90 22 kommit
709 1527 32 21 till
757 1533 26 16 en
794 1526 106 28 tydligare
908 1526 118 22 redaktion.
