1109 1678
403 97 40 17 Den
459 95 13 19 4
487 97 107 18 December.
831 95 52 20 1001

84 158 68 21 derna
166 160 33 20 att
213 159 33 27 på
257 158 154 23 ofvananförda
425 159 95 28 grunder
530 159 145 27 tillbakataga
690 160 32 21 ett
737 159 66 27 gifvet
818 159 59 22 löfte.
887 171 27 4 —

84 187 104 21 Deremot
202 188 36 21 vill
251 189 38 26 jag
303 187 117 28 ingalunda
435 188 99 22 bestrida
549 190 33 20 att
604 188 49 22 icke
673 189 155 20 sammansatta
844 188 70 21 Stats-

85 215 40 22 och
140 215 216 23 Ekonomiutskottet
371 216 45 22 haft
431 217 108 21 måhända
547 217 86 27 skäliga
644 217 165 27 anmärkningar
820 219 33 19 att
863 218 52 26 göra

86 245 57 20 emot
169 245 40 21 den
238 245 161 27 ifrågavarande
427 245 225 28 fängelsebyggnaden
677 246 7 20 i
709 245 135 27 Helsingfors
875 246 40 21 och

86 273 50 21 dess
152 273 59 22 öfver
227 274 28 21 all
269 273 78 22 höfvan
372 274 51 27 dyra
442 275 136 26 anläggning,
599 274 109 22 äfvensom
731 276 58 19 emot
806 275 110 21 saknaden

86 301 22 22 af
122 308 26 15 en
163 302 44 21 viss
222 302 50 27 plan
287 303 35 21 vid
339 302 41 22 den
398 303 123 27 påbegynta
543 302 210 28 fängelsereformen,
778 303 138 27 hvarigenom

86 330 42 21 den
142 332 73 25 tyvärr
229 331 69 21 blifvit
313 331 126 27 impopulär.
471 331 78 22 Såsom
563 332 37 26 jag
615 338 29 15 nu
660 338 35 15 ser
711 332 74 26 saken,
799 332 70 21 skulle
878 332 38 27 jag

86 358 72 22 derför
173 365 52 16 anse
241 361 32 19 att
287 359 60 22 såväl
362 360 50 21 herr
427 360 108 21 Mechelin
551 366 46 16 som
613 360 66 22 också
693 360 90 22 friherre
798 366 42 16 von
858 360 58 22 Troil

85 388 56 21 hade
156 388 67 26 något
238 388 82 21 kunnat
334 389 113 20 moderera
462 388 48 21 sina
525 390 116 26 yttranden
659 389 32 21 vis
707 389 13 20 a
735 389 31 21 vis
790 389 126 27 regeringen

86 416 6 21 i
109 416 60 21 detta
184 416 42 21 fall.
237 429 26 2 —
271 417 51 21 Med
338 417 114 27 anledning
460 417 23 21 af
489 417 56 22 hvad
554 417 51 22 herr
616 417 108 22 Snellman
736 419 73 20 senast
820 417 94 27 anförde,

87 445 70 21 mäste
170 445 37 27 jag
222 445 7 21 i
245 445 68 22 likhet
328 446 48 21 med
392 445 90 22 friherre
497 452 43 15 von
555 446 59 21 Troil
635 446 39 21 och
689 446 50 21 herr
757 447 106 22 Mechelin
879 453 37 14 an-

87 473 75 22 märka
178 473 37 22 det
230 480 51 15 vara
296 481 43 20 nog
353 475 148 26 märkvärdigt
518 476 32 20 att
565 475 42 21 han
623 475 36 21 vid
674 475 41 21 den
731 475 54 21 sista
793 477 59 20 stora
858 475 58 28 jern-

88 502 159 27 vägsdebatten
268 503 47 21 icke
339 503 101 28 lyckades
463 503 87 27 päfinna
569 504 67 27 nägot
651 505 65 20 annat
731 504 79 27 nyttigt
825 506 45 19 sätt
885 505 32 20 att

88 531 99 21 använda
210 531 42 22 den
273 531 121 28 besparade
416 532 199 27 bränvinsskatten,
639 534 27 19 än
683 532 34 21 till
729 532 148 27 jernvägarne,
894 534 23 25 ty

87 560 48 21 icke
150 566 38 15 var
203 559 38 22 det
255 560 34 21 väl
304 561 55 21 hans
375 563 40 24 tro,
431 562 33 20 att
479 567 51 15 man
547 561 70 21 skulle
632 561 73 21 kunna
719 561 49 21 med
779 561 41 22 den
830 561 86 22 förhan-

89 588 41 22 den
145 588 96 22 varande
255 589 151 27 behällningen
421 589 7 21 i
442 589 280 22 kommunikationsfonden
737 590 70 27 bygga
823 597 26 14 en
858 590 58 27 jern-

88 619 41 25 väg
144 617 33 21 till
192 617 143 28 Nikolaistad,
352 620 51 19 utan
419 620 33 19 att
467 618 28 22 de
512 620 64 20 nästa
592 619 61 21 ärens
674 617 117 28 inflytande
805 619 112 21 bränvins-

88 646 60 21 skatt
164 645 71 22 dertill
251 646 91 22 behöfde
359 647 114 21 användas.
505 647 43 27 Jag
570 647 69 21 skulle
660 646 85 23 derföre
763 647 8 22 i
785 647 69 22 likhet
868 647 50 22 med

89 674 51 21 flere
156 674 67 22 andra
239 674 67 22 talare
321 675 53 27 yrka
388 676 29 26 pä
432 677 33 19 att
481 676 42 20 den
541 675 164 27 ifrägavarande
724 676 80 21 äskade
819 682 99 15 summan

88 703 68 21 mätte
171 702 68 28 gifvas
255 703 22 21 af
289 704 196 26 bränvinsskatten,
503 704 102 27 antingen
621 704 42 22 den
674 704 115 22 öfverföres
800 704 47 21 frän
857 704 61 22 kom-

89 731 225 23 munikationsfonden
331 732 52 22 eller
397 733 28 26 pä
440 732 208 28 bevillningsfonden
665 733 52 21 eller
739 733 28 27 pä
787 735 65 19 annat
866 734 51 25 sätt,

89 762 57 20 samt
164 760 29 27 pä
212 760 124 22 återremiss
356 762 33 20 till
409 762 110 21 utskottet
541 762 8 20 i
572 762 37 21 det
629 761 55 28 syfte
704 768 46 15 som
772 761 68 23 blifvit
862 761 56 23 före-

90 789 75 27 slaget.

158 818 57 21 Herr
233 818 203 27 Pippingsköld:
467 819 43 27 Jag
529 819 65 21 utber
615 818 44 28 mig
682 818 77 22 endast
773 820 32 20 att
824 819 50 21 med
888 819 31 21 af-

90 846 80 22 seende
186 846 13 21 å
213 846 117 28 bevillning
344 847 33 21 till
391 846 215 28 fängelseväsendets
623 847 110 21 ordnande
743 848 139 27 understödja
893 848 26 22 de

91 875 64 21 ärade
177 875 76 21 herrar
276 876 74 26 talare,
374 882 47 15 som
442 876 98 22 förordat
560 883 26 15 en
601 876 56 22 rund
672 882 82 15 summa
769 876 22 22 af
805 883 26 15 en
846 876 73 28 miljon

90 904 67 26 mark,
175 904 74 21 dervid
264 904 132 22 hänvisande
411 905 7 21 i
432 904 103 23 afseende
551 905 14 21 &
581 904 134 27 differensen,
727 905 90 27 ungefär
827 907 92 24 300,000

90 932 68 26 mark,
174 932 29 27 pä
217 932 122 22 inkomsten
348 933 46 21 frän
404 934 257 26 bränvinsbevillningen:
676 934 103 27 beloppet
788 934 62 21 torde
860 934 60 26 inga-

91 961 66 21 lunda
171 967 52 15 vara
238 962 70 26 någon
323 962 109 27 svårighet
447 962 162 22 underkastadt
624 964 33 20 att
678 962 47 22 från
744 968 81 16 samma
846 962 74 22 bevill-

91 990 51 26 ning
158 990 97 21 använda
271 990 40 21 och
327 991 122 26 disponera.

160 1018 57 21 Herr
241 1018 141 27 Snellman,
405 1019 20 22 J.
449 1019 36 22 V.:
517 1020 44 21 Det
584 1021 25 19 är
626 1025 43 21 nog
683 1019 93 22 ledsamt
791 1020 32 20 att
838 1019 82 28 nödgas

93 1047 99 26 upptaga
215 1047 38 21 det
274 1047 116 28 höglofliga
413 1048 99 21 ständets
535 1048 33 21 tid
583 1048 50 21 med
649 1049 32 20 att
695 1048 128 27 vederlägga
838 1048 85 27 hvarje-

92 1075 73 21 handa
187 1076 125 26 ogrundade
335 1076 169 27 beskyllningar.
534 1077 43 26 Jag
599 1077 72 21 kunde
694 1083 66 20 gerna
781 1076 71 21 lemna
875 1077 48 21 dem

94 1103 89 22 derhän.
214 1104 50 22 Men
281 1105 27 21 dä
320 1105 38 27 jag
373 1104 89 27 fruktar,
479 1107 35 20 att
530 1106 27 21 de
569 1105 102 28 möjligen
687 1105 69 23 skulle
771 1105 73 21 kunna
862 1106 61 26 tagas

94 1132 34 21 för
142 1133 113 26 grundade
271 1133 40 22 och
326 1133 51 22 falla
393 1133 40 22 den
450 1134 40 21 sak
506 1134 33 21 till
554 1134 50 26 last,
620 1134 34 21 för
668 1133 86 22 hvilken
770 1133 39 28 jag
823 1134 61 27 talat,
901 1134 24 21 sä

96 1167 63 16 anser
171 1161 39 27 jag
225 1161 44 27 mig
284 1163 94 26 tvungen
394 1164 33 19 att
441 1163 49 21 med
507 1163 68 27 nägra
591 1163 38 21 ord
639 1162 134 27 undanrödja
787 1163 54 20 dem.

163 1189 58 22 Herr
235 1191 107 21 Mechelin
357 1191 40 21 har
410 1191 96 27 behagat
520 1191 71 28 pästä,
609 1193 32 20 att
657 1191 57 21 mina
729 1191 80 26 äsigter
819 1193 38 20 äro
868 1198 57 21 myc-

95 1218 38 21 ket
148 1219 185 27 gammalmodiga.
365 1219 43 22 Det
422 1219 43 22 kan
480 1220 37 21 väl
532 1220 26 21 sä
572 1226 57 15 vara.
659 1219 132 22 Menihvad
803 1220 40 21 han
856 1220 71 22 anfört

96 1247 39 21 har
150 1247 43 21 han
207 1247 50 22 icke
273 1247 70 22 anfört
357 1248 59 21 bevis
433 1247 79 23 derför.
542 1249 49 21 Han
602 1248 39 21 har
651 1248 90 28 pästätt,
753 1255 33 14 om
795 1248 37 27 jag
842 1248 84 22 förstod

96 1275 79 22 honom
197 1277 51 25 rätt,
272 1278 33 19 att
324 1277 38 27 jag
378 1277 69 21 skulle
463 1283 53 16 anse
540 1277 117 22 ständerna
673 1283 52 16 vara
739 1277 85 21 absolut
840 1278 88 21 bundna

97 1303 23 22 af
140 1310 26 15 en
189 1304 130 28 föregäende
341 1305 116 27 landtdags
479 1306 81 21 beslut.
590 1306 73 26 Nägot
679 1305 77 22 sädant
770 1306 39 21 har
826 1306 38 27 jag
879 1306 49 21 icke

97 1334 76 26 yttrat.
201 1333 41 27 Jag
258 1333 39 21 har
313 1333 77 22 endast
405 1336 55 24 sagt,
477 1336 35 19 att
528 1334 37 21 det
580 1340 52 15 vore
647 1334 96 27 önskligt
757 1335 33 20 att
800 1335 127 21 ständernas.

98 1361 73 21 beslut
185 1361 48 21 icke
249 1362 35 20 mä
299 1362 75 21 vackla
389 1362 47 22 från
451 1363 106 26 landtdag
572 1362 33 22 till
620 1362 110 27 landtdag.
761 1362 40 22 Om
815 1363 115 27 ändringar

98 1389 23 21 af
134 1395 26 16 en
175 1390 130 22 kommande
320 1390 104 28 landtdag
439 1391 46 26 ske,
504 1392 25 20 sä
544 1391 67 21 borde
628 1391 27 21 de
670 1391 69 27 aldrig
754 1397 51 15 vara
820 1392 67 21 andra
903 1394 27 19 än

99 1418 82 21 sädana
196 1424 45 16 som
258 1421 37 19 äro
311 1420 110 26 grundade
436 1420 69 26 derpä
521 1421 33 22 att
565 1426 25 15 en
601 1419 129 27 föregäende
741 1420 103 27 landtdag
854 1420 77 27 begätt

99 1448 33 20 ett
146 1447 123 27 uppenbart
283 1447 98 27 misstag.
411 1448 42 27 Jag
468 1448 43 22 har
525 1448 50 21 lätit
590 1448 37 21 det
643 1448 97 22 enskilda
755 1448 60 22 fallet
833 1448 97 26 framstä,

100 1477 32 19 att
147 1475 118 22 ständerna
286 1475 64 22 hafva
373 1483 26 15 en
421 1476 140 27 förbindelse,
585 1477 91 21 emedan
691 1477 8 21 i
714 1477 153 27 sammanhang
882 1477 49 21 med

100 1504 131 22 ständernas
245 1504 107 27 åtagande
368 1506 33 20 att
415 1505 72 21 lemna
503 1504 73 23 medel
595 1505 34 21 till
650 1505 204 27 fängelsereformen
870 1505 62 23 äfven
