<?xml version="1.0" encoding="UTF-8"?>
<alto xmlns="http://www.loc.gov/standards/alto/ns-v3#" xmlns:xlink="http://www.w3.org/1999/xlink" xmlns:xsi="http://www.w3.org/2001/XMLSchema-instance" xsi:schemaLocation="http://www.loc.gov/standards/alto/ns-v3# http://www.loc.gov/alto/v3/alto-3-0.xsd">
	<Description>
		<MeasurementUnit>pixel</MeasurementUnit>
		<sourceImageInformation>
			<fileName>/tmp/tess_8fw9xy5p_input.PNG</fileName>
		</sourceImageInformation>
		<OCRProcessing ID="OCR_0">
			<ocrProcessingStep>
				<processingSoftware>
					<softwareName>tesseract 5.3.4</softwareName>
				</processingSoftware>
			</ocrProcessingStep>
		</OCRProcessing>
	</Description>
	<Layout>
		<Page WIDTH="1109" HEIGHT="1678" PHYSICAL_IMG_NR="0" ID="page_0">
			<PrintSpace HPOS="0" VPOS="0" WIDTH="1109" HEIGHT="1678">
				<GraphicalElement ID="cblock_0" HPOS="0" VPOS="27" WIDTH="3" HEIGHT="982"></GraphicalElement >
				<ComposedBlock ID="cblock_1" HPOS="227" VPOS="96" WIDTH="484" HEIGHT="20">
					<TextBlock ID="block_0" HPOS="227" VPOS="96" WIDTH="484" HEIGHT="20">
						<TextLine ID="line_0" HPOS="227" VPOS="96" WIDTH="484" HEIGHT="20">
							<String ID="string_0" HPOS="227" VPOS="96" WIDTH="54" HEIGHT="20" WC="0.95" CONTENT="1192"/><SP WIDTH="222" VPOS="96" HPOS="281"/>
							<String ID="string_1" HPOS="503" VPOS="99" WIDTH="40" HEIGHT="17" WC="0.96" CONTENT="Den"/><SP WIDTH="20" VPOS="99" HPOS="543"/>
							<String ID="string_2" HPOS="563" VPOS="97" WIDTH="25" HEIGHT="19" WC="0.96" CONTENT="10"/><SP WIDTH="16" VPOS="97" HPOS="588"/>
							<String ID="string_3" HPOS="604" VPOS="98" WIDTH="107" HEIGHT="18" WC="0.96" CONTENT="December."/>
						</TextLine>
					</TextBlock>
				</ComposedBlock>
				<ComposedBlock ID="cblock_2" HPOS="193" VPOS="159" WIDTH="831" HEIGHT="1377">
					<TextBlock ID="block_1" HPOS="193" VPOS="159" WIDTH="831" HEIGHT="1377">
						<TextLine ID="line_1" HPOS="196" VPOS="159" WIDTH="827" HEIGHT="30">
							<String ID="string_4" HPOS="196" VPOS="159" WIDTH="65" HEIGHT="28" WC="0.92" CONTENT="insigt"/><SP WIDTH="16" VPOS="159" HPOS="261"/>
							<String ID="string_5" HPOS="277" VPOS="159" WIDTH="40" HEIGHT="23" WC="0.96" CONTENT="och"/><SP WIDTH="16" VPOS="159" HPOS="317"/>
							<String ID="string_6" HPOS="333" VPOS="161" WIDTH="128" HEIGHT="27" WC="0.95" CONTENT="erfarenhet,"/><SP WIDTH="16" VPOS="161" HPOS="461"/>
							<String ID="string_7" HPOS="477" VPOS="161" WIDTH="25" HEIGHT="21" WC="0.96" CONTENT="så"/><SP WIDTH="14" VPOS="161" HPOS="502"/>
							<String ID="string_8" HPOS="516" VPOS="161" WIDTH="43" HEIGHT="21" WC="0.96" CONTENT="kan"/><SP WIDTH="14" VPOS="161" HPOS="559"/>
							<String ID="string_9" HPOS="573" VPOS="161" WIDTH="38" HEIGHT="28" WC="0.96" CONTENT="jag"/><SP WIDTH="15" VPOS="161" HPOS="611"/>
							<String ID="string_10" HPOS="626" VPOS="161" WIDTH="55" HEIGHT="22" WC="0.96" CONTENT="dock"/><SP WIDTH="16" VPOS="161" HPOS="681"/>
							<String ID="string_11" HPOS="697" VPOS="161" WIDTH="70" HEIGHT="27" WC="0.96" CONTENT="aldrig"/><SP WIDTH="15" VPOS="161" HPOS="767"/>
							<String ID="string_12" HPOS="782" VPOS="160" WIDTH="94" HEIGHT="22" WC="0.96" CONTENT="erkänna"/><SP WIDTH="16" VPOS="160" HPOS="876"/>
							<String ID="string_13" HPOS="892" VPOS="160" WIDTH="41" HEIGHT="21" WC="0.93" CONTENT="den"/><SP WIDTH="11" VPOS="160" HPOS="933"/>
							<String ID="string_14" HPOS="944" VPOS="160" WIDTH="79" HEIGHT="27" WC="0.91" CONTENT="grund-"/>
						</TextLine>
						<TextLine ID="line_2" HPOS="196" VPOS="189" WIDTH="827" HEIGHT="28">
							<String ID="string_15" HPOS="196" VPOS="189" WIDTH="41" HEIGHT="26" WC="0.96" CONTENT="val,"/><SP WIDTH="16" VPOS="189" HPOS="237"/>
							<String ID="string_16" HPOS="253" VPOS="189" WIDTH="28" HEIGHT="27" WC="0.96" CONTENT="på"/><SP WIDTH="15" VPOS="189" HPOS="281"/>
							<String ID="string_17" HPOS="296" VPOS="189" WIDTH="87" HEIGHT="22" WC="0.96" CONTENT="hvilken"/><SP WIDTH="16" VPOS="189" HPOS="383"/>
							<String ID="string_18" HPOS="399" VPOS="190" WIDTH="60" HEIGHT="21" WC="0.95" CONTENT="detta"/><SP WIDTH="15" VPOS="190" HPOS="459"/>
							<String ID="string_19" HPOS="474" VPOS="190" WIDTH="148" HEIGHT="21" WC="0.96" CONTENT="mödosamma"/><SP WIDTH="15" VPOS="190" HPOS="622"/>
							<String ID="string_20" HPOS="637" VPOS="190" WIDTH="76" HEIGHT="21" WC="0.96" CONTENT="arbete"/><SP WIDTH="16" VPOS="190" HPOS="713"/>
							<String ID="string_21" HPOS="729" VPOS="192" WIDTH="23" HEIGHT="19" WC="0.93" CONTENT="är"/><SP WIDTH="15" VPOS="192" HPOS="752"/>
							<String ID="string_22" HPOS="767" VPOS="189" WIDTH="73" HEIGHT="28" WC="0.92" CONTENT="bygdt,"/><SP WIDTH="16" VPOS="189" HPOS="840"/>
							<String ID="string_23" HPOS="856" VPOS="189" WIDTH="40" HEIGHT="22" WC="0.96" CONTENT="och"/><SP WIDTH="19" VPOS="189" HPOS="896"/>
							<String ID="string_24" HPOS="915" VPOS="189" WIDTH="37" HEIGHT="21" WC="0.93" CONTENT="det"/><SP WIDTH="15" VPOS="189" HPOS="952"/>
							<String ID="string_25" HPOS="967" VPOS="189" WIDTH="56" HEIGHT="22" WC="0.92" CONTENT="åter-"/>
						</TextLine>
						<TextLine ID="line_3" HPOS="197" VPOS="217" WIDTH="827" HEIGHT="28">
							<String ID="string_26" HPOS="197" VPOS="218" WIDTH="46" HEIGHT="21" WC="0.96" CONTENT="står"/><SP WIDTH="22" VPOS="218" HPOS="243"/>
							<String ID="string_27" HPOS="265" VPOS="218" WIDTH="42" HEIGHT="27" WC="0.96" CONTENT="mig"/><SP WIDTH="24" VPOS="218" HPOS="307"/>
							<String ID="string_28" HPOS="331" VPOS="218" WIDTH="84" HEIGHT="21" WC="0.96" CONTENT="således"/><SP WIDTH="22" VPOS="218" HPOS="415"/>
							<String ID="string_29" HPOS="437" VPOS="219" WIDTH="57" HEIGHT="21" WC="0.96" CONTENT="blott"/><SP WIDTH="23" VPOS="219" HPOS="494"/>
							<String ID="string_30" HPOS="517" VPOS="218" WIDTH="42" HEIGHT="22" WC="0.96" CONTENT="den"/><SP WIDTH="16" VPOS="218" HPOS="559"/>
							<String ID="string_31" HPOS="575" VPOS="220" WIDTH="150" HEIGHT="20" WC="0.93" CONTENT="smärtsamma"/><SP WIDTH="15" VPOS="220" HPOS="725"/>
							<String ID="string_32" HPOS="740" VPOS="218" WIDTH="81" HEIGHT="27" WC="0.92" CONTENT="pligten"/><SP WIDTH="16" VPOS="218" HPOS="821"/>
							<String ID="string_33" HPOS="837" VPOS="220" WIDTH="33" HEIGHT="19" WC="0.96" CONTENT="att"/><SP WIDTH="14" VPOS="220" HPOS="870"/>
							<String ID="string_34" HPOS="884" VPOS="217" WIDTH="32" HEIGHT="22" WC="0.96" CONTENT="för"/><SP WIDTH="15" VPOS="217" HPOS="916"/>
							<String ID="string_35" HPOS="931" VPOS="217" WIDTH="42" HEIGHT="22" WC="0.96" CONTENT="min"/><SP WIDTH="17" VPOS="217" HPOS="973"/>
							<String ID="string_36" HPOS="990" VPOS="218" WIDTH="34" HEIGHT="21" WC="0.96" CONTENT="del"/>
						</TextLine>
						<TextLine ID="line_4" HPOS="196" VPOS="245" WIDTH="828" HEIGHT="29">
							<String ID="string_37" HPOS="196" VPOS="245" WIDTH="98" HEIGHT="23" WC="0.96" CONTENT="förkasta"/><SP WIDTH="15" VPOS="245" HPOS="294"/>
							<String ID="string_38" HPOS="309" VPOS="247" WIDTH="119" HEIGHT="22" WC="0.96" CONTENT="utskottets"/><SP WIDTH="16" VPOS="247" HPOS="428"/>
							<String ID="string_39" HPOS="444" VPOS="247" WIDTH="87" HEIGHT="27" WC="0.96" CONTENT="förslag."/><SP WIDTH="31" VPOS="247" HPOS="531"/>
							<String ID="string_40" HPOS="562" VPOS="248" WIDTH="67" HEIGHT="21" WC="0.90" CONTENT="Detta"/><SP WIDTH="16" VPOS="248" HPOS="629"/>
							<String ID="string_41" HPOS="645" VPOS="247" WIDTH="107" HEIGHT="27" WC="0.95" CONTENT="ogillande"/><SP WIDTH="15" VPOS="247" HPOS="752"/>
							<String ID="string_42" HPOS="767" VPOS="247" WIDTH="68" HEIGHT="26" WC="0.96" CONTENT="gäller"/><SP WIDTH="14" VPOS="247" HPOS="835"/>
							<String ID="string_43" HPOS="849" VPOS="247" WIDTH="76" HEIGHT="21" WC="0.93" CONTENT="främst"/><SP WIDTH="15" VPOS="247" HPOS="925"/>
							<String ID="string_44" HPOS="940" VPOS="247" WIDTH="84" HEIGHT="21" WC="0.92" CONTENT="utskot-"/>
						</TextLine>
						<TextLine ID="line_5" HPOS="197" VPOS="275" WIDTH="827" HEIGHT="28">
							<String ID="string_45" HPOS="197" VPOS="276" WIDTH="43" HEIGHT="20" WC="0.92" CONTENT="tets"/><SP WIDTH="15" VPOS="276" HPOS="240"/>
							<String ID="string_46" HPOS="255" VPOS="275" WIDTH="144" HEIGHT="22" WC="0.91" CONTENT="vidblifvande"/><SP WIDTH="14" VPOS="275" HPOS="399"/>
							<String ID="string_47" HPOS="413" VPOS="275" WIDTH="23" HEIGHT="22" WC="0.96" CONTENT="af"/><SP WIDTH="13" VPOS="275" HPOS="436"/>
							<String ID="string_48" HPOS="449" VPOS="276" WIDTH="127" HEIGHT="27" WC="0.93" CONTENT="fortgående"/><SP WIDTH="16" VPOS="276" HPOS="576"/>
							<String ID="string_49" HPOS="592" VPOS="276" WIDTH="139" HEIGHT="27" WC="0.90" CONTENT="soldattjenst"/><SP WIDTH="10" VPOS="276" HPOS="731"/>
							<String ID="string_50" HPOS="741" VPOS="276" WIDTH="7" HEIGHT="21" WC="0.96" CONTENT="i"/><SP WIDTH="10" VPOS="276" HPOS="748"/>
							<String ID="string_51" HPOS="758" VPOS="275" WIDTH="91" HEIGHT="22" WC="0.96" CONTENT="fredstid"/><SP WIDTH="7" VPOS="275" HPOS="849"/>
							<String ID="string_52" HPOS="856" VPOS="276" WIDTH="29" HEIGHT="26" WC="0.93" CONTENT="på"/><SP WIDTH="7" VPOS="276" HPOS="885"/>
							<String ID="string_53" HPOS="892" VPOS="275" WIDTH="132" HEIGHT="27" WC="0.91" CONTENT="värnepligts"/>
						</TextLine>
						<TextLine ID="line_6" HPOS="196" VPOS="303" WIDTH="826" HEIGHT="28">
							<String ID="string_54" HPOS="196" VPOS="303" WIDTH="75" HEIGHT="27" WC="0.96" CONTENT="grund,"/><SP WIDTH="17" VPOS="303" HPOS="271"/>
							<String ID="string_55" HPOS="288" VPOS="303" WIDTH="109" HEIGHT="22" WC="0.96" CONTENT="äfvensom"/><SP WIDTH="16" VPOS="303" HPOS="397"/>
							<String ID="string_56" HPOS="413" VPOS="305" WIDTH="41" HEIGHT="21" WC="0.95" CONTENT="den"/><SP WIDTH="15" VPOS="305" HPOS="454"/>
							<String ID="string_57" HPOS="469" VPOS="305" WIDTH="93" HEIGHT="26" WC="0.95" CONTENT="lottning"/><SP WIDTH="16" VPOS="305" HPOS="562"/>
							<String ID="string_58" HPOS="578" VPOS="305" WIDTH="41" HEIGHT="21" WC="0.93" CONTENT="och"/><SP WIDTH="10" VPOS="305" HPOS="619"/>
							<String ID="string_59" HPOS="629" VPOS="305" WIDTH="146" HEIGHT="26" WC="0.91" CONTENT="kasernering,"/><SP WIDTH="12" VPOS="305" HPOS="775"/>
							<String ID="string_60" HPOS="787" VPOS="304" WIDTH="108" HEIGHT="21" WC="0.96" CONTENT="utskottet"/><SP WIDTH="9" VPOS="304" HPOS="895"/>
							<String ID="string_61" HPOS="904" VPOS="303" WIDTH="118" HEIGHT="28" WC="0.96" CONTENT="bibehållit,"/>
						</TextLine>
						<TextLine ID="line_7" HPOS="193" VPOS="332" WIDTH="830" HEIGHT="28">
							<String ID="string_62" HPOS="193" VPOS="333" WIDTH="68" HEIGHT="26" WC="0.95" CONTENT="jemte"/><SP WIDTH="15" VPOS="333" HPOS="261"/>
							<String ID="string_63" HPOS="276" VPOS="332" WIDTH="37" HEIGHT="21" WC="0.95" CONTENT="det"/><SP WIDTH="15" VPOS="332" HPOS="313"/>
							<String ID="string_64" HPOS="328" VPOS="333" WIDTH="108" HEIGHT="21" WC="0.96" CONTENT="utskottet"/><SP WIDTH="15" VPOS="333" HPOS="436"/>
							<String ID="string_65" HPOS="451" VPOS="334" WIDTH="6" HEIGHT="20" WC="0.96" CONTENT="i"/><SP WIDTH="16" VPOS="334" HPOS="457"/>
							<String ID="string_66" HPOS="473" VPOS="333" WIDTH="43" HEIGHT="21" WC="0.95" CONTENT="alla"/><SP WIDTH="14" VPOS="333" HPOS="516"/>
							<String ID="string_67" HPOS="530" VPOS="333" WIDTH="38" HEIGHT="21" WC="0.93" CONTENT="fall"/><SP WIDTH="13" VPOS="333" HPOS="568"/>
							<String ID="string_68" HPOS="581" VPOS="333" WIDTH="96" HEIGHT="27" WC="0.92" CONTENT="frångått"/><SP WIDTH="15" VPOS="333" HPOS="677"/>
							<String ID="string_69" HPOS="692" VPOS="334" WIDTH="120" HEIGHT="26" WC="0.95" CONTENT="begreppet"/><SP WIDTH="15" VPOS="334" HPOS="812"/>
							<String ID="string_70" HPOS="827" VPOS="339" WIDTH="35" HEIGHT="15" WC="0.96" CONTENT="om"/><SP WIDTH="17" VPOS="339" HPOS="862"/>
							<String ID="string_71" HPOS="879" VPOS="333" WIDTH="41" HEIGHT="21" WC="0.93" CONTENT="den"/><SP WIDTH="15" VPOS="333" HPOS="920"/>
							<String ID="string_72" HPOS="935" VPOS="338" WIDTH="88" HEIGHT="21" WC="0.91" CONTENT="person-"/>
						</TextLine>
						<TextLine ID="line_8" HPOS="197" VPOS="360" WIDTH="826" HEIGHT="28">
							<String ID="string_73" HPOS="197" VPOS="360" WIDTH="43" HEIGHT="27" WC="0.93" CONTENT="liga"/><SP WIDTH="15" VPOS="360" HPOS="240"/>
							<String ID="string_74" HPOS="255" VPOS="360" WIDTH="224" HEIGHT="28" WC="0.91" CONTENT="tjenstskyldigheten,"/><SP WIDTH="17" VPOS="360" HPOS="479"/>
							<String ID="string_75" HPOS="496" VPOS="362" WIDTH="28" HEIGHT="21" WC="0.96" CONTENT="då"/><SP WIDTH="23" VPOS="362" HPOS="524"/>
							<String ID="string_76" HPOS="547" VPOS="362" WIDTH="38" HEIGHT="21" WC="0.96" CONTENT="det"/><SP WIDTH="22" VPOS="362" HPOS="585"/>
							<String ID="string_77" HPOS="607" VPOS="368" WIDTH="77" HEIGHT="20" WC="0.95" CONTENT="genom"/><SP WIDTH="16" VPOS="368" HPOS="684"/>
							<String ID="string_78" HPOS="700" VPOS="361" WIDTH="107" HEIGHT="22" WC="0.95" CONTENT="särskilda"/><SP WIDTH="13" VPOS="361" HPOS="807"/>
							<String ID="string_79" HPOS="820" VPOS="361" WIDTH="134" HEIGHT="27" WC="0.92" CONTENT="stadganden"/><SP WIDTH="15" VPOS="361" HPOS="954"/>
							<String ID="string_80" HPOS="969" VPOS="368" WIDTH="54" HEIGHT="20" WC="0.92" CONTENT="upp-"/>
						</TextLine>
						<TextLine ID="line_9" HPOS="198" VPOS="389" WIDTH="825" HEIGHT="28">
							<String ID="string_81" HPOS="198" VPOS="389" WIDTH="61" HEIGHT="21" WC="0.96" CONTENT="ställt"/><SP WIDTH="14" VPOS="389" HPOS="259"/>
							<String ID="string_82" HPOS="273" VPOS="390" WIDTH="58" HEIGHT="21" WC="0.96" CONTENT="vissa"/><SP WIDTH="16" VPOS="390" HPOS="331"/>
							<String ID="string_83" HPOS="347" VPOS="389" WIDTH="119" HEIGHT="28" WC="0.96" CONTENT="eftergifter"/><SP WIDTH="14" VPOS="389" HPOS="466"/>
							<String ID="string_84" HPOS="480" VPOS="391" WIDTH="29" HEIGHT="26" WC="0.96" CONTENT="på"/><SP WIDTH="15" VPOS="391" HPOS="509"/>
							<String ID="string_85" HPOS="524" VPOS="391" WIDTH="69" HEIGHT="26" WC="0.95" CONTENT="grund"/><SP WIDTH="16" VPOS="391" HPOS="593"/>
							<String ID="string_86" HPOS="609" VPOS="390" WIDTH="22" HEIGHT="21" WC="0.93" CONTENT="af"/><SP WIDTH="13" VPOS="390" HPOS="631"/>
							<String ID="string_87" HPOS="644" VPOS="390" WIDTH="119" HEIGHT="27" WC="0.91" CONTENT="bildnings-"/><SP WIDTH="20" VPOS="390" HPOS="763"/>
							<String ID="string_88" HPOS="783" VPOS="390" WIDTH="53" HEIGHT="21" WC="0.93" CONTENT="eller"/><SP WIDTH="18" VPOS="390" HPOS="836"/>
							<String ID="string_89" HPOS="854" VPOS="390" WIDTH="169" HEIGHT="27" WC="0.89" CONTENT="förmögenhets-"/>
						</TextLine>
						<TextLine ID="line_10" HPOS="196" VPOS="417" WIDTH="826" HEIGHT="28">
							<String ID="string_90" HPOS="196" VPOS="417" WIDTH="130" HEIGHT="27" WC="0.92" CONTENT="företräden,"/><SP WIDTH="17" VPOS="417" HPOS="326"/>
							<String ID="string_91" HPOS="343" VPOS="418" WIDTH="28" HEIGHT="21" WC="0.96" CONTENT="då"/><SP WIDTH="15" VPOS="418" HPOS="371"/>
							<String ID="string_92" HPOS="386" VPOS="418" WIDTH="37" HEIGHT="21" WC="0.96" CONTENT="det"/><SP WIDTH="14" VPOS="418" HPOS="423"/>
							<String ID="string_93" HPOS="437" VPOS="419" WIDTH="112" HEIGHT="21" WC="0.96" CONTENT="bibehållit"/><SP WIDTH="16" VPOS="419" HPOS="549"/>
							<String ID="string_94" HPOS="565" VPOS="425" WIDTH="26" HEIGHT="15" WC="0.93" CONTENT="en"/><SP WIDTH="16" VPOS="425" HPOS="591"/>
							<String ID="string_95" HPOS="607" VPOS="419" WIDTH="106" HEIGHT="22" WC="0.92" CONTENT="cacherad"/><SP WIDTH="16" VPOS="419" HPOS="713"/>
							<String ID="string_96" HPOS="729" VPOS="418" WIDTH="103" HEIGHT="27" WC="0.91" CONTENT="värfning,"/><SP WIDTH="16" VPOS="418" HPOS="832"/>
							<String ID="string_97" HPOS="848" VPOS="418" WIDTH="82" HEIGHT="22" WC="0.96" CONTENT="hvilket"/><SP WIDTH="8" VPOS="418" HPOS="930"/>
							<String ID="string_98" HPOS="938" VPOS="419" WIDTH="38" HEIGHT="26" WC="0.93" CONTENT="jag"/><SP WIDTH="10" VPOS="419" HPOS="976"/>
							<String ID="string_99" HPOS="986" VPOS="425" WIDTH="36" HEIGHT="15" WC="0.91" CONTENT="an-"/>
						</TextLine>
						<TextLine ID="line_11" HPOS="196" VPOS="447" WIDTH="826" HEIGHT="28">
							<String ID="string_100" HPOS="196" VPOS="453" WIDTH="35" HEIGHT="14" WC="0.96" CONTENT="ser"/><SP WIDTH="15" VPOS="453" HPOS="231"/>
							<String ID="string_101" HPOS="246" VPOS="448" WIDTH="33" HEIGHT="19" WC="0.93" CONTENT="att"/><SP WIDTH="16" VPOS="448" HPOS="279"/>
							<String ID="string_102" HPOS="295" VPOS="447" WIDTH="146" HEIGHT="26" WC="0.92" CONTENT="stadgandena"/><SP WIDTH="15" VPOS="447" HPOS="441"/>
							<String ID="string_103" HPOS="456" VPOS="453" WIDTH="34" HEIGHT="16" WC="0.96" CONTENT="om"/><SP WIDTH="15" VPOS="453" HPOS="490"/>
							<String ID="string_104" HPOS="505" VPOS="447" WIDTH="130" HEIGHT="28" WC="0.96" CONTENT="volontärer,"/><SP WIDTH="24" VPOS="447" HPOS="635"/>
							<String ID="string_105" HPOS="659" VPOS="448" WIDTH="41" HEIGHT="21" WC="0.95" CONTENT="och"/><SP WIDTH="23" VPOS="448" HPOS="700"/>
							<String ID="string_106" HPOS="723" VPOS="447" WIDTH="74" HEIGHT="22" WC="0.95" CONTENT="dessas"/><SP WIDTH="22" VPOS="447" HPOS="797"/>
							<String ID="string_107" HPOS="819" VPOS="447" WIDTH="109" HEIGHT="22" WC="0.92" CONTENT="bindande"/><SP WIDTH="21" VPOS="447" HPOS="928"/>
							<String ID="string_108" HPOS="949" VPOS="447" WIDTH="73" HEIGHT="21" WC="0.88" CONTENT="fortfa-"/>
						</TextLine>
						<TextLine ID="line_12" HPOS="195" VPOS="475" WIDTH="828" HEIGHT="28">
							<String ID="string_109" HPOS="195" VPOS="475" WIDTH="66" HEIGHT="21" WC="0.96" CONTENT="rande"/><SP WIDTH="15" VPOS="475" HPOS="261"/>
							<String ID="string_110" HPOS="276" VPOS="475" WIDTH="36" HEIGHT="21" WC="0.96" CONTENT="vid"/><SP WIDTH="15" VPOS="475" HPOS="312"/>
							<String ID="string_111" HPOS="327" VPOS="476" WIDTH="26" HEIGHT="21" WC="0.96" CONTENT="de"/><SP WIDTH="16" VPOS="476" HPOS="353"/>
							<String ID="string_112" HPOS="369" VPOS="476" WIDTH="90" HEIGHT="21" WC="0.93" CONTENT="stående"/><SP WIDTH="15" VPOS="476" HPOS="459"/>
							<String ID="string_113" HPOS="474" VPOS="476" WIDTH="155" HEIGHT="27" WC="0.91" CONTENT="bataljonerna,"/><SP WIDTH="18" VPOS="476" HPOS="629"/>
							<String ID="string_114" HPOS="647" VPOS="476" WIDTH="110" HEIGHT="22" WC="0.93" CONTENT="äfvensom"/><SP WIDTH="10" VPOS="476" HPOS="757"/>
							<String ID="string_115" HPOS="767" VPOS="476" WIDTH="148" HEIGHT="27" WC="0.92" CONTENT="stadgandena"/><SP WIDTH="10" VPOS="476" HPOS="915"/>
							<String ID="string_116" HPOS="925" VPOS="476" WIDTH="55" HEIGHT="21" WC="0.96" CONTENT="huru"/><SP WIDTH="8" VPOS="476" HPOS="980"/>
							<String ID="string_117" HPOS="988" VPOS="476" WIDTH="35" HEIGHT="21" WC="0.96" CONTENT="vid"/>
						</TextLine>
						<TextLine ID="line_13" HPOS="195" VPOS="503" WIDTH="828" HEIGHT="29">
							<String ID="string_118" HPOS="195" VPOS="503" WIDTH="200" HEIGHT="28" WC="0.90" CONTENT="lottningstillfället"/><SP WIDTH="15" VPOS="503" HPOS="395"/>
							<String ID="string_119" HPOS="410" VPOS="505" WIDTH="39" HEIGHT="21" WC="0.96" CONTENT="bör"/><SP WIDTH="15" VPOS="505" HPOS="449"/>
							<String ID="string_120" HPOS="464" VPOS="505" WIDTH="66" HEIGHT="27" WC="0.96" CONTENT="tillgå,"/><SP WIDTH="17" VPOS="505" HPOS="530"/>
							<String ID="string_121" HPOS="547" VPOS="505" WIDTH="95" HEIGHT="27" WC="0.96" CONTENT="tydligen"/><SP WIDTH="15" VPOS="505" HPOS="642"/>
							<String ID="string_122" HPOS="657" VPOS="505" WIDTH="81" HEIGHT="22" WC="0.96" CONTENT="bevisa."/><SP WIDTH="30" VPOS="505" HPOS="738"/>
							<String ID="string_123" HPOS="768" VPOS="505" WIDTH="80" HEIGHT="21" WC="0.96" CONTENT="Vidare"/><SP WIDTH="19" VPOS="505" HPOS="848"/>
							<String ID="string_124" HPOS="867" VPOS="505" WIDTH="39" HEIGHT="21" WC="0.96" CONTENT="har"/><SP WIDTH="17" VPOS="505" HPOS="906"/>
							<String ID="string_125" HPOS="923" VPOS="505" WIDTH="38" HEIGHT="27" WC="0.96" CONTENT="jag"/><SP WIDTH="14" VPOS="505" HPOS="961"/>
							<String ID="string_126" HPOS="975" VPOS="505" WIDTH="48" HEIGHT="20" WC="0.96" CONTENT="icke"/>
						</TextLine>
						<TextLine ID="line_14" HPOS="195" VPOS="532" WIDTH="828" HEIGHT="29">
							<String ID="string_127" HPOS="195" VPOS="532" WIDTH="84" HEIGHT="21" WC="0.95" CONTENT="kunnat"/><SP WIDTH="15" VPOS="532" HPOS="279"/>
							<String ID="string_128" HPOS="294" VPOS="533" WIDTH="51" HEIGHT="26" WC="0.96" CONTENT="gilla"/><SP WIDTH="15" VPOS="533" HPOS="345"/>
							<String ID="string_129" HPOS="360" VPOS="533" WIDTH="37" HEIGHT="21" WC="0.96" CONTENT="det"/><SP WIDTH="15" VPOS="533" HPOS="397"/>
							<String ID="string_130" HPOS="412" VPOS="533" WIDTH="151" HEIGHT="27" WC="0.96" CONTENT="ofullständiga"/><SP WIDTH="15" VPOS="533" HPOS="563"/>
							<String ID="string_131" HPOS="578" VPOS="534" WIDTH="32" HEIGHT="21" WC="0.93" CONTENT="uti"/><SP WIDTH="16" VPOS="534" HPOS="610"/>
							<String ID="string_132" HPOS="626" VPOS="534" WIDTH="131" HEIGHT="27" WC="0.92" CONTENT="stadgandet"/><SP WIDTH="18" VPOS="534" HPOS="757"/>
							<String ID="string_133" HPOS="775" VPOS="540" WIDTH="34" HEIGHT="15" WC="0.93" CONTENT="om"/><SP WIDTH="19" VPOS="540" HPOS="809"/>
							<String ID="string_134" HPOS="828" VPOS="539" WIDTH="112" HEIGHT="16" WC="0.92" CONTENT="reservens"/><SP WIDTH="16" VPOS="539" HPOS="940"/>
							<String ID="string_135" HPOS="956" VPOS="533" WIDTH="67" HEIGHT="21" WC="0.90" CONTENT="öfnin-"/>
						</TextLine>
						<TextLine ID="line_15" HPOS="196" VPOS="561" WIDTH="826" HEIGHT="29">
							<String ID="string_136" HPOS="196" VPOS="567" WIDTH="44" HEIGHT="21" WC="0.96" CONTENT="gar,"/><SP WIDTH="24" VPOS="567" HPOS="240"/>
							<String ID="string_137" HPOS="264" VPOS="561" WIDTH="39" HEIGHT="22" WC="0.93" CONTENT="der"/><SP WIDTH="21" VPOS="561" HPOS="303"/>
							<String ID="string_138" HPOS="324" VPOS="561" WIDTH="106" HEIGHT="28" WC="0.91" CONTENT="nemligen"/><SP WIDTH="22" VPOS="561" HPOS="430"/>
							<String ID="string_139" HPOS="452" VPOS="569" WIDTH="48" HEIGHT="14" WC="0.96" CONTENT="man"/><SP WIDTH="16" VPOS="569" HPOS="500"/>
							<String ID="string_140" HPOS="516" VPOS="562" WIDTH="73" HEIGHT="21" WC="0.96" CONTENT="kunde"/><SP WIDTH="17" VPOS="562" HPOS="589"/>
							<String ID="string_141" HPOS="606" VPOS="562" WIDTH="67" HEIGHT="28" WC="0.96" CONTENT="draga"/><SP WIDTH="15" VPOS="562" HPOS="673"/>
							<String ID="string_142" HPOS="688" VPOS="563" WIDTH="42" HEIGHT="21" WC="0.96" CONTENT="den"/><SP WIDTH="19" VPOS="563" HPOS="730"/>
							<String ID="string_143" HPOS="749" VPOS="562" WIDTH="119" HEIGHT="22" WC="0.96" CONTENT="slutsatsen"/><SP WIDTH="16" VPOS="562" HPOS="868"/>
							<String ID="string_144" HPOS="884" VPOS="563" WIDTH="32" HEIGHT="20" WC="0.93" CONTENT="att"/><SP WIDTH="14" VPOS="563" HPOS="916"/>
							<String ID="string_145" HPOS="930" VPOS="561" WIDTH="92" HEIGHT="28" WC="0.90" CONTENT="öfnings-"/>
						</TextLine>
						<TextLine ID="line_16" HPOS="196" VPOS="589" WIDTH="825" HEIGHT="30">
							<String ID="string_146" HPOS="196" VPOS="589" WIDTH="122" HEIGHT="28" WC="0.96" CONTENT="skyldighet"/><SP WIDTH="22" VPOS="589" HPOS="318"/>
							<String ID="string_147" HPOS="340" VPOS="591" WIDTH="126" HEIGHT="27" WC="0.95" CONTENT="visserligen"/><SP WIDTH="23" VPOS="591" HPOS="466"/>
							<String ID="string_148" HPOS="489" VPOS="591" WIDTH="81" HEIGHT="27" WC="0.96" CONTENT="åligger"/><SP WIDTH="21" VPOS="591" HPOS="570"/>
							<String ID="string_149" HPOS="591" VPOS="591" WIDTH="74" HEIGHT="28" WC="0.96" CONTENT="hvarje"/><SP WIDTH="20" VPOS="591" HPOS="665"/>
							<String ID="string_150" HPOS="685" VPOS="591" WIDTH="86" HEIGHT="26" WC="0.96" CONTENT="individ,"/><SP WIDTH="21" VPOS="591" HPOS="771"/>
							<String ID="string_151" HPOS="792" VPOS="597" WIDTH="46" HEIGHT="15" WC="0.95" CONTENT="som"/><SP WIDTH="15" VPOS="597" HPOS="838"/>
							<String ID="string_152" HPOS="853" VPOS="591" WIDTH="72" HEIGHT="21" WC="0.93" CONTENT="tillhör"/><SP WIDTH="14" VPOS="591" HPOS="925"/>
							<String ID="string_153" HPOS="939" VPOS="597" WIDTH="82" HEIGHT="15" WC="0.91" CONTENT="reserv-"/>
						</TextLine>
						<TextLine ID="line_17" HPOS="196" VPOS="618" WIDTH="827" HEIGHT="29">
							<String ID="string_154" HPOS="196" VPOS="618" WIDTH="118" HEIGHT="27" WC="0.91" CONTENT="klasserne,"/><SP WIDTH="16" VPOS="618" HPOS="314"/>
							<String ID="string_155" HPOS="330" VPOS="625" WIDTH="49" HEIGHT="15" WC="0.96" CONTENT="men"/><SP WIDTH="16" VPOS="625" HPOS="379"/>
							<String ID="string_156" HPOS="395" VPOS="619" WIDTH="39" HEIGHT="22" WC="0.97" CONTENT="der"/><SP WIDTH="15" VPOS="619" HPOS="434"/>
							<String ID="string_157" HPOS="449" VPOS="619" WIDTH="37" HEIGHT="22" WC="0.96" CONTENT="det"/><SP WIDTH="15" VPOS="619" HPOS="486"/>
							<String ID="string_158" HPOS="501" VPOS="620" WIDTH="126" HEIGHT="21" WC="0.96" CONTENT="ankommer"/><SP WIDTH="14" VPOS="620" HPOS="627"/>
							<String ID="string_159" HPOS="641" VPOS="620" WIDTH="29" HEIGHT="27" WC="0.96" CONTENT="på"/><SP WIDTH="15" VPOS="620" HPOS="670"/>
							<String ID="string_160" HPOS="685" VPOS="620" WIDTH="126" HEIGHT="27" WC="0.96" CONTENT="regeringen"/><SP WIDTH="16" VPOS="620" HPOS="811"/>
							<String ID="string_161" HPOS="827" VPOS="621" WIDTH="32" HEIGHT="20" WC="0.96" CONTENT="att"/><SP WIDTH="10" VPOS="621" HPOS="859"/>
							<String ID="string_162" HPOS="869" VPOS="619" WIDTH="154" HEIGHT="22" WC="0.96" CONTENT="sammankalla"/>
						</TextLine>
						<TextLine ID="line_18" HPOS="194" VPOS="647" WIDTH="827" HEIGHT="29">
							<String ID="string_163" HPOS="194" VPOS="647" WIDTH="32" HEIGHT="21" WC="0.95" CONTENT="till"/><SP WIDTH="15" VPOS="647" HPOS="226"/>
							<String ID="string_164" HPOS="241" VPOS="647" WIDTH="69" HEIGHT="22" WC="0.93" CONTENT="sådan"/><SP WIDTH="15" VPOS="647" HPOS="310"/>
							<String ID="string_165" HPOS="325" VPOS="647" WIDTH="79" HEIGHT="27" WC="0.91" CONTENT="öfning."/><SP WIDTH="30" VPOS="647" HPOS="404"/>
							<String ID="string_166" HPOS="434" VPOS="648" WIDTH="41" HEIGHT="26" WC="0.96" CONTENT="Jag"/><SP WIDTH="16" VPOS="648" HPOS="475"/>
							<String ID="string_167" HPOS="491" VPOS="649" WIDTH="68" HEIGHT="21" WC="0.96" CONTENT="måste"/><SP WIDTH="16" VPOS="649" HPOS="559"/>
							<String ID="string_168" HPOS="575" VPOS="649" WIDTH="95" HEIGHT="22" WC="0.96" CONTENT="erkänna"/><SP WIDTH="15" VPOS="649" HPOS="670"/>
							<String ID="string_169" HPOS="685" VPOS="651" WIDTH="33" HEIGHT="19" WC="0.96" CONTENT="att"/><SP WIDTH="13" VPOS="651" HPOS="718"/>
							<String ID="string_170" HPOS="731" VPOS="649" WIDTH="38" HEIGHT="27" WC="0.96" CONTENT="jag"/><SP WIDTH="15" VPOS="649" HPOS="769"/>
							<String ID="string_171" HPOS="784" VPOS="655" WIDTH="29" HEIGHT="15" WC="0.96" CONTENT="nu"/><SP WIDTH="15" VPOS="655" HPOS="813"/>
							<String ID="string_172" HPOS="828" VPOS="648" WIDTH="69" HEIGHT="22" WC="0.93" CONTENT="blifvit"/><SP WIDTH="9" VPOS="648" HPOS="897"/>
							<String ID="string_173" HPOS="906" VPOS="649" WIDTH="115" HEIGHT="26" WC="0.91" CONTENT="uppmärk-"/>
						</TextLine>
						<TextLine ID="line_19" HPOS="196" VPOS="676" WIDTH="826" HEIGHT="28">
							<String ID="string_174" HPOS="196" VPOS="676" WIDTH="109" HEIGHT="26" WC="0.92" CONTENT="samgjord"/><SP WIDTH="16" VPOS="676" HPOS="305"/>
							<String ID="string_175" HPOS="321" VPOS="676" WIDTH="72" HEIGHT="27" WC="0.92" CONTENT="derpå,"/><SP WIDTH="17" VPOS="676" HPOS="393"/>
							<String ID="string_176" HPOS="410" VPOS="678" WIDTH="33" HEIGHT="20" WC="0.96" CONTENT="att"/><SP WIDTH="15" VPOS="678" HPOS="443"/>
							<String ID="string_177" HPOS="458" VPOS="676" WIDTH="60" HEIGHT="22" WC="0.96" CONTENT="detta"/><SP WIDTH="14" VPOS="676" HPOS="518"/>
							<String ID="string_178" HPOS="532" VPOS="677" WIDTH="74" HEIGHT="21" WC="0.96" CONTENT="berott"/><SP WIDTH="15" VPOS="677" HPOS="606"/>
							<String ID="string_179" HPOS="621" VPOS="678" WIDTH="28" HEIGHT="26" WC="0.96" CONTENT="på"/><SP WIDTH="16" VPOS="678" HPOS="649"/>
							<String ID="string_180" HPOS="665" VPOS="679" WIDTH="32" HEIGHT="19" WC="0.96" CONTENT="ett"/><SP WIDTH="15" VPOS="679" HPOS="697"/>
							<String ID="string_181" HPOS="712" VPOS="676" WIDTH="96" HEIGHT="28" WC="0.96" CONTENT="tryckfel."/><SP WIDTH="31" VPOS="676" HPOS="808"/>
							<String ID="string_182" HPOS="839" VPOS="677" WIDTH="41" HEIGHT="27" WC="0.96" CONTENT="Jag"/><SP WIDTH="14" VPOS="677" HPOS="880"/>
							<String ID="string_183" HPOS="894" VPOS="677" WIDTH="43" HEIGHT="21" WC="0.93" CONTENT="kan"/><SP WIDTH="12" VPOS="677" HPOS="937"/>
							<String ID="string_184" HPOS="949" VPOS="679" WIDTH="73" HEIGHT="19" WC="0.92" CONTENT="natur-"/>
						</TextLine>
						<TextLine ID="line_20" HPOS="194" VPOS="704" WIDTH="827" HEIGHT="29">
							<String ID="string_185" HPOS="194" VPOS="704" WIDTH="72" HEIGHT="26" WC="0.92" CONTENT="ligtvis"/><SP WIDTH="16" VPOS="704" HPOS="266"/>
							<String ID="string_186" HPOS="282" VPOS="704" WIDTH="47" HEIGHT="22" WC="0.93" CONTENT="icke"/><SP WIDTH="16" VPOS="704" HPOS="329"/>
							<String ID="string_187" HPOS="345" VPOS="704" WIDTH="58" HEIGHT="22" WC="0.92" CONTENT="tvifla"/><SP WIDTH="16" VPOS="704" HPOS="403"/>
							<String ID="string_188" HPOS="419" VPOS="706" WIDTH="71" HEIGHT="26" WC="0.92" CONTENT="derpå,"/><SP WIDTH="16" VPOS="706" HPOS="490"/>
							<String ID="string_189" HPOS="506" VPOS="712" WIDTH="49" HEIGHT="15" WC="0.96" CONTENT="men"/><SP WIDTH="13" VPOS="712" HPOS="555"/>
							<String ID="string_190" HPOS="568" VPOS="706" WIDTH="38" HEIGHT="27" WC="0.95" CONTENT="jag"/><SP WIDTH="15" VPOS="706" HPOS="606"/>
							<String ID="string_191" HPOS="621" VPOS="707" WIDTH="72" HEIGHT="21" WC="0.96" CONTENT="kunde"/><SP WIDTH="15" VPOS="707" HPOS="693"/>
							<String ID="string_192" HPOS="708" VPOS="706" WIDTH="67" HEIGHT="27" WC="0.96" CONTENT="fråga,"/><SP WIDTH="16" VPOS="706" HPOS="775"/>
							<String ID="string_193" HPOS="791" VPOS="712" WIDTH="34" HEIGHT="15" WC="0.96" CONTENT="om"/><SP WIDTH="23" VPOS="712" HPOS="825"/>
							<String ID="string_194" HPOS="848" VPOS="705" WIDTH="61" HEIGHT="22" WC="0.96" CONTENT="äfven"/><SP WIDTH="23" VPOS="705" HPOS="909"/>
							<String ID="string_195" HPOS="932" VPOS="706" WIDTH="37" HEIGHT="21" WC="0.93" CONTENT="det"/><SP WIDTH="16" VPOS="706" HPOS="969"/>
							<String ID="string_196" HPOS="985" VPOS="706" WIDTH="36" HEIGHT="21" WC="0.93" CONTENT="be-"/>
						</TextLine>
						<TextLine ID="line_21" HPOS="194" VPOS="733" WIDTH="826" HEIGHT="29">
							<String ID="string_197" HPOS="194" VPOS="734" WIDTH="45" HEIGHT="20" WC="0.92" CONTENT="rott"/><SP WIDTH="14" VPOS="734" HPOS="239"/>
							<String ID="string_198" HPOS="253" VPOS="733" WIDTH="29" HEIGHT="27" WC="0.96" CONTENT="på"/><SP WIDTH="15" VPOS="733" HPOS="282"/>
							<String ID="string_199" HPOS="297" VPOS="734" WIDTH="32" HEIGHT="21" WC="0.96" CONTENT="ett"/><SP WIDTH="15" VPOS="734" HPOS="329"/>
							<String ID="string_200" HPOS="344" VPOS="733" WIDTH="95" HEIGHT="27" WC="0.96" CONTENT="tryckfel,"/><SP WIDTH="17" VPOS="733" HPOS="439"/>
							<String ID="string_201" HPOS="456" VPOS="736" WIDTH="33" HEIGHT="19" WC="0.96" CONTENT="att"/><SP WIDTH="15" VPOS="736" HPOS="489"/>
							<String ID="string_202" HPOS="504" VPOS="734" WIDTH="41" HEIGHT="22" WC="0.93" CONTENT="den"/><SP WIDTH="17" VPOS="734" HPOS="545"/>
							<String ID="string_203" HPOS="562" VPOS="736" WIDTH="57" HEIGHT="20" WC="0.92" CONTENT="11:te"/><SP WIDTH="16" VPOS="736" HPOS="619"/>
							<String ID="string_204" HPOS="635" VPOS="735" WIDTH="17" HEIGHT="27" WC="0.91" CONTENT="$,"/><SP WIDTH="16" VPOS="735" HPOS="652"/>
							<String ID="string_205" HPOS="668" VPOS="735" WIDTH="89" HEIGHT="21" WC="0.90" CONTENT="hvarom"/><SP WIDTH="19" VPOS="735" HPOS="757"/>
							<String ID="string_206" HPOS="776" VPOS="734" WIDTH="39" HEIGHT="22" WC="0.96" CONTENT="här"/><SP WIDTH="23" VPOS="734" HPOS="815"/>
							<String ID="string_207" HPOS="838" VPOS="736" WIDTH="24" HEIGHT="20" WC="0.96" CONTENT="är"/><SP WIDTH="21" VPOS="736" HPOS="862"/>
							<String ID="string_208" HPOS="883" VPOS="734" WIDTH="67" HEIGHT="27" WC="0.96" CONTENT="fråga,"/><SP WIDTH="22" VPOS="734" HPOS="950"/>
							<String ID="string_209" HPOS="972" VPOS="734" WIDTH="48" HEIGHT="22" WC="0.96" CONTENT="icke"/>
						</TextLine>
						<TextLine ID="line_22" HPOS="195" VPOS="760" WIDTH="827" HEIGHT="30">
							<String ID="string_210" HPOS="195" VPOS="760" WIDTH="90" HEIGHT="23" WC="0.95" CONTENT="föreslås"/><SP WIDTH="24" VPOS="760" HPOS="285"/>
							<String ID="string_211" HPOS="309" VPOS="763" WIDTH="32" HEIGHT="20" WC="0.96" CONTENT="att"/><SP WIDTH="22" VPOS="763" HPOS="341"/>
							<String ID="string_212" HPOS="363" VPOS="762" WIDTH="65" HEIGHT="22" WC="0.96" CONTENT="blifva"/><SP WIDTH="21" VPOS="762" HPOS="428"/>
							<String ID="string_213" HPOS="449" VPOS="763" WIDTH="111" HEIGHT="27" WC="0.95" CONTENT="grundlag,"/><SP WIDTH="22" VPOS="763" HPOS="560"/>
							<String ID="string_214" HPOS="582" VPOS="764" WIDTH="71" HEIGHT="21" WC="0.96" CONTENT="såsom"/><SP WIDTH="16" VPOS="764" HPOS="653"/>
							<String ID="string_215" HPOS="669" VPOS="770" WIDTH="49" HEIGHT="15" WC="0.96" CONTENT="man"/><SP WIDTH="16" VPOS="770" HPOS="718"/>
							<String ID="string_216" HPOS="734" VPOS="764" WIDTH="37" HEIGHT="21" WC="0.96" CONTENT="det"/><SP WIDTH="14" VPOS="764" HPOS="771"/>
							<String ID="string_217" HPOS="785" VPOS="762" WIDTH="111" HEIGHT="28" WC="0.95" CONTENT="föreslagit"/><SP WIDTH="15" VPOS="762" HPOS="896"/>
							<String ID="string_218" HPOS="911" VPOS="763" WIDTH="111" HEIGHT="27" WC="0.96" CONTENT="angående"/>
						</TextLine>
						<TextLine ID="line_23" HPOS="195" VPOS="790" WIDTH="826" HEIGHT="30">
							<String ID="string_219" HPOS="195" VPOS="790" WIDTH="129" HEIGHT="27" WC="0.92" CONTENT="stadgandet"/><SP WIDTH="23" VPOS="790" HPOS="324"/>
							<String ID="string_220" HPOS="347" VPOS="797" WIDTH="34" HEIGHT="15" WC="0.91" CONTENT="om"/><SP WIDTH="22" VPOS="797" HPOS="381"/>
							<String ID="string_221" HPOS="403" VPOS="792" WIDTH="141" HEIGHT="22" WC="0.91" CONTENT="landtvärnet."/><SP WIDTH="31" VPOS="792" HPOS="544"/>
							<String ID="string_222" HPOS="575" VPOS="792" WIDTH="34" HEIGHT="21" WC="0.95" CONTENT="Då"/><SP WIDTH="20" VPOS="792" HPOS="609"/>
							<String ID="string_223" HPOS="629" VPOS="793" WIDTH="39" HEIGHT="27" WC="0.95" CONTENT="jag"/><SP WIDTH="15" VPOS="793" HPOS="668"/>
							<String ID="string_224" HPOS="683" VPOS="792" WIDTH="91" HEIGHT="22" WC="0.96" CONTENT="sålunda"/><SP WIDTH="15" VPOS="792" HPOS="774"/>
							<String ID="string_225" HPOS="789" VPOS="792" WIDTH="28" HEIGHT="27" WC="0.97" CONTENT="på"/><SP WIDTH="15" VPOS="792" HPOS="817"/>
							<String ID="string_226" HPOS="832" VPOS="792" WIDTH="64" HEIGHT="22" WC="0.96" CONTENT="dessa"/><SP WIDTH="16" VPOS="792" HPOS="896"/>
							<String ID="string_227" HPOS="912" VPOS="792" WIDTH="46" HEIGHT="21" WC="0.96" CONTENT="skäl"/><SP WIDTH="15" VPOS="792" HPOS="958"/>
							<String ID="string_228" HPOS="973" VPOS="792" WIDTH="48" HEIGHT="22" WC="0.96" CONTENT="icke"/>
						</TextLine>
						<TextLine ID="line_24" HPOS="195" VPOS="818" WIDTH="827" HEIGHT="30">
							<String ID="string_229" HPOS="195" VPOS="818" WIDTH="42" HEIGHT="22" WC="0.96" CONTENT="kan"/><SP WIDTH="16" VPOS="818" HPOS="237"/>
							<String ID="string_230" HPOS="253" VPOS="819" WIDTH="51" HEIGHT="27" WC="0.96" CONTENT="gilla"/><SP WIDTH="15" VPOS="819" HPOS="304"/>
							<String ID="string_231" HPOS="319" VPOS="820" WIDTH="118" HEIGHT="22" WC="0.96" CONTENT="utskottets"/><SP WIDTH="15" VPOS="820" HPOS="437"/>
							<String ID="string_232" HPOS="452" VPOS="820" WIDTH="144" HEIGHT="27" WC="0.96" CONTENT="betänkande,"/><SP WIDTH="9" VPOS="820" HPOS="596"/>
							<String ID="string_233" HPOS="605" VPOS="822" WIDTH="70" HEIGHT="20" WC="0.96" CONTENT="måste"/><SP WIDTH="13" VPOS="822" HPOS="675"/>
							<String ID="string_234" HPOS="688" VPOS="821" WIDTH="38" HEIGHT="27" WC="0.96" CONTENT="jag"/><SP WIDTH="15" VPOS="821" HPOS="726"/>
							<String ID="string_235" HPOS="741" VPOS="820" WIDTH="49" HEIGHT="22" WC="0.96" CONTENT="med"/><SP WIDTH="15" VPOS="820" HPOS="790"/>
							<String ID="string_236" HPOS="805" VPOS="820" WIDTH="43" HEIGHT="22" WC="0.96" CONTENT="min"/><SP WIDTH="15" VPOS="820" HPOS="848"/>
							<String ID="string_237" HPOS="863" VPOS="820" WIDTH="61" HEIGHT="27" WC="0.96" CONTENT="ringa"/><SP WIDTH="10" VPOS="820" HPOS="924"/>
							<String ID="string_238" HPOS="934" VPOS="822" WIDTH="46" HEIGHT="20" WC="0.93" CONTENT="röst"/><SP WIDTH="10" VPOS="822" HPOS="980"/>
							<String ID="string_239" HPOS="990" VPOS="821" WIDTH="32" HEIGHT="21" WC="0.93" CONTENT="bi-"/>
						</TextLine>
						<TextLine ID="line_25" HPOS="196" VPOS="847" WIDTH="827" HEIGHT="30">
							<String ID="string_240" HPOS="196" VPOS="847" WIDTH="67" HEIGHT="27" WC="0.96" CONTENT="draga"/><SP WIDTH="16" VPOS="847" HPOS="263"/>
							<String ID="string_241" HPOS="279" VPOS="848" WIDTH="32" HEIGHT="21" WC="0.96" CONTENT="till"/><SP WIDTH="16" VPOS="848" HPOS="311"/>
							<String ID="string_242" HPOS="327" VPOS="849" WIDTH="33" HEIGHT="20" WC="0.96" CONTENT="att"/><SP WIDTH="14" VPOS="849" HPOS="360"/>
							<String ID="string_243" HPOS="374" VPOS="848" WIDTH="97" HEIGHT="22" WC="0.96" CONTENT="förkasta"/><SP WIDTH="15" VPOS="848" HPOS="471"/>
							<String ID="string_244" HPOS="486" VPOS="849" WIDTH="60" HEIGHT="22" WC="0.96" CONTENT="detta"/><SP WIDTH="16" VPOS="849" HPOS="546"/>
							<String ID="string_245" HPOS="562" VPOS="849" WIDTH="82" HEIGHT="28" WC="0.96" CONTENT="förslag"/><SP WIDTH="16" VPOS="849" HPOS="644"/>
							<String ID="string_246" HPOS="660" VPOS="856" WIDTH="34" HEIGHT="15" WC="0.96" CONTENT="om"/><SP WIDTH="15" VPOS="856" HPOS="694"/>
							<String ID="string_247" HPOS="709" VPOS="849" WIDTH="122" HEIGHT="22" WC="0.96" CONTENT="införandet"/><SP WIDTH="15" VPOS="849" HPOS="831"/>
							<String ID="string_248" HPOS="846" VPOS="850" WIDTH="7" HEIGHT="20" WC="0.81" CONTENT="i"/><SP WIDTH="8" VPOS="850" HPOS="853"/>
							<String ID="string_249" HPOS="861" VPOS="849" WIDTH="89" HEIGHT="21" WC="0.81" CONTENT="Finland"/><SP WIDTH="9" VPOS="849" HPOS="950"/>
							<String ID="string_250" HPOS="959" VPOS="849" WIDTH="23" HEIGHT="21" WC="0.96" CONTENT="af"/><SP WIDTH="9" VPOS="849" HPOS="982"/>
							<String ID="string_251" HPOS="991" VPOS="851" WIDTH="32" HEIGHT="20" WC="0.96" CONTENT="ett"/>
						</TextLine>
						<TextLine ID="line_26" HPOS="194" VPOS="876" WIDTH="828" HEIGHT="29">
							<String ID="string_252" HPOS="194" VPOS="876" WIDTH="245" HEIGHT="28" WC="0.90" CONTENT="konskriptionssystem"/><SP WIDTH="14" VPOS="876" HPOS="439"/>
							<String ID="string_253" HPOS="453" VPOS="878" WIDTH="50" HEIGHT="21" WC="0.95" CONTENT="med"/><SP WIDTH="14" VPOS="878" HPOS="503"/>
							<String ID="string_254" HPOS="517" VPOS="878" WIDTH="99" HEIGHT="27" WC="0.95" CONTENT="lottning."/><SP WIDTH="31" VPOS="878" HPOS="616"/>
							<String ID="string_255" HPOS="647" VPOS="878" WIDTH="46" HEIGHT="22" WC="0.96" CONTENT="Har"/><SP WIDTH="22" VPOS="878" HPOS="693"/>
							<String ID="string_256" HPOS="715" VPOS="878" WIDTH="27" HEIGHT="22" WC="0.96" CONTENT="då"/><SP WIDTH="23" VPOS="878" HPOS="742"/>
							<String ID="string_257" HPOS="765" VPOS="884" WIDTH="26" HEIGHT="16" WC="0.96" CONTENT="en"/><SP WIDTH="23" VPOS="884" HPOS="791"/>
							<String ID="string_258" HPOS="814" VPOS="878" WIDTH="67" HEIGHT="22" WC="0.96" CONTENT="sådan"/><SP WIDTH="18" VPOS="878" HPOS="881"/>
							<String ID="string_259" HPOS="899" VPOS="878" WIDTH="123" HEIGHT="27" WC="0.96" CONTENT="förändring"/>
						</TextLine>
						<TextLine ID="line_27" HPOS="195" VPOS="904" WIDTH="828" HEIGHT="30">
							<String ID="string_260" HPOS="195" VPOS="904" WIDTH="32" HEIGHT="22" WC="0.96" CONTENT="uti"/><SP WIDTH="16" VPOS="904" HPOS="227"/>
							<String ID="string_261" HPOS="243" VPOS="905" WIDTH="101" HEIGHT="21" WC="0.96" CONTENT="Finlands"/><SP WIDTH="15" VPOS="905" HPOS="344"/>
							<String ID="string_262" HPOS="359" VPOS="906" WIDTH="103" HEIGHT="26" WC="0.96" CONTENT="politiska"/><SP WIDTH="15" VPOS="906" HPOS="462"/>
							<String ID="string_263" HPOS="477" VPOS="906" WIDTH="102" HEIGHT="28" WC="0.96" CONTENT="ställning"/><SP WIDTH="16" VPOS="906" HPOS="579"/>
							<String ID="string_264" HPOS="595" VPOS="909" WIDTH="36" HEIGHT="25" WC="0.96" CONTENT="egt"/><SP WIDTH="15" VPOS="909" HPOS="631"/>
							<String ID="string_265" HPOS="646" VPOS="914" WIDTH="54" HEIGHT="19" WC="0.96" CONTENT="rum,"/><SP WIDTH="12" VPOS="914" HPOS="700"/>
							<String ID="string_266" HPOS="712" VPOS="908" WIDTH="33" HEIGHT="20" WC="0.96" CONTENT="att"/><SP WIDTH="7" VPOS="908" HPOS="745"/>
							<String ID="string_267" HPOS="752" VPOS="906" WIDTH="89" HEIGHT="22" WC="0.93" CONTENT="Finland"/><SP WIDTH="11" VPOS="906" HPOS="841"/>
							<String ID="string_268" HPOS="852" VPOS="906" WIDTH="70" HEIGHT="22" WC="0.96" CONTENT="måste"/><SP WIDTH="10" VPOS="906" HPOS="922"/>
							<String ID="string_269" HPOS="932" VPOS="907" WIDTH="91" HEIGHT="21" WC="0.96" CONTENT="beträda"/>
						</TextLine>
						<TextLine ID="line_28" HPOS="196" VPOS="932" WIDTH="826" HEIGHT="30">
							<String ID="string_270" HPOS="196" VPOS="939" WIDTH="26" HEIGHT="15" WC="0.96" CONTENT="en"/><SP WIDTH="15" VPOS="939" HPOS="222"/>
							<String ID="string_271" HPOS="237" VPOS="932" WIDTH="47" HEIGHT="22" WC="0.96" CONTENT="från"/><SP WIDTH="17" VPOS="932" HPOS="284"/>
							<String ID="string_272" HPOS="301" VPOS="934" WIDTH="56" HEIGHT="26" WC="0.96" CONTENT="dess,"/><SP WIDTH="15" VPOS="934" HPOS="357"/>
							<String ID="string_273" HPOS="372" VPOS="934" WIDTH="29" HEIGHT="27" WC="0.96" CONTENT="på"/><SP WIDTH="15" VPOS="934" HPOS="401"/>
							<String ID="string_274" HPOS="416" VPOS="934" WIDTH="104" HEIGHT="23" WC="0.96" CONTENT="historisk"/><SP WIDTH="15" VPOS="934" HPOS="520"/>
							<String ID="string_275" HPOS="535" VPOS="936" WIDTH="70" HEIGHT="26" WC="0.96" CONTENT="grund"/><SP WIDTH="16" VPOS="936" HPOS="605"/>
							<String ID="string_276" HPOS="621" VPOS="936" WIDTH="96" HEIGHT="22" WC="0.96" CONTENT="skeende"/><SP WIDTH="22" VPOS="936" HPOS="717"/>
							<String ID="string_277" HPOS="739" VPOS="936" WIDTH="129" HEIGHT="26" WC="0.95" CONTENT="utveckling,"/><SP WIDTH="24" VPOS="936" HPOS="868"/>
							<String ID="string_278" HPOS="892" VPOS="935" WIDTH="130" HEIGHT="22" WC="0.96" CONTENT="främmande"/>
						</TextLine>
						<TextLine ID="line_29" HPOS="195" VPOS="962" WIDTH="826" HEIGHT="29">
							<String ID="string_279" HPOS="195" VPOS="963" WIDTH="47" HEIGHT="25" WC="0.95" CONTENT="väg,"/><SP WIDTH="14" VPOS="963" HPOS="242"/>
							<String ID="string_280" HPOS="256" VPOS="962" WIDTH="38" HEIGHT="27" WC="0.96" CONTENT="jag"/><SP WIDTH="15" VPOS="962" HPOS="294"/>
							<String ID="string_281" HPOS="309" VPOS="964" WIDTH="64" HEIGHT="25" WC="0.96" CONTENT="säger"/><SP WIDTH="15" VPOS="964" HPOS="373"/>
							<String ID="string_282" HPOS="388" VPOS="962" WIDTH="132" HEIGHT="24" WC="0.92" CONTENT="främmande"/><SP WIDTH="16" VPOS="962" HPOS="520"/>
							<String ID="string_283" HPOS="536" VPOS="964" WIDTH="91" HEIGHT="27" WC="0.91" CONTENT="derföre,"/><SP WIDTH="16" VPOS="964" HPOS="627"/>
							<String ID="string_284" HPOS="643" VPOS="966" WIDTH="34" HEIGHT="20" WC="0.96" CONTENT="att"/><SP WIDTH="15" VPOS="966" HPOS="677"/>
							<String ID="string_285" HPOS="692" VPOS="964" WIDTH="37" HEIGHT="22" WC="0.96" CONTENT="det"/><SP WIDTH="14" VPOS="964" HPOS="729"/>
							<String ID="string_286" HPOS="743" VPOS="964" WIDTH="81" HEIGHT="27" WC="0.96" CONTENT="förslag"/><SP WIDTH="14" VPOS="964" HPOS="824"/>
							<String ID="string_287" HPOS="838" VPOS="964" WIDTH="108" HEIGHT="22" WC="0.93" CONTENT="utskottet"/><SP WIDTH="11" VPOS="964" HPOS="946"/>
							<String ID="string_288" HPOS="957" VPOS="964" WIDTH="64" HEIGHT="21" WC="0.92" CONTENT="fram-"/>
						</TextLine>
						<TextLine ID="line_30" HPOS="196" VPOS="990" WIDTH="826" HEIGHT="30">
							<String ID="string_289" HPOS="196" VPOS="990" WIDTH="81" HEIGHT="27" WC="0.96" CONTENT="ställer,"/><SP WIDTH="18" VPOS="990" HPOS="277"/>
							<String ID="string_290" HPOS="295" VPOS="993" WIDTH="23" HEIGHT="19" WC="0.96" CONTENT="är"/><SP WIDTH="14" VPOS="993" HPOS="318"/>
							<String ID="string_291" HPOS="332" VPOS="991" WIDTH="133" HEIGHT="23" WC="0.92" CONTENT="främmande"/><SP WIDTH="14" VPOS="991" HPOS="465"/>
							<String ID="string_292" HPOS="479" VPOS="992" WIDTH="33" HEIGHT="22" WC="0.96" CONTENT="för"/><SP WIDTH="16" VPOS="992" HPOS="512"/>
							<String ID="string_293" HPOS="528" VPOS="992" WIDTH="41" HEIGHT="22" WC="0.93" CONTENT="den"/><SP WIDTH="20" VPOS="992" HPOS="569"/>
							<String ID="string_294" HPOS="589" VPOS="992" WIDTH="169" HEIGHT="28" WC="0.92" CONTENT="värnepligtsidé"/><SP WIDTH="22" VPOS="992" HPOS="758"/>
							<String ID="string_295" HPOS="780" VPOS="992" WIDTH="76" HEIGHT="22" WC="0.93" CONTENT="hvaraf"/><SP WIDTH="13" VPOS="992" HPOS="856"/>
							<String ID="string_296" HPOS="869" VPOS="992" WIDTH="11" HEIGHT="27" WC="0.91" CONTENT="$"/><SP WIDTH="16" VPOS="992" HPOS="880"/>
							<String ID="string_297" HPOS="896" VPOS="994" WIDTH="12" HEIGHT="19" WC="0.95" CONTENT="7"/><SP WIDTH="16" VPOS="994" HPOS="908"/>
							<String ID="string_298" HPOS="924" VPOS="992" WIDTH="23" HEIGHT="21" WC="0.95" CONTENT="af"/><SP WIDTH="21" VPOS="992" HPOS="947"/>
							<String ID="string_299" HPOS="968" VPOS="994" WIDTH="54" HEIGHT="20" WC="0.96" CONTENT="1789"/>
						</TextLine>
						<TextLine ID="line_31" HPOS="197" VPOS="1019" WIDTH="825" HEIGHT="30">
							<String ID="string_300" HPOS="197" VPOS="1019" WIDTH="34" HEIGHT="21" WC="0.93" CONTENT="års"/><SP WIDTH="16" VPOS="1019" HPOS="231"/>
							<String ID="string_301" HPOS="247" VPOS="1019" WIDTH="72" HEIGHT="27" WC="0.91" CONTENT="kongl."/><SP WIDTH="16" VPOS="1019" HPOS="319"/>
							<String ID="string_302" HPOS="335" VPOS="1019" WIDTH="112" HEIGHT="23" WC="0.96" CONTENT="försäkran"/><SP WIDTH="16" VPOS="1019" HPOS="447"/>
							<String ID="string_303" HPOS="463" VPOS="1021" WIDTH="27" HEIGHT="26" WC="0.93" CONTENT="på"/><SP WIDTH="16" VPOS="1021" HPOS="490"/>
							<String ID="string_304" HPOS="506" VPOS="1021" WIDTH="118" HEIGHT="28" WC="0.91" CONTENT="allmogens"/><SP WIDTH="15" VPOS="1021" HPOS="624"/>
							<String ID="string_305" HPOS="639" VPOS="1021" WIDTH="37" HEIGHT="22" WC="0.91" CONTENT="fri-"/><SP WIDTH="16" VPOS="1021" HPOS="676"/>
							<String ID="string_306" HPOS="692" VPOS="1021" WIDTH="40" HEIGHT="22" WC="0.96" CONTENT="och"/><SP WIDTH="15" VPOS="1021" HPOS="732"/>
							<String ID="string_307" HPOS="747" VPOS="1021" WIDTH="134" HEIGHT="27" WC="0.96" CONTENT="rättigheter,"/><SP WIDTH="22" VPOS="1021" HPOS="881"/>
							<String ID="string_308" HPOS="903" VPOS="1023" WIDTH="24" HEIGHT="19" WC="0.96" CONTENT="är"/><SP WIDTH="15" VPOS="1023" HPOS="927"/>
							<String ID="string_309" HPOS="942" VPOS="1022" WIDTH="32" HEIGHT="21" WC="0.93" CONTENT="ett"/><SP WIDTH="14" VPOS="1022" HPOS="974"/>
							<String ID="string_310" HPOS="988" VPOS="1023" WIDTH="34" HEIGHT="19" WC="0.93" CONTENT="ut-"/>
						</TextLine>
						<TextLine ID="line_32" HPOS="196" VPOS="1047" WIDTH="827" HEIGHT="30">
							<String ID="string_311" HPOS="196" VPOS="1047" WIDTH="67" HEIGHT="28" WC="0.94" CONTENT="tryck."/><SP WIDTH="31" VPOS="1047" HPOS="263"/>
							<String ID="string_312" HPOS="294" VPOS="1048" WIDTH="41" HEIGHT="21" WC="0.96" CONTENT="Om"/><SP WIDTH="21" VPOS="1048" HPOS="335"/>
							<String ID="string_313" HPOS="356" VPOS="1048" WIDTH="62" HEIGHT="22" WC="0.96" CONTENT="äfven"/><SP WIDTH="22" VPOS="1048" HPOS="418"/>
							<String ID="string_314" HPOS="440" VPOS="1056" WIDTH="49" HEIGHT="15" WC="0.96" CONTENT="man"/><SP WIDTH="22" VPOS="1056" HPOS="489"/>
							<String ID="string_315" HPOS="511" VPOS="1049" WIDTH="73" HEIGHT="22" WC="0.96" CONTENT="kunde"/><SP WIDTH="23" VPOS="1049" HPOS="584"/>
							<String ID="string_316" HPOS="607" VPOS="1052" WIDTH="53" HEIGHT="25" WC="0.96" CONTENT="säga"/><SP WIDTH="22" VPOS="1052" HPOS="660"/>
							<String ID="string_317" HPOS="682" VPOS="1051" WIDTH="33" HEIGHT="20" WC="0.96" CONTENT="att"/><SP WIDTH="22" VPOS="1051" HPOS="715"/>
							<String ID="string_318" HPOS="737" VPOS="1050" WIDTH="27" HEIGHT="21" WC="0.96" CONTENT="de"/><SP WIDTH="20" VPOS="1050" HPOS="764"/>
							<String ID="string_319" HPOS="784" VPOS="1051" WIDTH="37" HEIGHT="20" WC="0.96" CONTENT="äro"/><SP WIDTH="16" VPOS="1051" HPOS="821"/>
							<String ID="string_320" HPOS="837" VPOS="1050" WIDTH="53" HEIGHT="21" WC="0.96" CONTENT="barn"/><SP WIDTH="16" VPOS="1050" HPOS="890"/>
							<String ID="string_321" HPOS="906" VPOS="1049" WIDTH="22" HEIGHT="22" WC="0.96" CONTENT="af"/><SP WIDTH="14" VPOS="1049" HPOS="928"/>
							<String ID="string_322" HPOS="942" VPOS="1056" WIDTH="81" HEIGHT="15" WC="0.96" CONTENT="samma"/>
						</TextLine>
						<TextLine ID="line_33" HPOS="195" VPOS="1077" WIDTH="827" HEIGHT="26">
							<String ID="string_323" HPOS="195" VPOS="1082" WIDTH="76" HEIGHT="21" WC="0.95" CONTENT="vagga,"/><SP WIDTH="18" VPOS="1082" HPOS="271"/>
							<String ID="string_324" HPOS="289" VPOS="1077" WIDTH="24" HEIGHT="21" WC="0.96" CONTENT="så"/><SP WIDTH="15" VPOS="1077" HPOS="313"/>
							<String ID="string_325" HPOS="328" VPOS="1077" WIDTH="71" HEIGHT="22" WC="0.96" CONTENT="måste"/><SP WIDTH="15" VPOS="1077" HPOS="399"/>
							<String ID="string_326" HPOS="414" VPOS="1084" WIDTH="48" HEIGHT="15" WC="0.96" CONTENT="man"/><SP WIDTH="15" VPOS="1084" HPOS="462"/>
							<String ID="string_327" HPOS="477" VPOS="1078" WIDTH="8" HEIGHT="21" WC="0.96" CONTENT="i"/><SP WIDTH="15" VPOS="1078" HPOS="485"/>
							<String ID="string_328" HPOS="500" VPOS="1078" WIDTH="43" HEIGHT="21" WC="0.96" CONTENT="alla"/><SP WIDTH="14" VPOS="1078" HPOS="543"/>
							<String ID="string_329" HPOS="557" VPOS="1078" WIDTH="38" HEIGHT="22" WC="0.96" CONTENT="fall"/><SP WIDTH="15" VPOS="1078" HPOS="595"/>
							<String ID="string_330" HPOS="610" VPOS="1078" WIDTH="58" HEIGHT="22" WC="0.96" CONTENT="fästa"/><SP WIDTH="10" VPOS="1078" HPOS="668"/>
							<String ID="string_331" HPOS="678" VPOS="1078" WIDTH="102" HEIGHT="22" WC="0.93" CONTENT="afseende"/><SP WIDTH="9" VPOS="1078" HPOS="780"/>
							<String ID="string_332" HPOS="789" VPOS="1079" WIDTH="74" HEIGHT="21" WC="0.92" CONTENT="dervid"/><SP WIDTH="8" VPOS="1079" HPOS="863"/>
							<String ID="string_333" HPOS="871" VPOS="1080" WIDTH="33" HEIGHT="19" WC="0.96" CONTENT="att"/><SP WIDTH="8" VPOS="1080" HPOS="904"/>
							<String ID="string_334" HPOS="912" VPOS="1078" WIDTH="37" HEIGHT="22" WC="0.93" CONTENT="det"/><SP WIDTH="9" VPOS="1078" HPOS="949"/>
							<String ID="string_335" HPOS="958" VPOS="1078" WIDTH="64" HEIGHT="22" WC="0.91" CONTENT="först-"/>
						</TextLine>
						<TextLine ID="line_34" HPOS="195" VPOS="1105" WIDTH="828" HEIGHT="29">
							<String ID="string_336" HPOS="195" VPOS="1105" WIDTH="93" HEIGHT="22" WC="0.93" CONTENT="nämnda"/><SP WIDTH="14" VPOS="1105" HPOS="288"/>
							<String ID="string_337" HPOS="302" VPOS="1106" WIDTH="117" HEIGHT="27" WC="0.91" CONTENT="undergått"/><SP WIDTH="15" VPOS="1106" HPOS="419"/>
							<String ID="string_338" HPOS="434" VPOS="1113" WIDTH="27" HEIGHT="15" WC="0.96" CONTENT="en"/><SP WIDTH="15" VPOS="1113" HPOS="461"/>
							<String ID="string_339" HPOS="476" VPOS="1107" WIDTH="25" HEIGHT="21" WC="0.96" CONTENT="så"/><SP WIDTH="14" VPOS="1107" HPOS="501"/>
							<String ID="string_340" HPOS="515" VPOS="1106" WIDTH="126" HEIGHT="28" WC="0.96" CONTENT="fullständig"/><SP WIDTH="15" VPOS="1106" HPOS="641"/>
							<String ID="string_341" HPOS="656" VPOS="1107" WIDTH="121" HEIGHT="27" WC="0.95" CONTENT="omdaning,"/><SP WIDTH="17" VPOS="1107" HPOS="777"/>
							<String ID="string_342" HPOS="794" VPOS="1108" WIDTH="33" HEIGHT="20" WC="0.96" CONTENT="att"/><SP WIDTH="15" VPOS="1108" HPOS="827"/>
							<String ID="string_343" HPOS="842" VPOS="1107" WIDTH="36" HEIGHT="21" WC="0.96" CONTENT="det"/><SP WIDTH="16" VPOS="1107" HPOS="878"/>
							<String ID="string_344" HPOS="894" VPOS="1107" WIDTH="129" HEIGHT="22" WC="0.96" CONTENT="åtminstone"/>
						</TextLine>
						<TextLine ID="line_35" HPOS="195" VPOS="1133" WIDTH="828" HEIGHT="30">
							<String ID="string_345" HPOS="195" VPOS="1133" WIDTH="32" HEIGHT="21" WC="0.96" CONTENT="för"/><SP WIDTH="15" VPOS="1133" HPOS="227"/>
							<String ID="string_346" HPOS="242" VPOS="1134" WIDTH="49" HEIGHT="21" WC="0.96" CONTENT="vårt"/><SP WIDTH="14" VPOS="1134" HPOS="291"/>
							<String ID="string_347" HPOS="305" VPOS="1134" WIDTH="50" HEIGHT="22" WC="0.96" CONTENT="land"/><SP WIDTH="15" VPOS="1134" HPOS="355"/>
							<String ID="string_348" HPOS="370" VPOS="1137" WIDTH="25" HEIGHT="19" WC="0.96" CONTENT="är"/><SP WIDTH="15" VPOS="1137" HPOS="395"/>
							<String ID="string_349" HPOS="410" VPOS="1135" WIDTH="40" HEIGHT="22" WC="0.96" CONTENT="och"/><SP WIDTH="15" VPOS="1135" HPOS="450"/>
							<String ID="string_350" HPOS="465" VPOS="1135" WIDTH="70" HEIGHT="22" WC="0.96" CONTENT="måste"/><SP WIDTH="15" VPOS="1135" HPOS="535"/>
							<String ID="string_351" HPOS="550" VPOS="1135" WIDTH="66" HEIGHT="22" WC="0.96" CONTENT="blifva"/><SP WIDTH="15" VPOS="1135" HPOS="616"/>
							<String ID="string_352" HPOS="631" VPOS="1135" WIDTH="140" HEIGHT="22" WC="0.96" CONTENT="främmande."/><SP WIDTH="30" VPOS="1135" HPOS="771"/>
							<String ID="string_353" HPOS="801" VPOS="1136" WIDTH="33" HEIGHT="21" WC="0.94" CONTENT="Då"/><SP WIDTH="13" VPOS="1136" HPOS="834"/>
							<String ID="string_354" HPOS="847" VPOS="1136" WIDTH="38" HEIGHT="27" WC="0.96" CONTENT="jag"/><SP WIDTH="15" VPOS="1136" HPOS="885"/>
							<String ID="string_355" HPOS="900" VPOS="1142" WIDTH="34" HEIGHT="20" WC="0.96" CONTENT="nu,"/><SP WIDTH="17" VPOS="1142" HPOS="934"/>
							<String ID="string_356" HPOS="951" VPOS="1136" WIDTH="72" HEIGHT="21" WC="0.96" CONTENT="såsom"/>
						</TextLine>
						<TextLine ID="line_36" HPOS="193" VPOS="1161" WIDTH="831" HEIGHT="31">
							<String ID="string_357" HPOS="193" VPOS="1161" WIDTH="39" HEIGHT="27" WC="0.96" CONTENT="jag"/><SP WIDTH="15" VPOS="1161" HPOS="232"/>
							<String ID="string_358" HPOS="247" VPOS="1162" WIDTH="57" HEIGHT="21" WC="0.96" CONTENT="hade"/><SP WIDTH="15" VPOS="1162" HPOS="304"/>
							<String ID="string_359" HPOS="319" VPOS="1165" WIDTH="52" HEIGHT="19" WC="0.96" CONTENT="äran"/><SP WIDTH="16" VPOS="1165" HPOS="371"/>
							<String ID="string_360" HPOS="387" VPOS="1166" WIDTH="83" HEIGHT="24" WC="0.96" CONTENT="nämna,"/><SP WIDTH="16" VPOS="1166" HPOS="470"/>
							<String ID="string_361" HPOS="486" VPOS="1164" WIDTH="48" HEIGHT="21" WC="0.96" CONTENT="icke"/><SP WIDTH="15" VPOS="1164" HPOS="534"/>
							<String ID="string_362" HPOS="549" VPOS="1164" WIDTH="43" HEIGHT="22" WC="0.96" CONTENT="kan"/><SP WIDTH="20" VPOS="1164" HPOS="592"/>
							<String ID="string_363" HPOS="612" VPOS="1165" WIDTH="115" HEIGHT="27" WC="0.96" CONTENT="godkänna"/><SP WIDTH="19" VPOS="1165" HPOS="727"/>
							<String ID="string_364" HPOS="746" VPOS="1164" WIDTH="119" HEIGHT="21" WC="0.96" CONTENT="utskottets"/><SP WIDTH="18" VPOS="1164" HPOS="865"/>
							<String ID="string_365" HPOS="883" VPOS="1164" WIDTH="85" HEIGHT="27" WC="0.96" CONTENT="förslag,"/><SP WIDTH="16" VPOS="1164" HPOS="968"/>
							<String ID="string_366" HPOS="984" VPOS="1165" WIDTH="40" HEIGHT="20" WC="0.96" CONTENT="ber"/>
						</TextLine>
						<TextLine ID="line_37" HPOS="193" VPOS="1190" WIDTH="830" HEIGHT="31">
							<String ID="string_367" HPOS="193" VPOS="1190" WIDTH="38" HEIGHT="27" WC="0.91" CONTENT="jag"/><SP WIDTH="14" VPOS="1190" HPOS="231"/>
							<String ID="string_368" HPOS="245" VPOS="1190" WIDTH="22" HEIGHT="21" WC="0.96" CONTENT="få"/><SP WIDTH="15" VPOS="1190" HPOS="267"/>
							<String ID="string_369" HPOS="282" VPOS="1191" WIDTH="56" HEIGHT="21" WC="0.96" CONTENT="fästa"/><SP WIDTH="15" VPOS="1191" HPOS="338"/>
							<String ID="string_370" HPOS="353" VPOS="1192" WIDTH="38" HEIGHT="21" WC="0.93" CONTENT="det"/><SP WIDTH="14" VPOS="1192" HPOS="391"/>
							<String ID="string_371" HPOS="405" VPOS="1192" WIDTH="116" HEIGHT="27" WC="0.92" CONTENT="höglofliga"/><SP WIDTH="15" VPOS="1192" HPOS="521"/>
							<String ID="string_372" HPOS="536" VPOS="1193" WIDTH="99" HEIGHT="22" WC="0.91" CONTENT="ståndets"/><SP WIDTH="16" VPOS="1193" HPOS="635"/>
							<String ID="string_373" HPOS="651" VPOS="1193" WIDTH="192" HEIGHT="28" WC="0.96" CONTENT="uppmärksamhet"/><SP WIDTH="18" VPOS="1193" HPOS="843"/>
							<String ID="string_374" HPOS="861" VPOS="1193" WIDTH="36" HEIGHT="21" WC="0.96" CONTENT="vid"/><SP WIDTH="15" VPOS="1193" HPOS="897"/>
							<String ID="string_375" HPOS="912" VPOS="1199" WIDTH="26" HEIGHT="15" WC="0.93" CONTENT="en"/><SP WIDTH="15" VPOS="1199" HPOS="938"/>
							<String ID="string_376" HPOS="953" VPOS="1199" WIDTH="70" HEIGHT="15" WC="0.93" CONTENT="reser-"/>
						</TextLine>
						<TextLine ID="line_38" HPOS="195" VPOS="1219" WIDTH="829" HEIGHT="30">
							<String ID="string_377" HPOS="195" VPOS="1219" WIDTH="79" HEIGHT="26" WC="0.90" CONTENT="vation,"/><SP WIDTH="24" VPOS="1219" HPOS="274"/>
							<String ID="string_378" HPOS="298" VPOS="1226" WIDTH="46" HEIGHT="15" WC="0.96" CONTENT="som"/><SP WIDTH="22" VPOS="1226" HPOS="344"/>
							<String ID="string_379" HPOS="366" VPOS="1221" WIDTH="70" HEIGHT="22" WC="0.94" CONTENT="blifvit"/><SP WIDTH="21" VPOS="1221" HPOS="436"/>
							<String ID="string_380" HPOS="457" VPOS="1221" WIDTH="86" HEIGHT="27" WC="0.96" CONTENT="bifogad"/><SP WIDTH="22" VPOS="1221" HPOS="543"/>
							<String ID="string_381" HPOS="565" VPOS="1222" WIDTH="154" HEIGHT="26" WC="0.96" CONTENT="betänkandet,"/><SP WIDTH="21" VPOS="1222" HPOS="719"/>
							<String ID="string_382" HPOS="740" VPOS="1222" WIDTH="38" HEIGHT="27" WC="0.96" CONTENT="jag"/><SP WIDTH="14" VPOS="1222" HPOS="778"/>
							<String ID="string_383" HPOS="792" VPOS="1228" WIDTH="74" HEIGHT="15" WC="0.97" CONTENT="menar"/><SP WIDTH="16" VPOS="1228" HPOS="866"/>
							<String ID="string_384" HPOS="882" VPOS="1221" WIDTH="41" HEIGHT="22" WC="0.96" CONTENT="den"/><SP WIDTH="15" VPOS="1221" HPOS="923"/>
							<String ID="string_385" HPOS="938" VPOS="1221" WIDTH="23" HEIGHT="22" WC="0.96" CONTENT="af"/><SP WIDTH="12" VPOS="1221" HPOS="961"/>
							<String ID="string_386" HPOS="973" VPOS="1222" WIDTH="51" HEIGHT="21" WC="0.96" CONTENT="herr"/>
						</TextLine>
						<TextLine ID="line_39" HPOS="196" VPOS="1247" WIDTH="826" HEIGHT="31">
							<String ID="string_387" HPOS="196" VPOS="1247" WIDTH="135" HEIGHT="22" WC="0.89" CONTENT="Silfversvan."/><SP WIDTH="30" VPOS="1247" HPOS="331"/>
							<String ID="string_388" HPOS="361" VPOS="1249" WIDTH="47" HEIGHT="22" WC="0.96" CONTENT="Här"/><SP WIDTH="15" VPOS="1249" HPOS="408"/>
							<String ID="string_389" HPOS="423" VPOS="1256" WIDTH="34" HEIGHT="15" WC="0.95" CONTENT="ser"/><SP WIDTH="15" VPOS="1256" HPOS="457"/>
							<String ID="string_390" HPOS="472" VPOS="1256" WIDTH="49" HEIGHT="15" WC="0.96" CONTENT="man"/><SP WIDTH="15" VPOS="1256" HPOS="521"/>
							<String ID="string_391" HPOS="536" VPOS="1251" WIDTH="151" HEIGHT="27" WC="0.96" CONTENT="grunddragen"/><SP WIDTH="16" VPOS="1251" HPOS="687"/>
							<String ID="string_392" HPOS="703" VPOS="1250" WIDTH="22" HEIGHT="22" WC="0.96" CONTENT="af"/><SP WIDTH="14" VPOS="1250" HPOS="725"/>
							<String ID="string_393" HPOS="739" VPOS="1252" WIDTH="32" HEIGHT="20" WC="0.91" CONTENT="ett"/><SP WIDTH="17" VPOS="1252" HPOS="771"/>
							<String ID="string_394" HPOS="788" VPOS="1250" WIDTH="144" HEIGHT="27" WC="0.90" CONTENT="milissystem,"/><SP WIDTH="20" VPOS="1250" HPOS="932"/>
							<String ID="string_395" HPOS="952" VPOS="1250" WIDTH="70" HEIGHT="21" WC="0.92" CONTENT="hvari-"/>
						</TextLine>
						<TextLine ID="line_40" HPOS="195" VPOS="1277" WIDTH="828" HEIGHT="29">
							<String ID="string_396" HPOS="195" VPOS="1281" WIDTH="78" HEIGHT="21" WC="0.96" CONTENT="genom"/><SP WIDTH="16" VPOS="1281" HPOS="273"/>
							<String ID="string_397" HPOS="289" VPOS="1283" WIDTH="26" HEIGHT="15" WC="0.96" CONTENT="en"/><SP WIDTH="15" VPOS="1283" HPOS="315"/>
							<String ID="string_398" HPOS="330" VPOS="1277" WIDTH="78" HEIGHT="22" WC="0.93" CONTENT="allmän"/><SP WIDTH="15" VPOS="1277" HPOS="408"/>
							<String ID="string_399" HPOS="423" VPOS="1279" WIDTH="199" HEIGHT="27" WC="0.91" CONTENT="nationalbeväring"/><SP WIDTH="14" VPOS="1279" HPOS="622"/>
							<String ID="string_400" HPOS="636" VPOS="1279" WIDTH="8" HEIGHT="21" WC="0.96" CONTENT="i"/><SP WIDTH="17" VPOS="1279" HPOS="644"/>
							<String ID="string_401" HPOS="661" VPOS="1279" WIDTH="147" HEIGHT="22" WC="0.96" CONTENT="kombination"/><SP WIDTH="22" VPOS="1279" HPOS="808"/>
							<String ID="string_402" HPOS="830" VPOS="1279" WIDTH="49" HEIGHT="21" WC="0.96" CONTENT="med"/><SP WIDTH="16" VPOS="1279" HPOS="879"/>
							<String ID="string_403" HPOS="895" VPOS="1285" WIDTH="26" HEIGHT="15" WC="0.93" CONTENT="en"/><SP WIDTH="15" VPOS="1285" HPOS="921"/>
							<String ID="string_404" HPOS="936" VPOS="1279" WIDTH="87" HEIGHT="21" WC="0.91" CONTENT="värfvad"/>
						</TextLine>
						<TextLine ID="line_41" HPOS="195" VPOS="1305" WIDTH="827" HEIGHT="29">
							<String ID="string_405" HPOS="195" VPOS="1306" WIDTH="62" HEIGHT="25" WC="0.96" CONTENT="stam,"/><SP WIDTH="18" VPOS="1306" HPOS="257"/>
							<String ID="string_406" HPOS="275" VPOS="1305" WIDTH="70" HEIGHT="22" WC="0.96" CONTENT="skulle"/><SP WIDTH="14" VPOS="1305" HPOS="345"/>
							<String ID="string_407" HPOS="359" VPOS="1308" WIDTH="78" HEIGHT="25" WC="0.96" CONTENT="utgöra"/><SP WIDTH="16" VPOS="1308" HPOS="437"/>
							<String ID="string_408" HPOS="453" VPOS="1307" WIDTH="36" HEIGHT="22" WC="0.96" CONTENT="det"/><SP WIDTH="15" VPOS="1307" HPOS="489"/>
							<String ID="string_409" HPOS="504" VPOS="1307" WIDTH="71" HEIGHT="22" WC="0.93" CONTENT="finska"/><SP WIDTH="14" VPOS="1307" HPOS="575"/>
							<String ID="string_410" HPOS="589" VPOS="1308" WIDTH="152" HEIGHT="21" WC="0.91" CONTENT="härväsendet."/><SP WIDTH="30" VPOS="1308" HPOS="741"/>
							<String ID="string_411" HPOS="771" VPOS="1308" WIDTH="50" HEIGHT="21" WC="0.96" CONTENT="Man"/><SP WIDTH="10" VPOS="1308" HPOS="821"/>
							<String ID="string_412" HPOS="831" VPOS="1307" WIDTH="83" HEIGHT="27" WC="0.96" CONTENT="undgår"/><SP WIDTH="9" VPOS="1307" HPOS="914"/>
							<String ID="string_413" HPOS="923" VPOS="1307" WIDTH="99" HEIGHT="27" WC="0.96" CONTENT="lottning,"/>
						</TextLine>
						<TextLine ID="line_42" HPOS="195" VPOS="1335" WIDTH="828" HEIGHT="27">
							<String ID="string_414" HPOS="195" VPOS="1339" WIDTH="49" HEIGHT="15" WC="0.95" CONTENT="man"/><SP WIDTH="21" VPOS="1339" HPOS="244"/>
							<String ID="string_415" HPOS="265" VPOS="1335" WIDTH="84" HEIGHT="26" WC="0.93" CONTENT="undgår"/><SP WIDTH="22" VPOS="1335" HPOS="349"/>
							<String ID="string_416" HPOS="371" VPOS="1335" WIDTH="146" HEIGHT="27" WC="0.92" CONTENT="kasernering,"/><SP WIDTH="24" VPOS="1335" HPOS="517"/>
							<String ID="string_417" HPOS="541" VPOS="1337" WIDTH="40" HEIGHT="21" WC="0.96" CONTENT="och"/><SP WIDTH="15" VPOS="1337" HPOS="581"/>
							<String ID="string_418" HPOS="596" VPOS="1343" WIDTH="50" HEIGHT="15" WC="0.96" CONTENT="man"/><SP WIDTH="15" VPOS="1343" HPOS="646"/>
							<String ID="string_419" HPOS="661" VPOS="1337" WIDTH="40" HEIGHT="21" WC="0.96" CONTENT="har"/><SP WIDTH="15" VPOS="1337" HPOS="701"/>
							<String ID="string_420" HPOS="716" VPOS="1342" WIDTH="27" HEIGHT="16" WC="0.93" CONTENT="en"/><SP WIDTH="18" VPOS="1342" HPOS="743"/>
							<String ID="string_421" HPOS="761" VPOS="1335" WIDTH="172" HEIGHT="27" WC="0.90" CONTENT="folkbeväpning,"/><SP WIDTH="15" VPOS="1335" HPOS="933"/>
							<String ID="string_422" HPOS="948" VPOS="1336" WIDTH="75" HEIGHT="26" WC="0.89" CONTENT="tjenlig"/>
						</TextLine>
						<TextLine ID="line_43" HPOS="195" VPOS="1361" WIDTH="827" HEIGHT="31">
							<String ID="string_423" HPOS="195" VPOS="1361" WIDTH="33" HEIGHT="21" WC="0.96" CONTENT="till"/><SP WIDTH="15" VPOS="1361" HPOS="228"/>
							<String ID="string_424" HPOS="243" VPOS="1361" WIDTH="88" HEIGHT="23" WC="0.96" CONTENT="försvar."/><SP WIDTH="31" VPOS="1361" HPOS="331"/>
							<String ID="string_425" HPOS="362" VPOS="1363" WIDTH="51" HEIGHT="21" WC="0.96" CONTENT="Man"/><SP WIDTH="14" VPOS="1363" HPOS="413"/>
							<String ID="string_426" HPOS="427" VPOS="1364" WIDTH="40" HEIGHT="21" WC="0.93" CONTENT="har"/><SP WIDTH="15" VPOS="1364" HPOS="467"/>
							<String ID="string_427" HPOS="482" VPOS="1365" WIDTH="104" HEIGHT="27" WC="0.92" CONTENT="derjemte"/><SP WIDTH="15" VPOS="1365" HPOS="586"/>
							<String ID="string_428" HPOS="601" VPOS="1364" WIDTH="101" HEIGHT="23" WC="0.92" CONTENT="värfvade"/><SP WIDTH="15" VPOS="1364" HPOS="702"/>
							<String ID="string_429" HPOS="717" VPOS="1366" WIDTH="90" HEIGHT="26" WC="0.96" CONTENT="trupper"/><SP WIDTH="16" VPOS="1366" HPOS="807"/>
							<String ID="string_430" HPOS="823" VPOS="1366" WIDTH="33" HEIGHT="20" WC="0.96" CONTENT="att"/><SP WIDTH="10" VPOS="1366" HPOS="856"/>
							<String ID="string_431" HPOS="866" VPOS="1364" WIDTH="60" HEIGHT="27" WC="0.96" CONTENT="tillgå"/><SP WIDTH="8" VPOS="1364" HPOS="926"/>
							<String ID="string_432" HPOS="934" VPOS="1364" WIDTH="32" HEIGHT="21" WC="0.93" CONTENT="för"/><SP WIDTH="8" VPOS="1364" HPOS="966"/>
							<String ID="string_433" HPOS="974" VPOS="1370" WIDTH="48" HEIGHT="20" WC="0.91" CONTENT="gar-"/>
						</TextLine>
						<TextLine ID="line_44" HPOS="195" VPOS="1390" WIDTH="826" HEIGHT="30">
							<String ID="string_434" HPOS="195" VPOS="1390" WIDTH="176" HEIGHT="28" WC="0.91" CONTENT="nisonstjensten,"/><SP WIDTH="24" VPOS="1390" HPOS="371"/>
							<String ID="string_435" HPOS="395" VPOS="1392" WIDTH="85" HEIGHT="22" WC="0.96" CONTENT="hvilken"/><SP WIDTH="15" VPOS="1392" HPOS="480"/>
							<String ID="string_436" HPOS="495" VPOS="1393" WIDTH="48" HEIGHT="22" WC="0.96" CONTENT="icke"/><SP WIDTH="23" VPOS="1393" HPOS="543"/>
							<String ID="string_437" HPOS="566" VPOS="1394" WIDTH="43" HEIGHT="21" WC="0.96" CONTENT="kan"/><SP WIDTH="18" VPOS="1394" HPOS="609"/>
							<String ID="string_438" HPOS="627" VPOS="1400" WIDTH="52" HEIGHT="15" WC="0.96" CONTENT="vara"/><SP WIDTH="15" VPOS="1400" HPOS="679"/>
							<String ID="string_439" HPOS="694" VPOS="1393" WIDTH="123" HEIGHT="22" WC="0.96" CONTENT="ändamålet"/><SP WIDTH="13" VPOS="1393" HPOS="817"/>
							<String ID="string_440" HPOS="830" VPOS="1393" WIDTH="50" HEIGHT="21" WC="0.93" CONTENT="med"/><SP WIDTH="15" VPOS="1393" HPOS="880"/>
							<String ID="string_441" HPOS="895" VPOS="1392" WIDTH="126" HEIGHT="28" WC="0.92" CONTENT="värnepligt."/>
						</TextLine>
						<TextLine ID="line_45" HPOS="195" VPOS="1418" WIDTH="827" HEIGHT="31">
							<String ID="string_442" HPOS="195" VPOS="1418" WIDTH="42" HEIGHT="27" WC="0.96" CONTENT="Jag"/><SP WIDTH="14" VPOS="1418" HPOS="237"/>
							<String ID="string_443" HPOS="251" VPOS="1421" WIDTH="47" HEIGHT="19" WC="0.96" CONTENT="tror"/><SP WIDTH="15" VPOS="1421" HPOS="298"/>
							<String ID="string_444" HPOS="313" VPOS="1421" WIDTH="32" HEIGHT="20" WC="0.96" CONTENT="att"/><SP WIDTH="15" VPOS="1421" HPOS="345"/>
							<String ID="string_445" HPOS="360" VPOS="1421" WIDTH="137" HEIGHT="26" WC="0.96" CONTENT="ögonblicket"/><SP WIDTH="15" VPOS="1421" HPOS="497"/>
							<String ID="string_446" HPOS="512" VPOS="1422" WIDTH="47" HEIGHT="22" WC="0.96" CONTENT="icke"/><SP WIDTH="17" VPOS="1422" HPOS="559"/>
							<String ID="string_447" HPOS="576" VPOS="1424" WIDTH="57" HEIGHT="19" WC="0.96" CONTENT="ännu"/><SP WIDTH="16" VPOS="1424" HPOS="633"/>
							<String ID="string_448" HPOS="649" VPOS="1424" WIDTH="24" HEIGHT="19" WC="0.96" CONTENT="är"/><SP WIDTH="14" VPOS="1424" HPOS="673"/>
							<String ID="string_449" HPOS="687" VPOS="1422" WIDTH="98" HEIGHT="27" WC="0.96" CONTENT="lämpligt"/><SP WIDTH="21" VPOS="1422" HPOS="785"/>
							<String ID="string_450" HPOS="806" VPOS="1422" WIDTH="34" HEIGHT="21" WC="0.96" CONTENT="för"/><SP WIDTH="22" VPOS="1422" HPOS="840"/>
							<String ID="string_451" HPOS="862" VPOS="1428" WIDTH="26" HEIGHT="15" WC="0.93" CONTENT="en"/><SP WIDTH="16" VPOS="1428" HPOS="888"/>
							<String ID="string_452" HPOS="904" VPOS="1421" WIDTH="118" HEIGHT="27" WC="0.92" CONTENT="detaljjem-"/>
						</TextLine>
						<TextLine ID="line_46" HPOS="194" VPOS="1447" WIDTH="828" HEIGHT="31">
							<String ID="string_453" HPOS="194" VPOS="1447" WIDTH="81" HEIGHT="21" WC="0.92" CONTENT="förelse"/><SP WIDTH="23" VPOS="1447" HPOS="275"/>
							<String ID="string_454" HPOS="298" VPOS="1448" WIDTH="90" HEIGHT="22" WC="0.96" CONTENT="emellan"/><SP WIDTH="23" VPOS="1448" HPOS="388"/>
							<String ID="string_455" HPOS="411" VPOS="1450" WIDTH="118" HEIGHT="22" WC="0.96" CONTENT="utskottets"/><SP WIDTH="23" VPOS="1450" HPOS="529"/>
							<String ID="string_456" HPOS="552" VPOS="1450" WIDTH="81" HEIGHT="28" WC="0.96" CONTENT="förslag"/><SP WIDTH="16" VPOS="1450" HPOS="633"/>
							<String ID="string_457" HPOS="649" VPOS="1451" WIDTH="40" HEIGHT="21" WC="0.96" CONTENT="och"/><SP WIDTH="15" VPOS="1451" HPOS="689"/>
							<String ID="string_458" HPOS="704" VPOS="1451" WIDTH="171" HEIGHT="25" WC="0.96" CONTENT="reservationen;"/><SP WIDTH="24" VPOS="1451" HPOS="875"/>
							<String ID="string_459" HPOS="899" VPOS="1450" WIDTH="69" HEIGHT="21" WC="0.90" CONTENT="denna"/><SP WIDTH="16" VPOS="1450" HPOS="968"/>
							<String ID="string_460" HPOS="984" VPOS="1450" WIDTH="38" HEIGHT="21" WC="0.90" CONTENT="all-"/>
						</TextLine>
						<TextLine ID="line_47" HPOS="195" VPOS="1476" WIDTH="826" HEIGHT="30">
							<String ID="string_461" HPOS="195" VPOS="1478" WIDTH="79" HEIGHT="20" WC="0.91" CONTENT="männa"/><SP WIDTH="23" VPOS="1478" HPOS="274"/>
							<String ID="string_462" HPOS="297" VPOS="1476" WIDTH="123" HEIGHT="23" WC="0.95" CONTENT="diskussion"/><SP WIDTH="20" VPOS="1476" HPOS="420"/>
							<String ID="string_463" HPOS="440" VPOS="1480" WIDTH="25" HEIGHT="19" WC="0.93" CONTENT="är"/><SP WIDTH="22" VPOS="1480" HPOS="465"/>
							<String ID="string_464" HPOS="487" VPOS="1479" WIDTH="71" HEIGHT="22" WC="0.91" CONTENT="dertill"/><SP WIDTH="20" VPOS="1479" HPOS="558"/>
							<String ID="string_465" HPOS="578" VPOS="1480" WIDTH="108" HEIGHT="21" WC="0.96" CONTENT="måhända"/><SP WIDTH="14" VPOS="1480" HPOS="686"/>
							<String ID="string_466" HPOS="700" VPOS="1479" WIDTH="49" HEIGHT="21" WC="0.93" CONTENT="icke"/><SP WIDTH="16" VPOS="1479" HPOS="749"/>
							<String ID="string_467" HPOS="765" VPOS="1479" WIDTH="75" HEIGHT="27" WC="0.91" CONTENT="egnad,"/><SP WIDTH="16" VPOS="1479" HPOS="840"/>
							<String ID="string_468" HPOS="856" VPOS="1478" WIDTH="41" HEIGHT="22" WC="0.96" CONTENT="och"/><SP WIDTH="15" VPOS="1478" HPOS="897"/>
							<String ID="string_469" HPOS="912" VPOS="1478" WIDTH="68" HEIGHT="22" WC="0.96" CONTENT="ehuru"/><SP WIDTH="16" VPOS="1478" HPOS="980"/>
							<String ID="string_470" HPOS="996" VPOS="1486" WIDTH="25" HEIGHT="14" WC="0.96" CONTENT="en"/>
						</TextLine>
						<TextLine ID="line_48" HPOS="195" VPOS="1505" WIDTH="826" HEIGHT="31">
							<String ID="string_471" HPOS="195" VPOS="1505" WIDTH="52" HEIGHT="21" WC="0.96" CONTENT="ärad"/><SP WIDTH="17" VPOS="1505" HPOS="247"/>
							<String ID="string_472" HPOS="264" VPOS="1505" WIDTH="68" HEIGHT="23" WC="0.96" CONTENT="talare"/><SP WIDTH="16" VPOS="1505" HPOS="332"/>
							<String ID="string_473" HPOS="348" VPOS="1506" WIDTH="50" HEIGHT="22" WC="0.96" CONTENT="sökt"/><SP WIDTH="15" VPOS="1506" HPOS="398"/>
							<String ID="string_474" HPOS="413" VPOS="1508" WIDTH="32" HEIGHT="20" WC="0.96" CONTENT="att"/><SP WIDTH="15" VPOS="1508" HPOS="445"/>
							<String ID="string_475" HPOS="460" VPOS="1506" WIDTH="47" HEIGHT="23" WC="0.96" CONTENT="från"/><SP WIDTH="15" VPOS="1506" HPOS="507"/>
							<String ID="string_476" HPOS="522" VPOS="1508" WIDTH="33" HEIGHT="21" WC="0.96" CONTENT="sin"/><SP WIDTH="16" VPOS="1508" HPOS="555"/>
							<String ID="string_477" HPOS="571" VPOS="1508" WIDTH="110" HEIGHT="28" WC="0.96" CONTENT="synpunkt"/><SP WIDTH="14" VPOS="1508" HPOS="681"/>
							<String ID="string_478" HPOS="695" VPOS="1508" WIDTH="87" HEIGHT="28" WC="0.92" CONTENT="förgöra"/><SP WIDTH="19" VPOS="1508" HPOS="782"/>
							<String ID="string_479" HPOS="801" VPOS="1506" WIDTH="220" HEIGHT="24" WC="0.91" CONTENT="reservationsförsla-"/>
						</TextLine>
					</TextBlock>
				</ComposedBlock>
			</PrintSpace>
		</Page>
	</Layout>
</alto>
