1109 1678
217 101 54 19 1400
498 102 39 17 Den
556 100 25 19 14
597 99 105 18 December.

189 165 130 26 önskningar
333 165 8 21 i
357 165 69 21 denna
441 164 60 27 fråga
516 164 25 21 så
554 163 86 28 mycket
655 168 47 15 som
717 160 88 29 möjligt.
837 160 52 32 Men
902 160 32 21 att
942 159 71 22 derut-

189 193 58 22 öfver
262 195 115 26 yttermera
392 193 86 22 biträda
493 193 37 22 det
549 192 133 27 högvördiga
704 189 165 23 Presteståndet
883 195 8 14 i
906 188 50 22 dess
969 187 45 34 för-

189 221 53 28 slag,
258 222 43 21 kan
313 222 38 27 jag
367 222 130 21 åtminstone
512 221 47 22 icke
575 222 27 26 gå
617 221 21 21 in
654 220 33 27 på.
719 219 41 26 Jag
774 219 39 20 ber
829 217 85 32 således
929 216 22 21 få
959 216 55 21 före-

189 250 33 21 slå
237 252 33 19 att
286 251 158 26 Ridderskapet
459 251 41 21 och
514 250 70 22 Adeln
599 249 49 22 ville
664 248 94 22 vidhålla
773 247 39 22 sitt
827 246 36 21 vid
885 245 129 28 föregående

188 279 130 27 behandling
334 279 22 21 af
369 279 74 27 frågan
459 279 82 22 fattade
557 279 77 21 beslut.

256 313 98 22 Friherre
369 319 42 16 von
426 313 80 26 Troil,
522 313 22 22 S.
561 313 42 21 W.:
633 307 68 26 Äfven
721 311 37 26 jag
781 309 71 22 måste
874 309 49 21 dela
946 309 26 21 de
994 307 23 22 af

187 342 91 21 friherre
300 341 61 27 Boije
384 342 96 21 uttalade
504 341 79 27 åsigter
607 340 92 22 rörande
717 339 38 21 det
770 337 151 28 besynnerliga
936 337 32 21 uti
983 337 31 21 in-

189 370 131 27 bjudningen
341 370 54 22 ifrån
419 372 32 20 ett
473 370 69 26 stånd,
566 376 46 15 som
635 368 97 22 effektivt
754 367 25 21 sä
801 366 49 22 litet
871 366 107 26 betungas
994 365 22 21 af

190 398 192 27 skjutshållningen
405 399 41 20 och
468 398 177 27 gästgifverierna
668 397 40 21 och
734 396 82 21 hvilket
844 396 83 19 ensamt
950 394 66 21 fattat

190 427 67 26 några
279 427 78 26 beslut,
382 433 45 15 som
451 427 60 21 detta
534 427 63 21 stånd
614 432 63 15 anser
693 427 32 19 att
741 424 42 21 alla
799 424 26 21 de
840 423 68 27 öfriga
923 423 91 21 stånden

190 455 62 22 skola
267 455 28 27 på
310 455 68 27 grund
393 455 23 22 af
429 456 62 21 deras
512 455 127 27 inbjudning
653 454 92 21 biträda.
775 452 127 21 Emellertid
924 451 40 22 och
988 452 27 21 då

190 484 176 21 Presteståndets
382 484 199 27 protokollsutdrag
597 483 82 22 utvisar
695 484 32 20 att
749 481 153 28 inbjudningen
925 481 89 26 egentli-

190 519 41 20 gen
253 513 68 26 gäller
336 512 22 28 $$
376 515 8 18 1
403 513 40 21 och
461 515 19 24 2,
504 513 68 21 första
586 513 119 21 momentet
723 511 22 21 af
759 510 10 27 $
785 512 27 19 20
829 509 108 22 äfvensom
954 509 10 27 $
980 511 33 24 22,

190 541 34 21 uti
244 541 73 21 hvilka
339 541 59 22 delar
420 541 163 22 Bondeståndet
606 541 32 25 till
661 541 82 20 största
759 539 62 21 delen
838 538 130 21 åtminstone
982 538 31 21 in-

190 571 67 20 stämt
271 569 8 21 i
294 569 175 22 Presteståndets
484 570 54 21 först
553 569 83 22 fattade
652 569 79 26 beslut,
748 568 25 21 så
788 573 52 16 vore
863 567 36 22 det
922 567 22 21 af
965 573 48 20 syn-

190 598 79 26 nerligt
291 598 98 27 intresse,
413 599 63 21 innan
499 599 159 26 Ridderskapet
673 598 41 21 och
729 597 69 21 Adeln
815 595 60 28 afgör
890 595 73 27 frågan
980 602 33 15 om

189 627 176 21 Presteståndets
381 627 130 28 inbjudning,
529 629 32 20 att
575 627 22 21 få
612 629 55 24 veta,
684 627 56 20 huru
758 624 164 23 Bondeståndet
936 623 79 28 afgjort

190 655 327 27 sammanjemkningsförslaget,
540 656 28 26 på
591 657 37 20 det
643 657 39 24 att,
704 655 1 21 i
725 654 104 21 händelse
852 653 164 21 Bondeståndet

191 683 84 27 antagit
290 684 43 26 det,
349 684 159 27 Ridderskapet
523 684 41 22 och
579 684 68 22 Adeln
663 684 48 21 icke
728 682 97 27 återigen
842 682 51 21 eller
908 681 32 21 för
948 682 66 20 andra

189 712 84 26 gången
296 712 69 22 skulle
388 712 75 28 frångå
485 713 38 21 sitt
545 713 78 26 beslut,
647 719 34 15 om
701 712 86 21 ståndet
803 710 70 22 skulle
889 712 79 24 antaga
982 710 31 21 in-

189 740 139 27 bjudningen.
358 741 42 27 Jag
415 741 69 22 skulle
499 741 85 22 derföre
599 741 86 22 anhålla
701 742 32 20 att
748 739 174 22 Bondeståndets
941 740 72 26 proto-

190 768 137 28 kollsutdrag
341 769 7 21 i
364 770 115 26 anledning
493 770 23 21 af
528 770 56 26 Lag-
601 770 39 22 och
656 768 226 23 Ekonomiutskottets
892 768 80 26 förslag
983 768 30 20 till

190 798 205 26 sammanjemkning
411 798 22 21 af
447 798 26 22 de
488 798 124 27 skiljaktiga
627 799 78 25 beslut,
721 798 7 20 i
744 798 72 20 hvilka
831 796 92 22 stånden
934 796 35 21 vid
978 796 35 22 be-

189 825 104 27 handling
315 826 22 21 af
357 827 147 21 betänkandet
525 828 40 20 N:o
589 829 12 19 4
625 829 93 25 stannat,
742 826 67 22 måtte
825 826 109 27 uppläsas,
951 825 61 21 innan

190 854 151 22 diskussionen
356 855 7 21 i
379 855 75 27 sjelfva
469 856 67 22 saken
551 856 102 26 vidtager.

258 888 72 22 Sedan
346 889 37 22 det
397 889 68 22 blifvit
480 890 101 26 anmäldt,
598 891 32 20 att
645 890 160 26 Ridderskapet
820 888 41 22 och
876 888 68 21 Adeln
958 890 56 19 ännu

189 916 48 22 icke
254 917 85 21 erhållit
355 918 34 21 del
405 918 22 21 af
441 919 37 21 det
492 919 72 21 beslat
579 918 164 22 Bondeståndet
763 918 34 21 vid
821 917 157 26 behandlingen
994 916 22 22 af

189 947 156 29 sammansatta
360 946 55 27 Lag-
431 947 40 21 och
487 947 224 21 Ekonomiutskottets
727 946 138 22 betänkande
880 946 7 20 i
904 945 60 27 fråga
980 952 34 14 om

189 973 192 28 skjutshållningen
398 975 40 21 och
454 975 177 27 gästgifverierna
646 976 70 26 fattat,
732 976 72 21 beslöt
819 974 93 26 ståndet,
922 974 28 26 på
965 974 49 21 herr

189 1002 219 31 Landtmarskalkens
424 1004 161 27 framställning,
602 1006 33 19 att
650 1004 45 21 låta
710 1004 49 21 med
781 1003 165 28 inbjudningens
962 1002 51 21 defi-

189 1031 68 31 nitiva
272 1030 130 28 behandling
418 1033 62 20 anstå
494 1033 55 21 intill
565 1033 50 20 dess
632 1033 175 22 Bondeståndets
831 1031 72 22 beslut
917 1031 7 21 i
939 1031 74 26 frågan

189 1057 70 24 blifvit
274 1058 33 23 för
321 1059 160 29 Ridderskapet
495 1061 41 22 och
551 1061 68 22 Adeln
635 1061 74 22 kändt.

256 1146 41 21 Till
313 1145 88 22 fortsatt
416 1147 129 27 behandling
560 1147 111 28 föredrogs
696 1146 256 28 Värnepligtsutskottets
975 1147 38 20 be-

188 1173 109 22 tänkande
313 1175 7 20 i
335 1175 116 27 anledning
467 1176 22 21 af
502 1177 77 26 nådiga
594 1177 162 26 propositionen
773 1175 111 26 angående
893 1174 121 22 införandet

187 1201 24 34 af
224 1203 78 21 allmän
317 1204 128 27 värnepligt,
461 1204 23 22 af
497 1205 81 21 hvilket
593 1205 136 22 betänkande
745 1205 6 20 i
772 1204 118 26 ordningen
906 1203 64 27 följde
987 1205 23 19 11

187 1232 53 25 S:en,
257 1237 46 16 som
317 1232 8 21 i
341 1231 101 23 afseende
459 1233 12 21 å
486 1233 50 22 dess
552 1233 161 26 tvennezförsta
723 1235 96 20 moment
829 1234 52 20 utan
890 1232 122 21 diskussion

186 1259 133 26 godkändes.

255 1293 104 23 Deremot
374 1295 111 22 anmärkte
501 1296 133 22 beträffande
651 1299 12 19 3
679 1302 63 15 mom.
759 1295 23 22 af
797 1298 24 19 11
839 1295 45 28 $:en

219 1355 4 3 =
255 1327 56 22 Herr
333 1329 158 27 Ehrnrooth,
514 1331 91 21 Robert:
636 1331 10 21 I
663 1333 10 19 3
691 1337 62 15 mom.
773 1331 56 20 talas
846 1336 34 15 om
895 1330 117 26 gardesba-

185 1355 108 27 taljonens
307 1360 156 24 sommarmöte;
479 1358 59 22 detta
553 1359 86 27 uttryck
655 1361 24 19 är
695 1359 123 27 oegentligt.
850 1359 48 21 Kan
914 1358 36 22 det
964 1358 48 22 icke

185 1383 68 22 hellre
269 1384 116 23 benämnas
402 1386 94 27 öfnings-
513 1387 51 21 eller
578 1388 134 26 lägermöte?
742 1388 43 21 Det
807 1388 43 20 kan
872 1386 91 27 inträffa,
980 1388 32 20 att

186 1414 33 19 ett
233 1414 60 20 möte
307 1413 68 33 hälles
393 1420 33 16 om
442 1415 78 22 hösten
536 1416 53 22 eller
603 1416 71 22 vären.
706 1416 157 22 Sommarmöte
887 1417 24 19 är
926 1415 84 22 säledes

185 1442 33 30 ett
241 1442 119 32 oegentligt
381 1444 94 27 uttryck,
498 1450 46 16 som
565 1444 72 22 kunde
652 1446 87 26 utbytas
756 1447 58 20 emot
829 1445 70 27 läger-
914 1444 52 22 eller
981 1444 30 22 öf-

183 1472 129 24 ningsmöte.

253 1504 56 22 Herr
324 1510 41 16 von
380 1505 142 25 Ammondt:
554 1508 41 26 Jag
611 1508 38 22 ber
663 1508 22 22 få
700 1508 74 22 förena
797 1508 43 28 mig
855 1508 7 22 i
877 1508 50 22 herr
942 1508 67 22 Ehrn-
