1109 1678
210 99 53 20 1256
488 100 40 18 Den
546 100 23 19 11
588 101 105 18 December.

181 163 23 22 af
217 163 116 22 friherrens
349 164 118 27 stränghet,
484 165 52 20 utan
545 166 64 25 sätta,
619 165 73 21 derom
701 166 24 19 är
730 164 38 27 jag
776 162 132 28 öfvertygad,
917 163 91 20 tvertom

182 193 33 22 sin
231 192 90 23 stolthet
336 193 41 22 och
392 193 33 22 sin
440 195 38 20 ära
492 193 39 26 uti,
548 195 33 20 att
595 193 70 22 kallas
680 193 102 21 soldater.
813 192 113 21 Friherren
933 191 75 28 tyckes

181 222 8 21 i
213 221 116 22 allmänhet
348 228 51 15 vara
421 221 50 28 föga
493 222 82 21 bekant
597 223 50 20 med
663 221 138 22 soldatlifvet.
831 221 42 27 Jag
888 221 38 21 ber
940 222 34 19 att
988 219 22 22 få

183 251 91 27 upplysa
296 251 78 21 honom
397 257 34 15 om
453 252 33 20 att
502 251 37 21 det
554 251 48 22 icke
616 253 24 19 är
655 251 50 21 med
719 250 85 26 slafvar,
821 255 46 16 som
882 255 48 15 man
945 249 63 21 bese-

183 285 50 22 grar
247 279 85 22 fienden
347 279 40 22 och
403 281 38 25 att,
457 281 40 20 när
512 281 77 21 tronen
605 280 40 21 och
661 279 176 22 fäderneslandet
852 277 74 23 sväfva
940 277 4 21 i
957 277 51 26 fara,

184 308 37 22 det
237 308 48 21 icke
299 308 69 22 heller
383 311 24 19 är
422 308 84 27 slafvar,
524 315 46 15 som
586 309 49 21 med
651 308 70 27 glädje
738 307 53 22 offra
805 307 26 22 lif
844 307 40 22 och
895 306 57 22 blod.
967 306 43 21 Det

182 337 73 21 bättre
277 338 30 25 är,
323 338 27 20 än
364 349 27 3 —
406 339 60 19 stora
481 338 45 20 ord.
541 349 29 3 —
585 337 114 22 Friherren
714 337 39 21 har
768 336 68 22 också
850 336 54 21 talat
919 341 34 15 om
969 335 41 21 den

183 365 94 22 militära
291 366 180 27 undervisningen
487 366 47 26 och,
543 366 127 27 visserligen
685 372 60 15 mera
759 365 29 27 på
803 365 78 25 skämt,
898 363 70 22 anfört
978 365 33 20 ett

183 394 69 21 kändt
273 394 100 27 yttrande
396 401 35 15 om
453 396 33 20 att
509 395 110 21 exercisen
639 401 51 15 vore
705 395 38 21 det
757 394 64 21 bästa
836 392 174 27 undervisnings-

183 423 87 22 medlet.
300 423 83 28 Många,
400 429 45 16 som
460 423 48 22 icke
523 423 88 22 tillhöra
625 423 113 26 militären,
754 422 64 22 hafva
825 422 35 27 sig
867 421 81 22 kanske
958 421 53 21 min-

185 452 38 21 dre
245 451 86 27 bekant,
355 454 33 19 att
409 452 148 27 fordringarne
580 453 57 21 inom
653 452 62 22 detta
729 452 52 27 yrke
796 451 7 21 i
818 451 52 21 våra
886 451 66 26 dagar
967 456 43 15 om-

184 480 55 22 fatta
254 480 106 28 betydligt
374 487 59 16 mera
449 483 27 19 än
491 481 150 22 kännedomen
657 480 21 22 af
693 481 56 22 blott
765 480 175 27 exercistempon.
969 479 43 26 Jag

185 509 36 22 vill
244 509 3 22 i
264 510 153 27 sammanhang
431 509 90 22 härmed
536 510 87 27 påpeka
638 511 32 20 ett
685 510 68 21 kändt
766 509 140 22 förhållande.
936 507 76 22 Ibland

186 538 41 22 den
249 538 80 22 aktade
351 539 59 22 klass
426 539 23 21 af
461 539 148 27 medborgare,
627 545 46 15 som
689 538 139 28 sysselsätter
844 537 32 27 sig
891 536 49 22 med
952 536 60 27 jord-

185 567 56 22 bruk
263 567 40 22 här
325 567 7 21 i
353 567 74 22 landet
442 568 41 21 och
499 568 71 21 dertill
585 567 154 22 företrädesvis
754 567 49 21 med
819 567 37 21 det
871 567 69 20 större
952 565 60 28 jord-

185 595 85 26 bruket,
292 595 67 23 finnes
383 597 37 21 det
442 597 78 26 många
534 596 34 23 för
583 597 61 21 detta
659 597 110 25 militärer,
785 595 73 22 hvilka
872 595 56 21 inom
944 595 69 20 denna

187 625 161 22 samhällsklass
371 625 75 22 vunnit
468 632 26 15 en
516 625 147 22 framstående
685 625 103 26 ställning
803 630 77 21 genom
896 625 32 20 att
943 623 27 22 de
984 623 29 26 på

187 653 70 21 denna
271 653 33 22 sin
318 660 41 21 nya
374 654 165 28 sysselsättning
555 654 132 28 öfverflyttat
701 655 66 26 något
783 653 22 21 af
817 653 43 21 den
867 652 38 26 flit,
918 653 36 20 det
964 651 48 22 ord-

185 682 125 27 ningssinne
333 682 40 22 och
394 683 41 21 den
457 682 144 28 punktlighet,
617 683 36 21 vid
668 683 72 21 hvilka
756 682 27 22 de
798 681 70 22 blifvit
882 681 77 27 vänjde
974 687 38 15 un-

187 711 38 21 der
239 711 39 21 sitt
293 710 130 29 föregående
437 712 30 21 lif.
485 723 24 4 —
525 712 11 21 I
551 712 118 21 allmänhet
683 712 39 21 har
738 712 41 21 den
795 710 97 22 stackars
900 709 112 26 militären,

187 739 35 22 vid
235 740 102 22 debatten
353 741 57 21 inom
425 740 93 27 ståndet,
534 740 43 22 fått
591 741 53 21 sitta
658 740 65 22 hårdt
738 739 97 23 emellan.
866 738 68 22 Bland
949 740 65 20 annat

187 768 64 22 hafva
265 768 52 22 flere
333 769 68 22 talare
417 770 62 21 ordat
495 776 34 14 om
545 770 41 21 den
602 771 70 20 större
688 768 128 28 osedlighet,
825 774 47 16 som
880 768 56 21 inom
945 767 69 21 denna

189 797 160 23 samhällsklass
366 798 69 22 skulle
451 805 52 15 vara
517 798 104 22 rådande.
651 798 43 27 Jag
708 798 39 22 ber
763 799 33 19 att
810 796 22 22 få
846 796 89 22 hänvisa
951 796 64 21 dessa

188 826 65 22 ärade
276 827 70 21 talare
368 827 33 21 till
422 828 99 26 Europas
540 829 70 20 större
625 826 202 26 fabriksdistrikter,
844 826 38 21 der
896 831 83 15 massor
994 824 23 21 af

189 855 100 22 arbetare
305 855 22 22 af
340 856 57 21 båda
411 856 72 22 könen
497 855 69 23 finnas
581 856 92 27 hopade,
690 856 41 21 och
747 855 38 21 der
793 854 93 22 anställa
894 853 122 22 statistiska

188 884 144 28 beräkningar
354 884 59 22 öfver
436 885 76 22 desses
532 885 114 27 sedlighet.
677 884 40 22 Till
733 884 41 22 och
789 884 49 21 med
854 882 28 22 då
898 882 36 22 det
949 882 67 27 gäller

189 912 102 22 värfvade
314 915 95 25 trupper,
433 914 62 21 torde
513 913 70 22 finska
599 913 187 27 gardeskasernen
801 912 84 22 uthålla
900 918 27 15 en
940 910 76 28 jemfö-

187 941 57 22 relse
259 942 50 21 med
323 954 29 3 —
363 942 38 22 det
415 942 135 27 Antipoffska
566 942 114 22 stenhuset
695 942 35 21 vid
745 941 169 27 Nylandsgatan.

256 970 99 22 Friherre
370 977 41 15 von
426 972 57 20 Born
498 971 92 27 yttrade,
607 973 33 19 att
655 971 64 27 ingen
735 970 22 22 af
771 970 97 22 talarene
883 968 89 22 invändt
979 968 37 21 nå-

188 1000 37 25 got
247 999 118 27 synnerligt
387 1002 58 19 emot
464 1000 198 27 indelningsverket
676 1000 7 20 i
698 999 125 21 militäriskt
838 997 124 22 hänseende
977 997 40 21 och

189 1027 42 21 han
255 1027 122 28 åberopade
401 1028 31 21 till
453 1029 39 21 och
509 1029 48 21 med
572 1028 50 21 mitt
637 1030 50 25 eget
701 1027 106 28 yttrande,
824 1027 28 21 då
864 1027 44 27 jag,
924 1025 94 22 visserli-

189 1062 41 20 gen
253 1056 7 21 i
283 1058 32 20 ett
337 1056 46 22 helt
406 1059 67 20 annat
486 1057 270 28 begreppssammanhang,
773 1055 103 22 berömde
892 1055 41 22 den
948 1054 71 27 gamla

190 1084 83 22 indelta
287 1085 115 27 militären,
419 1085 90 22 emedan
522 1086 38 27 jag
576 1085 88 22 dermed
680 1085 98 28 åsyftade
793 1086 33 20 att
841 1085 47 21 visa
902 1084 42 21 den
959 1085 60 19 stora

189 1113 119 28 betydelse,
325 1121 47 14 som
388 1116 31 20 ett
435 1115 91 21 ordnadt
541 1114 136 22 härväsende
692 1115 39 20 har
746 1114 7 21 i
769 1115 78 20 staten.
870 1113 97 21 Friherre
978 1118 42 15 von

190 1142 58 21 Born
264 1149 63 21 synes
343 1143 65 22 hafva
421 1143 107 26 förbisett,
545 1145 34 20 att
593 1149 26 16 en
635 1143 52 22 ärad
703 1143 75 26 talare,
794 1143 50 20 herr
860 1141 158 27 Bergenstråle,

190 1171 67 21 redan
280 1171 61 27 gifvit
364 1173 83 26 ganska
463 1172 86 21 sakrika
564 1172 154 27 upplysningar
733 1172 7 21 i
755 1171 62 27 fråga
833 1177 34 15 om
883 1171 40 20 den
938 1169 82 22 indelta

190 1199 119 23 militärens
324 1201 127 27 lämplighet
465 1201 7 21 i
487 1201 52 21 våra
554 1201 73 27 dagar.
657 1201 42 26 Jag
714 1201 39 21 ber
769 1202 32 19 att
816 1199 72 22 härtill
905 1199 7 21 å
920 1199 42 20 min
973 1197 48 22 sida

191 1230 57 19 ännu
270 1229 126 27 ytterligare
411 1229 22 22 få
448 1229 89 28 tillägga
551 1230 68 27 några
635 1230 44 21 ord.
710 1229 43 22 Det
769 1228 46 27 gafs
831 1235 27 15 en
874 1227 38 26 tid,
929 1227 29 21 då
971 1233 48 15 man

191 1257 68 27 ansåg
282 1259 39 25 att,
344 1258 32 21 till
400 1257 52 28 följd
474 1258 23 21 af
511 1259 41 21 den
568 1260 71 20 större
655 1264 92 20 omsorg,
764 1264 46 15 som
825 1263 50 15 man
890 1255 72 22 kunde
977 1255 43 22 till-

190 1285 59 22 hålla
271 1287 169 22 roteknektarne
461 1289 32 19 att
508 1293 55 22 egna
579 1287 47 21 sina
641 1288 55 25 torp,
711 1293 49 15 man
776 1286 70 21 skulle
860 1285 72 22 kunna
947 1285 28 26 på
990 1285 32 20 ett

190 1314 111 23 verksamt
323 1317 45 20 sätt
390 1315 100 22 befordra
509 1316 142 27 jordbrukets
674 1315 118 28 uppkomst
814 1315 41 21 och
870 1313 151 26 förbättring
1009 1309 16 39 i

190 1343 81 21 landet.
301 1344 42 27 Jag
359 1346 50 24 tror,
425 1346 32 20 att
472 1351 50 15 man
536 1344 7 21 i
559 1344 51 21 våra
626 1344 67 27 dagar
708 1346 25 19 är
748 1343 102 27 temligen
866 1348 51 16 ense
932 1348 40 19 om,
990 1343 32 19 att

192 1378 53 15 anse
268 1374 32 19 ett
321 1373 78 21 sådant
421 1373 179 22 betraktelsesätt
622 1372 33 22 för
677 1379 26 15 en
719 1372 144 22 öfvervunnen
879 1370 143 28 ståndpunkt;

193 1400 41 22 och
249 1400 46 22 lika
309 1401 55 27 litet,
380 1408 46 15 som
442 1402 71 26 någon
528 1402 7 21 i
549 1402 52 21 våra
617 1402 66 26 dagar
698 1401 29 27 på
743 1401 66 21 allvar
823 1400 63 22 torde
902 1399 50 27 vilja
966 1398 56 22 före-

193 1429 32 21 slå
242 1431 33 19 att
291 1430 108 22 bibehålla
413 1430 198 28 indelningsverket
625 1430 34 22 för
674 1432 33 20 att
723 1430 124 27 derigenom
862 1428 69 22 införa
947 1428 32 20 ett
989 1434 33 14 ra-

193 1458 114 22 tionellare
327 1458 106 28 jordbruk
462 1460 32 20 uti
516 1459 80 26 landet,
619 1460 45 20 lika
686 1459 49 21 litet
757 1459 42 21 kan
823 1464 26 16 en
871 1457 79 21 militär
972 1462 52 16 vara

193 1487 90 21 belåten
305 1487 49 21 med
379 1488 41 22 den
442 1488 60 27 ringa
521 1488 168 27 underbyggnad
705 1487 41 22 och
761 1486 159 26 undervisning,
936 1491 47 15 som
997 1492 26 14 en

193 1516 71 22 indelt
287 1516 71 22 soldat
381 1516 92 23 erhåller
493 1518 40 21 och
549 1523 46 16 som
611 1517 47 22 icke
674 1518 120 20 motsvarar
809 1516 71 22 tidens
896 1514 126 28 fordringar.
