1109 1678
397 97 40 18 Den
455 95 25 19 14
496 97 106 17 December.
825 95 54 20 1403

82 158 84 22 mänien
183 159 46 27 fyra
245 159 30 26 år,
291 159 6 21 i
314 159 89 21 Serbien
419 160 32 21 tre
468 159 29 26 år,
517 159 3 21 i
536 159 110 22 Grekland
663 160 32 20 tre
711 160 29 20 år.
771 159 26 21 Vi
813 166 24 15 se
852 160 56 21 såle-

83 188 38 21 des
136 187 67 26 häraf,
221 189 33 20 att
268 188 7 21 i
290 187 55 22 intet
360 189 65 20 annat
439 187 50 22 land
512 189 128 26 truppernas
663 187 72 22 aktiva
758 188 111 27 tjenstetid
885 190 24 19 är

82 216 83 22 mindre
181 218 27 19 än
224 217 33 21 tre
273 216 30 26 år,
318 216 40 21 och
371 216 38 27 jag
424 216 35 22 vill
475 217 53 26 göra
542 222 83 16 samma
640 216 66 27 fråga,
727 222 46 16 som
796 217 41 21 den
852 217 56 21 före-

83 245 83 27 gående
189 245 64 22 ärade
275 245 84 22 talaren
380 245 109 26 framlade,
513 245 32 21 till
568 245 70 27 någon
662 245 124 27 auktoritet,
805 252 51 15 vore
872 245 37 22 det

84 274 47 22 skäl
147 273 53 22 eller
215 275 24 20 är
255 273 128 28 tidpunkten
397 273 50 22 inne
463 275 32 20 att
510 274 39 21 hos
566 280 35 15 oss
617 274 84 21 minska
712 274 69 21 denna
789 274 119 28 tjenstetid,

84 303 27 22 då
125 302 21 22 vi
161 302 64 27 ingen
241 302 122 22 erfarenhet
378 302 68 27 hafva,
463 304 50 20 utan
529 304 92 21 tvertom
640 303 69 20 måste
733 303 69 27 bygga
823 303 29 28 på
867 303 42 21 den

84 331 123 22 erfarenhet
222 331 67 21 andra
303 331 76 21 länder
393 331 70 27 hafva,
479 331 40 21 och
540 332 39 21 der
593 332 7 20 i
615 331 56 21 intet
692 331 55 21 enda
769 331 139 27 tjenstetiden

84 362 23 20 är
122 360 83 21 mindre
221 362 28 19 än
264 361 33 20 tre
313 360 30 26 år,
358 366 49 15 men
422 360 35 21 väl
473 360 71 21 mera?
574 360 79 21 Härtill
668 360 95 21 kommer
771 362 38 24 att,
827 360 44 22 ifall
883 360 25 22 de

83 389 84 26 lagrum
183 388 65 22 blifva
263 390 99 25 antagna,
379 395 46 14 som
441 388 107 22 utskottet
563 388 117 27 föreslagit,
697 389 40 20 den
760 389 72 21 aktiva
855 389 53 27 tjen-

84 417 94 22 stetiden
193 416 142 28 förmodligen
350 417 95 22 kommer
461 418 32 20 att
508 417 115 22 reduceras
639 417 31 21 till
687 417 81 22 mindre
787 419 27 19 än
829 419 33 20 tre
879 417 29 21 år.

84 447 30 26 Ty
130 445 24 22 så
171 447 60 20 snart
246 452 26 15 en
288 446 55 26 gång
359 452 26 15 en
401 447 68 20 större
486 446 34 22 del
536 446 22 21 af
572 445 152 28 befolkningen
733 446 129 21 åtminstone
871 446 39 21 har

84 475 108 26 begagnat
207 474 33 27 sig
255 474 22 21 af
290 474 127 27 folkskolan,
432 475 24 21 så
473 477 22 18 är
510 474 33 22 för
559 475 48 21 dem
623 475 42 21 alla
680 475 40 21 den
737 475 71 21 aktiva
819 475 90 27 tjenste-

85 503 59 22 tiden
159 503 120 22 reducerad
295 503 31 21 till
342 503 36 22 två
393 503 28 21 år.
451 503 48 22 Den
515 503 34 22 del
566 503 22 22 af
602 503 156 27 befolkningen,
767 509 46 16 som
822 510 87 21 genom-

84 533 48 26 gått
146 533 58 20 ännu
219 532 67 27 högre
301 532 219 27 bildningsanstalter,
536 532 39 21 har
591 532 42 21 den
648 534 57 19 ännu
727 532 125 27 ytterligare
867 532 42 21 för-

85 561 84 21 kortad.
201 561 90 22 Således
306 561 70 21 skulle
389 561 37 28 jag
442 562 32 20 tro
491 563 38 24 att,
546 567 35 16 om
597 561 47 22 icke
663 561 70 27 precis
749 561 6 21 i
770 561 68 22 första
861 561 48 21 bör-

83 590 44 27 jan,
144 589 25 22 så
184 589 129 22 åtminstone
329 590 56 21 inom
400 589 108 28 förloppet
523 589 22 22 af
560 590 67 27 några
641 590 62 21 tiotal
718 590 29 26 år,
763 590 66 27 högst
837 589 73 28 troligt

85 621 23 19 är
124 620 32 19 att
172 618 71 21 denna
257 618 72 22 aktiva
344 618 112 28 tjenstetid
474 619 3 20 i
493 619 102 21 medeltal
610 619 96 21 kommer
721 620 33 20 att
768 619 94 26 gestalta
878 619 33 26 sig

84 647 34 22 för
134 647 139 27 pluraliteten
289 647 89 22 emellan
394 649 32 20 ett
441 647 40 22 och
497 649 33 20 ett
545 647 54 22 halft
615 648 12 21 &
643 647 36 22 två
695 647 29 26 är,
740 647 39 22 allt
794 647 54 22 efter
864 653 46 16 som

84 675 154 27 befolkningen
254 676 108 26 begagnar
377 676 32 26 sig
425 675 22 22 af
459 675 129 22 folkskolan.
619 676 116 21 Dessutom
753 676 97 21 kommer
861 676 49 20 här-

85 704 32 21 till
132 705 33 20 att
181 704 67 26 enligt
263 704 118 22 utskottets
397 704 80 27 förslag
492 704 149 28 permittering
657 711 50 21 eger
721 711 47 15 rum
783 704 69 22 under
868 704 42 22 för-

86 734 34 20 sta
135 732 40 22 och
191 732 68 22 andra
275 733 47 21 året
337 733 56 21 ända
408 733 32 21 till
455 734 33 21 tre
504 733 103 22 månader
622 735 57 20 samt
695 733 68 22 under
779 733 69 27 tredje
864 734 47 20 året

86 763 14 19 t.
117 768 19 15 o.
152 768 27 15 m.
203 762 75 26 längre
293 762 38 21 tid.
362 762 39 22 Om
423 762 21 22 vi
465 768 29 15 nu
517 762 71 22 skulle
611 764 84 25 antaga,
713 764 32 19 att
759 762 38 21 det
811 768 51 16 vore
878 764 33 19 tre

85 790 102 22 mänader
203 790 82 27 ärligen
301 790 40 22 och
356 790 211 28 medeltjenstetiden
582 791 37 22 tvä
633 791 30 26 är,
680 792 24 20 sä
726 791 69 21 skulle
811 797 38 15 sex
864 790 46 22 mä-

86 819 66 21 nader
166 819 74 21 kunna
255 820 28 26 gä
297 819 58 27 bort;
372 820 91 21 sälunda
478 820 70 21 skulle
564 820 37 21 det
615 820 7 21 i
637 820 146 26 verkligheten
799 819 65 22 blifva
880 820 32 20 ett

86 848 40 22 och
142 849 33 20 ett
189 847 55 22 halft
258 848 30 26 är,
304 848 40 22 och
361 848 69 22 denna
445 848 73 28 aktiva
532 848 113 28 tjenstetid
660 849 61 21 torde
743 848 34 22 väl
797 848 49 22 icke
861 854 51 15 vara

86 876 32 22 för
132 876 57 28 läng,
205 877 125 27 isynnerhet
345 883 46 15 som
408 877 38 21 vär
465 877 142 28 truppstyrka
627 879 24 19 är
671 877 154 27 jemförelsevis
849 877 62 25 liten;

87 907 21 25 ty
131 905 28 21 dä
181 912 52 15 vore
255 906 47 21 skäl
326 907 33 20 att
374 906 128 22 ätminstone
522 906 65 22 hafva
605 906 41 21 den
662 906 25 21 sä
701 906 43 27 god
759 912 46 15 som
821 905 89 28 möjligt.

86 934 62 21 Hvad
164 934 47 22 äter
227 934 41 22 den
283 934 23 22 af
319 935 42 21 den
375 934 130 28 föregäende
522 935 83 21 talaren
623 934 113 22 förordade
759 934 152 26 förändringen

86 962 23 22 af
130 962 57 28 S:ens
210 963 82 27 lydelse
315 965 32 20 att
370 964 61 21 ordet
447 964 60 26 ,mä*
524 964 69 21 skulle
609 963 111 22 förändras
737 964 31 21 till
785 963 73 27 ,bör*,
874 963 38 21 be-

87 991 78 26 träffar,
183 992 24 21 sä
222 992 39 21 har
274 992 37 27 jag
326 992 47 21 icke
389 992 117 27 nägonting
522 992 103 26 deremot,
641 999 49 14 men
712 994 45 19 tror
779 992 33 21 väl
829 993 33 20 att
878 998 34 14 or-

87 1020 37 21 det
147 1020 60 26 ,mä*
233 1020 45 22 ofta
300 1021 107 27 begagnas
422 1021 7 20 i
445 1021 114 27 lagställen
574 1021 7 21 i
597 1020 89 28 ungefär
704 1027 81 15 samma
799 1019 113 28 betydelse

87 1055 46 15 som
150 1049 73 26 ,bör*,
240 1049 41 22 och
296 1049 62 22 torde
373 1049 44 22 ofta
432 1055 43 21 nog
489 1049 88 22 komma
591 1051 25 20 ut
631 1049 28 27 pä
675 1051 31 20 ett
721 1049 40 22 och
777 1049 36 22 det
823 1055 89 15 samma.

88 1077 40 22 Om
143 1077 25 22 sä
184 1079 24 20 är
222 1077 66 27 fallet,
297 1078 72 22 kunde
384 1078 109 28 uttrycket
506 1078 25 27 ju
545 1078 131 26 bibehällas;
692 1085 49 14 men
754 1078 36 27 jag
799 1078 39 21 har
846 1077 68 22 ocksä

86 1106 112 27 ingenting
214 1108 58 20 emot
287 1108 32 20 att
335 1107 37 22 det
386 1107 93 28 utbytes,
496 1113 35 16 om
546 1107 38 22 det
598 1107 116 27 höglofliga
736 1106 87 22 ständet
845 1105 69 22 finner

88 1134 36 22 det
140 1141 51 16 vara
206 1133 77 24 bättre.

156 1163 57 22 Herr
227 1170 42 15 von
284 1164 155 27 Haartman,
455 1164 85 22 Rafa6l:
572 1165 33 21 Då
618 1164 38 27 jag
670 1164 48 21 icke
733 1164 41 22 kan
791 1165 33 20 tro
836 1165 32 20 att
875 1163 38 22 be-

87 1192 52 21 fälet
154 1191 33 23 för
203 1193 27 21 de
245 1192 106 23 blifvande
367 1192 68 23 finska
450 1195 119 26 trupperna
583 1193 71 21 skulle
669 1193 124 27 permittera
811 1192 103 22 manska-

87 1222 44 25 pet,
148 1227 34 15 om
198 1221 37 22 det
251 1221 40 22 ock
305 1228 52 15 vore
371 1221 48 22 fullt
432 1222 86 26 inlärdt,
535 1222 68 22 oftare
619 1222 52 21 eller
693 1222 28 27 pä
742 1221 74 27 längre
840 1221 32 21 tid
887 1223 27 19 än

88 1250 27 21 de
130 1249 72 22 dertill
225 1256 41 21 ega
288 1250 37 22 full
347 1252 50 25 rätt,
414 1251 25 21 sä
461 1251 70 22 måste
544 1251 38 28 jag
597 1250 74 22 förena
686 1251 43 26 mig
744 1251 48 21 med
807 1250 51 21 herr
873 1249 41 22 La-

88 1279 92 26 gerborg
203 1279 41 21 och
265 1278 80 23 föreslä
367 1285 27 16 en
415 1279 130 22 äterremiss.
576 1280 41 26 Jag
640 1279 68 22 skulle
727 1279 54 22 dock
796 1278 76 22 härvid
888 1278 27 21 be

88 1308 33 20 att
136 1307 22 21 få
171 1306 88 28 föreslå,
276 1307 40 22 och
329 1308 38 27 jag
382 1307 82 28 hoppas
481 1310 32 19 att
528 1308 51 22 herr
593 1308 124 27 Lagerborg
732 1307 47 22 icke
795 1307 40 22 har
849 1307 67 26 något

89 1335 104 27 deremot,
217 1338 34 19 att
273 1336 37 22 det
332 1337 66 21 borde
416 1337 51 21 heta
482 1337 7 21 i
505 1337 75 21 stället
594 1336 33 22 för
643 1337 59 25 ,mä*
721 1336 63 26 ,bör*
801 1342 50 15 men
866 1335 50 21 med

88 1364 75 27 tillägg
186 1364 24 21 af
232 1365 83 26 ,sävidt
337 1364 83 28 möjligt
443 1366 44 20 är”.
518 1366 39 20 Att
579 1365 36 21 mä
632 1364 69 22 skulle
717 1370 50 16 vara
781 1364 38 22 det
834 1370 82 16 samma

88 1398 46 16 som
149 1393 40 21 bör
203 1392 69 23 finner
284 1394 37 26 jag
336 1393 54 22 icke.

157 1421 57 22 Herr
229 1428 41 16 von
293 1422 148 22 Ammondt:
471 1422 32 21 På
522 1422 27 22 de
565 1422 54 26 skäl,
636 1422 49 21 herr
699 1421 123 27 Lagerborg
838 1420 78 26 anfört,

89 1449 71 23 skulle
172 1450 39 28 jag
227 1450 69 22 önska
310 1450 86 22 biträda
410 1451 53 21 hans
480 1450 57 28 äsigt
552 1457 35 16 om
596 1452 32 20 att
637 1450 41 22 den
686 1450 155 27 värnepligtige
849 1448 68 32 borde

89 1478 69 22 under
173 1478 39 22 det
227 1480 70 26 tredje
312 1479 127 27 tjensteäret
454 1480 139 26 permitteras
609 1479 69 21 under
692 1479 73 26 längre
780 1479 37 21 tid.
849 1478 68 31 Meni

89 1506 78 23 sädant
182 1507 37 22 fall
235 1508 69 22 skulle
322 1507 37 22 det
374 1514 63 22 synas
453 1508 43 27 mig
512 1508 133 27 nödvändigt
667 1509 32 20 att
721 1507 84 22 minska
827 1511 90 23 permis-
