1109 1678
415 90 40 17 Den
473 88 12 19 4
501 90 106 17 December.
844 89 54 20 1017

95 152 86 21 komme
204 153 33 21 att
259 152 96 28 tydligen
377 152 86 27 angifva
486 152 129 22 ständernas
636 152 137 28 uppfattning
789 153 23 22 af
825 153 102 28 stämpel-

96 181 183 27 pappersafgiften
302 181 72 21 såsom
397 188 25 15 en
439 188 28 14 nu
489 181 40 21 och
552 181 108 28 framgent
675 181 7 21 i
697 181 101 23 afseende
814 183 13 21 å
842 182 32 21 sin
890 189 37 14 an-

96 209 109 28 vändning
221 210 22 21 af
256 210 127 22 ständernas
398 210 73 21 beslut
487 209 109 23 beroende
611 210 136 27 bevillning".

168 239 82 21 Genom
272 239 173 26 propositionens
470 239 136 21 besvarande
629 239 49 22 med
705 239 158 28 öfvervägande
885 239 41 28 nej,

97 267 56 22 hade
169 267 88 22 ståndet
272 267 96 22 beslutat
384 267 33 28 sig
433 267 32 22 till
482 267 42 22 den
540 267 123 28 föreslagna
679 268 158 22 återremissen.

166 296 180 21 Statsutskottets
362 297 29 26 på
407 297 56 26 3:dje
480 296 39 21 sid.
536 296 23 21 af
572 297 149 22 betänkandet
735 297 135 22 framställda
884 297 42 22 för-

98 324 46 27 slag
160 325 126 27 godkändes
302 327 52 19 utan
369 325 147 27 anmärkning.

166 411 10 21 I
192 411 139 27 fortsättning
345 411 89 22 härmed
449 411 97 28 företogs
563 418 28 15 nu
611 412 68 21 under
701 412 134 27 ompröfning
850 412 77 21 Bevill-

98 440 183 27 ningsutskottets
303 441 137 21 betänkande
463 440 6 21 i
494 440 116 27 anledning
630 440 23 21 af
673 441 78 27 nådiga
765 441 163 28 propositionen

98 469 113 27 angående
227 469 336 28 stämpelpappersbevillningen.

166 498 99 21 Friherre
288 505 40 15 von
350 498 81 27 Troil,
457 498 20 21 S.
501 499 40 25 W.,
557 497 67 22 utbad
644 498 33 27 sig
693 498 31 21 till
739 498 56 21 först
809 499 63 21 ordet
887 497 40 22 och

98 527 97 27 yttrade:
226 527 280 27 Stämpelpappersafgiften
523 529 24 19 är
562 527 111 22 beräknad
689 528 38 25 att,
745 527 6 21 i
761 527 167 22 öfverensstäm-

98 555 67 22 melse
181 556 49 21 med
245 556 36 21 det
296 555 79 28 förslag
391 556 31 21 till
438 555 132 28 förordning,
587 556 108 21 utskottet
709 555 122 27 framställt,
847 555 81 27 årligen

100 584 85 21 afkasta
201 586 90 25 775,000
307 585 66 21 mark.
404 585 42 21 För
461 584 45 21 min
522 585 34 21 del
571 584 87 22 befarar
671 585 38 26 jag
724 586 32 19 att
765 584 70 22 denna
845 591 84 15 summa

99 613 47 21 icke
162 619 78 21 genom
256 614 25 21 de
295 614 100 27 partiella
409 613 155 27 förhöjningar,
581 619 47 16 som
643 613 21 22 af
679 613 108 22 utskottet
797 613 130 27 föreslagits,

99 642 97 21 kommer
211 644 32 19 att
259 642 68 26 ernås,
344 643 40 20 och
399 642 70 21 skulle
486 642 85 22 derföre
586 642 59 21 hålla
654 641 46 22 före
711 643 33 20 att
753 642 109 22 utskottet
872 641 57 22 hade

99 671 49 21 bort
171 671 48 21 åter
241 673 95 25 upptaga
358 671 41 21 den
421 671 46 21 före
489 672 55 20 1840
561 671 100 27 gällande
676 671 158 27 grundprincip,
851 672 32 19 att
898 670 30 21 af-

100 699 127 27 handlingar
250 700 90 22 emellan
363 700 96 22 enskilda
474 706 106 20 personer
596 699 60 21 alltid
671 699 62 21 skola
748 706 50 15 vara
813 698 116 22 karterade

99 728 43 50 fn
154 730 39 54 a
210 735 51 15 vara
283 729 80 27 giltiga,
379 728 86 22 hvilken
483 728 143 27 anmärkning
641 728 85 22 säledes
741 727 188 27 hufvudsakligast

100 758 66 26 gäller
180 754 10 35 $
209 759 18 20 6.

168 786 57 22 Herr
240 786 184 28 Montgomery:
441 786 42 22 Det
499 788 25 19 är
539 786 136 27 naturligtvis
687 785 102 22 svärt'att
798 784 49 23 med
858 784 71 28 nägon

102 814 103 22 säkerhet
219 815 89 27 förutse,
324 815 107 22 huruvida
446 815 68 27 enligt
530 815 27 21 de
573 815 100 27 grunder,
689 820 46 16 som
750 814 120 22 utskottets
886 813 43 22 för-

101 844 47 26 slag
162 844 125 26 innehäller,
304 843 278 28 stämpelpappersafgiften
598 844 54 21 skall
667 844 72 20 kunna
754 843 132 27 uppbringas
897 842 33 21 till

102 872 36 22 det
153 872 86 28 belopp,
256 879 45 15 som
317 875 24 19 är
355 873 8 21 i
375 872 66 28 fräga,
457 879 51 15 men
524 872 72 22 sävidt
608 873 38 27 jag
660 872 40 21 har
707 872 82 21 kunnat
804 871 68 21 tänka
886 870 44 27 mig

101 901 21 21 in
138 901 7 21 i
160 902 75 26 saken,
252 902 24 21 sä
291 902 67 22 borde
373 902 36 21 det
424 902 65 21 likväl
505 901 74 27 lyckas
597 903 32 19 att
645 900 81 22 erhälla
741 901 36 21 det
788 900 96 21 önskade
893 900 37 21 be-

101 930 80 27 loppet.
212 931 10 21 I
237 930 36 22 fall
289 931 41 21 den
354 930 22 22 af
396 930 90 22 friherre
503 936 41 16 von
560 930 58 21 Troil
633 930 122 26 föreslagna
777 928 153 27 förändringen

102 959 69 21 skulle
187 958 85 28 införas,
288 959 72 22 kunde
375 966 49 14 man
437 959 99 27 päräkna
552 965 26 15 en
598 959 39 21 bra
656 958 86 28 mycket
761 959 70 20 större
850 956 80 28 förhöj-

102 988 56 26 ning.
189 988 43 21 Det
252 988 41 21 kan
315 995 52 15 vara
388 989 78 26 mänga
489 988 55 25 skäl,
566 994 46 15 som
628 987 44 21 tala
686 987 33 21 för
735 993 26 15 en
776 986 67 22 sädan
858 986 71 21 förän-

102 1016 67 27 dring,
193 1023 49 15 men
265 1017 36 21 det
323 1017 43 21 kan
381 1017 34 21 väl
430 1017 48 20 icke
496 1017 68 20 nekas
581 1017 32 20 att
629 1016 37 21 det
680 1017 65 25 utgör
759 1017 32 20 ett
807 1015 75 20 hinder
898 1015 32 20 att

101 1045 110 27 kartering
227 1045 136 28 ovilkorligen
380 1045 55 22 skall
451 1051 40 21 ega
507 1051 54 15 rum.
591 1045 42 26 Jag
649 1044 68 22 skulle
732 1043 33 22 för
779 1043 43 21 min
838 1043 35 21 del
883 1042 48 22 icke

102 1073 50 28 vilja
167 1074 74 21 skrida
257 1075 31 20 till
304 1081 25 15 en
346 1074 68 21 sädan
428 1074 133 27 förändring,
577 1075 52 20 utan
645 1073 35 22 vill
695 1073 7 21 i
718 1073 81 21 största
814 1071 118 22 allmänhet

103 1102 110 28 tillstyrka
228 1103 118 22 utskottets
361 1103 145 26 betänkande,
523 1109 46 15 som
582 1103 38 27 jag
635 1102 78 21 anseri
724 1101 42 22 alla
776 1100 94 28 punkter
880 1106 52 16 vara

103 1131 82 27 ganska
200 1132 35 21 väl
250 1132 95 21 betänkt.

171 1161 56 21 Herr
243 1160 162 22 Grotenfelt:
436 1161 42 21 För
493 1160 45 21 min
554 1159 35 22 del
605 1161 45 20 tror
663 1159 37 28 jag
719 1160 32 20 att
772 1157 161 33 utskottet
894 1153 42 41 ge-

103 1195 49 16 nom
167 1189 27 22 de
209 1189 150 28 förhöjningar,
375 1189 108 22 utskottet
499 1189 119 26 föreslagit,
635 1188 54 21 skall
705 1187 72 28 lyckas
789 1186 146 32 ävägabringa

104 1219 41 20 den
161 1224 83 15 summa
260 1218 22 21 af
295 1220 92 25 775,000
403 1218 60 21 mark
478 1218 111 21 utskottet
608 1219 73 19 ansett
702 1216 80 27 nödigt.
812 1215 64 21 Hvad
897 1214 37 21 fri-

103 1247 63 22 herre
188 1253 42 15 von
253 1247 68 22 'Proils
345 1247 138 26 anmärkning
509 1245 109 27 beträffar,
641 1245 86 22 hvilken
749 1243 187 27 hufvudsakligast

104 1275 71 28 gällde
192 1277 12 20 6
220 1275 17 28 $,
254 1276 69 21 skulle
337 1276 37 27 jag
388 1275 33 22 för
435 1275 44 22 min
495 1275 37 22 del
547 1275 58 21 hålla
620 1273 46 22 före
682 1276 39 24 att,
737 1273 43 22 ifall
797 1278 77 22 genom
884 1272 52 21 kar-

104 1304 208 27 tasigillataafgiften
327 1305 110 26 verkligen
453 1306 32 19 ett
502 1305 71 20 större
589 1303 81 26 anslag,
687 1305 28 18 än
730 1309 29 14 nu
774 1304 23 19 är
811 1301 125 31 föreslaget,

104 1333 71 21 skulle
198 1333 71 21 mästa
291 1333 166 26 ästadkommas,
481 1333 27 21 sä
531 1332 70 21 skulle
623 1332 38 27 jag
683 1330 116 28 ingalunda
814 1330 57 21 ändä
885 1329 52 27 vilja

104 1361 80 22 föreslå
200 1364 33 19 att
248 1362 69 21 denna
332 1362 70 21 skulle
418 1361 163 22 åstadkommas
597 1366 78 21 genom
691 1366 26 15 en
740 1358 124 32 förändring
880 1357 22 21 af
924 1359 13 30 6

104 1390 11 28 $
130 1390 7 21 i
155 1390 37 22 det
208 1390 61 28 syfte,
291 1390 90 22 friherre
404 1396 41 16 von
468 1390 60 21 Troil
547 1389 119 26 föreslagit,
683 1390 52 19 utan
753 1387 69 22 skulle
835 1392 41 27 jag
889 1386 28 21 dä
931 1392 8 14 i

105 1420 61 20 detta
181 1418 37 22 fall
240 1419 67 21 hellre
330 1419 87 21 försöka
433 1420 32 20 att
483 1424 80 21 genom
579 1417 109 27 åtskilliga
705 1417 66 21 andra
785 1415 153 32 förhöjningar,

105 1448 72 21 hvilka
192 1448 34 21 väl
242 1450 56 19 ännu
313 1448 73 21 kunna
402 1448 165 26 ävägabringas,
587 1446 51 26 höja
656 1443 282 32 stämpelpappersafgiften.

104 1477 42 26 Jag
161 1477 70 21 skulle
246 1477 7 20 i
269 1477 37 21 det
320 1476 88 27 längsta
422 1476 51 27 vilja
489 1476 97 21 undvika
602 1475 70 21 denna
687 1474 110 26 kartering
805 1472 22 22 af
842 1472 97 21 handlin-

106 1512 38 21 gar
160 1505 91 22 emellan
273 1505 98 22 enskilda
393 1511 104 21 personer
522 1504 41 22 och
586 1503 85 23 således
691 1503 50 28 vilja
755 1503 99 27 begagna
870 1500 71 22 denna
