1109 1678
223 91 54 20 1370
499 93 40 17 Den
557 90 24 19 13
598 91 105 18 December.

193 155 115 28 aflyftande
324 155 70 22 deruti
409 155 84 22 komme
510 156 33 20 att
558 155 55 27 ingå.
645 153 74 22 Skulle
735 153 61 21 detta
811 152 81 26 förslag
900 151 47 22 icke
954 151 65 22 vinna

193 185 38 21 det
245 184 117 28 höglofliga
377 185 98 21 ståndets
490 183 66 27 bifall,
572 185 53 20 utan
640 183 32 21 till
680 181 180 27 vakansafgiftens
869 180 149 22 bibehållande

192 213 105 26 beslutas,
313 219 63 16 anser
389 213 38 28 jag
442 215 33 19 att
491 213 123 21 densamma
630 211 55 22 dock
699 211 68 22 borde
781 209 127 22 hädanefter
916 209 68 22 under
992 215 27 16 en

193 249 71 15 annan
279 242 47 21 titel
341 243 96 25 utgöras.
469 241 41 22 Om
525 241 90 27 ändring
629 241 8 20 i
653 241 32 20 ett
700 240 52 21 eller
774 241 65 20 annat
860 238 123 22 hänseende
998 237 23 22 af

193 271 89 22 ståndet
296 270 101 27 möjligen
412 271 105 26 vidtages,
534 270 62 21 torde
611 269 35 22 väl
663 268 123 22 återremiss
797 268 33 21 till
838 267 108 22 utskottet
954 266 66 22 blifva

192 300 72 26 nödig.
295 299 79 22 Vidare
396 299 39 22 ber
455 299 38 27 jag
515 300 33 20 att
570 298 22 21 få
606 299 7 20 i
629 298 70 21 denna
720 296 101 28 paragraf
842 296 102 22 anmärka
962 297 58 20 emot

193 327 149 23 redaktionen.
372 328 46 21 Här
433 328 46 21 står
493 327 108 27 nemligen
615 328 34 20 att
670 343 4 9 ,
675 326 107 26 samtliga
797 325 92 21 rusthäll
905 324 40 22 och
960 326 60 19 rotar

193 356 113 22 frikallade
321 356 47 22 från
383 356 162 28 skyldigheten"
564 358 41 19 etc.
635 355 32 21 På
681 354 147 28 landsbygden
843 352 114 23 förefinnes
968 352 52 22 flere

193 386 48 26 slag
257 384 22 22 af
292 386 59 20 rotar
367 387 26 19 än
408 385 147 21 knekterotar.
586 384 27 21 Vi
627 383 64 22 hafva
712 384 94 20 läsrotar
828 382 40 22 och
890 381 128 26 fattigrotar,

194 414 41 21 och
249 413 120 28 begreppet
383 413 70 22 måste
470 413 70 22 derför
555 413 7 21 i
579 413 69 21 denna
663 411 101 28 paragraf
771 411 102 21 exaktare
881 410 138 22 bestämmas.

194 443 42 26 Jag
251 443 62 26 tager
328 443 43 26 mig
387 442 110 21 dessutom
512 441 95 22 friheten
622 443 33 19 att
671 441 101 21 anmärka
795 441 33 20 att
848 439 37 22 det
906 439 114 22 kamerali-

196 471 69 22 stiska
287 471 110 27 uttrycket
419 473 24 19 är
465 471 114 21 rusthålls-
603 470 41 22 och
664 469 151 26 knekterotar;
831 468 139 27 ingenstädes
986 474 35 15 ser

193 507 50 14 man
259 499 46 22 helt
320 500 73 21 enkelt
407 499 92 22 rusthåll
514 499 41 22 och
570 501 65 19 rotar.
667 499 40 21 Till
720 497 174 22 förekommande
915 496 22 22 af
957 497 63 20 miss-

195 529 120 27 tydningar,
332 529 40 21 och
387 528 33 22 för
435 530 33 19 att
483 527 51 28 följa
550 528 42 21 den
607 527 174 22 kameralistiska
797 525 155 28 terminologin,
961 525 59 22 hem-

195 557 75 22 ställer
283 558 37 26 jag
335 557 66 22 alltså
416 563 34 16 om
465 557 124 26 förändring
605 556 82 22 derhän
703 557 32 20 att
745 555 130 26 stadgandet
885 554 69 21 skulle
964 554 57 27 gälla

193 586 115 21 rusthålls-
331 586 40 21 och
393 586 147 21 knekterotar.
570 585 101 22 Rusthäll
693 584 70 22 kallas
782 584 47 21 icke
846 583 56 22 blott
917 583 40 21 och
973 583 48 21 bart

193 615 99 26 rusthåll,
315 615 27 21 de
364 615 117 21 benämnas
503 614 170 25 rusthållsrotar,
697 613 78 22 likaväl
795 619 47 15 som
858 613 26 21 de
899 613 59 20 rotar
974 618 46 15 som

194 643 123 28 uppställde
332 643 77 22 fotfolk
423 643 116 22 benämnas
555 643 146 21 knekterotar.

263 672 78 22 Grefve
356 672 125 27 Armfelt,
497 672 96 26 August:
624 671 34 21 Då
671 671 37 27 jag
724 670 32 21 uti
772 670 107 21 utskottet
895 669 98 22 biträdde
1009 669 11 27 $

194 701 19 26 2,
230 707 38 15 var
285 700 36 22 det
336 700 140 27 väsentligen,
491 700 33 22 för
540 701 33 20 att
588 700 25 21 så
626 700 49 21 litet
691 706 46 15 som
752 698 84 28 möjligt
850 698 69 21 rubba
934 698 26 21 de
969 698 51 21 eko-

193 729 99 22 nomiska
314 728 163 23 förhållandena
497 729 8 21 i
527 729 80 21 landet.
641 729 31 27 Ty
693 728 8 21 i
723 727 103 22 händelse
849 726 171 27 vakansafgiften

195 758 70 21 skulle
281 758 83 27 aflyftas
379 758 47 21 från
441 758 90 21 knekte-
547 757 41 22 och
603 757 199 25 rusthållsrotarne,
818 756 25 21 så
858 755 70 22 skulle
944 755 75 22 dessas

195 793 64 20 egare
275 786 48 22 icke
339 786 74 22 ställas
429 787 29 27 på
473 793 82 15 samma
570 786 134 27 ståndpunkt
723 785 7 21 i
753 784 136 22 ekonomiskt
911 784 108 22 afseende.

194 815 149 21 Knekterotan
365 815 70 22 blefve
457 815 98 21 frikallad
578 814 47 22 från
641 814 50 22 dess
707 814 87 26 vakans,
811 814 27 21 då
853 813 167 21 rusthållsrotan

193 844 86 22 komme
295 845 32 20 att
342 844 73 22 betala
429 850 27 15 en
472 844 89 21 dubbelt
577 843 25 21 så
617 844 46 20 stor
679 843 58 21 skatt
753 848 46 16 som
814 848 35 20 nu,
862 842 89 21 emedan
960 842 59 21 skat-

194 872 143 22 terusthållen
352 879 29 15 nu
397 872 62 22 äfven
475 875 37 19 äro
525 872 94 27 fritagna
633 871 47 22 från
695 870 121 28 utgörande
836 870 23 22 af
880 870 46 22 sina
947 870 73 28 jorde-

193 901 141 21 boksskatter
349 901 33 21 till
397 901 88 27 kronan,
501 901 41 22 och
558 901 103 27 derjemte
676 900 80 22 förlora
770 899 133 27 rättigheten
919 901 32 19 att
966 906 53 20 upp-

193 930 54 21 bära
262 931 222 25 augmentsräntorna.
514 930 11 21 I
540 930 28 21 de
583 929 119 27 vanligaste
717 928 37 22 fall
769 930 119 20 motsvarar
896 930 123 24 augments-

193 960 78 20 räntan
287 958 41 22 den
343 958 150 27 vakansafgift,
509 964 46 16 som
570 958 120 22 rusthällen
706 958 93 26 erlägga,
815 958 15 21 t.
852 963 18 15 o.
886 957 50 21 med
951 956 68 22 öfver-

193 987 68 27 stiger
276 988 42 21 den
333 987 72 26 nägot,
421 988 26 20 sä
461 988 32 20 att
508 987 28 26 pä
549 987 86 21 landets
651 988 62 25 2,225
729 986 92 21 rusthäll
836 986 64 26 utgär
907 985 112 22 vakansaf-

194 1015 67 27 giften
277 1015 49 22 med
342 1015 57 22 circa
415 1017 76 25 80,000
507 1015 61 22 mark
583 1015 83 21 mindre
681 1017 27 19 än
724 1015 27 21 de
766 1014 98 27 uppbära
878 1014 7 21 i
896 1014 123 27 augments-

193 1045 82 20 räntor.
305 1044 68 21 Detta
387 1046 25 19 är
427 1050 27 15 en
469 1044 96 25 smäsak;
581 1050 49 15 men
645 1049 35 16 om
695 1050 29 15 nu
739 1043 120 21 rusthällen
869 1042 65 22 blifva
942 1042 22 22 af
970 1042 50 22 med

193 1073 48 21 sina
256 1074 188 26 augmentsräntor
459 1073 40 21 och
514 1073 7 20 i
540 1072 52 27 följd
615 1071 62 23 deraf
696 1072 49 21 icke
767 1071 92 22 behöfva
881 1071 87 27 erlägga
982 1077 37 16 va-

192 1101 123 27 kansafgift,
332 1101 25 22 sä
373 1101 98 27 gvarstär
485 1101 33 22 för
533 1101 48 21 dem
597 1102 32 20 att
645 1101 87 26 erlägga
745 1100 137 27 jordskatten
897 1100 33 21 till
937 1100 82 21 kronan

193 1130 33 21 till
242 1131 33 20 ett
289 1130 79 27 belopp
385 1129 22 22 af
421 1129 58 22 öfver
495 1131 91 25 709,000
602 1129 67 22 mark.
699 1129 117 22 Fördeladt
830 1129 30 26 pä
875 1128 63 22 dessa
946 1129 73 26 lägen-

192 1158 64 23 heter
271 1158 70 22 skulle
357 1158 71 22 denna
443 1165 83 15 summa
538 1158 79 27 belöpa
633 1158 33 27 sig
681 1158 32 21 till
729 1159 32 20 ett
771 1157 81 28 kapital
860 1153 21 36 af
890 1157 58 22 öfver
956 1159 63 25 6,000

192 1187 62 21 mark
269 1188 28 26 pä
312 1187 74 27 hvarje
401 1187 98 21 rusthäll.
529 1187 35 21 Nu
579 1189 25 19 är
619 1187 71 21 dertill
706 1187 33 21 att
754 1186 102 21 anmärka
867 1187 33 20 att
908 1193 26 15 en
942 1187 77 26 mängd

193 1216 94 21 rusthäll
301 1217 88 25 utgöras
407 1215 22 22 af
443 1215 95 27 säterier,
554 1215 29 28 pä
602 1215 73 22 hvilka
696 1215 64 27 ingen
780 1215 182 27 jordeboksränta
976 1215 44 21 kan

193 1243 100 23 fördelas.
324 1245 76 20 Denna
415 1244 65 22 orsak
495 1244 39 21 har
549 1244 66 21 ocksä
630 1244 56 21 varit
701 1244 42 21 den
753 1243 113 28 egentliga,
877 1243 99 22 hvarföre
981 1243 39 28 jag

193 1273 82 22 biträdt
290 1273 120 21 utskottets
425 1273 147 26 betänkande;
589 1273 110 21 dessutom
721 1273 40 20 har
782 1272 110 22 utskottet
905 1272 47 21 haft
966 1278 53 21 gan-

194 1301 40 22 ska
248 1301 73 28 knapp
337 1301 32 22 tid
385 1303 33 20 att
428 1301 100 22 utarbeta
544 1301 109 27 förslaget,
671 1301 40 22 och
726 1301 70 21 skulle
804 1301 96 27 omöjligt
908 1300 32 21 till
949 1301 70 22 denna

193 1330 105 27 landtdag
320 1330 64 22 hafva
405 1330 83 21 kunnat
509 1330 119 26 framlägga
643 1329 66 27 nägot
723 1329 82 27 förslag
822 1329 112 27 angäende
949 1330 71 21 denna

192 1358 147 27 beskattning,
362 1361 57 19 samt
440 1358 56 22 huru
518 1358 37 22 det
577 1358 68 22 borde
663 1358 91 22 förfaras
768 1358 50 22 med
832 1357 187 23 infanterirotarne

193 1386 41 22 och
250 1386 190 22 bätsmanshällen.
471 1387 41 27 Jag
525 1386 119 28 medgifver
659 1388 32 20 att
705 1387 50 21 herr
771 1386 73 22 Taube
864 1386 46 21 haft
924 1388 50 24 rätt,
991 1386 28 22 dä

191 1415 44 21 han
251 1415 99 21 anmärkt
366 1417 33 19 att
413 1415 183 22 bätsmanshällen
611 1416 47 21 icke
674 1415 69 22 blifvit
757 1416 40 20 här
812 1417 122 25 upptagna;
950 1415 36 21 det
995 1418 24 19 är

193 1446 32 19 ett
239 1443 30 22 fel
291 1450 46 15 som
359 1444 40 21 har
421 1444 92 27 undgätt
534 1444 119 22 utskottets
676 1444 196 27 uppmärksamhet,
887 1450 49 15 men
951 1444 67 22 borde

191 1472 57 22 dock
263 1472 42 22 lätt
319 1472 148 22 underförstäs
483 1474 33 20 att
531 1472 37 22 det
582 1473 40 21 bör
637 1479 52 15 vara
698 1473 141 21 knekterotar
850 1472 40 22 och
897 1472 121 23 bätsmans-

191 1500 50 23 håll.
272 1502 70 21 Dessa
357 1501 126 27 lägenheter
497 1502 77 26 skulle,
589 1502 8 20 i
612 1501 104 23 händelse
739 1502 70 22 denna
829 1500 143 28 vakansafgift
987 1502 30 22 af-
