1109 1678
233 94 54 19 1070
523 97 39 18 Den
580 96 11 19 6
607 97 106 18 December.

201 158 33 21 uti
249 158 39 22 sitt
302 159 50 22 land
367 159 205 28 meningsolikheter
588 161 41 21 och
644 167 26 15 en
686 167 44 21 oro,
746 160 92 27 hvilken,
850 160 7 21 i
870 160 104 23 händelse
984 161 43 22 han

201 187 101 28 visligare
324 189 7 20 i
354 189 70 22 denna
446 189 39 22 sak
505 188 84 23 förfarit
605 189 40 22 och
661 195 34 16 om
710 189 42 22 han
767 196 60 15 mera
842 189 46 22 haft
903 189 123 23 förtroende

201 216 31 21 till
257 216 167 29 öfvertygelsens
448 218 65 25 makt,
538 218 70 22 skulle
624 218 63 22 hafva
702 218 107 22 uteblifvit
825 218 40 22 och
880 218 78 22 befriat
972 219 54 22 hans

201 246 60 21 stora
275 246 212 28 pånyttfödelseverk
501 246 47 22 från
564 247 81 27 hinder,
663 253 46 16 som
720 247 91 28 troligen
820 247 61 22 skola
889 247 64 23 blifva
964 248 62 22 svåra

201 275 33 20 att
249 274 128 23 öfvervinna.

269 303 57 22 Herr
344 304 200 27 Pippingsköld:
575 305 10 21 I
603 305 61 26 fråga
679 311 35 15 om
728 304 202 23 indifferentismens
946 305 79 22 förhål-

200 331 64 22 lande
279 332 33 21 till
328 333 137 27 statskyrkan
482 333 44 26 har,
543 334 73 21 såsom
631 334 42 26 mig
689 340 70 21 synes,
776 334 50 21 herr
836 334 54 21 Rein
901 334 125 27 tillräckligt

200 360 101 22 besvarat
317 361 50 22 herr
381 362 112 21 Mechelin.
524 362 43 27 Jag
581 362 36 22 vill
633 362 78 22 endast
726 362 88 28 tillägga
830 364 38 24 att,
881 369 34 15 om
926 363 36 21 det
973 363 52 21 and-

200 388 40 27 ligt
259 390 102 26 religiösa
377 390 61 22 lifvet
452 397 52 15 vore
519 398 97 15 varmare
631 391 73 22 ibland
720 392 26 21 de
761 398 39 20 par
815 391 123 27 préference
954 392 71 21 såkal-

200 417 49 21 lade
268 417 87 22 bildade
377 419 7 21 i
406 419 114 28 Ryssland,
544 420 63 26 hade,
632 420 90 21 oaktadt
739 419 26 22 de
780 420 64 26 band,
856 426 46 15 som
919 421 103 26 päläggas

200 445 23 22 af
237 447 144 28 statskyrkan,
397 449 78 26 många
491 448 141 28 öfvergångar
647 449 65 22 skett.
743 449 30 27 Ty
789 448 140 28 öfvergångar
944 449 32 21 till
987 456 37 15 an-

201 475 38 21 dra
262 475 143 23 bekännelser
422 477 133 22 förekomma
569 477 7 22 i
592 478 41 21 alla
647 477 38 22 fall
700 478 7 21 i
722 477 107 28 Ryssland
844 478 82 27 ganska
940 478 84 26 talrika,

199 503 56 22 huru
277 506 75 26 sträng
375 507 27 20 än
424 506 138 27 statskyrkan
581 507 38 21 der
634 513 63 15 anses
713 513 60 20 vara;
790 507 41 21 och
848 507 36 21 det
900 509 23 19 är
938 507 34 21 väl
987 507 37 21 be-

200 532 53 22 kant
275 535 33 20 att
329 534 103 28 miljoner,
453 547 29 3 —
504 541 48 16 man
575 535 80 22 räknar
673 535 33 22 till
727 537 24 19 11
771 535 97 28 miljoner
884 535 140 22 dissenters
1012 528 16 39 i

200 561 114 28 Ryssland,
335 575 28 4 —
378 564 81 21 sådana
475 563 118 28 affällingar
608 564 75 26 finnas,
701 565 68 21 ehuru
785 564 26 21 de
827 564 47 22 icke
890 567 36 19 äro
941 564 82 22 konsti-

200 591 90 22 tuerade
313 591 7 22 i
343 592 23 21 af
386 594 71 20 staten
474 594 65 26 öppet
554 593 96 22 erkända
664 593 85 28 kyrkor.
779 591 50 24 Men
846 593 62 22 desse
924 595 36 20 äro
976 593 48 22 icke

199 618 54 22 ifrån
270 620 26 21 de
316 621 123 28 egentligen
454 622 25 21 så
492 622 85 21 kallade
593 622 86 21 bildade
697 622 118 25 klasserna,
837 622 47 21 från
906 622 72 22 hvilka
992 622 31 22 öf-

199 648 118 28 vergångar
339 656 50 15 man
411 650 42 21 kan
476 653 53 24 säga
552 651 69 27 aldrig
639 650 143 23 förekommit.
812 651 50 22 Men
878 651 70 22 denna
962 650 61 28 fråga

198 676 39 22 har
259 678 24 20 så
306 678 52 22 liten
381 679 101 21 inverkan
504 679 29 27 på
556 680 47 26 den,
625 686 46 15 som
685 680 8 20 i
709 679 116 21 allmänhet
840 686 29 14 nu
884 680 139 27 sysselsätter

199 711 42 21 oss,
258 707 33 20 att
307 706 37 22 det
359 707 47 22 icke
421 708 112 22 meriterar
548 710 33 20 att
597 708 66 28 derpä
677 708 74 22 vidare
767 708 58 22 slösa
841 708 43 22 ord.

268 735 78 22 Grefve
363 736 158 28 Cronhjelm:
552 737 28 21 Af
594 744 27 14 en
637 738 51 20 ärad
704 737 68 21 talare
787 736 40 22 har
841 737 40 21 här
896 737 126 21 framhällits

198 763 129 27 religionens
343 765 111 27 betydelse
469 765 46 22 från
525 766 90 27 politisk
624 766 114 27 synpunkt,
748 771 45 16 som
802 766 220 27 sammanhbindnings-

199 792 93 22 element
307 793 34 21 för
356 794 26 21 de
398 794 97 22 enskilda
510 794 169 28 medborgarene
696 795 7 21 i
719 796 32 20 ett
761 795 165 21 statssamhälle.
947 795 76 21 Denna

198 820 128 28 religionens
342 822 111 28 betydelse
468 823 46 21 från
529 824 89 26 politisk
633 824 110 27 synpunkt
758 823 74 27 tyckes
848 824 43 26 mig
904 823 48 22 icke
970 830 52 15 vara

198 849 93 28 absolut,
313 853 54 19 utan
389 852 78 21 endast
485 852 83 26 relativ,
587 852 40 22 och
643 853 45 21 står
702 852 8 21 i
725 852 102 22 omvändt
842 852 132 22 förhållande
990 852 32 22 till

197 879 78 21 tvenne
294 879 102 27 faktorer,
417 880 106 28 nemligen
542 881 33 21 till
590 881 80 27 höjden
686 881 23 21 af
721 880 125 28 bildningen
861 881 40 21 och
916 881 106 27 mängden

197 906 23 22 af
233 907 27 21 de
276 908 71 22 skilda
361 909 165 27 nationaliteter,
543 916 47 15 som
606 912 37 19 äro
659 910 102 22 förenade
776 910 7 20 i
795 916 26 15 en
832 909 40 22 och
880 916 82 15 samma
970 912 50 19 stat.

196 936 45 26 Mig
259 936 144 24 förekommer
418 938 43 27 det,
478 944 46 16 som
540 945 35 15 om
591 939 128 27 religionens
736 938 158 28 ofvanantydda
909 938 113 28 betydelse

197 964 70 22 skulle
285 965 81 23 förlora
385 967 7 21 i
412 967 32 21 sin
464 967 50 27 vigt,
528 967 25 27 ju
569 967 67 27 högre
652 974 26 15 en
694 969 45 20 stat
754 968 45 20 står
814 968 7 20 i
836 967 187 22 kulturhistoriskt

197 993 108 28 afseende,
321 995 41 21 och
374 996 25 27 ju
414 1002 59 15 mera
487 996 125 27 bildningen
627 998 24 19 är
666 996 75 27 spridd
757 996 6 21 i
779 996 130 26 densamma,
928 998 57 19 samt
997 996 25 27 ju

195 1021 80 23 fastare
299 1023 40 22 och
362 1023 132 28 enhetligare
510 1025 49 21 dess
575 1025 137 21 nationalitet
728 1026 30 19 är.
789 1024 47 22 Och
850 1026 93 20 tvärtom
958 1031 62 21 synes

195 1050 44 27 mig
254 1051 42 22 den
311 1052 103 27 politiska
429 1053 125 28 betydelsen
571 1053 23 21 af
607 1053 118 27 religionen
740 1053 7 21 i
763 1059 26 15 en
805 1055 44 19 stat
866 1053 64 22 blifva
944 1055 76 25 större,

196 1085 35 16 om
251 1079 124 29 bildningen
395 1083 24 20 är
433 1082 36 27 låg
485 1082 39 21 och
541 1082 27 21 de
583 1082 70 21 skilda
668 1081 189 22 nationaliteterna
871 1083 150 26 representera

195 1114 27 15 en
237 1109 109 27 mångfald
360 1109 23 22 af
396 1110 23 21 åt
434 1111 42 21 alla
490 1110 45 21 håll
546 1110 138 27 centrifugalt
695 1110 123 22 sträfvande
828 1111 126 22 interessen.
970 1111 50 21 Till-

194 1137 83 27 lämpas
301 1138 71 22 denna
393 1141 46 20 sats
461 1139 28 27 på
506 1139 163 22 förhållandena
684 1139 7 22 i
706 1139 106 28 Ryssland
828 1139 40 22 och
883 1139 96 26 Finland,
996 1140 25 21 så

194 1171 25 16 se
241 1166 20 21 vi
284 1168 33 19 att
339 1167 27 22 de
387 1169 26 20 80
433 1168 97 27 miljoner
544 1168 129 22 innevånare
689 1168 32 21 till
737 1169 70 20 större
823 1168 63 21 delen
901 1169 35 20 stå
950 1168 28 27 på
994 1175 26 14 en

194 1194 83 27 ganska
299 1195 36 27 låg
357 1196 162 28 bildningsgrad
538 1197 41 21 och
595 1199 36 19 äro
647 1197 111 22 fördelade
772 1197 28 27 på
816 1203 26 16 en
857 1197 78 26 mängd
951 1197 69 21 skilda

193 1223 168 23 nationaliteter.
392 1225 27 21 Vi
442 1226 66 26 draga
531 1225 62 22 deraf
614 1226 41 21 den
677 1226 119 21 slutsatsen
815 1227 33 20 att
866 1225 32 22 för
912 1225 108 28 Ryssland

193 1251 202 29 religionsenheten,
405 1254 25 21 så
437 1254 63 27 länge
509 1255 60 21 detta
584 1253 132 23 förhållande
730 1253 81 27 fortfar,
827 1254 96 21 kommer
938 1256 32 19 att
985 1256 34 20 ut-

193 1281 53 26 göra
268 1281 49 22 icke
339 1282 56 21 blott
418 1283 37 21 det
472 1283 121 27 vigtigaste,
613 1284 51 20 utan
679 1283 8 21 i
701 1283 59 22 vissa
775 1283 83 22 trakter
872 1285 52 19 nära
939 1283 28 27 på
982 1283 37 21 det

193 1309 55 22 enda
270 1310 64 27 band,
356 1311 82 22 hvilket
460 1312 174 27 sammanknyter
651 1311 42 22 alla
711 1312 129 21 innevånare
855 1311 33 22 till
903 1318 26 15 en
945 1312 74 26 statlig

192 1337 71 22 enhet.
295 1339 42 21 För
355 1340 108 27 Ryssland
478 1340 62 22 torde
557 1340 42 22 den
613 1340 102 27 tidpunkt
731 1342 56 19 ännu
803 1346 52 16 vara
869 1341 84 26 ganska
966 1340 51 27 fjer-

191 1372 45 18 ran,
257 1368 33 20 att
309 1368 68 22 tänka
395 1368 34 27 sig
443 1375 27 15 en
484 1368 155 28 dissenterlags
654 1368 117 27 införande,
788 1369 72 21 såsom
876 1369 41 21 den
932 1368 86 27 förelig-

191 1395 76 26 gande.
298 1396 44 22 Det
362 1399 24 19 är
403 1396 34 22 för
451 1398 108 26 Ryssland
574 1397 48 22 icke
637 1398 84 27 möjligt
736 1399 33 19 att
783 1397 107 28 medgifva
906 1398 26 21 de
948 1397 70 22 skilda

191 1429 124 22 grupperna
334 1424 23 22 af
375 1425 56 22 olika
445 1426 161 22 nationaliteter
620 1426 105 27 rättighet
741 1428 32 19 att
788 1426 87 27 öfvergå
889 1425 47 22 från
952 1427 65 21 stats-

190 1452 120 27 religionen
329 1454 33 21 till
378 1454 67 22 andra
460 1454 202 28 religionssamfund
676 1455 57 21 huru
749 1454 26 23 de
791 1456 65 27 tycka
870 1455 41 21 och
925 1454 91 28 behaga,

191 1482 22 26 ty
236 1480 94 23 flertalet
353 1482 24 22 af
397 1483 64 22 dessa
484 1486 26 19 80
534 1484 98 28 miljoner
647 1486 37 20 äro
701 1486 57 19 ännu
773 1484 83 27 andligt
871 1490 91 20 omogna
976 1484 41 22 och

191 1508 70 24 tarfva
276 1510 86 24 således
378 1512 82 28 andligt
473 1512 183 29 förmynderskap.
686 1512 106 29 Tillämpa
805 1513 20 22 vi
837 1512 97 23 deremot
944 1512 72 23 ofvan-
