1109 1678
398 111 39 17 Den
456 109 24 18 12
496 111 107 19 December.
828 111 54 20 1299

152 172 50 21 Men
221 172 38 27 jag
281 171 84 22 fruktar
381 173 33 20 att
429 173 64 21 dessa
508 173 152 28 utläggningar
675 174 66 21 redan
756 176 103 20 uttröttat
874 175 37 20 det

84 200 115 27 höglofliga
223 201 98 21 ståndets
345 201 100 22 tålamod.
475 201 10 22 I
508 202 75 27 sjelfva
605 203 76 21 verket
698 205 36 19 äro
751 203 26 21 de
794 203 54 26 skäl,
865 209 46 15 som

84 229 72 22 kunna
171 229 84 22 anföras
272 231 58 20 emot
344 229 75 28 sjelfva
433 231 189 26 värnepligtsidén,
639 231 26 21 så
680 237 66 21 svaga
761 233 32 20 att
808 232 37 21 det
859 232 53 21 kan-

85 258 37 21 ske
144 259 49 21 icke
215 264 38 15 ens
276 258 56 22 varit
353 259 76 26 nödigt
451 260 33 20 att
506 259 24 21 så
549 259 98 27 utförligt
663 260 52 21 söka
731 260 109 27 gendrifva
856 261 55 20 dem.

84 287 71 27 Långt
177 287 104 27 vigtigare
305 289 24 19 är
351 289 53 19 utan
426 287 73 22 tvifvel
515 288 37 21 det
567 288 72 21 inkast
654 295 49 14 man
720 289 61 21 äfven
796 289 116 22 framställt

86 317 37 25 att,
140 322 34 15 om
190 316 67 21 också
272 316 241 27 värnepligtsprincipen
528 317 8 20 i
551 317 118 21 allmänhet
684 319 24 19 är
722 318 70 26 riktig,
805 318 41 21 den
857 317 55 22 dock

85 344 48 21 icke
156 344 55 22 låter
233 344 97 27 tillämpa
349 344 33 27 sig
396 344 7 21 i
418 344 49 22 vårt
481 344 57 27 land,
555 345 97 27 emedan,
670 352 33 15 om
719 352 48 15 man
783 346 41 21 kan
840 346 72 22 fordra

86 374 32 20 att
137 373 108 21 individen
261 372 109 28 uppoffrar
384 373 33 27 sig
432 372 33 23 för
480 373 39 21 sitt
533 374 57 26 land,
606 380 50 15 man
671 374 65 21 likväl
751 375 47 21 icke
813 375 42 21 kan
870 374 42 22 for-

87 402 39 20 dra
140 403 33 20 att
187 402 42 21 han
244 401 109 28 uppofirar
369 402 32 26 sig
415 401 34 22 för
464 402 66 21 andra
544 402 81 21 länder.
656 403 42 26 Jag
713 403 68 21 skulle
790 404 66 20 också
871 403 42 21 till-

87 430 64 27 lägga
164 430 61 21 detta
239 430 72 21 inkast
326 430 108 27 synnerlig
448 430 118 27 betydelse,
576 431 73 21 derest
657 431 47 22 icke
713 432 112 25 utskottet,
837 438 77 20 genom

88 459 41 21 den
151 458 139 27 formulering
306 459 37 21 det
357 459 60 26 gifvit
431 458 69 22 första
515 459 40 22 och
571 460 54 21 sista
639 459 126 28 paragrafen
781 461 7 20 i
803 460 110 27 förslaget,

86 487 56 22 hade
164 488 8 21 i
194 487 122 28 väsendtlig
338 488 49 21 mån
409 487 145 28 undanrödjat
569 489 67 26 sagda
652 487 152 28 betänklighet.
835 489 26 21 Vi
877 489 36 21 be-

87 515 64 23 höfva
170 523 26 14 en
219 516 65 27 armé,
309 516 39 21 och
372 516 42 21 den
429 516 25 21 så
469 516 74 27 duglig
559 523 46 15 som
621 517 93 27 möjligt;
731 517 19 22 vi
765 517 91 22 hehöfva
872 517 41 22 den

87 545 33 22 för
135 546 32 20 att
182 545 97 22 försvara
293 544 175 23 fäderneslandet
483 545 39 22 och
539 547 86 25 tronen;
641 547 21 20 vi
678 545 91 22 behöfva
785 547 40 20 den
833 546 33 22 för
874 548 38 24 att,

88 574 25 21 så
135 574 45 21 vidt
201 574 20 21 vi
243 573 69 22 förmå
334 574 43 26 det,
393 573 137 22 tillbakavisa
544 575 73 26 hvarje
633 574 64 22 anfall
713 581 45 15 som
773 575 67 21 riktas
857 576 57 20 emot

88 603 48 20 vårt
157 603 56 21 land.
244 602 27 21 Vi
286 605 37 19 äro
339 602 98 28 skyldiga
452 609 36 15 oss
505 603 76 27 sjelfva
595 605 34 19 att
643 603 72 22 såsom
730 603 69 22 fiende
814 604 100 21 betrakta

88 638 27 15 en
130 631 59 26 hvar,
205 637 46 16 som
267 631 85 22 ofredar
366 631 48 22 vårt
429 631 93 22 område.
552 632 42 21 Låt
608 639 52 15 vara
675 634 33 19 att
721 632 19 21 vi
757 633 62 20 kunna
828 632 86 22 inveck-

88 661 32 20 las
136 660 7 20 i
157 660 54 26 krig,
227 660 72 21 hvilka
314 659 64 22 hafva
393 660 38 20 sitt
446 666 107 21 ursprung
568 661 8 20 i
590 660 33 22 för
637 667 36 15 oss
689 661 132 21 främmande
836 661 78 21 intres-

89 695 48 20 sen;
154 688 61 22 detta
230 690 23 20 är
269 695 27 15 en
311 688 39 22 sak
365 694 46 16 som
426 688 48 22 icke
489 688 43 22 kan
547 689 89 27 hjelpas,
649 689 40 21 och
697 696 26 14 en
731 689 121 27 nödvändig
861 689 54 21 kon-

90 723 91 21 seqvens
196 716 23 22 af
231 717 39 22 vår
284 717 103 27 politiska
401 717 109 27 ställning,
527 718 41 21 den
583 718 102 26 ställning
700 724 45 15 som
760 718 100 21 Finlands
871 717 45 22 folk

90 747 123 26 accepterat
228 746 24 21 år
268 748 54 19 1809
339 752 77 20 genom
431 746 47 21 sina
493 748 175 25 representanter
683 747 7 20 i
705 746 78 27 Borgå.

159 774 32 22 En
207 774 53 22 ärad
275 774 68 22 talare
357 775 69 21 under
441 775 120 26 gårdagens
569 775 93 27 plenum,
671 775 50 21 herr
729 775 113 26 Snellman,
852 774 63 22 hvars

90 803 82 27 åsigter
184 804 37 26 jag
236 803 7 21 i
259 803 27 21 de
301 803 63 21 flesta
379 803 89 27 stycken
483 805 25 19 är
522 804 79 27 lycklig
617 805 32 19 att
663 804 72 21 kunna
751 804 53 26 dela,
820 803 96 21 uttalade

90 832 42 21 den
153 832 86 26 mening
255 834 32 19 att
302 832 48 21 vårt
364 832 51 21 land
429 831 51 27 föga
494 838 43 21 nog
552 832 55 22 skall
623 832 91 22 behöfva
729 832 72 22 frukta
815 832 64 21 anfall
895 831 23 21 af

90 861 67 21 andra
172 863 27 19 än
213 861 101 27 möjligen
329 860 22 22 af
365 860 104 27 engelska
483 860 80 27 flottor,
579 861 72 21 hvilka
666 861 71 21 kunna
752 861 61 27 härja
828 860 89 27 spridda

90 889 94 27 punkter
199 888 22 22 af
235 890 51 21 våra
300 890 85 26 kuster;
401 889 40 21 och
456 889 42 21 han
514 889 74 21 tillade
597 891 38 25 att,
645 890 66 26 enligt
726 890 52 21 hans
789 890 91 26 mening,
890 895 26 15 en

90 917 56 22 finsk
162 918 58 21 armé
235 918 47 22 icke
299 918 69 21 skulle
383 918 73 21 kunna
470 918 77 21 hindra
563 918 64 21 dessa
642 918 128 27 härjningar.
801 918 41 26 Jag
857 917 60 21 kani

92 947 70 21 denna
176 946 70 28 punkt
260 947 48 21 icke
323 947 54 27 hysa
392 946 87 22 alldeles
495 953 83 15 samma
593 946 148 28 öfvertygelse,
757 953 46 15 som
814 947 41 21 den
866 946 52 26 högt

92 975 64 21 ärade
179 975 89 21 talaren.
299 976 41 26 Jag
362 976 39 20 ber
418 974 22 22 få
455 975 70 21 erinra
541 976 73 20 derom
629 977 32 19 att
676 976 83 26 knappt
773 976 34 26 sju
822 976 24 20 år
860 974 56 22 hade

91 1003 91 22 förflutit
197 1004 54 21 efter
266 1003 176 26 Pariser-freden,
459 1009 47 16 som
521 1004 86 21 slutade
622 1006 32 19 ett
669 1004 53 26 krig,
739 1003 22 22 af
766 1004 82 21 hvilket
856 1002 61 21 äfven

91 1032 48 22 vårt
153 1032 51 21 land
219 1032 46 21 haft
280 1039 26 14 en
321 1032 48 21 icke
384 1032 61 26 ringa
459 1032 101 27 känning,
576 1032 64 21 innan
656 1033 89 20 Finland
760 1032 55 27 ånyo
825 1031 92 22 hotades

91 1061 49 21 med
162 1061 51 21 ödet
235 1062 32 20 att
289 1063 62 24 göras
374 1061 33 20 till
429 1061 193 27 krigsskådeplats.
653 1061 43 21 Det
718 1067 37 15 var
770 1061 24 20 år
812 1061 60 24 1863,
890 1059 28 21 då

91 1089 160 22 vestmakterna
267 1091 73 26 syntes
355 1089 96 22 beredda
465 1091 33 19 att
514 1089 65 27 åtaga
594 1089 33 27 sig
642 1089 77 22 Polens
737 1089 38 22 sak
791 1089 40 21 och
846 1087 72 27 kriget

92 1119 47 20 icke
161 1125 38 14 var
221 1118 96 27 aflägset.
347 1118 43 21 Det
405 1118 49 26 gick
471 1117 27 22 då
514 1119 32 20 ett
560 1118 61 27 rykte
637 1124 78 21 genom
731 1118 41 21 den
788 1116 130 27 europeiska

92 1153 96 20 pressen,
211 1148 34 20 att
267 1147 116 21 Frankrike
405 1153 38 15 var
457 1146 96 22 beslutet
569 1148 32 19 att
615 1146 33 22 för
663 1148 32 19 ett
711 1146 62 21 anfall
789 1146 28 27 på
833 1145 85 21 Peters-

92 1176 55 26 burg
169 1175 56 27 välja
239 1175 48 22 vårt
302 1176 50 21 land
367 1175 32 21 till
414 1176 110 21 närmaste
539 1175 183 27 angreppspunkt.
753 1175 43 21 Det
810 1173 108 26 förmäles,

92 1204 38 27 jag
148 1205 37 20 vet
199 1203 47 22 icke
261 1204 50 21 med
326 1204 85 21 hvilken
427 1203 52 27 grad
494 1203 23 21 af
530 1203 165 27 tillförlitlighet,
712 1205 32 19 att
758 1203 7 21 i
780 1202 88 22 franska
884 1208 36 20 ge-

94 1232 148 22 neralstabens
266 1233 58 20 arkiv
346 1232 95 21 förvaras
457 1238 26 15 en
499 1232 51 27 plan
565 1231 33 22 för
613 1233 32 20 ett
660 1232 83 27 möjligt
757 1231 101 22 framtida
871 1230 49 27 krig

95 1263 45 19 mot
162 1261 113 27 Ryssland,
299 1261 32 21 uti
348 1261 86 21 hvilken
447 1261 46 26 just
509 1261 89 20 Finland
613 1263 24 18 är
653 1260 73 21 utsedt
740 1260 33 21 till
788 1260 41 21 den
844 1259 75 26 punkt,

95 1291 46 20 mot
161 1289 87 22 hvilken
271 1289 88 22 anfallet
380 1289 76 21 främst
471 1289 55 21 skall
541 1289 74 21 riktas.
645 1288 56 22 Vare
717 1289 31 26 sig
763 1287 88 22 dermed
866 1287 55 20 huru

96 1324 46 15 som
156 1317 65 26 helst,
237 1318 57 21 klart
309 1320 24 19 är
349 1317 129 22 åtminstone
494 1319 34 19 att
542 1317 25 21 så
582 1317 63 26 länge
661 1317 118 27 Rysslands
789 1315 132 22 hufvudstad

95 1346 69 27 ligger
183 1346 58 21 invid
256 1346 101 22 Finlands
372 1348 64 24 gräns
453 1345 40 21 och
508 1344 133 28 geografiskt
656 1345 93 27 skyddas
765 1344 22 21 af
800 1343 49 22 vårt
863 1342 57 26 land,

97 1374 38 22 det
156 1374 49 22 icke
226 1374 70 28 ligger
317 1376 60 20 utom
399 1374 151 27 möjlighetens
570 1374 53 21 eller
637 1373 174 22 sannolikhetens
827 1371 95 25 område,

96 1404 34 20 att
152 1409 94 21 angrepp
269 1404 45 20 mot
335 1402 107 27 Ryssland
457 1402 73 21 kunna
544 1403 97 20 närmast
655 1402 68 21 riktas
738 1403 45 19 mot
799 1406 42 16 oss.
873 1399 51 33 Med

98 1433 32 19 ett
145 1432 44 26 ord,
206 1432 20 20 vi
241 1432 73 21 kunna
328 1430 47 22 icke
390 1437 52 15 vara
457 1430 65 22 säkra
538 1437 34 15 om
587 1432 33 20 att
635 1430 68 26 aldrig
717 1429 66 22 blifva
797 1429 83 21 utsatta
890 1427 33 21 för

98 1460 66 21 andra
180 1460 57 26 slags
252 1465 101 21 angrepp,
369 1460 28 20 än
413 1459 193 21 demonstrationer
620 1460 46 19 mot
679 1458 52 22 våra
745 1458 81 21 kuster.
858 1456 40 21 Om
907 1456 15 20 t.

98 1494 32 15 ex.
154 1494 27 16 en
202 1488 74 21 fransk
294 1486 57 22 armé
367 1486 119 28 landstiger
501 1487 45 26 här,
563 1486 33 22 för
611 1488 31 20 att
658 1486 121 22 marschera
793 1485 29 27 på
837 1484 86 21 Peters-

97 1516 61 26 burg,
175 1516 25 22 sä
215 1518 24 19 är
254 1517 37 21 det
305 1515 48 22 icke
368 1515 57 21 blott
440 1516 31 20 ett
485 1514 123 22 kustanfall.
640 1514 46 22 Och
703 1514 88 22 emedan
802 1512 64 22 alltså
876 1510 49 22 vårt

831 1548 23 18 23
