1109 1678
223 103 55 20 1232
505 105 40 18 Den
564 103 24 20 10
605 105 106 18 December.

191 167 148 28 värnepligten
354 168 42 21 kan
412 169 52 26 göra
480 168 43 27 det,
540 175 46 15 som
602 168 94 22 drabbar
710 169 45 21 lika
770 168 42 21 alla
827 168 193 22 samhällsklasser.

192 195 46 23 Och
261 197 55 21 dock
338 197 39 21 har
392 197 61 22 detta
467 197 49 22 icke
534 198 56 21 varit
603 197 70 22 fallet:
698 197 216 22 odalmannaståndet
928 197 71 26 njuter
1014 198 7 21 i

193 224 40 22 den
257 226 42 26 dag
321 232 46 15 som
389 228 24 19 är
428 232 82 15 samma
530 227 77 26 stadga
621 227 8 20 i
645 226 210 28 samhällsbyggnad,
872 233 45 14 som
934 226 33 26 då,
983 229 39 19 när

192 253 119 28 begreppet
333 255 193 21 odalmannastånd
548 255 102 27 uppstod.
680 255 43 21 Det
746 257 24 20 är
793 255 85 21 således
896 255 62 27 ingen
974 255 48 22 fara

192 281 33 22 för
239 283 159 27 värnepligtens
414 283 128 28 antagande.
559 295 28 4 —
603 284 79 21 Vidare
701 286 64 25 säger
784 285 145 25 reservanten,
948 283 29 27 på
992 284 29 21 si-

193 311 41 21 dan
251 313 32 24 95,
301 314 32 19 att
349 329 9 9 ,
362 312 149 28 skyldigheten
527 313 33 20 till
574 312 143 27 vapenöfning
733 313 40 21 och
788 313 126 27 krigstjenst
930 312 92 22 drabbar

192 340 48 21 icke
255 340 43 21 alla
313 340 49 27 lika,
378 341 138 27 hvarigenom
532 341 159 27 värnepligtens
714 348 69 15 sanna
805 341 35 21 idé
855 341 69 21 blifvit
939 341 25 21 så
980 341 41 21 åsi-

193 368 74 22 dosatt
282 371 33 19 att
331 370 39 21 den
387 370 122 26 föreslagna
531 370 162 27 rekryteringen
716 370 116 27 rätteligen
848 370 38 21 bör
908 370 112 24 betraktas

193 403 46 15 som
255 404 26 15 en
295 398 29 27 på
338 398 93 27 lottning
446 399 72 26 byggd
533 398 150 27 utskrifning*.
713 399 63 21 Hvad
785 399 46 21 fara
845 398 68 22 finnes
928 399 7 21 i
951 398 70 22 denna

192 425 107 28 lottning?
314 429 24 18 är
352 427 42 21 min
410 427 67 22 andra
491 427 68 27 fråga.
589 427 34 22 Då
639 427 19 22 vi
674 428 48 21 icke
733 427 73 22 kunna
820 427 64 22 ställa
900 434 42 21 upp
951 434 26 15 en
985 427 35 22 hel

192 455 96 22 årsklass
303 455 33 22 för
351 455 73 28 hvarje
439 456 30 25 år,
485 456 25 21 så
525 456 69 21 måste
607 456 24 27 ju
647 456 42 22 den
704 456 107 27 behöfliga
825 456 152 27 kontingenten
987 458 33 19 ut-

192 485 69 25 tagas.
292 484 47 21 Alla
354 491 46 15 som
415 485 28 27 gå
457 485 33 21 till
505 485 121 27 lottningen
642 487 37 20 äro
696 491 81 16 samma
791 485 45 21 risk
849 485 170 26 underkastade;

193 512 41 21 den
257 519 41 15 ena
319 513 97 22 inträder
430 514 7 21 i
453 513 58 22 aktiv
524 514 73 27 tjenst,
614 513 41 22 den
669 514 68 21 andra
753 514 97 27 deltager
864 514 28 27 på
908 516 32 19 ett
955 515 65 20 annat

192 543 45 19 sätt
259 542 7 21 i
288 543 290 26 värnepligtsskyldigheten,
601 549 49 15 men
666 543 43 22 alla
724 545 37 20 äro
777 543 50 26 lika,
844 543 39 21 och
899 543 119 26 lottningen

192 570 39 21 bör
246 570 48 22 icke
317 571 64 21 hafva
403 572 65 26 något
483 571 73 22 odiöst
573 572 48 21 med
637 571 39 28 sig.
695 583 23 4 —
736 571 113 27 Slutligen,
865 571 29 28 på
909 572 60 21 sidan
985 573 33 25 96,

192 605 64 15 anser
271 599 50 22 herr
337 599 135 28 Silfversvan,
489 602 33 19 att
532 600 45 27 fyra
584 601 120 26 bataljoner
713 601 69 21 skulle
790 607 52 14 vara
850 601 128 26 tillräckliga
986 599 32 22 för

192 628 180 28 garnisonstjenst
387 629 40 22 och
442 628 33 22 för
490 629 167 27 vapenöfningar
672 630 48 21 med
736 629 109 27 beväring.
875 629 59 22 Hvar
944 629 40 22 och
992 635 27 15 en

192 657 63 21 torde
269 657 54 25 inse,
339 659 33 19 att
387 658 25 20 så
427 658 77 26 många
519 658 120 27 bataljoner
654 659 66 20 redan
736 658 102 22 behöfvas
854 657 33 23 för
897 658 121 26 garnisons-

192 685 73 27 tjenst,
282 686 44 21 ifall
342 686 20 22 vi
377 686 48 22 icke
440 686 131 22 fortfarande
587 686 61 22 skola
662 687 45 21 låta
730 686 174 27 vakthållningen
919 687 34 21 vid
969 687 51 21 våra

193 713 110 28 offentliga
317 715 78 21 kassor
410 715 40 21 och
466 716 51 20 våra
530 715 109 27 fängelser
653 716 108 21 bestridas
778 715 22 22 af
819 715 131 22 främmande
966 716 53 20 mili-

192 744 40 20 tär.
262 743 63 22 Hvad
348 744 93 21 återstår
463 750 36 15 oss
523 744 27 21 då
569 744 33 22 för
617 744 142 27 beväringens
775 744 128 22 inöfvande?
931 744 42 27 Jag
987 744 31 21 in-

192 772 105 21 skränker
312 772 43 27 mig
370 772 32 22 till
418 773 27 21 de
460 773 171 27 anmärkningar,
645 773 38 27 jag
705 780 29 14 nu
757 772 47 22 haft
819 775 51 19 äran
885 772 33 22 för
933 773 87 21 ståndet

191 800 126 27 framställa,
334 802 40 20 och
390 803 45 19 tror
448 802 37 27 jag
501 803 33 20 att
549 802 70 21 denna
634 802 141 26 reservation,
792 808 34 15 om
842 802 66 21 också
917 802 41 21 den
966 808 52 21 upp-

192 829 74 21 träder
282 830 77 21 endast
373 830 7 21 i
395 830 53 22 form
472 830 22 21 af
515 830 66 27 några
596 831 139 27 synpunkter,
752 837 47 15 som
814 831 69 21 skulle
898 830 74 27 läggas
987 830 32 22 till

191 858 70 26 grund
277 858 32 22 för
325 861 32 19 ett
371 858 136 28 fullständigt
521 858 87 28 förslag,
625 859 55 21 dock
695 860 40 21 har
755 860 25 20 så
795 860 77 26 många
886 859 84 27 brister,
987 861 33 19 att

192 887 130 27 densamma,
346 888 103 26 börjande
472 888 49 21 med
537 890 32 19 ett
585 890 67 20 motto
670 905 9 9 ,
683 888 114 22 arbetaren
813 890 25 20 är
852 888 32 22 sin
899 888 36 21 lön
950 888 65 22 värd"

189 915 41 21 och
252 916 100 22 slutande
375 917 48 21 med
447 923 26 15 en
495 916 108 28 beväring,
623 923 27 15 en
665 917 138 26 landsstorm,
820 917 57 21 ända
891 916 33 22 till
940 919 27 19 40
983 918 35 21 års

191 944 67 27 ålder,
274 945 47 21 icke
337 945 42 21 kan
395 947 96 25 antagas.

258 974 98 21 Friherre
372 974 133 27 Hisinger:
535 974 57 22 Herr
610 974 107 22 Mechelin
737 974 46 27 har,
799 981 34 15 om
850 974 38 28 jag
902 975 50 21 hört
967 977 51 25 rätt,

188 1002 85 25 påstått
287 1004 33 19 att
334 1003 49 20 mitt
397 1002 85 27 förslag,
499 1009 33 15 om
548 1004 155 21 återställande
719 1003 24 22 af
758 1003 198 27 indelningsverket
965 1007 52 18 utan

188 1031 56 26 torp,
260 1031 8 20 i
283 1031 33 26 sig
331 1031 50 27 sjelf
394 1031 103 22 inpebure
513 1031 56 22 fröet
585 1032 31 21 till
633 1032 32 21 sin
689 1039 55 20 egen
759 1032 50 26 död,
834 1032 137 22 alldenstund
986 1033 33 21 in-

189 1059 176 27 delningsverket
387 1062 52 19 utan
462 1062 48 25 torp
533 1062 24 20 är
580 1067 26 15 en
622 1061 128 27 orimlighet.
781 1061 67 21 Detta
862 1061 106 22 bestrider
983 1062 36 27 jag

189 1087 111 22 bestämdt
322 1089 40 21 och
385 1089 98 21 förvånar
506 1089 42 27 mig
570 1089 113 27 högeligen
699 1090 60 21 öfver
773 1090 71 21 denna
859 1090 65 21 ärade
939 1091 79 21 talares

189 1116 150 27 obekantskap
354 1118 49 21 med
419 1120 32 19 ett
465 1118 7 21 i
488 1118 87 27 Sverige
591 1118 102 26 rädande,
705 1119 90 21 allmänt
802 1118 68 21 kändt
878 1118 140 27 förhällande,

189 1147 34 19 att
238 1147 60 20 rotar
320 1148 53 19 utan
397 1148 48 25 torp
461 1147 100 25 existera,
576 1147 7 21 i
599 1147 38 22 det
651 1149 32 19 att
699 1149 16 19 t.
732 1154 32 15 ex.
779 1147 51 22 hela
845 1147 175 27 Dalregementet

190 1173 41 22 och
247 1176 33 19 ett
295 1174 100 27 kompani
410 1175 23 21 af
446 1175 174 22 Westmanlands
641 1177 131 25 regemente,
795 1175 95 28 förlagdt
904 1176 57 21 inom
976 1177 43 21 Da-

189 1202 68 27 larne,
273 1203 67 27 aldrig
359 1203 46 21 haft
427 1205 59 20 rotar
508 1204 47 21 med
570 1206 57 25 torp;
644 1205 82 21 hvilket
742 1205 95 26 grundar
852 1205 33 26 sig
900 1205 28 26 pä
943 1205 75 27 Kongl.

189 1230 115 27 Majestäts
320 1232 79 26 nådiga
413 1232 124 27 förordning
552 1233 41 21 och
608 1233 133 27 reglemente
763 1233 79 22 mellan
858 1233 105 27 allmogen
979 1234 40 21 och

189 1259 128 22 soldaterna
339 1261 7 20 i
368 1261 152 26 Kopparbergs
542 1261 37 22 län
602 1261 23 22 af
642 1261 25 22 år
684 1264 54 19 1728
755 1261 10 28 $
782 1264 19 19 5.
831 1262 31 21 På
877 1263 68 25 grund
960 1262 62 21 häraf

189 1288 63 22 torde
268 1288 62 22 äfven
345 1289 50 22 herr
409 1289 107 22 Mechelin
531 1289 21 22 få
572 1290 108 27 medgifva
703 1292 32 20 att
758 1290 195 27 indelningsverket
968 1293 52 19 utan

189 1318 49 25 torp
254 1317 91 22 faktiskt
360 1318 110 26 existerat,
487 1319 104 21 existerar
607 1319 40 21 och
662 1319 43 21 kan
713 1319 100 25 existera,
823 1321 57 19 samt
889 1321 32 20 att
928 1320 92 21 sålunda

191 1351 26 15 en
233 1345 68 21 sådan
317 1346 147 26 organisation
480 1346 23 22 af
515 1347 107 21 militären
637 1347 48 22 icke
701 1350 24 19 är
742 1347 112 22 otänkbar.

259 1374 57 22 Herr
331 1374 173 23 Oker-Blom:
534 1376 62 22 Flere
611 1376 65 21 ärade
691 1376 76 26 talare,
784 1376 148 26 förnämligast
946 1376 74 22 herrar

190 1402 109 22 Mechelin
315 1403 40 21 och
371 1403 115 27 Snellman,
503 1404 64 22 hafva
581 1404 84 22 bemött
681 1405 26 21 de
722 1404 200 28 hufvudsakligaste
932 1405 88 21 invänd-

189 1430 84 28 ningar,
289 1438 46 14 som
350 1432 68 27 gjorts
434 1434 58 20 emot
507 1433 120 21 utskottets
642 1433 144 22 betänkande.
815 1434 43 26 Jag
872 1432 102 23 behöfver
986 1434 34 21 så-

189 1459 62 22 ledes
267 1460 48 21 icke
330 1466 59 16 mera
404 1461 74 21 anföra
493 1462 66 26 något
574 1462 7 21 i
596 1462 46 25 sak,
658 1464 54 20 utan
727 1462 98 22 anhåller
839 1462 57 21 blott
911 1463 32 20 att
953 1455 23 37 få
985 1462 35 22 be-

189 1489 60 21 möta
265 1489 67 27 några
346 1490 171 26 anmärkningar,
534 1496 46 16 som
595 1490 24 22 af
631 1490 89 22 friberre
736 1497 43 15 von
793 1491 58 22 Born
866 1490 69 22 blifvit
945 1491 75 27 gjorda

190 1519 59 19 emot
265 1518 119 22 utskottets
400 1525 29 15 nu
444 1518 33 22 till
491 1519 132 27 granskning
637 1519 148 28 föreliggande
800 1519 144 23 betänkande.
969 1520 51 22 Men
