<?xml version="1.0" encoding="UTF-8"?>
<alto xmlns="http://www.loc.gov/standards/alto/ns-v3#" xmlns:xlink="http://www.w3.org/1999/xlink" xmlns:xsi="http://www.w3.org/2001/XMLSchema-instance" xsi:schemaLocation="http://www.loc.gov/standards/alto/ns-v3# http://www.loc.gov/alto/v3/alto-3-0.xsd">
	<Description>
		<MeasurementUnit>pixel</MeasurementUnit>
		<sourceImageInformation>
			<fileName>/tmp/tess_h03k8hya_input.PNG</fileName>
		</sourceImageInformation>
		<OCRProcessing ID="OCR_0">
			<ocrProcessingStep>
				<processingSoftware>
					<softwareName>tesseract 5.3.4</softwareName>
				</processingSoftware>
			</ocrProcessingStep>
		</OCRProcessing>
	</Description>
	<Layout>
		<Page WIDTH="1109" HEIGHT="1678" PHYSICAL_IMG_NR="0" ID="page_0">
			<PrintSpace HPOS="0" VPOS="0" WIDTH="1109" HEIGHT="1678">
				<ComposedBlock ID="cblock_0" HPOS="405" VPOS="87" WIDTH="479" HEIGHT="20">
					<TextBlock ID="block_0" HPOS="405" VPOS="87" WIDTH="479" HEIGHT="20">
						<TextLine ID="line_0" HPOS="405" VPOS="87" WIDTH="479" HEIGHT="20">
							<String ID="string_0" HPOS="405" VPOS="89" WIDTH="39" HEIGHT="18" WC="0.96" CONTENT="Den"/><SP WIDTH="17" VPOS="89" HPOS="444"/>
							<String ID="string_1" HPOS="461" VPOS="87" WIDTH="10" HEIGHT="19" WC="0.92" CONTENT="7"/><SP WIDTH="18" VPOS="87" HPOS="471"/>
							<String ID="string_2" HPOS="489" VPOS="88" WIDTH="106" HEIGHT="19" WC="0.94" CONTENT="December."/><SP WIDTH="236" VPOS="88" HPOS="595"/>
							<String ID="string_3" HPOS="831" VPOS="87" WIDTH="53" HEIGHT="20" WC="0.95" CONTENT="1153"/>
						</TextLine>
					</TextBlock>
				</ComposedBlock>
				<ComposedBlock ID="cblock_1" HPOS="87" VPOS="151" WIDTH="829" HEIGHT="832">
					<TextBlock ID="block_1" HPOS="88" VPOS="151" WIDTH="828" HEIGHT="314">
						<TextLine ID="line_1" HPOS="89" VPOS="151" WIDTH="827" HEIGHT="29">
							<String ID="string_4" HPOS="89" VPOS="153" WIDTH="33" HEIGHT="20" WC="0.96" CONTENT="att"/><SP WIDTH="22" VPOS="153" HPOS="122"/>
							<String ID="string_5" HPOS="144" VPOS="151" WIDTH="45" HEIGHT="22" WC="0.96" CONTENT="låta"/><SP WIDTH="22" VPOS="151" HPOS="189"/>
							<String ID="string_6" HPOS="211" VPOS="152" WIDTH="74" HEIGHT="28" WC="0.93" CONTENT="hvarje"/><SP WIDTH="23" VPOS="152" HPOS="285"/>
							<String ID="string_7" HPOS="308" VPOS="151" WIDTH="167" HEIGHT="28" WC="0.92" CONTENT="önskningsmål,"/><SP WIDTH="19" VPOS="151" HPOS="475"/>
							<String ID="string_8" HPOS="494" VPOS="158" WIDTH="35" HEIGHT="15" WC="0.96" CONTENT="om"/><SP WIDTH="16" VPOS="158" HPOS="529"/>
							<String ID="string_9" HPOS="545" VPOS="152" WIDTH="38" HEIGHT="21" WC="0.97" CONTENT="det"/><SP WIDTH="15" VPOS="152" HPOS="583"/>
							<String ID="string_10" HPOS="598" VPOS="151" WIDTH="65" HEIGHT="22" WC="0.96" CONTENT="också"/><SP WIDTH="15" VPOS="151" HPOS="663"/>
							<String ID="string_11" HPOS="678" VPOS="152" WIDTH="49" HEIGHT="21" WC="0.96" CONTENT="med"/><SP WIDTH="16" VPOS="152" HPOS="727"/>
							<String ID="string_12" HPOS="743" VPOS="153" WIDTH="68" HEIGHT="20" WC="0.93" CONTENT="större"/><SP WIDTH="15" VPOS="153" HPOS="811"/>
							<String ID="string_13" HPOS="826" VPOS="151" WIDTH="90" HEIGHT="28" WC="0.90" CONTENT="liflighet"/>
						</TextLine>
						<TextLine ID="line_2" HPOS="89" VPOS="180" WIDTH="827" HEIGHT="27">
							<String ID="string_14" HPOS="89" VPOS="180" WIDTH="69" HEIGHT="21" WC="0.96" CONTENT="skulle"/><SP WIDTH="16" VPOS="180" HPOS="158"/>
							<String ID="string_15" HPOS="174" VPOS="181" WIDTH="117" HEIGHT="22" WC="0.96" CONTENT="framträda"/><SP WIDTH="15" VPOS="181" HPOS="291"/>
							<String ID="string_16" HPOS="306" VPOS="181" WIDTH="56" HEIGHT="21" WC="0.96" CONTENT="blott"/><SP WIDTH="14" VPOS="181" HPOS="362"/>
							<String ID="string_17" HPOS="376" VPOS="180" WIDTH="47" HEIGHT="21" WC="0.96" CONTENT="från"/><SP WIDTH="16" VPOS="180" HPOS="423"/>
							<String ID="string_18" HPOS="439" VPOS="183" WIDTH="32" HEIGHT="18" WC="0.96" CONTENT="ett"/><SP WIDTH="15" VPOS="183" HPOS="471"/>
							<String ID="string_19" HPOS="486" VPOS="181" WIDTH="49" HEIGHT="26" WC="0.96" CONTENT="håll,"/><SP WIDTH="15" VPOS="181" HPOS="535"/>
							<String ID="string_20" HPOS="550" VPOS="181" WIDTH="105" HEIGHT="26" WC="0.95" CONTENT="genomgå"/><SP WIDTH="16" VPOS="181" HPOS="655"/>
							<String ID="string_21" HPOS="671" VPOS="181" WIDTH="41" HEIGHT="20" WC="0.92" CONTENT="den"/><SP WIDTH="15" VPOS="181" HPOS="712"/>
							<String ID="string_22" HPOS="727" VPOS="180" WIDTH="123" HEIGHT="27" WC="0.91" CONTENT="pröfvande,"/><SP WIDTH="16" VPOS="180" HPOS="850"/>
							<String ID="string_23" HPOS="866" VPOS="180" WIDTH="50" HEIGHT="22" WC="0.91" CONTENT="soff-"/>
						</TextLine>
						<TextLine ID="line_3" HPOS="89" VPOS="209" WIDTH="826" HEIGHT="27">
							<String ID="string_24" HPOS="89" VPOS="209" WIDTH="66" HEIGHT="21" WC="0.95" CONTENT="rande"/><SP WIDTH="16" VPOS="209" HPOS="155"/>
							<String ID="string_25" HPOS="171" VPOS="209" WIDTH="136" HEIGHT="27" WC="0.96" CONTENT="behandling,"/><SP WIDTH="16" VPOS="209" HPOS="307"/>
							<String ID="string_26" HPOS="323" VPOS="215" WIDTH="46" HEIGHT="15" WC="0.97" CONTENT="som"/><SP WIDTH="16" VPOS="215" HPOS="369"/>
							<String ID="string_27" HPOS="385" VPOS="210" WIDTH="34" HEIGHT="21" WC="0.92" CONTENT="vid"/><SP WIDTH="15" VPOS="210" HPOS="419"/>
							<String ID="string_28" HPOS="434" VPOS="209" WIDTH="134" HEIGHT="26" WC="0.91" CONTENT="landtdagen"/><SP WIDTH="16" VPOS="209" HPOS="568"/>
							<String ID="string_29" HPOS="584" VPOS="210" WIDTH="59" HEIGHT="21" WC="0.96" CONTENT="såväl"/><SP WIDTH="11" VPOS="210" HPOS="643"/>
							<String ID="string_30" HPOS="654" VPOS="209" WIDTH="68" HEIGHT="22" WC="0.93" CONTENT="under"/><SP WIDTH="10" VPOS="209" HPOS="722"/>
							<String ID="string_31" HPOS="732" VPOS="209" WIDTH="183" HEIGHT="27" WC="0.91" CONTENT="förberedningen,"/>
						</TextLine>
						<TextLine ID="line_4" HPOS="89" VPOS="237" WIDTH="827" HEIGHT="28">
							<String ID="string_32" HPOS="89" VPOS="244" WIDTH="46" HEIGHT="15" WC="0.96" CONTENT="som"/><SP WIDTH="15" VPOS="244" HPOS="135"/>
							<String ID="string_33" HPOS="150" VPOS="238" WIDTH="36" HEIGHT="21" WC="0.93" CONTENT="vid"/><SP WIDTH="14" VPOS="238" HPOS="186"/>
							<String ID="string_34" HPOS="200" VPOS="239" WIDTH="110" HEIGHT="21" WC="0.91" CONTENT="beslutens"/><SP WIDTH="16" VPOS="239" HPOS="310"/>
							<String ID="string_35" HPOS="326" VPOS="237" WIDTH="97" HEIGHT="22" WC="0.96" CONTENT="fattande"/><SP WIDTH="16" VPOS="237" HPOS="423"/>
							<String ID="string_36" HPOS="439" VPOS="244" WIDTH="51" HEIGHT="21" WC="0.96" CONTENT="eger"/><SP WIDTH="15" VPOS="244" HPOS="490"/>
							<String ID="string_37" HPOS="505" VPOS="245" WIDTH="54" HEIGHT="14" WC="0.95" CONTENT="rum."/><SP WIDTH="31" VPOS="245" HPOS="559"/>
							<String ID="string_38" HPOS="590" VPOS="239" WIDTH="66" HEIGHT="20" WC="0.96" CONTENT="Detta"/><SP WIDTH="16" VPOS="239" HPOS="656"/>
							<String ID="string_39" HPOS="672" VPOS="238" WIDTH="78" HEIGHT="21" WC="0.96" CONTENT="ärende"/><SP WIDTH="15" VPOS="238" HPOS="750"/>
							<String ID="string_40" HPOS="765" VPOS="238" WIDTH="40" HEIGHT="21" WC="0.96" CONTENT="har"/><SP WIDTH="18" VPOS="238" HPOS="805"/>
							<String ID="string_41" HPOS="823" VPOS="237" WIDTH="45" HEIGHT="22" WC="0.96" CONTENT="haft"/><SP WIDTH="16" VPOS="237" HPOS="868"/>
							<String ID="string_42" HPOS="884" VPOS="240" WIDTH="32" HEIGHT="19" WC="0.96" CONTENT="ett"/>
						</TextLine>
						<TextLine ID="line_5" HPOS="89" VPOS="267" WIDTH="826" HEIGHT="27">
							<String ID="string_43" HPOS="89" VPOS="267" WIDTH="77" HEIGHT="21" WC="0.95" CONTENT="sådant"/><SP WIDTH="22" VPOS="267" HPOS="166"/>
							<String ID="string_44" HPOS="188" VPOS="267" WIDTH="93" HEIGHT="27" WC="0.96" CONTENT="förlopp;"/><SP WIDTH="24" VPOS="267" HPOS="281"/>
							<String ID="string_45" HPOS="305" VPOS="267" WIDTH="37" HEIGHT="21" WC="0.96" CONTENT="det"/><SP WIDTH="22" VPOS="267" HPOS="342"/>
							<String ID="string_46" HPOS="364" VPOS="267" WIDTH="39" HEIGHT="20" WC="0.96" CONTENT="har"/><SP WIDTH="23" VPOS="267" HPOS="403"/>
							<String ID="string_47" HPOS="426" VPOS="267" WIDTH="134" HEIGHT="26" WC="0.96" CONTENT="småningom"/><SP WIDTH="23" VPOS="267" HPOS="560"/>
							<String ID="string_48" HPOS="583" VPOS="267" WIDTH="68" HEIGHT="21" WC="0.94" CONTENT="under"/><SP WIDTH="16" VPOS="267" HPOS="651"/>
							<String ID="string_49" HPOS="667" VPOS="267" WIDTH="32" HEIGHT="21" WC="0.96" CONTENT="sin"/><SP WIDTH="15" VPOS="267" HPOS="699"/>
							<String ID="string_50" HPOS="714" VPOS="267" WIDTH="136" HEIGHT="26" WC="0.96" CONTENT="behandling,"/><SP WIDTH="16" VPOS="267" HPOS="850"/>
							<String ID="string_51" HPOS="866" VPOS="267" WIDTH="49" HEIGHT="21" WC="0.96" CONTENT="med"/>
						</TextLine>
						<TextLine ID="line_6" HPOS="89" VPOS="295" WIDTH="825" HEIGHT="28">
							<String ID="string_52" HPOS="89" VPOS="295" WIDTH="161" HEIGHT="22" WC="0.92" CONTENT="bortlemnande"/><SP WIDTH="15" VPOS="295" HPOS="250"/>
							<String ID="string_53" HPOS="265" VPOS="295" WIDTH="24" HEIGHT="22" WC="0.96" CONTENT="af"/><SP WIDTH="12" VPOS="295" HPOS="289"/>
							<String ID="string_54" HPOS="301" VPOS="295" WIDTH="108" HEIGHT="27" WC="0.95" CONTENT="åtskilliga"/><SP WIDTH="16" VPOS="295" HPOS="409"/>
							<String ID="string_55" HPOS="425" VPOS="296" WIDTH="97" HEIGHT="27" WC="0.96" CONTENT="detaljer,"/><SP WIDTH="10" VPOS="296" HPOS="522"/>
							<String ID="string_56" HPOS="532" VPOS="296" WIDTH="90" HEIGHT="21" WC="0.96" CONTENT="kommit"/><SP WIDTH="15" VPOS="296" HPOS="622"/>
							<String ID="string_57" HPOS="637" VPOS="297" WIDTH="32" HEIGHT="20" WC="0.96" CONTENT="att"/><SP WIDTH="15" VPOS="297" HPOS="669"/>
							<String ID="string_58" HPOS="684" VPOS="295" WIDTH="89" HEIGHT="22" WC="0.95" CONTENT="framstå"/><SP WIDTH="15" VPOS="295" HPOS="773"/>
							<String ID="string_59" HPOS="788" VPOS="296" WIDTH="6" HEIGHT="21" WC="0.95" CONTENT="i"/><SP WIDTH="17" VPOS="296" HPOS="794"/>
							<String ID="string_60" HPOS="811" VPOS="296" WIDTH="47" HEIGHT="21" WC="0.93" CONTENT="sina"/><SP WIDTH="10" VPOS="296" HPOS="858"/>
							<String ID="string_61" HPOS="868" VPOS="295" WIDTH="46" HEIGHT="22" WC="0.89" CONTENT="huf-"/>
						</TextLine>
						<TextLine ID="line_7" HPOS="88" VPOS="324" WIDTH="826" HEIGHT="27">
							<String ID="string_62" HPOS="88" VPOS="324" WIDTH="102" HEIGHT="27" WC="0.88" CONTENT="vuddrag."/><SP WIDTH="31" VPOS="324" HPOS="190"/>
							<String ID="string_63" HPOS="221" VPOS="325" WIDTH="71" HEIGHT="21" WC="0.92" CONTENT="Jemte"/><SP WIDTH="20" VPOS="325" HPOS="292"/>
							<String ID="string_64" HPOS="312" VPOS="325" WIDTH="37" HEIGHT="20" WC="0.96" CONTENT="det"/><SP WIDTH="19" VPOS="325" HPOS="349"/>
							<String ID="string_65" HPOS="368" VPOS="325" WIDTH="37" HEIGHT="26" WC="0.93" CONTENT="jag"/><SP WIDTH="22" VPOS="325" HPOS="405"/>
							<String ID="string_66" HPOS="427" VPOS="324" WIDTH="112" HEIGHT="22" WC="0.87" CONTENT="vidblifver"/><SP WIDTH="16" VPOS="324" HPOS="539"/>
							<String ID="string_67" HPOS="555" VPOS="325" WIDTH="48" HEIGHT="20" WC="0.96" CONTENT="mitt"/><SP WIDTH="15" VPOS="325" HPOS="603"/>
							<String ID="string_68" HPOS="618" VPOS="324" WIDTH="57" HEIGHT="21" WC="0.92" CONTENT="förra"/><SP WIDTH="16" VPOS="324" HPOS="675"/>
							<String ID="string_69" HPOS="691" VPOS="324" WIDTH="155" HEIGHT="27" WC="0.90" CONTENT="tillstyrkande,"/><SP WIDTH="17" VPOS="324" HPOS="846"/>
							<String ID="string_70" HPOS="863" VPOS="325" WIDTH="51" HEIGHT="20" WC="0.91" CONTENT="oak-"/>
						</TextLine>
						<TextLine ID="line_8" HPOS="89" VPOS="352" WIDTH="825" HEIGHT="27">
							<String ID="string_71" HPOS="89" VPOS="353" WIDTH="47" HEIGHT="21" WC="0.92" CONTENT="tadt"/><SP WIDTH="22" VPOS="353" HPOS="136"/>
							<String ID="string_72" HPOS="158" VPOS="354" WIDTH="27" HEIGHT="20" WC="0.95" CONTENT="de"/><SP WIDTH="23" VPOS="354" HPOS="185"/>
							<String ID="string_73" HPOS="208" VPOS="353" WIDTH="23" HEIGHT="21" WC="0.95" CONTENT="af"/><SP WIDTH="20" VPOS="353" HPOS="231"/>
							<String ID="string_74" HPOS="251" VPOS="352" WIDTH="88" HEIGHT="22" WC="0.95" CONTENT="friherre"/><SP WIDTH="19" VPOS="352" HPOS="339"/>
							<String ID="string_75" HPOS="358" VPOS="359" WIDTH="41" HEIGHT="15" WC="0.96" CONTENT="von"/><SP WIDTH="16" VPOS="359" HPOS="399"/>
							<String ID="string_76" HPOS="415" VPOS="353" WIDTH="57" HEIGHT="21" WC="0.93" CONTENT="Born"/><SP WIDTH="16" VPOS="353" HPOS="472"/>
							<String ID="string_77" HPOS="488" VPOS="352" WIDTH="145" HEIGHT="22" WC="0.91" CONTENT="framkastade"/><SP WIDTH="17" VPOS="352" HPOS="633"/>
							<String ID="string_78" HPOS="650" VPOS="353" WIDTH="112" HEIGHT="21" WC="0.92" CONTENT="eventuela"/><SP WIDTH="16" VPOS="353" HPOS="762"/>
							<String ID="string_79" HPOS="778" VPOS="355" WIDTH="94" HEIGHT="24" WC="0.92" CONTENT="utvägar,"/><SP WIDTH="18" VPOS="355" HPOS="872"/>
							<String ID="string_80" HPOS="890" VPOS="353" WIDTH="24" HEIGHT="21" WC="0.96" CONTENT="så"/>
						</TextLine>
						<TextLine ID="line_9" HPOS="88" VPOS="381" WIDTH="826" HEIGHT="27">
							<String ID="string_81" HPOS="88" VPOS="382" WIDTH="38" HEIGHT="20" WC="0.96" CONTENT="ber"/><SP WIDTH="14" VPOS="382" HPOS="126"/>
							<String ID="string_82" HPOS="140" VPOS="382" WIDTH="37" HEIGHT="26" WC="0.96" CONTENT="jag"/><SP WIDTH="16" VPOS="382" HPOS="177"/>
							<String ID="string_83" HPOS="193" VPOS="383" WIDTH="32" HEIGHT="19" WC="0.96" CONTENT="att"/><SP WIDTH="16" VPOS="383" HPOS="225"/>
							<String ID="string_84" HPOS="241" VPOS="384" WIDTH="56" HEIGHT="18" WC="0.96" CONTENT="ännu"/><SP WIDTH="16" VPOS="384" HPOS="297"/>
							<String ID="string_85" HPOS="313" VPOS="382" WIDTH="102" HEIGHT="20" WC="0.96" CONTENT="särskildt"/><SP WIDTH="15" VPOS="382" HPOS="415"/>
							<String ID="string_86" HPOS="430" VPOS="381" WIDTH="21" HEIGHT="21" WC="0.96" CONTENT="få"/><SP WIDTH="15" VPOS="381" HPOS="451"/>
							<String ID="string_87" HPOS="466" VPOS="382" WIDTH="86" HEIGHT="25" WC="0.96" CONTENT="betona,"/><SP WIDTH="17" VPOS="382" HPOS="552"/>
							<String ID="string_88" HPOS="569" VPOS="382" WIDTH="55" HEIGHT="21" WC="0.96" CONTENT="huru"/><SP WIDTH="20" VPOS="382" HPOS="624"/>
							<String ID="string_89" HPOS="644" VPOS="382" WIDTH="75" HEIGHT="26" WC="0.96" CONTENT="riktigt"/><SP WIDTH="22" VPOS="382" HPOS="719"/>
							<String ID="string_90" HPOS="741" VPOS="382" WIDTH="49" HEIGHT="21" WC="0.93" CONTENT="herr"/><SP WIDTH="20" VPOS="382" HPOS="790"/>
							<String ID="string_91" HPOS="810" VPOS="382" WIDTH="104" HEIGHT="26" WC="0.92" CONTENT="Björken-"/>
						</TextLine>
						<TextLine ID="line_10" HPOS="88" VPOS="409" WIDTH="826" HEIGHT="28">
							<String ID="string_92" HPOS="88" VPOS="409" WIDTH="68" HEIGHT="22" WC="0.92" CONTENT="heims"/><SP WIDTH="23" VPOS="409" HPOS="156"/>
							<String ID="string_93" HPOS="179" VPOS="409" WIDTH="156" HEIGHT="26" WC="0.93" CONTENT="framställning"/><SP WIDTH="23" VPOS="409" HPOS="335"/>
							<String ID="string_94" HPOS="358" VPOS="409" WIDTH="85" HEIGHT="28" WC="0.92" CONTENT="återgaf"/><SP WIDTH="18" VPOS="409" HPOS="443"/>
							<String ID="string_95" HPOS="461" VPOS="410" WIDTH="41" HEIGHT="21" WC="0.95" CONTENT="den"/><SP WIDTH="20" VPOS="410" HPOS="502"/>
							<String ID="string_96" HPOS="522" VPOS="410" WIDTH="108" HEIGHT="27" WC="0.95" CONTENT="ställning,"/><SP WIDTH="21" VPOS="410" HPOS="630"/>
							<String ID="string_97" HPOS="651" VPOS="416" WIDTH="48" HEIGHT="15" WC="0.96" CONTENT="man"/><SP WIDTH="16" VPOS="416" HPOS="699"/>
							<String ID="string_98" HPOS="715" VPOS="410" WIDTH="40" HEIGHT="21" WC="0.96" CONTENT="har"/><SP WIDTH="15" VPOS="410" HPOS="755"/>
							<String ID="string_99" HPOS="770" VPOS="412" WIDTH="32" HEIGHT="19" WC="0.93" CONTENT="att"/><SP WIDTH="15" VPOS="412" HPOS="802"/>
							<String ID="string_100" HPOS="817" VPOS="410" WIDTH="97" HEIGHT="27" WC="0.91" CONTENT="iakttaga"/>
						</TextLine>
						<TextLine ID="line_11" HPOS="88" VPOS="438" WIDTH="731" HEIGHT="27">
							<String ID="string_101" HPOS="88" VPOS="440" WIDTH="110" HEIGHT="25" WC="0.96" CONTENT="gentemot"/><SP WIDTH="15" VPOS="440" HPOS="198"/>
							<String ID="string_102" HPOS="213" VPOS="439" WIDTH="70" HEIGHT="21" WC="0.96" CONTENT="denna"/><SP WIDTH="14" VPOS="439" HPOS="283"/>
							<String ID="string_103" HPOS="297" VPOS="438" WIDTH="60" HEIGHT="27" WC="0.96" CONTENT="fråga"/><SP WIDTH="16" VPOS="438" HPOS="357"/>
							<String ID="string_104" HPOS="373" VPOS="438" WIDTH="54" HEIGHT="21" WC="0.96" CONTENT="efter"/><SP WIDTH="16" VPOS="438" HPOS="427"/>
							<String ID="string_105" HPOS="443" VPOS="438" WIDTH="27" HEIGHT="22" WC="0.96" CONTENT="de"/><SP WIDTH="16" VPOS="438" HPOS="470"/>
							<String ID="string_106" HPOS="486" VPOS="439" WIDTH="117" HEIGHT="26" WC="0.96" CONTENT="omgångar"/><SP WIDTH="16" VPOS="439" HPOS="603"/>
							<String ID="string_107" HPOS="619" VPOS="439" WIDTH="40" HEIGHT="21" WC="0.95" CONTENT="den"/><SP WIDTH="16" VPOS="439" HPOS="659"/>
							<String ID="string_108" HPOS="675" VPOS="439" WIDTH="76" HEIGHT="21" WC="0.95" CONTENT="hittills"/><SP WIDTH="15" VPOS="439" HPOS="751"/>
							<String ID="string_109" HPOS="766" VPOS="438" WIDTH="53" HEIGHT="22" WC="0.96" CONTENT="haft."/>
						</TextLine>
					</TextBlock>
					<TextBlock ID="block_2" HPOS="87" VPOS="467" WIDTH="827" HEIGHT="372">
						<TextLine ID="line_12" HPOS="156" VPOS="467" WIDTH="758" HEIGHT="28">
							<String ID="string_110" HPOS="156" VPOS="467" WIDTH="56" HEIGHT="22" WC="0.93" CONTENT="Herr"/><SP WIDTH="15" VPOS="467" HPOS="212"/>
							<String ID="string_111" HPOS="227" VPOS="467" WIDTH="194" HEIGHT="27" WC="0.92" CONTENT="Björkenheim,"/><SP WIDTH="17" VPOS="467" HPOS="421"/>
							<String ID="string_112" HPOS="438" VPOS="467" WIDTH="35" HEIGHT="22" WC="0.90" CONTENT="R.:"/><SP WIDTH="31" VPOS="467" HPOS="473"/>
							<String ID="string_113" HPOS="504" VPOS="468" WIDTH="42" HEIGHT="26" WC="0.96" CONTENT="Jag"/><SP WIDTH="17" VPOS="468" HPOS="546"/>
							<String ID="string_114" HPOS="563" VPOS="468" WIDTH="38" HEIGHT="21" WC="0.96" CONTENT="ber"/><SP WIDTH="15" VPOS="468" HPOS="601"/>
							<String ID="string_115" HPOS="616" VPOS="474" WIDTH="34" HEIGHT="15" WC="0.96" CONTENT="om"/><SP WIDTH="15" VPOS="474" HPOS="650"/>
							<String ID="string_116" HPOS="665" VPOS="467" WIDTH="77" HEIGHT="22" WC="0.96" CONTENT="ursäkt"/><SP WIDTH="18" VPOS="467" HPOS="742"/>
							<String ID="string_117" HPOS="760" VPOS="469" WIDTH="32" HEIGHT="20" WC="0.96" CONTENT="att"/><SP WIDTH="13" VPOS="469" HPOS="792"/>
							<String ID="string_118" HPOS="805" VPOS="468" WIDTH="37" HEIGHT="27" WC="0.96" CONTENT="jag"/><SP WIDTH="16" VPOS="468" HPOS="842"/>
							<String ID="string_119" HPOS="858" VPOS="469" WIDTH="56" HEIGHT="20" WC="0.96" CONTENT="ännu"/>
						</TextLine>
						<TextLine ID="line_13" HPOS="88" VPOS="496" WIDTH="825" HEIGHT="27">
							<String ID="string_120" HPOS="88" VPOS="503" WIDTH="25" HEIGHT="14" WC="0.96" CONTENT="en"/><SP WIDTH="17" VPOS="503" HPOS="113"/>
							<String ID="string_121" HPOS="130" VPOS="497" WIDTH="56" HEIGHT="26" WC="0.96" CONTENT="gång"/><SP WIDTH="16" VPOS="497" HPOS="186"/>
							<String ID="string_122" HPOS="202" VPOS="498" WIDTH="59" HEIGHT="25" WC="0.96" CONTENT="tager"/><SP WIDTH="16" VPOS="498" HPOS="261"/>
							<String ID="string_123" HPOS="277" VPOS="496" WIDTH="32" HEIGHT="21" WC="0.96" CONTENT="till"/><SP WIDTH="16" VPOS="496" HPOS="309"/>
							<String ID="string_124" HPOS="325" VPOS="496" WIDTH="62" HEIGHT="21" WC="0.96" CONTENT="ordet"/><SP WIDTH="15" VPOS="496" HPOS="387"/>
							<String ID="string_125" HPOS="402" VPOS="496" WIDTH="6" HEIGHT="21" WC="0.96" CONTENT="i"/><SP WIDTH="17" VPOS="496" HPOS="408"/>
							<String ID="string_126" HPOS="425" VPOS="496" WIDTH="70" HEIGHT="21" WC="0.96" CONTENT="denna"/><SP WIDTH="15" VPOS="496" HPOS="495"/>
							<String ID="string_127" HPOS="510" VPOS="497" WIDTH="47" HEIGHT="20" WC="0.96" CONTENT="sak."/><SP WIDTH="30" VPOS="497" HPOS="557"/>
							<String ID="string_128" HPOS="587" VPOS="497" WIDTH="98" HEIGHT="20" WC="0.95" CONTENT="Friherre"/><SP WIDTH="19" VPOS="497" HPOS="685"/>
							<String ID="string_129" HPOS="704" VPOS="503" WIDTH="40" HEIGHT="15" WC="0.96" CONTENT="von"/><SP WIDTH="21" VPOS="503" HPOS="744"/>
							<String ID="string_130" HPOS="765" VPOS="497" WIDTH="56" HEIGHT="20" WC="0.93" CONTENT="Born"/><SP WIDTH="19" VPOS="497" HPOS="821"/>
							<String ID="string_131" HPOS="840" VPOS="497" WIDTH="73" HEIGHT="20" WC="0.92" CONTENT="hänvi-"/>
						</TextLine>
						<TextLine ID="line_14" HPOS="88" VPOS="525" WIDTH="825" HEIGHT="27">
							<String ID="string_132" HPOS="88" VPOS="525" WIDTH="51" HEIGHT="21" WC="0.96" CONTENT="sade"/><SP WIDTH="15" VPOS="525" HPOS="139"/>
							<String ID="string_133" HPOS="154" VPOS="525" WIDTH="29" HEIGHT="27" WC="0.96" CONTENT="på"/><SP WIDTH="16" VPOS="525" HPOS="183"/>
							<String ID="string_134" HPOS="199" VPOS="525" WIDTH="137" HEIGHT="27" WC="0.95" CONTENT="möjligheten"/><SP WIDTH="17" VPOS="525" HPOS="336"/>
							<String ID="string_135" HPOS="353" VPOS="527" WIDTH="32" HEIGHT="19" WC="0.96" CONTENT="att"/><SP WIDTH="16" VPOS="527" HPOS="385"/>
							<String ID="string_136" HPOS="401" VPOS="525" WIDTH="21" HEIGHT="21" WC="0.95" CONTENT="af"/><SP WIDTH="15" VPOS="525" HPOS="422"/>
							<String ID="string_137" HPOS="437" VPOS="525" WIDTH="71" HEIGHT="21" WC="0.96" CONTENT="denna"/><SP WIDTH="15" VPOS="525" HPOS="508"/>
							<String ID="string_138" HPOS="523" VPOS="525" WIDTH="92" HEIGHT="27" WC="0.96" CONTENT="petition"/><SP WIDTH="15" VPOS="525" HPOS="615"/>
							<String ID="string_139" HPOS="630" VPOS="527" WIDTH="52" HEIGHT="25" WC="0.96" CONTENT="göra"/><SP WIDTH="16" VPOS="527" HPOS="682"/>
							<String ID="string_140" HPOS="698" VPOS="531" WIDTH="25" HEIGHT="15" WC="0.96" CONTENT="en"/><SP WIDTH="16" VPOS="531" HPOS="723"/>
							<String ID="string_141" HPOS="739" VPOS="526" WIDTH="36" HEIGHT="21" WC="0.93" CONTENT="två"/><SP WIDTH="16" VPOS="526" HPOS="775"/>
							<String ID="string_142" HPOS="791" VPOS="525" WIDTH="74" HEIGHT="21" WC="0.92" CONTENT="stånds"/><SP WIDTH="11" VPOS="525" HPOS="865"/>
							<String ID="string_143" HPOS="876" VPOS="531" WIDTH="37" HEIGHT="21" WC="0.92" CONTENT="pe-"/>
						</TextLine>
						<TextLine ID="line_15" HPOS="88" VPOS="554" WIDTH="824" HEIGHT="27">
							<String ID="string_144" HPOS="88" VPOS="554" WIDTH="50" HEIGHT="21" WC="0.94" CONTENT="tion."/><SP WIDTH="31" VPOS="554" HPOS="138"/>
							<String ID="string_145" HPOS="169" VPOS="554" WIDTH="56" HEIGHT="21" WC="0.92" CONTENT="Herr"/><SP WIDTH="16" VPOS="554" HPOS="225"/>
							<String ID="string_146" HPOS="241" VPOS="554" WIDTH="105" HEIGHT="21" WC="0.91" CONTENT="Mechelin"/><SP WIDTH="22" VPOS="554" HPOS="346"/>
							<String ID="string_147" HPOS="368" VPOS="554" WIDTH="40" HEIGHT="21" WC="0.96" CONTENT="har"/><SP WIDTH="22" VPOS="554" HPOS="408"/>
							<String ID="string_148" HPOS="430" VPOS="554" WIDTH="66" HEIGHT="21" WC="0.96" CONTENT="redan"/><SP WIDTH="15" VPOS="554" HPOS="496"/>
							<String ID="string_149" HPOS="511" VPOS="554" WIDTH="7" HEIGHT="21" WC="0.96" CONTENT="i"/><SP WIDTH="16" VPOS="554" HPOS="518"/>
							<String ID="string_150" HPOS="534" VPOS="554" WIDTH="78" HEIGHT="26" WC="0.96" CONTENT="många"/><SP WIDTH="15" VPOS="554" HPOS="612"/>
							<String ID="string_151" HPOS="627" VPOS="554" WIDTH="89" HEIGHT="27" WC="0.96" CONTENT="stycken"/><SP WIDTH="16" VPOS="554" HPOS="716"/>
							<String ID="string_152" HPOS="732" VPOS="554" WIDTH="99" HEIGHT="21" WC="0.96" CONTENT="besvarat"/><SP WIDTH="15" VPOS="554" HPOS="831"/>
							<String ID="string_153" HPOS="846" VPOS="554" WIDTH="66" HEIGHT="21" WC="0.96" CONTENT="detta."/>
						</TextLine>
						<TextLine ID="line_16" HPOS="87" VPOS="582" WIDTH="826" HEIGHT="27">
							<String ID="string_154" HPOS="87" VPOS="583" WIDTH="41" HEIGHT="26" WC="0.95" CONTENT="Jag"/><SP WIDTH="16" VPOS="583" HPOS="128"/>
							<String ID="string_155" HPOS="144" VPOS="583" WIDTH="37" HEIGHT="20" WC="0.95" CONTENT="vill"/><SP WIDTH="16" VPOS="583" HPOS="181"/>
							<String ID="string_156" HPOS="197" VPOS="583" WIDTH="55" HEIGHT="20" WC="0.96" CONTENT="dock"/><SP WIDTH="15" VPOS="583" HPOS="252"/>
							<String ID="string_157" HPOS="267" VPOS="582" WIDTH="112" HEIGHT="21" WC="0.96" CONTENT="framhålla"/><SP WIDTH="16" VPOS="582" HPOS="379"/>
							<String ID="string_158" HPOS="395" VPOS="584" WIDTH="31" HEIGHT="19" WC="0.96" CONTENT="ett"/><SP WIDTH="15" VPOS="584" HPOS="426"/>
							<String ID="string_159" HPOS="441" VPOS="583" WIDTH="53" HEIGHT="20" WC="0.93" CONTENT="skäl."/><SP WIDTH="31" VPOS="583" HPOS="494"/>
							<String ID="string_160" HPOS="525" VPOS="583" WIDTH="44" HEIGHT="21" WC="0.96" CONTENT="Det"/><SP WIDTH="16" VPOS="583" HPOS="569"/>
							<String ID="string_161" HPOS="585" VPOS="583" WIDTH="142" HEIGHT="26" WC="0.96" CONTENT="betänkande,"/><SP WIDTH="22" VPOS="583" HPOS="727"/>
							<String ID="string_162" HPOS="749" VPOS="589" WIDTH="45" HEIGHT="15" WC="0.96" CONTENT="som"/><SP WIDTH="20" VPOS="589" HPOS="794"/>
							<String ID="string_163" HPOS="814" VPOS="589" WIDTH="29" HEIGHT="15" WC="0.92" CONTENT="nu"/><SP WIDTH="15" VPOS="589" HPOS="843"/>
							<String ID="string_164" HPOS="858" VPOS="583" WIDTH="55" HEIGHT="21" WC="0.91" CONTENT="före-"/>
						</TextLine>
						<TextLine ID="line_17" HPOS="87" VPOS="611" WIDTH="826" HEIGHT="27">
							<String ID="string_165" HPOS="87" VPOS="611" WIDTH="75" HEIGHT="27" WC="0.96" CONTENT="ligger,"/><SP WIDTH="17" VPOS="611" HPOS="162"/>
							<String ID="string_166" HPOS="179" VPOS="613" WIDTH="24" HEIGHT="19" WC="0.96" CONTENT="är"/><SP WIDTH="15" VPOS="613" HPOS="203"/>
							<String ID="string_167" HPOS="218" VPOS="613" WIDTH="32" HEIGHT="19" WC="0.96" CONTENT="ett"/><SP WIDTH="14" VPOS="613" HPOS="250"/>
							<String ID="string_168" HPOS="264" VPOS="611" WIDTH="137" HEIGHT="21" WC="0.96" CONTENT="betänkande"/><SP WIDTH="15" VPOS="611" HPOS="401"/>
							<String ID="string_169" HPOS="416" VPOS="611" WIDTH="48" HEIGHT="21" WC="0.96" CONTENT="utaf"/><SP WIDTH="14" VPOS="611" HPOS="464"/>
							<String ID="string_170" HPOS="478" VPOS="613" WIDTH="32" HEIGHT="20" WC="0.96" CONTENT="ett"/><SP WIDTH="11" VPOS="613" HPOS="510"/>
							<String ID="string_171" HPOS="521" VPOS="611" WIDTH="23" HEIGHT="22" WC="0.96" CONTENT="af"/><SP WIDTH="14" VPOS="611" HPOS="544"/>
							<String ID="string_172" HPOS="558" VPOS="612" WIDTH="116" HEIGHT="21" WC="0.96" CONTENT="ständerna"/><SP WIDTH="15" VPOS="612" HPOS="674"/>
							<String ID="string_173" HPOS="689" VPOS="611" WIDTH="78" HEIGHT="22" WC="0.96" CONTENT="tillsatt"/><SP WIDTH="15" VPOS="611" HPOS="767"/>
							<String ID="string_174" HPOS="782" VPOS="612" WIDTH="87" HEIGHT="21" WC="0.93" CONTENT="allmänt"/><SP WIDTH="11" VPOS="612" HPOS="869"/>
							<String ID="string_175" HPOS="880" VPOS="613" WIDTH="33" HEIGHT="20" WC="0.92" CONTENT="ut-"/>
						</TextLine>
						<TextLine ID="line_18" HPOS="88" VPOS="639" WIDTH="825" HEIGHT="28">
							<String ID="string_176" HPOS="88" VPOS="640" WIDTH="65" HEIGHT="21" WC="0.95" CONTENT="skott."/><SP WIDTH="31" VPOS="640" HPOS="153"/>
							<String ID="string_177" HPOS="184" VPOS="640" WIDTH="42" HEIGHT="21" WC="0.95" CONTENT="Det"/><SP WIDTH="15" VPOS="640" HPOS="226"/>
							<String ID="string_178" HPOS="241" VPOS="646" WIDTH="50" HEIGHT="15" WC="0.95" CONTENT="vore"/><SP WIDTH="16" VPOS="646" HPOS="291"/>
							<String ID="string_179" HPOS="307" VPOS="640" WIDTH="66" HEIGHT="27" WC="0.95" CONTENT="enligt"/><SP WIDTH="16" VPOS="640" HPOS="373"/>
							<String ID="string_180" HPOS="389" VPOS="640" WIDTH="43" HEIGHT="21" WC="0.93" CONTENT="min"/><SP WIDTH="15" VPOS="640" HPOS="432"/>
							<String ID="string_181" HPOS="447" VPOS="640" WIDTH="57" HEIGHT="27" WC="0.91" CONTENT="åsigt"/><SP WIDTH="14" VPOS="640" HPOS="504"/>
							<String ID="string_182" HPOS="518" VPOS="640" WIDTH="51" HEIGHT="27" WC="0.96" CONTENT="föga"/><SP WIDTH="15" VPOS="640" HPOS="569"/>
							<String ID="string_183" HPOS="584" VPOS="639" WIDTH="100" HEIGHT="28" WC="0.96" CONTENT="förenligt"/><SP WIDTH="15" VPOS="639" HPOS="684"/>
							<String ID="string_184" HPOS="699" VPOS="641" WIDTH="48" HEIGHT="20" WC="0.96" CONTENT="med"/><SP WIDTH="16" VPOS="641" HPOS="747"/>
							<String ID="string_185" HPOS="763" VPOS="641" WIDTH="40" HEIGHT="20" WC="0.93" CONTENT="den"/><SP WIDTH="14" VPOS="641" HPOS="803"/>
							<String ID="string_186" HPOS="817" VPOS="640" WIDTH="96" HEIGHT="21" WC="0.92" CONTENT="humani-"/>
						</TextLine>
						<TextLine ID="line_19" HPOS="87" VPOS="669" WIDTH="825" HEIGHT="26">
							<String ID="string_187" HPOS="87" VPOS="671" WIDTH="38" HEIGHT="23" WC="0.96" CONTENT="tet,"/><SP WIDTH="17" VPOS="671" HPOS="125"/>
							<String ID="string_188" HPOS="142" VPOS="669" WIDTH="41" HEIGHT="20" WC="0.95" CONTENT="den"/><SP WIDTH="16" VPOS="669" HPOS="183"/>
							<String ID="string_189" HPOS="199" VPOS="669" WIDTH="100" HEIGHT="25" WC="0.96" CONTENT="tolerans,"/><SP WIDTH="17" VPOS="669" HPOS="299"/>
							<String ID="string_190" HPOS="316" VPOS="674" WIDTH="46" HEIGHT="15" WC="0.96" CONTENT="som"/><SP WIDTH="15" VPOS="674" HPOS="362"/>
							<String ID="string_191" HPOS="377" VPOS="669" WIDTH="6" HEIGHT="20" WC="0.96" CONTENT="i"/><SP WIDTH="17" VPOS="669" HPOS="383"/>
							<String ID="string_192" HPOS="400" VPOS="669" WIDTH="117" HEIGHT="21" WC="0.96" CONTENT="allmänhet"/><SP WIDTH="15" VPOS="669" HPOS="517"/>
							<String ID="string_193" HPOS="532" VPOS="669" WIDTH="96" HEIGHT="21" WC="0.96" CONTENT="utmärkt"/><SP WIDTH="21" VPOS="669" HPOS="628"/>
							<String ID="string_194" HPOS="649" VPOS="669" WIDTH="60" HEIGHT="21" WC="0.96" CONTENT="detta"/><SP WIDTH="18" VPOS="669" HPOS="709"/>
							<String ID="string_195" HPOS="727" VPOS="669" WIDTH="69" HEIGHT="26" WC="0.96" CONTENT="stånd,"/><SP WIDTH="19" VPOS="669" HPOS="796"/>
							<String ID="string_196" HPOS="815" VPOS="675" WIDTH="34" HEIGHT="15" WC="0.96" CONTENT="om"/><SP WIDTH="15" VPOS="675" HPOS="849"/>
							<String ID="string_197" HPOS="864" VPOS="675" WIDTH="48" HEIGHT="15" WC="0.96" CONTENT="man"/>
						</TextLine>
						<TextLine ID="line_20" HPOS="87" VPOS="696" WIDTH="826" HEIGHT="30">
							<String ID="string_198" HPOS="87" VPOS="697" WIDTH="6" HEIGHT="21" WC="0.96" CONTENT="i"/><SP WIDTH="15" VPOS="697" HPOS="93"/>
							<String ID="string_199" HPOS="108" VPOS="697" WIDTH="114" HEIGHT="21" WC="0.96" CONTENT="framtiden"/><SP WIDTH="17" VPOS="697" HPOS="222"/>
							<String ID="string_200" HPOS="239" VPOS="697" WIDTH="69" HEIGHT="21" WC="0.96" CONTENT="skulle"/><SP WIDTH="15" VPOS="697" HPOS="308"/>
							<String ID="string_201" HPOS="323" VPOS="696" WIDTH="57" HEIGHT="30" WC="0.96" CONTENT="finna"/><SP WIDTH="15" VPOS="696" HPOS="380"/>
							<String ID="string_202" HPOS="395" VPOS="699" WIDTH="33" HEIGHT="19" WC="0.96" CONTENT="att"/><SP WIDTH="15" VPOS="699" HPOS="428"/>
							<String ID="string_203" HPOS="443" VPOS="698" WIDTH="118" HEIGHT="20" WC="0.96" CONTENT="ständerna"/><SP WIDTH="15" VPOS="698" HPOS="561"/>
							<String ID="string_204" HPOS="576" VPOS="698" WIDTH="93" HEIGHT="26" WC="0.96" CONTENT="vägrade"/><SP WIDTH="16" VPOS="698" HPOS="669"/>
							<String ID="string_205" HPOS="685" VPOS="698" WIDTH="33" HEIGHT="20" WC="0.96" CONTENT="sin"/><SP WIDTH="19" VPOS="698" HPOS="718"/>
							<String ID="string_206" HPOS="737" VPOS="697" WIDTH="128" HEIGHT="22" WC="0.96" CONTENT="medverkan"/><SP WIDTH="16" VPOS="697" HPOS="865"/>
							<String ID="string_207" HPOS="881" VPOS="697" WIDTH="32" HEIGHT="21" WC="0.96" CONTENT="till"/>
						</TextLine>
						<TextLine ID="line_21" HPOS="88" VPOS="725" WIDTH="824" HEIGHT="27">
							<String ID="string_208" HPOS="88" VPOS="732" WIDTH="25" HEIGHT="15" WC="0.96" CONTENT="en"/><SP WIDTH="15" VPOS="732" HPOS="113"/>
							<String ID="string_209" HPOS="128" VPOS="726" WIDTH="92" HEIGHT="26" WC="0.95" CONTENT="petition"/><SP WIDTH="16" VPOS="726" HPOS="220"/>
							<String ID="string_210" HPOS="236" VPOS="725" WIDTH="22" HEIGHT="22" WC="0.96" CONTENT="af"/><SP WIDTH="14" VPOS="725" HPOS="258"/>
							<String ID="string_211" HPOS="272" VPOS="726" WIDTH="37" HEIGHT="21" WC="0.96" CONTENT="det"/><SP WIDTH="10" VPOS="726" HPOS="309"/>
							<String ID="string_212" HPOS="319" VPOS="726" WIDTH="52" HEIGHT="26" WC="0.96" CONTENT="slag,"/><SP WIDTH="17" VPOS="726" HPOS="371"/>
							<String ID="string_213" HPOS="388" VPOS="732" WIDTH="46" HEIGHT="15" WC="0.96" CONTENT="som"/><SP WIDTH="15" VPOS="732" HPOS="434"/>
							<String ID="string_214" HPOS="449" VPOS="726" WIDTH="7" HEIGHT="21" WC="0.95" CONTENT="i"/><SP WIDTH="16" VPOS="726" HPOS="456"/>
							<String ID="string_215" HPOS="472" VPOS="726" WIDTH="60" HEIGHT="21" WC="0.96" CONTENT="detta"/><SP WIDTH="16" VPOS="726" HPOS="532"/>
							<String ID="string_216" HPOS="548" VPOS="726" WIDTH="137" HEIGHT="22" WC="0.96" CONTENT="betänkande"/><SP WIDTH="10" VPOS="726" HPOS="685"/>
							<String ID="string_217" HPOS="695" VPOS="726" WIDTH="104" HEIGHT="26" WC="0.96" CONTENT="förordas,"/><SP WIDTH="12" VPOS="726" HPOS="799"/>
							<String ID="string_218" HPOS="811" VPOS="732" WIDTH="35" HEIGHT="16" WC="0.92" CONTENT="om"/><SP WIDTH="8" VPOS="732" HPOS="846"/>
							<String ID="string_219" HPOS="854" VPOS="728" WIDTH="58" HEIGHT="19" WC="0.92" CONTENT="stän-"/>
						</TextLine>
						<TextLine ID="line_22" HPOS="89" VPOS="754" WIDTH="823" HEIGHT="28">
							<String ID="string_220" HPOS="89" VPOS="754" WIDTH="65" HEIGHT="22" WC="0.96" CONTENT="derna"/><SP WIDTH="16" VPOS="754" HPOS="154"/>
							<String ID="string_221" HPOS="170" VPOS="755" WIDTH="91" HEIGHT="21" WC="0.96" CONTENT="sålunda"/><SP WIDTH="13" VPOS="755" HPOS="261"/>
							<String ID="string_222" HPOS="274" VPOS="756" WIDTH="66" HEIGHT="25" WC="0.96" CONTENT="vägra"/><SP WIDTH="16" VPOS="756" HPOS="340"/>
							<String ID="string_223" HPOS="356" VPOS="756" WIDTH="31" HEIGHT="20" WC="0.96" CONTENT="att"/><SP WIDTH="16" VPOS="756" HPOS="387"/>
							<String ID="string_224" HPOS="403" VPOS="754" WIDTH="115" HEIGHT="22" WC="0.94" CONTENT="medverka"/><SP WIDTH="20" VPOS="754" HPOS="518"/>
							<String ID="string_225" HPOS="538" VPOS="755" WIDTH="32" HEIGHT="21" WC="0.93" CONTENT="till"/><SP WIDTH="21" VPOS="755" HPOS="570"/>
							<String ID="string_226" HPOS="591" VPOS="754" WIDTH="148" HEIGHT="28" WC="0.92" CONTENT="uppfyllandet"/><SP WIDTH="18" VPOS="754" HPOS="739"/>
							<String ID="string_227" HPOS="757" VPOS="754" WIDTH="22" HEIGHT="22" WC="0.96" CONTENT="af"/><SP WIDTH="18" VPOS="754" HPOS="779"/>
							<String ID="string_228" HPOS="797" VPOS="755" WIDTH="115" HEIGHT="27" WC="0.96" CONTENT="yrkanden,"/>
						</TextLine>
						<TextLine ID="line_23" HPOS="88" VPOS="783" WIDTH="824" HEIGHT="27">
							<String ID="string_229" HPOS="88" VPOS="783" WIDTH="83" HEIGHT="22" WC="0.92" CONTENT="hvilkas"/><SP WIDTH="16" VPOS="783" HPOS="171"/>
							<String ID="string_230" HPOS="187" VPOS="783" WIDTH="150" HEIGHT="27" WC="0.91" CONTENT="rättmätighet"/><SP WIDTH="14" VPOS="783" HPOS="337"/>
							<String ID="string_231" HPOS="351" VPOS="784" WIDTH="47" HEIGHT="20" WC="0.96" CONTENT="icke"/><SP WIDTH="15" VPOS="784" HPOS="398"/>
							<String ID="string_232" HPOS="413" VPOS="784" WIDTH="42" HEIGHT="20" WC="0.96" CONTENT="kan"/><SP WIDTH="11" VPOS="784" HPOS="455"/>
							<String ID="string_233" HPOS="466" VPOS="784" WIDTH="116" HEIGHT="21" WC="0.95" CONTENT="bestridas."/><SP WIDTH="29" VPOS="784" HPOS="582"/>
							<String ID="string_234" HPOS="611" VPOS="784" WIDTH="40" HEIGHT="26" WC="0.96" CONTENT="Jag"/><SP WIDTH="18" VPOS="784" HPOS="651"/>
							<String ID="string_235" HPOS="669" VPOS="784" WIDTH="42" HEIGHT="21" WC="0.96" CONTENT="kan"/><SP WIDTH="12" VPOS="784" HPOS="711"/>
							<String ID="string_236" HPOS="723" VPOS="784" WIDTH="83" HEIGHT="21" WC="0.96" CONTENT="således"/><SP WIDTH="11" VPOS="784" HPOS="806"/>
							<String ID="string_237" HPOS="817" VPOS="784" WIDTH="47" HEIGHT="21" WC="0.93" CONTENT="icke"/><SP WIDTH="12" VPOS="784" HPOS="864"/>
							<String ID="string_238" HPOS="876" VPOS="790" WIDTH="36" HEIGHT="15" WC="0.92" CONTENT="an-"/>
						</TextLine>
						<TextLine ID="line_24" HPOS="88" VPOS="812" WIDTH="518" HEIGHT="27">
							<String ID="string_239" HPOS="88" VPOS="814" WIDTH="37" HEIGHT="19" WC="0.96" CONTENT="nat"/><SP WIDTH="15" VPOS="814" HPOS="125"/>
							<String ID="string_240" HPOS="140" VPOS="814" WIDTH="26" HEIGHT="19" WC="0.92" CONTENT="än"/><SP WIDTH="16" VPOS="814" HPOS="166"/>
							<String ID="string_241" HPOS="182" VPOS="812" WIDTH="101" HEIGHT="21" WC="0.92" CONTENT="vidblifva"/><SP WIDTH="15" VPOS="812" HPOS="283"/>
							<String ID="string_242" HPOS="298" VPOS="812" WIDTH="42" HEIGHT="21" WC="0.96" CONTENT="min"/><SP WIDTH="15" VPOS="812" HPOS="340"/>
							<String ID="string_243" HPOS="355" VPOS="812" WIDTH="58" HEIGHT="21" WC="0.96" CONTENT="förut"/><SP WIDTH="14" VPOS="812" HPOS="413"/>
							<String ID="string_244" HPOS="427" VPOS="812" WIDTH="98" HEIGHT="22" WC="0.93" CONTENT="uttalade"/><SP WIDTH="19" VPOS="812" HPOS="525"/>
							<String ID="string_245" HPOS="544" VPOS="812" WIDTH="62" HEIGHT="27" WC="0.92" CONTENT="åsigt."/>
						</TextLine>
					</TextBlock>
					<TextBlock ID="block_3" HPOS="87" VPOS="840" WIDTH="827" HEIGHT="143">
						<TextLine ID="line_25" HPOS="156" VPOS="840" WIDTH="756" HEIGHT="28">
							<String ID="string_246" HPOS="156" VPOS="840" WIDTH="35" HEIGHT="22" WC="0.95" CONTENT="Då"/><SP WIDTH="15" VPOS="840" HPOS="191"/>
							<String ID="string_247" HPOS="206" VPOS="843" WIDTH="56" HEIGHT="19" WC="0.96" CONTENT="ännu"/><SP WIDTH="15" VPOS="843" HPOS="262"/>
							<String ID="string_248" HPOS="277" VPOS="840" WIDTH="52" HEIGHT="22" WC="0.96" CONTENT="flere"/><SP WIDTH="14" VPOS="840" HPOS="329"/>
							<String ID="string_249" HPOS="343" VPOS="841" WIDTH="138" HEIGHT="21" WC="0.96" CONTENT="medlemmar"/><SP WIDTH="16" VPOS="841" HPOS="481"/>
							<String ID="string_250" HPOS="497" VPOS="841" WIDTH="23" HEIGHT="21" WC="0.96" CONTENT="af"/><SP WIDTH="12" VPOS="841" HPOS="520"/>
							<String ID="string_251" HPOS="532" VPOS="841" WIDTH="88" HEIGHT="21" WC="0.96" CONTENT="ståndet"/><SP WIDTH="15" VPOS="841" HPOS="620"/>
							<String ID="string_252" HPOS="635" VPOS="842" WIDTH="81" HEIGHT="20" WC="0.95" CONTENT="anmält"/><SP WIDTH="18" VPOS="842" HPOS="716"/>
							<String ID="string_253" HPOS="734" VPOS="841" WIDTH="32" HEIGHT="27" WC="0.96" CONTENT="sig"/><SP WIDTH="23" VPOS="841" HPOS="766"/>
							<String ID="string_254" HPOS="789" VPOS="841" WIDTH="31" HEIGHT="21" WC="0.96" CONTENT="till"/><SP WIDTH="21" VPOS="841" HPOS="820"/>
							<String ID="string_255" HPOS="841" VPOS="841" WIDTH="71" HEIGHT="21" WC="0.96" CONTENT="ordets"/>
						</TextLine>
						<TextLine ID="line_26" HPOS="88" VPOS="869" WIDTH="825" HEIGHT="28">
							<String ID="string_256" HPOS="88" VPOS="869" WIDTH="131" HEIGHT="27" WC="0.95" CONTENT="erhållande,"/><SP WIDTH="16" VPOS="869" HPOS="219"/>
							<String ID="string_257" HPOS="235" VPOS="876" WIDTH="49" HEIGHT="14" WC="0.96" CONTENT="men"/><SP WIDTH="16" VPOS="876" HPOS="284"/>
							<String ID="string_258" HPOS="300" VPOS="870" WIDTH="59" HEIGHT="21" WC="0.93" CONTENT="tiden"/><SP WIDTH="15" VPOS="870" HPOS="359"/>
							<String ID="string_259" HPOS="374" VPOS="869" WIDTH="133" HEIGHT="22" WC="0.92" CONTENT="framskridit"/><SP WIDTH="15" VPOS="869" HPOS="507"/>
							<String ID="string_260" HPOS="522" VPOS="870" WIDTH="33" HEIGHT="21" WC="0.96" CONTENT="till"/><SP WIDTH="15" VPOS="870" HPOS="555"/>
							<String ID="string_261" HPOS="570" VPOS="870" WIDTH="92" HEIGHT="21" WC="0.96" CONTENT="klockan"/><SP WIDTH="15" VPOS="870" HPOS="662"/>
							<String ID="string_262" HPOS="677" VPOS="872" WIDTH="33" HEIGHT="19" WC="0.96" CONTENT="tre"/><SP WIDTH="19" VPOS="872" HPOS="710"/>
							<String ID="string_263" HPOS="729" VPOS="870" WIDTH="28" HEIGHT="27" WC="0.93" CONTENT="på"/><SP WIDTH="20" VPOS="870" HPOS="757"/>
							<String ID="string_264" HPOS="777" VPOS="869" WIDTH="136" HEIGHT="22" WC="0.92" CONTENT="eftermidda-"/>
						</TextLine>
						<TextLine ID="line_27" HPOS="88" VPOS="898" WIDTH="826" HEIGHT="28">
							<String ID="string_265" HPOS="88" VPOS="904" WIDTH="46" HEIGHT="21" WC="0.92" CONTENT="gen,"/><SP WIDTH="18" VPOS="904" HPOS="134"/>
							<String ID="string_266" HPOS="152" VPOS="898" WIDTH="65" HEIGHT="22" WC="0.92" CONTENT="afslöt"/><SP WIDTH="14" VPOS="898" HPOS="217"/>
							<String ID="string_267" HPOS="231" VPOS="898" WIDTH="50" HEIGHT="21" WC="0.93" CONTENT="herr"/><SP WIDTH="13" VPOS="898" HPOS="281"/>
							<String ID="string_268" HPOS="294" VPOS="898" WIDTH="208" HEIGHT="22" WC="0.91" CONTENT="Landtmarskalken"/><SP WIDTH="15" VPOS="898" HPOS="502"/>
							<String ID="string_269" HPOS="517" VPOS="899" WIDTH="76" HEIGHT="21" WC="0.96" CONTENT="härvid"/><SP WIDTH="16" VPOS="899" HPOS="593"/>
							<String ID="string_270" HPOS="609" VPOS="899" WIDTH="86" HEIGHT="27" WC="0.96" CONTENT="plenum"/><SP WIDTH="22" VPOS="899" HPOS="695"/>
							<String ID="string_271" HPOS="717" VPOS="898" WIDTH="33" HEIGHT="22" WC="0.95" CONTENT="för"/><SP WIDTH="15" VPOS="898" HPOS="750"/>
							<String ID="string_272" HPOS="765" VPOS="901" WIDTH="32" HEIGHT="19" WC="0.96" CONTENT="att"/><SP WIDTH="15" VPOS="901" HPOS="797"/>
							<String ID="string_273" HPOS="812" VPOS="898" WIDTH="44" HEIGHT="22" WC="0.92" CONTENT="låta"/><SP WIDTH="16" VPOS="898" HPOS="856"/>
							<String ID="string_274" HPOS="872" VPOS="898" WIDTH="42" HEIGHT="21" WC="0.91" CONTENT="frå-"/>
						</TextLine>
						<TextLine ID="line_28" HPOS="88" VPOS="926" WIDTH="824" HEIGHT="28">
							<String ID="string_275" HPOS="88" VPOS="933" WIDTH="52" HEIGHT="21" WC="0.96" CONTENT="gans"/><SP WIDTH="15" VPOS="933" HPOS="140"/>
							<String ID="string_276" HPOS="155" VPOS="927" WIDTH="131" HEIGHT="26" WC="0.95" CONTENT="behandling"/><SP WIDTH="16" VPOS="927" HPOS="286"/>
							<String ID="string_277" HPOS="302" VPOS="928" WIDTH="46" HEIGHT="20" WC="0.96" CONTENT="åter"/><SP WIDTH="15" VPOS="928" HPOS="348"/>
							<String ID="string_278" HPOS="363" VPOS="928" WIDTH="86" HEIGHT="26" WC="0.96" CONTENT="vidtaga"/><SP WIDTH="16" VPOS="928" HPOS="449"/>
							<String ID="string_279" HPOS="465" VPOS="927" WIDTH="34" HEIGHT="21" WC="0.96" CONTENT="vid"/><SP WIDTH="17" VPOS="927" HPOS="499"/>
							<String ID="string_280" HPOS="516" VPOS="928" WIDTH="37" HEIGHT="21" WC="0.96" CONTENT="det"/><SP WIDTH="15" VPOS="928" HPOS="553"/>
							<String ID="string_281" HPOS="568" VPOS="928" WIDTH="91" HEIGHT="21" WC="0.96" CONTENT="klockan"/><SP WIDTH="16" VPOS="928" HPOS="659"/>
							<String ID="string_282" HPOS="675" VPOS="934" WIDTH="37" HEIGHT="15" WC="0.93" CONTENT="sex"/><SP WIDTH="19" VPOS="934" HPOS="712"/>
							<String ID="string_283" HPOS="731" VPOS="928" WIDTH="102" HEIGHT="26" WC="0.92" CONTENT="börjande"/><SP WIDTH="17" VPOS="928" HPOS="833"/>
							<String ID="string_284" HPOS="850" VPOS="926" WIDTH="62" HEIGHT="22" WC="0.92" CONTENT="efter-"/>
						</TextLine>
						<TextLine ID="line_29" HPOS="87" VPOS="956" WIDTH="234" HEIGHT="27">
							<String ID="string_285" HPOS="87" VPOS="956" WIDTH="126" HEIGHT="26" WC="0.92" CONTENT="middagens"/><SP WIDTH="16" VPOS="956" HPOS="213"/>
							<String ID="string_286" HPOS="229" VPOS="956" WIDTH="92" HEIGHT="27" WC="0.95" CONTENT="plenum."/>
						</TextLine>
					</TextBlock>
				</ComposedBlock>
				<ComposedBlock ID="cblock_2" HPOS="239" VPOS="1093" WIDTH="522" HEIGHT="30">
					<TextBlock ID="block_4" HPOS="239" VPOS="1093" WIDTH="522" HEIGHT="30">
						<TextLine ID="line_30" HPOS="239" VPOS="1093" WIDTH="522" HEIGHT="30">
							<String ID="string_287" HPOS="239" VPOS="1093" WIDTH="89" HEIGHT="24" WC="0.96" CONTENT="Samma"/><SP WIDTH="16" VPOS="1093" HPOS="328"/>
							<String ID="string_288" HPOS="344" VPOS="1093" WIDTH="41" HEIGHT="28" WC="0.96" CONTENT="dag"/><SP WIDTH="18" VPOS="1093" HPOS="385"/>
							<String ID="string_289" HPOS="403" VPOS="1093" WIDTH="95" HEIGHT="24" WC="0.96" CONTENT="klockan"/><SP WIDTH="18" VPOS="1093" HPOS="498"/>
							<String ID="string_290" HPOS="516" VPOS="1099" WIDTH="43" HEIGHT="18" WC="0.95" CONTENT="sex"/><SP WIDTH="16" VPOS="1099" HPOS="559"/>
							<String ID="string_291" HPOS="575" VPOS="1093" WIDTH="186" HEIGHT="30" WC="0.96" CONTENT="eftermiddagen."/>
						</TextLine>
					</TextBlock>
				</ComposedBlock>
				<ComposedBlock ID="cblock_3" HPOS="86" VPOS="1151" WIDTH="829" HEIGHT="165">
					<TextBlock ID="block_5" HPOS="86" VPOS="1151" WIDTH="829" HEIGHT="165">
						<TextLine ID="line_31" HPOS="156" VPOS="1151" WIDTH="758" HEIGHT="28">
							<String ID="string_292" HPOS="156" VPOS="1151" WIDTH="56" HEIGHT="21" WC="0.93" CONTENT="Herr"/><SP WIDTH="23" VPOS="1151" HPOS="212"/>
							<String ID="string_293" HPOS="235" VPOS="1151" WIDTH="207" HEIGHT="22" WC="0.90" CONTENT="Landtmarskalken"/><SP WIDTH="23" VPOS="1151" HPOS="442"/>
							<String ID="string_294" HPOS="465" VPOS="1151" WIDTH="144" HEIGHT="28" WC="0.92" CONTENT="tillkännagaf"/><SP WIDTH="21" VPOS="1151" HPOS="609"/>
							<String ID="string_295" HPOS="630" VPOS="1153" WIDTH="33" HEIGHT="20" WC="0.95" CONTENT="att"/><SP WIDTH="25" VPOS="1153" HPOS="663"/>
							<String ID="string_296" HPOS="688" VPOS="1151" WIDTH="46" HEIGHT="22" WC="0.96" CONTENT="från"/><SP WIDTH="25" VPOS="1151" HPOS="734"/>
							<String ID="string_297" HPOS="759" VPOS="1153" WIDTH="155" HEIGHT="20" WC="0.94" CONTENT="sammansatta"/>
						</TextLine>
						<TextLine ID="line_32" HPOS="87" VPOS="1180" WIDTH="826" HEIGHT="28">
							<String ID="string_298" HPOS="87" VPOS="1180" WIDTH="55" HEIGHT="27" WC="0.92" CONTENT="Lag-"/><SP WIDTH="16" VPOS="1180" HPOS="142"/>
							<String ID="string_299" HPOS="158" VPOS="1180" WIDTH="41" HEIGHT="21" WC="0.93" CONTENT="och"/><SP WIDTH="19" VPOS="1180" HPOS="199"/>
							<String ID="string_300" HPOS="218" VPOS="1180" WIDTH="214" HEIGHT="21" WC="0.92" CONTENT="Ekonomiutskottet"/><SP WIDTH="19" VPOS="1180" HPOS="432"/>
							<String ID="string_301" HPOS="451" VPOS="1180" WIDTH="113" HEIGHT="21" WC="0.96" CONTENT="inkommit"/><SP WIDTH="21" VPOS="1180" HPOS="564"/>
							<String ID="string_302" HPOS="585" VPOS="1180" WIDTH="49" HEIGHT="21" WC="0.93" CONTENT="dess"/><SP WIDTH="20" VPOS="1180" HPOS="634"/>
							<String ID="string_303" HPOS="654" VPOS="1180" WIDTH="259" HEIGHT="28" WC="0.90" CONTENT="sammanjemkningsför-"/>
						</TextLine>
						<TextLine ID="line_33" HPOS="88" VPOS="1209" WIDTH="827" HEIGHT="27">
							<String ID="string_304" HPOS="88" VPOS="1209" WIDTH="45" HEIGHT="26" WC="0.95" CONTENT="slag"/><SP WIDTH="15" VPOS="1209" HPOS="133"/>
							<String ID="string_305" HPOS="148" VPOS="1209" WIDTH="7" HEIGHT="20" WC="0.96" CONTENT="i"/><SP WIDTH="16" VPOS="1209" HPOS="155"/>
							<String ID="string_306" HPOS="171" VPOS="1209" WIDTH="114" HEIGHT="26" WC="0.96" CONTENT="anledning"/><SP WIDTH="24" VPOS="1209" HPOS="285"/>
							<String ID="string_307" HPOS="309" VPOS="1209" WIDTH="21" HEIGHT="20" WC="0.96" CONTENT="af"/><SP WIDTH="20" VPOS="1209" HPOS="330"/>
							<String ID="string_308" HPOS="350" VPOS="1209" WIDTH="79" HEIGHT="26" WC="0.96" CONTENT="nådiga"/><SP WIDTH="22" VPOS="1209" HPOS="429"/>
							<String ID="string_309" HPOS="451" VPOS="1209" WIDTH="169" HEIGHT="26" WC="0.95" CONTENT="propositionen,"/><SP WIDTH="17" VPOS="1209" HPOS="620"/>
							<String ID="string_310" HPOS="637" VPOS="1209" WIDTH="111" HEIGHT="26" WC="0.96" CONTENT="angående"/><SP WIDTH="22" VPOS="1209" HPOS="748"/>
							<String ID="string_311" HPOS="770" VPOS="1209" WIDTH="107" HEIGHT="27" WC="0.94" CONTENT="reglering"/><SP WIDTH="16" VPOS="1209" HPOS="877"/>
							<String ID="string_312" HPOS="893" VPOS="1209" WIDTH="22" HEIGHT="21" WC="0.95" CONTENT="af"/>
						</TextLine>
						<TextLine ID="line_34" HPOS="86" VPOS="1237" WIDTH="826" HEIGHT="28">
							<String ID="string_313" HPOS="86" VPOS="1237" WIDTH="175" HEIGHT="27" WC="0.91" CONTENT="presterskapets"/><SP WIDTH="21" VPOS="1237" HPOS="261"/>
							<String ID="string_314" HPOS="282" VPOS="1237" WIDTH="92" HEIGHT="27" WC="0.92" CONTENT="aflöning"/><SP WIDTH="20" VPOS="1237" HPOS="374"/>
							<String ID="string_315" HPOS="394" VPOS="1237" WIDTH="7" HEIGHT="21" WC="0.96" CONTENT="i"/><SP WIDTH="19" VPOS="1237" HPOS="401"/>
							<String ID="string_316" HPOS="420" VPOS="1237" WIDTH="85" HEIGHT="22" WC="0.93" CONTENT="landets"/><SP WIDTH="24" VPOS="1237" HPOS="505"/>
							<String ID="string_317" HPOS="529" VPOS="1238" WIDTH="246" HEIGHT="27" WC="0.91" CONTENT="evangelisk-lutherska"/><SP WIDTH="19" VPOS="1238" HPOS="775"/>
							<String ID="string_318" HPOS="794" VPOS="1238" WIDTH="118" HEIGHT="21" WC="0.91" CONTENT="församlin-"/>
						</TextLine>
						<TextLine ID="line_35" HPOS="86" VPOS="1265" WIDTH="827" HEIGHT="28">
							<String ID="string_319" HPOS="86" VPOS="1272" WIDTH="44" HEIGHT="20" WC="0.96" CONTENT="gar,"/><SP WIDTH="17" VPOS="1272" HPOS="130"/>
							<String ID="string_320" HPOS="147" VPOS="1266" WIDTH="82" HEIGHT="21" WC="0.92" CONTENT="hvilket"/><SP WIDTH="20" VPOS="1266" HPOS="229"/>
							<String ID="string_321" HPOS="249" VPOS="1265" WIDTH="297" HEIGHT="28" WC="0.91" CONTENT="sammanjemkningsförslag"/><SP WIDTH="20" VPOS="1265" HPOS="546"/>
							<String ID="string_322" HPOS="566" VPOS="1266" WIDTH="115" HEIGHT="22" WC="0.92" CONTENT="bordlades"/><SP WIDTH="16" VPOS="1266" HPOS="681"/>
							<String ID="string_323" HPOS="697" VPOS="1267" WIDTH="32" HEIGHT="20" WC="0.96" CONTENT="till"/><SP WIDTH="15" VPOS="1267" HPOS="729"/>
							<String ID="string_324" HPOS="744" VPOS="1267" WIDTH="67" HEIGHT="21" WC="0.96" CONTENT="första"/><SP WIDTH="15" VPOS="1267" HPOS="811"/>
							<String ID="string_325" HPOS="826" VPOS="1267" WIDTH="87" HEIGHT="26" WC="0.95" CONTENT="plenum"/>
						</TextLine>
						<TextLine ID="line_36" HPOS="86" VPOS="1295" WIDTH="173" HEIGHT="21">
							<String ID="string_326" HPOS="86" VPOS="1295" WIDTH="6" HEIGHT="20" WC="0.96" CONTENT="i"/><SP WIDTH="16" VPOS="1295" HPOS="92"/>
							<String ID="string_327" HPOS="108" VPOS="1296" WIDTH="63" HEIGHT="20" WC="0.96" CONTENT="nästa"/><SP WIDTH="16" VPOS="1296" HPOS="171"/>
							<String ID="string_328" HPOS="187" VPOS="1295" WIDTH="72" HEIGHT="21" WC="0.96" CONTENT="vecka."/>
						</TextLine>
					</TextBlock>
				</ComposedBlock>
				<ComposedBlock ID="cblock_4" HPOS="84" VPOS="1358" WIDTH="830" HEIGHT="170">
					<TextBlock ID="block_6" HPOS="84" VPOS="1358" WIDTH="830" HEIGHT="170">
						<TextLine ID="line_37" HPOS="154" VPOS="1358" WIDTH="760" HEIGHT="27">
							<String ID="string_329" HPOS="154" VPOS="1358" WIDTH="80" HEIGHT="21" WC="0.96" CONTENT="Likaså"/><SP WIDTH="22" VPOS="1358" HPOS="234"/>
							<String ID="string_330" HPOS="256" VPOS="1358" WIDTH="110" HEIGHT="26" WC="0.96" CONTENT="föredrogs"/><SP WIDTH="23" VPOS="1358" HPOS="366"/>
							<String ID="string_331" HPOS="389" VPOS="1358" WIDTH="40" HEIGHT="21" WC="0.91" CONTENT="och"/><SP WIDTH="23" VPOS="1358" HPOS="429"/>
							<String ID="string_332" HPOS="452" VPOS="1358" WIDTH="116" HEIGHT="22" WC="0.90" CONTENT="bordlades"/><SP WIDTH="24" VPOS="1358" HPOS="568"/>
							<String ID="string_333" HPOS="592" VPOS="1358" WIDTH="31" HEIGHT="21" WC="0.94" CONTENT="till"/><SP WIDTH="23" VPOS="1358" HPOS="623"/>
							<String ID="string_334" HPOS="646" VPOS="1358" WIDTH="66" HEIGHT="21" WC="0.95" CONTENT="andra"/><SP WIDTH="15" VPOS="1358" HPOS="712"/>
							<String ID="string_335" HPOS="727" VPOS="1358" WIDTH="85" HEIGHT="27" WC="0.96" CONTENT="plenum"/><SP WIDTH="15" VPOS="1358" HPOS="812"/>
							<String ID="string_336" HPOS="827" VPOS="1358" WIDTH="7" HEIGHT="21" WC="0.96" CONTENT="i"/><SP WIDTH="16" VPOS="1358" HPOS="834"/>
							<String ID="string_337" HPOS="850" VPOS="1360" WIDTH="64" HEIGHT="19" WC="0.96" CONTENT="nästa"/>
						</TextLine>
						<TextLine ID="line_38" HPOS="85" VPOS="1386" WIDTH="828" HEIGHT="27">
							<String ID="string_338" HPOS="85" VPOS="1387" WIDTH="67" HEIGHT="21" WC="0.93" CONTENT="vecka"/><SP WIDTH="16" VPOS="1387" HPOS="152"/>
							<String ID="string_339" HPOS="168" VPOS="1387" WIDTH="164" HEIGHT="26" WC="0.92" CONTENT="Lagutskottets"/><SP WIDTH="16" VPOS="1387" HPOS="332"/>
							<String ID="string_340" HPOS="348" VPOS="1387" WIDTH="136" HEIGHT="21" WC="0.96" CONTENT="betänkande"/><SP WIDTH="16" VPOS="1387" HPOS="484"/>
							<String ID="string_341" HPOS="500" VPOS="1387" WIDTH="6" HEIGHT="21" WC="0.96" CONTENT="i"/><SP WIDTH="17" VPOS="1387" HPOS="506"/>
							<String ID="string_342" HPOS="523" VPOS="1386" WIDTH="114" HEIGHT="27" WC="0.96" CONTENT="anledning"/><SP WIDTH="9" VPOS="1386" HPOS="637"/>
							<String ID="string_343" HPOS="646" VPOS="1386" WIDTH="23" HEIGHT="22" WC="0.96" CONTENT="af"/><SP WIDTH="14" VPOS="1386" HPOS="669"/>
							<String ID="string_344" HPOS="683" VPOS="1387" WIDTH="106" HEIGHT="21" WC="0.93" CONTENT="särskilda"/><SP WIDTH="10" VPOS="1387" HPOS="789"/>
							<String ID="string_345" HPOS="799" VPOS="1387" WIDTH="114" HEIGHT="26" WC="0.92" CONTENT="petitions-"/>
						</TextLine>
						<TextLine ID="line_39" HPOS="84" VPOS="1415" WIDTH="829" HEIGHT="27">
							<String ID="string_346" HPOS="84" VPOS="1415" WIDTH="81" HEIGHT="27" WC="0.95" CONTENT="förslag"/><SP WIDTH="16" VPOS="1415" HPOS="165"/>
							<String ID="string_347" HPOS="181" VPOS="1422" WIDTH="33" HEIGHT="14" WC="0.96" CONTENT="om"/><SP WIDTH="17" VPOS="1422" HPOS="214"/>
							<String ID="string_348" HPOS="231" VPOS="1416" WIDTH="74" HEIGHT="26" WC="0.96" CONTENT="nådigt"/><SP WIDTH="14" VPOS="1416" HPOS="305"/>
							<String ID="string_349" HPOS="319" VPOS="1415" WIDTH="92" HEIGHT="21" WC="0.96" CONTENT="initiativ"/><SP WIDTH="16" VPOS="1415" HPOS="411"/>
							<String ID="string_350" HPOS="427" VPOS="1416" WIDTH="46" HEIGHT="20" WC="0.96" CONTENT="dels"/><SP WIDTH="17" VPOS="1416" HPOS="473"/>
							<String ID="string_351" HPOS="490" VPOS="1416" WIDTH="33" HEIGHT="20" WC="0.95" CONTENT="till"/><SP WIDTH="16" VPOS="1416" HPOS="523"/>
							<String ID="string_352" HPOS="539" VPOS="1422" WIDTH="27" HEIGHT="14" WC="0.95" CONTENT="en"/><SP WIDTH="15" VPOS="1422" HPOS="566"/>
							<String ID="string_353" HPOS="581" VPOS="1415" WIDTH="93" HEIGHT="21" WC="0.96" CONTENT="revision"/><SP WIDTH="15" VPOS="1415" HPOS="674"/>
							<String ID="string_354" HPOS="689" VPOS="1415" WIDTH="23" HEIGHT="21" WC="0.96" CONTENT="af"/><SP WIDTH="20" VPOS="1415" HPOS="712"/>
							<String ID="string_355" HPOS="732" VPOS="1418" WIDTH="53" HEIGHT="18" WC="0.95" CONTENT="1772"/><SP WIDTH="16" VPOS="1418" HPOS="785"/>
							<String ID="string_356" HPOS="801" VPOS="1416" WIDTH="35" HEIGHT="20" WC="0.93" CONTENT="års"/><SP WIDTH="15" VPOS="1416" HPOS="836"/>
							<String ID="string_357" HPOS="851" VPOS="1421" WIDTH="62" HEIGHT="21" WC="0.92" CONTENT="rege-"/>
						</TextLine>
						<TextLine ID="line_40" HPOS="84" VPOS="1444" WIDTH="828" HEIGHT="26">
							<String ID="string_358" HPOS="84" VPOS="1444" WIDTH="121" HEIGHT="26" WC="0.92" CONTENT="ringsform,"/><SP WIDTH="24" VPOS="1444" HPOS="205"/>
							<String ID="string_359" HPOS="229" VPOS="1446" WIDTH="56" HEIGHT="19" WC="0.96" CONTENT="samt"/><SP WIDTH="24" VPOS="1446" HPOS="285"/>
							<String ID="string_360" HPOS="309" VPOS="1446" WIDTH="54" HEIGHT="18" WC="0.96" CONTENT="1789"/><SP WIDTH="24" VPOS="1446" HPOS="363"/>
							<String ID="string_361" HPOS="387" VPOS="1444" WIDTH="34" HEIGHT="21" WC="0.93" CONTENT="års"/><SP WIDTH="23" VPOS="1444" HPOS="421"/>
							<String ID="string_362" HPOS="444" VPOS="1444" WIDTH="121" HEIGHT="26" WC="0.91" CONTENT="förenings-"/><SP WIDTH="17" VPOS="1444" HPOS="565"/>
							<String ID="string_363" HPOS="582" VPOS="1444" WIDTH="39" HEIGHT="21" WC="0.93" CONTENT="och"/><SP WIDTH="17" VPOS="1444" HPOS="621"/>
							<String ID="string_364" HPOS="638" VPOS="1444" WIDTH="157" HEIGHT="25" WC="0.91" CONTENT="säkerhetsakt,"/><SP WIDTH="18" VPOS="1444" HPOS="795"/>
							<String ID="string_365" HPOS="813" VPOS="1444" WIDTH="52" HEIGHT="22" WC="0.93" CONTENT="eller"/><SP WIDTH="15" VPOS="1444" HPOS="865"/>
							<String ID="string_366" HPOS="880" VPOS="1444" WIDTH="32" HEIGHT="21" WC="0.92" CONTENT="åt-"/>
						</TextLine>
						<TextLine ID="line_41" HPOS="84" VPOS="1472" WIDTH="828" HEIGHT="27">
							<String ID="string_367" HPOS="84" VPOS="1472" WIDTH="107" HEIGHT="22" WC="0.93" CONTENT="minstone"/><SP WIDTH="17" VPOS="1472" HPOS="191"/>
							<String ID="string_368" HPOS="208" VPOS="1479" WIDTH="25" HEIGHT="15" WC="0.93" CONTENT="en"/><SP WIDTH="16" VPOS="1479" HPOS="233"/>
							<String ID="string_369" HPOS="249" VPOS="1472" WIDTH="139" HEIGHT="22" WC="0.92" CONTENT="kodifikation"/><SP WIDTH="15" VPOS="1472" HPOS="388"/>
							<String ID="string_370" HPOS="403" VPOS="1472" WIDTH="23" HEIGHT="22" WC="0.96" CONTENT="af"/><SP WIDTH="14" VPOS="1472" HPOS="426"/>
							<String ID="string_371" HPOS="440" VPOS="1472" WIDTH="100" HEIGHT="27" WC="0.95" CONTENT="samtliga"/><SP WIDTH="16" VPOS="1472" HPOS="540"/>
							<String ID="string_372" HPOS="556" VPOS="1479" WIDTH="29" HEIGHT="14" WC="0.97" CONTENT="nu"/><SP WIDTH="15" VPOS="1479" HPOS="585"/>
							<String ID="string_373" HPOS="600" VPOS="1472" WIDTH="99" HEIGHT="26" WC="0.96" CONTENT="gällande"/><SP WIDTH="16" VPOS="1472" HPOS="699"/>
							<String ID="string_374" HPOS="715" VPOS="1473" WIDTH="32" HEIGHT="20" WC="0.96" CONTENT="till"/><SP WIDTH="16" VPOS="1473" HPOS="747"/>
							<String ID="string_375" HPOS="763" VPOS="1472" WIDTH="59" HEIGHT="22" WC="0.92" CONTENT="detta"/><SP WIDTH="11" VPOS="1472" HPOS="822"/>
							<String ID="string_376" HPOS="833" VPOS="1472" WIDTH="79" HEIGHT="27" WC="0.92" CONTENT="grund-"/>
						</TextLine>
						<TextLine ID="line_42" HPOS="84" VPOS="1501" WIDTH="828" HEIGHT="27">
							<String ID="string_377" HPOS="84" VPOS="1501" WIDTH="107" HEIGHT="27" WC="0.91" CONTENT="lagsgebit"/><SP WIDTH="15" VPOS="1501" HPOS="191"/>
							<String ID="string_378" HPOS="206" VPOS="1501" WIDTH="95" HEIGHT="21" WC="0.96" CONTENT="hörande"/><SP WIDTH="16" VPOS="1501" HPOS="301"/>
							<String ID="string_379" HPOS="317" VPOS="1501" WIDTH="140" HEIGHT="27" WC="0.96" CONTENT="stadganden,"/><SP WIDTH="17" VPOS="1501" HPOS="457"/>
							<String ID="string_380" HPOS="474" VPOS="1501" WIDTH="40" HEIGHT="21" WC="0.96" CONTENT="och"/><SP WIDTH="17" VPOS="1501" HPOS="514"/>
							<String ID="string_381" HPOS="531" VPOS="1501" WIDTH="46" HEIGHT="21" WC="0.96" CONTENT="dels"/><SP WIDTH="16" VPOS="1501" HPOS="577"/>
							<String ID="string_382" HPOS="593" VPOS="1501" WIDTH="32" HEIGHT="21" WC="0.93" CONTENT="till"/><SP WIDTH="11" VPOS="1501" HPOS="625"/>
							<String ID="string_383" HPOS="636" VPOS="1501" WIDTH="173" HEIGHT="27" WC="0.90" CONTENT="grundlagsenlig"/><SP WIDTH="8" VPOS="1501" HPOS="809"/>
							<String ID="string_384" HPOS="817" VPOS="1502" WIDTH="95" HEIGHT="21" WC="0.90" CONTENT="bestäm-"/>
						</TextLine>
					</TextBlock>
				</ComposedBlock>
				<GraphicalElement ID="cblock_5" HPOS="1106" VPOS="956" WIDTH="3" HEIGHT="555"></GraphicalElement >
			</PrintSpace>
		</Page>
	</Layout>
</alto>
