1109 1678
237 115 54 19 1044
534 117 39 18 Den
591 114 11 20 5
618 117 105 17 December.

269 181 23 19 är
307 179 56 22 blott
379 180 69 21 denna
463 179 120 28 förklaring
598 186 45 15 som
657 180 37 27 jag
710 181 72 20 ansett
797 179 43 28 mig
856 179 84 28 skyldig
956 181 32 20 att
1003 179 31 22 af-

205 214 62 21 gifva.

273 237 56 21 Herr
343 243 41 16 von
399 237 119 22 Alfthan:
535 237 42 22 För
592 239 33 20 att
635 237 47 22 icke
691 237 115 28 uppehålla
814 237 151 22 diskussionen
979 237 55 21 skall

202 265 38 27 jag
262 265 7 21 i
295 267 81 20 största
398 266 89 21 korthet
506 266 28 21 be
550 267 33 20 att
597 266 22 21 få
635 266 90 27 upplysa
740 267 51 21 herr
806 266 128 26 Schauman,
951 267 32 20 att
996 266 38 27 jag

205 294 90 22 alldeles
309 295 48 22 icke
373 297 54 25 sagt,
443 296 33 20 att
491 294 38 21 det
543 295 56 21 varit
615 295 41 22 den
671 295 109 21 luxuriösa
795 295 150 26 utrustningen
954 294 23 21 af
982 295 52 20 våra

202 323 115 27 jernvägar
339 329 46 15 som
409 324 69 20 skulle
501 323 64 21 hafva
580 324 107 21 tillvunnit
703 325 50 20 våra
767 324 114 26 jernvägar
897 323 137 21 erkännande

205 353 59 19 utom
280 352 79 26 landet,
376 354 52 19 utan
441 352 38 27 jag
494 352 73 22 talade
583 358 33 16 om
633 353 60 21 detta
709 352 137 22 erkännande
862 352 6 21 i
880 351 154 27 sammanhang

205 380 49 20 med
271 380 40 22 den
328 381 89 26 ordning
433 381 40 21 och
489 381 37 21 det
542 381 61 21 skick
619 381 59 21 hvari
693 381 52 21 våra
757 381 116 26 jernvägar
888 380 97 22 befunnit
994 380 38 27 sig.

205 408 65 21 Emot
285 409 50 21 herr
349 409 162 27 Björkenheims
527 411 87 20 senaste
630 409 99 28 yttrande
743 410 39 21 ber
795 410 38 27 jag
848 411 33 19 att
896 409 20 21 få
932 409 100 26 andraga,

204 439 33 19 att
253 437 37 22 det
305 438 48 21 icke
369 440 24 19 är
408 440 32 19 ett
455 438 52 21 fåtal
522 440 53 19 utan
591 440 32 19 ett
638 439 82 26 ganska
736 440 55 19 stort
807 438 58 21 antal
880 438 97 26 resande,
986 444 47 15 som

205 465 46 22 från
268 466 32 21 S:t
315 467 132 26 Petersburg
462 467 84 27 begifva
562 467 33 27 sig
610 467 33 21 till
651 467 101 26 Finland;
770 467 36 22 det
815 469 25 19 är
847 467 51 21 tack
906 473 50 15 vare
968 467 65 20 dessa

203 495 104 22 resandes
331 496 64 26 antal,
419 502 47 15 som
486 496 143 27 jernvägarne
653 496 61 27 gifvit
730 496 23 21 sä
769 502 50 21 pass
836 496 56 27 goda
907 495 123 26 resultater,

203 523 98 22 hvarföre
318 526 32 19 ett
365 525 80 26 skäligt
461 524 102 22 afseende
577 525 36 21 vid
629 525 62 21 deras
700 525 160 26 beqvämlighet
867 525 34 21 väl
910 525 38 20 bör
960 524 72 21 kunna

203 551 81 28 fästas;
309 553 36 21 det
368 555 24 19 är
415 553 110 22 dessutom
540 553 35 21 väl
591 554 67 21 kändt
674 556 32 19 att
722 554 37 21 det
773 554 7 20 i
796 555 70 20 större
882 553 74 22 städer
970 552 62 22 faller

205 581 33 27 sig
253 582 60 21 svårt
329 583 32 20 att
376 582 57 27 stiga
448 581 66 28 tidigt
529 589 51 20 upp.

272 610 56 21 Herr
349 611 22 20 af
390 611 147 26 Forselles,
554 611 64 21 Emil:
642 611 42 26 Jag
706 613 23 19 är
744 610 145 22 förekommen
906 610 24 21 af
942 610 89 21 friherre

203 638 68 27 Boije.
302 639 50 22 Med
368 639 114 27 anledning
497 639 23 22 af
533 640 50 21 herr
598 640 122 21 Molanders
737 641 86 20 senaste
838 639 100 28 yttrande
949 640 38 20 ber
992 639 39 27 jag

203 666 22 22 få
239 670 78 18 nämna
332 670 33 18 att
377 669 38 25 jag
430 668 69 27 aldrig
514 669 83 20 kunnat
611 668 116 22 förutsätta
743 670 32 19 att
783 669 50 20 herr
840 668 112 21 Molander
960 668 71 21 skulle

202 695 51 27 vilja
275 696 131 22 undanhålla
428 696 169 22 Statsutskottet
612 697 79 27 nödiga
706 697 127 27 handlingar
850 697 52 21 eller
916 697 114 21 beräknin-

204 730 45 20 gar.
280 725 43 21 Det
338 726 39 20 har
392 726 48 21 icke
455 726 54 20 varit
524 726 43 20 min
583 725 70 27 afsigt.
683 726 42 26 Jag
740 726 63 21 utber
818 726 44 26 mig
877 728 33 19 att
926 725 21 21 få
957 725 74 22 förena

203 753 45 27 mig
264 754 6 20 i
286 753 89 22 friherre
391 760 41 15 von
447 754 69 22 Troils
532 754 85 27 förslag.

269 782 58 22 Herr
334 783 144 21 Molander:
494 783 43 27 Jag
545 783 36 21 vill
589 783 56 21 blott
656 785 77 19 nämna
742 785 37 24 att,
789 783 67 21 sedan
865 783 87 27 upplyst
960 782 69 22 blifvit

203 812 33 19 att
251 810 91 22 friherre
358 818 41 15 von
414 812 69 21 Troils
497 811 82 27 förslag
593 812 48 21 icke
657 812 38 26 går
710 814 24 19 ut
748 812 29 26 på
791 812 118 26 någonting
924 813 64 19 annat
1003 814 27 18 än

203 839 78 21 endast
303 840 76 21 remiss
403 840 31 21 till
451 840 170 22 Statsutskottet
636 841 6 20 i
657 840 101 22 afseende
774 841 13 21 å
801 841 106 21 vinnande
922 840 22 21 af
956 840 73 21 utred-

202 868 51 26 ning
275 867 46 22 från
346 868 175 28 Statsutskottet,
545 869 24 21 så
591 869 33 21 får
644 870 37 26 jag
701 870 32 20 till
749 870 55 21 hvad
817 870 39 26 jag
871 871 67 25 yttrat
953 869 77 21 endast

202 896 91 28 tillägga
317 899 32 19 att
369 898 38 26 jag
429 898 56 21 visst
502 898 48 21 icke
565 898 36 21 vill
617 900 58 19 sätta
690 898 43 27 mig
749 900 57 19 emot
821 904 25 15 en
863 898 66 21 sådan
945 898 83 26 remiss,

202 931 49 15 men
272 926 38 26 jag
325 926 64 27 hyser
405 927 55 21 dock
477 927 40 21 den
532 926 111 27 farhågan,
660 928 32 20 att
708 927 37 21 det
759 929 23 19 är
797 926 25 22 så
837 927 60 26 långt
912 926 54 22 lidet
980 926 49 21 med

201 954 140 49 Jandtdagen,
357 957 32 19 att
403 956 100 26 möjligen
520 956 92 26 uppskof
627 956 49 21 med
687 956 130 26 landtdagen
826 956 122 26 derigenom
956 955 72 21 kunde

200 989 75 15 vällas.

269 1011 58 22 Herr
349 1018 41 15 von
411 1011 119 22 Alfthan:
554 1013 42 26 Jag
612 1013 38 20 ber
665 1014 33 19 att
712 1012 21 21 fä
748 1013 91 26 upplysa
855 1014 38 24 att,
910 1012 69 21 sävidt
992 1012 37 27 jag

200 1039 83 21 kunnat
297 1040 101 27 uppfatta
412 1041 89 21 friherre
517 1047 40 15 von
573 1041 70 21 Troils
658 1041 87 27 förslag,
763 1041 24 21 sä
803 1041 39 26 gär
858 1041 36 21 det
909 1041 48 21 icke
968 1043 24 18 ut
1003 1041 25 26 pä

200 1069 33 19 att
248 1068 21 21 af
285 1069 171 21 Statsutskottet
471 1069 80 27 begära
567 1069 123 22 omedelbar
706 1069 121 27 utredning,
843 1071 52 20 utan
908 1069 75 22 endast
994 1072 34 18 ut-

199 1096 95 27 lätande,
318 1097 28 27 pä
368 1098 56 21 hvad
440 1099 44 20 sätt
499 1099 124 26 ytterligare
639 1099 114 26 utredning
768 1099 72 20 kunde
856 1098 114 26 anskaffas,
988 1098 39 21 och

200 1125 37 20 det.
253 1127 24 19 är
292 1128 59 19 emot
367 1127 70 20 denna
451 1127 81 26 lydelse
548 1133 46 15 som
607 1127 38 27 jag
660 1127 69 21 måste
745 1133 111 15 reservera
872 1127 48 26 mig.
942 1127 38 21 Om
990 1127 38 21 det

198 1154 56 20 varit
269 1154 62 27 fräga
347 1161 34 15 om
397 1157 32 19 att
445 1155 168 22 Statsutskottet
627 1155 69 22 skulle
713 1155 68 22 skaffa
795 1156 117 26 utredning
921 1155 40 22 och
970 1155 57 21 finna

197 1182 112 27 möjlighet
333 1184 70 21 dertill
426 1184 68 21 under
509 1184 143 22 innevarande
667 1185 110 26 landtdag,
795 1185 27 20 dä
837 1185 56 20 hade
909 1184 65 21 ocksä
988 1184 38 27 jag

197 1211 56 21 varit
269 1211 50 22 med
335 1218 34 15 om
385 1212 109 27 förslaget.

266 1239 72 22 Sedan
361 1241 149 22 diskussionen
534 1241 89 22 härmed
639 1241 115 22 förklarats
771 1241 101 26 afslutad,
888 1241 137 27 uppställdes

195 1267 33 21 till
245 1268 100 22 ständets
361 1269 133 22 besvarande
510 1277 25 14 en
551 1270 134 27 proposition
701 1270 23 21 af
738 1270 94 27 följande
848 1270 99 21 innehäll.

266 1314 8 9 »
280 1297 132 26 Godkänner
420 1299 160 26 Ridderskapet
595 1299 39 21 och
651 1299 68 21 Adeln
734 1299 90 21 friherre
840 1305 42 15 von
898 1299 68 21 'Troils
982 1298 43 22 för-

194 1325 47 26 slag
264 1327 33 19 att
313 1326 161 22 återremittera
489 1327 183 21 Statsutskottets
688 1327 72 27 kalkyl
777 1327 112 27 angående
904 1327 120 21 kommuni-

192 1353 168 23 kationsfonden
379 1355 33 21 till
427 1356 115 26 utskottet,
560 1356 49 21 med
625 1356 105 21 anmodan
747 1357 32 20 att
794 1356 109 21 inkomma
918 1356 48 21 med
982 1355 42 22 för-

192 1382 53 26 slag,
270 1382 56 22 huru
349 1384 116 27 utredning
486 1384 35 21 mä
543 1384 74 21 kunna
636 1384 75 22 vinnas
727 1384 91 22 rörande
835 1385 26 21 de
876 1384 148 22 förhällanden

192 1410 73 22 hvilka
287 1411 109 23 föranledt
419 1415 32 19 att
467 1413 275 21 kommunikationsfonden
757 1414 48 21 icke
820 1413 48 21 frän
881 1413 143 27 jernvägarne

193 1438 87 22 erhällit
303 1440 42 22 den
367 1441 163 28 nettoinkomst,
554 1448 46 15 som
623 1442 23 21 af
666 1442 91 22 trafiken
779 1442 6 21 &
802 1442 110 22 desamma
926 1442 98 26 skäligen

192 1468 50 20 bort
257 1468 75 22 kunna
346 1470 119 26 päräknas;

261 1497 76 21 vinner
351 1498 42 27 nej,
410 1498 93 23 förfaller
519 1500 91 21 berörde
626 1499 101 27 förslag".
