1109 1678
402 105 39 18 Den
461 104 24 18 10
500 105 107 18 December.
833 101 52 20 1181

90 166 57 21 finna
163 166 124 23 derutöfver
305 167 85 26 nödiga,
407 167 24 22 så
446 168 83 27 hoppas
542 168 39 27 jag
596 168 33 21 att
645 167 116 21 ständerna
776 166 7 21 i
799 165 61 22 detta
874 165 42 26 fall,

90 195 93 21 likasom
203 197 7 20 i
234 196 67 21 andra
323 196 78 27 dylika,
420 196 49 22 icke
485 197 60 21 skola
561 199 66 24 vägra
642 197 33 20 att
690 195 5 21 i
712 195 121 27 möjligaste
849 194 68 21 måtto

92 224 59 21 anslå
166 225 71 21 medel
252 225 33 20 för
299 224 141 22 bestridande
456 225 23 21 af
493 225 66 21 dessa
573 225 97 26 utgifter.
700 224 41 26 Jag
756 223 39 21 har
810 223 50 26 inga
875 221 43 22 siff-

90 259 36 15 ror
148 253 40 21 och
203 254 43 21 kan
261 253 47 21 icke
323 253 120 22 framställa
457 254 67 27 några
539 254 75 26 siffror,
631 253 37 21 det
683 253 128 20 tillkommer
827 251 47 22 icke
891 257 26 15 en

92 281 83 22 enskild
197 289 49 14 man
267 283 32 20 att
312 281 7 21 i
335 282 81 21 sådana
432 282 71 27 frågor
518 283 101 21 utarbeta
635 282 54 25 dem,
713 281 104 21 de'skola
832 278 85 23 utarbe-

92 312 33 19 tas
145 311 28 26 på
189 312 65 20 annat
269 312 50 24 sätt,
337 311 39 21 och
392 311 75 27 frågan
483 311 39 22 bör
538 311 40 22 och
592 311 42 21 kan
649 309 114 22 framdeles
781 310 84 21 komma
879 315 39 15 un-

92 338 38 22 der
145 340 128 20 ständernas
289 338 123 27 afgörande.

160 368 34 21 Då
213 368 39 27 jag
273 374 29 14 nu
325 368 90 22 sålunda
438 369 110 21 bestämdt
563 369 115 21 motsätter
693 367 43 27 mig
752 366 131 27 antagandet
898 365 22 21 af

93 396 120 21 utskottets
235 396 143 27 betänkande,
399 398 38 20 ber
450 398 38 26 jag
504 399 32 20 att
552 398 6 20 i
574 398 81 20 största
670 396 88 21 korthet
772 395 22 20 få
809 394 109 27 rekapitu-

91 425 47 21 lera
156 425 27 21 de
205 425 155 26 väsentligaste
384 425 53 27 skäl,
461 426 85 21 hvarför
567 426 37 27 jag
626 425 48 21 icke
693 425 42 20 kan
751 424 114 27 godkänna
880 423 38 21 all-

92 456 49 19 män
164 453 133 27 värnepligts
319 453 110 22 införande
452 455 7 20 i
478 455 81 22 landet.
589 455 72 20 Dessa
681 453 47 22 skäl
744 455 44 24 äro,
805 454 33 19 att
853 453 65 20 stats-

92 483 113 21 makterna
227 482 48 21 icke
298 482 63 21 hafva
383 485 44 19 rätt
449 485 33 20 att
504 483 94 27 pålägga
620 482 108 22 individen
749 483 32 20 ett
796 481 123 26 ovilkorligt

93 512 71 26 tvång,
181 517 46 15 som
243 511 84 21 fordrar
342 511 149 27 uppoffrandet
507 512 22 21 af
543 512 50 21 hela
609 511 54 22 hans
679 510 147 28 personlighet
842 509 40 22 och
897 509 23 21 af

92 540 54 21 hans
170 539 142 28 öfvertygelse
335 546 33 15 om
386 540 37 22 det
437 543 64 24 rätta;
520 553 23 3 —
561 543 33 19 att
609 541 48 20 vårt
671 540 50 21 land
739 539 47 21 icke
802 545 51 20 eger
870 544 26 15 en
911 538 7 21 i

94 569 79 21 minsta
193 569 68 20 måtto
278 568 135 28 sjelfständig
428 569 171 28 utrikespolitik;
618 581 23 3 —
659 570 33 19 att
706 568 85 21 landets
806 573 113 21 represen-

93 599 72 20 tanter
187 597 48 22 icke
251 603 40 20 ega
305 597 7 21 i
328 597 69 27 någon
413 599 48 20 mån
477 599 88 21 inverka
579 598 29 27 på
623 598 47 26 krig
685 597 52 21 eller
752 596 46 21 fred
813 596 53 22 eller
882 601 37 16 ens

95 627 27 26 på
136 626 59 21 valet
211 625 22 22 af
247 626 26 21 de
288 626 126 27 rädgifvare,
431 633 47 15 som
493 629 97 20 närmast
606 626 92 27 omgifva
713 627 113 25 regenten;
845 637 22 2 —
887 625 33 20 alt

93 655 49 21 vårt
163 655 62 20 lands
242 655 149 26 egendomliga
407 656 102 26 ställning
525 656 122 26 ovilkorligt
663 655 82 21 fordrar
759 654 65 21 frihet
838 653 34 21 för
887 653 31 21 in-

95 682 85 22 dividen
196 684 33 20 att
244 684 77 26 antaga
335 684 148 27 militärtjenst
499 685 51 21 eller
565 684 59 26 icke;
642 696 23 2 —
685 685 32 19 att
731 683 21 21 vi
767 683 7 20 i
789 682 130 26 indelnings-

94 712 75 21 verket
191 711 64 22 hafva
278 713 31 20 ett
332 712 127 27 bepröfvadt
482 714 40 20 och
544 713 33 21 för
599 712 52 22 våra
667 714 90 25 säregna
772 710 148 22 förhållanden

94 740 98 27 lämpligt
207 740 188 27 nationalförsvar;
411 754 28 2 —
455 746 40 17 och
511 742 108 26 slutligen,
636 742 33 20 att
685 741 40 21 den
741 740 92 21 militära
848 738 72 22 straff-

93 769 163 27 lagstiftningen
271 769 48 22 icke
335 772 23 19 är
373 770 108 22 beroende
497 770 22 22 af
533 771 127 21 ständernas
675 769 136 22 medverkan.

162 798 31 21 På
214 798 69 26 grund
299 798 22 21 af
335 798 56 22 hvad
404 800 37 26 jag
456 806 28 14 nu
500 799 46 22 haft
562 802 51 18 äran
629 798 80 26 anföra,
725 798 32 21 får
769 798 37 26 jag
821 796 33 22 för
868 796 52 22 Rid-

94 826 117 27 derskapet
234 827 40 21 och
296 827 69 21 Adeln
387 828 110 22 vördsamt
519 828 90 22 föreslå:
633 829 33 20 att
688 826 170 27 Ridderskapets
880 824 40 22 och

94 856 80 21 Adelns
197 856 72 20 beslut
291 856 6 20 i
314 856 69 22 denna
397 856 61 28 fråga
473 858 67 20 måtte
556 856 71 27 blifva,
645 858 32 19 att
691 855 97 25 förkasta
803 854 61 22 såväl
880 854 40 21 den

94 884 78 26 nådiga
187 884 160 27 propositionen
364 891 46 15 som
424 886 253 26 värnepligtsutskottets
692 884 137 22 betänkande
845 889 34 15 om
889 882 31 21 in-

94 913 89 21 förande
199 912 22 22 af
235 913 78 21 allmän
329 914 120 27 värnepligt
465 914 7 22 i
487 915 81 25 landet,
585 916 57 20 samt
653 915 32 20 att
694 911 227 26 tillika
773 907 11 40 i
793 911 128 26 underdänig

94 942 112 21 skrifvelse
214 942 40 21 hos
263 942 58 21 Hans
337 942 121 28 Kejserliga
466 944 103 26 Majestät
578 943 95 21 anmäla:
682 944 33 19 att
723 942 116 21 ständerna
846 940 34 22 för
888 940 32 21 sin

95 970 34 22 del
136 970 57 22 finna
201 970 196 27 indelningsverket
405 971 131 23 fortfarande
544 973 78 25 utgöra
631 971 41 21 den
680 971 135 26 lämpligaste
824 969 98 27 grunden

95 998 33 22 för
144 999 173 26 organisationen
331 1000 22 21 af
367 1000 83 21 landets
466 1000 190 26 nationalförsvar;
672 1002 32 19 att
719 999 117 21 ständerna
851 997 71 21 derför

95 1029 69 20 motse
181 1029 32 20 ett
229 1029 60 20 snart
304 1028 199 27 äteruppställande
520 1029 22 21 af
555 1029 85 21 landets
649 1028 82 21 indelta
739 1027 64 26 armé,
812 1027 32 21 till
853 1026 68 21 sådan

96 1056 88 26 storlek,
195 1063 45 14 som
248 1056 60 21 Hans
317 1057 121 27 Kejserliga
445 1058 103 27 Majestät
556 1057 68 22 finner
631 1063 52 15 vara
691 1057 58 21 såväl
757 1056 48 21 med
814 1057 57 20 rust-
881 1054 40 22 och

95 1085 168 22 rotehällarenes
279 1085 87 26 krafter,
383 1092 46 15 som
437 1087 85 21 landets
531 1087 115 26 tillgängar
653 1085 101 27 förenlig;
770 1086 39 24 att,
817 1083 46 22 ifall
874 1083 48 21 der-

95 1114 34 21 vid
138 1120 45 15 mer
199 1115 26 20 än
241 1120 26 15 en
282 1121 48 14 man
339 1114 47 22 frän
394 1115 36 21 tvä
439 1115 131 22 soldatrotar
579 1115 85 21 komme
673 1116 32 19 att
714 1113 81 26 ställas,
804 1113 52 21 eller
864 1114 58 19 rust-

95 1143 72 20 hällen
176 1142 136 22 öfverhöfvan
320 1143 113 27 betungas,
443 1144 118 21 ständerna
569 1144 68 21 önska
645 1149 76 20 genom
730 1141 103 23 särskildt
841 1140 81 27 anslag,

95 1171 88 22 hvarom
205 1171 60 21 Hans
281 1172 104 27 Majestät
400 1173 84 22 täcktes
500 1173 36 21 vid
551 1173 80 20 urtima
647 1172 52 21 eller
713 1171 90 27 lagtima
817 1169 105 26 landtdag

97 1199 111 27 förelägga
224 1200 115 21 ständerna
353 1201 66 26 nädig
433 1201 141 28 proposition,
590 1201 69 21 lindra
674 1201 82 21 bördan
770 1199 33 22 för
817 1200 58 20 rust-
884 1197 40 22 och

97 1229 156 26 rothällarene;
277 1231 32 19 att
332 1230 116 21 ständerna
471 1229 130 27 derutöfver,
617 1229 7 22 i
639 1229 104 22 händelse
758 1227 166 22 militiefondens

98 1257 114 27 tillgångar
234 1257 48 22 icke
301 1257 70 22 skulle
386 1257 67 23 förslä
468 1259 32 20 till
516 1259 135 21 bekostande
667 1257 22 22 af
703 1257 116 28 utgifterna
833 1255 34 22 för
883 1255 41 22 den

96 1286 83 21 indelta
200 1286 113 27 militären,
337 1287 52 21 eller
411 1287 32 22 för
465 1287 101 22 värfvade
589 1289 96 24 trupper,
707 1293 45 14 som
768 1286 31 21 till
815 1284 109 27 äfventyrs

97 1314 72 22 kunde
178 1313 22 22 af
208 1314 61 21 Hans
278 1315 103 27 Majestät
388 1315 68 22 finnas
464 1316 86 27 nödiga,
555 1318 37 19 äro
600 1315 72 27 villige
681 1317 32 19 att
719 1315 78 27 jemväl
806 1313 72 22 härför
889 1319 37 14 an-

98 1343 46 21 visa
160 1343 75 26 medel,
252 1343 32 21 till
300 1344 25 20 sä
338 1345 57 20 stort
409 1344 86 27 belopp,
512 1350 47 16 som
575 1344 124 26 ständerna,
711 1343 54 21 efter
774 1341 152 27 emottagande

98 1371 22 22 af
140 1372 65 26 nädig
228 1372 135 27 proposition
385 1373 7 20 i
411 1375 78 24 ämnet,
507 1372 58 22 finna
579 1372 74 22 landet
668 1374 53 19 utan
737 1370 126 23 ekonomisk
878 1370 48 21 ruin

98 1400 73 21 kunna
186 1400 63 26 bära;
269 1412 24 3 —
309 1402 56 20 samt
382 1403 31 19 att
429 1402 72 21 vidare
516 1402 93 25 besluta,
627 1402 32 20 att
668 1401 31 21 till
708 1399 218 27 värnepligtsutskot-

99 1430 33 20 tet
148 1429 158 21 äterremittera
321 1430 50 20 dess
388 1430 137 22 betänkande
542 1436 34 16 om
593 1430 116 21 anvisande
725 1429 22 21 af
759 1428 70 22 medel
845 1427 34 21 till
890 1427 37 21 be-

99 1457 111 21 stridande
233 1457 22 22 af
276 1458 147 22 kostnaderna
445 1458 33 22 för
493 1459 78 21 allmän
588 1458 131 26 värnepligts
733 1457 111 21 införande
859 1456 7 21 i
881 1456 46 20 lan-

99 1485 44 27 det,
159 1486 49 21 med
225 1486 99 22 anhällan
339 1488 34 20 att
387 1487 110 22 utskottet
511 1488 50 21 ville
576 1488 52 25 taga
643 1487 6 21 i
665 1486 158 26 öfvervägande
838 1484 42 22 och
895 1483 33 21 till

100 1515 117 21 ständerna
236 1515 108 22 inkomma
359 1516 50 21 med
423 1516 87 27 förslag,
528 1522 34 16 om
578 1515 40 22 och
633 1515 32 22 till
680 1515 57 22 hvad
752 1514 85 28 belopp,
853 1513 27 21 de
895 1511 33 22 för
