1109 1678
393 100 39 17 Den
450 97 11 19 5
478 99 106 18 December.
829 98 53 19 1047

150 161 56 22 Herr
229 163 190 26 Montgomery:
443 163 42 26 Jag
508 162 38 21 ber
568 162 7 21 i
599 162 115 27 anledning
730 162 22 21 af
765 162 89 21 friherre
871 169 40 14 von

81 191 69 20 Borns
166 193 87 20 senaste
268 191 99 27 yttrande
384 191 20 21 få
419 190 119 27 framhålla,
555 193 33 19 att
601 191 37 27 jag
654 191 28 27 pä
698 191 27 21 de
739 191 23 21 af
769 190 89 23 friherre
870 197 40 15 von

81 220 57 21 Born
154 219 90 22 anförda
259 219 47 22 skäl
321 219 7 21 i
343 219 146 27 lagutskottet
504 220 109 27 päyrkade
629 226 27 15 en
672 220 67 21 sådan
748 220 162 27 sammanjemk-

82 248 56 27 ning,
162 250 33 19 att
217 249 126 26 visserligen
366 249 58 21 tiden
439 248 71 22 skulle
526 248 65 22 blifva
606 248 125 22 bibehållen
746 249 35 21 vid
796 249 74 21 femtio
886 249 24 20 år

80 277 52 22 eller
154 277 43 22 lika
219 278 62 26 länge
304 283 46 15 som
373 277 92 28 skyddet
480 277 33 21 för
528 277 138 22 författarens
682 279 45 20 rätt
742 277 32 21 till
790 277 118 27 originalet,

80 313 48 14 men
152 308 32 19 att
200 308 33 19 ett
247 306 104 21 förbehåll
367 306 69 21 skulle
453 307 7 20 i
475 306 64 26 lagen
554 306 144 21 föreskrifvas.
730 306 66 21 Detta
811 306 49 22 mitt
875 313 33 20 yr-

79 335 71 21 kande
174 335 105 21 stannade
294 335 7 20 i
316 335 137 21 minoriteten
469 335 6 20 i
491 335 162 26 Lagutskottet,
670 335 41 21 och
723 335 38 27 jag
776 335 85 21 befarar
876 336 33 20 att

79 363 124 27 isynnerhet
226 370 40 19 om,
290 363 71 21 såsom
382 364 37 27 jag
435 366 45 18 tror
495 363 43 27 mig
553 365 57 25 veta,
626 364 185 26 Borgareståndet
826 363 83 27 antagit

80 392 327 27 sammanjemkningsförslaget,
432 399 25 14 en
475 392 124 21 återremiss
616 392 6 21 i
639 392 36 21 det
691 392 55 27 syfte
763 392 89 22 friherre
867 398 41 15 von

78 421 57 21 Born
151 420 113 27 föreslagit
279 427 33 14 om
328 427 26 21 ny
371 421 206 27 sammanjemkning
592 421 7 20 i
615 421 70 21 denna
700 420 61 27 fråga
775 421 48 22 icke
838 421 69 22 skulle

78 449 64 22 hafva
157 449 71 27 någon
243 449 85 28 påföljd.

148 478 50 22 Som
221 478 44 27 deti
280 478 23 21 af
322 478 90 22 friherre
431 485 41 15 von
488 478 58 21 Born
563 477 79 28 afgifna
657 477 104 28 förslaget
775 478 48 22 icke
838 478 69 22 blifvit

79 508 134 24 understödt,
229 507 72 22 beslöt
315 507 86 22 ståndet
417 508 32 21 att
459 507 116 27 godkänna
584 507 322 28 sammanjemkningsförslaget

77 536 133 22 beträffande
227 535 10 28 $
254 538 18 19 6.

146 565 57 22 Utan
227 565 123 21 diskussion
373 565 125 27 godkändes
523 564 322 28 sammanjemkningsförslaget
867 565 37 21 be-

77 593 105 22 träffande
197 593 23 28 $$
237 595 10 20 9
265 594 39 21 och
321 595 32 20 13.

145 623 116 26 Angående
277 621 322 29 sammanjemkningsförslaget
609 623 16 20 .i
645 622 101 22 afseende
762 623 13 20 å
790 622 23 28 8$
830 624 25 19 15
872 622 32 21 till

78 653 24 20 17
118 652 97 26 yttrades
230 650 22 22 af

144 680 56 21 Herr
214 686 42 16 von
271 680 107 22 Becker:
410 680 29 22 Så
454 680 96 26 önskligt
565 680 38 21 det
617 681 27 19 än
652 686 57 20 vore,
721 681 38 25 att,
769 679 134 22 beträffande

76 709 70 21 denna
160 708 132 28 författning,
309 709 64 21 enhet
387 709 7 21 i
410 709 81 27 åsigter
507 708 92 22 stånden
615 709 90 21 emellan
721 708 74 28 gjorde
811 708 33 26 sig
857 708 45 26 gäl-

74 738 70 26 lande,
160 738 83 27 hoppas
257 738 37 26 jag
309 738 55 21 dock
381 739 32 20 att
429 738 160 26 Ridderskapet
604 738 40 21 och
659 737 69 22 Adeln
743 737 48 21 icke
802 737 54 21 skall
866 743 36 15 an-

74 768 52 26 taga
142 767 41 21 den
198 768 46 20 text
259 766 31 22 till
308 768 24 20 15
349 766 40 22 och
407 768 24 20 16
447 766 24 28 $$
487 772 47 16 som
548 766 156 26 Lagutskottet
719 766 7 21 i
742 766 38 21 sitt
796 772 106 15 samman-

72 795 204 27 jemkningsförslag
290 794 120 22 framställt.
441 796 41 26 Jag
497 796 47 20 tror
559 795 106 27 nemligen
681 797 32 19 att
729 795 40 21 den
785 794 116 22 delafför-

73 824 127 27 fattningen,
217 830 46 16 som
277 824 62 22 berör
355 824 126 22 artisternas
497 825 51 25 rätt,
565 824 48 21 icke
629 824 123 26 derigenom
763 824 54 21 skall
829 822 71 22 äfven-

74 856 64 24 tyras.
169 853 50 21 Men
243 854 32 20 att
297 853 49 27 ingå
361 853 28 27 pä
404 852 167 28 Lagutskottets
587 852 86 27 förslag,
690 858 50 16 vore
755 854 32 20 att
802 852 70 21 lemna
888 852 13 21 ä

74 882 46 22 sido
138 888 25 16 en
179 882 122 27 grundsats,
322 884 92 24 antagen
433 881 22 22 af
473 881 42 21 den
531 881 68 27 öfriga
614 882 103 21 nordiska
732 880 168 28 lagstiftningen,

74 912 56 20 samt
145 911 6 21 i
167 911 74 21 stället
263 911 113 26 godkänna
399 917 32 20 en,
455 910 67 27 enligt
541 910 43 21 min
599 910 72 27 tanke,
686 910 114 26 bristfällig
815 909 85 22 vilsele-

74 940 70 22 dande
166 940 87 27 lagtext.
284 940 33 20 Då
339 939 160 27 Ridderskapet
520 939 40 21 och
576 939 68 21 Adeln
662 938 138 22 diskuterade
817 940 25 20 15
860 938 40 21 och

75 970 24 20 16
116 968 24 28 88
155 969 6 21 i
178 969 70 21 denna
262 968 131 27 författning,
409 968 95 26 förelägo
525 969 34 20 tre
579 968 58 21 olika
658 968 89 26 äsigter:
768 967 131 27 Lagutskot-

73 999 49 24 tets,
140 998 40 21 den
195 997 120 27 Kejserliga
323 997 172 27 propositionens
508 997 39 21 och
559 998 137 20 reservanten
707 996 50 21 herr
766 996 132 21 Ehrströms.

72 1026 161 27 Lagutskottet,
257 1026 108 27 utgäende
387 1025 46 22 frän
457 1026 41 21 den
518 1025 108 28 synpunkt
641 1027 33 19 att
690 1031 26 15 en
731 1025 36 26 lag
782 1025 32 20 till
830 1024 69 27 skydd

72 1055 33 21 för
127 1055 141 21 konstnärers
291 1055 88 21 arbeten
403 1060 50 16 vore
478 1056 52 19 nära
545 1060 43 21 nog
603 1053 114 27 obehöflig,
733 1053 68 27 ansäg
817 1055 33 19 att
866 1053 32 20 ät-

71 1083 107 22 minstone
195 1085 31 20 ett
242 1083 66 28 dylikt
323 1083 69 28 skydd
407 1083 48 22 icke
462 1083 68 22 borde
539 1083 140 21 tillerkännas
687 1082 80 21 mälare
776 1082 40 21 och
825 1081 73 27 skulp-

72 1113 59 20 törer
154 1114 51 25 gent
221 1114 57 19 emot
293 1112 178 27 kopparstickare
487 1112 41 21 och
544 1111 54 22 slike
614 1111 93 26 artister,
724 1111 83 21 hvilkas
823 1110 75 21 konst-

71 1141 106 27 närsskap
193 1141 154 27 Lagutskottet
362 1141 47 21 icke
425 1141 85 27 tycktes
527 1139 106 28 uppfatta,
649 1141 56 20 samt
716 1141 33 20 att
757 1139 142 28 skyddstiden

72 1170 18 27 ej
114 1170 67 21 borde
203 1169 123 22 utsträckas
349 1169 75 26 längre
447 1171 27 20 än
491 1169 68 21 under
580 1169 143 21 konstnärens
747 1168 73 22 lifstid.
851 1168 48 21 Den

71 1199 122 27 Kejserliga
208 1199 161 26 propositionen
389 1198 138 27 tillgodosåg,
545 1204 34 15 om
595 1198 65 21 också
675 1197 48 22 icke
739 1197 6 21 i
761 1197 48 26 allo,
826 1196 25 22 så
866 1197 32 20 åt-

71 1227 107 22 minstone
201 1228 6 21 i
229 1227 108 27 väsentlig
351 1227 49 21 mån
417 1227 59 21 såväl
492 1227 145 21 konstnärens
653 1228 50 25 rätt,
721 1232 45 15 som
781 1225 117 22 allmänhe-

70 1257 48 20 tens
135 1257 74 26 billiga
225 1257 80 20 önskan
321 1257 32 20 att
369 1255 91 28 skyddet
475 1255 33 22 för
524 1255 98 22 artistisk
638 1255 127 27 eganderätt
772 1255 48 21 icke
829 1253 70 22 skulle

70 1285 123 22 utsträckas
216 1284 33 22 för
271 1285 66 26 långt.
368 1285 67 21 Detta
457 1284 83 21 skedde
563 1290 76 21 genom
655 1286 38 23 att,
710 1284 7 21 i
732 1283 165 22 öfverensstäm-

70 1313 66 22 melse
159 1313 49 22 med
225 1314 40 21 den
281 1313 67 27 öfriga
363 1313 103 21 nordiska
482 1313 170 26 lagstiftningen,
669 1312 69 22 införa
753 1314 76 20 tvenne
846 1311 52 21 tids-

70 1342 160 27 bestämningar
246 1342 32 21 för
294 1342 36 21 det
346 1342 69 27 skydd
430 1342 105 21 konstnär
551 1341 40 21 bör
607 1341 83 27 åtnjuta
705 1341 33 21 för
746 1341 47 21 sina
801 1341 96 25 arbeten,

70 1373 57 19 samt
150 1377 76 21 genom
250 1372 32 20 att
305 1370 32 21 till
357 1377 26 15 en
399 1370 43 22 viss
459 1370 53 27 grad
528 1371 66 20 värna
609 1371 113 25 gravörers
739 1370 39 21 och
794 1369 103 26 lithogra-

69 1398 43 22 fers
134 1401 55 25 rätt;
209 1400 40 21 och
265 1399 72 26 borde,
355 1399 66 27 enligt
435 1399 122 27 Kejserliga
572 1398 168 27 propositionen,
757 1397 141 26 skyddstiden

69 1427 33 22 för
124 1428 113 28 kopiering
259 1428 7 21 i
284 1434 82 15 samma
381 1428 100 21 konstart
496 1428 67 21 räcka
579 1427 77 21 endast
671 1428 68 20 under
753 1427 144 21 konstnärens

68 1456 75 28 lifstid,
167 1457 98 22 deremot
287 1456 66 22 borde
377 1456 91 28 skyddet
489 1456 34 22 för
538 1455 187 27 mångfaldigande
741 1455 22 22 af
776 1456 53 20 hans
846 1454 52 22 verk

69 1491 78 20 genom
169 1492 82 21 gravyr,
274 1484 105 27 fotografi,
397 1485 120 27 afgjutning
532 1491 18 15 o.
568 1490 16 15 s.
600 1490 19 15 v.
636 1484 122 22 utsträckas
774 1484 32 21 till
821 1484 76 20 konst-

68 1515 78 21 närens
162 1514 67 23 lifstid
246 1514 39 22 och
301 1514 67 21 sedan
382 1514 32 23 till
429 1514 54 22 hans
499 1512 196 24 rättsinnehafvare
711 1515 26 19 30
747 1513 22 21 år
778 1512 54 22 efter
843 1512 53 22 hans
