<?xml version="1.0" encoding="UTF-8"?>
<alto xmlns="http://www.loc.gov/standards/alto/ns-v3#" xmlns:xlink="http://www.w3.org/1999/xlink" xmlns:xsi="http://www.w3.org/2001/XMLSchema-instance" xsi:schemaLocation="http://www.loc.gov/standards/alto/ns-v3# http://www.loc.gov/alto/v3/alto-3-0.xsd">
	<Description>
		<MeasurementUnit>pixel</MeasurementUnit>
		<sourceImageInformation>
			<fileName>/tmp/tess_spsvoahk_input.PNG</fileName>
		</sourceImageInformation>
		<OCRProcessing ID="OCR_0">
			<ocrProcessingStep>
				<processingSoftware>
					<softwareName>tesseract 5.3.4</softwareName>
				</processingSoftware>
			</ocrProcessingStep>
		</OCRProcessing>
	</Description>
	<Layout>
		<Page WIDTH="1109" HEIGHT="1678" PHYSICAL_IMG_NR="0" ID="page_0">
			<PrintSpace HPOS="0" VPOS="0" WIDTH="1109" HEIGHT="1678">
				<GraphicalElement ID="cblock_0" HPOS="0" VPOS="27" WIDTH="6" HEIGHT="1014"></GraphicalElement >
				<ComposedBlock ID="cblock_1" HPOS="224" VPOS="97" WIDTH="491" HEIGHT="24">
					<TextBlock ID="block_0" HPOS="224" VPOS="97" WIDTH="491" HEIGHT="24">
						<TextLine ID="line_0" HPOS="224" VPOS="97" WIDTH="491" HEIGHT="24">
							<String ID="string_0" HPOS="224" VPOS="97" WIDTH="56" HEIGHT="22" WC="0.96" CONTENT="1130"/><SP WIDTH="244" VPOS="97" HPOS="280"/>
							<String ID="string_1" HPOS="524" VPOS="103" WIDTH="41" HEIGHT="17" WC="0.96" CONTENT="Den"/><SP WIDTH="16" VPOS="103" HPOS="565"/>
							<String ID="string_2" HPOS="581" VPOS="101" WIDTH="12" HEIGHT="19" WC="0.96" CONTENT="7"/><SP WIDTH="16" VPOS="101" HPOS="593"/>
							<String ID="string_3" HPOS="609" VPOS="103" WIDTH="106" HEIGHT="18" WC="0.93" CONTENT="December."/>
						</TextLine>
					</TextBlock>
				</ComposedBlock>
				<ComposedBlock ID="cblock_2" HPOS="181" VPOS="162" WIDTH="838" HEIGHT="1378">
					<TextBlock ID="block_1" HPOS="181" VPOS="162" WIDTH="838" HEIGHT="1378">
						<TextLine ID="line_1" HPOS="192" VPOS="162" WIDTH="826" HEIGHT="30">
							<String ID="string_4" HPOS="192" VPOS="162" WIDTH="24" HEIGHT="22" WC="0.96" CONTENT="af"/><SP WIDTH="21" VPOS="162" HPOS="216"/>
							<String ID="string_5" HPOS="237" VPOS="163" WIDTH="70" HEIGHT="22" WC="0.96" CONTENT="denna"/><SP WIDTH="17" VPOS="163" HPOS="307"/>
							<String ID="string_6" HPOS="324" VPOS="166" WIDTH="9" HEIGHT="19" WC="0.94" CONTENT="1"/><SP WIDTH="18" VPOS="166" HPOS="333"/>
							<String ID="string_7" HPOS="351" VPOS="164" WIDTH="17" HEIGHT="28" WC="0.77" CONTENT="8,"/><SP WIDTH="17" VPOS="164" HPOS="368"/>
							<String ID="string_8" HPOS="385" VPOS="165" WIDTH="44" HEIGHT="22" WC="0.93" CONTENT="deri"/><SP WIDTH="16" VPOS="165" HPOS="429"/>
							<String ID="string_9" HPOS="445" VPOS="165" WIDTH="37" HEIGHT="22" WC="0.96" CONTENT="det"/><SP WIDTH="15" VPOS="165" HPOS="482"/>
							<String ID="string_10" HPOS="497" VPOS="165" WIDTH="62" HEIGHT="22" WC="0.96" CONTENT="heter"/><SP WIDTH="16" VPOS="165" HPOS="559"/>
							<String ID="string_11" HPOS="575" VPOS="167" WIDTH="33" HEIGHT="20" WC="0.93" CONTENT="att"/><SP WIDTH="17" VPOS="167" HPOS="608"/>
							<String ID="string_12" HPOS="625" VPOS="183" WIDTH="9" HEIGHT="9" WC="0.20" CONTENT=","/><SP WIDTH="3" VPOS="183" HPOS="634"/>
							<String ID="string_13" HPOS="637" VPOS="166" WIDTH="67" HEIGHT="26" WC="0.20" CONTENT="brott,"/><SP WIDTH="18" VPOS="166" HPOS="704"/>
							<String ID="string_14" HPOS="722" VPOS="172" WIDTH="46" HEIGHT="15" WC="0.96" CONTENT="som"/><SP WIDTH="16" VPOS="172" HPOS="768"/>
							<String ID="string_15" HPOS="784" VPOS="166" WIDTH="49" HEIGHT="21" WC="0.93" CONTENT="röra"/><SP WIDTH="15" VPOS="166" HPOS="833"/>
							<String ID="string_16" HPOS="848" VPOS="164" WIDTH="170" HEIGHT="22" WC="0.92" CONTENT="marketentares"/>
						</TextLine>
						<TextLine ID="line_2" HPOS="191" VPOS="191" WIDTH="827" HEIGHT="31">
							<String ID="string_17" HPOS="191" VPOS="191" WIDTH="123" HEIGHT="29" WC="0.96" CONTENT="befattning"/><SP WIDTH="23" VPOS="191" HPOS="314"/>
							<String ID="string_18" HPOS="337" VPOS="194" WIDTH="34" HEIGHT="21" WC="0.96" CONTENT="vid"/><SP WIDTH="23" VPOS="194" HPOS="371"/>
							<String ID="string_19" HPOS="394" VPOS="195" WIDTH="92" HEIGHT="26" WC="0.96" CONTENT="truppen"/><SP WIDTH="23" VPOS="195" HPOS="486"/>
							<String ID="string_20" HPOS="509" VPOS="195" WIDTH="53" HEIGHT="21" WC="0.95" CONTENT="eller"/><SP WIDTH="22" VPOS="195" HPOS="562"/>
							<String ID="string_21" HPOS="584" VPOS="195" WIDTH="6" HEIGHT="21" WC="0.96" CONTENT="i"/><SP WIDTH="23" VPOS="195" HPOS="590"/>
							<String ID="string_22" HPOS="613" VPOS="194" WIDTH="40" HEIGHT="22" WC="0.96" CONTENT="fält"/><SP WIDTH="22" VPOS="194" HPOS="653"/>
							<String ID="string_23" HPOS="675" VPOS="195" WIDTH="40" HEIGHT="21" WC="0.96" CONTENT="och"/><SP WIDTH="16" VPOS="195" HPOS="715"/>
							<String ID="string_24" HPOS="731" VPOS="195" WIDTH="28" HEIGHT="27" WC="0.96" CONTENT="på"/><SP WIDTH="15" VPOS="195" HPOS="759"/>
							<String ID="string_25" HPOS="774" VPOS="194" WIDTH="97" HEIGHT="25" WC="0.85" CONTENT="flottan&quot;,"/><SP WIDTH="17" VPOS="194" HPOS="871"/>
							<String ID="string_26" HPOS="888" VPOS="193" WIDTH="130" HEIGHT="22" WC="0.96" CONTENT="äfvensom"/><SP WIDTH="-14" VPOS="193" HPOS="1018"/>
							<String ID="string_27" HPOS="1004" VPOS="187" WIDTH="18" HEIGHT="40" WC="0.96" CONTENT="i"/>
						</TextLine>
						<TextLine ID="line_3" HPOS="192" VPOS="221" WIDTH="827" HEIGHT="30">
							<String ID="string_28" HPOS="192" VPOS="221" WIDTH="66" HEIGHT="26" WC="0.92" CONTENT="sjette"/><SP WIDTH="22" VPOS="221" HPOS="258"/>
							<String ID="string_29" HPOS="280" VPOS="222" WIDTH="96" HEIGHT="27" WC="0.93" CONTENT="punkten"/><SP WIDTH="24" VPOS="222" HPOS="376"/>
							<String ID="string_30" HPOS="400" VPOS="223" WIDTH="65" HEIGHT="26" WC="0.89" CONTENT=",eller"/><SP WIDTH="22" VPOS="223" HPOS="465"/>
							<String ID="string_31" HPOS="487" VPOS="223" WIDTH="28" HEIGHT="22" WC="0.97" CONTENT="då"/><SP WIDTH="22" VPOS="223" HPOS="515"/>
							<String ID="string_32" HPOS="537" VPOS="223" WIDTH="7" HEIGHT="21" WC="0.96" CONTENT="i"/><SP WIDTH="22" VPOS="223" HPOS="544"/>
							<String ID="string_33" HPOS="566" VPOS="223" WIDTH="40" HEIGHT="22" WC="0.95" CONTENT="fält"/><SP WIDTH="15" VPOS="223" HPOS="606"/>
							<String ID="string_34" HPOS="621" VPOS="224" WIDTH="52" HEIGHT="21" WC="0.96" CONTENT="eller"/><SP WIDTH="15" VPOS="224" HPOS="673"/>
							<String ID="string_35" HPOS="688" VPOS="223" WIDTH="29" HEIGHT="28" WC="0.96" CONTENT="på"/><SP WIDTH="14" VPOS="223" HPOS="717"/>
							<String ID="string_36" HPOS="731" VPOS="223" WIDTH="84" HEIGHT="26" WC="0.96" CONTENT="flottan,"/><SP WIDTH="16" VPOS="223" HPOS="815"/>
							<String ID="string_37" HPOS="831" VPOS="223" WIDTH="53" HEIGHT="21" WC="0.96" CONTENT="eller"/><SP WIDTH="15" VPOS="223" HPOS="884"/>
							<String ID="string_38" HPOS="899" VPOS="222" WIDTH="68" HEIGHT="22" WC="0.96" CONTENT="under"/><SP WIDTH="14" VPOS="222" HPOS="967"/>
							<String ID="string_39" HPOS="981" VPOS="223" WIDTH="38" HEIGHT="26" WC="0.96" CONTENT="tåg"/>
						</TextLine>
						<TextLine ID="line_4" HPOS="193" VPOS="250" WIDTH="821" HEIGHT="29">
							<String ID="string_40" HPOS="193" VPOS="250" WIDTH="52" HEIGHT="21" WC="0.96" CONTENT="eller"/><SP WIDTH="15" VPOS="250" HPOS="245"/>
							<String ID="string_41" HPOS="260" VPOS="252" WIDTH="72" HEIGHT="20" WC="0.93" CONTENT="möten"/><SP WIDTH="17" VPOS="252" HPOS="332"/>
							<String ID="string_42" HPOS="349" VPOS="251" WIDTH="120" HEIGHT="22" WC="0.92" CONTENT="officerares"/><SP WIDTH="17" VPOS="251" HPOS="469"/>
							<String ID="string_43" HPOS="486" VPOS="253" WIDTH="52" HEIGHT="21" WC="0.95" CONTENT="eller"/><SP WIDTH="16" VPOS="253" HPOS="538"/>
							<String ID="string_44" HPOS="554" VPOS="259" WIDTH="69" HEIGHT="14" WC="0.96" CONTENT="annan"/><SP WIDTH="16" VPOS="259" HPOS="623"/>
							<String ID="string_45" HPOS="639" VPOS="253" WIDTH="31" HEIGHT="20" WC="0.93" CONTENT="till"/><SP WIDTH="16" VPOS="253" HPOS="670"/>
							<String ID="string_46" HPOS="686" VPOS="253" WIDTH="120" HEIGHT="26" WC="0.93" CONTENT="krigstaten"/><SP WIDTH="9" VPOS="253" HPOS="806"/>
							<String ID="string_47" HPOS="815" VPOS="251" WIDTH="95" HEIGHT="22" WC="0.93" CONTENT="hörande"/><SP WIDTH="12" VPOS="251" HPOS="910"/>
							<String ID="string_48" HPOS="922" VPOS="252" WIDTH="92" HEIGHT="21" WC="0.91" CONTENT="embets-"/>
						</TextLine>
						<TextLine ID="line_5" HPOS="192" VPOS="279" WIDTH="827" HEIGHT="29">
							<String ID="string_49" HPOS="192" VPOS="279" WIDTH="53" HEIGHT="21" WC="0.93" CONTENT="eller"/><SP WIDTH="22" VPOS="279" HPOS="245"/>
							<String ID="string_50" HPOS="267" VPOS="279" WIDTH="140" HEIGHT="27" WC="0.92" CONTENT="tjenstemans"/><SP WIDTH="24" VPOS="279" HPOS="407"/>
							<String ID="string_51" HPOS="431" VPOS="281" WIDTH="66" HEIGHT="27" WC="0.96" CONTENT="dräng"/><SP WIDTH="23" VPOS="281" HPOS="497"/>
							<String ID="string_52" HPOS="520" VPOS="281" WIDTH="52" HEIGHT="21" WC="0.93" CONTENT="eller"/><SP WIDTH="22" VPOS="281" HPOS="572"/>
							<String ID="string_53" HPOS="594" VPOS="281" WIDTH="54" HEIGHT="27" WC="0.92" CONTENT="öfrig"/><SP WIDTH="23" VPOS="281" HPOS="648"/>
							<String ID="string_54" HPOS="671" VPOS="281" WIDTH="110" HEIGHT="27" WC="0.92" CONTENT="betjening"/><SP WIDTH="20" VPOS="281" HPOS="781"/>
							<String ID="string_55" HPOS="801" VPOS="281" WIDTH="33" HEIGHT="27" WC="0.93" CONTENT="sig"/><SP WIDTH="15" VPOS="281" HPOS="834"/>
							<String ID="string_56" HPOS="849" VPOS="280" WIDTH="120" HEIGHT="27" WC="0.92" CONTENT="förbrutit*,"/><SP WIDTH="17" VPOS="280" HPOS="969"/>
							<String ID="string_57" HPOS="986" VPOS="282" WIDTH="33" HEIGHT="19" WC="0.97" CONTENT="att"/>
						</TextLine>
						<TextLine ID="line_6" HPOS="192" VPOS="307" WIDTH="826" HEIGHT="30">
							<String ID="string_58" HPOS="192" VPOS="307" WIDTH="65" HEIGHT="22" WC="0.92" CONTENT="dessa"/><SP WIDTH="22" VPOS="307" HPOS="257"/>
							<String ID="string_59" HPOS="279" VPOS="309" WIDTH="54" HEIGHT="21" WC="0.96" CONTENT="måls"/><SP WIDTH="23" VPOS="309" HPOS="333"/>
							<String ID="string_60" HPOS="356" VPOS="309" WIDTH="129" HEIGHT="28" WC="0.96" CONTENT="behandling"/><SP WIDTH="23" VPOS="309" HPOS="485"/>
							<String ID="string_61" HPOS="508" VPOS="310" WIDTH="69" HEIGHT="21" WC="0.93" CONTENT="skulle"/><SP WIDTH="24" VPOS="310" HPOS="577"/>
							<String ID="string_62" HPOS="601" VPOS="309" WIDTH="117" HEIGHT="22" WC="0.86" CONTENT="öfverföras"/><SP WIDTH="16" VPOS="309" HPOS="718"/>
							<String ID="string_63" HPOS="734" VPOS="310" WIDTH="32" HEIGHT="21" WC="0.95" CONTENT="till"/><SP WIDTH="15" VPOS="310" HPOS="766"/>
							<String ID="string_64" HPOS="781" VPOS="309" WIDTH="27" HEIGHT="22" WC="0.93" CONTENT="de"/><SP WIDTH="14" VPOS="309" HPOS="808"/>
							<String ID="string_65" HPOS="822" VPOS="309" WIDTH="86" HEIGHT="27" WC="0.93" CONTENT="vanliga"/><SP WIDTH="15" VPOS="309" HPOS="908"/>
							<String ID="string_66" HPOS="923" VPOS="310" WIDTH="95" HEIGHT="21" WC="0.92" CONTENT="domsto-"/>
						</TextLine>
						<TextLine ID="line_7" HPOS="191" VPOS="336" WIDTH="827" HEIGHT="29">
							<String ID="string_67" HPOS="191" VPOS="336" WIDTH="68" HEIGHT="21" WC="0.91" CONTENT="larna."/><SP WIDTH="30" VPOS="336" HPOS="259"/>
							<String ID="string_68" HPOS="289" VPOS="337" WIDTH="42" HEIGHT="27" WC="0.93" CONTENT="Jag"/><SP WIDTH="24" VPOS="337" HPOS="331"/>
							<String ID="string_69" HPOS="355" VPOS="339" WIDTH="37" HEIGHT="26" WC="0.93" CONTENT="tog"/><SP WIDTH="21" VPOS="339" HPOS="392"/>
							<String ID="string_70" HPOS="413" VPOS="338" WIDTH="43" HEIGHT="26" WC="0.96" CONTENT="mig"/><SP WIDTH="23" VPOS="338" HPOS="456"/>
							<String ID="string_71" HPOS="479" VPOS="338" WIDTH="27" HEIGHT="22" WC="0.93" CONTENT="dä"/><SP WIDTH="15" VPOS="338" HPOS="506"/>
							<String ID="string_72" HPOS="521" VPOS="338" WIDTH="91" HEIGHT="22" WC="0.92" CONTENT="friheten"/><SP WIDTH="17" VPOS="338" HPOS="612"/>
							<String ID="string_73" HPOS="629" VPOS="338" WIDTH="84" HEIGHT="22" WC="0.92" CONTENT="anmäla"/><SP WIDTH="16" VPOS="338" HPOS="713"/>
							<String ID="string_74" HPOS="729" VPOS="340" WIDTH="34" HEIGHT="20" WC="0.96" CONTENT="att"/><SP WIDTH="14" VPOS="340" HPOS="763"/>
							<String ID="string_75" HPOS="777" VPOS="338" WIDTH="58" HEIGHT="22" WC="0.96" CONTENT="vissa"/><SP WIDTH="15" VPOS="338" HPOS="835"/>
							<String ID="string_76" HPOS="850" VPOS="338" WIDTH="47" HEIGHT="26" WC="0.96" CONTENT="slag"/><SP WIDTH="15" VPOS="338" HPOS="897"/>
							<String ID="string_77" HPOS="912" VPOS="338" WIDTH="22" HEIGHT="21" WC="0.93" CONTENT="af"/><SP WIDTH="14" VPOS="338" HPOS="934"/>
							<String ID="string_78" HPOS="948" VPOS="337" WIDTH="70" HEIGHT="27" WC="0.93" CONTENT="gröfre"/>
						</TextLine>
						<TextLine ID="line_8" HPOS="191" VPOS="364" WIDTH="828" HEIGHT="29">
							<String ID="string_79" HPOS="191" VPOS="364" WIDTH="146" HEIGHT="28" WC="0.92" CONTENT="förbrytelser,"/><SP WIDTH="24" VPOS="364" HPOS="337"/>
							<String ID="string_80" HPOS="361" VPOS="372" WIDTH="76" HEIGHT="21" WC="0.93" CONTENT="genom"/><SP WIDTH="20" VPOS="372" HPOS="437"/>
							<String ID="string_81" HPOS="457" VPOS="367" WIDTH="72" HEIGHT="21" WC="0.92" CONTENT="hvilka"/><SP WIDTH="23" VPOS="367" HPOS="529"/>
							<String ID="string_82" HPOS="552" VPOS="368" WIDTH="49" HEIGHT="20" WC="0.93" CONTENT="hela"/><SP WIDTH="16" VPOS="368" HPOS="601"/>
							<String ID="string_83" HPOS="617" VPOS="366" WIDTH="84" HEIGHT="22" WC="0.91" CONTENT="armöns"/><SP WIDTH="16" VPOS="366" HPOS="701"/>
							<String ID="string_84" HPOS="717" VPOS="367" WIDTH="104" HEIGHT="21" WC="0.91" CONTENT="säkerhet"/><SP WIDTH="15" VPOS="367" HPOS="821"/>
							<String ID="string_85" HPOS="836" VPOS="367" WIDTH="43" HEIGHT="21" WC="0.93" CONTENT="kan"/><SP WIDTH="15" VPOS="367" HPOS="879"/>
							<String ID="string_86" HPOS="894" VPOS="366" WIDTH="64" HEIGHT="22" WC="0.90" CONTENT="blifva"/><SP WIDTH="16" VPOS="366" HPOS="958"/>
							<String ID="string_87" HPOS="974" VPOS="368" WIDTH="45" HEIGHT="20" WC="0.92" CONTENT="satt"/>
						</TextLine>
						<TextLine ID="line_9" HPOS="190" VPOS="393" WIDTH="827" HEIGHT="29">
							<String ID="string_88" HPOS="190" VPOS="393" WIDTH="29" HEIGHT="26" WC="0.96" CONTENT="pä"/><SP WIDTH="16" VPOS="393" HPOS="219"/>
							<String ID="string_89" HPOS="235" VPOS="394" WIDTH="52" HEIGHT="26" WC="0.93" CONTENT="spel,"/><SP WIDTH="18" VPOS="394" HPOS="287"/>
							<String ID="string_90" HPOS="305" VPOS="395" WIDTH="72" HEIGHT="21" WC="0.91" CONTENT="säsom"/><SP WIDTH="15" VPOS="395" HPOS="377"/>
							<String ID="string_91" HPOS="392" VPOS="395" WIDTH="109" HEIGHT="27" WC="0.93" CONTENT="förräderi,"/><SP WIDTH="17" VPOS="395" HPOS="501"/>
							<String ID="string_92" HPOS="518" VPOS="396" WIDTH="100" HEIGHT="26" WC="0.92" CONTENT="spioneri,"/><SP WIDTH="17" VPOS="396" HPOS="618"/>
							<String ID="string_93" HPOS="635" VPOS="402" WIDTH="50" HEIGHT="15" WC="0.93" CONTENT="vore"/><SP WIDTH="16" VPOS="402" HPOS="685"/>
							<String ID="string_94" HPOS="701" VPOS="396" WIDTH="48" HEIGHT="21" WC="0.93" CONTENT="utaf"/><SP WIDTH="14" VPOS="396" HPOS="749"/>
							<String ID="string_95" HPOS="763" VPOS="396" WIDTH="25" HEIGHT="21" WC="0.93" CONTENT="sä"/><SP WIDTH="15" VPOS="396" HPOS="788"/>
							<String ID="string_96" HPOS="803" VPOS="396" WIDTH="113" HEIGHT="21" WC="0.92" CONTENT="allvarsam"/><SP WIDTH="15" VPOS="396" HPOS="916"/>
							<String ID="string_97" HPOS="931" VPOS="394" WIDTH="86" HEIGHT="22" WC="0.88" CONTENT="beskaf-"/>
						</TextLine>
						<TextLine ID="line_10" HPOS="190" VPOS="421" WIDTH="828" HEIGHT="30">
							<String ID="string_98" HPOS="190" VPOS="421" WIDTH="81" HEIGHT="27" WC="0.92" CONTENT="fenhet,"/><SP WIDTH="24" VPOS="421" HPOS="271"/>
							<String ID="string_99" HPOS="295" VPOS="425" WIDTH="33" HEIGHT="19" WC="0.96" CONTENT="att"/><SP WIDTH="15" VPOS="425" HPOS="328"/>
							<String ID="string_100" HPOS="343" VPOS="423" WIDTH="38" HEIGHT="28" WC="0.93" CONTENT="jag"/><SP WIDTH="16" VPOS="423" HPOS="381"/>
							<String ID="string_101" HPOS="397" VPOS="424" WIDTH="67" HEIGHT="27" WC="0.91" CONTENT="ansäg"/><SP WIDTH="15" VPOS="424" HPOS="464"/>
							<String ID="string_102" HPOS="479" VPOS="426" WIDTH="33" HEIGHT="19" WC="0.96" CONTENT="att"/><SP WIDTH="15" VPOS="426" HPOS="512"/>
							<String ID="string_103" HPOS="527" VPOS="425" WIDTH="26" HEIGHT="21" WC="0.93" CONTENT="de"/><SP WIDTH="16" VPOS="425" HPOS="553"/>
							<String ID="string_104" HPOS="569" VPOS="425" WIDTH="48" HEIGHT="21" WC="0.92" CONTENT="icke"/><SP WIDTH="16" VPOS="425" HPOS="617"/>
							<String ID="string_105" HPOS="633" VPOS="425" WIDTH="70" HEIGHT="21" WC="0.96" CONTENT="skulle"/><SP WIDTH="15" VPOS="425" HPOS="703"/>
							<String ID="string_106" HPOS="718" VPOS="425" WIDTH="73" HEIGHT="21" WC="0.96" CONTENT="kunna"/><SP WIDTH="16" VPOS="425" HPOS="791"/>
							<String ID="string_107" HPOS="807" VPOS="424" WIDTH="53" HEIGHT="22" WC="0.93" CONTENT="eller"/><SP WIDTH="15" VPOS="424" HPOS="860"/>
							<String ID="string_108" HPOS="875" VPOS="424" WIDTH="53" HEIGHT="21" WC="0.93" CONTENT="böra"/><SP WIDTH="15" VPOS="424" HPOS="928"/>
							<String ID="string_109" HPOS="943" VPOS="424" WIDTH="23" HEIGHT="21" WC="0.93" CONTENT="ät"/><SP WIDTH="14" VPOS="424" HPOS="966"/>
							<String ID="string_110" HPOS="980" VPOS="424" WIDTH="38" HEIGHT="21" WC="0.91" CONTENT="be-"/>
						</TextLine>
						<TextLine ID="line_11" HPOS="190" VPOS="450" WIDTH="829" HEIGHT="30">
							<String ID="string_111" HPOS="190" VPOS="450" WIDTH="103" HEIGHT="27" WC="0.92" CONTENT="handling"/><SP WIDTH="22" VPOS="450" HPOS="293"/>
							<String ID="string_112" HPOS="315" VPOS="452" WIDTH="35" HEIGHT="21" WC="0.93" CONTENT="vid"/><SP WIDTH="22" VPOS="452" HPOS="350"/>
							<String ID="string_113" HPOS="372" VPOS="453" WIDTH="84" HEIGHT="27" WC="0.92" CONTENT="vanliga"/><SP WIDTH="23" VPOS="453" HPOS="456"/>
							<String ID="string_114" HPOS="479" VPOS="453" WIDTH="118" HEIGHT="22" WC="0.92" CONTENT="domstolar"/><SP WIDTH="16" VPOS="453" HPOS="597"/>
							<String ID="string_115" HPOS="613" VPOS="453" WIDTH="148" HEIGHT="26" WC="0.92" CONTENT="öfverlemnas,"/><SP WIDTH="17" VPOS="453" HPOS="761"/>
							<String ID="string_116" HPOS="778" VPOS="453" WIDTH="40" HEIGHT="21" WC="0.96" CONTENT="och"/><SP WIDTH="17" VPOS="453" HPOS="818"/>
							<String ID="string_117" HPOS="835" VPOS="455" WIDTH="33" HEIGHT="19" WC="0.93" CONTENT="att"/><SP WIDTH="16" VPOS="455" HPOS="868"/>
							<String ID="string_118" HPOS="884" VPOS="452" WIDTH="135" HEIGHT="27" WC="0.92" CONTENT="svärigheter"/>
						</TextLine>
						<TextLine ID="line_12" HPOS="190" VPOS="479" WIDTH="828" HEIGHT="32">
							<String ID="string_119" HPOS="190" VPOS="479" WIDTH="112" HEIGHT="22" WC="0.96" CONTENT="dessutom"/><SP WIDTH="15" VPOS="479" HPOS="302"/>
							<String ID="string_120" HPOS="317" VPOS="481" WIDTH="70" HEIGHT="22" WC="0.93" CONTENT="skulle"/><SP WIDTH="16" VPOS="481" HPOS="387"/>
							<String ID="string_121" HPOS="403" VPOS="482" WIDTH="78" HEIGHT="27" WC="0.93" CONTENT="uppstä"/><SP WIDTH="14" VPOS="482" HPOS="481"/>
							<String ID="string_122" HPOS="495" VPOS="482" WIDTH="7" HEIGHT="21" WC="0.93" CONTENT="i"/><SP WIDTH="15" VPOS="482" HPOS="502"/>
							<String ID="string_123" HPOS="517" VPOS="482" WIDTH="104" HEIGHT="22" WC="0.93" CONTENT="händelse"/><SP WIDTH="15" VPOS="482" HPOS="621"/>
							<String ID="string_124" HPOS="636" VPOS="482" WIDTH="68" HEIGHT="22" WC="0.93" CONTENT="finska"/><SP WIDTH="16" VPOS="482" HPOS="704"/>
							<String ID="string_125" HPOS="720" VPOS="484" WIDTH="90" HEIGHT="25" WC="0.93" CONTENT="trupper"/><SP WIDTH="15" VPOS="484" HPOS="810"/>
							<String ID="string_126" HPOS="825" VPOS="481" WIDTH="69" HEIGHT="30" WC="0.93" CONTENT="skulle"/><SP WIDTH="9" VPOS="481" HPOS="894"/>
							<String ID="string_127" HPOS="903" VPOS="481" WIDTH="115" HEIGHT="27" WC="0.92" CONTENT="uppehälla"/>
						</TextLine>
						<TextLine ID="line_13" HPOS="189" VPOS="508" WIDTH="827" HEIGHT="30">
							<String ID="string_128" HPOS="189" VPOS="508" WIDTH="34" HEIGHT="27" WC="0.95" CONTENT="sig"/><SP WIDTH="22" VPOS="508" HPOS="223"/>
							<String ID="string_129" HPOS="245" VPOS="509" WIDTH="7" HEIGHT="20" WC="0.93" CONTENT="i"/><SP WIDTH="23" VPOS="509" HPOS="252"/>
							<String ID="string_130" HPOS="275" VPOS="508" WIDTH="137" HEIGHT="24" WC="0.91" CONTENT="fiende-land."/><SP WIDTH="30" VPOS="508" HPOS="412"/>
							<String ID="string_131" HPOS="442" VPOS="511" WIDTH="104" HEIGHT="22" WC="0.92" CONTENT="Häremot"/><SP WIDTH="23" VPOS="511" HPOS="546"/>
							<String ID="string_132" HPOS="569" VPOS="511" WIDTH="39" HEIGHT="21" WC="0.93" CONTENT="har"/><SP WIDTH="15" VPOS="511" HPOS="608"/>
							<String ID="string_133" HPOS="623" VPOS="511" WIDTH="155" HEIGHT="27" WC="0.92" CONTENT="Lagutskottet"/><SP WIDTH="15" VPOS="511" HPOS="778"/>
							<String ID="string_134" HPOS="793" VPOS="511" WIDTH="105" HEIGHT="26" WC="0.96" CONTENT="anmärkt,"/><SP WIDTH="17" VPOS="511" HPOS="898"/>
							<String ID="string_135" HPOS="915" VPOS="511" WIDTH="33" HEIGHT="20" WC="0.96" CONTENT="att"/><SP WIDTH="17" VPOS="511" HPOS="948"/>
							<String ID="string_136" HPOS="965" VPOS="512" WIDTH="25" HEIGHT="19" WC="0.93" CONTENT="15"/><SP WIDTH="15" VPOS="512" HPOS="990"/>
							<String ID="string_137" HPOS="1005" VPOS="509" WIDTH="11" HEIGHT="28" WC="0.90" CONTENT="$"/>
						</TextLine>
						<TextLine ID="line_14" HPOS="189" VPOS="536" WIDTH="824" HEIGHT="31">
							<String ID="string_138" HPOS="189" VPOS="536" WIDTH="23" HEIGHT="21" WC="0.96" CONTENT="af"/><SP WIDTH="14" VPOS="536" HPOS="212"/>
							<String ID="string_139" HPOS="226" VPOS="537" WIDTH="37" HEIGHT="22" WC="0.93" CONTENT="det"/><SP WIDTH="15" VPOS="537" HPOS="263"/>
							<String ID="string_140" HPOS="278" VPOS="537" WIDTH="146" HEIGHT="28" WC="0.92" CONTENT="föreliggande"/><SP WIDTH="15" VPOS="537" HPOS="424"/>
							<String ID="string_141" HPOS="439" VPOS="539" WIDTH="248" HEIGHT="28" WC="0.92" CONTENT="författningsförslaget,"/><SP WIDTH="16" VPOS="539" HPOS="687"/>
							<String ID="string_142" HPOS="703" VPOS="540" WIDTH="87" HEIGHT="22" WC="0.92" CONTENT="hvilken"/><SP WIDTH="16" VPOS="540" HPOS="790"/>
							<String ID="string_143" HPOS="806" VPOS="539" WIDTH="154" HEIGHT="27" WC="0.92" CONTENT="Lagutskottet"/><SP WIDTH="16" VPOS="539" HPOS="960"/>
							<String ID="string_144" HPOS="976" VPOS="545" WIDTH="37" HEIGHT="15" WC="0.93" CONTENT="an-"/>
						</TextLine>
						<TextLine ID="line_15" HPOS="189" VPOS="566" WIDTH="828" HEIGHT="29">
							<String ID="string_145" HPOS="189" VPOS="567" WIDTH="46" HEIGHT="20" WC="0.90" CONTENT="sett"/><SP WIDTH="14" VPOS="567" HPOS="235"/>
							<String ID="string_146" HPOS="249" VPOS="566" WIDTH="73" HEIGHT="22" WC="0.93" CONTENT="kunna"/><SP WIDTH="15" VPOS="566" HPOS="322"/>
							<String ID="string_147" HPOS="337" VPOS="567" WIDTH="131" HEIGHT="28" WC="0.96" CONTENT="godkännas,"/><SP WIDTH="17" VPOS="567" HPOS="468"/>
							<String ID="string_148" HPOS="485" VPOS="568" WIDTH="23" HEIGHT="21" WC="0.85" CONTENT="ät"/><SP WIDTH="15" VPOS="568" HPOS="508"/>
							<String ID="string_149" HPOS="523" VPOS="569" WIDTH="147" HEIGHT="21" WC="0.92" CONTENT="befälhafvare"/><SP WIDTH="16" VPOS="569" HPOS="670"/>
							<String ID="string_150" HPOS="686" VPOS="568" WIDTH="141" HEIGHT="23" WC="0.92" CONTENT="öfverlemnar"/><SP WIDTH="15" VPOS="568" HPOS="827"/>
							<String ID="string_151" HPOS="842" VPOS="570" WIDTH="33" HEIGHT="19" WC="0.93" CONTENT="att"/><SP WIDTH="11" VPOS="570" HPOS="875"/>
							<String ID="string_152" HPOS="886" VPOS="570" WIDTH="67" HEIGHT="25" WC="0.93" CONTENT="näpsa"/><SP WIDTH="8" VPOS="570" HPOS="953"/>
							<String ID="string_153" HPOS="961" VPOS="574" WIDTH="56" HEIGHT="14" WC="0.93" CONTENT="mar-"/>
						</TextLine>
						<TextLine ID="line_16" HPOS="188" VPOS="594" WIDTH="830" HEIGHT="31">
							<String ID="string_154" HPOS="188" VPOS="594" WIDTH="114" HEIGHT="23" WC="0.92" CONTENT="ketentare"/><SP WIDTH="15" VPOS="594" HPOS="302"/>
							<String ID="string_155" HPOS="317" VPOS="596" WIDTH="41" HEIGHT="21" WC="0.96" CONTENT="och"/><SP WIDTH="15" VPOS="596" HPOS="358"/>
							<String ID="string_156" HPOS="373" VPOS="597" WIDTH="66" HEIGHT="21" WC="0.96" CONTENT="andra"/><SP WIDTH="15" VPOS="597" HPOS="439"/>
							<String ID="string_157" HPOS="454" VPOS="597" WIDTH="35" HEIGHT="22" WC="0.93" CONTENT="vid"/><SP WIDTH="15" VPOS="597" HPOS="489"/>
							<String ID="string_158" HPOS="504" VPOS="597" WIDTH="132" HEIGHT="27" WC="0.90" CONTENT="krigsstaten"/><SP WIDTH="15" VPOS="597" HPOS="636"/>
							<String ID="string_159" HPOS="651" VPOS="598" WIDTH="108" HEIGHT="21" WC="0.96" CONTENT="anställda"/><SP WIDTH="8" VPOS="598" HPOS="759"/>
							<String ID="string_160" HPOS="767" VPOS="603" WIDTH="103" HEIGHT="22" WC="0.96" CONTENT="personer"/><SP WIDTH="14" VPOS="603" HPOS="870"/>
							<String ID="string_161" HPOS="884" VPOS="596" WIDTH="33" HEIGHT="22" WC="0.93" CONTENT="för"/><SP WIDTH="15" VPOS="596" HPOS="917"/>
							<String ID="string_162" HPOS="932" VPOS="596" WIDTH="86" HEIGHT="27" WC="0.93" CONTENT="ringare"/>
						</TextLine>
						<TextLine ID="line_17" HPOS="189" VPOS="622" WIDTH="829" HEIGHT="32">
							<String ID="string_163" HPOS="189" VPOS="622" WIDTH="146" HEIGHT="28" WC="0.91" CONTENT="förbrytelser."/><SP WIDTH="31" VPOS="622" HPOS="335"/>
							<String ID="string_164" HPOS="366" VPOS="625" WIDTH="40" HEIGHT="21" WC="0.92" CONTENT="Om"/><SP WIDTH="25" VPOS="625" HPOS="406"/>
							<String ID="string_165" HPOS="431" VPOS="626" WIDTH="82" HEIGHT="21" WC="0.92" CONTENT="sädana"/><SP WIDTH="22" VPOS="626" HPOS="513"/>
							<String ID="string_166" HPOS="535" VPOS="627" WIDTH="85" HEIGHT="26" WC="0.93" CONTENT="ringare"/><SP WIDTH="15" VPOS="627" HPOS="620"/>
							<String ID="string_167" HPOS="635" VPOS="626" WIDTH="140" HEIGHT="28" WC="0.92" CONTENT="förbrytelser"/><SP WIDTH="14" VPOS="626" HPOS="775"/>
							<String ID="string_168" HPOS="789" VPOS="626" WIDTH="40" HEIGHT="21" WC="0.93" CONTENT="har"/><SP WIDTH="15" VPOS="626" HPOS="829"/>
							<String ID="string_169" HPOS="844" VPOS="625" WIDTH="40" HEIGHT="22" WC="0.90" CONTENT="alls"/><SP WIDTH="16" VPOS="625" HPOS="884"/>
							<String ID="string_170" HPOS="900" VPOS="625" WIDTH="47" HEIGHT="22" WC="0.92" CONTENT="icke"/><SP WIDTH="15" VPOS="625" HPOS="947"/>
							<String ID="string_171" HPOS="962" VPOS="625" WIDTH="56" HEIGHT="22" WC="0.97" CONTENT="varit"/>
						</TextLine>
						<TextLine ID="line_18" HPOS="189" VPOS="651" WIDTH="829" HEIGHT="30">
							<String ID="string_172" HPOS="189" VPOS="651" WIDTH="72" HEIGHT="27" WC="0.92" CONTENT="fräga;"/><SP WIDTH="24" VPOS="651" HPOS="261"/>
							<String ID="string_173" HPOS="285" VPOS="652" WIDTH="61" HEIGHT="22" WC="0.96" CONTENT="detta"/><SP WIDTH="15" VPOS="652" HPOS="346"/>
							<String ID="string_174" HPOS="361" VPOS="653" WIDTH="39" HEIGHT="22" WC="0.93" CONTENT="hör"/><SP WIDTH="15" VPOS="653" HPOS="400"/>
							<String ID="string_175" HPOS="415" VPOS="654" WIDTH="84" HEIGHT="22" WC="0.92" CONTENT="säledes"/><SP WIDTH="16" VPOS="654" HPOS="499"/>
							<String ID="string_176" HPOS="515" VPOS="655" WIDTH="48" HEIGHT="21" WC="0.92" CONTENT="icke"/><SP WIDTH="15" VPOS="655" HPOS="563"/>
							<String ID="string_177" HPOS="578" VPOS="655" WIDTH="39" HEIGHT="21" WC="0.95" CONTENT="hit."/><SP WIDTH="31" VPOS="655" HPOS="617"/>
							<String ID="string_178" HPOS="648" VPOS="655" WIDTH="73" HEIGHT="21" WC="0.95" CONTENT="Sedan"/><SP WIDTH="15" VPOS="655" HPOS="721"/>
							<String ID="string_179" HPOS="736" VPOS="661" WIDTH="63" HEIGHT="15" WC="0.93" CONTENT="anser"/><SP WIDTH="15" VPOS="661" HPOS="799"/>
							<String ID="string_180" HPOS="814" VPOS="654" WIDTH="156" HEIGHT="27" WC="0.91" CONTENT="Lagutskottet"/><SP WIDTH="15" VPOS="654" HPOS="970"/>
							<String ID="string_181" HPOS="985" VPOS="656" WIDTH="33" HEIGHT="19" WC="0.96" CONTENT="att"/>
						</TextLine>
						<TextLine ID="line_19" HPOS="189" VPOS="680" WIDTH="828" HEIGHT="30">
							<String ID="string_182" HPOS="189" VPOS="680" WIDTH="84" HEIGHT="22" WC="0.89" CONTENT="sädana"/><SP WIDTH="14" VPOS="680" HPOS="273"/>
							<String ID="string_183" HPOS="287" VPOS="687" WIDTH="104" HEIGHT="21" WC="0.96" CONTENT="personer"/><SP WIDTH="14" VPOS="687" HPOS="391"/>
							<String ID="string_184" HPOS="405" VPOS="682" WIDTH="33" HEIGHT="22" WC="0.93" CONTENT="för"/><SP WIDTH="15" VPOS="682" HPOS="438"/>
							<String ID="string_185" HPOS="453" VPOS="683" WIDTH="86" HEIGHT="22" WC="0.93" CONTENT="svärare"/><SP WIDTH="16" VPOS="683" HPOS="539"/>
							<String ID="string_186" HPOS="555" VPOS="684" WIDTH="60" HEIGHT="21" WC="0.96" CONTENT="brott"/><SP WIDTH="14" VPOS="684" HPOS="615"/>
							<String ID="string_187" HPOS="629" VPOS="684" WIDTH="71" HEIGHT="21" WC="0.93" CONTENT="kunde"/><SP WIDTH="16" VPOS="684" HPOS="700"/>
							<String ID="string_188" HPOS="716" VPOS="684" WIDTH="85" HEIGHT="26" WC="0.92" CONTENT="häktas,"/><SP WIDTH="17" VPOS="684" HPOS="801"/>
							<String ID="string_189" HPOS="818" VPOS="682" WIDTH="34" HEIGHT="22" WC="0.97" CONTENT="för"/><SP WIDTH="11" VPOS="682" HPOS="852"/>
							<String ID="string_190" HPOS="863" VPOS="685" WIDTH="32" HEIGHT="19" WC="0.95" CONTENT="att"/><SP WIDTH="9" VPOS="685" HPOS="895"/>
							<String ID="string_191" HPOS="904" VPOS="682" WIDTH="67" HEIGHT="27" WC="0.93" CONTENT="enligt"/><SP WIDTH="7" VPOS="682" HPOS="971"/>
							<String ID="string_192" HPOS="978" VPOS="682" WIDTH="39" HEIGHT="22" WC="0.91" CONTENT="all-"/>
						</TextLine>
						<TextLine ID="line_20" HPOS="188" VPOS="710" WIDTH="830" HEIGHT="29">
							<String ID="string_193" HPOS="188" VPOS="710" WIDTH="79" HEIGHT="20" WC="0.58" CONTENT="männä"/><SP WIDTH="18" VPOS="710" HPOS="267"/>
							<String ID="string_194" HPOS="285" VPOS="710" WIDTH="75" HEIGHT="27" WC="0.96" CONTENT="lagens"/><SP WIDTH="15" VPOS="710" HPOS="360"/>
							<String ID="string_195" HPOS="375" VPOS="711" WIDTH="160" HEIGHT="28" WC="0.96" CONTENT="bestämningar"/><SP WIDTH="14" VPOS="711" HPOS="535"/>
							<String ID="string_196" HPOS="549" VPOS="712" WIDTH="125" HEIGHT="22" WC="0.96" CONTENT="behandlas."/><SP WIDTH="31" VPOS="712" HPOS="674"/>
							<String ID="string_197" HPOS="705" VPOS="712" WIDTH="42" HEIGHT="27" WC="0.93" CONTENT="Jag"/><SP WIDTH="15" VPOS="712" HPOS="747"/>
							<String ID="string_198" HPOS="762" VPOS="714" WIDTH="46" HEIGHT="19" WC="0.96" CONTENT="tror"/><SP WIDTH="16" VPOS="714" HPOS="808"/>
							<String ID="string_199" HPOS="824" VPOS="711" WIDTH="39" HEIGHT="22" WC="0.96" CONTENT="det"/><SP WIDTH="21" VPOS="711" HPOS="863"/>
							<String ID="string_200" HPOS="884" VPOS="718" WIDTH="51" HEIGHT="15" WC="0.93" CONTENT="vara"/><SP WIDTH="15" VPOS="718" HPOS="935"/>
							<String ID="string_201" HPOS="950" VPOS="711" WIDTH="68" HEIGHT="27" WC="0.96" CONTENT="dåligt"/>
						</TextLine>
						<TextLine ID="line_21" HPOS="187" VPOS="737" WIDTH="830" HEIGHT="31">
							<String ID="string_202" HPOS="187" VPOS="737" WIDTH="98" HEIGHT="22" WC="0.92" CONTENT="bestäldt"/><SP WIDTH="14" VPOS="737" HPOS="285"/>
							<String ID="string_203" HPOS="299" VPOS="740" WIDTH="49" HEIGHT="20" WC="0.96" CONTENT="med"/><SP WIDTH="16" VPOS="740" HPOS="348"/>
							<String ID="string_204" HPOS="364" VPOS="740" WIDTH="41" HEIGHT="21" WC="0.96" CONTENT="den"/><SP WIDTH="15" VPOS="740" HPOS="405"/>
							<String ID="string_205" HPOS="420" VPOS="740" WIDTH="69" HEIGHT="22" WC="0.96" CONTENT="armés"/><SP WIDTH="10" VPOS="740" HPOS="489"/>
							<String ID="string_206" HPOS="499" VPOS="741" WIDTH="104" HEIGHT="27" WC="0.95" CONTENT="disciplin,"/><SP WIDTH="12" VPOS="741" HPOS="603"/>
							<String ID="string_207" HPOS="615" VPOS="740" WIDTH="55" HEIGHT="22" WC="0.96" CONTENT="ifrån"/><SP WIDTH="15" VPOS="740" HPOS="670"/>
							<String ID="string_208" HPOS="685" VPOS="741" WIDTH="87" HEIGHT="21" WC="0.96" CONTENT="hvilken"/><SP WIDTH="15" VPOS="741" HPOS="772"/>
							<String ID="string_209" HPOS="787" VPOS="747" WIDTH="51" HEIGHT="15" WC="0.96" CONTENT="man"/><SP WIDTH="14" VPOS="747" HPOS="838"/>
							<String ID="string_210" HPOS="852" VPOS="740" WIDTH="34" HEIGHT="22" WC="0.93" CONTENT="för"/><SP WIDTH="8" VPOS="740" HPOS="886"/>
							<String ID="string_211" HPOS="894" VPOS="740" WIDTH="54" HEIGHT="21" WC="0.92" CONTENT="slika"/><SP WIDTH="8" VPOS="740" HPOS="948"/>
							<String ID="string_212" HPOS="956" VPOS="740" WIDTH="61" HEIGHT="21" WC="0.96" CONTENT="brott"/>
						</TextLine>
						<TextLine ID="line_22" HPOS="187" VPOS="766" WIDTH="830" HEIGHT="31">
							<String ID="string_213" HPOS="187" VPOS="766" WIDTH="71" HEIGHT="22" WC="0.96" CONTENT="skulle"/><SP WIDTH="9" VPOS="766" HPOS="258"/>
							<String ID="string_214" HPOS="267" VPOS="767" WIDTH="70" HEIGHT="22" WC="0.93" CONTENT="måsta"/><SP WIDTH="8" VPOS="767" HPOS="337"/>
							<String ID="string_215" HPOS="345" VPOS="768" WIDTH="118" HEIGHT="23" WC="0.91" CONTENT="hemsända"/><SP WIDTH="8" VPOS="768" HPOS="463"/>
							<String ID="string_216" HPOS="471" VPOS="769" WIDTH="133" HEIGHT="28" WC="0.91" CONTENT="förbrytarne"/><SP WIDTH="11" VPOS="769" HPOS="604"/>
							<String ID="string_217" HPOS="615" VPOS="770" WIDTH="23" HEIGHT="27" WC="0.96" CONTENT="på"/><SP WIDTH="10" VPOS="770" HPOS="638"/>
							<String ID="string_218" HPOS="648" VPOS="770" WIDTH="64" HEIGHT="27" WC="0.93" CONTENT="långa"/><SP WIDTH="9" VPOS="770" HPOS="712"/>
							<String ID="string_219" HPOS="721" VPOS="769" WIDTH="86" HEIGHT="22" WC="0.92" CONTENT="afstånd"/><SP WIDTH="15" VPOS="769" HPOS="807"/>
							<String ID="string_220" HPOS="822" VPOS="770" WIDTH="7" HEIGHT="20" WC="0.96" CONTENT="i"/><SP WIDTH="15" VPOS="770" HPOS="829"/>
							<String ID="string_221" HPOS="844" VPOS="769" WIDTH="75" HEIGHT="21" WC="0.96" CONTENT="stället"/><SP WIDTH="15" VPOS="769" HPOS="919"/>
							<String ID="string_222" HPOS="934" VPOS="768" WIDTH="33" HEIGHT="22" WC="0.96" CONTENT="för"/><SP WIDTH="15" VPOS="768" HPOS="967"/>
							<String ID="string_223" HPOS="982" VPOS="770" WIDTH="35" HEIGHT="20" WC="0.96" CONTENT="att"/>
						</TextLine>
						<TextLine ID="line_23" HPOS="187" VPOS="795" WIDTH="829" HEIGHT="31">
							<String ID="string_224" HPOS="187" VPOS="795" WIDTH="29" HEIGHT="26" WC="0.95" CONTENT="på"/><SP WIDTH="23" VPOS="795" HPOS="216"/>
							<String ID="string_225" HPOS="239" VPOS="796" WIDTH="73" HEIGHT="21" WC="0.93" CONTENT="stället"/><SP WIDTH="15" VPOS="796" HPOS="312"/>
							<String ID="string_226" HPOS="327" VPOS="796" WIDTH="62" HEIGHT="28" WC="0.92" CONTENT="skipa"/><SP WIDTH="15" VPOS="796" HPOS="389"/>
							<String ID="string_227" HPOS="404" VPOS="798" WIDTH="35" HEIGHT="26" WC="0.96" CONTENT="lag"/><SP WIDTH="16" VPOS="798" HPOS="439"/>
							<String ID="string_228" HPOS="455" VPOS="798" WIDTH="39" HEIGHT="22" WC="0.96" CONTENT="och"/><SP WIDTH="15" VPOS="798" HPOS="494"/>
							<String ID="string_229" HPOS="509" VPOS="800" WIDTH="50" HEIGHT="20" WC="0.95" CONTENT="rätt."/><SP WIDTH="32" VPOS="800" HPOS="559"/>
							<String ID="string_230" HPOS="591" VPOS="799" WIDTH="36" HEIGHT="21" WC="0.94" CONTENT="Uti"/><SP WIDTH="16" VPOS="799" HPOS="627"/>
							<String ID="string_231" HPOS="643" VPOS="799" WIDTH="40" HEIGHT="21" WC="0.96" CONTENT="den"/><SP WIDTH="15" VPOS="799" HPOS="683"/>
							<String ID="string_232" HPOS="698" VPOS="805" WIDTH="42" HEIGHT="21" WC="0.95" CONTENT="nya"/><SP WIDTH="16" VPOS="805" HPOS="740"/>
							<String ID="string_233" HPOS="756" VPOS="798" WIDTH="125" HEIGHT="26" WC="0.96" CONTENT="strafflagen"/><SP WIDTH="15" VPOS="798" HPOS="881"/>
							<String ID="string_234" HPOS="896" VPOS="797" WIDTH="33" HEIGHT="22" WC="0.96" CONTENT="för"/><SP WIDTH="15" VPOS="797" HPOS="929"/>
							<String ID="string_235" HPOS="944" VPOS="797" WIDTH="72" HEIGHT="21" WC="0.96" CONTENT="finska"/>
						</TextLine>
						<TextLine ID="line_24" HPOS="187" VPOS="823" WIDTH="829" HEIGHT="31">
							<String ID="string_236" HPOS="187" VPOS="823" WIDTH="108" HEIGHT="23" WC="0.96" CONTENT="militären"/><SP WIDTH="16" VPOS="823" HPOS="295"/>
							<String ID="string_237" HPOS="311" VPOS="824" WIDTH="142" HEIGHT="24" WC="0.96" CONTENT="förekommer"/><SP WIDTH="14" VPOS="824" HPOS="453"/>
							<String ID="string_238" HPOS="467" VPOS="827" WIDTH="6" HEIGHT="21" WC="0.96" CONTENT="i"/><SP WIDTH="16" VPOS="827" HPOS="473"/>
							<String ID="string_239" HPOS="489" VPOS="827" WIDTH="48" HEIGHT="27" WC="0.96" CONTENT="kap."/><SP WIDTH="18" VPOS="827" HPOS="537"/>
							<String ID="string_240" HPOS="555" VPOS="829" WIDTH="26" HEIGHT="20" WC="0.96" CONTENT="37"/><SP WIDTH="16" VPOS="829" HPOS="581"/>
							<String ID="string_241" HPOS="597" VPOS="834" WIDTH="34" HEIGHT="14" WC="0.93" CONTENT="om"/><SP WIDTH="16" VPOS="834" HPOS="631"/>
							<String ID="string_242" HPOS="647" VPOS="828" WIDTH="122" HEIGHT="20" WC="0.92" CONTENT="ständrätt:"/><SP WIDTH="18" VPOS="828" HPOS="769"/>
							<String ID="string_243" HPOS="787" VPOS="844" WIDTH="11" HEIGHT="9" WC="0.91" CONTENT=","/><SP WIDTH="3" VPOS="844" HPOS="798"/>
							<String ID="string_244" HPOS="801" VPOS="827" WIDTH="51" HEIGHT="21" WC="0.93" CONTENT="sker"/><SP WIDTH="15" VPOS="827" HPOS="852"/>
							<String ID="string_245" HPOS="867" VPOS="826" WIDTH="83" HEIGHT="28" WC="0.93" CONTENT="myteri,"/><SP WIDTH="12" VPOS="826" HPOS="950"/>
							<String ID="string_246" HPOS="962" VPOS="833" WIDTH="54" HEIGHT="21" WC="0.93" CONTENT="upp-"/>
						</TextLine>
						<TextLine ID="line_25" HPOS="187" VPOS="852" WIDTH="829" HEIGHT="31">
							<String ID="string_247" HPOS="187" VPOS="858" WIDTH="36" HEIGHT="15" WC="0.93" CONTENT="ror"/><SP WIDTH="23" VPOS="858" HPOS="223"/>
							<String ID="string_248" HPOS="246" VPOS="852" WIDTH="52" HEIGHT="22" WC="0.83" CONTENT="eller"/><SP WIDTH="20" VPOS="852" HPOS="298"/>
							<String ID="string_249" HPOS="318" VPOS="860" WIDTH="69" HEIGHT="16" WC="0.93" CONTENT="annan"/><SP WIDTH="16" VPOS="860" HPOS="387"/>
							<String ID="string_250" HPOS="403" VPOS="855" WIDTH="48" HEIGHT="27" WC="0.93" CONTENT="grof"/><SP WIDTH="13" VPOS="855" HPOS="451"/>
							<String ID="string_251" HPOS="464" VPOS="856" WIDTH="143" HEIGHT="27" WC="0.93" CONTENT="missgerning"/><SP WIDTH="16" VPOS="856" HPOS="607"/>
							<String ID="string_252" HPOS="623" VPOS="856" WIDTH="6" HEIGHT="21" WC="0.93" CONTENT="i"/><SP WIDTH="15" VPOS="856" HPOS="629"/>
							<String ID="string_253" HPOS="644" VPOS="856" WIDTH="39" HEIGHT="21" WC="0.92" CONTENT="fält"/><SP WIDTH="15" VPOS="856" HPOS="683"/>
							<String ID="string_254" HPOS="698" VPOS="856" WIDTH="53" HEIGHT="21" WC="0.96" CONTENT="eller"/><SP WIDTH="15" VPOS="856" HPOS="751"/>
							<String ID="string_255" HPOS="766" VPOS="856" WIDTH="33" HEIGHT="21" WC="0.93" CONTENT="till"/><SP WIDTH="16" VPOS="856" HPOS="799"/>
							<String ID="string_256" HPOS="815" VPOS="856" WIDTH="63" HEIGHT="26" WC="0.93" CONTENT="sjöss,"/><SP WIDTH="17" VPOS="856" HPOS="878"/>
							<String ID="string_257" HPOS="895" VPOS="855" WIDTH="41" HEIGHT="21" WC="0.96" CONTENT="och"/><SP WIDTH="16" VPOS="855" HPOS="936"/>
							<String ID="string_258" HPOS="952" VPOS="857" WIDTH="24" HEIGHT="19" WC="0.93" CONTENT="är"/><SP WIDTH="15" VPOS="857" HPOS="976"/>
							<String ID="string_259" HPOS="991" VPOS="854" WIDTH="25" HEIGHT="22" WC="0.91" CONTENT="fi-"/>
						</TextLine>
						<TextLine ID="line_26" HPOS="188" VPOS="881" WIDTH="827" HEIGHT="31">
							<String ID="string_260" HPOS="188" VPOS="881" WIDTH="69" HEIGHT="21" WC="0.92" CONTENT="enden"/><SP WIDTH="23" VPOS="881" HPOS="257"/>
							<String ID="string_261" HPOS="280" VPOS="884" WIDTH="57" HEIGHT="25" WC="0.94" CONTENT="nära,"/><SP WIDTH="24" VPOS="884" HPOS="337"/>
							<String ID="string_262" HPOS="361" VPOS="884" WIDTH="53" HEIGHT="21" WC="0.91" CONTENT="eller"/><SP WIDTH="22" VPOS="884" HPOS="414"/>
							<String ID="string_263" HPOS="436" VPOS="884" WIDTH="81" HEIGHT="22" WC="0.93" CONTENT="händer"/><SP WIDTH="23" VPOS="884" HPOS="517"/>
							<String ID="string_264" HPOS="540" VPOS="885" WIDTH="78" HEIGHT="21" WC="0.88" CONTENT="sädant"/><SP WIDTH="22" VPOS="885" HPOS="618"/>
							<String ID="string_265" HPOS="640" VPOS="885" WIDTH="69" HEIGHT="21" WC="0.93" CONTENT="under"/><SP WIDTH="20" VPOS="885" HPOS="709"/>
							<String ID="string_266" HPOS="729" VPOS="884" WIDTH="98" HEIGHT="28" WC="0.93" CONTENT="flygande"/><SP WIDTH="16" VPOS="884" HPOS="827"/>
							<String ID="string_267" HPOS="843" VPOS="884" WIDTH="50" HEIGHT="21" WC="0.93" CONTENT="fana"/><SP WIDTH="14" VPOS="884" HPOS="893"/>
							<String ID="string_268" HPOS="907" VPOS="884" WIDTH="7" HEIGHT="20" WC="0.93" CONTENT="i"/><SP WIDTH="16" VPOS="884" HPOS="914"/>
							<String ID="string_269" HPOS="930" VPOS="884" WIDTH="85" HEIGHT="21" WC="0.91" CONTENT="marsch"/>
						</TextLine>
						<TextLine ID="line_27" HPOS="188" VPOS="910" WIDTH="828" HEIGHT="30">
							<String ID="string_270" HPOS="188" VPOS="912" WIDTH="59" HEIGHT="19" WC="0.91" CONTENT="emot"/><SP WIDTH="21" VPOS="912" HPOS="247"/>
							<String ID="string_271" HPOS="268" VPOS="910" WIDTH="91" HEIGHT="27" WC="0.96" CONTENT="fienden,"/><SP WIDTH="20" VPOS="910" HPOS="359"/>
							<String ID="string_272" HPOS="379" VPOS="912" WIDTH="40" HEIGHT="22" WC="0.93" CONTENT="och"/><SP WIDTH="16" VPOS="912" HPOS="419"/>
							<String ID="string_273" HPOS="435" VPOS="914" WIDTH="76" HEIGHT="20" WC="0.92" CONTENT="varder"/><SP WIDTH="15" VPOS="914" HPOS="511"/>
							<String ID="string_274" HPOS="526" VPOS="914" WIDTH="244" HEIGHT="26" WC="0.92" CONTENT="missgerningsmannen"/><SP WIDTH="17" VPOS="914" HPOS="770"/>
							<String ID="string_275" HPOS="787" VPOS="913" WIDTH="13" HEIGHT="21" WC="0.87" CONTENT="&amp;"/><SP WIDTH="15" VPOS="913" HPOS="800"/>
							<String ID="string_276" HPOS="815" VPOS="913" WIDTH="39" HEIGHT="21" WC="0.93" CONTENT="bar"/><SP WIDTH="16" VPOS="913" HPOS="854"/>
							<String ID="string_277" HPOS="870" VPOS="912" WIDTH="89" HEIGHT="28" WC="0.93" CONTENT="gerning"/><SP WIDTH="16" VPOS="912" HPOS="959"/>
							<String ID="string_278" HPOS="975" VPOS="912" WIDTH="41" HEIGHT="27" WC="0.92" CONTENT="gri-"/>
						</TextLine>
						<TextLine ID="line_28" HPOS="187" VPOS="939" WIDTH="831" HEIGHT="30">
							<String ID="string_279" HPOS="187" VPOS="944" WIDTH="54" HEIGHT="20" WC="0.96" CONTENT="pen;"/><SP WIDTH="24" VPOS="944" HPOS="241"/>
							<String ID="string_280" HPOS="265" VPOS="939" WIDTH="28" HEIGHT="21" WC="0.96" CONTENT="dä"/><SP WIDTH="22" VPOS="939" HPOS="293"/>
							<String ID="string_281" HPOS="315" VPOS="940" WIDTH="41" HEIGHT="25" WC="0.95" CONTENT="mä,"/><SP WIDTH="23" VPOS="940" HPOS="356"/>
							<String ID="string_282" HPOS="379" VPOS="943" WIDTH="39" HEIGHT="19" WC="0.93" CONTENT="när"/><SP WIDTH="22" VPOS="943" HPOS="418"/>
							<String ID="string_283" HPOS="440" VPOS="942" WIDTH="72" HEIGHT="26" WC="0.91" CONTENT="hastig"/><SP WIDTH="15" VPOS="942" HPOS="512"/>
							<String ID="string_284" HPOS="527" VPOS="942" WIDTH="140" HEIGHT="27" WC="0.90" CONTENT="bestraffning"/><SP WIDTH="16" VPOS="942" HPOS="667"/>
							<String ID="string_285" HPOS="683" VPOS="945" WIDTH="24" HEIGHT="18" WC="0.93" CONTENT="är"/><SP WIDTH="14" VPOS="945" HPOS="707"/>
							<String ID="string_286" HPOS="721" VPOS="942" WIDTH="74" HEIGHT="26" WC="0.92" CONTENT="nödig,"/><SP WIDTH="18" VPOS="942" HPOS="795"/>
							<String ID="string_287" HPOS="813" VPOS="942" WIDTH="40" HEIGHT="21" WC="0.93" CONTENT="och"/><SP WIDTH="17" VPOS="942" HPOS="853"/>
							<String ID="string_288" HPOS="870" VPOS="941" WIDTH="66" HEIGHT="21" WC="0.93" CONTENT="mälet"/><SP WIDTH="15" VPOS="941" HPOS="936"/>
							<String ID="string_289" HPOS="951" VPOS="941" WIDTH="19" HEIGHT="27" WC="0.92" CONTENT="ej"/><SP WIDTH="16" VPOS="941" HPOS="970"/>
							<String ID="string_290" HPOS="986" VPOS="941" WIDTH="32" HEIGHT="21" WC="0.96" CONTENT="täl"/>
						</TextLine>
						<TextLine ID="line_29" HPOS="187" VPOS="967" WIDTH="830" HEIGHT="31">
							<String ID="string_291" HPOS="187" VPOS="967" WIDTH="100" HEIGHT="27" WC="0.92" CONTENT="uppskof,"/><SP WIDTH="22" VPOS="967" HPOS="287"/>
							<String ID="string_292" HPOS="309" VPOS="968" WIDTH="48" HEIGHT="26" WC="0.96" CONTENT="den,"/><SP WIDTH="24" VPOS="968" HPOS="357"/>
							<String ID="string_293" HPOS="381" VPOS="976" WIDTH="46" HEIGHT="14" WC="0.93" CONTENT="som"/><SP WIDTH="23" VPOS="976" HPOS="427"/>
							<String ID="string_294" HPOS="450" VPOS="970" WIDTH="78" HEIGHT="27" WC="0.96" CONTENT="högsta"/><SP WIDTH="17" VPOS="970" HPOS="528"/>
							<String ID="string_295" HPOS="545" VPOS="971" WIDTH="81" HEIGHT="21" WC="0.96" CONTENT="befälet"/><SP WIDTH="14" VPOS="971" HPOS="626"/>
							<String ID="string_296" HPOS="640" VPOS="971" WIDTH="29" HEIGHT="27" WC="0.93" CONTENT="pä"/><SP WIDTH="16" VPOS="971" HPOS="669"/>
							<String ID="string_297" HPOS="685" VPOS="971" WIDTH="74" HEIGHT="21" WC="0.93" CONTENT="stället"/><SP WIDTH="16" VPOS="971" HPOS="759"/>
							<String ID="string_298" HPOS="775" VPOS="970" WIDTH="64" HEIGHT="26" WC="0.91" CONTENT="förer,"/><SP WIDTH="16" VPOS="970" HPOS="839"/>
							<String ID="string_299" HPOS="855" VPOS="970" WIDTH="101" HEIGHT="22" WC="0.91" CONTENT="förordna"/><SP WIDTH="16" VPOS="970" HPOS="956"/>
							<String ID="string_300" HPOS="972" VPOS="972" WIDTH="45" HEIGHT="19" WC="0.93" CONTENT="sär-"/>
						</TextLine>
						<TextLine ID="line_30" HPOS="187" VPOS="996" WIDTH="830" HEIGHT="30">
							<String ID="string_301" HPOS="187" VPOS="996" WIDTH="57" HEIGHT="20" WC="0.88" CONTENT="skild"/><SP WIDTH="23" VPOS="996" HPOS="244"/>
							<String ID="string_302" HPOS="267" VPOS="996" WIDTH="158" HEIGHT="27" WC="0.91" CONTENT="krigsdomstol,"/><SP WIDTH="23" VPOS="996" HPOS="425"/>
							<String ID="string_303" HPOS="448" VPOS="999" WIDTH="105" HEIGHT="21" WC="0.91" CONTENT="benämnd"/><SP WIDTH="23" VPOS="999" HPOS="553"/>
							<String ID="string_304" HPOS="576" VPOS="1000" WIDTH="114" HEIGHT="26" WC="0.89" CONTENT="ständrätt,"/><SP WIDTH="25" VPOS="1000" HPOS="690"/>
							<String ID="string_305" HPOS="715" VPOS="1001" WIDTH="32" HEIGHT="19" WC="0.96" CONTENT="att"/><SP WIDTH="17" VPOS="1001" HPOS="747"/>
							<String ID="string_306" HPOS="764" VPOS="1000" WIDTH="7" HEIGHT="20" WC="0.93" CONTENT="i"/><SP WIDTH="15" VPOS="1000" HPOS="771"/>
							<String ID="string_307" HPOS="786" VPOS="999" WIDTH="68" HEIGHT="21" WC="0.92" CONTENT="mälet"/><SP WIDTH="15" VPOS="999" HPOS="854"/>
							<String ID="string_308" HPOS="869" VPOS="999" WIDTH="92" HEIGHT="20" WC="0.92" CONTENT="ransaka"/><SP WIDTH="16" VPOS="999" HPOS="961"/>
							<String ID="string_309" HPOS="977" VPOS="998" WIDTH="40" HEIGHT="21" WC="0.96" CONTENT="och"/>
						</TextLine>
						<TextLine ID="line_31" HPOS="188" VPOS="1024" WIDTH="830" HEIGHT="31">
							<String ID="string_310" HPOS="188" VPOS="1024" WIDTH="85" HEIGHT="22" WC="0.86" CONTENT="döma&quot;."/><SP WIDTH="31" VPOS="1024" HPOS="273"/>
							<String ID="string_311" HPOS="304" VPOS="1025" WIDTH="32" HEIGHT="22" WC="0.92" CONTENT="De"/><SP WIDTH="16" VPOS="1025" HPOS="336"/>
							<String ID="string_312" HPOS="352" VPOS="1025" WIDTH="143" HEIGHT="28" WC="0.96" CONTENT="förbrytelser,"/><SP WIDTH="17" VPOS="1025" HPOS="495"/>
							<String ID="string_313" HPOS="512" VPOS="1028" WIDTH="72" HEIGHT="21" WC="0.96" CONTENT="hvilka"/><SP WIDTH="13" VPOS="1028" HPOS="584"/>
							<String ID="string_314" HPOS="597" VPOS="1029" WIDTH="37" HEIGHT="26" WC="0.93" CONTENT="jag"/><SP WIDTH="16" VPOS="1029" HPOS="634"/>
							<String ID="string_315" HPOS="650" VPOS="1030" WIDTH="79" HEIGHT="24" WC="0.96" CONTENT="nämnt,"/><SP WIDTH="18" VPOS="1030" HPOS="729"/>
							<String ID="string_316" HPOS="747" VPOS="1030" WIDTH="38" HEIGHT="19" WC="0.96" CONTENT="äro"/><SP WIDTH="13" VPOS="1030" HPOS="785"/>
							<String ID="string_317" HPOS="798" VPOS="1028" WIDTH="48" HEIGHT="27" WC="0.96" CONTENT="just"/><SP WIDTH="15" VPOS="1028" HPOS="846"/>
							<String ID="string_318" HPOS="861" VPOS="1027" WIDTH="23" HEIGHT="21" WC="0.93" CONTENT="af"/><SP WIDTH="14" VPOS="1027" HPOS="884"/>
							<String ID="string_319" HPOS="898" VPOS="1027" WIDTH="67" HEIGHT="21" WC="0.92" CONTENT="sådan"/><SP WIDTH="16" VPOS="1027" HPOS="965"/>
							<String ID="string_320" HPOS="981" VPOS="1027" WIDTH="37" HEIGHT="21" WC="0.92" CONTENT="be-"/>
						</TextLine>
						<TextLine ID="line_32" HPOS="188" VPOS="1052" WIDTH="829" HEIGHT="31">
							<String ID="string_321" HPOS="188" VPOS="1052" WIDTH="128" HEIGHT="27" WC="0.91" CONTENT="skaffenhet,"/><SP WIDTH="23" VPOS="1052" HPOS="316"/>
							<String ID="string_322" HPOS="339" VPOS="1056" WIDTH="33" HEIGHT="19" WC="0.96" CONTENT="att"/><SP WIDTH="22" VPOS="1056" HPOS="372"/>
							<String ID="string_323" HPOS="394" VPOS="1055" WIDTH="23" HEIGHT="21" WC="0.96" CONTENT="af"/><SP WIDTH="20" VPOS="1055" HPOS="417"/>
							<String ID="string_324" HPOS="437" VPOS="1056" WIDTH="61" HEIGHT="21" WC="0.95" CONTENT="hvem"/><SP WIDTH="24" VPOS="1056" HPOS="498"/>
							<String ID="string_325" HPOS="522" VPOS="1057" WIDTH="26" HEIGHT="20" WC="0.96" CONTENT="de"/><SP WIDTH="17" VPOS="1057" HPOS="548"/>
							<String ID="string_326" HPOS="565" VPOS="1059" WIDTH="26" HEIGHT="19" WC="0.96" CONTENT="än"/><SP WIDTH="16" VPOS="1059" HPOS="591"/>
							<String ID="string_327" HPOS="607" VPOS="1057" WIDTH="36" HEIGHT="21" WC="0.96" CONTENT="må"/><SP WIDTH="14" VPOS="1057" HPOS="643"/>
							<String ID="string_328" HPOS="657" VPOS="1057" WIDTH="74" HEIGHT="26" WC="0.96" CONTENT="begås,"/><SP WIDTH="18" VPOS="1057" HPOS="731"/>
							<String ID="string_329" HPOS="749" VPOS="1057" WIDTH="25" HEIGHT="20" WC="0.96" CONTENT="så"/><SP WIDTH="16" VPOS="1057" HPOS="774"/>
							<String ID="string_330" HPOS="790" VPOS="1056" WIDTH="68" HEIGHT="21" WC="0.96" CONTENT="borde"/><SP WIDTH="17" VPOS="1056" HPOS="858"/>
							<String ID="string_331" HPOS="875" VPOS="1056" WIDTH="26" HEIGHT="21" WC="0.96" CONTENT="de"/><SP WIDTH="16" VPOS="1056" HPOS="901"/>
							<String ID="string_332" HPOS="917" VPOS="1055" WIDTH="47" HEIGHT="22" WC="0.93" CONTENT="icke"/><SP WIDTH="16" VPOS="1055" HPOS="964"/>
							<String ID="string_333" HPOS="980" VPOS="1062" WIDTH="37" HEIGHT="15" WC="0.90" CONTENT="an-"/>
						</TextLine>
						<TextLine ID="line_33" HPOS="186" VPOS="1081" WIDTH="830" HEIGHT="31">
							<String ID="string_334" HPOS="186" VPOS="1081" WIDTH="107" HEIGHT="22" WC="0.92" CONTENT="norlunda"/><SP WIDTH="14" VPOS="1081" HPOS="293"/>
							<String ID="string_335" HPOS="307" VPOS="1083" WIDTH="119" HEIGHT="22" WC="0.95" CONTENT="behandlas"/><SP WIDTH="17" VPOS="1083" HPOS="426"/>
							<String ID="string_336" HPOS="443" VPOS="1087" WIDTH="26" HEIGHT="19" WC="0.95" CONTENT="än"/><SP WIDTH="14" VPOS="1087" HPOS="469"/>
							<String ID="string_337" HPOS="483" VPOS="1085" WIDTH="6" HEIGHT="20" WC="0.96" CONTENT="i"/><SP WIDTH="17" VPOS="1085" HPOS="489"/>
							<String ID="string_338" HPOS="506" VPOS="1085" WIDTH="69" HEIGHT="22" WC="0.96" CONTENT="denna"/><SP WIDTH="16" VPOS="1085" HPOS="575"/>
							<String ID="string_339" HPOS="591" VPOS="1085" WIDTH="102" HEIGHT="27" WC="0.96" CONTENT="paragraf"/><SP WIDTH="15" VPOS="1085" HPOS="693"/>
							<String ID="string_340" HPOS="708" VPOS="1087" WIDTH="71" HEIGHT="24" WC="0.93" CONTENT="säges,"/><SP WIDTH="18" VPOS="1087" HPOS="779"/>
							<String ID="string_341" HPOS="797" VPOS="1085" WIDTH="19" HEIGHT="21" WC="0.92" CONTENT="d."/><SP WIDTH="17" VPOS="1085" HPOS="816"/>
							<String ID="string_342" HPOS="833" VPOS="1091" WIDTH="20" HEIGHT="15" WC="0.92" CONTENT="v."/><SP WIDTH="17" VPOS="1091" HPOS="853"/>
							<String ID="string_343" HPOS="870" VPOS="1091" WIDTH="16" HEIGHT="14" WC="0.92" CONTENT="s."/><SP WIDTH="12" VPOS="1091" HPOS="886"/>
							<String ID="string_344" HPOS="898" VPOS="1084" WIDTH="27" HEIGHT="27" WC="0.95" CONTENT="på"/><SP WIDTH="12" VPOS="1084" HPOS="925"/>
							<String ID="string_345" HPOS="937" VPOS="1084" WIDTH="79" HEIGHT="21" WC="0.96" CONTENT="stället."/>
						</TextLine>
						<TextLine ID="line_34" HPOS="187" VPOS="1109" WIDTH="831" HEIGHT="32">
							<String ID="string_346" HPOS="187" VPOS="1109" WIDTH="107" HEIGHT="28" WC="0.95" CONTENT="Slutligen"/><SP WIDTH="23" VPOS="1109" HPOS="294"/>
							<String ID="string_347" HPOS="317" VPOS="1114" WIDTH="64" HEIGHT="25" WC="0.96" CONTENT="säger"/><SP WIDTH="22" VPOS="1114" HPOS="381"/>
							<String ID="string_348" HPOS="403" VPOS="1113" WIDTH="107" HEIGHT="22" WC="0.96" CONTENT="utskottet"/><SP WIDTH="16" VPOS="1113" HPOS="510"/>
							<String ID="string_349" HPOS="526" VPOS="1116" WIDTH="32" HEIGHT="19" WC="0.96" CONTENT="att"/><SP WIDTH="15" VPOS="1116" HPOS="558"/>
							<String ID="string_350" HPOS="573" VPOS="1114" WIDTH="125" HEIGHT="27" WC="0.95" CONTENT="strafflagen"/><SP WIDTH="17" VPOS="1114" HPOS="698"/>
							<String ID="string_351" HPOS="715" VPOS="1114" WIDTH="40" HEIGHT="21" WC="0.93" CONTENT="och"/><SP WIDTH="18" VPOS="1114" HPOS="755"/>
							<String ID="string_352" HPOS="773" VPOS="1113" WIDTH="197" HEIGHT="26" WC="0.91" CONTENT="ordningsstadgan"/><SP WIDTH="15" VPOS="1113" HPOS="970"/>
							<String ID="string_353" HPOS="985" VPOS="1113" WIDTH="33" HEIGHT="21" WC="0.96" CONTENT="för"/>
						</TextLine>
						<TextLine ID="line_35" HPOS="187" VPOS="1137" WIDTH="830" HEIGHT="32">
							<String ID="string_354" HPOS="187" VPOS="1137" WIDTH="70" HEIGHT="23" WC="0.96" CONTENT="finska"/><SP WIDTH="22" VPOS="1137" HPOS="257"/>
							<String ID="string_355" HPOS="279" VPOS="1140" WIDTH="107" HEIGHT="22" WC="0.96" CONTENT="militären"/><SP WIDTH="22" VPOS="1140" HPOS="386"/>
							<String ID="string_356" HPOS="408" VPOS="1142" WIDTH="47" HEIGHT="21" WC="0.96" CONTENT="icke"/><SP WIDTH="23" VPOS="1142" HPOS="455"/>
							<String ID="string_357" HPOS="478" VPOS="1144" WIDTH="37" HEIGHT="19" WC="0.93" CONTENT="äro"/><SP WIDTH="16" VPOS="1144" HPOS="515"/>
							<String ID="string_358" HPOS="531" VPOS="1143" WIDTH="89" HEIGHT="21" WC="0.92" CONTENT="afsedda"/><SP WIDTH="15" VPOS="1143" HPOS="620"/>
							<String ID="string_359" HPOS="635" VPOS="1145" WIDTH="34" HEIGHT="19" WC="0.96" CONTENT="att"/><SP WIDTH="15" VPOS="1145" HPOS="669"/>
							<String ID="string_360" HPOS="684" VPOS="1143" WIDTH="108" HEIGHT="26" WC="0.96" CONTENT="tillämpas"/><SP WIDTH="17" VPOS="1143" HPOS="792"/>
							<String ID="string_361" HPOS="809" VPOS="1142" WIDTH="29" HEIGHT="27" WC="0.96" CONTENT="på"/><SP WIDTH="15" VPOS="1142" HPOS="838"/>
							<String ID="string_362" HPOS="853" VPOS="1141" WIDTH="164" HEIGHT="27" WC="0.96" CONTENT="ifrågavarande"/>
						</TextLine>
						<TextLine ID="line_36" HPOS="187" VPOS="1169" WIDTH="830" HEIGHT="29">
							<String ID="string_363" HPOS="187" VPOS="1173" WIDTH="110" HEIGHT="20" WC="0.93" CONTENT="personer."/><SP WIDTH="31" VPOS="1173" HPOS="297"/>
							<String ID="string_364" HPOS="328" VPOS="1169" WIDTH="47" HEIGHT="22" WC="0.96" CONTENT="Mot"/><SP WIDTH="22" VPOS="1169" HPOS="375"/>
							<String ID="string_365" HPOS="397" VPOS="1170" WIDTH="125" HEIGHT="27" WC="0.96" CONTENT="strafflagen"/><SP WIDTH="15" VPOS="1170" HPOS="522"/>
							<String ID="string_366" HPOS="537" VPOS="1172" WIDTH="40" HEIGHT="21" WC="0.93" CONTENT="och"/><SP WIDTH="16" VPOS="1172" HPOS="577"/>
							<String ID="string_367" HPOS="593" VPOS="1171" WIDTH="196" HEIGHT="27" WC="0.91" CONTENT="ordningsstadgan"/><SP WIDTH="16" VPOS="1171" HPOS="789"/>
							<String ID="string_368" HPOS="805" VPOS="1170" WIDTH="33" HEIGHT="22" WC="0.96" CONTENT="för"/><SP WIDTH="15" VPOS="1170" HPOS="838"/>
							<String ID="string_369" HPOS="853" VPOS="1170" WIDTH="70" HEIGHT="21" WC="0.93" CONTENT="finska"/><SP WIDTH="15" VPOS="1170" HPOS="923"/>
							<String ID="string_370" HPOS="938" VPOS="1170" WIDTH="79" HEIGHT="21" WC="0.91" CONTENT="militä-"/>
						</TextLine>
						<TextLine ID="line_37" HPOS="186" VPOS="1197" WIDTH="831" HEIGHT="30">
							<String ID="string_371" HPOS="186" VPOS="1202" WIDTH="38" HEIGHT="15" WC="0.96" CONTENT="ren"/><SP WIDTH="16" VPOS="1202" HPOS="224"/>
							<String ID="string_372" HPOS="240" VPOS="1197" WIDTH="43" HEIGHT="21" WC="0.96" CONTENT="kan"/><SP WIDTH="15" VPOS="1197" HPOS="283"/>
							<String ID="string_373" HPOS="298" VPOS="1198" WIDTH="115" HEIGHT="27" WC="0.96" CONTENT="möjligtvis"/><SP WIDTH="16" VPOS="1198" HPOS="413"/>
							<String ID="string_374" HPOS="429" VPOS="1199" WIDTH="104" HEIGHT="28" WC="0.93" CONTENT="åtskilligt"/><SP WIDTH="15" VPOS="1199" HPOS="533"/>
							<String ID="string_375" HPOS="548" VPOS="1201" WIDTH="120" HEIGHT="20" WC="0.91" CONTENT="anmärkas."/><SP WIDTH="32" VPOS="1201" HPOS="668"/>
							<String ID="string_376" HPOS="700" VPOS="1200" WIDTH="39" HEIGHT="21" WC="0.89" CONTENT="Om"/><SP WIDTH="18" VPOS="1200" HPOS="739"/>
							<String ID="string_377" HPOS="757" VPOS="1199" WIDTH="160" HEIGHT="26" WC="0.92" CONTENT="ettstadgande"/><SP WIDTH="9" VPOS="1199" HPOS="917"/>
							<String ID="string_378" HPOS="926" VPOS="1198" WIDTH="91" HEIGHT="22" WC="0.96" CONTENT="rörande"/>
						</TextLine>
						<TextLine ID="line_38" HPOS="185" VPOS="1224" WIDTH="832" HEIGHT="31">
							<String ID="string_379" HPOS="185" VPOS="1230" WIDTH="30" HEIGHT="15" WC="0.95" CONTENT="nu"/><SP WIDTH="15" VPOS="1230" HPOS="215"/>
							<String ID="string_380" HPOS="230" VPOS="1224" WIDTH="165" HEIGHT="28" WC="0.95" CONTENT="ifrågavarande"/><SP WIDTH="19" VPOS="1224" HPOS="395"/>
							<String ID="string_381" HPOS="414" VPOS="1230" WIDTH="61" HEIGHT="19" WC="0.93" CONTENT="ämne"/><SP WIDTH="16" VPOS="1230" HPOS="475"/>
							<String ID="string_382" HPOS="491" VPOS="1229" WIDTH="45" HEIGHT="20" WC="0.90" CONTENT="deri"/><SP WIDTH="15" VPOS="1229" HPOS="536"/>
							<String ID="string_383" HPOS="551" VPOS="1229" WIDTH="48" HEIGHT="22" WC="0.96" CONTENT="icke"/><SP WIDTH="15" VPOS="1229" HPOS="599"/>
							<String ID="string_384" HPOS="614" VPOS="1229" WIDTH="66" HEIGHT="26" WC="0.96" CONTENT="ingår,"/><SP WIDTH="10" VPOS="1229" HPOS="680"/>
							<String ID="string_385" HPOS="690" VPOS="1229" WIDTH="25" HEIGHT="21" WC="0.96" CONTENT="så"/><SP WIDTH="16" VPOS="1229" HPOS="715"/>
							<String ID="string_386" HPOS="731" VPOS="1231" WIDTH="24" HEIGHT="18" WC="0.96" CONTENT="är"/><SP WIDTH="17" VPOS="1231" HPOS="755"/>
							<String ID="string_387" HPOS="772" VPOS="1228" WIDTH="61" HEIGHT="21" WC="0.96" CONTENT="detta"/><SP WIDTH="17" VPOS="1228" HPOS="833"/>
							<String ID="string_388" HPOS="850" VPOS="1234" WIDTH="26" HEIGHT="15" WC="0.93" CONTENT="en"/><SP WIDTH="16" VPOS="1234" HPOS="876"/>
							<String ID="string_389" HPOS="892" VPOS="1227" WIDTH="125" HEIGHT="27" WC="0.92" CONTENT="bristfällig-"/>
						</TextLine>
						<TextLine ID="line_39" HPOS="185" VPOS="1252" WIDTH="831" HEIGHT="31">
							<String ID="string_390" HPOS="185" VPOS="1252" WIDTH="44" HEIGHT="27" WC="0.96" CONTENT="het,"/><SP WIDTH="24" VPOS="1252" HPOS="229"/>
							<String ID="string_391" HPOS="253" VPOS="1253" WIDTH="87" HEIGHT="23" WC="0.96" CONTENT="hvilken"/><SP WIDTH="22" VPOS="1253" HPOS="340"/>
							<String ID="string_392" HPOS="362" VPOS="1261" WIDTH="63" HEIGHT="21" WC="0.96" CONTENT="synes"/><SP WIDTH="25" VPOS="1261" HPOS="425"/>
							<String ID="string_393" HPOS="450" VPOS="1257" WIDTH="42" HEIGHT="26" WC="0.94" CONTENT="mig"/><SP WIDTH="24" VPOS="1257" HPOS="492"/>
							<String ID="string_394" HPOS="516" VPOS="1257" WIDTH="89" HEIGHT="22" WC="0.94" CONTENT="alldeles"/><SP WIDTH="19" VPOS="1257" HPOS="605"/>
							<String ID="string_395" HPOS="624" VPOS="1258" WIDTH="48" HEIGHT="21" WC="0.96" CONTENT="icke"/><SP WIDTH="15" VPOS="1258" HPOS="672"/>
							<String ID="string_396" HPOS="687" VPOS="1257" WIDTH="84" HEIGHT="25" WC="0.96" CONTENT="hindra,"/><SP WIDTH="18" VPOS="1257" HPOS="771"/>
							<String ID="string_397" HPOS="789" VPOS="1258" WIDTH="33" HEIGHT="19" WC="0.96" CONTENT="att"/><SP WIDTH="16" VPOS="1258" HPOS="822"/>
							<String ID="string_398" HPOS="838" VPOS="1256" WIDTH="32" HEIGHT="21" WC="0.96" CONTENT="uti"/><SP WIDTH="16" VPOS="1256" HPOS="870"/>
							<String ID="string_399" HPOS="886" VPOS="1263" WIDTH="28" HEIGHT="14" WC="0.93" CONTENT="nu"/><SP WIDTH="16" VPOS="1263" HPOS="914"/>
							<String ID="string_400" HPOS="930" VPOS="1255" WIDTH="86" HEIGHT="28" WC="0.92" CONTENT="förelig-"/>
						</TextLine>
						<TextLine ID="line_40" HPOS="186" VPOS="1281" WIDTH="830" HEIGHT="31">
							<String ID="string_401" HPOS="186" VPOS="1281" WIDTH="70" HEIGHT="26" WC="0.95" CONTENT="gande"/><SP WIDTH="16" VPOS="1281" HPOS="256"/>
							<String ID="string_402" HPOS="272" VPOS="1283" WIDTH="117" HEIGHT="28" WC="0.95" CONTENT="lagförslag"/><SP WIDTH="14" VPOS="1283" HPOS="389"/>
							<String ID="string_403" HPOS="403" VPOS="1285" WIDTH="90" HEIGHT="22" WC="0.96" CONTENT="hänvisa"/><SP WIDTH="15" VPOS="1285" HPOS="493"/>
							<String ID="string_404" HPOS="508" VPOS="1286" WIDTH="32" HEIGHT="21" WC="0.93" CONTENT="till"/><SP WIDTH="16" VPOS="1286" HPOS="540"/>
							<String ID="string_405" HPOS="556" VPOS="1285" WIDTH="11" HEIGHT="27" WC="0.93" CONTENT="$"/><SP WIDTH="15" VPOS="1285" HPOS="567"/>
							<String ID="string_406" HPOS="582" VPOS="1287" WIDTH="42" HEIGHT="20" WC="0.96" CONTENT="302"/><SP WIDTH="16" VPOS="1287" HPOS="624"/>
							<String ID="string_407" HPOS="640" VPOS="1286" WIDTH="40" HEIGHT="21" WC="0.96" CONTENT="och"/><SP WIDTH="16" VPOS="1286" HPOS="680"/>
							<String ID="string_408" HPOS="696" VPOS="1285" WIDTH="102" HEIGHT="22" WC="0.96" CONTENT="förordna"/><SP WIDTH="16" VPOS="1285" HPOS="798"/>
							<String ID="string_409" HPOS="814" VPOS="1287" WIDTH="34" HEIGHT="19" WC="0.96" CONTENT="att"/><SP WIDTH="15" VPOS="1287" HPOS="848"/>
							<String ID="string_410" HPOS="863" VPOS="1285" WIDTH="60" HEIGHT="21" WC="0.77" CONTENT="brott"/><SP WIDTH="8" VPOS="1285" HPOS="923"/>
							<String ID="string_411" HPOS="931" VPOS="1284" WIDTH="23" HEIGHT="21" WC="0.77" CONTENT="af"/><SP WIDTH="13" VPOS="1284" HPOS="954"/>
							<String ID="string_412" HPOS="967" VPOS="1284" WIDTH="49" HEIGHT="22" WC="0.93" CONTENT="ifrå-"/>
						</TextLine>
						<TextLine ID="line_41" HPOS="186" VPOS="1311" WIDTH="832" HEIGHT="31">
							<String ID="string_413" HPOS="186" VPOS="1311" WIDTH="124" HEIGHT="31" WC="0.93" CONTENT="gavarande"/><SP WIDTH="16" VPOS="1311" HPOS="310"/>
							<String ID="string_414" HPOS="326" VPOS="1312" WIDTH="149" HEIGHT="23" WC="0.96" CONTENT="beskaffenhet"/><SP WIDTH="15" VPOS="1312" HPOS="475"/>
							<String ID="string_415" HPOS="490" VPOS="1315" WIDTH="62" HEIGHT="20" WC="0.97" CONTENT="skola"/><SP WIDTH="16" VPOS="1315" HPOS="552"/>
							<String ID="string_416" HPOS="568" VPOS="1315" WIDTH="66" HEIGHT="26" WC="0.93" CONTENT="enligt"/><SP WIDTH="15" VPOS="1315" HPOS="634"/>
							<String ID="string_417" HPOS="649" VPOS="1315" WIDTH="10" HEIGHT="27" WC="0.90" CONTENT="$"/><SP WIDTH="16" VPOS="1315" HPOS="659"/>
							<String ID="string_418" HPOS="675" VPOS="1316" WIDTH="41" HEIGHT="19" WC="0.96" CONTENT="302"/><SP WIDTH="17" VPOS="1316" HPOS="716"/>
							<String ID="string_419" HPOS="733" VPOS="1314" WIDTH="7" HEIGHT="21" WC="0.96" CONTENT="i"/><SP WIDTH="17" VPOS="1314" HPOS="740"/>
							<String ID="string_420" HPOS="757" VPOS="1313" WIDTH="127" HEIGHT="27" WC="0.96" CONTENT="strafflagen"/><SP WIDTH="15" VPOS="1313" HPOS="884"/>
							<String ID="string_421" HPOS="899" VPOS="1313" WIDTH="34" HEIGHT="21" WC="0.96" CONTENT="för"/><SP WIDTH="14" VPOS="1313" HPOS="933"/>
							<String ID="string_422" HPOS="947" VPOS="1312" WIDTH="71" HEIGHT="22" WC="0.96" CONTENT="finska"/>
						</TextLine>
						<TextLine ID="line_42" HPOS="187" VPOS="1338" WIDTH="829" HEIGHT="32">
							<String ID="string_423" HPOS="187" VPOS="1338" WIDTH="107" HEIGHT="22" WC="0.93" CONTENT="militären"/><SP WIDTH="23" VPOS="1338" HPOS="294"/>
							<String ID="string_424" HPOS="317" VPOS="1341" WIDTH="124" HEIGHT="27" WC="0.96" CONTENT="behandlas,"/><SP WIDTH="24" VPOS="1341" HPOS="441"/>
							<String ID="string_425" HPOS="465" VPOS="1342" WIDTH="57" HEIGHT="22" WC="0.96" CONTENT="helst"/><SP WIDTH="14" VPOS="1342" HPOS="522"/>
							<String ID="string_426" HPOS="536" VPOS="1343" WIDTH="8" HEIGHT="21" WC="0.96" CONTENT="i"/><SP WIDTH="16" VPOS="1343" HPOS="544"/>
							<String ID="string_427" HPOS="560" VPOS="1343" WIDTH="70" HEIGHT="21" WC="0.96" CONTENT="denna"/><SP WIDTH="15" VPOS="1343" HPOS="630"/>
							<String ID="string_428" HPOS="645" VPOS="1343" WIDTH="11" HEIGHT="27" WC="0.88" CONTENT="$"/><SP WIDTH="16" VPOS="1343" HPOS="656"/>
							<String ID="string_429" HPOS="672" VPOS="1343" WIDTH="47" HEIGHT="21" WC="0.96" CONTENT="icke"/><SP WIDTH="16" VPOS="1343" HPOS="719"/>
							<String ID="string_430" HPOS="735" VPOS="1342" WIDTH="68" HEIGHT="22" WC="0.96" CONTENT="finnes"/><SP WIDTH="16" VPOS="1342" HPOS="803"/>
							<String ID="string_431" HPOS="819" VPOS="1341" WIDTH="105" HEIGHT="22" WC="0.93" CONTENT="särskildt"/><SP WIDTH="15" VPOS="1341" HPOS="924"/>
							<String ID="string_432" HPOS="939" VPOS="1348" WIDTH="77" HEIGHT="20" WC="0.92" CONTENT="uppre-"/>
						</TextLine>
						<TextLine ID="line_43" HPOS="185" VPOS="1367" WIDTH="831" HEIGHT="31">
							<String ID="string_433" HPOS="185" VPOS="1367" WIDTH="55" HEIGHT="26" WC="0.91" CONTENT="padt"/><SP WIDTH="17" VPOS="1367" HPOS="240"/>
							<String ID="string_434" HPOS="257" VPOS="1368" WIDTH="44" HEIGHT="26" WC="0.96" CONTENT="det,"/><SP WIDTH="15" VPOS="1368" HPOS="301"/>
							<String ID="string_435" HPOS="316" VPOS="1375" WIDTH="47" HEIGHT="15" WC="0.96" CONTENT="som"/><SP WIDTH="15" VPOS="1375" HPOS="363"/>
							<String ID="string_436" HPOS="378" VPOS="1370" WIDTH="46" HEIGHT="21" WC="0.96" CONTENT="står"/><SP WIDTH="15" VPOS="1370" HPOS="424"/>
							<String ID="string_437" HPOS="439" VPOS="1371" WIDTH="31" HEIGHT="21" WC="0.96" CONTENT="uti"/><SP WIDTH="15" VPOS="1371" HPOS="470"/>
							<String ID="string_438" HPOS="485" VPOS="1370" WIDTH="69" HEIGHT="22" WC="0.96" CONTENT="första"/><SP WIDTH="14" VPOS="1370" HPOS="554"/>
							<String ID="string_439" HPOS="568" VPOS="1371" WIDTH="135" HEIGHT="27" WC="0.93" CONTENT="paragrafen,"/><SP WIDTH="16" VPOS="1371" HPOS="703"/>
							<String ID="string_440" HPOS="719" VPOS="1371" WIDTH="107" HEIGHT="27" WC="0.93" CONTENT="nemligen"/><SP WIDTH="10" VPOS="1371" HPOS="826"/>
							<String ID="string_441" HPOS="836" VPOS="1363" WIDTH="52" HEIGHT="39" WC="0.71" CONTENT="att,"/><SP WIDTH="12" VPOS="1363" HPOS="888"/>
							<String ID="string_442" HPOS="900" VPOS="1363" WIDTH="116" HEIGHT="39" WC="0.71" CONTENT="officerare,"/>
						</TextLine>
						<TextLine ID="line_44" HPOS="184" VPOS="1395" WIDTH="832" HEIGHT="32">
							<String ID="string_443" HPOS="184" VPOS="1395" WIDTH="69" HEIGHT="32" WC="0.96" CONTENT="högre"/><SP WIDTH="24" VPOS="1395" HPOS="253"/>
							<String ID="string_444" HPOS="277" VPOS="1396" WIDTH="40" HEIGHT="22" WC="0.96" CONTENT="och"/><SP WIDTH="20" VPOS="1396" HPOS="317"/>
							<String ID="string_445" HPOS="337" VPOS="1398" WIDTH="60" HEIGHT="27" WC="0.93" CONTENT="lägre"/><SP WIDTH="15" VPOS="1398" HPOS="397"/>
							<String ID="string_446" HPOS="412" VPOS="1399" WIDTH="125" HEIGHT="22" WC="0.91" CONTENT="underbefäl"/><SP WIDTH="17" VPOS="1399" HPOS="537"/>
							<String ID="string_447" HPOS="554" VPOS="1400" WIDTH="41" HEIGHT="21" WC="0.96" CONTENT="och"/><SP WIDTH="15" VPOS="1400" HPOS="595"/>
							<String ID="string_448" HPOS="610" VPOS="1400" WIDTH="103" HEIGHT="27" WC="0.96" CONTENT="manskap"/><SP WIDTH="16" VPOS="1400" HPOS="713"/>
							<String ID="string_449" HPOS="729" VPOS="1402" WIDTH="57" HEIGHT="19" WC="0.96" CONTENT="samt"/><SP WIDTH="15" VPOS="1402" HPOS="786"/>
							<String ID="string_450" HPOS="801" VPOS="1399" WIDTH="63" HEIGHT="22" WC="0.93" CONTENT="civila"/><SP WIDTH="16" VPOS="1399" HPOS="864"/>
							<String ID="string_451" HPOS="880" VPOS="1399" WIDTH="136" HEIGHT="27" WC="0.91" CONTENT="tjenstemän,"/>
						</TextLine>
						<TextLine ID="line_45" HPOS="183" VPOS="1423" WIDTH="833" HEIGHT="33">
							<String ID="string_452" HPOS="183" VPOS="1423" WIDTH="74" HEIGHT="23" WC="0.95" CONTENT="hvilka"/><SP WIDTH="24" VPOS="1423" HPOS="257"/>
							<String ID="string_453" HPOS="281" VPOS="1427" WIDTH="38" HEIGHT="19" WC="0.94" CONTENT="äro"/><SP WIDTH="24" VPOS="1427" HPOS="319"/>
							<String ID="string_454" HPOS="343" VPOS="1426" WIDTH="6" HEIGHT="21" WC="0.94" CONTENT="i"/><SP WIDTH="22" VPOS="1426" HPOS="349"/>
							<String ID="string_455" HPOS="371" VPOS="1426" WIDTH="57" HEIGHT="22" WC="0.93" CONTENT="finsk"/><SP WIDTH="15" VPOS="1426" HPOS="428"/>
							<String ID="string_456" HPOS="443" VPOS="1428" WIDTH="105" HEIGHT="26" WC="0.92" CONTENT="krigsstat"/><SP WIDTH="16" VPOS="1428" HPOS="548"/>
							<String ID="string_457" HPOS="564" VPOS="1430" WIDTH="116" HEIGHT="26" WC="0.93" CONTENT="upptagna,"/><SP WIDTH="18" VPOS="1430" HPOS="680"/>
							<String ID="string_458" HPOS="698" VPOS="1429" WIDTH="66" HEIGHT="21" WC="0.92" CONTENT="varda"/><SP WIDTH="13" VPOS="1429" HPOS="764"/>
							<String ID="string_459" HPOS="777" VPOS="1428" WIDTH="34" HEIGHT="22" WC="0.96" CONTENT="för"/><SP WIDTH="15" VPOS="1428" HPOS="811"/>
							<String ID="string_460" HPOS="826" VPOS="1427" WIDTH="94" HEIGHT="22" WC="0.96" CONTENT="militära"/><SP WIDTH="15" VPOS="1427" HPOS="920"/>
							<String ID="string_461" HPOS="935" VPOS="1427" WIDTH="59" HEIGHT="21" WC="0.96" CONTENT="brott"/><SP WIDTH="15" VPOS="1427" HPOS="994"/>
							<String ID="string_462" HPOS="1009" VPOS="1427" WIDTH="7" HEIGHT="21" WC="0.96" CONTENT="i"/>
						</TextLine>
						<TextLine ID="line_46" HPOS="184" VPOS="1452" WIDTH="833" HEIGHT="32">
							<String ID="string_463" HPOS="184" VPOS="1452" WIDTH="41" HEIGHT="32" WC="0.96" CONTENT="och"/><SP WIDTH="16" VPOS="1452" HPOS="225"/>
							<String ID="string_464" HPOS="241" VPOS="1455" WIDTH="61" HEIGHT="19" WC="0.93" CONTENT="utom"/><SP WIDTH="16" VPOS="1455" HPOS="302"/>
							<String ID="string_465" HPOS="318" VPOS="1455" WIDTH="95" HEIGHT="27" WC="0.92" CONTENT="tjensten"/><SP WIDTH="16" VPOS="1455" HPOS="413"/>
							<String ID="string_466" HPOS="429" VPOS="1456" WIDTH="54" HEIGHT="22" WC="0.96" CONTENT="efter"/><SP WIDTH="15" VPOS="1456" HPOS="483"/>
							<String ID="string_467" HPOS="498" VPOS="1458" WIDTH="69" HEIGHT="20" WC="0.96" CONTENT="denna"/><SP WIDTH="16" VPOS="1458" HPOS="567"/>
							<String ID="string_468" HPOS="583" VPOS="1456" WIDTH="97" HEIGHT="28" WC="0.95" CONTENT="strafflag"/><SP WIDTH="17" VPOS="1456" HPOS="680"/>
							<String ID="string_469" HPOS="697" VPOS="1457" WIDTH="97" HEIGHT="21" WC="0.93" CONTENT="dömde&quot;."/><SP WIDTH="33" VPOS="1457" HPOS="794"/>
							<String ID="string_470" HPOS="827" VPOS="1456" WIDTH="107" HEIGHT="26" WC="0.80" CONTENT="Slutligen"/><SP WIDTH="8" VPOS="1456" HPOS="934"/>
							<String ID="string_471" HPOS="942" VPOS="1456" WIDTH="75" HEIGHT="26" WC="0.96" CONTENT="tycker"/>
						</TextLine>
						<TextLine ID="line_47" HPOS="181" VPOS="1482" WIDTH="835" HEIGHT="30">
							<String ID="string_472" HPOS="181" VPOS="1487" WIDTH="38" HEIGHT="20" WC="0.94" CONTENT="jag"/><SP WIDTH="16" VPOS="1487" HPOS="219"/>
							<String ID="string_473" HPOS="235" VPOS="1482" WIDTH="38" HEIGHT="21" WC="0.96" CONTENT="det"/><SP WIDTH="15" VPOS="1482" HPOS="273"/>
							<String ID="string_474" HPOS="288" VPOS="1489" WIDTH="51" HEIGHT="15" WC="0.96" CONTENT="vore"/><SP WIDTH="17" VPOS="1489" HPOS="339"/>
							<String ID="string_475" HPOS="356" VPOS="1490" WIDTH="25" HEIGHT="15" WC="0.96" CONTENT="en"/><SP WIDTH="16" VPOS="1490" HPOS="381"/>
							<String ID="string_476" HPOS="397" VPOS="1490" WIDTH="43" HEIGHT="21" WC="0.93" CONTENT="nog"/><SP WIDTH="15" VPOS="1490" HPOS="440"/>
							<String ID="string_477" HPOS="455" VPOS="1485" WIDTH="82" HEIGHT="22" WC="0.92" CONTENT="ledsam"/><SP WIDTH="16" VPOS="1485" HPOS="537"/>
							<String ID="string_478" HPOS="553" VPOS="1486" WIDTH="168" HEIGHT="26" WC="0.96" CONTENT="omständighet,"/><SP WIDTH="16" VPOS="1486" HPOS="721"/>
							<String ID="string_479" HPOS="737" VPOS="1492" WIDTH="34" HEIGHT="14" WC="0.96" CONTENT="om"/><SP WIDTH="15" VPOS="1492" HPOS="771"/>
							<String ID="string_480" HPOS="786" VPOS="1485" WIDTH="36" HEIGHT="22" WC="0.96" CONTENT="vid"/><SP WIDTH="17" VPOS="1485" HPOS="822"/>
							<String ID="string_481" HPOS="839" VPOS="1485" WIDTH="27" HEIGHT="21" WC="0.96" CONTENT="de"/><SP WIDTH="11" VPOS="1485" HPOS="866"/>
							<String ID="string_482" HPOS="877" VPOS="1484" WIDTH="69" HEIGHT="21" WC="0.93" CONTENT="finska"/><SP WIDTH="11" VPOS="1484" HPOS="946"/>
							<String ID="string_483" HPOS="957" VPOS="1486" WIDTH="59" HEIGHT="25" WC="0.91" CONTENT="trup-"/>
						</TextLine>
						<TextLine ID="line_48" HPOS="184" VPOS="1512" WIDTH="833" HEIGHT="28">
							<String ID="string_484" HPOS="184" VPOS="1516" WIDTH="75" HEIGHT="22" WC="0.96" CONTENT="perna,"/><SP WIDTH="24" VPOS="1516" HPOS="259"/>
							<String ID="string_485" HPOS="283" VPOS="1518" WIDTH="46" HEIGHT="14" WC="0.96" CONTENT="som"/><SP WIDTH="22" VPOS="1518" HPOS="329"/>
							<String ID="string_486" HPOS="351" VPOS="1512" WIDTH="86" HEIGHT="22" WC="0.93" CONTENT="befinna"/><SP WIDTH="23" VPOS="1512" HPOS="437"/>
							<String ID="string_487" HPOS="460" VPOS="1514" WIDTH="33" HEIGHT="26" WC="0.96" CONTENT="sig"/><SP WIDTH="15" VPOS="1514" HPOS="493"/>
							<String ID="string_488" HPOS="508" VPOS="1515" WIDTH="31" HEIGHT="21" WC="0.96" CONTENT="uti"/><SP WIDTH="17" VPOS="1515" HPOS="539"/>
							<String ID="string_489" HPOS="556" VPOS="1517" WIDTH="32" HEIGHT="19" WC="0.91" CONTENT="ett"/><SP WIDTH="15" VPOS="1517" HPOS="588"/>
							<String ID="string_490" HPOS="603" VPOS="1514" WIDTH="128" HEIGHT="26" WC="0.91" CONTENT="fiendeland,"/><SP WIDTH="17" VPOS="1514" HPOS="731"/>
							<String ID="string_491" HPOS="748" VPOS="1515" WIDTH="73" HEIGHT="21" WC="0.93" CONTENT="såsom"/><SP WIDTH="16" VPOS="1515" HPOS="821"/>
							<String ID="string_492" HPOS="837" VPOS="1516" WIDTH="13" HEIGHT="18" WC="0.92" CONTENT="t."/><SP WIDTH="18" VPOS="1516" HPOS="850"/>
							<String ID="string_493" HPOS="868" VPOS="1519" WIDTH="32" HEIGHT="15" WC="0.95" CONTENT="ex."/><SP WIDTH="16" VPOS="1519" HPOS="900"/>
							<String ID="string_494" HPOS="916" VPOS="1512" WIDTH="61" HEIGHT="22" WC="0.96" CONTENT="fallet"/><SP WIDTH="16" VPOS="1512" HPOS="977"/>
							<String ID="string_495" HPOS="993" VPOS="1516" WIDTH="24" HEIGHT="18" WC="0.95" CONTENT="är"/>
						</TextLine>
					</TextBlock>
				</ComposedBlock>
			</PrintSpace>
		</Page>
	</Layout>
</alto>
