1109 1678
396 102 39 18 Den
453 99 24 21 12
493 102 107 19 December.
818 101 53 20 1297

80 165 48 21 dras
141 164 25 27 ju
181 164 47 22 icke
243 164 89 27 mycken
346 165 113 27 besinning
473 165 33 21 för
521 166 34 20 att
569 165 62 26 finna,
649 166 32 20 att
697 165 36 21 det
747 165 8 20 i
770 164 76 27 sjelfva
855 170 46 15 ver-

78 193 39 22 ket
138 195 24 19 är
177 195 78 24 staten,
271 199 46 15 som
332 193 60 27 gifvit
407 193 109 22 individen
531 194 42 21 den
587 193 82 28 fysiska
684 193 104 22 tillvaron.
820 193 81 22 Genom

80 223 32 20 att
131 223 72 20 staten
219 221 123 27 generation
359 221 54 22 efter
428 223 125 26 generation
568 223 81 26 hägnat
664 221 150 28 familjelifvets
829 221 71 27 helgd,

80 250 40 22 och
142 256 76 22 genom
241 250 60 27 lagar
322 250 94 27 reglerat
439 251 150 27 äktenskapet,
609 251 40 21 har
659 251 41 22 den
715 251 94 26 reglerat
822 249 79 29 jemväl

80 278 305 29 populationsförhällandena.
415 280 67 27 Ingen
497 280 41 21 kan
554 286 51 15 vara
621 279 56 28 djerf
690 285 43 21 nog
747 281 33 20 att
789 279 69 28 påstå,
870 280 32 19 att

80 309 42 20 han
136 310 53 19 utan
205 308 64 21 dessa
284 307 65 28 lagar,
366 310 52 19 utan
434 309 40 21 den
489 308 200 27 samhällsordning,
705 308 7 21 i
727 308 84 21 hvilken
823 307 79 28 jemväl

81 337 64 21 dessa
158 337 61 26 lagar
234 338 37 20 äro
287 342 26 15 en
328 337 128 26 ingrediens,
473 337 69 21 skulle
558 337 72 21 säsom
646 337 61 21 detta
721 337 131 21 individuum
860 336 42 22 exi-

81 367 63 20 stera.
175 365 76 21 Staten
273 365 40 21 har
327 365 84 21 säledes
428 372 76 20 genom
520 366 41 21 den
577 365 199 27 samhällsordning,
793 365 41 21 den
849 371 53 20 upp-

80 394 119 25 rätthäller,
223 393 128 27 möjliggjort
373 394 118 21 individens
516 394 101 21 existens.
647 394 34 21 Då
703 400 28 15 nu
751 396 82 19 statens
850 399 53 21 egen

81 422 83 22 tillvaro
181 422 46 21 står
241 422 28 27 pä
283 422 53 27 spel,
353 422 132 22 äterkräfver
499 425 73 19 staten
587 423 34 21 sin
635 422 69 27 gäfva.
733 423 44 20 Det
791 424 24 19 är
829 421 73 26 härdt;

81 457 49 16 men
154 462 23 3 —
202 451 85 21 hvilken
307 453 58 19 orätt
379 451 69 22 skulle
463 451 34 22 väl
514 451 125 28 derigenom
653 457 52 16 vara
719 451 125 27 begängen?
874 450 29 21 Sä

81 480 46 21 vidt
138 480 39 27 jag
191 480 42 21 kan
248 479 73 25 förstä,
337 480 70 26 ingen.

149 509 57 26 Men,
223 510 62 25 säger
299 515 56 20 man,
372 508 41 21 den
427 508 121 28 uppofiring
563 509 109 21 individen
687 510 45 25 gör,
749 509 28 20 dä
791 508 41 21 han
848 514 54 21 upp-

82 537 63 22 offrar
166 537 67 26 lifvet,
257 539 23 19 är
301 537 65 21 likväl
384 537 25 21 sä
424 539 51 25 stor,
491 539 34 20 att
539 538 42 21 han
597 537 88 22 dermed
700 537 99 22 beröfvar
813 537 33 26 sig
861 536 43 22 alla

82 566 72 22 vidare
176 565 94 22 fördelar
292 565 23 22 af
331 565 167 23 samhällslifvet.
529 567 44 21 Det
588 569 23 18 är
626 566 33 22 för
674 566 78 21 honom
767 565 50 28 sjelf
830 565 72 22 seder-

82 601 58 15 mera
162 594 129 27 fullkomligt
311 594 108 27 likgiltigt,
439 601 34 15 om
497 595 37 22 det
549 595 110 27 samhälle,
675 595 64 21 hvars
754 595 92 21 bestånd
861 594 42 21 han

82 623 141 28 tilläfventyrs
245 623 92 27 bidragit
360 625 33 20 att
414 624 73 26 rädda,
510 623 131 22 fortfarande
664 624 103 26 existerar
783 623 51 22 eller
848 623 54 21 icke.

82 652 28 21 Ja
131 652 41 26 väl,
194 658 48 15 men
265 652 38 21 det
323 651 68 22 finnes
407 658 26 15 en
448 653 123 21 solidaritet
586 653 90 21 emellan
691 653 26 21 de
733 652 109 26 individer,
859 657 45 16 som

82 680 59 22 bilda
163 687 26 15 en
205 682 49 23 stat,
271 686 25 16 en
312 680 125 26 solidaritet,
454 681 85 21 hvilken
554 680 110 28 förbjuder
679 681 48 21 dem
743 683 32 19 att
791 680 115 27 egoistiskt

82 709 80 22 handla
176 709 57 22 blott
246 708 33 22 för
294 715 54 21 egna
362 710 113 26 intressen,
492 710 40 21 och
548 710 5 21 i
566 710 73 21 stället
655 710 88 26 ålägger
751 710 48 21 dem
807 711 33 19 att
850 708 56 22 lefva

82 737 33 23 för
131 738 73 26 andra,
219 737 33 22 för
267 738 41 21 den
323 738 130 27 gemenskap
470 738 26 22 de
513 738 91 27 tillhöra,
621 740 61 24 samt,
699 740 38 20 när
752 738 24 21 så
785 736 119 29 påfordras,

84 766 61 22 äfven
168 767 27 21 dö
210 766 33 22 för
259 767 162 27 gemenskapen.
452 767 32 21 De
499 767 112 27 förmåner,
630 773 46 15 som
690 767 113 25 individen,
821 766 27 22 då
862 766 43 21 han

82 797 75 25 stupar
179 794 33 23 för
233 794 180 28 fäderneslandet,
436 795 100 22 beröfvar
559 796 32 27 sig
607 796 54 27 sjelf,
677 796 84 21 komma
775 796 54 20 hans
844 795 59 26 barn,

83 824 53 22 hans
153 824 187 26 efterkommande,
357 824 52 22 hans
425 824 142 28 medborgare
582 824 32 22 till
630 824 62 27 godo.

151 853 32 21 De
199 853 64 21 ärade
285 853 72 26 talare,
374 853 72 21 hvilka
460 852 116 23 framställt
591 853 70 22 teorin
677 855 32 19 att
724 854 71 20 staten
811 852 47 22 icke
873 851 32 22 får

83 882 77 27 ålägga
175 882 47 21 sina
236 882 139 26 medborgare
390 882 126 27 värnepligt,
533 882 74 21 tillade
623 884 32 19 att
671 884 70 19 staten
756 882 43 20 lika
807 882 47 20 litet
862 881 43 21 kan

84 910 76 27 ålägga
183 910 48 22 dem
254 912 32 20 att
307 910 78 22 handla
401 913 57 19 emot
473 911 63 21 deras
552 910 148 28 öfvertygelse,
717 910 40 22 och
771 912 34 20 att
819 909 84 22 således

84 945 34 15 om
140 939 155 27 medborgarne
316 939 64 22 hafva
402 939 156 27 öfvertygelsen
581 941 32 19 att
636 940 27 21 de
685 939 48 21 icke
748 940 52 20 böra
815 938 91 27 fullgöra

84 968 133 27 krigstjenst,
240 968 27 22 de
283 967 70 22 dertill
368 968 47 21 icke
430 968 73 21 kunna
517 968 113 27 rättsligen
645 968 90 26 tvingas.
764 968 55 21 Herr
834 967 70 21 Mont-

84 1002 87 21 gomery
193 996 38 21 har
246 996 65 21 redan
326 996 82 21 bemött
423 996 70 22 denna
508 997 62 21 teori.
599 996 131 27 Visserligen
744 996 40 21 har
798 996 108 21 individen

84 1025 7 20 i
107 1024 116 22 allmänhet
237 1024 104 27 rättighet
354 1025 86 26 begära,
457 1026 32 20 att
505 1027 72 20 staten
591 1025 138 27 respekterar
743 1025 54 21 hans
813 1024 93 27 öfverty-

85 1053 71 27 gelser
175 1053 40 22 och
229 1053 80 22 tillåter
323 1053 79 22 honom
417 1053 80 22 inrätta
512 1054 40 21 sitt
566 1053 25 22 lif
605 1053 67 27 enligt
686 1053 54 22 dem.
770 1053 51 21 Men
837 1053 70 21 denna

84 1081 105 27 rättighet
203 1081 40 22 har
257 1082 46 21 sina
318 1085 94 24 gränser.
442 1082 67 27 Ingen
524 1083 50 25 stat,
589 1082 64 27 ingen
663 1081 66 28 laglig
737 1081 88 27 ordning
834 1080 72 22 kunde

85 1110 63 21 bestå
170 1116 34 15 om
227 1110 67 27 sagda
315 1111 104 26 rättighet
433 1116 51 16 vore
499 1111 140 26 obegränsad.
670 1110 79 27 Hvarje
764 1110 59 21 brott
836 1108 71 23 blefve

86 1139 28 21 då
128 1137 110 28 strafflöst,
254 1139 56 22 blott
325 1139 37 22 det
376 1139 102 27 framgick
493 1146 26 15 ur
534 1139 203 27 gerningsmannens
758 1137 148 28 öfvertygelse.

86 1167 47 22 Den
155 1166 102 23 moderna
277 1169 70 20 staten
361 1168 82 21 lemnar
457 1168 157 25 medborgaren
629 1167 104 27 rättighet
748 1169 33 19 att
795 1166 112 27 emigrera.

86 1196 50 21 Men
156 1195 25 22 så
201 1195 64 28 länge
282 1196 42 21 han
338 1196 47 22 icke
399 1196 122 27 emigrerar,
538 1197 25 21 så
577 1196 64 27 länge
655 1196 44 21 han
714 1195 85 22 således
815 1196 39 26 gör
869 1201 38 15 an-

86 1224 66 27 språk
174 1224 29 27 på
225 1226 82 20 statens
329 1225 75 27 skydd,
420 1225 69 22 måste
504 1225 42 21 han
561 1225 132 22 underkasta
708 1225 32 26 sig
755 1225 41 21 den
811 1223 97 27 ordning,

86 1259 47 15 som
155 1254 71 20 staten
248 1252 67 23 finner
329 1253 65 27 nödig
409 1253 32 22 för
457 1253 38 22 sitt
510 1254 91 21 bestånd
617 1253 40 22 och
672 1253 33 22 för
720 1254 32 20 att
766 1253 72 21 kunna
853 1258 55 21 upp-

86 1281 50 27 fylla
156 1281 47 21 sina
217 1281 127 27 funktioner,
360 1281 62 22 äfven
437 1288 35 15 om
486 1282 109 21 individen
611 1282 123 27 derigenom
749 1281 7 21 i
771 1282 70 21 större
856 1280 54 22 eller

86 1309 83 22 mindre
184 1310 49 21 mån
249 1310 68 21 skulle
330 1310 81 27 nödgas
427 1310 70 22 afvika
512 1310 47 22 från
574 1311 47 21 sina
635 1309 158 28 öfvertygelser.
823 1309 39 21 Att
877 1309 33 21 in-

88 1338 85 22 dividen
195 1340 76 25 vägrar
293 1338 69 22 denna
377 1339 171 26 underkastelse,
564 1339 89 21 innebär
667 1339 8 20 i
690 1338 75 27 sjelfva
779 1338 77 21 verket
871 1343 37 15 an-

87 1366 94 27 språket,
197 1368 34 20 att
245 1366 169 27 menskligheten
429 1367 54 21 skall
499 1367 76 27 återgå
589 1367 32 21 till
637 1367 37 21 det
688 1366 148 28 ursprungliga
852 1366 58 26 djur-

87 1395 45 21 lika
154 1395 121 22 tillståndet
296 1395 7 21 i
325 1395 88 27 skogen.
443 1396 36 21 Må
502 1396 28 21 då
552 1396 108 21 individen
675 1396 28 26 gå
718 1395 31 21 till
764 1395 81 27 skogen
860 1394 52 21 med

88 1423 47 22 sina
150 1424 158 27 öfvertygelser.
338 1423 50 21 Men
402 1424 46 22 helt
463 1424 75 22 säkert
552 1424 55 22 skall
621 1424 43 21 han
675 1424 37 21 der
720 1423 55 22 finna
784 1426 56 19 ännu
850 1423 62 26 långt

87 1452 82 22 mindre
192 1452 82 22 tillfälle
289 1453 32 20 att
342 1451 129 28 förverkliga
493 1452 48 22 sina
555 1452 110 27 meningar
681 1458 34 16 om
730 1452 36 21 det
780 1453 64 25 rätta,
861 1453 27 19 än
904 1450 8 21 i

88 1480 119 28 samhället,
227 1481 25 21 så
266 1480 115 28 tryckande
397 1481 66 21 också
477 1480 130 28 någongång
622 1481 27 21 de
663 1480 57 22 band
735 1480 71 21 kunna
820 1480 92 24 kännas,

88 1514 48 16 som
156 1509 60 22 detta
231 1509 87 27 ålägger
332 1508 84 23 honom.
447 1509 50 31 Man
512 1509 42 22 kan
570 1512 53 24 säga
638 1510 33 20 att
685 1508 116 22 individens
818 1508 94 26 öfverty-
