1109 1678
402 104 38 17 Den
459 103 24 18 13
499 104 107 17 December.
826 104 54 20 1379

82 166 34 20 sta
138 165 42 21 den
202 165 104 20 kortaste.
337 165 72 26 Något
428 165 47 22 skäl
491 167 34 20 att
540 167 85 26 antaga,
643 167 39 25 att,
699 172 34 15 om
749 166 160 23 militärbefälet

81 193 75 22 härvid
179 193 39 22 har
240 193 71 26 någon
333 193 77 22 latitud
429 194 35 21 vid
487 194 164 22 bestämmande
666 194 23 22 af
702 195 66 26 tiden,
785 196 37 21 det
838 195 71 22 derför

82 222 70 21 skulle
171 222 66 21 ställa
254 221 147 28 fördelningen
416 222 23 21 af
452 223 60 20 tiden
528 223 24 21 så
568 223 36 21 illa
619 229 47 15 som
681 223 89 27 möjligt,
787 230 63 21 synes
866 224 43 27 mig

82 251 47 21 icke
150 250 139 22 förekomma.
321 251 66 21 Detta
409 251 57 21 hvad
483 251 103 22 beträffar
601 251 41 22 den
658 251 122 28 föreslagna
796 253 112 27 öfningsti-

83 279 52 22 dens
155 279 72 27 längd.
257 279 63 21 Hvad
335 279 68 22 sedan
417 279 140 28 paragrafens
573 279 140 28 formulering
729 281 137 27 vidkommer,
883 281 25 22 så

83 309 61 20 torde
158 308 36 21 väl
209 307 93 22 särskild
319 308 123 22 diskussion
458 311 58 18 ännu
532 309 73 21 derom
620 309 86 27 uppstå.

152 336 78 22 Grefve
253 336 124 22 Aminoff:
408 337 42 27 Jag
472 337 96 27 begärde
584 337 63 21 ordet
667 337 78 22 endast
759 337 34 23 för
808 340 33 20 att
856 340 53 25 säga

83 366 33 20 att
133 365 38 27 jag
189 365 33 21 till
238 365 41 21 alla
295 365 58 21 delar
369 365 202 22 öfverensstämmer
585 366 50 21 med
650 366 56 22 hvad
722 366 49 22 herr
786 366 122 22 Ehrnrooth

82 393 86 28 yttrade
183 394 29 26 på
227 394 68 26 grund
311 394 22 21 af
346 394 54 21 hans
415 394 101 27 fleråriga
532 394 128 22 erfarenhet.

151 422 57 21 Herr
228 422 111 21 Pinello:
369 423 42 26 Jag
429 423 38 21 ber
483 422 61 23 äfven
561 423 6 21 i
583 423 42 21 allo
641 423 22 21 få
676 423 85 22 biträda
776 423 49 22 herr
840 423 69 22 Ehrn-

84 451 74 22 rooths
173 451 87 26 förslag.

152 479 56 22 Herr
224 479 158 27 Schauman,
398 479 94 28 August:
512 481 10 20 I
538 480 95 27 enlighet
648 481 50 21 med
713 480 50 22 flere
779 480 130 28 föregående

84 508 74 27 talare,
178 508 70 22 måste
261 508 38 27 jag
313 509 52 26 yrka
380 508 29 27 på
425 509 70 21 denna
510 508 111 28 paragrafs
638 509 123 22 återremiss
777 509 32 21 till
825 509 84 22 utskot-

84 539 38 20 tet.
160 537 85 27 Frågan
268 543 35 15 om
325 537 41 21 den
384 537 38 26 tid,
443 543 46 16 som
506 540 24 19 är
544 538 122 27 nödvändig
681 537 34 22 för
729 544 112 15 reservens
856 536 54 23 inöf-

84 566 76 26 vande,
177 572 63 15 anser
253 566 38 27 jag
305 565 43 28 mig
363 566 55 21 dock
434 566 47 21 icke
496 567 29 26 på
540 566 67 27 något
622 568 45 19 sätt
682 573 51 15 vara
742 567 126 27 kompetent
879 567 32 20 att

83 594 120 27 bedömma,
227 601 49 15 men
299 594 38 21 det
355 597 23 18 är
398 594 23 22 af
434 595 46 21 helt
495 595 68 21 andra
579 595 46 21 skäl
638 595 38 27 jag
691 595 32 21 för
739 595 42 21 min
797 595 34 21 del
846 595 64 27 yrkar

83 623 29 28 på
135 623 130 22 återremiss.
296 623 75 21 Redan
393 623 7 21 i
423 623 38 26 går
483 623 57 22 hade
556 624 38 27 jag
609 625 52 20 äran
675 623 117 27 framhålla,
808 624 102 21 hurusom

84 652 110 21 utskottet
215 652 31 21 uti
267 652 69 21 denna
350 658 41 21 nya
406 651 46 22 från
469 652 41 21 den
526 652 79 26 nådiga
619 653 162 26 propositionen
797 652 113 21 afvikande

84 680 103 27 paragraf
202 680 40 22 har
256 680 84 22 försökt
355 682 33 20 att
403 680 131 22 tillförsäkra
548 680 75 22 landet
639 682 32 20 ett
687 681 70 21 starkt
772 680 138 22 nationalför-

85 715 55 20 svar,
156 708 133 22 tillförsäkra
303 709 74 21 landet
392 715 34 15 om
442 711 32 19 att
485 710 43 20 alla
538 708 117 28 vapenföra
661 711 51 20 män
720 709 109 27 verkligen
840 708 70 22 skulle

84 738 66 21 blifva
172 737 153 27 vapenöfvade.
355 738 44 21 Det
414 740 24 19 är
453 738 7 21 i
476 738 70 21 denna
561 737 101 27 paragraf
676 738 109 21 utskottet
800 738 110 21 dessutom

84 766 41 22 har
146 766 85 22 försökt
253 766 66 27 något
337 766 96 28 utjemna
449 766 41 22 den
505 766 69 22 hårda
590 766 103 22 orättvisa
710 773 46 15 som
770 766 7 22 i
793 767 66 21 annat
873 765 38 22 fall

84 795 42 21 lätt
140 795 85 22 komme
241 797 32 19 att
288 795 75 21 kastas
379 795 59 21 öfver
453 795 58 22 vissa
526 795 23 21 af
562 795 84 21 landets
657 795 118 27 ynglingar,
787 795 124 27 derigenom

85 824 114 26 nemligen,
216 825 33 20 att
263 824 7 20 i
287 824 72 21 stället
374 823 33 22 för
417 825 34 20 att
459 824 67 26 enligt
534 824 79 26 nådiga
620 824 161 27 propositionen
791 824 26 21 de
829 829 45 15 som
884 822 28 28 gå

85 852 120 28 lottningen
227 852 46 26 frie,
291 852 38 22 alls
345 852 48 22 icke
409 852 69 22 skulle
493 852 67 22 blifva
575 852 99 22 inöfvade
689 853 7 21 i
711 852 154 28 vapenbruket,
882 858 29 14 nu

86 881 67 27 enligt
173 882 60 21 detta
247 880 81 28 förslag
343 881 70 21 skulle
429 881 135 21 omedelbart
579 881 85 21 inträda
679 881 6 21 i
701 887 100 15 reserven
817 880 41 22 och
874 880 38 21 der

86 910 121 27 tjenstgöra
229 910 42 21 den
293 910 122 27 föreslagna
433 910 67 21 tiden.
531 910 51 21 Men
597 910 73 21 såsom
683 910 37 27 jag
735 910 55 21 hade
807 911 51 19 äran
874 914 38 16 an-

86 938 52 27 föra,
155 941 24 19 är
195 938 69 22 denna
279 938 80 27 vigtiga
373 938 102 27 paragraf
489 938 48 22 icke
552 938 114 27 redigerad
680 938 29 27 på
724 940 32 20 ett
771 938 79 21 sådant
868 938 45 20 sätt

87 969 33 19 att
136 968 41 21 den
192 969 121 20 motsvarar
327 967 56 22 hvad
399 967 42 21 den
457 967 81 27 åsyftar
554 968 33 20 att
601 967 114 21 innehålla.
746 967 114 21 Utskottet
874 965 39 21 har

87 996 67 21 också
171 996 58 27 sjelft
247 996 7 20 i
273 996 55 21 sista
343 996 93 21 stunden
452 996 127 21 observerat
594 996 117 26 svagheten
727 995 32 21 uti
773 994 139 27 paragrafens

87 1025 89 26 ordalag
199 1024 41 21 och
262 1024 51 21 sökt
332 1025 32 20 att
382 1023 110 22 förstärka
508 1024 42 21 den
566 1030 77 21 genom
660 1024 26 21 de
701 1030 39 21 par
756 1024 44 25 ord,
817 1029 46 15 som
878 1023 34 20 ut-

87 1053 84 21 skottet
193 1053 31 21 uti
247 1053 102 21 särskildt
368 1052 95 27 utgifven
481 1053 164 26 rättelsebilaga
660 1053 39 20 har
714 1051 87 28 infogat,
817 1057 49 15 men
882 1049 31 22 äf-

87 1088 41 15 ven
150 1082 7 21 i
181 1082 50 21 dess
251 1082 132 21 närvarande
398 1081 61 22 skick
475 1087 65 16 anser
552 1081 38 27 jag
605 1081 48 22 icke
669 1082 33 20 att
716 1079 126 28 paragrafen
858 1080 56 20 mot-

88 1117 74 14 svarar
177 1110 56 22 hvad
248 1117 50 14 man
313 1110 40 21 har
367 1112 44 19 rätt
427 1112 32 19 att
475 1109 22 22 af
512 1110 41 21 den
569 1109 78 22 fordra.
671 1109 46 22 Här
732 1111 36 19 äro
780 1107 86 28 uttryck
876 1107 38 32 be-

88 1139 99 27 gagnade
209 1139 82 21 sådana
312 1145 47 15 som
374 1140 33 19 att
423 1139 26 21 de
464 1138 35 21 vid
515 1144 101 16 reserven
632 1137 103 22 inskrifne
752 1140 49 23 ,äro
817 1136 97 27 skyldige

89 1169 33 20 att
136 1167 81 22 infinna
231 1167 33 27 sig
278 1167 36 21 vid
330 1167 192 27 öfningsmötena*.
554 1167 86 21 Sådana
655 1167 86 27 uttryck
756 1167 53 20 böra
818 1165 49 21 icke
877 1164 37 21 be-

89 1202 88 21 gagnas,
200 1197 39 20 när
259 1196 37 21 det
315 1198 24 19 är
358 1195 61 28 fråga
435 1202 33 15 om
485 1197 33 20 att
532 1195 49 22 icke
596 1195 56 22 blott
668 1195 77 27 ålägga
761 1195 40 21 den
817 1192 97 33 enskilde

88 1225 86 27 pligter,
196 1227 52 19 utan
271 1225 67 21 också
360 1226 32 19 att
415 1224 98 21 försäkra
536 1224 38 22 det
595 1224 106 21 allmänna
717 1230 34 15 om
766 1229 26 16 en
808 1222 24 21 så
847 1222 67 25 vigtig

90 1254 39 21 sak
145 1259 47 16 som
208 1254 74 21 denna.
313 1253 44 21 När
372 1259 49 15 man
437 1255 64 24 säger
516 1254 34 20 att
564 1253 71 26 någon
651 1255 23 18 är
689 1252 83 27 skyldig
787 1252 33 21 att
834 1249 81 32 infinna

90 1283 33 26 sig
145 1282 153 27 någonstädes,
323 1282 24 21 så
368 1281 129 22 förutsätter
512 1282 63 21 detta
590 1281 66 22 redan
672 1287 26 15 en
713 1280 88 22 kallelse
817 1279 53 21 eller
884 1283 31 15 in-

89 1311 105 27 bjudning
212 1310 47 22 från
280 1312 65 19 annat
361 1310 50 21 håll.
442 1310 50 21 Man
507 1309 70 22 finner
593 1310 66 21 också
674 1309 100 26 slutligen
789 1308 7 21 i
811 1307 67 22 slutet
894 1304 22 23 af

90 1339 128 27 paragrafen
234 1339 82 27 ganska
331 1339 80 26 riktigt:
430 1354 9 10 ,
442 1339 92 20 kallelse
549 1339 34 20 till
598 1339 64 20 dessa
670 1339 71 20 möten
753 1336 55 32 skall
818 1334 98 22 utfärdas

90 1368 24 21 af
126 1368 241 27 generalguvernören*.
398 1367 50 21 Men
464 1372 34 16 om
514 1366 222 27 generalguvernören
750 1371 28 15 nu
788 1364 49 22 icke
847 1362 70 22 kallar

91 1396 65 22 dessa
177 1402 104 20 reserver,
304 1396 71 21 hvilka
395 1398 36 19 äro
452 1395 99 27 skyldiga
567 1396 33 20 att
615 1394 79 22 infinna
709 1394 34 27 sig
757 1392 28 27 på
799 1392 55 21 hans
869 1389 46 22 kal-

90 1425 60 26 lelse,
168 1425 28 21 då
211 1425 40 21 blir
266 1424 75 22 landet
355 1426 52 19 utan
423 1424 67 26 något
506 1424 76 26 skydd,
599 1423 40 22 och
655 1424 27 20 då
697 1425 24 19 är
735 1421 48 21 hela
794 1421 37 21 det
839 1421 75 19 värne-

91 1453 153 27 pligtssystem,
261 1459 46 15 som
323 1453 108 21 utskottet
446 1452 113 26 uppställt,
575 1452 89 21 kastadt
680 1450 58 22 öfver
753 1449 60 33 ända.
837 1448 77 32 Denna

91 1482 121 27 otydlighet
233 1482 82 26 hjelpes
332 1481 47 21 icke
395 1486 76 21 genom
487 1481 33 20 att
536 1480 39 21 der
590 1479 100 27 tillfogas,
706 1479 32 20 att
753 1471 157 44 öfningsmöten

91 1510 53 21 böra
165 1510 70 21 hållas
258 1509 189 22 sammanräknadt
469 1508 7 21 i
494 1508 63 21 nittio
577 1508 75 26 dagar;
673 1507 59 21 detta
749 1505 64 26 ,böra
828 1502 70 22 hållas

825 1546 23 17 28
