1109 1678
207 88 55 21 1178
488 91 40 17 Den
547 89 24 19 10
587 91 106 17 December.

176 152 49 27 jord
250 152 117 27 ofruktbar,
391 153 48 22 svår
461 155 33 20 att
509 153 110 27 bearbeta,
636 153 40 22 och
691 153 74 22 landet
777 152 156 28 jemförelsevis
948 152 54 22 folk-

178 183 67 25 tomt;
263 182 40 21 och
319 182 54 21 dock
389 183 60 20 älska
465 182 19 22 vi
501 182 60 22 detta
576 183 50 21 land
643 182 39 21 och
699 183 66 20 tänka
779 182 48 21 icke
842 181 29 28 på
886 182 32 20 att
933 181 70 22 lemna

177 211 43 20 det.
251 211 76 21 Kunde
343 211 20 21 vi
378 211 27 21 då
420 211 47 22 icke
483 211 119 22 åtminsone
611 211 66 21 varda
685 211 129 21 förskonade
823 210 83 27 (bravo!
917 210 85 27 bravo!)

178 239 47 21 från
242 239 40 22 den
299 239 80 28 olycka,
396 246 45 15 som
458 247 26 14 en
499 241 79 20 allmän
587 240 121 27 värnepligt
715 240 97 21 innebär!
824 239 84 28 (bravo!
918 235 85 36 bravo!)

178 267 78 22 Kunna
279 268 20 21 vi
322 268 48 21 icke
386 268 20 21 få
420 269 71 27 undgå
508 269 60 21 detta
583 269 47 26 öde,
645 269 38 26 jag
698 270 35 20 vet
747 269 49 21 icke
811 270 33 19 att
859 268 21 22 vi
895 267 57 28 gjort
967 274 36 15 oss

179 296 102 27 förtjenta
303 297 68 21 deraf:
393 297 37 28 jag
453 300 44 19 tror
512 297 49 22 icke
576 300 33 19 att
624 297 123 27 bildningen
764 297 39 21 här
818 297 46 21 står
879 297 59 26 lägre
954 298 27 19 än
997 297 6 20 i

178 325 67 21 andra
268 325 23 21 af
311 325 96 27 Europas
431 328 74 25 stater,
519 327 38 27 jag
572 329 45 19 tror
632 327 116 25 ingalunda
764 328 33 19 att
811 326 136 26 sedligheten
964 325 40 21 här

177 360 52 15 vore
251 354 88 21 mindre.
369 354 42 27 Jag
433 356 45 20 tror
500 355 108 27 slutligen,
631 356 32 20 att
679 361 47 15 man
743 361 76 21 genom
836 354 77 22 allmän
928 356 74 19 värne-

179 382 65 27 pligts
260 382 111 22 införande
387 383 53 21 skall
455 383 112 22 framkalla
582 384 39 21 här
637 385 32 20 ett
685 384 58 26 ondt,
760 383 46 21 från
821 383 82 21 hvilket
918 382 84 27 vilyck-

178 411 71 26 ligtvis
264 411 77 21 hittills
356 412 54 21 varit
425 411 128 22 förskonade
569 425 28 2 —
612 412 133 27 emigration.
776 412 9 21 I
801 412 78 21 sådant
894 411 42 26 fall,
947 411 57 22 hvad

179 439 90 22 innebär
291 439 70 22 denna
383 441 224 27 militärorganisation
630 441 33 21 för
687 443 32 20 ett
741 441 50 20 land
806 441 50 21 med
870 441 82 26 knappt
968 440 36 21 två

179 468 98 27 miljoner
292 469 115 22 invånare?
436 470 34 26 Jo,
487 470 40 21 den
543 470 96 26 innebär,
656 471 33 20 att
703 470 20 21 vi
737 469 102 27 slutligen
849 469 61 21 skola
918 469 86 21 komma

179 497 25 21 så
221 497 67 27 långt,
305 499 32 20 att
352 498 20 21 vi
387 498 62 21 hafva
465 500 32 20 ett
511 499 96 21 utmärkt
621 498 167 27 försvarsväsen,
805 505 48 15 men
869 498 55 21 intet
939 499 65 20 annat

179 527 28 19 än
223 526 118 21 ödemarker
356 528 32 19 att
403 526 104 23 försvara!
525 527 102 27 (bravo').

248 555 42 26 Jag
312 555 39 21 har
373 555 88 22 härmed
484 555 33 22 för
532 557 70 20 denna
617 556 57 27 gäng
689 555 88 22 slutfört
793 557 71 20 ämnet
880 561 33 16 om
929 557 74 20 värne-

179 583 93 27 pligtens
296 584 106 21 allmänna
417 585 52 21 eller
483 585 125 27 principiela
623 585 52 21 sida.
706 585 41 26 Jag
763 585 42 20 kan
820 585 48 21 icke
885 584 72 27 undgä
972 585 32 20 att

179 611 68 22 redan
269 619 29 14 nu
320 614 95 25 upptaga
430 613 31 21 till
477 614 128 21 bemötande
620 613 67 28 nägra
701 613 134 28 pästäenden
850 613 32 21 uti
897 613 106 21 utskotts-

179 641 154 25 betänkandet,
350 647 46 16 som
412 643 69 20 skulle
496 643 49 21 leda
561 643 87 26 derhän,
665 644 32 20 att
713 643 78 20 allmän
806 642 122 27 värnepligt
938 642 66 21 redan

179 669 55 27 egde
256 675 26 15 en
296 671 125 26 rättsgrund
437 671 6 21 i
458 671 52 21 vära
525 671 135 27 grundlagar.
691 671 41 27 Jag
747 671 70 21 mäste
833 672 97 26 upptaga
944 671 61 20 detta

178 698 126 22 invecklade
327 700 61 20 ämne
405 699 76 27 derför,
497 701 33 20 att
545 706 27 15 en
587 700 97 26 tolkning
700 699 23 22 af
736 700 65 20 dessa
816 699 95 27 otydliga
925 699 79 27 grund-

179 726 61 28 lagar
256 729 24 19 är
295 727 25 21 sä
334 728 79 27 ytterst
427 728 66 28 vigtig
508 728 6 21 i
531 728 42 21 alla
587 728 52 22 vära
654 728 154 22 förhällanden.
840 728 112 22 Utskottet
967 730 35 18 sä-

178 761 38 21 ger
237 756 30 26 pä
289 756 39 21 sid.
352 758 12 19 7
389 756 22 22 af
433 757 38 21 sitt
493 757 144 27 betänkande,
659 757 80 22 öfverst
755 756 103 28 ,äfvensä
874 756 86 27 stadgar
977 758 25 19 10

179 784 98 26 punkten
299 785 7 20 i
331 786 53 20 1723
407 785 35 21 års
465 786 71 26 adliga
550 786 123 27 privilegier
688 786 122 27 skyldighet
824 785 33 22 för
874 786 60 20 detta
948 785 54 21 riks-

178 812 73 27 stånd,
275 819 47 15 som
339 813 60 27 dock,
415 814 62 22 äfven
493 815 37 21 det
544 814 33 22 för
592 821 27 15 en
635 815 35 21 del
686 814 23 22 af
722 815 47 21 sina
783 814 127 27 lägenheter
925 814 77 21 under-

178 842 36 26 läg
238 842 211 22 knektekontrakten
470 845 38 25 att,
525 850 34 14 om
574 843 57 27 höga
646 843 122 22 nödtorften
785 844 24 20 sä
825 843 85 27 trängia
924 843 78 26 kunde,

179 872 33 19 att
226 876 50 16 man
291 872 52 20 utur
357 871 54 22 huse
426 872 52 26 utgä
493 872 75 26 mäste,
585 872 22 22 tä
623 872 61 22 skole
700 872 41 21 alle
757 872 65 21 därtil
838 872 111 21 viderredo
965 872 38 20 fin-

178 899 60 21 nas".
270 899 85 22 Sådana
370 902 37 19 äro
423 900 94 28 verkliga
533 901 116 27 ordalagen
664 901 6 21 i
687 901 60 21 detta
762 901 88 27 lagrum,
867 906 48 16 men
931 900 26 21 de
966 902 36 19 äro

179 928 40 20 här
233 928 110 27 lösryckta
359 935 25 15 ur
399 929 38 21 sitt
452 929 157 27 sammanhang.
641 930 144 26 Fullständigt
799 930 51 26 lyda
866 930 36 20 de:
919 929 84 26 ,,elliest

178 956 48 21 skal
249 957 77 21 adelen
340 957 32 21 uti
387 957 116 28 ofredeliga
518 958 55 22 tider
588 958 47 22 icke
651 958 96 22 försvara
762 964 59 16 mera
835 957 125 27 manshjelp,
977 960 25 18 än

178 990 47 16 som
247 984 64 23 hvart
333 986 98 22 hemman
453 987 33 21 till
504 987 49 21 dess
569 986 133 27 nödtorftiga
717 987 54 21 bruk
787 987 42 21 kan
845 986 101 26 erfordra,
963 986 40 21 och

178 1013 217 28 Legohjonsstadgan
417 1015 84 22 tillåter.
532 1015 50 22 Men
605 1021 34 16 om
661 1015 58 28 höga
740 1015 125 22 nödtorften
880 1015 25 21 sä
920 1015 83 26 trängia

178 1041 79 27 kunde,
274 1044 33 20 att
322 1049 49 15 man
386 1045 51 20 utur
451 1044 54 21 huse
520 1044 53 27 utgå
588 1045 76 26 måste,
679 1045 23 20 tå
717 1044 62 21 skola
795 1044 43 21 alla
853 1043 71 22 dertill
934 1043 68 21 vider-

177 1071 52 20 redo
253 1070 90 23 finnas".
374 1072 43 21 Det
439 1074 24 19 är
486 1072 60 22 detta
569 1073 159 27 sammanhang,
745 1079 46 16 som
807 1075 24 19 är
846 1072 89 22 alldeles
950 1072 52 21 nöd-

177 1099 97 27 vändigt,
291 1100 33 22 för
339 1102 32 20 att
386 1107 49 15 man
450 1101 55 22 skall
520 1101 73 22 kunna
607 1101 69 22 förstå
691 1102 61 21 detta
768 1101 127 28 stadgande.
922 1101 42 21 Det
972 1101 30 21 in-

177 1127 96 22 nefattar
294 1129 49 22 icke
366 1135 26 15 en
414 1130 109 27 personlig
537 1130 122 27 värnepligt
675 1131 52 21 eller
742 1129 262 28 krigstjenst-skyldighet

176 1155 34 22 för
233 1157 75 22 adelns
331 1159 144 26 medlemmar,
499 1159 89 22 emedan
605 1160 73 21 derom
693 1159 68 22 finnes
778 1159 102 27 stadgadt
895 1159 28 26 på
939 1159 65 20 annat

176 1184 44 22 håll
243 1186 42 21 och
306 1186 50 22 med
379 1187 66 22 andra
460 1187 74 22 vilkor.
564 1188 43 21 Det
622 1188 116 21 innefattar
754 1188 77 21 endast
844 1189 33 20 ett
892 1187 65 26 tvång
971 1186 33 22 för

176 1213 49 22 dem
240 1215 34 20 att
288 1215 45 21 låta
348 1215 41 22 den
404 1216 125 27 manshjelp,
539 1215 26 22 de
581 1216 63 22 hafva
659 1217 13 21 å
687 1217 47 20 sina
749 1217 133 26 lägenheter,
892 1233 11 9 ,,
906 1221 33 16 om
948 1215 56 27 höga

175 1242 125 23 nödtorften
323 1244 25 21 sä
370 1245 85 26 trängia
477 1245 93 26 kunde",
592 1245 42 22 alla
649 1245 7 21 i
671 1245 48 27 krig
734 1245 58 27 utgå.
823 1245 41 21 Om
879 1251 49 14 man
943 1244 60 27 ihäg-

176 1271 103 28 kommer,
305 1274 32 19 att
352 1273 37 22 det
403 1274 67 21 redan
485 1273 46 22 från
547 1274 59 21 äldre
622 1274 57 21 tider
693 1281 38 14 var
746 1273 110 28 förbjudet
872 1275 32 20 att
920 1273 12 21 å
944 1273 59 27 jord-

177 1299 103 27 lägenhet
302 1301 58 22 hålla
383 1308 58 15 mera
456 1301 50 28 folk,
523 1305 26 19 än
565 1303 32 21 för
609 1303 192 27 jordlägenhetens
817 1302 55 22 bruk
888 1301 114 27 tarfvades,

178 1327 86 23 således
288 1331 33 19 att
341 1330 59 21 hålla
423 1331 176 27 öfverloppsfolk;
617 1337 34 15 om
667 1338 49 14 man
732 1331 77 27 drager
825 1331 35 26 sig
875 1331 32 20 till
922 1330 81 21 minnes

175 1357 39 25 att,
231 1358 29 26 på
275 1359 46 20 sätt
335 1358 109 22 utskottet
459 1359 61 22 äfven
535 1360 28 26 på
578 1360 66 26 något
659 1360 63 21 ställe
738 1360 7 20 i
760 1359 148 22 betänkandet
924 1358 78 26 anfört,

173 1385 68 21 redan
257 1386 70 22 under
341 1387 71 21 Johan
426 1388 49 21 III:s
491 1389 31 21 tid
536 1388 141 27 förklarades,
694 1390 33 20 att
742 1388 206 27 öfverloppstjenare
964 1387 40 21 och

174 1414 27 21 de
210 1414 116 27 tjenstlösa
335 1416 68 21 skulle
413 1423 50 15 vara
471 1416 98 22 förfallna
577 1417 33 21 till
625 1417 138 27 krigstjenst;
781 1417 39 22 och
836 1423 35 15 om
886 1423 49 14 man
950 1416 52 21 slut-

173 1443 58 27 ligen
247 1444 112 26 påminner
374 1445 39 27 sig,
430 1447 33 19 att
477 1446 63 21 adeln
555 1446 67 21 redan
639 1446 66 27 enligt
722 1448 53 19 1617
793 1446 34 21 års
836 1445 124 27 privilegier
967 1451 37 15 var

174 1471 85 22 befriad
282 1472 47 22 från
352 1473 65 22 dessa
438 1474 179 28 inskränkningar
640 1480 34 16 om
696 1475 56 21 huru
775 1475 86 27 mycket
876 1473 44 22 folk
936 1472 67 22 som
985 1467 20 40 i

172 1501 92 23 fredstid
288 1502 56 27 finge
367 1502 13 21 å
398 1502 176 28 jordlägenheter
597 1504 82 26 hållas;
703 1510 34 15 om
761 1510 48 16 man
826 1504 77 26 drager
918 1502 32 27 sig
966 1502 38 21 allt
