1109 1678
223 99 54 20 1156
516 100 39 17 Den
574 99 11 18 7
602 100 106 17 December.

193 163 132 22 mentariska
339 163 154 27 församlingar,
510 169 46 15 som
572 162 61 23 äfven
654 163 39 21 hos
714 169 36 15 oss
768 161 68 22 finnas
852 161 168 28 parti-grupper,

193 192 73 21 hvilka
286 198 51 16 anse
360 192 167 27 kompromisser
542 192 40 21 och
597 191 187 22 konsiderationer
799 191 74 21 kunna
888 190 6 21 i
910 191 42 24 hög
968 191 52 26 grad

193 221 89 22 inverka
297 221 31 21 till
344 227 26 16 en
385 221 78 27 lycklig
478 220 85 27 lösning
578 221 7 20 i
600 220 77 27 frågor.
708 221 43 21 För
765 220 42 21 min
824 220 35 21 del
874 219 42 22 kan
924 219 38 27 jag
972 220 48 21 icke

193 249 75 22 förena
282 249 43 27 mig
339 256 33 15 om
388 255 26 16 en
429 249 67 22 sådan
513 249 62 27 åsigt,
592 249 40 22 och
647 249 36 27 jag
698 249 39 22 ber
753 248 84 22 derföre
854 250 32 20 att
896 247 21 22 få
927 247 93 22 vidhålla

192 277 56 23 hvad
261 278 38 27 jag
313 278 29 27 på
356 277 145 28 förmiddagen
518 279 73 26 yttrat.

262 307 55 21 Herr
339 306 23 22 af
381 307 147 26 Forselles,
549 306 64 21 Emil:
644 307 41 26 Jag
700 306 40 21 har
755 306 77 27 begärt
847 305 69 26 ordet,
932 305 32 21 för
980 307 39 25 att,

192 335 49 21 med
257 335 113 27 anledning
385 335 23 21 af
420 335 89 21 friherre
524 341 42 15 von
581 335 70 21 Borns
667 337 74 19 senast
757 335 97 20 uttalade
865 335 65 20 tanke
946 334 73 21 derom

193 364 32 20 att
247 364 158 26 Ridderskapet
427 364 39 21 och
488 364 70 21 Adeln
580 364 63 21 stode
659 364 6 20 i
680 364 95 26 begrepp
792 365 33 19 att
840 363 137 21 sanktionera
993 369 25 15 en

193 392 63 27 åsigt,
272 392 85 21 hvilken
373 392 106 21 tillförene
494 392 48 21 icke
558 392 56 21 hade
629 392 82 27 utgjort
726 392 150 27 pluralitetens
893 392 56 20 inom
960 391 58 21 stån-

194 421 43 26 det,
261 421 69 21 erinra
353 421 78 26 derom,
455 423 32 19 att
510 421 36 21 det
569 421 61 21 torde
648 427 52 15 vara
716 420 85 27 mycket
817 420 59 21 svårt
892 422 32 19 att
939 419 78 28 afgöra,

193 449 106 22 huruvida
313 449 47 22 icke
376 449 40 22 den
433 449 62 27 åsigt,
512 455 46 16 som
574 456 28 14 nu
618 449 56 27 gjort
685 449 33 27 sig
729 449 106 27 gällande,
845 449 99 27 möjligen
954 449 65 20 också

192 477 59 22 förut
273 477 55 22 hade
351 477 110 22 omfattats
484 477 22 22 af
527 478 98 21 ståndets
649 478 116 27 pluralitet.
797 478 9 21 I
829 478 37 21 det
889 477 66 26 skick,
972 483 46 16 som

193 507 319 27 sammanjemkningsförslaget
526 513 29 15 nu
570 506 121 27 föreligger,
707 507 40 21 har
761 506 75 27 frågan
852 506 48 21 icke
915 505 57 22 förut
986 505 32 22 fö-

192 535 107 27 redragits
315 535 6 22 i
337 536 92 26 ståndet,
445 535 40 22 och
500 537 46 20 tror
558 535 38 27 jag
612 535 83 22 derföre
716 536 37 21 det
771 537 23 19 är
816 535 66 26 något
898 534 121 22 förhastadt

193 565 33 20 att
240 563 70 28 påstå,
327 566 32 19 att
374 564 148 27 pluralitetens
538 564 56 27 åsigt
609 564 47 21 icke
673 564 69 21 skulle
762 563 192 22 öfverensstämma
969 563 48 22 med

193 592 36 21 det
251 592 78 27 beslut,
353 599 46 15 som
415 593 86 22 ståndet
516 599 28 15 nu
565 593 46 21 står
625 593 7 20 i
648 593 94 27 begrepp
758 594 33 19 att
805 592 61 21 fatta.
897 593 41 20 För
954 591 64 28 öfrigt

192 622 45 20 tror
250 621 39 26 jag
304 623 32 20 att
352 621 41 22 den
409 621 128 27 diskussion,
554 621 63 22 som
606 616 15 37 i
634 621 41 27 dag
691 624 36 24 egt
742 627 53 20 rum,
811 620 85 22 tillfullo
907 621 54 21 skall
972 627 44 15 mo-

192 649 75 26 tivera,
284 651 33 20 att
335 650 41 21 den
399 649 22 22 af
441 650 89 21 friherre
552 656 40 15 von
616 650 56 21 Born
689 650 113 26 påpekade
817 649 106 22 förmenta
938 651 78 20 motsä-

193 677 60 27 gelse
269 678 88 21 emellan
373 678 149 27 pluralitetens
538 679 56 26 åsigt
609 679 56 21 inom
682 678 61 22 detta
758 678 63 21 stånd
838 678 39 21 och
895 678 36 21 det
939 678 77 26 beslut,

193 712 46 15 som
255 706 22 22 af
291 706 87 22 ståndet
392 707 95 21 kommer
502 709 32 19 att
549 706 73 28 fattas,
631 707 48 21 icke
697 707 110 21 existerar..
838 707 62 21 Hvad
916 706 102 22 beträffar

192 734 51 22 herr
258 734 138 28 Schaumans,
413 736 88 26 August,
518 735 80 27 förslag
614 738 33 19 att
661 736 6 20 i
684 736 98 21 ståndets
793 735 108 27 protokoll
912 735 105 27 nedlägga

193 769 26 15 en
235 763 23 21 af
271 763 78 22 honom
371 764 119 27 föreslagen
514 764 123 27 förklaring,
654 764 25 21 så
693 764 71 21 kände
777 764 38 27 jag
830 764 44 26 mig
888 764 28 26 på
931 763 85 22 förmid-

193 792 68 26 dagen
276 792 51 27 böjd
342 794 32 20 att
389 792 85 22 förorda
489 793 126 26 detsamma,
631 799 47 15 men
694 792 89 22 afhålles
792 799 29 15 nu
838 792 91 22 derifrån
946 792 22 21 af
981 792 37 22 det

192 820 54 26 skäl,
270 826 45 16 som
335 820 22 22 af
376 821 50 21 herr
441 821 53 21 Rein
509 822 66 20 redan
590 821 68 22 blifvit
674 821 127 21 framhållet.
832 822 44 20 Det
891 821 61 21 torde
966 827 51 15 vara

191 848 112 28 tillfyllest,
319 851 32 20 att
367 850 40 21 den
423 850 56 21 inom
494 850 87 22 ståndet
596 850 113 22 förefallna
718 850 150 21 diskussionen
882 849 112 22 förefinnes
1010 850 6 20 i

192 877 98 22 ståndets
305 878 114 27 protokoll.

260 906 34 21 Då
309 906 62 27 ingen
388 906 22 22 af
423 906 98 22 ståndets
536 907 139 22 medlemmar
694 907 73 22 vidare
788 907 95 21 önskade
899 906 69 22 uttala
984 906 32 27 sig

192 933 59 22 öfver
273 935 318 27 sammanjemkningsförslaget
613 936 6 20 i
643 936 50 21 dess
716 936 80 26 helhet,
820 935 122 21 förklarade
967 935 49 21 herr

191 962 208 23 Landtmarskalken
415 966 32 19 att
463 964 40 21 den
519 964 107 21 allmänna
646 964 151 22 diskussionen
812 970 28 15 nu
857 970 50 15 vore
924 964 92 21 afslutad

191 991 40 21 och
247 993 33 19 att
295 992 32 20 till
343 992 116 27 afgörande
475 992 68 21 skulle
562 992 109 27 företagas
695 992 321 27 sammanjemkningsförslaget

189 1018 7 21 i
213 1019 50 22 dess
279 1020 107 21 särskilda
401 1020 59 22 delar
475 1021 132 21 momentvis.

259 1048 56 21 Herr
329 1049 193 27 Björkenheim,
537 1050 32 26 R.,
586 1050 84 27 yttrade
678 1049 49 22 med
744 1049 115 27 anledning
872 1048 72 22 häraf:
974 1049 42 26 Jag

189 1075 70 23 skulle
283 1077 122 27 ödmjukast
427 1078 85 21 anhålla
534 1079 33 20 att
583 1079 76 20 endast
676 1085 26 14 en
717 1078 133 27 proposition
868 1077 69 22 blefve
952 1077 62 22 tram-

189 1104 66 22 ställd
263 1111 34 15 om
313 1105 156 28 godkännande
485 1106 22 21 af
520 1106 148 21 betänkandet
683 1107 6 20 i
706 1107 49 21 dess
772 1106 80 22 helhet.
876 1107 42 20 Det
928 1106 85 27 förslag,

188 1138 47 27 som
245 1139 34 26 nu
291 1133 120 28 föreligger,
428 1136 63 25 utgör
506 1141 26 15 en
548 1135 195 27 sammanslagning
759 1135 22 21 af
795 1141 26 15 en
837 1135 78 26 mängd
924 1135 91 21 enstaka

187 1163 121 24 petitioner.
339 1163 32 20 De
385 1163 62 21 flesta
463 1163 73 26 talare,
553 1169 46 16 som
615 1164 7 20 i
638 1164 41 27 dag
695 1163 64 22 hafva
773 1165 69 26 yttrat
856 1163 39 27 sig,
907 1163 62 22 hafva
978 1169 35 15 an-

187 1191 46 30 sett
248 1190 33 27 sig
296 1191 72 21 kunna
383 1191 114 27 godkänna
511 1191 104 28 förslaget
630 1192 6 21 i
655 1193 50 20 dess
725 1192 79 23 helhet,
825 1199 48 14 men
890 1192 84 21 dermed
990 1193 24 20 är

186 1217 49 22 icke
251 1219 69 26 sagdt,
337 1221 39 24 att,
393 1225 34 16 om
442 1226 48 15 man
507 1221 68 20 skulle
592 1222 75 25 uttaga
683 1221 41 21 den
740 1227 41 15 ena
797 1221 51 21 eller
864 1221 66 20 andra
945 1220 67 26 delen,

188 1252 49 15 man
253 1247 70 22 skulle
345 1248 72 21 kunna
440 1249 112 26 godkänna
569 1249 26 21 de
611 1249 98 21 enskilda
723 1251 123 19 momenten
862 1249 6 21 i
885 1249 59 21 detta
959 1249 55 26 peti-

185 1274 146 29 tionsförslag.
361 1277 42 26 Jag
416 1276 33 22 får
464 1277 83 22 derföre
563 1277 123 28 ödmjukast
701 1277 86 26 föreslå,
804 1280 33 19 att
853 1277 87 22 ståndet
951 1277 61 22 måtte

185 1305 79 25 antaga
281 1304 60 21 detta
355 1304 80 28 förslag
451 1306 39 21 och
506 1305 97 22 anhåller
619 1312 33 15 om
668 1306 119 21 understöd
803 1306 6 21 i
826 1306 61 21 detta
905 1305 106 22 afseende.

253 1332 56 21 Herr
325 1333 22 21 af
360 1333 143 27 Forselles,
520 1334 65 21 Emil:
615 1334 41 26 Jag
672 1335 37 21 ber
725 1334 159 21 vördsammast
898 1334 22 21 få
935 1334 77 21 under-

185 1360 71 26 stödja
272 1360 49 22 herr
336 1361 161 27 Björkenheims
513 1362 86 27 förslag,
616 1362 25 21 så
655 1363 86 27 mycket
751 1362 74 27 hellre,
838 1369 46 15 som
896 1362 37 22 det
943 1364 23 19 är
975 1364 37 24 öp-

183 1389 39 25 pet
237 1388 97 22 lemnadt
348 1389 74 28 hvarje
437 1390 74 26 talare,
528 1397 46 15 som
589 1390 47 22 icke
644 1391 35 21 vill
695 1391 74 21 förena
783 1392 34 26 sig
832 1391 7 21 i
854 1391 109 26 förslaget,
980 1393 33 19 att

184 1417 54 25 göra
261 1418 164 26 anmärkningar
440 1419 7 21 i
463 1419 26 21 de
509 1419 59 21 delar
584 1419 52 21 eller
651 1421 100 25 moment,
768 1420 74 21 hvilka
856 1420 42 20 han
914 1419 47 21 icke
977 1419 35 21 vill

184 1444 122 27 godkänna.

186 1501 3 3 N
254 1474 56 21 Herr
325 1474 140 22 Mechelin:
495 1476 44 26 Mig
554 1482 63 21 synes
633 1476 66 21 ocksä
715 1478 34 19 att
766 1477 41 21 den
824 1476 130 26 diskussion,
965 1482 45 15 som

184 1507 7 15 i
208 1501 42 27 dag
265 1502 122 28 försiggätt,
403 1504 80 21 lemnar
505 1504 37 22 full
563 1504 115 28 anledning
693 1505 33 21 till
741 1505 78 22 sädant
833 1504 176 28 tillvägagäende,
