<?xml version="1.0" encoding="UTF-8"?>
<alto xmlns="http://www.loc.gov/standards/alto/ns-v3#" xmlns:xlink="http://www.w3.org/1999/xlink" xmlns:xsi="http://www.w3.org/2001/XMLSchema-instance" xsi:schemaLocation="http://www.loc.gov/standards/alto/ns-v3# http://www.loc.gov/alto/v3/alto-3-0.xsd">
	<Description>
		<MeasurementUnit>pixel</MeasurementUnit>
		<sourceImageInformation>
			<fileName>/tmp/tess__obtxqgs_input.PNG</fileName>
		</sourceImageInformation>
		<OCRProcessing ID="OCR_0">
			<ocrProcessingStep>
				<processingSoftware>
					<softwareName>tesseract 5.3.4</softwareName>
				</processingSoftware>
			</ocrProcessingStep>
		</OCRProcessing>
	</Description>
	<Layout>
		<Page WIDTH="1109" HEIGHT="1678" PHYSICAL_IMG_NR="0" ID="page_0">
			<PrintSpace HPOS="0" VPOS="0" WIDTH="1109" HEIGHT="1678">
				<GraphicalElement ID="cblock_0" HPOS="0" VPOS="626" WIDTH="7" HEIGHT="473"></GraphicalElement >
				<ComposedBlock ID="cblock_1" HPOS="236" VPOS="99" WIDTH="494" HEIGHT="20">
					<TextBlock ID="block_0" HPOS="236" VPOS="99" WIDTH="494" HEIGHT="20">
						<TextLine ID="line_0" HPOS="236" VPOS="99" WIDTH="494" HEIGHT="20">
							<String ID="string_0" HPOS="236" VPOS="99" WIDTH="55" HEIGHT="19" WC="0.96" CONTENT="1388"/><SP WIDTH="233" VPOS="99" HPOS="291"/>
							<String ID="string_1" HPOS="524" VPOS="102" WIDTH="40" HEIGHT="17" WC="0.96" CONTENT="Den"/><SP WIDTH="19" VPOS="102" HPOS="564"/>
							<String ID="string_2" HPOS="583" VPOS="101" WIDTH="24" HEIGHT="18" WC="0.96" CONTENT="13"/><SP WIDTH="16" VPOS="101" HPOS="607"/>
							<String ID="string_3" HPOS="623" VPOS="102" WIDTH="107" HEIGHT="17" WC="0.95" CONTENT="December."/>
						</TextLine>
					</TextBlock>
				</ComposedBlock>
				<ComposedBlock ID="cblock_2" HPOS="191" VPOS="162" WIDTH="843" HEIGHT="1378">
					<TextBlock ID="block_1" HPOS="205" VPOS="162" WIDTH="829" HEIGHT="142">
						<TextLine ID="line_1" HPOS="206" VPOS="162" WIDTH="828" HEIGHT="30">
							<String ID="string_4" HPOS="206" VPOS="163" WIDTH="71" HEIGHT="21" WC="0.96" CONTENT="denna"/><SP WIDTH="22" VPOS="163" HPOS="277"/>
							<String ID="string_5" HPOS="299" VPOS="162" WIDTH="60" HEIGHT="29" WC="0.96" CONTENT="fråga"/><SP WIDTH="22" VPOS="162" HPOS="359"/>
							<String ID="string_6" HPOS="381" VPOS="163" WIDTH="40" HEIGHT="22" WC="0.94" CONTENT="hör"/><SP WIDTH="22" VPOS="163" HPOS="421"/>
							<String ID="string_7" HPOS="443" VPOS="164" WIDTH="47" HEIGHT="21" WC="0.96" CONTENT="icke"/><SP WIDTH="23" VPOS="164" HPOS="490"/>
							<String ID="string_8" HPOS="513" VPOS="164" WIDTH="38" HEIGHT="21" WC="0.96" CONTENT="hit."/><SP WIDTH="31" VPOS="164" HPOS="551"/>
							<String ID="string_9" HPOS="582" VPOS="165" WIDTH="43" HEIGHT="27" WC="0.96" CONTENT="Jag"/><SP WIDTH="18" VPOS="165" HPOS="625"/>
							<String ID="string_10" HPOS="643" VPOS="170" WIDTH="64" HEIGHT="15" WC="0.96" CONTENT="anser"/><SP WIDTH="18" VPOS="170" HPOS="707"/>
							<String ID="string_11" HPOS="725" VPOS="164" WIDTH="78" HEIGHT="22" WC="0.96" CONTENT="endast"/><SP WIDTH="14" VPOS="164" HPOS="803"/>
							<String ID="string_12" HPOS="817" VPOS="165" WIDTH="34" HEIGHT="20" WC="0.96" CONTENT="att"/><SP WIDTH="15" VPOS="165" HPOS="851"/>
							<String ID="string_13" HPOS="866" VPOS="165" WIDTH="37" HEIGHT="20" WC="0.96" CONTENT="det"/><SP WIDTH="15" VPOS="165" HPOS="903"/>
							<String ID="string_14" HPOS="918" VPOS="167" WIDTH="24" HEIGHT="18" WC="0.96" CONTENT="är"/><SP WIDTH="15" VPOS="167" HPOS="942"/>
							<String ID="string_15" HPOS="957" VPOS="166" WIDTH="77" HEIGHT="26" WC="0.96" CONTENT="många"/>
						</TextLine>
						<TextLine ID="line_2" HPOS="205" VPOS="191" WIDTH="828" HEIGHT="30">
							<String ID="string_16" HPOS="205" VPOS="191" WIDTH="55" HEIGHT="27" WC="0.96" CONTENT="skäl,"/><SP WIDTH="17" VPOS="191" HPOS="260"/>
							<String ID="string_17" HPOS="277" VPOS="197" WIDTH="45" HEIGHT="16" WC="0.96" CONTENT="som"/><SP WIDTH="16" VPOS="197" HPOS="322"/>
							<String ID="string_18" HPOS="338" VPOS="193" WIDTH="45" HEIGHT="21" WC="0.96" CONTENT="tala"/><SP WIDTH="14" VPOS="193" HPOS="383"/>
							<String ID="string_19" HPOS="397" VPOS="192" WIDTH="34" HEIGHT="22" WC="0.93" CONTENT="för"/><SP WIDTH="14" VPOS="192" HPOS="431"/>
							<String ID="string_20" HPOS="445" VPOS="193" WIDTH="162" HEIGHT="22" WC="0.92" CONTENT="bibehållandet"/><SP WIDTH="14" VPOS="193" HPOS="607"/>
							<String ID="string_21" HPOS="621" VPOS="193" WIDTH="24" HEIGHT="22" WC="0.96" CONTENT="af"/><SP WIDTH="13" VPOS="193" HPOS="645"/>
							<String ID="string_22" HPOS="658" VPOS="193" WIDTH="65" HEIGHT="22" WC="0.96" CONTENT="dessa"/><SP WIDTH="15" VPOS="193" HPOS="723"/>
							<String ID="string_23" HPOS="738" VPOS="193" WIDTH="63" HEIGHT="22" WC="0.96" CONTENT="nittio"/><SP WIDTH="8" VPOS="193" HPOS="801"/>
							<String ID="string_24" HPOS="809" VPOS="193" WIDTH="67" HEIGHT="27" WC="0.96" CONTENT="dagar"/><SP WIDTH="9" VPOS="193" HPOS="876"/>
							<String ID="string_25" HPOS="885" VPOS="193" WIDTH="148" HEIGHT="28" WC="0.96" CONTENT="oförändrade,"/>
						</TextLine>
						<TextLine ID="line_3" HPOS="205" VPOS="219" WIDTH="829" HEIGHT="30">
							<String ID="string_26" HPOS="205" VPOS="219" WIDTH="62" HEIGHT="23" WC="0.93" CONTENT="äfven"/><SP WIDTH="23" VPOS="219" HPOS="267"/>
							<String ID="string_27" HPOS="290" VPOS="221" WIDTH="90" HEIGHT="22" WC="0.92" CONTENT="oaktadt"/><SP WIDTH="22" VPOS="221" HPOS="380"/>
							<String ID="string_28" HPOS="402" VPOS="228" WIDTH="48" HEIGHT="15" WC="0.93" CONTENT="man"/><SP WIDTH="23" VPOS="228" HPOS="450"/>
							<String ID="string_29" HPOS="473" VPOS="221" WIDTH="112" HEIGHT="28" WC="0.89" CONTENT="medgifvit"/><SP WIDTH="21" VPOS="221" HPOS="585"/>
							<String ID="string_30" HPOS="606" VPOS="224" WIDTH="33" HEIGHT="20" WC="0.96" CONTENT="att"/><SP WIDTH="18" VPOS="224" HPOS="639"/>
							<String ID="string_31" HPOS="657" VPOS="228" WIDTH="102" HEIGHT="15" WC="0.96" CONTENT="reserven"/><SP WIDTH="18" VPOS="228" HPOS="759"/>
							<String ID="string_32" HPOS="777" VPOS="221" WIDTH="48" HEIGHT="22" WC="0.96" CONTENT="icke"/><SP WIDTH="19" VPOS="221" HPOS="825"/>
							<String ID="string_33" HPOS="844" VPOS="222" WIDTH="29" HEIGHT="27" WC="0.96" CONTENT="på"/><SP WIDTH="15" VPOS="222" HPOS="873"/>
							<String ID="string_34" HPOS="888" VPOS="223" WIDTH="64" HEIGHT="20" WC="0.96" CONTENT="dessa"/><SP WIDTH="15" VPOS="223" HPOS="952"/>
							<String ID="string_35" HPOS="967" VPOS="222" WIDTH="67" HEIGHT="27" WC="0.96" CONTENT="dagar"/>
						</TextLine>
						<TextLine ID="line_4" HPOS="205" VPOS="249" WIDTH="827" HEIGHT="29">
							<String ID="string_36" HPOS="205" VPOS="249" WIDTH="43" HEIGHT="21" WC="0.96" CONTENT="kan"/><SP WIDTH="15" VPOS="249" HPOS="248"/>
							<String ID="string_37" HPOS="263" VPOS="249" WIDTH="22" HEIGHT="21" WC="0.96" CONTENT="få"/><SP WIDTH="15" VPOS="249" HPOS="285"/>
							<String ID="string_38" HPOS="300" VPOS="249" WIDTH="125" HEIGHT="28" WC="0.93" CONTENT="fullständig"/><SP WIDTH="16" VPOS="249" HPOS="425"/>
							<String ID="string_39" HPOS="441" VPOS="250" WIDTH="78" HEIGHT="28" WC="0.92" CONTENT="öfning."/><SP WIDTH="30" VPOS="250" HPOS="519"/>
							<String ID="string_40" HPOS="549" VPOS="251" WIDTH="43" HEIGHT="27" WC="0.96" CONTENT="Jag"/><SP WIDTH="15" VPOS="251" HPOS="592"/>
							<String ID="string_41" HPOS="607" VPOS="251" WIDTH="33" HEIGHT="22" WC="0.96" CONTENT="för"/><SP WIDTH="15" VPOS="251" HPOS="640"/>
							<String ID="string_42" HPOS="655" VPOS="251" WIDTH="43" HEIGHT="21" WC="0.96" CONTENT="min"/><SP WIDTH="16" VPOS="251" HPOS="698"/>
							<String ID="string_43" HPOS="714" VPOS="251" WIDTH="35" HEIGHT="21" WC="0.96" CONTENT="del"/><SP WIDTH="16" VPOS="251" HPOS="749"/>
							<String ID="string_44" HPOS="765" VPOS="251" WIDTH="69" HEIGHT="22" WC="0.96" CONTENT="måste"/><SP WIDTH="16" VPOS="251" HPOS="834"/>
							<String ID="string_45" HPOS="850" VPOS="251" WIDTH="107" HEIGHT="27" WC="0.93" CONTENT="tillstyrka"/><SP WIDTH="15" VPOS="251" HPOS="957"/>
							<String ID="string_46" HPOS="972" VPOS="253" WIDTH="60" HEIGHT="20" WC="0.93" CONTENT="anta-"/>
						</TextLine>
						<TextLine ID="line_5" HPOS="205" VPOS="277" WIDTH="410" HEIGHT="27">
							<String ID="string_47" HPOS="205" VPOS="278" WIDTH="82" HEIGHT="26" WC="0.90" CONTENT="gandet"/><SP WIDTH="15" VPOS="278" HPOS="287"/>
							<String ID="string_48" HPOS="302" VPOS="277" WIDTH="23" HEIGHT="22" WC="0.96" CONTENT="af"/><SP WIDTH="11" VPOS="277" HPOS="325"/>
							<String ID="string_49" HPOS="336" VPOS="279" WIDTH="119" HEIGHT="22" WC="0.96" CONTENT="utskottets"/><SP WIDTH="16" VPOS="279" HPOS="455"/>
							<String ID="string_50" HPOS="471" VPOS="279" WIDTH="144" HEIGHT="22" WC="0.96" CONTENT="betänkande."/>
						</TextLine>
					</TextBlock>
					<TextBlock ID="block_2" HPOS="205" VPOS="306" WIDTH="829" HEIGHT="86">
						<TextLine ID="line_6" HPOS="274" VPOS="306" WIDTH="760" HEIGHT="29">
							<String ID="string_51" HPOS="274" VPOS="306" WIDTH="56" HEIGHT="22" WC="0.93" CONTENT="Herr"/><SP WIDTH="14" VPOS="306" HPOS="330"/>
							<String ID="string_52" HPOS="344" VPOS="307" WIDTH="160" HEIGHT="28" WC="0.92" CONTENT="Furuhielm,"/><SP WIDTH="15" VPOS="307" HPOS="504"/>
							<String ID="string_53" HPOS="519" VPOS="309" WIDTH="71" HEIGHT="20" WC="0.95" CONTENT="Knut:"/><SP WIDTH="31" VPOS="309" HPOS="590"/>
							<String ID="string_54" HPOS="621" VPOS="309" WIDTH="31" HEIGHT="21" WC="0.96" CONTENT="På"/><SP WIDTH="15" VPOS="309" HPOS="652"/>
							<String ID="string_55" HPOS="667" VPOS="309" WIDTH="27" HEIGHT="21" WC="0.96" CONTENT="de"/><SP WIDTH="16" VPOS="309" HPOS="694"/>
							<String ID="string_56" HPOS="710" VPOS="307" WIDTH="23" HEIGHT="23" WC="0.96" CONTENT="af"/><SP WIDTH="13" VPOS="307" HPOS="733"/>
							<String ID="string_57" HPOS="746" VPOS="308" WIDTH="50" HEIGHT="21" WC="0.93" CONTENT="herr"/><SP WIDTH="15" VPOS="308" HPOS="796"/>
							<String ID="string_58" HPOS="811" VPOS="308" WIDTH="122" HEIGHT="22" WC="0.92" CONTENT="Ehrnrooth"/><SP WIDTH="11" VPOS="308" HPOS="933"/>
							<String ID="string_59" HPOS="944" VPOS="307" WIDTH="90" HEIGHT="23" WC="0.96" CONTENT="anförda"/>
						</TextLine>
						<TextLine ID="line_7" HPOS="205" VPOS="335" WIDTH="826" HEIGHT="29">
							<String ID="string_60" HPOS="205" VPOS="335" WIDTH="54" HEIGHT="25" WC="0.96" CONTENT="skäl,"/><SP WIDTH="24" VPOS="335" HPOS="259"/>
							<String ID="string_61" HPOS="283" VPOS="335" WIDTH="49" HEIGHT="21" WC="0.96" CONTENT="ville"/><SP WIDTH="23" VPOS="335" HPOS="332"/>
							<String ID="string_62" HPOS="355" VPOS="336" WIDTH="61" HEIGHT="22" WC="0.96" CONTENT="äfven"/><SP WIDTH="20" VPOS="336" HPOS="416"/>
							<String ID="string_63" HPOS="436" VPOS="337" WIDTH="38" HEIGHT="27" WC="0.96" CONTENT="jag"/><SP WIDTH="19" VPOS="337" HPOS="474"/>
							<String ID="string_64" HPOS="493" VPOS="337" WIDTH="114" HEIGHT="21" WC="0.93" CONTENT="utsträcka"/><SP WIDTH="20" VPOS="337" HPOS="607"/>
							<String ID="string_65" HPOS="627" VPOS="337" WIDTH="130" HEIGHT="21" WC="0.90" CONTENT="mötestiden"/><SP WIDTH="16" VPOS="337" HPOS="757"/>
							<String ID="string_66" HPOS="773" VPOS="337" WIDTH="32" HEIGHT="21" WC="0.96" CONTENT="till"/><SP WIDTH="15" VPOS="337" HPOS="805"/>
							<String ID="string_67" HPOS="820" VPOS="337" WIDTH="66" HEIGHT="27" WC="0.96" CONTENT="högst"/><SP WIDTH="16" VPOS="337" HPOS="886"/>
							<String ID="string_68" HPOS="902" VPOS="338" WIDTH="40" HEIGHT="20" WC="0.96" CONTENT="120"/><SP WIDTH="17" VPOS="338" HPOS="942"/>
							<String ID="string_69" HPOS="959" VPOS="337" WIDTH="72" HEIGHT="27" WC="0.96" CONTENT="dagar,"/>
						</TextLine>
						<TextLine ID="line_8" HPOS="206" VPOS="362" WIDTH="650" HEIGHT="30">
							<String ID="string_70" HPOS="206" VPOS="365" WIDTH="33" HEIGHT="19" WC="0.96" CONTENT="att"/><SP WIDTH="15" VPOS="365" HPOS="239"/>
							<String ID="string_71" HPOS="254" VPOS="362" WIDTH="93" HEIGHT="24" WC="0.96" CONTENT="fördelas"/><SP WIDTH="17" VPOS="362" HPOS="347"/>
							<String ID="string_72" HPOS="364" VPOS="365" WIDTH="67" HEIGHT="27" WC="0.97" CONTENT="enligt"/><SP WIDTH="15" VPOS="365" HPOS="431"/>
							<String ID="string_73" HPOS="446" VPOS="365" WIDTH="37" HEIGHT="21" WC="0.96" CONTENT="det"/><SP WIDTH="14" VPOS="365" HPOS="483"/>
							<String ID="string_74" HPOS="497" VPOS="366" WIDTH="68" HEIGHT="26" WC="0.92" CONTENT="högre"/><SP WIDTH="15" VPOS="366" HPOS="565"/>
							<String ID="string_75" HPOS="580" VPOS="366" WIDTH="91" HEIGHT="21" WC="0.90" CONTENT="befälets"/><SP WIDTH="15" VPOS="366" HPOS="671"/>
							<String ID="string_76" HPOS="686" VPOS="366" WIDTH="170" HEIGHT="21" WC="0.96" CONTENT="bestämmande."/>
						</TextLine>
					</TextBlock>
					<TextBlock ID="block_3" HPOS="204" VPOS="392" WIDTH="828" HEIGHT="113">
						<TextLine ID="line_9" HPOS="273" VPOS="392" WIDTH="759" HEIGHT="29">
							<String ID="string_77" HPOS="273" VPOS="392" WIDTH="56" HEIGHT="21" WC="0.96" CONTENT="Herr"/><SP WIDTH="15" VPOS="392" HPOS="329"/>
							<String ID="string_78" HPOS="344" VPOS="399" WIDTH="41" HEIGHT="15" WC="0.96" CONTENT="von"/><SP WIDTH="16" VPOS="399" HPOS="385"/>
							<String ID="string_79" HPOS="401" VPOS="394" WIDTH="93" HEIGHT="21" WC="0.96" CONTENT="Törne:"/><SP WIDTH="30" VPOS="394" HPOS="494"/>
							<String ID="string_80" HPOS="524" VPOS="394" WIDTH="43" HEIGHT="27" WC="0.96" CONTENT="Jag"/><SP WIDTH="14" VPOS="394" HPOS="567"/>
							<String ID="string_81" HPOS="581" VPOS="395" WIDTH="40" HEIGHT="20" WC="0.96" CONTENT="har"/><SP WIDTH="15" VPOS="395" HPOS="621"/>
							<String ID="string_82" HPOS="636" VPOS="395" WIDTH="78" HEIGHT="20" WC="0.96" CONTENT="endast"/><SP WIDTH="15" VPOS="395" HPOS="714"/>
							<String ID="string_83" HPOS="729" VPOS="394" WIDTH="91" HEIGHT="21" WC="0.96" CONTENT="anhållit"/><SP WIDTH="11" VPOS="394" HPOS="820"/>
							<String ID="string_84" HPOS="831" VPOS="400" WIDTH="33" HEIGHT="15" WC="0.96" CONTENT="om"/><SP WIDTH="12" VPOS="400" HPOS="864"/>
							<String ID="string_85" HPOS="876" VPOS="394" WIDTH="68" HEIGHT="27" WC="0.96" CONTENT="ordet,"/><SP WIDTH="12" VPOS="394" HPOS="944"/>
							<String ID="string_86" HPOS="956" VPOS="394" WIDTH="32" HEIGHT="21" WC="0.96" CONTENT="för"/><SP WIDTH="11" VPOS="394" HPOS="988"/>
							<String ID="string_87" HPOS="999" VPOS="396" WIDTH="33" HEIGHT="19" WC="0.96" CONTENT="att"/>
						</TextLine>
						<TextLine ID="line_10" HPOS="204" VPOS="420" WIDTH="827" HEIGHT="30">
							<String ID="string_88" HPOS="204" VPOS="420" WIDTH="87" HEIGHT="22" WC="0.96" CONTENT="biträda"/><SP WIDTH="15" VPOS="420" HPOS="291"/>
							<String ID="string_89" HPOS="306" VPOS="421" WIDTH="49" HEIGHT="22" WC="0.95" CONTENT="herr"/><SP WIDTH="16" VPOS="421" HPOS="355"/>
							<String ID="string_90" HPOS="371" VPOS="422" WIDTH="120" HEIGHT="22" WC="0.96" CONTENT="Schauman"/><SP WIDTH="16" VPOS="422" HPOS="491"/>
							<String ID="string_91" HPOS="507" VPOS="423" WIDTH="7" HEIGHT="21" WC="0.96" CONTENT="i"/><SP WIDTH="15" VPOS="423" HPOS="514"/>
							<String ID="string_92" HPOS="529" VPOS="423" WIDTH="54" HEIGHT="21" WC="0.96" CONTENT="hans"/><SP WIDTH="16" VPOS="423" HPOS="583"/>
							<String ID="string_93" HPOS="599" VPOS="423" WIDTH="95" HEIGHT="27" WC="0.96" CONTENT="yrkande"/><SP WIDTH="14" VPOS="423" HPOS="694"/>
							<String ID="string_94" HPOS="708" VPOS="423" WIDTH="29" HEIGHT="27" WC="0.96" CONTENT="på"/><SP WIDTH="10" VPOS="423" HPOS="737"/>
							<String ID="string_95" HPOS="747" VPOS="422" WIDTH="162" HEIGHT="27" WC="0.93" CONTENT="ifrågavarande"/><SP WIDTH="11" VPOS="422" HPOS="909"/>
							<String ID="string_96" HPOS="920" VPOS="423" WIDTH="111" HEIGHT="26" WC="0.92" CONTENT="paragrafs"/>
						</TextLine>
						<TextLine ID="line_11" HPOS="205" VPOS="449" WIDTH="825" HEIGHT="50">
							<String ID="string_97" HPOS="205" VPOS="449" WIDTH="59" HEIGHT="22" WC="0.0" CONTENT="Str"/><SP WIDTH="9" VPOS="449" HPOS="264"/>
							<String ID="string_98" HPOS="273" VPOS="450" WIDTH="57" HEIGHT="49" WC="0.2" CONTENT="miss"/><SP WIDTH="15" VPOS="450" HPOS="330"/>
							<String ID="string_99" HPOS="345" VPOS="451" WIDTH="32" HEIGHT="20" WC="0.96" CONTENT="till"/><SP WIDTH="16" VPOS="451" HPOS="377"/>
							<String ID="string_100" HPOS="393" VPOS="451" WIDTH="109" HEIGHT="22" WC="0.96" CONTENT="utskottet"/><SP WIDTH="15" VPOS="451" HPOS="502"/>
							<String ID="string_101" HPOS="517" VPOS="451" WIDTH="34" HEIGHT="22" WC="0.92" CONTENT="för"/><SP WIDTH="15" VPOS="451" HPOS="551"/>
							<String ID="string_102" HPOS="566" VPOS="452" WIDTH="157" HEIGHT="27" WC="0.92" CONTENT="omredigering"/><SP WIDTH="15" VPOS="452" HPOS="723"/>
							<String ID="string_103" HPOS="738" VPOS="451" WIDTH="7" HEIGHT="21" WC="0.96" CONTENT="i"/><SP WIDTH="16" VPOS="451" HPOS="745"/>
							<String ID="string_104" HPOS="761" VPOS="451" WIDTH="38" HEIGHT="22" WC="0.96" CONTENT="det"/><SP WIDTH="14" VPOS="451" HPOS="799"/>
							<String ID="string_105" HPOS="813" VPOS="451" WIDTH="109" HEIGHT="27" WC="0.95" CONTENT="afseende,"/><SP WIDTH="12" VPOS="451" HPOS="922"/>
							<String ID="string_106" HPOS="934" VPOS="457" WIDTH="46" HEIGHT="16" WC="0.96" CONTENT="som"/><SP WIDTH="8" VPOS="457" HPOS="980"/>
							<String ID="string_107" HPOS="988" VPOS="451" WIDTH="42" HEIGHT="22" WC="0.96" CONTENT="han"/>
						</TextLine>
						<TextLine ID="line_12" HPOS="206" VPOS="479" WIDTH="83" HEIGHT="26">
							<String ID="string_108" HPOS="206" VPOS="479" WIDTH="83" HEIGHT="26" WC="0.91" CONTENT="antydt."/>
						</TextLine>
					</TextBlock>
					<TextBlock ID="block_4" HPOS="198" VPOS="507" WIDTH="834" HEIGHT="573">
						<TextLine ID="line_13" HPOS="273" VPOS="507" WIDTH="757" HEIGHT="29">
							<String ID="string_109" HPOS="273" VPOS="507" WIDTH="56" HEIGHT="22" WC="0.95" CONTENT="Herr"/><SP WIDTH="21" VPOS="507" HPOS="329"/>
							<String ID="string_110" HPOS="350" VPOS="514" WIDTH="41" HEIGHT="15" WC="0.91" CONTENT="von"/><SP WIDTH="22" VPOS="514" HPOS="391"/>
							<String ID="string_111" HPOS="413" VPOS="508" WIDTH="115" HEIGHT="22" WC="0.91" CONTENT="Alfthan:"/><SP WIDTH="31" VPOS="508" HPOS="528"/>
							<String ID="string_112" HPOS="559" VPOS="509" WIDTH="50" HEIGHT="22" WC="0.96" CONTENT="Med"/><SP WIDTH="24" VPOS="509" HPOS="609"/>
							<String ID="string_113" HPOS="633" VPOS="509" WIDTH="114" HEIGHT="27" WC="0.96" CONTENT="anledning"/><SP WIDTH="16" VPOS="509" HPOS="747"/>
							<String ID="string_114" HPOS="763" VPOS="509" WIDTH="23" HEIGHT="21" WC="0.95" CONTENT="af"/><SP WIDTH="13" VPOS="509" HPOS="786"/>
							<String ID="string_115" HPOS="799" VPOS="509" WIDTH="90" HEIGHT="21" WC="0.96" CONTENT="friherre"/><SP WIDTH="15" VPOS="509" HPOS="889"/>
							<String ID="string_116" HPOS="904" VPOS="515" WIDTH="41" HEIGHT="15" WC="0.93" CONTENT="von"/><SP WIDTH="15" VPOS="515" HPOS="945"/>
							<String ID="string_117" HPOS="960" VPOS="509" WIDTH="70" HEIGHT="22" WC="0.91" CONTENT="Troils"/>
						</TextLine>
						<TextLine ID="line_14" HPOS="204" VPOS="537" WIDTH="828" HEIGHT="28">
							<String ID="string_118" HPOS="204" VPOS="538" WIDTH="88" HEIGHT="19" WC="0.96" CONTENT="senaste"/><SP WIDTH="15" VPOS="538" HPOS="292"/>
							<String ID="string_119" HPOS="307" VPOS="537" WIDTH="99" HEIGHT="26" WC="0.96" CONTENT="yttrande"/><SP WIDTH="16" VPOS="537" HPOS="406"/>
							<String ID="string_120" HPOS="422" VPOS="543" WIDTH="34" HEIGHT="16" WC="0.96" CONTENT="om"/><SP WIDTH="15" VPOS="543" HPOS="456"/>
							<String ID="string_121" HPOS="471" VPOS="538" WIDTH="119" HEIGHT="21" WC="0.96" CONTENT="utskottets"/><SP WIDTH="16" VPOS="538" HPOS="590"/>
							<String ID="string_122" HPOS="606" VPOS="538" WIDTH="136" HEIGHT="27" WC="0.95" CONTENT="bestämning"/><SP WIDTH="8" VPOS="538" HPOS="742"/>
							<String ID="string_123" HPOS="750" VPOS="538" WIDTH="111" HEIGHT="27" WC="0.96" CONTENT="angående"/><SP WIDTH="11" VPOS="538" HPOS="861"/>
							<String ID="string_124" HPOS="872" VPOS="538" WIDTH="82" HEIGHT="21" WC="0.96" CONTENT="antalet"/><SP WIDTH="10" VPOS="538" HPOS="954"/>
							<String ID="string_125" HPOS="964" VPOS="537" WIDTH="68" HEIGHT="27" WC="0.96" CONTENT="dagar"/>
						</TextLine>
						<TextLine ID="line_15" HPOS="204" VPOS="566" WIDTH="827" HEIGHT="28">
							<String ID="string_126" HPOS="204" VPOS="570" WIDTH="46" HEIGHT="15" WC="0.93" CONTENT="som"/><SP WIDTH="23" VPOS="570" HPOS="250"/>
							<String ID="string_127" HPOS="273" VPOS="566" WIDTH="155" HEIGHT="21" WC="0.80" CONTENT="reservisterna"/><SP WIDTH="22" VPOS="566" HPOS="428"/>
							<String ID="string_128" HPOS="450" VPOS="567" WIDTH="66" HEIGHT="21" WC="0.92" CONTENT="borde"/><SP WIDTH="24" VPOS="567" HPOS="516"/>
							<String ID="string_129" HPOS="540" VPOS="567" WIDTH="166" HEIGHT="21" WC="0.91" CONTENT="sammankallas"/><SP WIDTH="22" VPOS="567" HPOS="706"/>
							<String ID="string_130" HPOS="728" VPOS="567" WIDTH="32" HEIGHT="21" WC="0.93" CONTENT="till"/><SP WIDTH="21" VPOS="567" HPOS="760"/>
							<String ID="string_131" HPOS="781" VPOS="566" WIDTH="78" HEIGHT="27" WC="0.92" CONTENT="öfning,"/><SP WIDTH="25" VPOS="566" HPOS="859"/>
							<String ID="string_132" HPOS="884" VPOS="566" WIDTH="96" HEIGHT="22" WC="0.96" CONTENT="anhåller"/><SP WIDTH="12" VPOS="566" HPOS="980"/>
							<String ID="string_133" HPOS="992" VPOS="567" WIDTH="39" HEIGHT="27" WC="0.96" CONTENT="jag"/>
						</TextLine>
						<TextLine ID="line_16" HPOS="205" VPOS="593" WIDTH="826" HEIGHT="30">
							<String ID="string_134" HPOS="205" VPOS="595" WIDTH="57" HEIGHT="19" WC="0.95" CONTENT="ännu"/><SP WIDTH="16" VPOS="595" HPOS="262"/>
							<String ID="string_135" HPOS="278" VPOS="595" WIDTH="33" HEIGHT="20" WC="0.96" CONTENT="att"/><SP WIDTH="15" VPOS="595" HPOS="311"/>
							<String ID="string_136" HPOS="326" VPOS="593" WIDTH="20" HEIGHT="22" WC="0.96" CONTENT="få"/><SP WIDTH="15" VPOS="593" HPOS="346"/>
							<String ID="string_137" HPOS="361" VPOS="594" WIDTH="57" HEIGHT="22" WC="0.96" CONTENT="fästa"/><SP WIDTH="15" VPOS="594" HPOS="418"/>
							<String ID="string_138" HPOS="433" VPOS="595" WIDTH="219" HEIGHT="27" WC="0.96" CONTENT="uppmärksamheten"/><SP WIDTH="16" VPOS="595" HPOS="652"/>
							<String ID="string_139" HPOS="668" VPOS="596" WIDTH="28" HEIGHT="27" WC="0.96" CONTENT="på"/><SP WIDTH="15" VPOS="596" HPOS="696"/>
							<String ID="string_140" HPOS="711" VPOS="601" WIDTH="28" HEIGHT="16" WC="0.96" CONTENT="en"/><SP WIDTH="15" VPOS="601" HPOS="739"/>
							<String ID="string_141" HPOS="754" VPOS="595" WIDTH="161" HEIGHT="27" WC="0.96" CONTENT="omständighet"/><SP WIDTH="16" VPOS="595" HPOS="915"/>
							<String ID="string_142" HPOS="931" VPOS="595" WIDTH="40" HEIGHT="22" WC="0.96" CONTENT="och"/><SP WIDTH="12" VPOS="595" HPOS="971"/>
							<String ID="string_143" HPOS="983" VPOS="595" WIDTH="48" HEIGHT="28" WC="0.95" CONTENT="just"/>
						</TextLine>
						<TextLine ID="line_17" HPOS="205" VPOS="621" WIDTH="824" HEIGHT="30">
							<String ID="string_144" HPOS="205" VPOS="621" WIDTH="125" HEIGHT="23" WC="0.96" CONTENT="densamma"/><SP WIDTH="22" VPOS="621" HPOS="330"/>
							<String ID="string_145" HPOS="352" VPOS="629" WIDTH="46" HEIGHT="15" WC="0.96" CONTENT="som"/><SP WIDTH="15" VPOS="629" HPOS="398"/>
							<String ID="string_146" HPOS="413" VPOS="623" WIDTH="103" HEIGHT="22" WC="0.96" CONTENT="friherren"/><SP WIDTH="16" VPOS="623" HPOS="516"/>
							<String ID="string_147" HPOS="532" VPOS="625" WIDTH="101" HEIGHT="26" WC="0.93" CONTENT="påpekat,"/><SP WIDTH="16" VPOS="625" HPOS="633"/>
							<String ID="string_148" HPOS="649" VPOS="624" WIDTH="106" HEIGHT="27" WC="0.91" CONTENT="nemligen"/><SP WIDTH="15" VPOS="624" HPOS="755"/>
							<String ID="string_149" HPOS="770" VPOS="624" WIDTH="99" HEIGHT="27" WC="0.96" CONTENT="krigstid."/><SP WIDTH="30" VPOS="624" HPOS="869"/>
							<String ID="string_150" HPOS="899" VPOS="624" WIDTH="43" HEIGHT="21" WC="0.96" CONTENT="Det"/><SP WIDTH="14" VPOS="624" HPOS="942"/>
							<String ID="string_151" HPOS="956" VPOS="624" WIDTH="73" HEIGHT="22" WC="0.95" CONTENT="kunde"/>
						</TextLine>
						<TextLine ID="line_18" HPOS="205" VPOS="651" WIDTH="824" HEIGHT="28">
							<String ID="string_152" HPOS="205" VPOS="651" WIDTH="68" HEIGHT="21" WC="0.96" CONTENT="under"/><SP WIDTH="22" VPOS="651" HPOS="273"/>
							<String ID="string_153" HPOS="295" VPOS="651" WIDTH="92" HEIGHT="27" WC="0.95" CONTENT="lyckliga"/><SP WIDTH="20" VPOS="651" HPOS="387"/>
							<String ID="string_154" HPOS="407" VPOS="653" WIDTH="190" HEIGHT="26" WC="0.96" CONTENT="omständigheter,"/><SP WIDTH="17" VPOS="653" HPOS="597"/>
							<String ID="string_155" HPOS="614" VPOS="659" WIDTH="34" HEIGHT="15" WC="0.96" CONTENT="om"/><SP WIDTH="17" VPOS="659" HPOS="648"/>
							<String ID="string_156" HPOS="665" VPOS="654" WIDTH="26" HEIGHT="20" WC="0.95" CONTENT="de"/><SP WIDTH="16" VPOS="654" HPOS="691"/>
							<String ID="string_157" HPOS="707" VPOS="653" WIDTH="42" HEIGHT="21" WC="0.93" CONTENT="alla"/><SP WIDTH="16" VPOS="653" HPOS="749"/>
							<String ID="string_158" HPOS="765" VPOS="652" WIDTH="166" HEIGHT="26" WC="0.90" CONTENT="sammanträffa,"/><SP WIDTH="16" VPOS="652" HPOS="931"/>
							<String ID="string_159" HPOS="947" VPOS="653" WIDTH="82" HEIGHT="21" WC="0.96" CONTENT="kanske"/>
						</TextLine>
						<TextLine ID="line_19" HPOS="203" VPOS="678" WIDTH="825" HEIGHT="30">
							<String ID="string_160" HPOS="203" VPOS="678" WIDTH="74" HEIGHT="22" WC="0.95" CONTENT="hända"/><SP WIDTH="15" VPOS="678" HPOS="277"/>
							<String ID="string_161" HPOS="292" VPOS="681" WIDTH="32" HEIGHT="20" WC="0.95" CONTENT="att"/><SP WIDTH="15" VPOS="681" HPOS="324"/>
							<String ID="string_162" HPOS="339" VPOS="680" WIDTH="27" HEIGHT="22" WC="0.96" CONTENT="de"/><SP WIDTH="15" VPOS="680" HPOS="366"/>
							<String ID="string_163" HPOS="381" VPOS="687" WIDTH="104" HEIGHT="21" WC="0.96" CONTENT="reserver,"/><SP WIDTH="16" VPOS="687" HPOS="485"/>
							<String ID="string_164" HPOS="501" VPOS="687" WIDTH="46" HEIGHT="16" WC="0.96" CONTENT="som"/><SP WIDTH="16" VPOS="687" HPOS="547"/>
							<String ID="string_165" HPOS="563" VPOS="682" WIDTH="92" HEIGHT="21" WC="0.96" CONTENT="inkallas"/><SP WIDTH="15" VPOS="682" HPOS="655"/>
							<String ID="string_166" HPOS="670" VPOS="682" WIDTH="33" HEIGHT="21" WC="0.96" CONTENT="för"/><SP WIDTH="12" VPOS="682" HPOS="703"/>
							<String ID="string_167" HPOS="715" VPOS="682" WIDTH="34" HEIGHT="20" WC="0.94" CONTENT="att"/><SP WIDTH="7" VPOS="682" HPOS="749"/>
							<String ID="string_168" HPOS="756" VPOS="681" WIDTH="109" HEIGHT="21" WC="0.94" CONTENT="förstärka"/><SP WIDTH="9" VPOS="681" HPOS="865"/>
							<String ID="string_169" HPOS="874" VPOS="681" WIDTH="26" HEIGHT="21" WC="0.96" CONTENT="de"/><SP WIDTH="8" VPOS="681" HPOS="900"/>
							<String ID="string_170" HPOS="908" VPOS="681" WIDTH="73" HEIGHT="21" WC="0.93" CONTENT="aktiva"/><SP WIDTH="9" VPOS="681" HPOS="981"/>
							<String ID="string_171" HPOS="990" VPOS="682" WIDTH="38" HEIGHT="20" WC="0.92" CONTENT="ba-"/>
						</TextLine>
						<TextLine ID="line_20" HPOS="204" VPOS="708" WIDTH="824" HEIGHT="29">
							<String ID="string_172" HPOS="204" VPOS="708" WIDTH="127" HEIGHT="27" WC="0.92" CONTENT="taljonerna,"/><SP WIDTH="23" VPOS="708" HPOS="331"/>
							<String ID="string_173" HPOS="354" VPOS="709" WIDTH="70" HEIGHT="22" WC="0.96" CONTENT="skulle"/><SP WIDTH="22" VPOS="709" HPOS="424"/>
							<String ID="string_174" HPOS="446" VPOS="716" WIDTH="51" HEIGHT="15" WC="0.96" CONTENT="vara"/><SP WIDTH="23" VPOS="716" HPOS="497"/>
							<String ID="string_175" HPOS="520" VPOS="710" WIDTH="127" HEIGHT="27" WC="0.92" CONTENT="tillräckligt"/><SP WIDTH="23" VPOS="710" HPOS="647"/>
							<String ID="string_176" HPOS="670" VPOS="710" WIDTH="76" HEIGHT="22" WC="0.92" CONTENT="öfvade"/><SP WIDTH="22" VPOS="710" HPOS="746"/>
							<String ID="string_177" HPOS="768" VPOS="710" WIDTH="33" HEIGHT="21" WC="0.96" CONTENT="för"/><SP WIDTH="15" VPOS="710" HPOS="801"/>
							<String ID="string_178" HPOS="816" VPOS="711" WIDTH="39" HEIGHT="25" WC="0.96" CONTENT="att,"/><SP WIDTH="17" VPOS="711" HPOS="855"/>
							<String ID="string_179" HPOS="872" VPOS="710" WIDTH="27" HEIGHT="21" WC="0.96" CONTENT="då"/><SP WIDTH="15" VPOS="710" HPOS="899"/>
							<String ID="string_180" HPOS="914" VPOS="710" WIDTH="26" HEIGHT="21" WC="0.96" CONTENT="de"/><SP WIDTH="16" VPOS="710" HPOS="940"/>
							<String ID="string_181" HPOS="956" VPOS="710" WIDTH="72" HEIGHT="27" WC="0.96" CONTENT="ingå"/><SP WIDTH="-14" VPOS="710" HPOS="1028"/>
							<String ID="string_182" HPOS="1014" VPOS="704" WIDTH="17" HEIGHT="37" WC="0.96" CONTENT="i"/>
						</TextLine>
						<TextLine ID="line_21" HPOS="202" VPOS="736" WIDTH="826" HEIGHT="30">
							<String ID="string_183" HPOS="202" VPOS="736" WIDTH="81" HEIGHT="28" WC="0.96" CONTENT="färdigt"/><SP WIDTH="19" VPOS="736" HPOS="283"/>
							<String ID="string_184" HPOS="302" VPOS="737" WIDTH="110" HEIGHT="23" WC="0.92" CONTENT="utbildade"/><SP WIDTH="19" VPOS="737" HPOS="412"/>
							<String ID="string_185" HPOS="431" VPOS="738" WIDTH="145" HEIGHT="28" WC="0.91" CONTENT="truppkadrar"/><SP WIDTH="15" VPOS="738" HPOS="576"/>
							<String ID="string_186" HPOS="591" VPOS="739" WIDTH="73" HEIGHT="21" WC="0.96" CONTENT="kunna"/><SP WIDTH="15" VPOS="739" HPOS="664"/>
							<String ID="string_187" HPOS="679" VPOS="745" WIDTH="77" HEIGHT="21" WC="0.95" CONTENT="gagna,"/><SP WIDTH="17" VPOS="745" HPOS="756"/>
							<String ID="string_188" HPOS="773" VPOS="745" WIDTH="48" HEIGHT="15" WC="0.96" CONTENT="men"/><SP WIDTH="16" VPOS="745" HPOS="821"/>
							<String ID="string_189" HPOS="837" VPOS="740" WIDTH="59" HEIGHT="20" WC="0.96" CONTENT="utom"/><SP WIDTH="16" VPOS="740" HPOS="896"/>
							<String ID="string_190" HPOS="912" VPOS="739" WIDTH="63" HEIGHT="21" WC="0.93" CONTENT="dessa"/><SP WIDTH="15" VPOS="739" HPOS="975"/>
							<String ID="string_191" HPOS="990" VPOS="739" WIDTH="38" HEIGHT="21" WC="0.92" CONTENT="ak-"/>
						</TextLine>
						<TextLine ID="line_22" HPOS="202" VPOS="765" WIDTH="826" HEIGHT="30">
							<String ID="string_192" HPOS="202" VPOS="765" WIDTH="45" HEIGHT="21" WC="0.96" CONTENT="tiva"/><SP WIDTH="15" VPOS="765" HPOS="247"/>
							<String ID="string_193" HPOS="262" VPOS="766" WIDTH="121" HEIGHT="27" WC="0.96" CONTENT="bataljoner"/><SP WIDTH="14" VPOS="766" HPOS="383"/>
							<String ID="string_194" HPOS="397" VPOS="767" WIDTH="90" HEIGHT="21" WC="0.93" CONTENT="inrättas"/><SP WIDTH="17" VPOS="767" HPOS="487"/>
							<String ID="string_195" HPOS="504" VPOS="768" WIDTH="193" HEIGHT="27" WC="0.92" CONTENT="depotbataljoner,"/><SP WIDTH="17" VPOS="768" HPOS="697"/>
							<String ID="string_196" HPOS="714" VPOS="768" WIDTH="41" HEIGHT="21" WC="0.96" CONTENT="och"/><SP WIDTH="11" VPOS="768" HPOS="755"/>
							<String ID="string_197" HPOS="766" VPOS="767" WIDTH="65" HEIGHT="22" WC="0.93" CONTENT="dessa"/><SP WIDTH="11" VPOS="767" HPOS="831"/>
							<String ID="string_198" HPOS="842" VPOS="767" WIDTH="186" HEIGHT="27" WC="0.90" CONTENT="depotbataljoner"/>
						</TextLine>
						<TextLine ID="line_23" HPOS="202" VPOS="794" WIDTH="824" HEIGHT="30">
							<String ID="string_199" HPOS="202" VPOS="794" WIDTH="64" HEIGHT="21" WC="0.96" CONTENT="hafva"/><SP WIDTH="19" VPOS="794" HPOS="266"/>
							<String ID="string_200" HPOS="285" VPOS="794" WIDTH="47" HEIGHT="22" WC="0.96" CONTENT="icke"/><SP WIDTH="18" VPOS="794" HPOS="332"/>
							<String ID="string_201" HPOS="350" VPOS="796" WIDTH="67" HEIGHT="26" WC="0.96" CONTENT="något"/><SP WIDTH="19" VPOS="796" HPOS="417"/>
							<String ID="string_202" HPOS="436" VPOS="798" WIDTH="65" HEIGHT="20" WC="0.96" CONTENT="annat"/><SP WIDTH="15" VPOS="798" HPOS="501"/>
							<String ID="string_203" HPOS="516" VPOS="796" WIDTH="104" HEIGHT="28" WC="0.96" CONTENT="manskap"/><SP WIDTH="17" VPOS="796" HPOS="620"/>
							<String ID="string_204" HPOS="637" VPOS="798" WIDTH="33" HEIGHT="20" WC="0.96" CONTENT="att"/><SP WIDTH="14" VPOS="798" HPOS="670"/>
							<String ID="string_205" HPOS="684" VPOS="796" WIDTH="61" HEIGHT="27" WC="0.96" CONTENT="tillgå"/><SP WIDTH="16" VPOS="796" HPOS="745"/>
							<String ID="string_206" HPOS="761" VPOS="798" WIDTH="26" HEIGHT="19" WC="0.96" CONTENT="än"/><SP WIDTH="14" VPOS="798" HPOS="787"/>
							<String ID="string_207" HPOS="801" VPOS="796" WIDTH="47" HEIGHT="27" WC="0.96" CONTENT="just"/><SP WIDTH="16" VPOS="796" HPOS="848"/>
							<String ID="string_208" HPOS="864" VPOS="796" WIDTH="63" HEIGHT="22" WC="0.96" CONTENT="dessa"/><SP WIDTH="15" VPOS="796" HPOS="927"/>
							<String ID="string_209" HPOS="942" VPOS="796" WIDTH="7" HEIGHT="21" WC="0.96" CONTENT="i"/><SP WIDTH="15" VPOS="796" HPOS="949"/>
							<String ID="string_210" HPOS="964" VPOS="796" WIDTH="62" HEIGHT="22" WC="0.96" CONTENT="nittio"/>
						</TextLine>
						<TextLine ID="line_24" HPOS="203" VPOS="822" WIDTH="823" HEIGHT="31">
							<String ID="string_211" HPOS="203" VPOS="822" WIDTH="66" HEIGHT="28" WC="0.93" CONTENT="dagar"/><SP WIDTH="23" VPOS="822" HPOS="269"/>
							<String ID="string_212" HPOS="292" VPOS="823" WIDTH="75" HEIGHT="22" WC="0.91" CONTENT="öfvade"/><SP WIDTH="19" VPOS="823" HPOS="367"/>
							<String ID="string_213" HPOS="386" VPOS="825" WIDTH="132" HEIGHT="21" WC="0.96" CONTENT="reservister."/><SP WIDTH="30" VPOS="825" HPOS="518"/>
							<String ID="string_214" HPOS="548" VPOS="826" WIDTH="45" HEIGHT="20" WC="0.96" CONTENT="Det"/><SP WIDTH="13" VPOS="826" HPOS="593"/>
							<String ID="string_215" HPOS="606" VPOS="828" WIDTH="24" HEIGHT="18" WC="0.96" CONTENT="är"/><SP WIDTH="12" VPOS="828" HPOS="630"/>
							<String ID="string_216" HPOS="642" VPOS="826" WIDTH="47" HEIGHT="27" WC="0.96" CONTENT="just"/><SP WIDTH="15" VPOS="826" HPOS="689"/>
							<String ID="string_217" HPOS="704" VPOS="826" WIDTH="65" HEIGHT="20" WC="0.96" CONTENT="dessa"/><SP WIDTH="14" VPOS="826" HPOS="769"/>
							<String ID="string_218" HPOS="783" VPOS="825" WIDTH="134" HEIGHT="26" WC="0.96" CONTENT="reservister,"/><SP WIDTH="16" VPOS="825" HPOS="917"/>
							<String ID="string_219" HPOS="933" VPOS="825" WIDTH="72" HEIGHT="21" WC="0.96" CONTENT="hvilka"/><SP WIDTH="15" VPOS="825" HPOS="1005"/>
							<String ID="string_220" HPOS="1020" VPOS="825" WIDTH="6" HEIGHT="21" WC="0.96" CONTENT="i"/>
						</TextLine>
						<TextLine ID="line_25" HPOS="201" VPOS="851" WIDTH="825" HEIGHT="30">
							<String ID="string_221" HPOS="201" VPOS="851" WIDTH="33" HEIGHT="21" WC="0.95" CONTENT="sin"/><SP WIDTH="16" VPOS="851" HPOS="234"/>
							<String ID="string_222" HPOS="250" VPOS="853" WIDTH="35" HEIGHT="20" WC="0.96" CONTENT="tur"/><SP WIDTH="16" VPOS="853" HPOS="285"/>
							<String ID="string_223" HPOS="301" VPOS="852" WIDTH="60" HEIGHT="22" WC="0.93" CONTENT="skola"/><SP WIDTH="16" VPOS="852" HPOS="361"/>
							<String ID="string_224" HPOS="377" VPOS="852" WIDTH="48" HEIGHT="22" WC="0.91" CONTENT="öfva"/><SP WIDTH="15" VPOS="852" HPOS="425"/>
							<String ID="string_225" HPOS="440" VPOS="854" WIDTH="41" HEIGHT="21" WC="0.96" CONTENT="alla"/><SP WIDTH="16" VPOS="854" HPOS="481"/>
							<String ID="string_226" HPOS="497" VPOS="854" WIDTH="27" HEIGHT="21" WC="0.96" CONTENT="de"/><SP WIDTH="14" VPOS="854" HPOS="524"/>
							<String ID="string_227" HPOS="538" VPOS="853" WIDTH="69" HEIGHT="28" WC="0.96" CONTENT="öfriga"/><SP WIDTH="15" VPOS="853" HPOS="607"/>
							<String ID="string_228" HPOS="622" VPOS="860" WIDTH="45" HEIGHT="16" WC="0.96" CONTENT="som"/><SP WIDTH="17" VPOS="860" HPOS="667"/>
							<String ID="string_229" HPOS="684" VPOS="854" WIDTH="111" HEIGHT="22" WC="0.96" CONTENT="efterhand"/><SP WIDTH="10" VPOS="854" HPOS="795"/>
							<String ID="string_230" HPOS="805" VPOS="854" WIDTH="75" HEIGHT="26" WC="0.96" CONTENT="hvarje"/><SP WIDTH="11" VPOS="854" HPOS="880"/>
							<String ID="string_231" HPOS="891" VPOS="853" WIDTH="24" HEIGHT="21" WC="0.96" CONTENT="år"/><SP WIDTH="9" VPOS="853" HPOS="915"/>
							<String ID="string_232" HPOS="924" VPOS="854" WIDTH="102" HEIGHT="26" WC="0.96" CONTENT="inkallas;"/>
						</TextLine>
						<TextLine ID="line_26" HPOS="201" VPOS="880" WIDTH="825" HEIGHT="30">
							<String ID="string_233" HPOS="201" VPOS="886" WIDTH="34" HEIGHT="15" WC="0.96" CONTENT="om"/><SP WIDTH="16" VPOS="886" HPOS="235"/>
							<String ID="string_234" HPOS="251" VPOS="880" WIDTH="28" HEIGHT="22" WC="0.95" CONTENT="de"/><SP WIDTH="15" VPOS="880" HPOS="279"/>
							<String ID="string_235" HPOS="294" VPOS="887" WIDTH="29" HEIGHT="15" WC="0.95" CONTENT="nu"/><SP WIDTH="15" VPOS="887" HPOS="323"/>
							<String ID="string_236" HPOS="338" VPOS="881" WIDTH="76" HEIGHT="27" WC="0.95" CONTENT="sjelfva"/><SP WIDTH="14" VPOS="881" HPOS="414"/>
							<String ID="string_237" HPOS="428" VPOS="882" WIDTH="47" HEIGHT="22" WC="0.96" CONTENT="icke"/><SP WIDTH="15" VPOS="882" HPOS="475"/>
							<String ID="string_238" HPOS="490" VPOS="882" WIDTH="65" HEIGHT="22" WC="0.96" CONTENT="hafva"/><SP WIDTH="14" VPOS="882" HPOS="555"/>
							<String ID="string_239" HPOS="569" VPOS="883" WIDTH="71" HEIGHT="27" WC="0.96" CONTENT="någon"/><SP WIDTH="15" VPOS="883" HPOS="640"/>
							<String ID="string_240" HPOS="655" VPOS="882" WIDTH="127" HEIGHT="27" WC="0.92" CONTENT="fullständig"/><SP WIDTH="15" VPOS="882" HPOS="782"/>
							<String ID="string_241" HPOS="797" VPOS="882" WIDTH="79" HEIGHT="27" WC="0.92" CONTENT="öfning,"/><SP WIDTH="17" VPOS="882" HPOS="876"/>
							<String ID="string_242" HPOS="893" VPOS="882" WIDTH="55" HEIGHT="21" WC="0.96" CONTENT="huru"/><SP WIDTH="16" VPOS="882" HPOS="948"/>
							<String ID="string_243" HPOS="964" VPOS="882" WIDTH="62" HEIGHT="22" WC="0.96" CONTENT="skola"/>
						</TextLine>
						<TextLine ID="line_27" HPOS="201" VPOS="908" WIDTH="825" HEIGHT="30">
							<String ID="string_244" HPOS="201" VPOS="908" WIDTH="27" HEIGHT="22" WC="0.96" CONTENT="de"/><SP WIDTH="15" VPOS="908" HPOS="228"/>
							<String ID="string_245" HPOS="243" VPOS="909" WIDTH="47" HEIGHT="21" WC="0.96" CONTENT="lära"/><SP WIDTH="15" VPOS="909" HPOS="290"/>
							<String ID="string_246" HPOS="305" VPOS="910" WIDTH="73" HEIGHT="21" WC="0.95" CONTENT="andra."/><SP WIDTH="30" VPOS="910" HPOS="378"/>
							<String ID="string_247" HPOS="408" VPOS="910" WIDTH="43" HEIGHT="22" WC="0.96" CONTENT="Det"/><SP WIDTH="16" VPOS="910" HPOS="451"/>
							<String ID="string_248" HPOS="467" VPOS="913" WIDTH="24" HEIGHT="19" WC="0.96" CONTENT="är"/><SP WIDTH="12" VPOS="913" HPOS="491"/>
							<String ID="string_249" HPOS="503" VPOS="912" WIDTH="47" HEIGHT="26" WC="0.96" CONTENT="just"/><SP WIDTH="14" VPOS="912" HPOS="550"/>
							<String ID="string_250" HPOS="564" VPOS="911" WIDTH="33" HEIGHT="22" WC="0.93" CONTENT="för"/><SP WIDTH="15" VPOS="911" HPOS="597"/>
							<String ID="string_251" HPOS="612" VPOS="911" WIDTH="103" HEIGHT="22" WC="0.91" CONTENT="behofvet"/><SP WIDTH="14" VPOS="911" HPOS="715"/>
							<String ID="string_252" HPOS="729" VPOS="911" WIDTH="8" HEIGHT="21" WC="0.96" CONTENT="i"/><SP WIDTH="15" VPOS="911" HPOS="737"/>
							<String ID="string_253" HPOS="752" VPOS="911" WIDTH="92" HEIGHT="27" WC="0.96" CONTENT="krigstid"/><SP WIDTH="16" VPOS="911" HPOS="844"/>
							<String ID="string_254" HPOS="860" VPOS="916" WIDTH="46" HEIGHT="16" WC="0.96" CONTENT="som"/><SP WIDTH="11" VPOS="916" HPOS="906"/>
							<String ID="string_255" HPOS="917" VPOS="911" WIDTH="61" HEIGHT="21" WC="0.96" CONTENT="detta"/><SP WIDTH="9" VPOS="911" HPOS="978"/>
							<String ID="string_256" HPOS="987" VPOS="912" WIDTH="39" HEIGHT="26" WC="0.96" CONTENT="gör"/>
						</TextLine>
						<TextLine ID="line_28" HPOS="199" VPOS="937" WIDTH="827" HEIGHT="31">
							<String ID="string_257" HPOS="199" VPOS="937" WIDTH="34" HEIGHT="27" WC="0.96" CONTENT="sig"/><SP WIDTH="22" VPOS="937" HPOS="233"/>
							<String ID="string_258" HPOS="255" VPOS="938" WIDTH="136" HEIGHT="27" WC="0.96" CONTENT="synnerligen"/><SP WIDTH="22" VPOS="938" HPOS="391"/>
							<String ID="string_259" HPOS="413" VPOS="940" WIDTH="106" HEIGHT="26" WC="0.96" CONTENT="gällande,"/><SP WIDTH="23" VPOS="940" HPOS="519"/>
							<String ID="string_260" HPOS="542" VPOS="940" WIDTH="41" HEIGHT="21" WC="0.96" CONTENT="och"/><SP WIDTH="18" VPOS="940" HPOS="583"/>
							<String ID="string_261" HPOS="601" VPOS="946" WIDTH="65" HEIGHT="16" WC="0.96" CONTENT="anser"/><SP WIDTH="12" VPOS="946" HPOS="666"/>
							<String ID="string_262" HPOS="678" VPOS="940" WIDTH="37" HEIGHT="28" WC="0.96" CONTENT="jag"/><SP WIDTH="15" VPOS="940" HPOS="715"/>
							<String ID="string_263" HPOS="730" VPOS="940" WIDTH="87" HEIGHT="27" WC="0.96" CONTENT="mycket"/><SP WIDTH="14" VPOS="940" HPOS="817"/>
							<String ID="string_264" HPOS="831" VPOS="939" WIDTH="48" HEIGHT="22" WC="0.96" CONTENT="skäl"/><SP WIDTH="15" VPOS="939" HPOS="879"/>
							<String ID="string_265" HPOS="894" VPOS="939" WIDTH="132" HEIGHT="22" WC="0.94" CONTENT="förekomma"/>
						</TextLine>
						<TextLine ID="line_29" HPOS="199" VPOS="966" WIDTH="825" HEIGHT="30">
							<String ID="string_266" HPOS="199" VPOS="968" WIDTH="33" HEIGHT="19" WC="0.96" CONTENT="att"/><SP WIDTH="22" VPOS="968" HPOS="232"/>
							<String ID="string_267" HPOS="254" VPOS="966" WIDTH="43" HEIGHT="22" WC="0.96" CONTENT="öka"/><SP WIDTH="22" VPOS="966" HPOS="297"/>
							<String ID="string_268" HPOS="319" VPOS="967" WIDTH="82" HEIGHT="22" WC="0.96" CONTENT="antalet"/><SP WIDTH="22" VPOS="967" HPOS="401"/>
							<String ID="string_269" HPOS="423" VPOS="968" WIDTH="22" HEIGHT="22" WC="0.93" CONTENT="af"/><SP WIDTH="21" VPOS="968" HPOS="445"/>
							<String ID="string_270" HPOS="466" VPOS="968" WIDTH="152" HEIGHT="28" WC="0.91" CONTENT="öfningsdagar"/><SP WIDTH="18" VPOS="968" HPOS="618"/>
							<String ID="string_271" HPOS="636" VPOS="969" WIDTH="33" HEIGHT="21" WC="0.96" CONTENT="till"/><SP WIDTH="17" VPOS="969" HPOS="669"/>
							<String ID="string_272" HPOS="686" VPOS="970" WIDTH="47" HEIGHT="24" WC="0.96" CONTENT="120,"/><SP WIDTH="16" VPOS="970" HPOS="733"/>
							<String ID="string_273" HPOS="749" VPOS="974" WIDTH="49" HEIGHT="16" WC="0.96" CONTENT="men"/><SP WIDTH="15" VPOS="974" HPOS="798"/>
							<String ID="string_274" HPOS="813" VPOS="970" WIDTH="33" HEIGHT="20" WC="0.96" CONTENT="att"/><SP WIDTH="15" VPOS="970" HPOS="846"/>
							<String ID="string_275" HPOS="861" VPOS="968" WIDTH="23" HEIGHT="21" WC="0.96" CONTENT="åt"/><SP WIDTH="14" VPOS="968" HPOS="884"/>
							<String ID="string_276" HPOS="898" VPOS="968" WIDTH="81" HEIGHT="22" WC="0.93" CONTENT="befälet"/><SP WIDTH="15" VPOS="968" HPOS="979"/>
							<String ID="string_277" HPOS="994" VPOS="968" WIDTH="30" HEIGHT="22" WC="0.92" CONTENT="öf-"/>
						</TextLine>
						<TextLine ID="line_30" HPOS="198" VPOS="995" WIDTH="825" HEIGHT="28">
							<String ID="string_278" HPOS="198" VPOS="995" WIDTH="120" HEIGHT="21" WC="0.91" CONTENT="verlemnas"/><SP WIDTH="15" VPOS="995" HPOS="318"/>
							<String ID="string_279" HPOS="333" VPOS="996" WIDTH="130" HEIGHT="27" WC="0.96" CONTENT="befogenhet"/><SP WIDTH="16" VPOS="996" HPOS="463"/>
							<String ID="string_280" HPOS="479" VPOS="999" WIDTH="32" HEIGHT="19" WC="0.96" CONTENT="att"/><SP WIDTH="14" VPOS="999" HPOS="511"/>
							<String ID="string_281" HPOS="525" VPOS="997" WIDTH="84" HEIGHT="22" WC="0.96" CONTENT="fördela"/><SP WIDTH="16" VPOS="997" HPOS="609"/>
							<String ID="string_282" HPOS="625" VPOS="998" WIDTH="66" HEIGHT="21" WC="0.95" CONTENT="dessa"/><SP WIDTH="17" VPOS="998" HPOS="691"/>
							<String ID="string_283" HPOS="708" VPOS="999" WIDTH="39" HEIGHT="19" WC="0.96" CONTENT="120"/><SP WIDTH="18" VPOS="999" HPOS="747"/>
							<String ID="string_284" HPOS="765" VPOS="997" WIDTH="66" HEIGHT="26" WC="0.96" CONTENT="dagar"/><SP WIDTH="14" VPOS="997" HPOS="831"/>
							<String ID="string_285" HPOS="845" VPOS="997" WIDTH="29" HEIGHT="26" WC="0.96" CONTENT="på"/><SP WIDTH="10" VPOS="997" HPOS="874"/>
							<String ID="string_286" HPOS="884" VPOS="997" WIDTH="27" HEIGHT="21" WC="0.96" CONTENT="de"/><SP WIDTH="11" VPOS="997" HPOS="911"/>
							<String ID="string_287" HPOS="922" VPOS="998" WIDTH="32" HEIGHT="20" WC="0.96" CONTENT="tre"/><SP WIDTH="12" VPOS="998" HPOS="954"/>
							<String ID="string_288" HPOS="966" VPOS="997" WIDTH="57" HEIGHT="26" WC="0.96" CONTENT="åren,"/>
						</TextLine>
						<TextLine ID="line_31" HPOS="198" VPOS="1023" WIDTH="826" HEIGHT="30">
							<String ID="string_289" HPOS="198" VPOS="1023" WIDTH="73" HEIGHT="21" WC="0.96" CONTENT="såsom"/><SP WIDTH="22" VPOS="1023" HPOS="271"/>
							<String ID="string_290" HPOS="293" VPOS="1024" WIDTH="125" HEIGHT="28" WC="0.96" CONTENT="lämpligast"/><SP WIDTH="20" VPOS="1024" HPOS="418"/>
							<String ID="string_291" HPOS="438" VPOS="1031" WIDTH="63" HEIGHT="22" WC="0.96" CONTENT="synes"/><SP WIDTH="23" VPOS="1031" HPOS="501"/>
							<String ID="string_292" HPOS="524" VPOS="1026" WIDTH="41" HEIGHT="21" WC="0.96" CONTENT="och"/><SP WIDTH="22" VPOS="1026" HPOS="565"/>
							<String ID="string_293" HPOS="587" VPOS="1026" WIDTH="72" HEIGHT="21" WC="0.96" CONTENT="såsom"/><SP WIDTH="23" VPOS="1026" HPOS="659"/>
							<String ID="string_294" HPOS="682" VPOS="1025" WIDTH="150" HEIGHT="22" WC="0.93" CONTENT="erfarenheten"/><SP WIDTH="19" VPOS="1025" HPOS="832"/>
							<String ID="string_295" HPOS="851" VPOS="1025" WIDTH="115" HEIGHT="22" WC="0.90" CONTENT="framdeles"/><SP WIDTH="15" VPOS="1025" HPOS="966"/>
							<String ID="string_296" HPOS="981" VPOS="1025" WIDTH="43" HEIGHT="22" WC="0.96" CONTENT="kan"/>
						</TextLine>
						<TextLine ID="line_32" HPOS="198" VPOS="1051" WIDTH="240" HEIGHT="29">
							<String ID="string_297" HPOS="198" VPOS="1051" WIDTH="57" HEIGHT="27" WC="0.96" CONTENT="gifva"/><SP WIDTH="15" VPOS="1051" HPOS="255"/>
							<String ID="string_298" HPOS="270" VPOS="1053" WIDTH="115" HEIGHT="27" WC="0.95" CONTENT="anledning"/><SP WIDTH="15" VPOS="1053" HPOS="385"/>
							<String ID="string_299" HPOS="400" VPOS="1053" WIDTH="38" HEIGHT="22" WC="0.94" CONTENT="till."/>
						</TextLine>
					</TextBlock>
					<TextBlock ID="block_5" HPOS="192" VPOS="1081" WIDTH="832" HEIGHT="315">
						<TextLine ID="line_33" HPOS="266" VPOS="1081" WIDTH="758" HEIGHT="28">
							<String ID="string_300" HPOS="266" VPOS="1081" WIDTH="57" HEIGHT="21" WC="0.93" CONTENT="Herr"/><SP WIDTH="16" VPOS="1081" HPOS="323"/>
							<String ID="string_301" HPOS="339" VPOS="1082" WIDTH="141" HEIGHT="22" WC="0.92" CONTENT="Mechelin:"/><SP WIDTH="30" VPOS="1082" HPOS="480"/>
							<String ID="string_302" HPOS="510" VPOS="1083" WIDTH="57" HEIGHT="22" WC="0.96" CONTENT="Herr"/><SP WIDTH="19" VPOS="1083" HPOS="567"/>
							<String ID="string_303" HPOS="586" VPOS="1083" WIDTH="121" HEIGHT="22" WC="0.96" CONTENT="Schauman"/><SP WIDTH="16" VPOS="1083" HPOS="707"/>
							<String ID="string_304" HPOS="723" VPOS="1083" WIDTH="40" HEIGHT="21" WC="0.95" CONTENT="har"/><SP WIDTH="14" VPOS="1083" HPOS="763"/>
							<String ID="string_305" HPOS="777" VPOS="1083" WIDTH="71" HEIGHT="26" WC="0.96" CONTENT="ingått"/><SP WIDTH="14" VPOS="1083" HPOS="848"/>
							<String ID="string_306" HPOS="862" VPOS="1083" WIDTH="7" HEIGHT="20" WC="0.96" CONTENT="i"/><SP WIDTH="15" VPOS="1083" HPOS="869"/>
							<String ID="string_307" HPOS="884" VPOS="1088" WIDTH="26" HEIGHT="15" WC="0.96" CONTENT="en"/><SP WIDTH="15" VPOS="1088" HPOS="910"/>
							<String ID="string_308" HPOS="925" VPOS="1084" WIDTH="99" HEIGHT="21" WC="0.96" CONTENT="närmare"/>
						</TextLine>
						<TextLine ID="line_34" HPOS="197" VPOS="1109" WIDTH="825" HEIGHT="30">
							<String ID="string_309" HPOS="197" VPOS="1109" WIDTH="132" HEIGHT="28" WC="0.96" CONTENT="granskning"/><SP WIDTH="15" VPOS="1109" HPOS="329"/>
							<String ID="string_310" HPOS="344" VPOS="1110" WIDTH="24" HEIGHT="21" WC="0.93" CONTENT="af"/><SP WIDTH="12" VPOS="1110" HPOS="368"/>
							<String ID="string_311" HPOS="380" VPOS="1111" WIDTH="138" HEIGHT="28" WC="0.91" CONTENT="paragrafens"/><SP WIDTH="16" VPOS="1111" HPOS="518"/>
							<String ID="string_312" HPOS="534" VPOS="1112" WIDTH="136" HEIGHT="27" WC="0.96" CONTENT="ordalydelse"/><SP WIDTH="15" VPOS="1112" HPOS="670"/>
							<String ID="string_313" HPOS="685" VPOS="1111" WIDTH="41" HEIGHT="22" WC="0.92" CONTENT="och"/><SP WIDTH="16" VPOS="1111" HPOS="726"/>
							<String ID="string_314" HPOS="742" VPOS="1111" WIDTH="74" HEIGHT="22" WC="0.91" CONTENT="dervid"/><SP WIDTH="14" VPOS="1111" HPOS="816"/>
							<String ID="string_315" HPOS="830" VPOS="1111" WIDTH="8" HEIGHT="21" WC="0.96" CONTENT="i"/><SP WIDTH="16" VPOS="1111" HPOS="838"/>
							<String ID="string_316" HPOS="854" VPOS="1111" WIDTH="76" HEIGHT="27" WC="0.96" CONTENT="sjelfva"/><SP WIDTH="10" VPOS="1111" HPOS="930"/>
							<String ID="string_317" HPOS="940" VPOS="1112" WIDTH="82" HEIGHT="26" WC="0.96" CONTENT="verket,"/>
						</TextLine>
						<TextLine ID="line_35" HPOS="197" VPOS="1137" WIDTH="826" HEIGHT="30">
							<String ID="string_318" HPOS="197" VPOS="1137" WIDTH="68" HEIGHT="28" WC="0.96" CONTENT="enligt"/><SP WIDTH="18" VPOS="1137" HPOS="265"/>
							<String ID="string_319" HPOS="283" VPOS="1139" WIDTH="43" HEIGHT="21" WC="0.93" CONTENT="min"/><SP WIDTH="19" VPOS="1139" HPOS="326"/>
							<String ID="string_320" HPOS="345" VPOS="1139" WIDTH="63" HEIGHT="27" WC="0.91" CONTENT="åsigt,"/><SP WIDTH="17" VPOS="1139" HPOS="408"/>
							<String ID="string_321" HPOS="425" VPOS="1140" WIDTH="83" HEIGHT="22" WC="0.96" CONTENT="bevisat"/><SP WIDTH="15" VPOS="1140" HPOS="508"/>
							<String ID="string_322" HPOS="523" VPOS="1142" WIDTH="34" HEIGHT="20" WC="0.96" CONTENT="att"/><SP WIDTH="14" VPOS="1142" HPOS="557"/>
							<String ID="string_323" HPOS="571" VPOS="1147" WIDTH="50" HEIGHT="15" WC="0.96" CONTENT="man"/><SP WIDTH="14" VPOS="1147" HPOS="621"/>
							<String ID="string_324" HPOS="635" VPOS="1141" WIDTH="50" HEIGHT="26" WC="0.95" CONTENT="kan,"/><SP WIDTH="14" VPOS="1141" HPOS="685"/>
							<String ID="string_325" HPOS="699" VPOS="1146" WIDTH="36" HEIGHT="15" WC="0.96" CONTENT="om"/><SP WIDTH="14" VPOS="1146" HPOS="735"/>
							<String ID="string_326" HPOS="749" VPOS="1146" WIDTH="50" HEIGHT="15" WC="0.96" CONTENT="man"/><SP WIDTH="15" VPOS="1146" HPOS="799"/>
							<String ID="string_327" HPOS="814" VPOS="1139" WIDTH="76" HEIGHT="27" WC="0.96" CONTENT="riktigt"/><SP WIDTH="14" VPOS="1139" HPOS="890"/>
							<String ID="string_328" HPOS="904" VPOS="1140" WIDTH="42" HEIGHT="27" WC="0.96" CONTENT="vill,"/><SP WIDTH="17" VPOS="1140" HPOS="946"/>
							<String ID="string_329" HPOS="963" VPOS="1140" WIDTH="60" HEIGHT="22" WC="0.96" CONTENT="tolka"/>
						</TextLine>
						<TextLine ID="line_36" HPOS="196" VPOS="1167" WIDTH="826" HEIGHT="29">
							<String ID="string_330" HPOS="196" VPOS="1167" WIDTH="127" HEIGHT="26" WC="0.96" CONTENT="paragrafen"/><SP WIDTH="22" VPOS="1167" HPOS="323"/>
							<String ID="string_331" HPOS="345" VPOS="1167" WIDTH="31" HEIGHT="27" WC="0.96" CONTENT="så,"/><SP WIDTH="24" VPOS="1167" HPOS="376"/>
							<String ID="string_332" HPOS="400" VPOS="1170" WIDTH="33" HEIGHT="19" WC="0.96" CONTENT="att"/><SP WIDTH="22" VPOS="1170" HPOS="433"/>
							<String ID="string_333" HPOS="455" VPOS="1169" WIDTH="40" HEIGHT="22" WC="0.96" CONTENT="den"/><SP WIDTH="23" VPOS="1169" HPOS="495"/>
							<String ID="string_334" HPOS="518" VPOS="1169" WIDTH="73" HEIGHT="22" WC="0.96" CONTENT="kunde"/><SP WIDTH="20" VPOS="1169" HPOS="591"/>
							<String ID="string_335" HPOS="611" VPOS="1175" WIDTH="63" HEIGHT="16" WC="0.96" CONTENT="anses"/><SP WIDTH="16" VPOS="1175" HPOS="674"/>
							<String ID="string_336" HPOS="690" VPOS="1169" WIDTH="48" HEIGHT="21" WC="0.96" CONTENT="icke"/><SP WIDTH="15" VPOS="1169" HPOS="738"/>
							<String ID="string_337" HPOS="753" VPOS="1168" WIDTH="78" HEIGHT="28" WC="0.93" CONTENT="tydligt"/><SP WIDTH="16" VPOS="1168" HPOS="831"/>
							<String ID="string_338" HPOS="847" VPOS="1168" WIDTH="104" HEIGHT="27" WC="0.91" CONTENT="återgifva"/><SP WIDTH="15" VPOS="1168" HPOS="951"/>
							<String ID="string_339" HPOS="966" VPOS="1169" WIDTH="56" HEIGHT="22" WC="0.96" CONTENT="hvad"/>
						</TextLine>
						<TextLine ID="line_37" HPOS="196" VPOS="1194" WIDTH="826" HEIGHT="31">
							<String ID="string_340" HPOS="196" VPOS="1194" WIDTH="89" HEIGHT="23" WC="0.96" CONTENT="dermed"/><SP WIDTH="22" VPOS="1194" HPOS="285"/>
							<String ID="string_341" HPOS="307" VPOS="1202" WIDTH="80" HEIGHT="16" WC="0.96" CONTENT="menas."/><SP WIDTH="30" VPOS="1202" HPOS="387"/>
							<String ID="string_342" HPOS="417" VPOS="1197" WIDTH="44" HEIGHT="22" WC="0.95" CONTENT="Det"/><SP WIDTH="18" VPOS="1197" HPOS="461"/>
							<String ID="string_343" HPOS="479" VPOS="1198" WIDTH="42" HEIGHT="21" WC="0.93" CONTENT="kan"/><SP WIDTH="15" VPOS="1198" HPOS="521"/>
							<String ID="string_344" HPOS="536" VPOS="1198" WIDTH="113" HEIGHT="27" WC="0.92" CONTENT="lätteligen"/><SP WIDTH="16" VPOS="1198" HPOS="649"/>
							<String ID="string_345" HPOS="665" VPOS="1197" WIDTH="85" HEIGHT="22" WC="0.96" CONTENT="inträffa"/><SP WIDTH="15" VPOS="1197" HPOS="750"/>
							<String ID="string_346" HPOS="765" VPOS="1197" WIDTH="36" HEIGHT="22" WC="0.96" CONTENT="vid"/><SP WIDTH="15" VPOS="1197" HPOS="801"/>
							<String ID="string_347" HPOS="816" VPOS="1203" WIDTH="59" HEIGHT="16" WC="0.96" CONTENT="mera"/><SP WIDTH="15" VPOS="1203" HPOS="875"/>
							<String ID="string_348" HPOS="890" VPOS="1197" WIDTH="132" HEIGHT="22" WC="0.96" CONTENT="omfattande"/>
						</TextLine>
						<TextLine ID="line_38" HPOS="195" VPOS="1225" WIDTH="827" HEIGHT="28">
							<String ID="string_349" HPOS="195" VPOS="1225" WIDTH="176" HEIGHT="21" WC="0.91" CONTENT="omredaktioner"/><SP WIDTH="16" VPOS="1225" HPOS="371"/>
							<String ID="string_350" HPOS="387" VPOS="1225" WIDTH="22" HEIGHT="22" WC="0.96" CONTENT="af"/><SP WIDTH="13" VPOS="1225" HPOS="409"/>
							<String ID="string_351" HPOS="422" VPOS="1226" WIDTH="116" HEIGHT="27" WC="0.96" CONTENT="lagförslag"/><SP WIDTH="15" VPOS="1226" HPOS="538"/>
							<String ID="string_352" HPOS="553" VPOS="1227" WIDTH="40" HEIGHT="21" WC="0.96" CONTENT="och"/><SP WIDTH="16" VPOS="1227" HPOS="593"/>
							<String ID="string_353" HPOS="609" VPOS="1226" WIDTH="112" HEIGHT="22" WC="0.96" CONTENT="införande"/><SP WIDTH="16" VPOS="1226" HPOS="721"/>
							<String ID="string_354" HPOS="737" VPOS="1226" WIDTH="23" HEIGHT="21" WC="0.96" CONTENT="af"/><SP WIDTH="13" VPOS="1226" HPOS="760"/>
							<String ID="string_355" HPOS="773" VPOS="1232" WIDTH="42" HEIGHT="21" WC="0.96" CONTENT="nya"/><SP WIDTH="14" VPOS="1232" HPOS="815"/>
							<String ID="string_356" HPOS="829" VPOS="1226" WIDTH="140" HEIGHT="27" WC="0.96" CONTENT="stadganden,"/><SP WIDTH="20" VPOS="1226" HPOS="969"/>
							<String ID="string_357" HPOS="989" VPOS="1228" WIDTH="33" HEIGHT="19" WC="0.96" CONTENT="att"/>
						</TextLine>
						<TextLine ID="line_39" HPOS="195" VPOS="1251" WIDTH="827" HEIGHT="31">
							<String ID="string_358" HPOS="195" VPOS="1251" WIDTH="140" HEIGHT="29" WC="0.91" CONTENT="affattningen"/><SP WIDTH="16" VPOS="1251" HPOS="335"/>
							<String ID="string_359" HPOS="351" VPOS="1254" WIDTH="48" HEIGHT="21" WC="0.96" CONTENT="icke"/><SP WIDTH="16" VPOS="1254" HPOS="399"/>
							<String ID="string_360" HPOS="415" VPOS="1255" WIDTH="60" HEIGHT="21" WC="0.96" CONTENT="alltid"/><SP WIDTH="15" VPOS="1255" HPOS="475"/>
							<String ID="string_361" HPOS="490" VPOS="1255" WIDTH="73" HEIGHT="27" WC="0.96" CONTENT="lyckas"/><SP WIDTH="17" VPOS="1255" HPOS="563"/>
							<String ID="string_362" HPOS="580" VPOS="1255" WIDTH="55" HEIGHT="22" WC="0.96" CONTENT="efter"/><SP WIDTH="15" VPOS="1255" HPOS="635"/>
							<String ID="string_363" HPOS="650" VPOS="1255" WIDTH="89" HEIGHT="26" WC="0.96" CONTENT="önskan,"/><SP WIDTH="17" VPOS="1255" HPOS="739"/>
							<String ID="string_364" HPOS="756" VPOS="1255" WIDTH="40" HEIGHT="21" WC="0.96" CONTENT="och"/><SP WIDTH="8" VPOS="1255" HPOS="796"/>
							<String ID="string_365" HPOS="804" VPOS="1255" WIDTH="39" HEIGHT="26" WC="0.96" CONTENT="jag"/><SP WIDTH="9" VPOS="1255" HPOS="843"/>
							<String ID="string_366" HPOS="852" VPOS="1256" WIDTH="116" HEIGHT="20" WC="0.96" CONTENT="motsätter"/><SP WIDTH="10" VPOS="1256" HPOS="968"/>
							<String ID="string_367" HPOS="978" VPOS="1255" WIDTH="44" HEIGHT="26" WC="0.96" CONTENT="mig"/>
						</TextLine>
						<TextLine ID="line_40" HPOS="195" VPOS="1280" WIDTH="825" HEIGHT="31">
							<String ID="string_368" HPOS="195" VPOS="1280" WIDTH="86" HEIGHT="23" WC="0.91" CONTENT="derföre"/><SP WIDTH="14" VPOS="1280" HPOS="281"/>
							<String ID="string_369" HPOS="295" VPOS="1282" WIDTH="48" HEIGHT="22" WC="0.95" CONTENT="icke"/><SP WIDTH="15" VPOS="1282" HPOS="343"/>
							<String ID="string_370" HPOS="358" VPOS="1282" WIDTH="69" HEIGHT="23" WC="0.96" CONTENT="heller"/><SP WIDTH="16" VPOS="1282" HPOS="427"/>
							<String ID="string_371" HPOS="443" VPOS="1284" WIDTH="40" HEIGHT="21" WC="0.96" CONTENT="den"/><SP WIDTH="16" VPOS="1284" HPOS="483"/>
							<String ID="string_372" HPOS="499" VPOS="1283" WIDTH="23" HEIGHT="22" WC="0.96" CONTENT="af"/><SP WIDTH="12" VPOS="1283" HPOS="522"/>
							<String ID="string_373" HPOS="534" VPOS="1284" WIDTH="51" HEIGHT="21" WC="0.96" CONTENT="herr"/><SP WIDTH="15" VPOS="1284" HPOS="585"/>
							<String ID="string_374" HPOS="600" VPOS="1284" WIDTH="122" HEIGHT="21" WC="0.93" CONTENT="Schauman"/><SP WIDTH="15" VPOS="1284" HPOS="722"/>
							<String ID="string_375" HPOS="737" VPOS="1283" WIDTH="110" HEIGHT="28" WC="0.91" CONTENT="påyrkade"/><SP WIDTH="16" VPOS="1283" HPOS="847"/>
							<String ID="string_376" HPOS="863" VPOS="1283" WIDTH="157" HEIGHT="22" WC="0.91" CONTENT="återremissen."/>
						</TextLine>
						<TextLine ID="line_41" HPOS="193" VPOS="1309" WIDTH="827" HEIGHT="30">
							<String ID="string_377" HPOS="193" VPOS="1309" WIDTH="45" HEIGHT="27" WC="0.96" CONTENT="Jag"/><SP WIDTH="15" VPOS="1309" HPOS="238"/>
							<String ID="string_378" HPOS="253" VPOS="1311" WIDTH="46" HEIGHT="20" WC="0.96" CONTENT="tror"/><SP WIDTH="15" VPOS="1311" HPOS="299"/>
							<String ID="string_379" HPOS="314" VPOS="1311" WIDTH="73" HEIGHT="27" WC="0.96" CONTENT="också,"/><SP WIDTH="16" VPOS="1311" HPOS="387"/>
							<String ID="string_380" HPOS="403" VPOS="1313" WIDTH="33" HEIGHT="20" WC="0.96" CONTENT="att"/><SP WIDTH="15" VPOS="1313" HPOS="436"/>
							<String ID="string_381" HPOS="451" VPOS="1312" WIDTH="36" HEIGHT="21" WC="0.96" CONTENT="det"/><SP WIDTH="15" VPOS="1312" HPOS="487"/>
							<String ID="string_382" HPOS="502" VPOS="1312" WIDTH="56" HEIGHT="21" WC="0.96" CONTENT="skall"/><SP WIDTH="15" VPOS="1312" HPOS="558"/>
							<String ID="string_383" HPOS="573" VPOS="1313" WIDTH="66" HEIGHT="21" WC="0.96" CONTENT="blifva"/><SP WIDTH="14" VPOS="1313" HPOS="639"/>
							<String ID="string_384" HPOS="653" VPOS="1312" WIDTH="82" HEIGHT="27" WC="0.96" CONTENT="ganska"/><SP WIDTH="16" VPOS="1312" HPOS="735"/>
							<String ID="string_385" HPOS="751" VPOS="1312" WIDTH="41" HEIGHT="21" WC="0.96" CONTENT="lätt"/><SP WIDTH="15" VPOS="1312" HPOS="792"/>
							<String ID="string_386" HPOS="807" VPOS="1313" WIDTH="33" HEIGHT="20" WC="0.97" CONTENT="att"/><SP WIDTH="14" VPOS="1313" HPOS="840"/>
							<String ID="string_387" HPOS="854" VPOS="1311" WIDTH="22" HEIGHT="22" WC="0.96" CONTENT="få"/><SP WIDTH="15" VPOS="1311" HPOS="876"/>
							<String ID="string_388" HPOS="891" VPOS="1312" WIDTH="70" HEIGHT="21" WC="0.93" CONTENT="denna"/><SP WIDTH="15" VPOS="1312" HPOS="961"/>
							<String ID="string_389" HPOS="976" VPOS="1318" WIDTH="44" HEIGHT="15" WC="0.92" CONTENT="om-"/>
						</TextLine>
						<TextLine ID="line_42" HPOS="193" VPOS="1337" WIDTH="827" HEIGHT="31">
							<String ID="string_390" HPOS="193" VPOS="1337" WIDTH="124" HEIGHT="29" WC="0.96" CONTENT="redigering"/><SP WIDTH="21" VPOS="1337" HPOS="317"/>
							<String ID="string_391" HPOS="338" VPOS="1339" WIDTH="31" HEIGHT="27" WC="0.96" CONTENT="så,"/><SP WIDTH="24" VPOS="1339" HPOS="369"/>
							<String ID="string_392" HPOS="393" VPOS="1342" WIDTH="34" HEIGHT="20" WC="0.96" CONTENT="att"/><SP WIDTH="19" VPOS="1342" HPOS="427"/>
							<String ID="string_393" HPOS="446" VPOS="1341" WIDTH="119" HEIGHT="21" WC="0.96" CONTENT="utskottets"/><SP WIDTH="16" VPOS="1341" HPOS="565"/>
							<String ID="string_394" HPOS="581" VPOS="1341" WIDTH="86" HEIGHT="27" WC="0.96" CONTENT="mening"/><SP WIDTH="14" VPOS="1341" HPOS="667"/>
							<String ID="string_395" HPOS="681" VPOS="1341" WIDTH="102" HEIGHT="21" WC="0.96" CONTENT="framstår"/><SP WIDTH="15" VPOS="1341" HPOS="783"/>
							<String ID="string_396" HPOS="798" VPOS="1341" WIDTH="25" HEIGHT="20" WC="0.96" CONTENT="så"/><SP WIDTH="15" VPOS="1341" HPOS="823"/>
							<String ID="string_397" HPOS="838" VPOS="1340" WIDTH="78" HEIGHT="27" WC="0.96" CONTENT="tydligt"/><SP WIDTH="14" VPOS="1340" HPOS="916"/>
							<String ID="string_398" HPOS="930" VPOS="1342" WIDTH="33" HEIGHT="20" WC="0.96" CONTENT="att"/><SP WIDTH="15" VPOS="1342" HPOS="963"/>
							<String ID="string_399" HPOS="978" VPOS="1341" WIDTH="42" HEIGHT="21" WC="0.96" CONTENT="den"/>
						</TextLine>
						<TextLine ID="line_43" HPOS="192" VPOS="1366" WIDTH="325" HEIGHT="30">
							<String ID="string_400" HPOS="192" VPOS="1366" WIDTH="49" HEIGHT="22" WC="0.96" CONTENT="icke"/><SP WIDTH="16" VPOS="1366" HPOS="241"/>
							<String ID="string_401" HPOS="257" VPOS="1368" WIDTH="35" HEIGHT="20" WC="0.96" CONTENT="må"/><SP WIDTH="14" VPOS="1368" HPOS="292"/>
							<String ID="string_402" HPOS="306" VPOS="1368" WIDTH="73" HEIGHT="21" WC="0.93" CONTENT="kunna"/><SP WIDTH="16" VPOS="1368" HPOS="379"/>
							<String ID="string_403" HPOS="395" VPOS="1369" WIDTH="122" HEIGHT="27" WC="0.92" CONTENT="misstydas."/>
						</TextLine>
					</TextBlock>
					<TextBlock ID="block_6" HPOS="191" VPOS="1395" WIDTH="829" HEIGHT="145">
						<TextLine ID="line_44" HPOS="262" VPOS="1395" WIDTH="758" HEIGHT="30">
							<String ID="string_404" HPOS="262" VPOS="1395" WIDTH="61" HEIGHT="22" WC="0.96" CONTENT="Hvad"/><SP WIDTH="16" VPOS="1395" HPOS="323"/>
							<String ID="string_405" HPOS="339" VPOS="1403" WIDTH="29" HEIGHT="15" WC="0.93" CONTENT="nu"/><SP WIDTH="15" VPOS="1403" HPOS="368"/>
							<String ID="string_406" HPOS="383" VPOS="1397" WIDTH="133" HEIGHT="22" WC="0.91" CONTENT="vidkommer"/><SP WIDTH="14" VPOS="1397" HPOS="516"/>
							<String ID="string_407" HPOS="530" VPOS="1398" WIDTH="151" HEIGHT="27" WC="0.91" CONTENT="öfningstiden,"/><SP WIDTH="17" VPOS="1398" HPOS="681"/>
							<String ID="string_408" HPOS="698" VPOS="1398" WIDTH="25" HEIGHT="21" WC="0.96" CONTENT="så"/><SP WIDTH="14" VPOS="1398" HPOS="723"/>
							<String ID="string_409" HPOS="737" VPOS="1397" WIDTH="64" HEIGHT="22" WC="0.96" CONTENT="hafva"/><SP WIDTH="10" VPOS="1397" HPOS="801"/>
							<String ID="string_410" HPOS="811" VPOS="1397" WIDTH="124" HEIGHT="27" WC="0.96" CONTENT="yrkandena"/><SP WIDTH="10" VPOS="1397" HPOS="935"/>
							<String ID="string_411" HPOS="945" VPOS="1397" WIDTH="6" HEIGHT="21" WC="0.95" CONTENT="i"/><SP WIDTH="9" VPOS="1397" HPOS="951"/>
							<String ID="string_412" HPOS="960" VPOS="1398" WIDTH="60" HEIGHT="20" WC="0.95" CONTENT="detta"/>
						</TextLine>
						<TextLine ID="line_45" HPOS="193" VPOS="1423" WIDTH="827" HEIGHT="30">
							<String ID="string_413" HPOS="193" VPOS="1423" WIDTH="104" HEIGHT="23" WC="0.95" CONTENT="afseende"/><SP WIDTH="15" VPOS="1423" HPOS="297"/>
							<String ID="string_414" HPOS="312" VPOS="1424" WIDTH="32" HEIGHT="22" WC="0.96" CONTENT="till"/><SP WIDTH="17" VPOS="1424" HPOS="344"/>
							<String ID="string_415" HPOS="361" VPOS="1432" WIDTH="26" HEIGHT="14" WC="0.96" CONTENT="en"/><SP WIDTH="15" VPOS="1432" HPOS="387"/>
							<String ID="string_416" HPOS="402" VPOS="1426" WIDTH="43" HEIGHT="21" WC="0.96" CONTENT="viss"/><SP WIDTH="16" VPOS="1426" HPOS="445"/>
							<String ID="string_417" HPOS="461" VPOS="1426" WIDTH="53" HEIGHT="27" WC="0.96" CONTENT="grad"/><SP WIDTH="16" VPOS="1426" HPOS="514"/>
							<String ID="string_418" HPOS="530" VPOS="1427" WIDTH="47" HEIGHT="21" WC="0.96" CONTENT="icke"/><SP WIDTH="15" VPOS="1427" HPOS="577"/>
							<String ID="string_419" HPOS="592" VPOS="1427" WIDTH="57" HEIGHT="21" WC="0.93" CONTENT="varit"/><SP WIDTH="15" VPOS="1427" HPOS="649"/>
							<String ID="string_420" HPOS="664" VPOS="1426" WIDTH="240" HEIGHT="22" WC="0.92" CONTENT="öfverensstämmande."/><SP WIDTH="26" VPOS="1426" HPOS="904"/>
							<String ID="string_421" HPOS="930" VPOS="1426" WIDTH="43" HEIGHT="21" WC="0.47" CONTENT="Det"/><SP WIDTH="8" VPOS="1426" HPOS="973"/>
							<String ID="string_422" HPOS="981" VPOS="1426" WIDTH="39" HEIGHT="21" WC="0.47" CONTENT="har"/>
						</TextLine>
						<TextLine ID="line_46" HPOS="192" VPOS="1452" WIDTH="826" HEIGHT="30">
							<String ID="string_423" HPOS="192" VPOS="1452" WIDTH="67" HEIGHT="22" WC="0.96" CONTENT="talats"/><SP WIDTH="16" VPOS="1452" HPOS="259"/>
							<String ID="string_424" HPOS="275" VPOS="1458" WIDTH="34" HEIGHT="16" WC="0.96" CONTENT="om"/><SP WIDTH="15" VPOS="1458" HPOS="309"/>
							<String ID="string_425" HPOS="324" VPOS="1454" WIDTH="66" HEIGHT="21" WC="0.96" CONTENT="minst"/><SP WIDTH="17" VPOS="1454" HPOS="390"/>
							<String ID="string_426" HPOS="407" VPOS="1456" WIDTH="40" HEIGHT="20" WC="0.96" CONTENT="120"/><SP WIDTH="15" VPOS="1456" HPOS="447"/>
							<String ID="string_427" HPOS="462" VPOS="1455" WIDTH="72" HEIGHT="27" WC="0.96" CONTENT="dagar,"/><SP WIDTH="16" VPOS="1455" HPOS="534"/>
							<String ID="string_428" HPOS="550" VPOS="1462" WIDTH="29" HEIGHT="14" WC="0.96" CONTENT="nu"/><SP WIDTH="11" VPOS="1462" HPOS="579"/>
							<String ID="string_429" HPOS="590" VPOS="1458" WIDTH="74" HEIGHT="19" WC="0.96" CONTENT="senast"/><SP WIDTH="9" VPOS="1458" HPOS="664"/>
							<String ID="string_430" HPOS="673" VPOS="1456" WIDTH="72" HEIGHT="20" WC="0.96" CONTENT="talade"/><SP WIDTH="11" VPOS="1456" HPOS="745"/>
							<String ID="string_431" HPOS="756" VPOS="1455" WIDTH="51" HEIGHT="21" WC="0.93" CONTENT="herr"/><SP WIDTH="8" VPOS="1455" HPOS="807"/>
							<String ID="string_432" HPOS="815" VPOS="1454" WIDTH="129" HEIGHT="27" WC="0.91" CONTENT="Furuhielm,"/><SP WIDTH="8" VPOS="1454" HPOS="944"/>
							<String ID="string_433" HPOS="952" VPOS="1454" WIDTH="66" HEIGHT="28" WC="0.96" CONTENT="Knut,"/>
						</TextLine>
						<TextLine ID="line_47" HPOS="192" VPOS="1482" WIDTH="827" HEIGHT="29">
							<String ID="string_434" HPOS="192" VPOS="1486" WIDTH="34" HEIGHT="16" WC="0.96" CONTENT="om"/><SP WIDTH="23" VPOS="1486" HPOS="226"/>
							<String ID="string_435" HPOS="249" VPOS="1482" WIDTH="66" HEIGHT="26" WC="0.96" CONTENT="högst"/><SP WIDTH="23" VPOS="1482" HPOS="315"/>
							<String ID="string_436" HPOS="338" VPOS="1484" WIDTH="41" HEIGHT="20" WC="0.96" CONTENT="120"/><SP WIDTH="23" VPOS="1484" HPOS="379"/>
							<String ID="string_437" HPOS="402" VPOS="1484" WIDTH="71" HEIGHT="26" WC="0.96" CONTENT="dagar."/><SP WIDTH="30" VPOS="1484" HPOS="473"/>
							<String ID="string_438" HPOS="503" VPOS="1484" WIDTH="44" HEIGHT="26" WC="0.96" CONTENT="Mig"/><SP WIDTH="20" VPOS="1484" HPOS="547"/>
							<String ID="string_439" HPOS="567" VPOS="1490" WIDTH="64" HEIGHT="21" WC="0.96" CONTENT="synes"/><SP WIDTH="16" VPOS="1490" HPOS="631"/>
							<String ID="string_440" HPOS="647" VPOS="1484" WIDTH="36" HEIGHT="22" WC="0.96" CONTENT="det"/><SP WIDTH="15" VPOS="1484" HPOS="683"/>
							<String ID="string_441" HPOS="698" VPOS="1490" WIDTH="52" HEIGHT="15" WC="0.96" CONTENT="vore"/><SP WIDTH="17" VPOS="1490" HPOS="750"/>
							<String ID="string_442" HPOS="767" VPOS="1484" WIDTH="118" HEIGHT="26" WC="0.96" CONTENT="oegentligt"/><SP WIDTH="14" VPOS="1484" HPOS="885"/>
							<String ID="string_443" HPOS="899" VPOS="1483" WIDTH="35" HEIGHT="21" WC="0.96" CONTENT="vid"/><SP WIDTH="14" VPOS="1483" HPOS="934"/>
							<String ID="string_444" HPOS="948" VPOS="1483" WIDTH="71" HEIGHT="22" WC="0.81" CONTENT="denna"/>
						</TextLine>
						<TextLine ID="line_48" HPOS="191" VPOS="1509" WIDTH="827" HEIGHT="31">
							<String ID="string_445" HPOS="191" VPOS="1509" WIDTH="138" HEIGHT="29" WC="0.96" CONTENT="bestämning"/><SP WIDTH="15" VPOS="1509" HPOS="329"/>
							<String ID="string_446" HPOS="344" VPOS="1512" WIDTH="99" HEIGHT="21" WC="0.96" CONTENT="använda"/><SP WIDTH="14" VPOS="1512" HPOS="443"/>
							<String ID="string_447" HPOS="457" VPOS="1512" WIDTH="113" HEIGHT="28" WC="0.96" CONTENT="uttrycken"/><SP WIDTH="16" VPOS="1512" HPOS="570"/>
							<String ID="string_448" HPOS="586" VPOS="1513" WIDTH="65" HEIGHT="21" WC="0.95" CONTENT="minst"/><SP WIDTH="15" VPOS="1513" HPOS="651"/>
							<String ID="string_449" HPOS="666" VPOS="1513" WIDTH="53" HEIGHT="21" WC="0.95" CONTENT="eller"/><SP WIDTH="13" VPOS="1513" HPOS="719"/>
							<String ID="string_450" HPOS="732" VPOS="1512" WIDTH="76" HEIGHT="28" WC="0.96" CONTENT="högst;"/><SP WIDTH="11" VPOS="1512" HPOS="808"/>
							<String ID="string_451" HPOS="819" VPOS="1512" WIDTH="97" HEIGHT="22" WC="0.96" CONTENT="besluter"/><SP WIDTH="9" VPOS="1512" HPOS="916"/>
							<String ID="string_452" HPOS="925" VPOS="1518" WIDTH="48" HEIGHT="16" WC="0.96" CONTENT="man"/><SP WIDTH="11" VPOS="1518" HPOS="973"/>
							<String ID="string_453" HPOS="984" VPOS="1512" WIDTH="34" HEIGHT="22" WC="0.96" CONTENT="till"/>
						</TextLine>
					</TextBlock>
				</ComposedBlock>
			</PrintSpace>
		</Page>
	</Layout>
</alto>
