1109 1678
233 97 54 19 1170
512 98 39 18 Den
570 97 25 19 10
611 98 105 18 December.

203 162 33 20 ett
259 161 93 27 anspråk
375 160 23 23 af
417 167 50 22 nyss
483 162 92 21 nämnde
591 161 151 22 beskaffenhet
755 161 72 22 kunde
843 161 86 21 komma
945 162 33 20 att
992 160 37 23 be-

204 190 74 21 dömas
294 191 35 21 vid
345 190 40 21 den
401 190 138 27 kategoriska
554 191 88 26 lydelse,
660 190 61 22 detta
736 192 95 19 moment
847 190 6 21 i
871 191 23 20 11
912 189 10 27 $
937 189 91 27 erbållit,

204 219 40 21 och
267 221 44 19 tror
331 219 37 27 jag
391 219 70 22 derför
483 219 51 22 bäst
553 225 50 16 vore
620 221 33 19 att
667 219 56 22 söka
738 219 132 21 förekomma
886 218 72 27 möjlig
974 219 56 21 olika

205 247 98 27 tolkning
325 247 23 22 af
369 247 36 22 det
429 248 121 27 åberopade
574 248 131 27 stadgandet
721 248 135 25 härutinnan,
874 246 84 22 hvarför
971 247 59 27 jag
1019 242 15 37 i

204 276 67 21 sådan
291 277 65 20 tanke
372 276 79 22 tillåter
465 277 43 26 mig
523 276 79 22 föreslå
618 283 25 15 en
660 283 69 14 annan
745 276 114 21 redaktion
875 276 23 21 af
911 275 60 22 detta
986 282 44 15 mo-

204 307 65 24 ment,
292 305 86 21 hvilken
403 305 113 22 redaktion
539 305 70 22 skulle
631 305 61 28 lyda:
715 305 56 26 ,Der
786 307 61 25 prest
862 305 32 21 till
909 305 121 26 byggnads-

204 334 66 20 kassa
289 334 28 26 på
331 333 136 22 föreskrifvet
483 336 44 19 sätt
542 334 100 26 bidragit,
660 340 50 15 vare
726 334 42 21 han
784 333 53 22 eller
852 333 54 21 hans
922 333 107 26 sterbhus,

205 362 34 21 vid
263 362 126 21 afträdande
412 362 22 21 af
455 362 109 27 bostället,
587 362 47 21 från
650 362 29 21 all
695 362 120 26 ersättning
830 362 34 22 för
879 362 89 21 husröta
984 361 45 22 fria.

205 390 122 21 Förefinnes
343 397 77 14 annars
435 391 115 26 tillräcklig
560 380 187 43 'byggnadskassa,
764 397 51 15 vare
830 391 36 26 lag
877 396 86 19 samma,
976 390 54 21 dock

206 419 93 21 härifrån
323 419 138 27 undantagna
485 420 25 21 de
526 419 43 26 fall,
587 419 87 22 hvarom
691 419 6 21 i
713 425 76 16 senare
805 421 119 19 momentet
940 407 23 33 af
976 418 10 28 S
1002 420 27 19 22

205 448 110 26 stadgas".
345 448 44 21 Det
410 454 50 15 vore
483 449 64 20 alltså
569 449 44 20 min
628 449 135 22 vördsamma
778 448 136 26 hemställan,
931 450 33 19 att
980 447 50 21 Rid-

205 477 116 26 derskapet
343 477 40 21 och
406 477 63 21 adeln
491 477 49 21 ville
563 477 86 21 besluta
672 477 32 21 till
723 477 149 21 omredaktion
888 465 26 33 af
924 477 36 20 det
975 476 55 21 före-

205 505 74 27 slagna
293 505 123 22 innehället.

274 534 55 21 Herr
345 534 179 27 Montgomery
539 534 100 21 biträdde
655 534 51 21 herr
721 540 40 16 von
777 534 89 21 Hellens
882 534 85 26 förslag.

274 563 33 20 Då
329 563 64 26 ingen
416 569 68 15 annan
499 563 49 21 ville
565 563 72 22 vidare
653 564 6 19 i
675 563 76 27 frågan
767 565 58 25 yttra
842 563 38 27 sig,
896 562 132 23 förklarades

208 591 151 22 diskussionen
382 592 6 21 i
410 591 75 27 frägan
507 591 93 22 afslutad
624 592 40 21 och
681 592 31 21 till
729 592 133 21 besvarande
877 592 111 27 upplästes
1004 597 26 15 en

205 620 134 27 proposition
355 619 22 22 af
391 620 92 27 följande
497 620 93 27 lydelse:

276 666 4 9 ,
284 649 60 25 Den,
361 655 46 15 som
423 649 123 27 godkänner
562 651 155 19 sammansatta
728 649 54 26 Lag-
791 649 40 21 och
841 649 189 21 Ekonomiutskot-

205 679 44 19 tets
265 677 298 27 sammanjemkningsförslag
578 677 133 21 beträffande
728 679 11 19 5
755 683 62 15 mom.
828 677 23 21 af
859 677 49 27 118,
918 684 73 14 svarar
996 677 34 27 ja;

274 706 74 21 vinner
363 706 41 28 nej,
421 706 91 21 erhäller
526 708 118 20 momentet
659 706 41 21 den
716 705 23 22 af
751 706 50 21 herr
816 712 41 15 von
872 706 88 22 Hellens
976 705 55 22 före-

205 734 76 27 slagna
295 734 90 28 lydelse:
409 735 57 26 Der
480 737 60 25 prest
555 735 32 21 till
603 735 176 26 byggnadskassa
793 735 28 26 pä
836 734 137 22 föreskrifvet
988 736 44 20 sätt

205 763 99 27 bidragit,
321 770 50 14 vare
387 764 41 20 han
444 764 51 21 eller
511 764 54 20 hans
582 764 101 20 sterbhus
699 764 34 21 vid
750 763 82 21 afträde
849 763 22 21 af
877 763 101 21 bostället
986 763 45 21 från

205 792 28 21 all
250 792 119 26 ersättning
384 791 33 22 för
431 792 91 21 husröta
536 792 45 21 fria.
613 791 123 22 Förefinnes
753 798 77 15 annars
842 792 115 26 tillräcklig
965 792 65 27 bygg-

205 820 126 26 nadskassa,
356 827 49 15 vare
427 821 35 26 lag
484 827 91 20 samma;
600 821 56 21 dock
676 820 93 22 härifrån
792 820 138 27 undantagna
946 820 27 22 de
988 820 43 26 fall,

205 849 88 22 hvarom
308 849 7 21 i
330 855 76 15 senare
421 851 117 19 momentet
554 849 23 21 af
590 848 11 28 $
617 851 26 19 22
660 849 109 27 stadgas".

275 878 83 21 Genom
374 878 69 21 denna
459 878 145 27 propositions
620 878 133 22 besvarande
765 878 48 21 med
823 877 156 27 öfvervägande
990 878 41 26 nej,

205 906 57 21 hade
286 906 87 22 ständet
395 906 96 27 godkänt
512 907 40 21 den
569 906 23 22 af
605 907 50 21 herr
671 913 40 15 von
726 906 89 22 Hellens
830 906 122 27 föreslagna
965 906 65 27 lydel-

205 941 39 15 sen
259 934 34 22 för
308 937 11 19 5
336 941 62 15 mom.
416 935 23 21 af
454 937 23 19 11
493 935 11 27 &

276 964 37 21 Uti
337 964 136 21 äterstäende
497 964 59 21 delar
578 964 45 21 blef
645 963 321 27 sammanjemkningsförslaget
980 965 53 19 utan

207 992 124 21 diskussion
347 992 116 27 godkändt.

275 1049 60 22 Härä
350 1049 111 27 föredrogs
476 1049 252 28 värnepligtsutskottets
745 1049 137 21 betänkande
897 1049 6 20 i
919 1049 114 26 anledning

207 1077 22 22 af
243 1078 80 27 nädiga
338 1078 161 27 propositionen
516 1084 33 15 om
566 1078 110 21 införande
693 1077 22 22 af
724 1078 78 21 allmän
810 1077 222 27 värnepligt
938 1073 9 36 i
956 1077 76 27 landet.

275 1107 67 20 Innan
365 1107 224 26 detaljeranskningen
613 1106 23 21 af
656 1106 154 26 författningen
826 1106 79 27 vidtog,
922 1105 110 22 öfverlem-

207 1135 56 21 nade
279 1135 50 22 herr
343 1135 207 21 Landtmarskalken
567 1135 60 21 detta
643 1135 142 26 betänkande,
803 1135 6 20 i
818 1135 95 26 enlighet
921 1135 47 21 med
978 1134 56 21 hvad

207 1163 58 22 förut
287 1164 56 21 varit
365 1163 60 27 öfligt
445 1164 56 21 inom
517 1164 160 27 Ridderskapet
693 1163 39 22 och
748 1163 75 26 Adeln,
840 1163 32 21 till
888 1163 124 21 diskussion
1026 1163 7 20 i

207 1192 123 26 allmänhet,
346 1192 133 21 beträffande
495 1192 37 21 det
547 1192 164 27 ifrägavarande
726 1191 150 28 lagförslagets
892 1192 112 27 principer.

278 1221 98 21 Friherre
390 1227 41 15 von
446 1221 73 26 Born,
530 1221 30 26 V.,
577 1221 67 21 utbad
660 1221 33 26 sig
709 1221 32 20 till
756 1219 55 22 först
819 1221 62 20 ordet
890 1220 39 21 och
937 1219 96 28 yttrade:

277 1249 42 26 Jag
341 1249 103 27 beklagar
459 1250 66 26 djupt,
542 1251 33 20 att
591 1249 117 22 ständerna
723 1249 69 21 under
807 1249 81 21 sädana
903 1248 131 27 omständig-

208 1277 69 27 heter,
301 1284 46 15 som
369 1278 26 21 de
418 1279 139 25 närvarande,
577 1279 38 20 äro
631 1280 95 25 tvungna
741 1279 32 19 att
789 1279 51 25 taga
855 1277 68 21 under
937 1277 98 26 pröfning

208 1308 33 19 ett
263 1305 80 28 förslag
366 1307 32 20 till
417 1306 111 22 införande
544 1306 23 21 af
580 1307 78 20 allmän
673 1306 121 27 värnepligt
809 1306 7 21 i
831 1305 80 22 landet.
942 1305 41 27 Jag
997 1306 37 21 be-

207 1335 78 26 klagar
301 1335 37 21 det
353 1335 76 26 derför,
446 1337 33 19 att
494 1335 20 21 vi
530 1335 56 21 lefva
601 1335 69 21 under
685 1335 62 25 tider,
765 1335 28 20 dä
808 1336 60 20 snart
884 1334 63 26 sagdt
962 1334 72 26 hvarje

209 1363 42 26 dag
275 1363 87 27 bringar
385 1369 36 15 oss
445 1363 97 27 budskap
559 1369 33 15 om
608 1369 41 21 nya
665 1369 80 21 segrar,
761 1369 28 21 ny
805 1364 43 24 ära,
864 1368 71 16 vunna
950 1362 27 27 pä
992 1362 42 20 kri-

209 1393 48 25 gets
274 1392 86 26 blodiga
375 1391 46 27 fält,
438 1392 72 21 hvilka
524 1392 73 21 kunna
612 1391 84 22 förvilla
711 1391 102 27 mängens
830 1391 98 21 omdöme
944 1391 7 20 i
967 1391 69 21 denna

208 1419 67 27 fräga,
298 1420 81 21 berusa
400 1420 87 27 mänget
502 1420 67 26 sinne,
585 1432 28 4 —
629 1420 62 26 tider,
710 1420 69 21 under
794 1420 77 25 hvilka,
888 1420 24 20 sä
928 1420 32 20 att
976 1421 58 25 säga,

209 1454 27 15 en
259 1448 79 22 allmän
353 1448 128 27 förvildning
495 1449 7 21 i
519 1449 89 21 sinnena
623 1448 82 22 inträdt
720 1448 59 21 öfver
794 1448 50 22 hela
858 1447 176 27 menskligheten.

208 1477 52 21 Man
282 1477 74 27 vänjer
379 1477 33 27 sig
434 1477 106 27 nemligen
563 1479 32 19 att
617 1477 49 21 med
689 1476 136 28 likgiltighet,
842 1476 130 22 ätminstone
986 1476 50 22 med

208 1505 89 22 känslor
312 1506 122 26 gränsande
450 1506 31 21 till
496 1506 139 26 likgiltighet,
652 1506 38 21 äse
699 1505 120 27 skädespel,
829 1504 149 28 gräsligheter,
990 1511 46 15 som
