1109 1678
395 110 39 19 Den
451 109 12 20 4
479 110 107 19 December.
824 111 52 20 1011

78 174 46 21 sida
142 173 68 22 finnes
235 180 25 15 en
282 173 129 27 motivering
426 174 23 21 af
463 174 172 21 Statsutskottet
654 174 33 21 för
705 174 109 27 förslaget,
831 177 33 19 att
880 175 27 21 de

76 202 102 22 förflutna
193 203 62 20 årens
271 203 57 20 vinst
343 201 41 22 och
399 203 48 20 icke
463 203 27 20 de
506 203 130 21 kommande
653 203 62 23 årens
735 203 68 22 måtte
821 205 62 26 tagas
900 204 7 20 i

78 231 141 26 användning.
252 231 39 21 Om
306 237 50 15 man
371 237 29 14 nu
416 231 110 21 eventuelt
542 231 97 21 besluter
659 231 112 27 angåande
786 238 83 15 momm.
888 235 18 23 1,

78 261 12 20 2
107 260 39 21 och
164 262 11 19 3
192 260 6 21 i
214 259 102 22 afseende
333 259 12 21 å
361 260 26 21 de
403 259 70 22 skilda
489 260 109 26 anslagen,
615 261 24 20 så
650 260 42 21 kan
706 260 67 27 fjerde
783 263 124 24 momentet,

78 295 64 20 synes
158 289 49 26 mig,
224 288 51 27 följa
291 289 54 25 med,
363 288 89 21 emedan
463 289 36 20 det
508 289 54 20 blott
572 289 68 26 gäller
651 295 26 15 en
688 289 218 27 utjemningssumma,

78 324 47 14 som
141 318 37 21 det
193 317 41 21 blir
250 317 75 26 nödigt
341 318 32 20 att
389 318 66 25 draga
470 317 29 27 på
514 317 103 21 Finlands
630 318 67 26 bank;
713 325 49 14 men
778 319 70 26 någon
864 321 43 18 sär-

79 346 56 21 skild
150 346 45 27 vigt
209 346 70 26 ligger
294 346 47 20 icke
358 345 67 27 derpå
440 347 33 19 att
491 346 61 21 detta
572 348 95 19 moment
685 352 29 15 nu
735 346 89 27 afgöras.
855 347 53 21 Huf-

78 375 112 21 vudsaken
206 376 23 20 är
246 376 31 19 att
293 374 242 27 Bevillningsutskottet
550 375 42 21 blir
607 374 116 22 föranlåtet
738 377 33 19 att
785 376 85 21 komma
884 376 22 20 in

78 404 48 20 med
142 404 81 25 förslag
238 403 32 20 till
286 409 27 21 ny
329 403 213 26 bevillningsstadga,
551 404 93 20 likasom
655 409 81 15 samma
746 404 85 21 utskott
841 405 66 21 redan

79 432 60 27 gifvit
153 432 80 26 förslag
249 431 32 22 till
300 432 338 26 stämpelpappersbevillningen.

147 460 100 21 Friherre
270 466 40 15 von
326 460 81 26 Troil,
431 460 21 21 S.
469 461 43 20 W.:
543 461 42 26 Jag
601 463 24 18 är
640 461 6 20 i
662 461 42 20 allo
725 467 51 15 ense
793 461 50 22 med
858 461 50 22 herr

79 489 151 28 Björkenheim
247 489 39 21 och
302 495 64 15 anser
381 491 32 19 att
428 489 71 26 någon
514 489 101 27 votering
630 489 91 21 rörande
737 489 26 22 de
778 491 27 26 på
820 497 48 20 pag.
880 492 27 19 34

79 517 175 22 förekommande
269 519 102 26 posterna
386 518 47 21 icke
449 518 42 21 kan
507 518 87 21 komma
609 518 7 21 i
631 517 66 28 fråga,
714 519 24 20 så
752 519 62 26 länge
829 519 80 26 nådiga

79 547 163 27 propositionen
265 546 110 27 angående
398 547 148 26 värnepligten
570 547 40 21 och
633 547 146 21 kostnaderna
801 547 33 22 för
857 548 50 21 den-

80 582 92 15 sammas
188 575 111 22 införande
314 575 48 22 icke
378 577 24 19 är
417 575 179 22 slutdiskuterad.
628 575 43 22 Det
689 576 42 20 kan
743 576 24 27 ju
782 576 77 27 hända,
877 578 33 19 att

81 605 41 20 den
138 604 22 21 af
174 604 109 21 utskottet
298 604 138 27 kalkylerade
453 610 98 15 summan
567 604 22 21 af
604 606 11 19 6
632 604 96 27 miljoner
743 605 75 22 blifver
825 605 84 27 förhöjd

81 633 31 21 till
129 635 25 19 15
171 633 104 26 miljoner,
300 633 40 21 och
364 633 27 21 då
413 633 70 21 blefve
504 633 36 21 det
555 633 33 21 för
603 633 86 27 mycket
705 635 32 19 att
751 635 74 20 anvisa
840 634 70 21 denna

80 668 82 15 summa
177 662 29 27 på
221 661 100 21 Finlands
338 661 62 21 bank.

149 690 57 22 Herr
225 690 186 27 Montgomery:
441 690 43 26 Jag
500 690 70 21 skulle
586 690 33 21 för
639 690 42 20 min
701 690 33 21 del
754 691 91 21 likasom
860 691 50 21 herr

80 719 106 21 Mechelin
203 725 52 15 anse
274 718 37 22 det
330 725 51 15 vara
401 718 22 22 af
440 718 51 27 vigt,
513 718 27 22 då
559 718 20 22 vi
593 718 64 21 hafva
672 719 24 21 så
711 719 49 21 kort
775 720 30 20 tid
821 726 53 20 qvar
889 719 22 21 af

81 748 137 26 landtdagen,
243 749 32 20 att
297 747 243 27 Bevillningsutskottet
562 747 71 21 skulle
656 747 21 21 få
700 748 35 20 del
753 748 22 21 af
789 748 25 21 de
830 748 78 26 beslut,

81 777 73 21 hvilka
169 776 96 22 affattats
281 776 7 21 i
305 776 26 21 de
347 776 69 26 saker,
433 782 46 15 som
495 776 29 26 på
533 776 242 26 Bevillningsutskottet
784 777 58 21 bero.
868 777 42 25 Jag

82 812 63 15 anser
160 805 33 21 för
208 806 43 20 min
267 805 34 21 del
317 806 33 20 att
365 805 37 21 det
417 811 50 15 vore
483 805 23 20 af
520 804 108 28 synnerlig
646 805 45 26 vigt
710 807 33 19 att
761 806 121 26 punkterna
898 807 12 19 2

82 834 40 22 och
138 836 12 19 3
166 834 71 22 blefve
258 833 101 27 afgjorda,
385 834 52 20 eller
459 833 130 21 åtminstone
612 834 96 26 punkten
725 836 17 18 3.
758 846 27 2 —
801 834 60 21 Huru
884 836 28 18 än

81 863 97 21 beslutet
192 862 87 22 utfaller
293 863 8 20 i
317 862 101 22 afseende
441 862 13 21 å
477 862 76 26 anslag
572 862 33 21 för
627 862 171 26 organisationen
821 862 23 22 af
861 863 50 20 här-

81 892 105 22 väsendet
208 892 7 20 i
238 891 80 27 landet,
343 892 24 20 så
390 891 62 21 torde
479 890 131 22 åtminstone
635 891 276 27 stämpelpappersafgiften

80 920 110 22 behöfvas.

150 950 97 21 Friherre
263 955 41 15 von
327 948 80 26 Troil,
435 948 20 21 S.
479 948 44 20 W.:
554 948 43 21 Det
620 948 62 21 torde
705 948 47 21 icke
774 955 51 15 vara
844 949 67 25 något

81 978 73 22 tvifvel
177 977 164 26 underkastadt,
365 978 32 20 att
420 977 18 27 ej
463 976 277 27 stämpelpappersafgiften
763 979 24 19 är
809 976 99 28 behöflig,

81 1013 49 15 men
152 1007 28 20 då
202 1007 37 20 det
254 1006 7 21 i
276 1006 41 26 dag
333 1006 90 27 specielt
438 1006 57 20 visar
512 1006 32 25 sig
561 1007 32 19 att
615 1011 49 15 man
679 1005 48 21 icke
742 1006 41 20 kan
799 1006 111 26 kalkylera

81 1036 68 26 några
164 1035 188 27 anslagssummor,
365 1036 52 19 enär
427 1033 162 27 Ridderskapet
600 1033 40 21 och
651 1033 69 22 Adeln
730 1036 84 19 voterat
824 1034 85 27 belopp,

82 1065 32 20 till
129 1064 73 21 hvilka
224 1063 95 22 hvarken
342 1069 27 15 en
390 1063 65 25 nådig
473 1062 134 27 proposition
625 1062 51 21 eller
691 1064 32 19 ett
738 1063 172 20 utskottsbetän-

82 1093 70 21 kande
169 1093 51 21 eller
235 1091 168 27 finanskalkylen
420 1090 61 28 gifvit
496 1091 122 26 anledning,
635 1093 24 18 är
675 1091 37 20 det
724 1091 24 26 ju
763 1091 46 21 icke
827 1091 83 26 möjligt

82 1123 34 20 att
131 1121 111 22 diskutera
258 1127 25 15 en
299 1120 67 21 sådan
382 1119 136 27 proposition
533 1125 46 15 som
599 1119 41 21 den
661 1125 34 14 om
715 1119 195 27 stämpelpappers-

82 1151 93 25 skatten,
193 1150 27 21 då
236 1149 105 26 antagligt
357 1151 24 18 är
397 1150 32 19 att
445 1149 37 20 det
497 1148 33 21 uti
545 1147 141 22 förevarande
701 1147 37 22 fall
753 1148 41 21 kan
806 1147 104 22 behöfvas

82 1179 77 26 många
175 1179 80 26 gånger
271 1179 91 24 300,000
378 1177 71 21 marks
467 1177 101 24 tillskott,
584 1176 33 21 för
632 1177 33 20 att
679 1176 22 21 få
721 1177 26 21 de
763 1177 87 26 slutliga
864 1177 47 20 kal-

82 1208 89 27 kylerna
185 1209 33 19 att
233 1207 28 27 gå
274 1206 57 27 ihop.

151 1236 56 21 Herr
221 1234 143 23 Mechelin:
395 1234 30 21 På
441 1233 37 21 det
492 1233 49 21 icke
557 1233 149 26 skiljaktighet
721 1233 34 21 mä
765 1233 67 22 finnas
844 1234 66 21 emel-

82 1265 35 21 lan
132 1265 50 20 herr
200 1265 160 25 Montgomerys
384 1263 40 20 och
447 1262 48 21 mitt
518 1261 87 27 förslag,
630 1261 126 22 inskränker
768 1262 37 27 jag
820 1263 44 26 mig
879 1262 33 21 till

82 1293 106 27 yrkandet
203 1294 33 20 att
250 1292 73 21 beslut
338 1291 35 21 mä
389 1291 66 21 fattas
471 1290 113 26 angäende
599 1295 84 16 momm.
701 1292 12 19 2
730 1291 38 21 och
785 1293 18 18 3.

151 1321 51 22 Med
218 1321 115 25 anledning
349 1319 22 22 af
386 1320 27 21 de
429 1319 56 21 olika
501 1319 88 26 äsigter,
605 1324 47 15 som
670 1319 68 21 under
757 1319 154 22 deskussionen

83 1351 78 26 yttrats
185 1349 111 27 angående
319 1350 69 19 sättet
409 1348 33 21 för
463 1346 162 22 betänkandets
648 1347 74 21 vidare
744 1348 167 26 handläggning,

83 1378 112 28 upplästes
211 1378 32 20 till
259 1377 134 21 besvarande
409 1382 25 15 en
449 1375 136 27 proposition
601 1374 22 21 af
637 1374 94 28 följande
745 1376 101 21 innehäll:

154 1424 9 9 »
166 1407 42 21 Vill
223 1406 161 26 Ridderskapet
399 1404 40 22 och
454 1404 70 21 Adeln
540 1410 29 14 nu
586 1403 55 21 fatta
664 1404 108 21 eventuelt
791 1404 72 22 beslut
878 1406 36 20 rö-

83 1435 67 22 rande
172 1435 121 27 punkterne
315 1436 12 18 2
354 1434 40 20 och
418 1435 11 19 3
449 1432 23 22 af
493 1432 182 21 Statsutskottets
691 1432 78 27 förslag
785 1433 12 21 å
811 1439 49 21 pag.
878 1434 33 24 34,

83 1464 82 21 hvilket
179 1464 73 21 beslut
267 1468 63 16 anses
347 1461 106 22 definitivt
468 1461 78 21 endast
562 1466 33 15 om
612 1460 102 27 anslagen
729 1461 7 21 i
752 1462 26 20 de
788 1462 94 26 punkter
892 1460 23 22 af

84 1493 119 21 utskottets
227 1490 180 27 nästföregäende
430 1490 82 26 förslag
533 1489 13 21 ä
560 1488 53 22 sidd.
638 1490 27 20 30
688 1490 40 20 och
744 1492 32 24 31,
793 1496 46 15 som
855 1492 58 18 ännu

84 1521 48 21 icke
147 1520 68 22 blifvit
230 1519 108 28 pröfvade,
355 1519 66 21 varda
437 1518 22 22 af
472 1518 89 21 ståndet
576 1516 123 28 godkända;

831 1561 11 16 5
