1109 1678
399 112 39 19 Den
455 111 11 19 6
482 111 106 20 December.
833 110 53 21 1105

157 174 56 23 Herr
235 181 42 16 von
299 174 120 23 Hellens:
450 175 35 22 Då
505 175 38 28 jag
562 181 78 21 genom
659 174 56 23 hvad
728 175 37 27 jag
781 176 75 21 senast
870 174 46 22 haft

90 206 51 19 äran
164 204 75 22 anföra
261 203 62 22 torde
343 203 61 27 gifvit
419 204 115 27 anledning
549 204 33 21 till
595 211 27 14 en
637 203 197 28 missuppfattning,
849 203 67 22 beder

86 233 38 27 jag
147 235 33 19 att
201 233 23 22 fä
246 232 112 22 framhälla
381 234 32 20 att
435 233 44 21 min
502 233 66 26 afsigt
585 239 39 15 var
642 234 33 20 att
690 232 69 22 uttala
773 233 142 26 anledningen

88 261 87 22 hvarför
191 262 37 27 jag
246 261 48 22 icke
309 261 92 28 päyrkat
416 264 33 19 att
464 262 65 21 dessa
544 261 124 28 föreslagna
683 261 233 27 grundlagsändringar

89 290 70 22 skulle
174 291 50 26 ingä
239 290 7 21 i
261 289 104 28 förslaget
380 290 32 21 till
428 290 150 27 dissenterlag.
609 290 100 22 Orsaken
723 297 38 15 var
776 291 47 25 den,
840 291 33 20 att
888 289 28 22 dä

90 319 171 27 dissenterlagen
276 319 7 20 i
299 319 77 21 sädant
390 319 37 21 fall
442 319 70 21 skulle
527 319 33 21 för
575 319 39 21 sitt
629 319 121 27 antagande
766 318 97 22 erfordra
873 318 43 22 alla

88 347 47 28 fyra
153 347 76 22 ständs
245 347 162 27 samstämmiga
421 348 78 25 beslut,
517 348 70 26 nägon
602 348 68 26 utsigt
685 348 33 20 till
734 346 180 28 dissenterlagens

90 376 121 27 antagande
227 376 35 22 vid
278 376 69 21 denna
361 376 104 27 landtdag
480 376 48 22 icke
544 376 129 26 förefunnes,
691 376 40 22 och
742 378 32 19 att
781 376 38 28 jag
829 376 33 22 för
872 376 43 22 min

90 405 34 21 del
139 404 68 22 hellre
222 411 41 20 ser,
280 406 33 19 att
328 405 170 26 dissenterlagen
514 405 62 22 äfven
591 404 146 27 ofullständig,
754 405 67 21 sädan
837 405 40 21 den
886 411 28 15 nu

92 436 28 24 är,
144 433 77 22 blifver
244 435 99 25 antagen,
367 436 28 19 än
417 435 34 20 att
473 433 49 22 hela
538 433 66 22 saken
620 433 101 22 förfaller.
752 433 40 22 Om
808 433 66 22 också
889 433 27 22 de

90 462 123 27 föreslagna
228 462 266 27 grundlagsändringarne,
504 463 73 21 säsom
592 462 105 27 ingäende
714 462 5 21 i
731 462 94 21 särskild
831 462 83 22 förord-

90 491 51 26 ning
155 491 87 21 komma
257 493 33 19 att
304 491 89 26 förfalla,
410 491 25 21 sä
451 491 67 26 torde,
535 491 67 27 enligt
617 491 42 21 min
675 491 72 26 tanke,
763 491 48 22 icke
827 491 87 22 dermed

90 526 51 16 vara
155 520 74 22 vidare
244 519 110 27 förloradt,
371 522 27 19 än
415 527 25 14 en
456 520 32 21 tid
504 519 22 22 af
539 520 67 27 några
621 520 29 21 är.
676 520 42 26 Jag
725 520 83 27 hoppas
817 519 32 22 för
856 520 58 22 visso

90 551 33 19 att
144 549 58 21 inom
219 549 48 21 icke
287 549 39 20 allt
341 548 32 22 för
388 549 51 27 läng
453 549 31 21 tid
500 549 20 21 vi
536 549 62 21 skola
612 548 67 22 hinna
694 548 80 22 derhän
791 550 32 20 att
838 549 76 21 intole-

90 583 78 16 ransen
183 577 83 27 fäfängt
281 577 55 21 skall
351 577 55 22 söka
421 577 110 28 förgväfva
546 577 187 22 samvetsfriheten
749 577 39 22 hos
805 584 42 15 oss.

158 605 57 22 Herr
237 606 141 21 Mechelin:
409 606 42 27 Jag
473 607 64 21 utber
559 607 44 26 mig
618 606 57 21 blott
689 605 21 22 fä
725 607 52 26 göra
792 608 32 20 ett
839 606 76 27 tillägg

90 635 32 21 till
145 635 49 21 mitt
216 636 87 20 senaste
321 635 106 27 yttrande,
444 635 106 27 nemligen
566 637 33 20 att
611 635 38 28 jag
664 637 99 25 nogsamt
777 635 138 27 respekterar

91 664 37 21 det
141 663 200 27 uppfattningssätt,
358 670 47 15 som
419 663 109 22 föranledt
542 664 155 26 Lagutskottet
707 663 33 21 till
751 663 163 27 ifrågavarande

90 692 81 27 förslag
186 692 7 21 i
208 692 13 26 $
235 694 20 24 2,
272 692 68 22 ehuru
352 692 39 28 jag
405 692 47 22 från
467 692 43 21 min
526 692 48 22 sida
589 692 46 22 icke
651 692 43 21 kan
710 692 22 22 af
741 698 26 16 en
777 692 138 27 supponerad

90 721 120 27 majoritets
232 721 101 27 möjligen
356 720 113 23 afvikande
491 721 57 27 åsigt
562 721 122 21 föranledas
701 722 32 20 att
748 721 7 21 i
770 721 39 21 sak
823 720 34 23 för
871 720 43 22 min

92 750 35 22 del
142 750 133 22 annorlunda
290 750 90 26 besluta,
397 752 28 19 än
437 750 37 27 jag
489 750 51 27 sjelf
553 756 64 16 anser
631 756 52 16 vara
697 751 50 20 rätt.

158 778 41 22 Till
220 778 132 22 besvarande
375 778 135 28 uppställdes
526 785 29 15 nu
570 778 50 22 med
635 778 115 28 anledning
765 778 24 22 af
801 778 42 22 den
857 777 56 23 före-

89 807 65 22 fallna
170 807 150 22 diskussionen
335 807 93 27 följande
444 809 78 20 tvenne
537 807 169 27 propositioner:

160 836 42 27 1:0)
235 836 81 26 Gillar
334 836 159 28 Ridderskapet
513 836 41 22 och
573 836 69 21 Adeln
659 838 9 19 1
686 842 62 15 mom.
765 835 23 22 af
799 837 13 20 2
827 835 11 28 8
854 835 7 21 i
876 835 38 21 det

90 864 22 22 af
125 864 108 22 utskottet
244 864 134 22 framställda
385 865 81 27 förslag
473 865 32 21 till
513 864 125 28 förordning
649 871 34 15 om
693 866 44 20 rätt
745 864 32 22 för
787 864 55 22 finsk
854 864 58 22 med-

88 893 91 27 borgare
202 893 23 22 af
244 893 132 22 främmande
398 894 82 21 kristen
498 894 93 21 troslära
607 895 32 20 att
652 894 91 21 bekläda
758 893 98 22 embeten
872 892 40 22 och

89 922 92 27 tjenster
202 922 7 21 i
231 922 74 22 landet
326 929 27 15 m.
376 929 27 15 m.
425 922 139 22 oförändradt
583 922 53 22 eller
655 922 50 22 med
719 922 76 28 utbyte
810 921 22 22 af
846 921 66 22 orden

90 950 143 27 yträmmande
249 951 82 21 kristen
347 951 104 22 troslära*
469 953 58 20 emot
545 958 81 20 ,annan
643 953 27 19 än
681 950 232 28 evangelisk-luthersk

88 980 111 21 troslära*.

156 1008 75 21 vinner
245 1008 42 27 nej,
302 1008 131 22 bestämmes
449 1010 33 19 att
497 1009 49 21 icke
559 1008 112 22 lutherska
685 1008 179 21 trosbekännares
874 1007 38 22 be-

87 1036 102 27 fogenhet
207 1037 33 21 uti
256 1037 163 27 ifrägavarande
435 1036 102 23 afseende
552 1037 48 22 icke
616 1037 54 22 skall
685 1037 127 22 inskränkas
828 1036 84 22 utöfver

87 1065 57 22 hvad
162 1067 9 19 1
189 1065 40 22 och
245 1067 11 20 3
273 1072 84 15 momm.
373 1065 24 22 af
412 1068 25 19 16
453 1065 11 28 $
480 1066 6 21 i
501 1066 79 27 nädiga
594 1065 162 28 propositionen
771 1065 140 25 innehäller*;

155 1094 76 21 Denna
249 1095 134 26 proposition
402 1095 130 22 besvarades
552 1095 35 22 vid
607 1094 93 22 anställd
715 1094 133 27 omröstning
862 1093 50 22 med

88 1124 26 20 18
126 1123 23 27 ja
164 1123 39 21 och
220 1124 26 20 16
262 1123 41 28 nej.

154 1151 44 27 2:0)
231 1151 66 27 Den,
321 1158 46 15 som
389 1152 62 27 gillar
474 1153 9 20 1
505 1158 64 16 mom.
586 1152 22 21 af
621 1153 13 20 2
650 1151 11 28 $
675 1152 8 21 i
697 1152 120 21 utskottets
832 1150 78 28 ifräga-

86 1180 94 21 varande
194 1179 217 29 författningsförslag
426 1180 146 27 oförändradt,
589 1187 74 16 svarar
675 1181 33 27 ja;

153 1209 74 22 vinner
242 1209 41 28 nej,
300 1209 86 28 utbytes
403 1210 66 21 orden
486 1209 145 26 ,främmande
645 1209 84 22 kristen
737 1209 105 22 troslära*
852 1209 59 21 emot

88 1243 83 20 vännän
186 1240 27 19 än
228 1238 247 27 evangelisk-lutherska
490 1239 129 26 trosläran*;

154 1266 47 21 Och
216 1272 46 16 som
273 1266 70 22 denna
353 1267 134 27 proposition
498 1267 131 22 besvarades
639 1267 50 22 med
700 1266 156 27 öfvervägande
867 1265 41 28 nej,

85 1294 55 22 hade
156 1295 86 22 ståndet
257 1301 78 21 genom
349 1295 58 22 båda
422 1296 64 21 dessa
501 1296 124 27 voteringar
641 1295 96 28 godkänt
753 1297 10 19 1
780 1301 63 16 mom.
860 1294 23 22 af
896 1296 13 20 2

84 1322 11 28 8
110 1323 49 21 med
174 1323 75 27 utbyte
266 1323 22 22 af
302 1324 66 21 orden
385 1324 144 26 ,främmande
544 1325 83 21 kristen
639 1324 104 22 troslära*
757 1325 58 21 emot
826 1329 83 21 ,annan

84 1353 28 20 än
127 1352 245 26 evangelisk-lutherska
387 1352 127 22 trosläran*.

151 1374 144 28 Äterstäende
311 1383 94 19 moment
421 1380 22 22 af
455 1380 12 28 $
483 1383 11 19 3
511 1381 126 27 godkändes
651 1382 53 20 utan
719 1380 147 27 anmärkning.

150 1409 11 21 I
176 1409 115 27 anledning
306 1409 23 21 af
342 1410 42 21 den
399 1409 68 27 derpä
481 1409 130 28 föredragna
626 1411 13 20 4
655 1409 11 28 $
681 1410 85 27 yttrade

150 1437 57 22 Herr
228 1438 189 28 Montgomery:
447 1438 44 22 Det
512 1444 64 22 synes
599 1438 44 27 mig
663 1444 51 16 vara
732 1437 124 28 lämpligast
876 1438 33 20 att

83 1465 69 22 denna
174 1466 101 27 paragraf
295 1466 91 22 likasom
405 1467 67 21 också
488 1467 42 21 den
545 1466 94 28 följande
654 1467 82 21 lemnas
751 1466 109 22 beroende
876 1464 32 22 till

83 1493 49 22 dess
148 1495 87 21 ständet
249 1494 66 22 fattat
330 1494 73 22 beslut
417 1496 91 21 rörande
525 1496 36 21 det
576 1495 95 27 följande
682 1495 104 27 förslaget
797 1494 111 28 angäende

82 1521 123 29 förordning
223 1529 35 16 om
273 1523 48 23 icke
336 1523 83 23 kristne
434 1524 178 22 trosbekännare.
643 1524 43 22 Det
701 1526 24 20 är
741 1523 77 23 endast
832 1523 8 21 i
855 1522 53 22 hän-
