1109 1678
411 107 39 17 Den
467 105 11 18 7
496 106 106 19 December,
831 105 53 20 1125

86 169 114 26 tänkande,
217 169 110 27 angående
343 169 99 26 samtliga
458 169 34 22 vid
509 169 145 22 innevarande
669 170 103 27 landtdag
787 169 129 28 ifrågasatta

86 198 75 27 anslag
185 187 40 33 och
245 185 70 34 sättet
336 197 33 21 för
392 198 140 21 anskaffande
555 198 23 21 af
599 199 70 21 medel
685 199 31 20 till
733 198 115 26 desamma,
864 198 50 21 fann

86 227 88 22 ståndet
197 227 32 27 sig
245 233 89 15 numera
349 226 149 22 oförhindradt
514 228 32 20 att
562 227 32 21 till
610 227 89 27 förnyad
714 227 132 27 behandling
861 234 53 21 upp-

87 258 50 25 taga
152 257 155 20 sammansatta
323 255 70 21 Stats-
409 256 40 21 och
465 250 226 27 Ekonomiutskottets
700 256 136 21 betänkande
844 257 40 20 N:o
896 258 19 24 3,

88 285 6 21 i
119 285 115 26 anledning
257 284 22 21 af
299 284 60 21 Hans
375 284 122 27 Kejserliga
512 285 113 26 Majestäts
641 285 79 26 nådiga
735 285 133 26 proposition
884 285 31 21 till

87 313 102 22 Finlands
212 313 88 22 ständer
323 313 111 26 angående
457 313 117 27 bevillning
597 314 32 21 till
645 313 205 27 fängelseväsendets
866 314 48 21 ord-

87 342 75 26 nande,
177 342 82 21 hvilket
274 341 133 22 sistberörda
421 342 138 21 betänkande
574 342 36 21 vid
626 342 50 21 dess
692 342 129 27 behandling
837 342 40 22 den
890 344 25 20 13

88 370 99 22 sistlidne
209 370 127 26 November,
360 371 28 26 på
411 372 45 20 sätt
477 371 133 26 protokollet
631 370 34 22 för
680 371 67 27 sagde
763 370 42 28 dag
819 373 97 19 närmare

88 400 36 21 vid
133 400 84 21 handen
229 399 72 27 gifver,
318 405 77 20 genom
411 400 99 20 ståndets
526 400 29 20 då
569 399 84 22 fattade
668 399 72 22 beslut
755 400 108 21 lemnades
879 400 37 21 be-

90 428 86 27 roende,
199 428 56 21 intill
277 427 51 22 dess
351 427 139 22 förenämnda
514 428 137 21 betänkande
675 428 48 21 från
748 428 170 22 Statsutskottet

89 458 74 26 bragts
180 457 32 21 till
227 456 99 22 ståndets
342 457 131 26 kännedom;
490 457 40 21 och
546 457 105 21 stannade
667 457 93 26 ståndet,
769 457 36 22 vid
812 463 28 15 nu
849 457 69 21 skedd

90 485 151 28 föredragning
265 485 21 21 af
307 485 71 22 Stats-
402 485 39 22 och
460 485 227 22 Ekonomiutskottets
703 485 162 28 ifrågavarande
880 486 37 21 be-

90 515 115 26 tänkande,
222 514 55 21 efter
291 513 92 22 slutförd
400 514 123 22 diskussion
540 515 40 21 och
595 514 112 22 förefallna
715 515 127 27 voteringar,
858 515 8 21 i
880 521 37 16 ne-

92 544 40 21 dan
148 543 93 28 följande
256 543 81 22 beslut:

160 572 29 21 Af
202 572 118 21 utskottets
336 572 13 21 å
363 578 49 21 pag.
429 574 12 19 5
457 572 7 21 i
479 572 149 21 betänkandet
635 571 134 23 framställda
778 572 140 23 resolutions-

92 601 82 26 förslag
189 600 126 28 godkändes
330 607 63 15 mom.
411 600 21 27 a)
449 600 147 27 oförändradt,
612 601 112 22 hvaremot
738 607 63 16 mom.
817 602 23 27 b)
849 601 70 22 skulle

93 630 90 21 sålunda
202 630 85 26 ändras,
304 631 32 20 att
352 630 49 21 dess
418 636 75 15 senare
510 630 35 21 del
561 630 69 21 blefve
647 630 108 21 utesluten
770 631 40 21 och
825 637 94 15 momen-

93 661 33 19 tet
148 659 123 26 derigenom
294 659 84 21 komme
401 660 33 19 att
455 659 59 26 lyda:
540 660 45 24 ,att
607 659 78 21 kosten
700 659 7 21 i
722 658 134 28 fängelserna
871 659 48 21 icke

94 688 67 21 måtte
177 687 74 21 ställas
268 687 71 21 bättre
355 688 27 20 än
398 686 101 22 behofvet
516 687 173 27 oundgängligen
703 687 105 22 kräfver*.

161 715 138 22 Beträffande
315 716 42 21 alla
372 715 93 27 följande
481 716 6 20 i
496 716 148 22 betänkandet
654 718 109 25 upptagna
771 716 149 26 resolutioner,

94 745 50 21 fann
166 745 93 26 ståndet,
277 750 45 16 som
336 744 49 22 icke
400 744 72 22 kunde
487 745 116 26 godkänna
618 745 119 21 utskottets
752 745 81 27 förslag
849 745 71 21 derut-

94 774 70 26 innan,
188 775 33 19 att
243 774 36 21 det
301 772 24 22 af
338 773 116 21 ständerna
469 774 36 20 vid
521 775 88 20 senaste
623 774 104 26 landtdag
742 773 32 22 för
787 774 135 26 fängelsevä-

96 803 76 21 sendet
194 802 107 28 beviljade
323 802 78 27 belopp
424 802 22 21 af
461 804 9 19 1
487 802 75 28 miljon
577 802 62 22 mark
654 802 69 22 skulle
738 802 47 22 från
800 809 28 15 nu
844 802 77 27 ifråga-

95 833 58 20 satta
175 831 204 27 bevillningsanslag
401 830 108 28 afdragas,
532 832 53 26 godt
608 833 33 19 att
660 831 158 22 återremittera
833 832 90 21 ärendet

96 860 32 22 till
150 860 110 21 utskottet
281 860 49 21 med
350 860 91 26 erinran,
459 862 32 19 att
508 860 40 21 den
564 860 36 21 vid
617 862 55 19 1872
688 860 35 22 års
738 860 104 27 landtdag
856 860 67 22 bevil-

94 889 50 28 jade
168 888 40 22 och
230 888 23 22 af
273 889 135 27 Regeringen
427 888 109 22 allaredan
553 888 142 28 disponerade
711 895 95 15 summan
823 891 10 19 1
850 889 74 27 miljon

98 918 61 22 mark
181 924 90 15 numera
293 917 47 22 icke
363 918 40 21 bör
421 919 62 25 tagas
500 918 8 20 i
522 918 119 26 beräkning
656 918 35 22 vid
706 917 61 28 fråga
782 924 34 16 om
831 924 41 21 nya
887 918 37 21 be-

96 946 176 27 villningsanslag
287 946 31 22 till
333 946 213 27 fängelseväsendets
564 946 120 27 ordnande;

166 977 33 19 att
220 975 164 22 Presteståndet
406 975 35 22 vid
463 975 179 27 föredragningen
665 975 23 22 af
701 975 223 22 Ekonomiutskottets

97 1004 138 22 betänkande
250 1004 7 21 i
272 1004 114 27 anledning
401 1003 22 22 af
437 1004 78 27 nådiga
530 1004 169 27 propositionen,
717 1004 109 27 angående
842 1010 27 15 en
883 1004 42 21 för-

99 1033 90 27 ordning
211 1039 34 15 om
268 1035 75 24 vägars
360 1033 40 21 och
416 1032 75 22 broars
507 1033 114 27 byggande
636 1033 41 22 och
691 1033 112 22 underhåll
818 1033 13 21 å
845 1033 80 26 landet,

99 1063 88 26 stannat
201 1061 7 21 i
223 1061 92 28 följande
331 1061 83 22 beslut:

169 1089 154 23 Öfverskriften
340 1090 32 21 till
387 1089 243 28 författningsförslaget
646 1090 90 27 gillades
752 1089 135 23 oförändrad.

169 1118 10 28 8
196 1120 10 19 1
224 1119 125 27 godkändes
365 1119 103 21 likaledes
485 1121 52 19 utan
554 1119 97 27 ändring.

169 1147 10 28 8
197 1149 11 19 2
225 1147 124 28 godkändes
365 1147 7 22 i
388 1148 25 21 så
427 1148 69 21 måtto
512 1147 123 27 förändrad,
652 1149 33 20 att
700 1147 45 22 deri
761 1147 166 27 skulle
843 1143 12 36 ä
864 1147 63 27 lämp-

101 1177 43 26 liga
164 1176 78 22 ställen
258 1176 79 22 införas
353 1176 76 27 tillägg
444 1176 23 21 af
481 1177 76 21 orden:
575 1176 208 27 ,landthandlande*
801 1176 40 22 och
858 1176 70 27 ,gruf-

101 1206 59 25 vor",
176 1205 6 21 i
198 1205 53 27 följd
266 1205 75 22 hvaraf
355 1211 82 16 samma
453 1205 38 22 ord
507 1205 68 27 borde
590 1205 79 28 jemväl
684 1205 7 21 i
706 1205 66 28 några
787 1205 93 28 följande
891 1211 37 21 pa-

101 1233 96 28 ragrafer
218 1234 84 27 intagas
325 1234 40 21 och
389 1233 61 22 deraf
471 1233 128 23 föranledda
614 1234 115 27 ändringar
738 1234 12 21 i
764 1234 166 27 formuleringen

102 1263 114 26 iakttagas.

199 1293 12 19 3
228 1291 125 27 godkändes
370 1291 136 22 oförändrad.

206 1321 12 20 4
235 1322 76 25 antogs
328 1320 67 21 också
410 1320 33 21 till
459 1320 42 22 alla
518 1321 50 21 dess
585 1320 60 22 delar
660 1319 135 27 oförändrad,
811 1320 50 21 med
876 1319 56 22 iakt-

104 1348 93 28 tagande
212 1348 57 22 blott
284 1348 23 22 af
320 1349 37 21 det
372 1348 76 28 tillägg
463 1348 41 22 och
520 1349 27 21 de
562 1348 155 28 förändringar,
733 1348 86 22 hvartill
834 1348 99 22 ståndets

104 1378 72 21 beslut
190 1377 93 21 rörande
299 1377 10 27 $
325 1379 12 19 2
354 1377 57 27 gifva
427 1377 122 27 anledning.

174 1406 109 27 Derjemte
305 1406 50 21 fann
377 1406 88 22 ståndet
487 1406 77 27 nödigt
586 1407 33 20 att
634 1406 112 27 tydligare,
763 1408 27 20 än
805 1406 55 21 hvad
876 1406 6 21 i
897 1406 38 21 be-

106 1435 118 21 tänkandet
239 1435 65 24 skett,
321 1434 92 28 angifva,
429 1437 33 19 att
477 1441 63 16 mom.
558 1437 11 19 5
585 1435 8 21 i
609 1435 70 21 denna
694 1434 11 28 $
721 1435 66 27 enligt
797 1435 79 27 nådiga
886 1440 49 22 pro-

106 1464 121 26 positionen
243 1464 69 20 skulle
327 1463 41 21 här
383 1463 88 22 införas.

187 1492 11 26 S
218 1494 69 19 5—10
303 1494 91 24 antogos
411 1492 151 26 oförändrade,
579 1492 56 21 dock
651 1494 33 20 att
699 1492 35 22 vid
749 1492 133 22 sistnämnde
898 1498 38 20 pa-

106 1520 77 28 vagraf,
207 1520 7 22 i
237 1520 68 22 likhet
327 1521 48 21 med
398 1521 57 21 hvad
477 1521 6 21 i
528 1522 12 20 4
557 1520 74 28 gjorts,
649 1522 31 21 ett
695 1521 157 28 förtydligande
868 1520 70 22 skulle
