1109 1678
226 106 54 20 1396
503 107 39 16 Den
561 105 24 18 14
601 106 106 17 December.

261 169 106 28 Slutligen
382 169 90 28 gillades
488 169 119 22 utskottets
625 169 12 21 å
653 168 54 21 sidd.
725 169 24 20 31
767 167 40 22 och
823 169 27 19 32
867 167 22 22 af
901 167 119 22 betänkan-

194 199 37 21 det
246 198 32 21 till
294 199 116 21 ständerna
425 198 134 21 framställde
571 199 79 20 tvenne
665 197 80 26 förslag
760 196 32 21 till
808 196 79 27 beslut;

262 229 33 19 att
309 227 163 22 Bondeståndet
487 226 118 22 behandlat
620 227 156 20 sammansatta
791 225 55 27 Lag-
855 225 41 22 och
904 225 115 22 Ekonomi-

192 256 119 21 utskottets
329 256 138 21 betänkande
484 256 40 21 N:o
545 257 13 20 8
574 255 7 21 i
596 255 115 26 anledning
725 254 23 21 af
761 254 59 21 Håns
836 254 122 27 Kejserliga
973 254 46 21 Ma-

190 285 79 26 jestäts
285 284 79 27 nådiga
378 285 134 26 proposition
525 284 33 21 till
573 284 101 21 Finlands
690 283 89 22 ständer
795 289 34 15 om
845 283 139 21 utfärdandet
998 282 23 21 af

192 319 28 21 ny
234 312 126 29 författning
375 313 91 22 rörande
481 313 100 26 flottning
597 312 22 21 af
633 312 139 27 skogsalster.

261 346 124 22 Utskottets
407 346 82 28 förslag
511 347 32 21 till
561 346 125 27 förordning
701 346 7 21 i
723 348 72 20 ämnet
811 346 133 27 granskades
960 345 10 28 $
986 344 34 23 för

193 375 10 28 8
224 376 41 21 och
279 375 46 22 blef
339 376 74 22 dervid
427 375 21 22 af
463 376 163 21 Bondeståndet
641 375 93 21 ändradt
748 375 7 21 i
771 375 162 22 nedannämnde
948 374 70 22 delar:

265 404 10 27 $
291 406 12 19 9
319 410 63 15 mom.
399 406 18 19 2.
448 404 217 26 Tidsbestämningen
681 405 32 20 ett
728 404 24 21 år
767 404 106 21 ändrades
889 404 32 20 till
936 403 82 22 femton

192 433 109 21 månader.

192 490 51 21 lund
263 467 63 16 mom.
342 463 12 19 3
371 461 196 22 återremitterades
583 461 32 21 till
631 461 108 22 utskottet
754 461 33 22 för
801 460 174 27 omformulering
983 461 35 20 så-

200 496 67 15 unda:

262 518 104 28 »Sjunket
379 519 60 22 virke
454 519 112 22 betraktas
582 519 73 21 såsom
670 518 124 27 öfvergifvet
810 518 40 22 och
861 517 94 22 tillfaller
966 520 51 25 äga-

191 553 38 16 ren
245 547 23 22 af
281 547 156 28 vattendraget.
468 547 70 27 Virke,
555 553 47 16 som
617 547 7 21 i
640 547 119 27 sjunkande
775 547 98 22 tillstånd
889 549 24 19 är
920 547 32 21 uti
961 549 56 20 vatt-

190 577 38 20 net
250 576 185 27 upprättstående,
459 583 51 15 vare
532 576 138 27 virkesägare
689 576 53 21 eller
759 575 162 28 flottningsman
940 576 77 27 pligtig

190 606 33 19 att
237 604 151 27 undanskaffa;
404 611 49 16 men
469 605 123 22 underlåtes
609 605 66 26 detta,
687 605 36 21 må
732 607 157 24 vattenägaren
898 605 120 21 detsamma

191 635 96 25 upptaga
301 633 40 22 och
356 633 105 22 behålla".

259 667 10 27 8
294 669 26 19 12
342 674 62 15 mom.
430 670 17 19 1.
478 668 10 21 I
511 668 41 21 den
574 667 71 22 finska
667 669 73 20 texten
762 667 96 22 infördes
881 667 55 22 efter
954 667 63 22 ordet

191 712 9 9 »
204 695 159 26 Maaliskuuta*
380 696 78 22 årtalet
475 697 90 26 ,1873*,
581 702 47 16 som
644 696 123 27 uteglömts.

258 726 51 26 Här
326 730 48 22 icke
397 731 127 21 omnämnda
544 731 60 21 delar
622 730 22 22 af
658 730 67 27 sagde
741 730 23 28 $$
781 732 56 20 samt
852 730 43 22 alla
910 730 68 28 öfrige
993 730 23 28 $$

189 758 91 22 likasom
303 759 37 21 det
361 759 114 22 inledande
497 760 122 21 momentet
635 760 12 20 å
663 760 39 20 sid.
719 761 34 24 23,
769 759 101 21 rubriken
885 759 33 21 till
933 759 83 22 förord-

190 788 79 26 ningen
285 788 40 21 och
343 788 120 22 utskottets
479 790 33 20 tre
527 788 107 21 särskilda
650 788 12 21 &
677 788 40 21 sid.
734 790 25 18 27
777 788 143 22 formulerade
935 788 82 28 förslag

189 816 33 21 till
237 816 73 21 beslut
324 816 96 27 gillades.

259 846 33 20 att
311 844 33 22 för
358 845 164 21 Bondeständet
536 845 129 27 föredragits
684 845 41 27 1:0)
742 845 181 22 Bankutskottets
939 845 76 23 betän-

188 872 71 22 kande
274 873 41 21 N:o
331 875 12 19 7
359 873 6 21 i
381 874 115 26 anledning
512 874 22 21 af
547 874 64 22 väckt
625 874 80 27 förslag
721 880 35 15 om
771 874 150 27 utsträckning
936 873 20 22 af
966 874 49 22 Fin-

188 901 63 22 lands
266 902 69 21 banks
352 902 172 27 sedelemission;

257 930 23 27 2)
304 936 81 16 samma
407 932 98 20 utskotts
524 931 137 22 betänkande
676 932 41 20 N:o
733 933 13 19 8
762 931 7 21 i
784 931 116 27 anledning
916 931 22 21 af
951 932 64 21 väckt

187 958 80 27 förslag
290 964 34 16 om
346 959 122 27 minskning
483 959 23 22 af
519 960 41 21 den
575 960 122 22 metalliska
712 960 91 22 kassans
819 960 7 21 i
841 960 101 22 Finlands
958 960 57 22 bank

187 986 122 22 fastställda
323 988 72 25 lägsta
409 988 88 27 belopp;
514 991 57 18 samt

256 1015 22 27 3)
302 1016 27 21 de
351 1016 106 22 härintills
481 1017 66 26 enligt
569 1017 98 21 ständets
686 1017 73 22 beslut
777 1016 33 22 för
830 1017 42 21 den
889 1019 24 19 17
930 1017 40 22 och
987 1019 27 19 20

187 1043 100 22 sistlidne
309 1044 121 22 November
451 1045 109 22 beroende
582 1045 99 22 lemnade
699 1045 94 27 punkter
808 1045 7 21 i
830 1045 184 22 Bankutskottets

187 1068 72 57 kova]
273 1072 52 49 vie
342 1073 41 22 N:o
402 1075 12 20 4
431 1074 111 27 angäende
557 1073 80 28 förslag
653 1074 32 21 till
700 1073 150 28 förändringar
864 1074 8 21 i
888 1074 126 28 bankregle-

187 1107 89 15 mentet.

187 1157 47 22 bed
251 1129 66 50 i
339 1129 94 23 afslutad
456 1131 123 21 diskussion
595 1131 106 22 stannade
716 1131 166 22 Bondeständet
898 1131 7 21 i
920 1131 94 28 följande

203 1163 66 16 eslut:

255 1187 40 21 Att
313 1187 31 21 till
366 1187 5 27 $
387 1189 12 20 6
415 1187 7 21 i
437 1187 200 28 bankreglementet
651 1188 72 22 skulle
738 1188 61 27 fogas
815 1190 33 20 ett
863 1188 75 28 tillägg
952 1189 7 21 i
976 1189 37 22 det

187 1213 56 28 syfte
265 1215 50 22 herr
329 1215 151 28 Björkenheim
496 1217 6 20 i
518 1217 50 21 dess
584 1217 133 21 reservation
732 1217 32 21 till
780 1217 148 22 betänkandet
942 1218 41 21 N:o
1000 1219 12 19 7

186 1242 121 28 föreslagit;
327 1244 39 21 och
386 1245 197 22 äterremitterades
602 1245 75 27 frågan
693 1246 6 21 i
715 1246 70 21 denna
801 1245 34 22 del
850 1245 34 22 för
899 1245 113 22 omformu-

185 1271 70 27 lering
276 1273 33 20 till
330 1273 117 27 utskottet;
467 1274 51 21 derä
536 1274 38 21 det
588 1274 7 21 i
609 1274 120 21 utskottets
745 1274 137 21 betänkande
896 1274 40 21 N:o
953 1277 12 18 4
981 1275 32 20 in-

186 1299 83 27 gående
292 1300 81 28 förslag
395 1301 32 22 till
450 1301 115 22 förändrad
587 1303 81 26 lydelse
685 1303 34 21 för
737 1302 11 28 $
764 1305 11 19 6
792 1302 98 27 gillades,
906 1303 49 21 med
971 1304 41 21 den

186 1329 157 27 omredigering
357 1336 47 15 som
419 1330 127 26 betingades
563 1331 22 21 af
599 1330 98 22 ständets
713 1331 132 27 föregäende
860 1331 80 22 beslut.

254 1362 124 23 Utskottets
394 1364 136 22 betänkande
545 1364 41 22 N:o
602 1367 13 19 8
631 1365 126 27 godkändes
774 1367 52 20 utan
844 1365 96 27 ändring.

200 1423 4 5 +
253 1396 72 22 —Jemte
348 1397 37 21 det
407 1398 118 22 utskottets
548 1399 7 20 i
576 1399 50 21 dess
649 1400 138 21 betänkande
809 1400 41 21 N:o
872 1401 13 19 4
901 1400 13 20 &
929 1400 39 21 sid.
987 1402 25 19 15

184 1424 77 32 gjorda
276 1424 129 23 hemställan
421 1433 35 15 om
470 1428 121 26 antagande
607 1428 22 21 af
643 1428 45 21 deri
704 1428 142 22 omförmälda
862 1428 76 26 tillägg
953 1428 32 21 till
1001 1428 11 28 $

185 1454 11 18 6
220 1459 7 14 i
250 1453 201 27 bankreglementet
472 1462 88 15 numera
580 1456 18 27 ej
617 1456 126 22 föranledde
759 1457 31 21 till
805 1456 85 28 ätgärd,
907 1459 55 19 samt
977 1459 35 19 ut-

184 1480 94 23 skottets
298 1482 6 21 i
323 1488 81 16 samma
419 1484 136 22 betänkande
571 1484 12 20 &
599 1484 40 22 sid.
655 1487 26 19 29
698 1484 135 23 framställda
848 1485 80 26 förslag
944 1486 67 26 angä-

184 1510 54 20 ende
255 1511 146 27 omtryckning
417 1512 24 21 af
454 1512 47 22 hela
517 1513 200 27 bankreglementet
725 1514 77 26 bifölls,
812 1514 199 22 äterremitterades
