1109 1678
233 99 54 20 1102
519 101 39 18 Den
575 101 12 18 6
603 102 106 17 December.

203 163 213 28 statskyrkligheten,
433 164 76 22 månne
525 164 38 21 det
577 165 48 21 icke
641 164 28 21 då
683 170 52 16 vore
750 170 58 16 mera
817 163 47 22 skäl
876 165 32 20 att
918 163 110 28 stipulera,

203 194 33 19 att
251 193 42 21 alla
308 193 59 27 lägre
383 193 130 28 tjenstemän
528 193 41 22 och
586 193 87 22 domare
688 193 7 21 i
712 193 59 27 lägre
786 193 91 26 instans,
890 199 45 16 som
943 193 86 22 komma

202 221 6 21 i
225 221 71 22 direkt
311 221 101 28 beröring
427 222 49 21 med
492 222 41 21 den
549 224 60 20 stora
623 222 106 27 mängden
745 221 23 22 af
781 222 141 27 medborgare
938 221 40 22 och
994 222 34 21 så-

201 249 66 22 lunda
283 256 87 15 snarare
385 251 67 21 borde
468 251 33 21 stå
517 251 29 26 på
561 257 82 15 samma
653 251 159 21 konfessionela
822 250 69 27 grund
902 257 46 14 som
957 250 70 27 desse,

202 279 69 21 måste
286 279 54 21 höra
355 279 32 21 till
403 280 40 21 den
458 279 113 22 lutherska
586 280 97 27 kyrkan?
699 280 9 21 I
725 280 40 21 den
781 279 144 26 verksamhet,
935 285 46 15 som
989 279 40 22 hör

202 307 33 21 till
255 307 117 28 styrelsens
392 308 89 27 uppgift,
503 314 50 21 eger
571 309 48 21 icke
638 308 67 22 sädan
722 308 70 21 direkt
807 308 100 27 beröring
922 308 49 21 med
987 307 40 22 den

202 337 59 20 stora
277 336 143 22 allmänheten
435 343 53 20 rum,
505 342 47 16 som
567 337 61 21 fallet
643 339 24 19 är
681 337 51 21 med
741 336 26 22 de
778 337 60 26 lägre
849 337 177 27 tjenstemännen,

201 364 72 22 hvilka
289 366 74 20 städse
378 366 49 20 röra
443 366 33 26 sig
490 366 66 21 bland
571 366 84 27 menige
671 372 56 14 man.
757 365 44 22 Det
815 366 61 26 låter,
888 365 94 21 förutom
991 365 37 22 det

202 394 96 26 exempel
319 394 37 27 jag
378 394 75 21 tillåtit
475 394 43 27 mig
536 394 79 26 anföra,
633 394 112 21 dessutom
761 394 83 27 ganska
858 394 34 21 väl
905 394 67 21 tänka
988 394 38 27 sig,

201 423 33 20 att
249 423 91 26 mången
356 422 83 23 komme
455 424 33 20 att
503 423 97 27 tillämpa
615 423 11 28 $
641 425 12 19 7
671 423 22 21 af
706 423 63 26 lagen
785 423 73 21 såsom
873 424 66 25 utväg
952 422 33 22 för
996 424 32 19 att

201 450 21 21 få
240 450 52 28 följa
307 451 32 21 sin
355 451 199 28 trosöfvertygelse;
571 452 61 21 detta
648 451 70 22 skulle
735 451 27 22 då
778 451 41 22 ock
834 451 96 22 medföra
944 451 83 22 inkom-

200 481 77 25 petens
291 479 34 22 för
340 480 26 21 de
381 480 79 27 högsta
476 481 119 21 embetena.
626 481 41 21 För
683 480 64 27 öfrigt
762 486 63 21 synes
842 481 38 20 det
894 480 48 27 mig,
955 480 73 21 derest

201 514 49 15 man
273 508 35 21 vill
331 508 68 23 införa
423 509 40 22 den
478 509 161 27 inskränkning,
663 509 88 22 hvarom
766 509 40 21 här
821 511 24 19 är
860 509 65 27 fråga,
941 509 85 21 hvilken

200 537 43 21 kan
258 537 64 22 hafva
337 537 32 22 till
384 537 82 28 påföljd
481 540 33 19 att
529 538 97 22 utesluta
641 539 78 26 många
735 537 22 22 af
770 537 85 22 landets
867 537 159 27 talangfullaste

200 568 49 19 män
264 566 48 21 från
328 567 87 26 platser,
432 567 37 22 der
485 567 25 22 de
526 567 72 22 kunde
613 567 110 26 behöfvas,
740 573 46 15 som
802 573 34 15 om
852 573 49 15 man
917 567 27 21 då
959 566 67 22 hellre

200 595 67 21 borde
289 595 71 22 uttala
382 596 33 27 sig
438 596 47 21 med
508 595 38 22 full
569 596 107 27 tydlighet
695 596 41 21 och
751 598 58 25 säga,
827 597 32 20 att
874 595 32 22 till
922 596 26 21 de
964 595 6 21 i
986 595 10 28 $
1013 597 11 19 2

201 624 128 21 omnämnda
348 625 97 21 embeten
466 625 76 21 endast
558 625 123 21 bekännare
697 623 22 23 af
734 624 41 21 den
791 625 137 26 evangeliska
943 624 82 27 kyrkan

199 652 73 22 kunna
287 653 64 21 hafva
365 653 101 26 tillträde,
482 655 23 25 ty
521 654 19 21 vi
556 653 73 21 kunna
640 653 63 27 eljest
712 653 49 21 icke
769 660 52 14 vara
831 653 48 21 fullt
890 653 68 25 säkra,
970 653 55 21 huru

199 680 61 22 detta
276 682 38 20 ord
331 681 144 27 främmande
489 682 183 22 trosbekännare"
690 682 96 21 kommer
801 683 33 20 att
849 682 77 21 tolkas.
947 682 79 21 Derest

199 709 117 27 höglofliga
335 710 88 22 ståndet
441 711 63 27 hyser
524 711 119 21 utskottets
663 710 8 22 i
690 710 60 22 detta
766 712 62 20 ämne
844 710 98 22 uttalade
958 710 66 27 åsigt;

198 739 63 21 torde
284 739 55 21 dock
362 739 41 22 den
427 739 22 21 af
468 740 43 26 mig
533 746 29 15 nu
584 739 123 27 föreslagna
725 739 153 27 förändringen
893 739 53 22 böra
961 740 63 26 göras

201 767 49 21 med
265 767 140 28 paragrafens
421 768 119 27 affattning.

267 796 99 22 Friherre
388 803 41 15 von
451 797 79 26 Born,
551 797 32 21 V.:
614 797 41 27 Jag
675 796 84 22 fattade
778 796 49 22 icke
842 796 76 27 riktigt
934 796 40 21 den
991 802 33 15 se-

198 826 63 20 naste
276 825 66 21 ärade
357 826 94 22 talarens
467 826 91 26 mening.
582 826 40 21 Om
637 826 42 21 han
695 825 94 27 föreslog
798 827 33 20 att
840 825 64 21 dessa
912 825 112 21 inskränk-

198 853 77 27 ningar
291 854 70 22 skulle
376 854 105 26 bortfalla,
498 854 25 22 så
538 854 85 22 förenar
635 855 38 27 jag
689 854 43 27 mig
747 854 127 27 ohetingadt
882 854 48 22 med
939 854 85 21 honom.

198 882 50 21 Men
263 889 39 15 var
317 883 52 21 hans
386 883 64 27 afsigt
465 884 47 20 icke
528 885 33 19 att
576 885 52 25 göra
643 886 32 19 ett
691 883 78 21 sådant
783 882 86 28 förslag,
885 884 52 20 utan
948 883 77 21 endast

199 912 33 20 att
251 911 69 22 införa
336 912 41 21 den
393 912 94 27 ändring,
504 912 43 22 han
563 914 74 20 senast
651 912 99 26 berörde,
767 912 25 20 så
807 912 39 21 ber
858 912 37 27 jag
911 912 32 20 att
958 911 67 21 också

198 939 7 21 i
226 940 61 21 detta
307 940 100 22 afseende
429 941 108 21 eventuelt
551 940 22 22 få
588 940 74 22 förena
677 941 44 27 mig
736 946 34 16 om
780 940 59 22 'hans
856 940 62 27 åsigt.
949 940 75 22 Såsom

198 968 49 22 mitt
262 968 178 27 hufvudyrkande
455 970 67 26 gäller
538 970 55 21 dock
609 969 148 22 förstnämnda
771 969 87 26 förslag.

267 998 56 21 Herr
342 998 141 21 Mechelin:
514 998 42 27 Jag
574 998 61 21 torde
650 998 64 21 hafva
729 998 62 27 yrkat
806 998 78 27 tydligt
898 997 28 27 på
940 997 84 21 bortta-

197 1026 71 25 gande
291 1025 23 22 af
335 1027 26 20 de
383 1027 185 26 inskränkningar,
592 1033 46 15 som
661 1029 7 18 i
687 1027 70 21 denna
772 1025 102 28 paragraf
888 1028 36 19 äro
940 1025 84 22 införda

198 1056 58 20 emot
278 1054 133 23 främmande
433 1055 83 22 kristne
536 1055 178 26 trosbekännare,
730 1061 49 16 men
795 1057 32 19 att
842 1054 133 28 paragrafen,
991 1054 33 22 för

197 1083 42 21 den
256 1083 105 22 händelse
382 1084 49 21 mitt
445 1085 94 26 yrkande
555 1084 48 21 icke
618 1091 70 14 vunne
704 1084 98 21 ståndets
818 1083 66 27 bifall,
901 1083 69 22 skulle
986 1090 37 14 un-

198 1111 67 28 dergå
281 1112 41 21 den
337 1112 130 27 förändring,
484 1114 32 20 att
531 1113 42 21 den
588 1113 95 27 tydligen
699 1112 70 22 skulle
784 1114 80 25 utsäga
874 1113 33 20 att
920 1112 32 21 till
961 1113 63 20 dessa

197 1140 40 21 här
259 1141 141 26 uppräknade
423 1142 99 21 embeten
540 1141 78 22 endast
638 1141 249 28 evangelisk-lutherska
902 1141 122 21 bekännare

196 1169 73 22 kunna
284 1169 117 22 befordras.

266 1198 57 21 Herr
344 1205 42 15 von
405 1199 122 22 Hellens:
557 1199 51 21 Med
623 1198 102 22 afseende
741 1199 52 21 derå
809 1199 33 20 att
857 1198 65 21 dessa
936 1197 87 27 förelig-

197 1227 71 26 gande
283 1227 118 28 lagförslag
416 1228 66 21 redan
497 1227 138 22 härförinnan
650 1227 69 22 blifvit
735 1227 179 22 slutbehandlade
928 1227 58 21 inom
997 1227 27 21 de

196 1255 69 21 andra
280 1256 92 21 stånden
389 1257 40 20 och
443 1257 49 20 med
508 1256 92 21 särskild
616 1256 88 27 hänsigt
720 1256 32 21 till
768 1256 47 26 den,
829 1256 39 27 jag
882 1255 67 27 vågar
965 1257 57 25 säga,

195 1283 190 28 beklagansvärda
407 1285 82 27 utgång
511 1285 108 26 förslagen
641 1285 57 21 inom
722 1286 32 20 ett
777 1284 22 21 af
817 1285 65 20 dessa
897 1284 63 21 stånd
975 1283 47 28 fått,

195 1312 40 21 har
255 1313 38 26 jag
316 1313 47 21 icke
388 1315 72 20 ansett
481 1314 46 21 skäl
550 1315 33 19 att
606 1319 37 16 ens
663 1313 82 28 påyrka
763 1313 37 22 det
816 1313 26 21 de
858 1319 29 15 nu
901 1312 123 27 föreslagna

195 1341 262 27 grundlagsändringarne
479 1342 69 21 skulle
571 1342 74 27 inflyta
667 1342 7 20 i
697 1341 75 28 sjelfva
791 1341 177 27 dissenterlagen,
986 1341 38 21 der

193 1369 38 27 jag
255 1370 56 21 dock
334 1372 45 20 tror
400 1372 33 20 att
448 1371 109 21 desamma
573 1370 69 22 skulle
657 1370 64 22 hafva
737 1371 33 21 sin
785 1372 59 20 rätta
858 1370 64 27 plats.
939 1382 28 2 —
982 1370 42 26 Jag

195 1398 65 27 hyser
275 1398 48 22 icke
338 1398 69 23 heller
421 1400 66 26 något
501 1400 59 26 hopp
576 1405 89 15 numera
680 1401 33 19 att
723 1399 163 27 ifrågavarande
896 1398 127 27 grundlags-

195 1426 151 28 förändringar
361 1428 62 21 skola
438 1428 35 21 vid
489 1428 68 22 denna
574 1428 103 26 landtdag
693 1427 65 22 blifva
773 1428 114 26 godkända
898 1427 72 21 såsom
980 1427 42 27 lag,

195 1462 49 14 men
265 1456 28 20 då
308 1456 65 22 likväl
389 1463 26 15 en
431 1456 128 28 föregående
575 1457 52 21 ärad
643 1456 69 22 talare
728 1456 103 28 tillstyrkt
847 1458 33 19 att
896 1462 26 15 en
936 1455 86 23 föränd-

195 1484 47 26 ring
265 1484 6 21 i
292 1484 40 22 den
349 1484 122 28 föreslagna
485 1486 110 27 lagtexten
609 1485 8 21 i
632 1485 11 27 $
659 1487 12 19 2
687 1485 68 21 måtte
772 1486 22 21 af
807 1484 161 27 Ridderskapet
982 1485 41 21 och

194 1513 71 22 Adeln
281 1513 84 22 bifallas
381 1514 39 22 och
435 1514 37 28 jag
487 1515 6 21 i
509 1515 41 21 allo
567 1514 60 22 delar
641 1514 53 22 hans
711 1514 56 28 åsigt
778 1514 111 28 angående
901 1514 69 21 denna
980 1513 42 23 för-
