1109 1678
245 99 54 20 1324
524 103 41 18 Den
583 101 25 20 12
625 103 105 18 December.

278 164 67 22 Afven
367 165 35 22 vid
424 165 61 23 detta
506 166 88 27 plenum
608 166 73 22 kunde
699 166 71 22 denna
785 165 67 22 redan
866 164 48 29 fyra
929 165 109 22 sessioner

209 192 127 28 fortgående
358 194 107 22 allmänna
485 195 123 22 diskussion
623 196 8 21 i
645 194 212 28 värnepligtsfrågan
872 194 48 22 icke
935 194 102 22 slutföras

211 224 58 24 enär,
285 222 28 21 då
328 223 58 22 tiden
401 223 134 22 framskridit
549 224 34 21 till
598 224 93 21 klockan
708 225 33 20 tre
757 223 40 22 och
805 223 51 22 herr
863 223 174 22 Landtmarskal-

202 250 50 22 'ken
268 251 67 27 ansåg
349 251 122 28 lämpligast
480 252 79 22 afsluta
567 252 162 27 förmiddagens
738 253 92 27 plenum,
840 254 57 19 ännu
906 258 37 15 sex
951 252 86 21 ständs-

209 279 144 27 medlemmar,
370 287 45 15 som
430 281 78 22 utbedt
522 281 33 27 sig
571 282 68 26 ordet,
656 281 49 22 icke
721 281 78 22 hunnit
814 281 82 21 erhålla
911 281 47 26 det;
975 280 62 21 hvar-

209 307 33 50 fr
257 308 152 23 diskussionen
423 310 36 21 vid
475 310 182 27 eftermiddagens
666 310 89 27 plenum
765 310 93 21 klockan
867 315 37 16 sex
913 309 46 22 åter
968 309 69 22 skulle

219 338 112 20 ortsättas.

362 406 90 24 Samma
468 407 42 29 dag
528 407 95 24 klockan
640 413 42 18 sex
699 406 187 29 eftermiddagen.

278 452 56 21 Från
349 453 163 22 Presteständet
526 453 57 22 hade
598 454 71 27 ingått
683 455 32 20 ett
731 453 206 28 protokollsutdrag,
946 452 91 22 innefat-

210 481 65 21 tande
295 481 60 22 detta
370 481 75 22 stånds
461 482 72 22 beslut
547 483 37 21 vid
599 483 159 26 behandlingen
774 481 23 22 af
810 483 157 20 sammansatta
982 482 55 27 Lag-

209 508 40 23 och
266 509 224 24 Ekonomiutskottets
506 511 302 28 sammanjemkningsförslag
823 511 8 20 i
847 510 75 27 frågan
937 516 34 16 om
986 510 49 21 ord-

203 538 88 23 .nandet
313 538 22 21 af
355 539 194 28 hållskjutsningen
572 540 41 22 och
629 540 188 27 gästgifverierna;
834 539 41 22 och
890 539 70 22 skulle
976 539 62 21 detta

209 567 204 28 protokollsutdrag,
430 569 71 22 såsom
514 569 78 28 jemväl
608 569 152 22 innehållande
776 575 26 15 en
811 568 126 27 inbjudning
945 567 33 22 till
986 568 51 21 Rid-

211 595 117 28 derskapet
343 597 40 21 och
399 597 68 22 Adeln
482 600 32 19 att
529 597 76 22 förena
620 598 33 27 sig
669 604 34 15 om
720 597 26 22 de
755 597 22 22 af
784 597 164 21 Presteständet
955 596 83 22 fattade

210 624 78 27 beslut,
312 627 105 26 upptagas
440 627 29 26 pä
490 627 70 26 nägon
583 626 23 22 af
620 627 27 21 de
662 626 129 22 kommande
806 626 106 27 dagarnes
928 625 109 28 föredrag-

210 653 119 27 ningslista,
345 654 82 22 hvilket
441 655 199 27 protokollsutdrag
654 662 39 14 var
708 655 23 21 af
744 655 94 27 följande
853 655 91 26 lydelse:

280 698 6 10 »
293 682 41 22 Till
357 683 130 28 granskning
509 683 96 27 företogs
621 685 157 20 sammansatta
793 683 56 27 Lag-
865 683 41 21 och
921 683 115 21 Ekonomi-

210 710 119 22 utskottets
344 710 80 28 förslag
439 712 32 22 till
486 712 206 28 sammanjemkning
707 712 23 22 af
744 712 26 21 de
786 712 68 21 delvis
870 711 123 28 skiljaktiga
1000 712 37 21 be-

211 738 50 27 slut,
284 738 60 23 hvari
367 740 91 22 ständen
475 743 86 19 stannat
576 741 37 21 vid
629 741 144 27 behandligen
789 740 22 22 af
825 740 120 22 utskottets
960 740 77 22 betän-

209 767 72 22 kande
295 768 42 22 N:o
352 771 13 19 4
381 769 7 21 i
405 769 113 28 anledning
534 770 23 21 af
570 770 60 22 Hans
641 770 123 27 Kejserliga
772 769 114 27 Majestäts
894 769 84 27 Nädiga
988 775 49 21 pro-

209 796 101 32 position,
326 797 111 27 angäende
460 799 119 21 ordnandet
602 798 23 22 af
645 798 198 28 skjutshällningen
866 797 39 22 och
921 798 116 27 gästgifve-

209 831 84 20 rierna
285 820 13 37 ;

279 854 46 22 Och
348 856 104 21 stannade
475 856 94 26 ständet,
593 855 55 23 efter
671 855 94 22 afslutad
787 855 123 21 diskussion
925 855 40 21 och
981 854 55 23 före-

209 877 74 59 fällna.
297 884 163 27 omröstningar,
477 884 93 22 rörande
585 884 116 28 förslagets
717 884 108 22 särskilda
840 884 66 26 delar,
922 884 8 21 i
944 884 94 27 följande

226 916 67 16 eslut:

279 940 124 22 Utskottets
419 943 78 20 tvenne
512 941 69 22 första
595 942 150 26 resolutioner,
763 942 36 20 det
814 940 58 22 förra
888 941 12 21 å
914 947 48 21 pag.
978 943 12 19 2
1000 948 37 15 an-

209 968 84 27 gående
308 968 11 28 8
335 970 10 20 1
363 969 40 22 och
420 970 41 22 den
475 976 75 16 senare
567 971 12 21 å
594 977 49 21 pag.
659 972 13 19 4
687 969 134 23 beträffande
836 969 6 28 $
856 969 182 28 2iförfattnings-

209 996 112 27 förslaget,
343 998 70 21 blefvo
437 999 52 21 hvar
511 999 55 22 efter
589 1006 71 14 annan
681 998 133 26 förkastade,
829 998 8 21 i
852 998 37 21 det
904 999 87 21 ståndet
1005 999 33 21 uti

209 1025 40 21 här
265 1025 141 23 omförmälda
421 1027 116 23 afseenden
552 1027 83 22 vidblef
649 1027 47 22 sina
710 1027 59 22 förut
783 1027 83 21 fattade
881 1026 79 22 beslut.

280 1055 48 21 Den
343 1055 14 21 å
371 1061 49 21 pag.
437 1057 12 20 5
465 1055 175 22 förekommande
655 1056 125 25 resolution,
797 1061 47 16 som
859 1055 48 22 icke
922 1055 118 22 innehåller

210 1082 67 27 något
291 1083 167 23 Presteståndet
472 1085 91 22 rörande
579 1085 88 26 förslag,
683 1084 126 22 föranledde
819 1083 71 22 derför
898 1084 18 27 ej
925 1083 47 22 från
980 1085 59 20 stån-

211 1111 48 22 dets
275 1111 48 22 sida
338 1112 67 27 något
420 1113 78 22 beslut.

278 1140 34 21 De
327 1141 14 20 å
355 1147 62 21 pagg.
434 1143 19 25 6,
470 1143 18 25 7,
506 1144 18 24 8,
544 1143 33 25 10,
596 1143 24 20 11
638 1141 39 22 och
696 1143 25 20 12
729 1141 137 22 framställda
875 1140 81 28 förslag
964 1141 77 26 blefvo,

209 1167 64 22 hvart
295 1168 56 22 efter
372 1172 72 25 annat,
467 1170 23 21 af
511 1170 90 22 ståndet
620 1170 126 27 godkända;
762 1170 114 21 hvaremot
891 1169 87 22 ståndet
993 1170 49 21 med

209 1196 144 23 vidblifvande
369 1198 22 21 af
405 1199 46 21 sina
466 1199 93 27 tidigare
573 1199 80 27 beslut,
670 1199 125 22 förkastade
811 1199 70 26 begge
896 1199 26 21 de
938 1199 13 21 å
965 1205 42 21 pag
1016 1201 26 18 14

209 1225 91 28 intagna
315 1227 149 22 resolutioner.

281 1255 48 21 Den
345 1255 14 21 å
372 1262 49 21 pag.
440 1258 25 20 15
481 1256 177 22 förekommande
674 1256 146 22 resolutionen
836 1255 97 27 gillades.

279 1283 63 22 Hvad
357 1285 108 21 utskottet
481 1285 104 27 slutligen
601 1285 12 21 å
627 1291 50 21 pag.
695 1287 25 19 16
736 1284 118 27 föreslagit,
870 1284 136 22 förkastades
1022 1284 23 22 af

211 1311 95 28 ståndet,
330 1318 47 16 som
399 1313 7 21 i
430 1313 41 22 den
490 1313 40 22 här
545 1314 92 21 berörda
654 1314 35 21 del
705 1313 68 27 ansåg
789 1313 33 27 sig
838 1313 47 21 icke
901 1313 52 21 böra
968 1313 76 27 frångå

211 1339 39 21 sitt
265 1339 62 23 förut
341 1341 84 21 fattade
441 1342 79 21 beslut.

283 1368 73 22 Sedan
379 1370 26 21 de
429 1370 107 22 särskilda
558 1370 124 28 punkterna
703 1371 6 21 i
724 1370 141 22 förevarande
881 1370 162 27 sammanjemk-

209 1396 151 28 ningsförslag
376 1398 91 22 sålunda
482 1400 53 21 hvar
549 1399 34 21 för
599 1400 33 26 sig
647 1398 71 23 blifvit
733 1398 129 28 granskade,
871 1398 71 22 beslöt
950 1398 93 26 ståndet,

209 1431 48 15 som
273 1426 36 21 väl
323 1426 50 22 icke
388 1427 83 22 kunnat
486 1428 33 21 till
534 1428 43 21 alla
593 1428 59 21 delar
668 1428 115 27 godkänna
797 1427 42 22 den
855 1426 23 22 af
890 1427 108 21 utskottet
1012 1426 32 22 fö-

209 1454 103 27 reslagna
335 1456 241 28 sammanjemkningen,
597 1463 48 15 men
660 1457 73 26 likväl,
749 1456 8 21 i
772 1456 108 22 anseende
895 1456 33 20 till
944 1456 100 21 ärendets

210 1484 62 20 stora
287 1483 52 27 vigt,
357 1485 67 27 ansåg
440 1486 120 21 detsamma
575 1485 48 22 icke
639 1486 53 21 böra
707 1484 91 27 förfalla,
815 1486 33 20 att
858 1484 87 28 inbjuda
953 1484 91 22 Ridder-

210 1511 80 29 skapet
305 1512 41 22 och
363 1513 69 23 Adeln
449 1516 55 20 samt
519 1514 107 28 Borgare-
643 1514 41 22 och
700 1514 166 23 Bondeståndet
881 1514 39 26 att,
936 1514 48 21 med
1000 1519 44 16 om-
