1109 1678
382 98 40 18 Den
441 96 23 19 13
480 98 107 18 December.
827 95 55 21 1377

83 160 56 27 tagit
154 160 43 27 mig
211 159 92 22 friheten
317 159 80 22 föreslå
413 160 41 22 och
469 160 110 27 tidspillan
593 159 34 22 för
642 160 42 21 den
698 159 155 27 värnepligtige
871 166 40 15 un-

84 189 38 21 der
146 189 64 22 dessa
233 189 71 26 dagar,
325 189 82 21 hvilket
422 190 64 25 utgör
501 195 28 15 en
544 188 149 28 obetydlighet
707 188 7 21 i
730 187 132 22 förhållande
878 188 32 21 till

84 218 27 21 de
132 217 90 27 utgifter
243 223 46 16 som
310 217 41 22 den
369 217 70 22 finska
457 217 107 22 militären
583 218 97 21 kommer
695 218 33 20 att
743 217 110 27 medtaga;
870 216 41 21 och

83 245 33 22 får
129 246 38 27 jag
183 245 76 27 derför,
275 246 8 21 i
299 246 48 21 stöd
363 246 22 21 af
400 246 41 21 den
457 246 123 21 erfarenhet
593 246 37 27 jag
645 246 39 21 har
699 245 23 22 af
735 245 105 22 soldaters
856 244 54 22 inöf-

83 275 77 26 vande,
178 275 29 26 på
221 275 36 20 det
272 276 108 20 varmaste
395 275 86 21 anhålla
497 277 33 19 att
545 275 162 26 Ridderskapet
723 274 39 21 och
778 275 68 21 Adeln
861 273 50 22 ville

84 303 76 22 förena
175 303 32 27 sig
223 309 34 16 om
273 303 36 22 det
324 303 23 22 af
360 303 44 28 mig
419 303 115 22 förordade
550 303 111 27 förslaget.

153 332 56 21 Herr
230 332 203 26 Bergenstråle:
465 332 50 21 Som
539 338 27 15 en
585 331 117 27 öfningstid
719 331 22 21 af
755 332 77 21 endast
847 331 63 22 nittio

85 360 68 27 dagar
174 361 69 21 under
263 360 75 28 loppet
361 360 22 22 af
404 363 33 19 tre
457 361 29 26 år,
507 361 68 27 enligt
589 360 44 22 min
648 360 72 26 tanke,
737 362 23 19 är
776 360 134 26 otillräcklig,

84 389 34 21 för
133 391 33 19 att
180 389 98 26 bibringa
294 390 26 20 de
336 390 6 20 i
358 395 101 16 reserven
474 389 105 21 inskrifna
594 389 162 27 värnepligtige,
772 388 72 21 hvilka
854 388 58 21 förut

85 418 48 21 icke
148 417 69 28 tjenat
231 417 36 22 vid
283 418 58 21 aktiv
356 419 72 26 trupp,
445 417 126 27 erforderlig
587 417 130 27 skicklighet
727 417 7 21 i
744 423 94 21 vapnens
849 417 61 25 bruk,

85 446 144 28 syunerligast
251 447 48 21 med
321 446 103 22 afseende
440 447 13 21 å
467 446 163 27 målskjutning,
647 452 63 15 anser
723 446 38 27 jag
776 452 26 15 en
817 445 94 27 förläng-

85 476 51 26 ning
156 475 22 21 af
195 475 70 21 denna
284 475 113 27 tjenstetid
412 482 52 14 vara
480 475 92 27 önsklig,
588 475 33 21 för
637 477 32 19 att
684 475 48 21 icke
748 477 53 24 säga
816 474 96 21 nödvän-

86 504 44 27 dig;
147 503 40 22 och
203 503 32 22 får
248 504 37 27 jag
300 504 49 21 med
365 504 115 27 anledning
495 504 65 21 häraf
573 504 111 21 vördsamt
697 503 80 22 föreslå
787 503 123 21 återremiss

86 533 32 20 till
133 533 110 20 utskottet
257 533 33 21 för
306 533 69 21 denna
389 532 113 27 paragrafs
519 533 150 26 omarbetning
683 533 8 20 i
707 532 36 21 det
759 531 61 28 syfte,
837 533 33 20 att
885 531 27 21 ti-

86 561 42 22 den
142 560 33 23 för
189 567 112 16 reservens
317 561 143 28 tjenstgöring
475 561 36 22 vid
527 561 172 27 öfningsmötena
714 560 70 22 blefve
799 562 70 20 utsatt
879 560 33 21 till

86 590 130 21 åtminstone
233 591 39 20 120
289 590 72 27 dagar,
377 590 71 21 såsom
465 597 27 15 en
507 590 131 27 föregående
647 590 51 21 ärad
706 589 69 22 talare
783 589 66 22 redan
857 589 55 22 före-

86 619 71 26 slagit.

156 647 55 21 Herr
230 653 41 16 von
288 647 118 22 Alfthan:
437 648 34 21 Då
487 647 38 22 det
541 647 22 22 af
576 647 110 22 utskottet
699 647 58 27 sjelft
772 647 41 21 och
828 647 42 21 alla
886 645 27 22 de

88 676 66 21 ärade
175 676 69 21 talare
263 682 46 15 som
324 676 105 27 uppträdt
443 676 33 21 till
492 676 85 21 försvar
591 675 33 22 för
640 676 50 21 dess
705 675 143 26 betänkande,
864 674 49 22 blif-

87 704 31 22 vit
139 704 127 26 framhållet,
289 706 32 20 att
341 704 42 22 den
400 704 85 27 militär,
504 711 34 15 om
553 705 65 21 hvars
633 704 144 28 upprättande
793 704 37 21 det
844 710 29 14 nu
889 704 25 20 är

87 733 65 27 fråga,
168 733 69 21 måste
252 733 65 21 blifva
333 734 80 26 duglig,
429 734 26 20 så
469 734 44 20 kan
526 734 38 26 jag
578 733 33 22 för
626 734 44 20 min
686 733 34 21 del
735 733 47 21 icke
798 732 67 21 heller
876 738 37 14 an-

87 764 39 19 nat
147 764 27 18 än
194 762 7 21 i
221 762 42 21 allo
282 761 192 23 öfverensstämmä
493 762 51 21 med
565 762 26 22 de
606 764 51 19 näst
671 761 130 27 föregående
816 761 96 21 talarene

89 790 110 27 angående
215 797 27 15 en
256 790 98 28 förlängd
369 791 118 27 öfningstid
497 790 35 22 för
541 791 130 27 manskapet
680 790 36 22 vid
726 796 106 16 reserven.
851 789 63 21 Utom

88 819 225 27 exercitiebildningen
336 820 40 20 och
399 819 72 27 öfning
487 819 8 21 i
510 820 161 26 målskjutning,
688 819 68 21 måste
772 825 26 15 en
813 818 101 22 nutidens

89 848 73 21 soldat
176 847 107 22 förvärfva
298 848 32 27 sig
346 854 26 15 en
387 849 80 25 mängd
482 848 69 22 andra
565 848 143 26 färdigheter:
723 848 48 21 Han
786 848 70 20 måste
868 846 47 21 lära

89 877 33 26 sig
138 878 33 20 att
186 876 54 22 söka
255 876 68 28 skydd
338 876 23 22 af
374 878 123 25 terrängen,
514 876 61 22 öfvas
590 877 7 21 i
607 876 162 28 uppkastandet
777 876 22 21 af
805 876 109 21 förskans-

89 905 75 27 ningar
187 905 41 21 och
246 905 171 21 verkställandet
437 905 23 21 af
474 906 68 20 andra
557 906 107 26 ingeniör-
680 905 40 21 och
736 904 180 28 sappör-arbeten

89 940 27 15 m.
136 940 28 15 m.
195 934 40 21 Om
250 940 55 20 man,
322 934 72 21 såsom
409 934 50 21 herr
474 934 126 22 Ehrnrooth
615 934 66 22 redan
690 933 139 27 framställde,
839 932 77 22 tänker

90 962 39 27 sig,
150 964 33 20 att
197 962 32 22 för
245 962 26 21 de
287 962 55 22 sista
357 963 37 21 två
409 962 64 22 årens
489 962 74 28 öfning
579 963 78 21 endast
671 962 78 28 fjorton
765 962 66 27 dagar
847 961 69 21 skulle

89 991 138 26 bestämmas,
251 991 40 21 och
313 993 62 25 tager
397 992 8 20 i
423 991 146 21 betraktande
588 993 33 19 att
637 993 81 20 största
733 991 61 21 delen
811 990 22 21 af
847 990 69 21 denna

90 1019 32 21 tid
129 1020 69 21 måste
207 1019 50 27 åtgå
271 1019 33 21 till
319 1021 33 20 att
366 1019 94 28 uppöfva
474 1020 147 27 manskapet
608 1014 13 38 i
635 1021 33 20 att
678 1020 27 26 gå
720 1019 7 21 i
741 1019 32 21 fot
788 1019 40 21 och
844 1018 72 27 skjuta

90 1048 33 21 till
146 1048 60 26 måls,
229 1048 26 21 så
277 1054 34 15 ser
331 1049 38 26 jag
389 1048 139 27 sannerligen
547 1049 55 26 icke,
618 1048 56 21 huru
690 1049 37 20 det
741 1048 69 21 skulle
825 1047 27 26 gå
867 1047 49 21 med

92 1077 68 21 denna
176 1078 75 25 trupps
267 1078 113 20 manövrer
396 1077 41 21 och
452 1077 115 27 praktiska
581 1077 96 26 arbeten,
686 1077 7 20 i
703 1076 38 21 fall
755 1077 48 20 icke
818 1075 98 22 mötesti-

92 1105 42 21 den
156 1105 115 27 förlänges.
302 1105 32 21 En
355 1106 66 21 sådan
440 1105 101 28 förlängd
557 1106 103 21 mötestid
675 1105 98 22 inverkar
789 1104 65 22 också
869 1104 47 21 icke

91 1134 29 27 på
142 1134 66 26 något
230 1135 45 20 sätt
297 1134 102 21 störande
421 1135 29 26 på
469 1134 37 21 det
524 1134 82 27 förelag
625 1140 46 16 som
689 1134 23 21 af
725 1134 108 21 utskottet
848 1132 70 22 blifvit

92 1162 127 27 uppställdt.
249 1163 43 20 Det
313 1163 80 21 rubbar
415 1163 70 21 icke
481 1157 14 37 i
504 1163 72 26 någor
594 1163 50 21 mån
663 1164 83 25 gången
766 1161 23 22 af
807 1162 37 21 det
861 1161 56 26 hela,

92 1191 40 21 och
154 1190 33 22 får
206 1191 39 27 jag
267 1191 72 22 derför
361 1191 32 22 för
415 1191 44 21 min
473 1192 35 21 del
521 1191 82 27 jemväl
618 1191 107 28 tillstyrka
741 1193 32 19 att
787 1190 131 22 mötestiden

91 1219 107 27 förlänges
221 1219 33 21 till
278 1221 41 20 120
338 1220 67 26 dagar
420 1220 53 21 eller
488 1220 33 21 till
538 1226 38 16 sex
590 1220 80 21 veckor
684 1220 74 27 hvarje
773 1219 35 27 år;
825 1219 37 21 det
876 1219 42 21 blir

93 1249 41 20 126
150 1248 72 27 dagar,
239 1248 82 21 hvilket
336 1250 24 19 är
374 1248 91 27 ungefär
481 1249 128 21 detsamma.

160 1277 56 20 Herr
235 1277 162 26 Lagerborg,
415 1277 91 21 Robert:
538 1278 43 26 Jag
597 1277 96 22 anhåller
708 1277 76 21 endast
799 1282 34 15 om
850 1277 32 20 att
897 1275 21 22 få

93 1305 70 22 erinra
178 1311 35 15 om
229 1305 40 21 den
285 1305 139 27 anmärkning
437 1306 38 26 jag
489 1306 69 21 redan
569 1306 35 22 vid
615 1305 234 28 principdiskussionen
862 1305 56 21 hade

92 1335 33 19 att
148 1333 73 21 anföra
244 1335 58 20 emot
323 1334 120 21 utskottets
465 1335 141 21 betänkande
628 1335 7 20 i
651 1335 70 20 denna
737 1333 40 26 del,
793 1333 40 21 och
850 1333 26 21 då
892 1333 27 21 de

93 1362 52 26 skäl,
169 1362 28 26 på
218 1362 72 21 hvilka
310 1362 38 27 jag
367 1362 33 21 för
419 1362 44 21 min
483 1362 36 22 del
535 1363 79 21 stödde
629 1363 44 21 min
688 1363 62 26 åsigt,
767 1363 32 20 att
815 1368 26 14 en
856 1361 63 21 nittio

93 1390 77 27 dagars
186 1390 117 27 öfningstid
318 1392 24 19 är
357 1390 33 22 för
405 1391 55 25 kort,
469 1391 69 21 redan
547 1392 112 21 dessutom
670 1391 39 21 här
719 1390 69 22 blifvit
797 1390 121 28 påpekade,

93 1419 96 21 anhåller
201 1419 39 27 jag
255 1419 77 21 endast
347 1420 33 20 att
394 1418 23 22 få
431 1418 76 22 förena
521 1420 45 26 mig
581 1426 35 15 om
631 1420 38 21 det
683 1419 86 27 förslag,
785 1425 47 20 som
847 1418 23 22 af
882 1418 38 21 fri-

92 1447 63 21 herre
177 1447 145 21 Nordenstam
343 1447 70 21 blifvit
433 1447 147 27 uppkastadt,
603 1448 108 26 nämligen
734 1449 31 19 att
787 1447 131 21 mötestiden

93 1475 69 21 skulle
185 1476 189 20 sammanräknadt
392 1482 52 15 vara
461 1477 40 19 120
518 1476 74 27 dagar.
623 1476 41 27 Jag
678 1476 67 21 fattar
759 1476 47 21 icke
822 1477 33 19 att
871 1474 48 21 der-

93 1503 35 21 vid
144 1504 69 26 ingick
229 1504 70 26 någon
314 1504 136 26 bestämning
465 1510 35 14 om
516 1506 68 26 något
599 1504 54 22 visst
663 1505 59 21 antal
731 1504 66 26 dagar
805 1504 33 21 för
845 1502 74 27 hvarje
