1109 1678
243 98 54 20 1048
540 101 40 16 Den
597 98 11 19 5
625 99 105 18 Deeember.

215 163 50 21 död.
295 163 56 21 Herr
373 163 112 22 Ehrström
500 163 64 27 hyste
580 169 26 16 en
621 163 46 21 frän
684 163 41 21 den
741 162 102 22 nordiska
858 161 162 28 lagstiftningen
1034 162 7 21 i

215 194 72 19 ämnet
308 203 28 4 —
359 192 90 27 specielt
472 192 41 21 den
529 193 80 20 norska
623 192 64 27 lagen
703 191 23 22 af
739 192 41 21 den
799 193 24 20 12
839 191 42 27 Maj
899 191 61 21 detta
975 191 23 21 är
1014 203 27 3 —

215 220 112 22 afvikande
349 221 56 26 äsigt
421 221 40 21 och
476 223 52 19 utan
544 223 33 19 att
591 220 58 22 fästa
665 220 102 22 afseende
782 221 35 21 vid
833 219 155 22 allmänhetens
1004 220 37 21 be-

215 249 107 27 rättigade
345 249 86 22 fordran
454 251 32 20 att
509 249 55 22 efter
586 250 43 21 viss
653 249 50 21 kort
718 249 31 21 tid
765 249 115 28 disponera
895 248 58 22 öfver
967 249 74 26 kopie-

213 278 138 27 ringsrätten,
375 278 128 22 tillerkände
526 279 42 20 han
591 278 124 27 skulptörer
738 278 41 21 och
800 278 80 21 mälare
895 277 68 22 under
978 278 64 21 deras

214 307 68 21 lifstid
305 308 56 20 samt
383 307 62 22 deras
460 307 67 22 enkor
542 307 41 22 och
598 307 107 26 arfvingar
721 307 74 21 trettio
812 307 24 21 är
852 306 54 22 efter
921 306 61 21 deras
1000 306 42 21 död

215 335 69 27 skydd
308 337 58 19 emot
389 336 27 20 all
439 336 57 26 slags
520 336 152 26 efterbildning
691 335 22 21 af
727 336 63 21 deras
806 336 58 26 verk,
881 341 48 15 men
944 335 98 21 lemnade

214 365 101 26 gravörer
331 364 40 21 och
385 364 126 28 lithografer
526 367 53 19 utan
593 365 38 21 allt
647 364 68 27 skydd
730 364 33 21 för
779 364 62 22 deras
858 364 94 21 arbeten.
972 376 22 2 —
1005 364 37 20 Ef-

215 395 33 19 ter
270 394 33 19 att
325 392 62 22 hafva
403 394 55 26 tagit
471 394 7 20 i
494 393 156 27 öfvervägande
666 394 64 20 dessa
745 394 33 20 tre
795 393 57 21 olika
866 392 121 27 lagförslag,
1004 392 39 21 har

214 421 160 27 Ridderskapet
389 422 40 21 och
445 422 74 27 Adeln,
528 423 49 21 med
592 422 140 21 förkastande
748 421 23 22 af
785 422 165 26 Lagutskottets
966 421 76 22 betän-

214 449 71 22 kande
297 450 40 21 och
352 450 50 21 herr
417 451 123 21 Ehrströms
557 451 139 26 reservation,
713 450 91 21 beslutit
820 452 32 19 att
868 450 67 22 delvis
950 450 7 21 i
973 449 68 22 öfver-

215 479 163 22 ensstämmelse
394 480 48 21 med
458 480 41 21 den
510 480 121 27 Kejserliga
646 479 161 28 propositionen
815 481 79 24 antaga
902 481 78 20 tvenne
988 479 53 21 tids-

215 507 162 28 bestämningar
392 508 33 21 för
441 508 37 22 det
493 509 69 27 skydd
577 508 207 21 konstnärsarbeten
800 509 53 20 böra
868 508 84 27 åtnjuta
962 507 40 21 och
1011 509 33 20 att

219 537 49 20 med
283 536 83 28 hänsyn
381 537 190 27 tillskyddsrätten
586 537 97 21 likställa
698 538 102 25 gravörer
810 537 41 21 och
859 536 125 27 lithografer
995 537 48 21 med

219 565 80 22 målare
323 565 40 22 och
387 566 128 27 skulptörer.
539 577 28 4 —
590 566 47 21 Den
661 567 46 20 text
723 565 31 22 till
772 567 25 20 15
816 566 40 21 och
874 567 24 20 16
914 565 30 28 $$,
961 571 46 15 som
1024 565 22 21 af

217 594 156 27 Lagutskottet
393 595 7 20 i
423 595 50 21 dess
497 593 299 28 sammanjemkningsförslag
818 601 29 15 nu
869 594 134 27 framlägges,
1020 596 24 19 är

216 623 51 21 herr
281 623 124 22 Ehrströms
421 624 133 21 reservation
569 624 50 21 med
634 625 32 20 ett
682 630 25 14 ur
723 623 41 22 den
779 623 121 27 Kejserliga
915 623 128 27 propositio-

216 658 42 15 nen
282 653 61 25 taget
365 652 124 26 bristfälligt
511 653 75 26 tillägg
610 659 33 14 om
659 652 190 27 kopparstiekares
866 652 40 21 och
922 652 54 21 slike
992 652 51 21 arti-

216 682 57 19 sters
295 681 44 20 rätt
361 680 32 21 till
410 680 74 28 skydd.
516 680 28 22 Af
558 681 60 21 detta
633 680 76 27 tillägg
725 680 53 22 eller
793 681 55 21 sista
863 682 117 20 momentet
994 680 6 21 i
1018 682 25 20 15

216 708 11 28 $
243 708 22 22 af
279 709 322 27 sammanjemkningsförslaget
617 710 69 20 måste
702 716 49 14 man
767 716 58 19 anse,
843 711 33 20 att
884 710 110 26 gravörers
1003 709 40 21 och

215 737 137 27 lithografers
374 738 125 27 skyddsrätt
521 738 32 22 till
576 738 47 22 sina
647 738 89 22 arbeten
760 740 24 19 är
800 738 151 27 tillgodosedd,
968 738 77 22 endast

217 766 90 22 såframt
327 766 26 22 de
370 766 113 22 efterbilda
499 768 51 20 verk
567 767 22 21 af
602 766 77 22 aflidne
695 767 80 21 målare
792 767 39 21 och
847 767 127 27 skulptörer,
991 767 53 21 hvil-

216 795 40 21 kas
281 795 118 25 arfvingars
422 797 43 20 rätt
487 796 100 27 upphört,
605 796 52 21 eller
673 796 73 21 såsom
761 796 8 20 i
784 795 259 28 sammanjemkningsför-

218 824 71 26 slaget
305 826 64 24 säges
387 824 46 26 ,till
447 824 64 22 hvars
527 824 188 28 mängfaldigande
731 831 70 15 annan
817 825 18 26 ej
852 825 40 21 har
907 825 137 21 uteslutande

217 852 66 22 rätt".
313 853 131 26 Härigenom
460 854 69 21 skulle
546 854 37 20 det
598 853 150 28 besynnerliga
763 853 91 27 inträffa,
871 855 32 19 att
919 860 26 14 en
952 853 93 27 koppar-

218 881 101 27 stickare,
343 888 47 15 som
412 882 48 21 med
482 889 29 14 nu
533 882 98 22 lefvande
654 882 91 21 mälares
769 882 98 22 tillständ
887 882 91 22 afbildar
991 882 54 21 hans

217 909 58 27 tafla,
301 910 83 27 knappt
406 910 76 22 hunnit
504 911 111 27 publicera
631 911 33 21 sin
680 917 83 21 gravyr,
779 911 64 21 innan
859 911 42 21 han
918 917 34 15 ser
968 911 40 21 den
1025 910 22 22 af

217 945 70 15 annan
309 945 48 15 man
379 939 119 26 ostraffadt,
515 946 78 20 genom
607 939 99 27 fotografi
722 940 53 21 eller
789 940 28 26 pä
833 941 66 20 annat
914 941 44 20 sätt
973 945 73 21 repro-

217 967 92 21 duceras
326 968 40 21 och
382 968 79 21 honom
476 968 32 21 till
524 968 64 22 mehn
604 968 101 27 utbjudas
722 968 33 21 till
771 968 53 22 salu.
855 969 43 21 Det
908 968 74 27 tillägg
992 968 55 27 Lag-

217 996 110 21 utskottet
348 996 60 27 fogat
423 997 33 20 till
471 997 50 21 herr
536 998 124 20 Ehrströms
676 997 133 21 reservation
824 997 68 21 finner
904 997 38 27 jag
957 996 89 27 derföre,

221 1025 72 21 säsom
309 1025 70 26 sagdt,
389 1025 149 27 ofullständigt
554 1025 41 22 och
611 1025 112 22 stridande
739 1027 58 20 emot
811 1025 164 28 författningens
992 1025 56 22 anda

220 1053 41 21 och
285 1053 106 22 ändamäl.
421 1054 63 21 Hvad
508 1054 47 22 äter
577 1055 51 20 herr
650 1054 125 21 Ehrströms
792 1055 133 21 reservation
940 1054 107 27 beträffar,

219 1088 65 15 anser
304 1082 38 27 jag
365 1083 145 21 densammma
529 1083 73 21 säsom
617 1084 54 20 utan
687 1083 48 21 skäl
751 1083 115 21 afvikande
880 1083 47 21 frän
943 1083 40 21 den
999 1089 49 16 nor-

219 1110 63 22 diska
297 1110 162 28 lagstiftningen
475 1112 6 20 i
497 1113 78 25 ämnet,
592 1111 49 22 icke
656 1112 73 21 kunna
743 1112 183 27 antagas.
856 1106 13 37 —
881 1106 37 37 Jag
934 1112 42 21 kan
985 1112 64 21 alltsä

218 1139 49 21 icke
289 1141 34 20 tro
347 1141 32 20 att
402 1140 161 27 Ridderskapet
578 1141 41 21 och
634 1140 69 21 Adeln
720 1141 55 20 skall
791 1141 7 20 i
813 1147 27 15 en
855 1140 149 28 principfräga,
1021 1141 28 26 pä

217 1167 88 22 hvilken
328 1168 50 21 hela
401 1169 41 21 den
464 1169 111 22 artistiska
596 1169 155 26 eganderätten
768 1169 89 22 baserar
873 1169 38 27 sig,
927 1169 75 27 irängä
1018 1171 32 19 ett

218 1196 69 21 redan
302 1196 81 22 fattadt
398 1197 73 22 beslut
486 1198 40 21 och
542 1199 81 26 antaga
639 1204 26 15 en
679 1197 117 28 bristfällig
810 1199 88 26 lagtext.
928 1198 42 26 Jag
984 1198 65 27 yrkar

217 1224 86 23 derföre
316 1226 29 25 pä
359 1225 140 23 förkastande
515 1227 23 21 af
550 1227 168 26 Lagutskottets
735 1226 314 28 sammanjemkningstförslag
1039 1220 14 38 i

219 1253 65 28 dessa
305 1253 23 28 88
345 1254 39 21 och
401 1261 62 15 anser
479 1255 37 22 det
531 1261 51 16 vore
598 1257 81 19 rättast
694 1255 40 22 och
750 1255 160 28 Ridderskapet
925 1255 40 22 och
980 1255 69 22 Adeln

218 1282 113 27 värdigast
347 1284 32 20 att
395 1283 88 22 ständet
497 1284 95 21 vidhölle
608 1284 39 21 sitt
662 1284 67 21 redan
745 1283 83 23 fattade
843 1284 79 21 beslut.

288 1311 56 22 Herr
363 1312 194 28 Montgomery:
573 1313 44 21 Det
632 1315 24 18 är
671 1314 33 20 att
719 1313 92 27 beklaga
827 1315 32 19 att
874 1313 50 21 herr
939 1319 41 15 von
995 1313 54 21 Bec-

217 1339 50 32 kers
283 1340 104 27 yrkande,
401 1341 67 27 jemte
484 1342 41 21 den
540 1341 129 26 motivering
684 1341 42 21 han
743 1342 28 26 pä
787 1342 60 21 detta
862 1348 48 14 rum
924 1341 124 27 frambragt,

217 1368 49 32 icke
289 1368 40 22 har
351 1369 90 21 kommit
457 1370 26 21 de
499 1370 67 21 andra
581 1369 93 22 ständen
689 1370 106 21 tillhanda
810 1370 41 22 och
868 1370 84 21 säledes
968 1370 82 21 kunnat

217 1396 90 22 inverka
329 1398 29 26 pä
381 1398 62 22 deras
467 1398 78 22 beslut.
576 1398 35 22 Nu
634 1398 39 22 ber
685 1398 38 27 jag
739 1400 33 20 att
787 1398 21 22 få
823 1398 113 22 framhålla
951 1400 32 19 att
998 1398 52 22 hvar

217 1425 41 21 och
275 1432 35 20 en,
330 1432 47 15 som
392 1427 50 21 med
458 1427 120 22 eftertanke
594 1427 121 27 genomläst
733 1429 82 20 15—17
832 1427 26 28 $$
874 1427 41 21 och
930 1427 119 21 utskottets

217 1454 130 28 motivering
362 1454 23 22 af
399 1456 240 27 sammanjemkningen,
647 1456 47 21 icke
710 1456 62 22 torde
786 1457 73 21 kunna
874 1456 86 22 komma
970 1456 32 21 till
1013 1462 36 16 an-

217 1484 39 31 nat
271 1483 98 26 resultat,
387 1486 26 19 än
430 1484 43 27 det,
489 1485 33 21 till
537 1485 83 21 hvilket
635 1484 108 22 utskottet
759 1485 90 22 kommit
864 1485 7 21 i
887 1484 163 28 sammanjemk-

217 1514 113 26 ningsväg.
361 1512 42 29 Jag
418 1514 42 21 kan
476 1514 95 22 erkänna
587 1515 32 20 att
636 1514 39 21 den
692 1514 41 28 lag,
750 1520 47 16 som
812 1515 7 21 i
836 1514 94 27 enlighet
937 1514 49 22 med
994 1520 56 16 sam-
