1109 1678
380 112 39 20 Den
437 113 12 20 6
465 112 106 20 December.
813 111 53 20 1077

68 175 126 23 härutinnan
205 176 106 23 -uttalade
327 177 141 27 synpunkten.
498 176 42 27 Jag
554 176 40 21 ber
608 175 69 22 tillika
693 176 33 21 att
740 175 22 22 få
777 177 77 20 nämna
864 177 32 20 att

70 205 36 21 det
121 205 7 21 i
143 205 76 28 sjelfva
231 206 76 22 verket
321 205 68 22 finnes
404 205 175 28 kyrkosamfund,
598 205 33 21 till
653 205 63 21 hvars
731 204 92 22 ledande
838 205 58 26 prin-

70 234 58 27 ciper
143 234 38 21 det
195 235 40 22 hör
251 236 32 20 att
298 234 34 22 val
347 235 55 21 skall
417 234 22 22 få
454 235 39 21 ske
511 233 47 22 fritt
576 233 23 22 af
616 233 163 27 församlingens
795 233 101 22 medlem-

69 269 52 15 mar.
151 263 39 22 Ett
212 263 120 27 stadgande
355 263 23 22 af
399 264 37 21 det
457 263 102 25 innehåll,
583 269 47 14 som
652 262 109 22 utskottet
778 261 116 28 föreslagit,

69 291 85 22 komme
169 293 72 21 derför
256 294 33 19 att
304 292 52 21 råka
370 292 7 21 i
392 292 112 27 betänklig
519 291 55 22 strid
589 291 49 21 med
661 291 109 27 åtskilliga
785 291 111 27 religions-

70 320 109 22 samfunds
203 321 148 27 öfvertygelse.
382 321 73 21 Också
477 320 46 21 från
547 320 42 21 den
611 320 135 27 synpunkten
769 320 71 21 skulle
858 320 38 27 jag

70 349 50 27 vilja
134 348 97 23 försvara
241 350 41 21 den
292 349 78 27 nådiga
380 349 162 28 propositionen
554 350 58 20 emot
622 348 119 22 utskottets
752 348 144 22 betänkande.

138 378 99 22 Friherre
253 378 104 27 Wrede,
377 379 94 26 August:
501 378 43 26 Jag
559 378 39 20 har
613 384 89 14 numera
720 377 48 21 icke
784 377 65 27 något
864 379 33 20 att

70 406 88 27 tillägga
173 407 32 20 till
220 407 37 21 det
271 407 128 22 bemötande
414 407 75 22 herrar
503 406 107 22 Mechelin
625 405 41 22 och
675 406 148 28 Montgomery
833 405 64 23 hafva

70 435 81 22 lemnat
165 435 76 22 herrar
257 435 141 28 Godenhjelm
413 436 41 21 och
469 435 61 22 Rein.

138 464 57 22 Herr
210 464 184 27 Godenhjelm:
425 465 41 26 Jag
481 464 37 21 vill
534 464 78 21 endast
627 463 95 27 tillägga,
739 465 32 20 att
785 463 36 28 jag
833 464 8 21 i
849 464 49 21 mitt

70 493 68 22 första
160 493 139 27 andragande
321 493 48 22 icke
391 493 44 22 fäst
457 493 44 27 mig
522 493 36 21 vid
574 492 41 22 den
631 498 77 15 senare
724 492 62 21 delen
801 493 23 21 af
838 493 60 22 detta

71 521 142 28 betänkande,
230 524 51 19 utan
298 523 77 20 endast
389 523 35 21 vid
440 523 42 21 den
496 521 65 22 förra.
590 521 63 22 Hvad
668 527 76 15 senare
755 521 62 22 delen
825 522 71 27 angår,

72 551 24 21 så
111 553 23 19 är
146 551 38 27 jag
199 551 66 21 också
281 557 50 16 ense
347 557 40 20 om,
404 553 33 20 att
451 551 48 21 icke
516 550 41 22 den
572 549 144 28 formulering,
733 556 46 15 som
790 551 108 21 utskottet

72 579 117 27 föreslagit,
205 580 68 21 borde
288 582 99 25 antagas;
401 580 38 27 jag
455 582 23 19 är
493 579 86 22 således
594 579 130 21 härutinnan
739 585 51 16 ense
805 580 49 21 med
867 579 31 22 öf-

71 608 47 27 riga
138 609 74 26 talare,
233 615 46 15 som
297 610 67 26 yttrat
384 609 32 27 sig
431 609 7 20 i
454 609 70 21 denna
542 607 67 28 fråga.
640 608 62 21 Hvad
716 608 50 21 herr
781 608 116 22 Mechelins

71 637 100 27 yttrande
187 643 35 16 om
236 637 254 27 landtbrukssällskapen
506 637 40 22 och
563 637 41 21 den
619 634 91 29 analogi,
727 643 45 15 som
783 636 113 23 förefinnes

72 666 77 21 mellan
172 666 82 22 sådana
275 667 143 26 inrättningar
440 666 41 22 och
508 666 66 21 dessa
599 665 169 27 kyrkosamfund
789 665 108 27 beträffar,

72 694 75 28 tycker
166 694 44 28 jag,
234 696 33 20 att
289 695 120 21 skillnaden
425 696 24 20 är
464 694 25 22 så
505 696 45 20 stor
566 694 90 22 emellan
672 694 64 21 dessa
751 694 56 22 olika
822 694 76 22 inrätt-

72 723 76 27 ningar
163 725 32 19 att
211 723 27 22 de
254 724 121 26 egentligen
391 724 47 21 icke
453 724 72 26 lämpa
540 723 33 27 sig
589 723 32 21 till
637 723 102 27 exempel,
754 730 48 15 men
815 723 37 27 jag
861 730 37 15 an-

73 758 35 16 ser
123 754 32 20 att
171 752 60 22 detta
247 754 24 20 är
285 759 25 15 en
323 752 156 28 jemförelsevis
495 752 83 22 mindre
593 752 67 27 vigtig
675 752 48 21 sida
738 752 23 21 af
773 752 67 22 saken
858 752 40 22 och

72 781 36 22 vill
123 781 76 22 härvid
213 781 110 27 ingenting
338 782 72 21 vidare
426 781 94 27 tillägga.

140 810 57 22 Herr
212 810 158 26 Schauman,
387 810 24 22 B.
429 810 36 21 0.:
496 810 42 26 Jag
553 809 70 22 skulle
638 808 64 23 hafva
716 809 109 28 ingenting
841 812 57 20 emot

74 840 10 19 1
101 844 62 16 mom.
179 839 8 21 i
203 839 69 21 denna
294 838 121 28 paragraf
409 834 12 36 i
433 838 123 28 Kejserliga
577 838 168 27 propositionen,
769 838 73 22 derest
863 841 35 19 ut-

72 868 85 26 trycket
179 867 33 22 för
235 868 40 21 den
298 867 155 27 föreståndare,
478 874 46 15 som
550 874 27 14 en
597 866 231 28 dissenterförsamling
844 868 54 21 skall

72 896 62 27 välja,
158 902 51 16 vore
232 898 33 20 ett
287 898 71 25 annat,
383 899 26 19 än
432 897 72 21 såsom
520 896 37 22 det
578 902 29 15 nu
629 896 67 26 heter,
714 896 83 26 ,dertill
812 896 88 27 lämplig

72 926 99 26 person".
202 926 41 26 Jag
263 925 56 22 hade
342 926 78 21 önskat
442 927 33 19 att
497 925 71 27 någon
590 927 98 19 närmare
709 924 145 27 qvalifikation
877 925 23 21 af

74 954 69 21 denna
165 960 79 21 person
267 954 69 22 skulle
358 955 139 25 bestämmas,
518 955 23 26 ty
556 954 93 21 nämnda
663 953 139 27 formulering
816 954 82 21 lemnar

75 982 63 27 ingen
152 983 87 26 ledning
258 982 33 22 för
309 984 108 21 omdömet
435 983 114 21 hurudana
569 982 133 27 egenskaper
719 982 41 22 han
775 983 40 21 bör
829 982 69 27 hafva,

74 1011 82 21 hvilket
178 1011 55 22 dock
256 1017 63 22 synes
342 1012 43 26 mig
407 1018 51 15 vara
473 1011 24 21 af
509 1012 81 20 största
604 1011 51 27 vigt.
685 1011 40 21 Att
739 1011 41 22 han
795 1011 40 22 bör
849 1017 51 16 vara

74 1046 26 15 en
116 1040 7 21 i
138 1040 42 21 allo
196 1040 139 27 respektabel
348 1047 86 20 person,
451 1043 24 18 är
491 1040 130 21 åtminstone
635 1040 81 26 nödigt.

142 1069 57 21 Herr
213 1069 142 22 Mechelin:
385 1069 40 22 Till
448 1069 137 21 undvikande
607 1067 23 22 af
651 1069 77 21 sådant
742 1068 158 27 missförstånd,

74 1103 45 15 som
134 1097 51 22 herr
201 1097 141 28 Godenhjelm
357 1098 43 27 röjt
415 1097 112 28 angående
542 1097 49 21 mitt
607 1099 86 20 senaste
709 1097 142 28 andragande,
862 1097 37 22 vill

71 1126 37 27 jag
122 1126 101 27 påminna
239 1133 40 20 om,
296 1128 32 20 att
343 1128 15 20 t.
375 1133 32 15 ex.
416 1127 82 21 sådana
509 1125 127 28 föreningar,
648 1132 45 15 som
703 1125 195 29 folkupplysnings-

73 1155 102 27 sällskap,
190 1155 22 21 få
226 1155 47 22 fritt
287 1155 56 28 välja
358 1156 46 21 sina
419 1155 137 26 hufvudmän,
573 1156 33 20 att
621 1155 123 27 aktiebolag
759 1155 32 22 för
801 1155 98 22 enskilda

73 1184 83 21 skolors
179 1184 188 27 upprätthållande
389 1185 35 21 väl
441 1184 93 21 likasom
549 1183 282 28 dissenterförsamlingarne
846 1184 53 21 böra

72 1212 23 21 få
110 1213 46 21 sina
171 1213 133 27 stadganden
321 1213 141 26 stadfästade,
477 1219 49 14 men
541 1212 22 21 få
578 1213 57 26 välja
650 1213 42 20 alla
706 1213 69 22 lärare
786 1213 31 21 uti
828 1213 71 22 denna

74 1241 62 22 skola
157 1243 52 20 utan
232 1243 32 20 att
287 1243 72 20 staten
378 1241 131 23 förbehåller
531 1241 33 27 sig
584 1243 32 19 att
634 1241 22 21 få
671 1243 52 24 göra
738 1241 159 28 utnämningen.

73 1269 75 22 Denna
164 1271 85 26 analogi
264 1271 61 21 torde
340 1271 83 22 kanske
439 1277 51 15 vara
505 1270 105 27 tydligare
626 1272 27 19 än
669 1270 40 21 den
724 1270 63 22 förra.

142 1299 56 21 Herr
212 1305 41 16 von
268 1299 124 22 Kremer:
423 1299 42 27 Jag
481 1299 96 21 anhåller
592 1300 32 20 att
639 1301 58 19 emot
712 1305 76 16 senare
804 1299 62 22 delen
877 1298 24 23 af

75 1329 9 19 1
101 1333 70 21 mom.,
187 1328 88 21 hvarom
290 1328 39 21 här
345 1328 66 21 ocksä
425 1328 56 22 varit
495 1327 67 27 fräga,
572 1327 111 27 angäende
693 1329 143 25 guvernörens
846 1328 52 26 god-

73 1356 112 22 kännande
201 1355 22 23 af
237 1356 58 22 valet
308 1356 22 22 af
343 1356 155 26 föreständare,
520 1356 23 21 fä
565 1358 84 24 nämna,
665 1357 33 21 att
713 1356 36 22 det
764 1362 82 16 samma
861 1362 36 16 en-

72 1384 40 27 ligt
126 1385 44 21 min
185 1385 57 27 äsigt
256 1385 48 21 icke
318 1385 43 21 kan
375 1386 97 21 medtöra
487 1384 96 27 ringaste
593 1386 61 26 nytta
664 1385 51 21 eller
725 1392 51 15 vara
784 1384 23 22 af
815 1385 81 27 nägon-

72 1413 47 27 ting
134 1414 117 26 päkalladt,
268 1420 33 15 om
317 1414 47 21 icke
387 1415 134 25 guvernören
536 1413 70 21 tillika
620 1412 40 22 har
674 1415 45 20 rätt
733 1415 33 20 att
780 1413 76 28 pröfva
870 1420 28 15 en

73 1442 68 21 sådan
156 1448 89 21 persons
261 1442 132 27 lämplighet,
408 1442 64 22 hvars
487 1442 35 21 val
540 1442 55 21 skall
615 1442 131 26 godkännas.
776 1443 82 21 Annars
875 1444 25 20 är

74 1470 37 21 det
118 1470 38 22 "så
177 1471 52 27 godt
251 1473 32 19 att
303 1470 50 22 hela
376 1471 70 21 denna
460 1471 70 27 punkt
545 1470 81 22 lemnas
641 1470 55 22 bort.
727 1472 30 26 Ty
773 1473 32 19 att
820 1471 79 21 endast

73 1498 80 23 skrifva
167 1500 35 26 på,
219 1501 32 20 att
265 1505 50 16 man
330 1500 125 26 godkänner
471 1501 33 20 ett
517 1499 42 26 val,
575 1504 46 16 som
636 1505 49 16 man
703 1499 48 23 icke
767 1500 42 22 kan
823 1499 76 28 pröfva

74 1527 52 22 eller
141 1528 103 27 förkasta,
260 1528 74 28 tycker
345 1528 39 27 jag
399 1528 69 28 tjenar
483 1528 33 21 till
532 1527 115 28 ingenting.
