1109 1678
397 96 40 18 Den
453 95 14 18 4
481 96 108 18 December.
825 94 53 20 1005

78 159 50 26 mål,
150 160 27 20 än
198 159 26 22 de
247 159 32 22 till
294 158 73 22 hvilka
385 159 129 27 regeringen
534 158 33 23 för
583 159 38 22 sitt
636 159 49 27 nöje
701 158 52 22 eller
769 158 54 23 efter
838 158 70 27 behag

79 187 108 26 besluter;
204 194 48 16 men
272 187 107 22 ordinarie
399 188 149 21 inkomsterna
567 190 37 19 äro
621 187 66 22 också
701 187 84 22 landets
801 187 107 22 allmänna

78 216 71 22 medel
166 216 40 22 och
221 217 53 22 böra
289 217 108 21 användas
413 217 33 20 till
461 216 85 22 landets
563 218 67 26 nytta,
647 216 25 21 så
686 216 80 21 uttalar
781 216 32 27 sig
828 215 80 28 grund-

79 245 70 27 lagen.
181 245 72 22 Också
266 245 37 28 jag
318 244 68 22 finner
401 245 64 27 ingen
480 251 64 21 grace
561 245 71 22 deruti
647 246 34 20 att
695 251 48 15 man
759 245 108 21 använder
878 243 30 22 öf-

79 274 248 21 verskotts-statsmedel
342 274 33 21 till
391 274 106 27 ändamål,
509 273 33 22 för
557 274 73 21 hvilka
645 280 49 15 man
710 273 68 22 under
793 274 57 21 vissa
864 273 44 22 för-

79 303 116 22 hållanden
211 303 42 21 kan
267 302 87 27 påkalla
374 303 128 21 ständernas
519 303 137 21 medverkan.
673 314 27 3 —
715 303 43 20 Det
779 305 24 18 är
818 302 48 22 icke
882 307 26 16 en

80 337 63 21 grace
158 332 47 21 från
220 331 117 27 styrelsens
353 331 56 26 sida;
425 331 37 21 det
477 333 24 19 är
517 337 26 15 en
559 331 66 27 riktig
641 331 134 27 tillämpning
794 331 22 21 af
832 330 76 28 styrel-

80 366 50 16 sens
146 360 55 27 pligt
216 361 111 25 gentemot
341 360 85 22 landets
442 359 120 22 förnämsta
577 360 101 25 inkomst,
691 360 105 21 allmänna
806 358 103 23 statsfon-

81 388 48 21 den.
159 389 62 21 Hvad
236 388 111 27 yttrandet
362 395 34 14 om
407 389 26 21 de
445 388 70 21 skilda
525 388 124 22 skatternas
661 388 139 21 användande
808 388 34 21 för
852 387 58 22 olika

83 417 100 22 ändamål
205 417 138 26 vidkommer,
367 417 24 21 så
413 417 57 21 hade
490 417 38 27 jag
551 417 33 21 till
608 423 26 15 en
654 417 35 21 del
705 416 141 22 missförstått
860 416 50 21 herr

82 446 117 26 Snellman,
215 452 55 20 men,
287 446 72 21 såsom
373 445 36 28 jag
424 446 67 21 redan
507 445 101 28 antydde,
624 445 164 27 konseqvensen
803 445 41 22 blir
854 445 55 21 dock

82 475 49 24 den,
155 476 33 20 att
210 475 50 21 herr
282 474 109 22 Snellman
413 474 68 27 ansåg
505 476 33 20 att
555 475 29 26 på
599 474 188 21 bränvinsskatten
803 475 43 20 kan
860 479 50 16 man

82 503 74 22 anvisa
172 503 57 22 hvad
245 509 45 16 som
306 503 63 25 helst,
384 509 50 16 men
448 503 48 22 icke
512 503 29 28 på
555 503 122 27 bevillning.
709 503 39 21 Om
758 509 48 15 man
817 509 26 15 en
854 502 57 27 gång

82 538 64 16 anser
161 533 34 20 att
210 538 26 15 en
251 532 44 21 viss
311 538 83 15 summa
409 531 90 28 utgifter
514 534 24 19 är
553 532 130 26 nödvändig,
700 531 39 22 och
755 533 32 20 att
799 531 112 22 bränvins-

84 561 89 22 skatten
188 561 41 22 och
243 561 144 26 bevillningen
403 561 141 21 tillsammans
560 561 67 21 räcka
642 561 33 20 till
690 561 33 20 att
737 561 93 21 betäcka
841 560 69 25 dessa,

83 590 25 21 så
122 590 42 21 blir
180 589 37 22 det
231 589 108 27 likgiltigt,
356 589 55 21 huru
426 589 26 22 de
469 589 71 22 skilda
555 589 102 27 anslagen
673 589 93 22 fördelas
777 589 28 28 på
815 589 49 21 dem
872 587 40 22 och

86 619 41 21 den
144 619 67 21 andra
226 618 145 26 skattetiteln;
387 624 49 15 men
452 624 34 15 om
501 625 50 14 man
567 619 54 20 ökar
636 618 41 21 den
693 618 89 21 sålunda
795 613 118 36 beräknade

84 647 182 27 utgiftssumman,
283 647 26 21 så
315 647 98 26 påkallar
428 647 61 21 detta
497 647 58 22 ökad
567 647 116 26 bevillning
692 647 51 21 eller
755 647 40 21 ock
808 646 69 21 måste
892 645 21 21 vi

84 676 32 21 till
129 676 143 27 jernvägarne
287 675 60 21 anslå
363 675 82 21 mindre
462 677 27 19 än
504 675 107 22 förafsedt
625 675 62 22 varit.

152 704 57 22 Herr
225 704 155 26 Schauman,
403 704 25 21 B.
453 704 34 21 O.:
519 704 42 27 Jag
583 704 40 22 ber
645 704 78 21 endast
744 703 22 21 få
787 704 128 20 konstatera

84 733 131 27 riktigheten
237 732 23 22 af
281 733 36 21 det
339 738 56 21 svar,
415 733 48 21 med
484 732 82 22 hvilket
580 733 50 21 herr
650 732 108 22 Snellman
772 732 84 22 bemött
870 731 44 21 min

85 762 147 26 anmärkning.
263 762 48 20 Han
327 761 52 21 sade
394 761 126 27 visserligen
536 762 7 20 i
559 761 39 22 sitt
617 761 143 27 andragande,
781 761 26 21 då
823 760 38 22 det
875 766 38 15 var

84 790 61 28 fråga
160 796 34 16 om
207 790 148 27 jernvägarne,
366 792 33 19 att
413 790 64 26 ingen
492 790 92 28 påyrkat
599 790 71 27 någon
685 796 70 15 annan
769 789 69 28 nyttig
849 788 65 28 utgift

84 819 34 22 för
140 818 153 23 användandet
315 818 23 22 af
358 818 290 22 kommunikationsfondens
667 819 120 27 tillgångar,
803 818 110 22 äfvensom

85 848 43 21 han
143 848 7 21 i
165 848 76 26 början
257 847 22 21 af
293 854 81 14 samma
390 847 138 27 andragande
544 848 95 27 antydde
655 849 32 19 att
703 847 66 22 också
783 846 130 28 fängelsere-

85 876 83 22 formen
190 876 68 22 borde
279 876 50 22 med
348 876 65 21 dessa
427 876 71 22 medel
514 876 143 27 genomföras,
673 882 48 16 men
738 876 36 21 det
789 876 45 21 står
849 875 7 21 i
872 874 42 22 alla

86 905 36 21 fall
135 905 44 21 fast
194 906 39 25 att,
250 904 27 22 då
292 905 42 21 han
349 905 126 26 obetingadt
485 905 107 27 beviljade
604 905 26 21 de
641 904 22 22 af
673 905 107 21 utskottet
790 903 124 23 beräknade

86 934 71 21 medel
173 933 22 22 af
208 933 189 22 bränvinsskatten
412 933 33 22 för
463 933 41 22 den
524 934 152 27 projekterade
693 934 117 27 jernvägen
829 932 33 22 till
877 932 37 21 Ni-

86 962 115 26 kolaistad,
217 962 72 22 kunde
304 962 37 22 det
355 962 48 22 icke
419 962 39 22 ske
473 962 30 27 på
518 964 66 20 annat
599 964 46 20 sätt
666 964 28 20 än
714 964 32 19 att
766 962 69 21 denna
855 961 58 27 jern-

86 993 42 24 väg
150 991 70 21 skulle
241 991 140 26 ovilkorligen
402 991 109 26 uppsluka
534 991 28 21 all
584 991 162 21 bränvinsskatt
764 990 61 22 äfven
840 989 33 22 för
888 989 27 20 de

86 1019 130 22 kommande
231 1019 58 26 åren,
306 1019 40 22 och
361 1019 123 27 derigenom
495 1019 49 22 icke
554 1026 67 20 gerna
630 1019 68 27 något
707 1019 71 22 kunde
789 1018 65 22 blifva
864 1023 52 21 qvar

89 1047 33 23 för
137 1047 210 27 fängelsereformen.
363 1059 28 4 —
406 1048 42 21 För
464 1050 33 19 att
512 1051 57 18 ännu
584 1048 115 28 förtydliga
713 1048 55 21 hvad
788 1048 38 27 jag
842 1047 75 21 senast

88 1077 93 27 yttrade,
197 1077 37 21 vill
246 1077 37 27 jag
300 1077 77 21 endast
396 1076 119 27 framhålla,
536 1079 33 19 att
587 1077 38 21 det
647 1079 24 19 är
690 1077 87 21 alldeles
796 1075 122 26 förklarligt

90 1107 32 20 att
137 1105 128 27 regeringen
280 1105 77 28 begärt
372 1105 82 22 sådana
469 1106 76 26 anslag
556 1105 23 22 af
587 1106 116 21 ständerna
713 1105 32 21 till
755 1103 163 28 ifrågavarande

90 1133 106 27 ändamål,
221 1134 88 21 emedan
333 1134 142 21 statsverkets
500 1135 108 21 ordinarie
631 1134 118 21 inkomster
769 1133 48 22 icke
840 1134 38 20 äro
894 1132 24 21 så

90 1163 112 26 elastiska,
219 1163 40 21 och
275 1163 67 26 enligt
357 1163 56 21 hvad
428 1163 50 21 herr
493 1163 113 22 Molander
621 1163 92 27 yttrade,
729 1162 41 22 Kan
784 1168 49 15 man
849 1160 69 27 aldrig

90 1198 52 15 vara
157 1191 65 22 säker
236 1193 32 20 att
283 1192 26 21 de
325 1191 48 22 icke
388 1191 103 22 behöfvas
507 1192 33 21 till
556 1191 37 22 det
609 1198 40 15 ena
667 1191 53 22 eller
737 1191 65 21 andra
817 1189 101 22 ändamå-

89 1220 41 27 let;
146 1220 50 21 med
211 1221 33 20 ett
259 1220 39 21 ord
313 1220 126 27 regeringen
454 1220 68 27 begär
537 1221 66 21 dessa
617 1220 77 27 medel,
715 1219 88 23 emedan
823 1219 42 21 den
880 1218 40 21 har

91 1248 90 27 utgifter
201 1249 125 26 tillräckligt
346 1249 40 21 och
406 1249 49 21 litat
475 1249 30 27 på
522 1249 58 22 hvad
595 1249 116 22 ständerna
726 1248 62 22 hafva
802 1247 68 22 lofvat
884 1246 36 22 vid

92 1284 26 15 en
133 1277 131 27 föregående
278 1277 111 27 landtdag.

160 1306 99 21 Friherre
273 1312 42 15 von
330 1306 81 27 Troil,
429 1306 20 21 S.
465 1307 45 20 W.:
541 1306 35 21 Då
592 1306 37 22 det
639 1306 22 21 af
667 1306 50 21 herr
727 1305 119 22 Snellmans
858 1310 62 15 sena-

91 1336 34 20 ste
139 1334 101 28 yttrande
264 1335 48 21 icke
334 1335 144 27 uttryckligen
501 1335 95 27 framgär
615 1336 33 20 att
662 1335 50 21 herr
728 1334 106 22 Snellman
851 1333 70 21 skulle

90 1362 108 28 medgifva
211 1364 34 20 att
260 1362 27 22 de
303 1363 122 21 annuiteter
440 1363 13 21 &
469 1365 56 19 1868
541 1364 35 20 års
589 1363 145 27 jernvägslän,
750 1369 45 15 som
806 1360 115 23 militefon-

93 1392 41 21 den
153 1391 139 22 förskottsvis
315 1392 100 23 utbetalt,
439 1392 72 21 säsom
528 1392 41 21 ock
585 1392 27 21 de
627 1391 124 27 förskotter,
767 1391 73 21 hvilka
855 1391 67 20 stats-

92 1420 75 21 verket
189 1419 33 22 för
244 1420 123 27 byggandet
390 1420 22 21 af
433 1420 161 22 Riihimäki-S:t
615 1420 142 27 Petersburgs
775 1420 90 27 jernväg
880 1418 42 21 fick

92 1448 127 26 vidkännas,
237 1448 69 22 skulle
321 1448 64 22 hafva
399 1448 70 22 blifvit
484 1448 24 22 af
522 1448 118 22 ständerna
655 1449 132 21 statsverket
795 1446 129 29 godtgjorda

93 1478 36 21 vid
143 1476 288 23 kommunikationsfondens
447 1477 111 27 stiftande,
574 1477 36 21 vid
624 1477 81 22 hvilket
716 1477 81 21 tillfälle
809 1477 64 21 dessa
880 1474 43 22 för-

94 1506 86 22 skotter
203 1506 86 27 ingingo
305 1505 7 21 i
327 1506 94 26 ligviden
443 1506 36 22 vid
501 1505 148 28 beräkningen
665 1506 22 22 af
701 1506 143 22 statsverkets
860 1502 66 24 andel
