1109 1825
219 164 43 34 650
381 174 211 22 Talonpoikaissääty
605 176 56 16 1872.
685 176 24 16 31
721 180 18 16 p.
752 175 82 17 toukok.

261 254 14 20 4
291 253 70 21 kohta.

261 311 113 21 Edusmies
389 311 121 22 Isotalo
527 311 68 22 tahtoi
612 313 45 20 että
672 312 143 21 valiokunnan
831 312 95 22 kunnille
940 313 79 26 jaetta-

191 339 60 21 vaksi
272 339 132 22 ehdoittama
419 346 82 15 summa
516 341 207 26 neljäsataatuhatta
736 341 103 21 markkaa
855 341 164 22 koroitettaisiin

192 367 91 28 yhdeksi
310 368 140 27 miljoonaksi,
476 369 95 21 niinkuin
596 369 112 22 1863—64
725 369 82 22 vuoden
822 369 151 27 valtiopäivillä
988 370 32 21 lu-

191 396 83 21 vattiin.

262 454 216 26 Landtdagsmannen
501 455 158 21 Rosendal
681 455 84 26 yttrade
782 458 31 18 att
829 455 106 22 utskottet
950 455 69 22 säsom

193 482 66 21 motiv
281 482 32 21 för
336 483 37 21 sitt
396 483 79 26 förslag
490 483 118 22 framhällit
623 485 33 20 att
671 483 50 24 ,allt
736 483 34 22 för
786 488 58 17 stora
860 484 39 21 och
915 485 105 26 obegrän-

193 511 51 21 sade
267 511 78 26 belopp
367 511 32 21 till
415 513 158 24 kommunerne,
591 512 66 27 enligt
671 512 117 21 utskottets
803 513 71 25 tanke,
890 513 46 21 icke
953 513 67 21 skulle

192 539 49 21 med
263 539 82 26 verklig
369 540 68 21 fördel
459 541 72 20 kunna
552 541 23 20 af
589 541 47 20 dem
653 541 128 23 användas*,
797 547 47 15 men
862 544 32 18 att
908 542 112 25 utskottet,

193 568 66 26 enligt
285 568 95 21 talarens
405 569 60 26 äsigt,
490 569 47 21 icke
563 569 46 22 haft
633 569 65 26 nägot
713 569 47 22 skäl
776 569 31 22 till
824 572 31 19 ett
870 570 76 21 sädant
962 572 58 19 anta-

192 597 77 27 gande,
289 597 89 21 emedan
401 597 151 22 kommunerne
574 597 68 22 likaså
665 597 33 22 väl
715 604 44 16 som
775 598 106 22 utskottet
896 599 71 21 kunde
982 605 38 15 an-

192 626 71 20 vända
281 626 26 21 de
322 626 147 26 ifrägakomna
483 627 90 21 medlen.
604 626 91 22 Talaren
710 627 49 21 ville
775 627 85 22 derföre
875 629 31 20 att
922 628 47 20 icke
985 634 35 14 en-

193 654 48 21 dast
257 654 26 22 de
301 654 122 28 föreslagna
437 654 131 28 fyrahundra
583 657 61 19 tusen
661 655 60 21 mark
738 656 68 20 skulle
822 656 86 21 tillfalla
922 655 98 22 kommu-

193 687 67 17 nerna
283 685 52 19 utan
357 683 71 21 dertill
443 685 56 19 ännu
515 684 48 21 hela
579 684 36 21 det
631 684 83 26 belopp,
731 690 44 15 som
793 684 67 22 skulle
876 685 22 21 af
912 684 108 22 bränvins-

193 711 86 21 skatten
303 712 80 26 inflyta,
407 713 64 20 sedan
493 711 25 22 de
541 713 5 20 i
569 713 25 21 de
611 713 12 20 3
639 712 68 22 första
723 719 62 15 mom.
801 715 109 25 upptagna
926 714 94 26 anslags-

193 742 101 24 posterna
310 740 68 21 blifvit
395 740 162 27 tillgodosedda,
573 741 137 27 hvarigenom
727 741 52 22 sista
795 742 109 26 meningen
920 742 6 20 i
938 742 82 21 utskot-

193 770 43 20 tets
251 768 82 28 förslag
348 771 84 19 komme
447 772 32 19 att
494 770 56 26 utgä.

262 826 112 21 Edusmies
426 827 110 21 Heikura
559 827 28 21 oli
609 826 52 28 yhtä
683 827 74 21 mieltä
772 828 105 20 edusmies
892 827 128 21 Rosendalin

195 854 79 22 kanssa
297 855 92 21 arvellen
408 857 45 19 että
469 855 79 27 Säädyt
565 856 65 20 olivat
645 855 75 21 tulleet
735 855 114 27 petetyiksi
864 862 84 14 vuonna
966 856 54 21 1863

194 884 85 21 —1864
295 884 62 21 heille
373 884 149 21 viinaveroista
538 884 87 21 luvatun
642 884 114 27 miljoonan
772 884 95 22 suhteen.

263 940 114 22 Edusmies
424 941 94 20 Duncker
553 941 19 20 ei
588 941 73 21 voinut
677 941 101 26 yhdistyä
793 941 110 21 edellisten
918 941 102 26 puhujain

195 969 85 25 kanssa,
303 975 53 15 vaan
375 969 69 21 katsoi
460 971 45 19 että
520 969 77 21 maalle
613 969 28 21 oli
656 969 108 27 suurempi
780 969 71 27 hyöty,
865 969 34 26 jos
914 969 107 27 puheena-

195 998 70 21 olevat
280 1000 67 24 varat,
363 998 143 21 valiokunnan
521 998 142 21 ehdoituksen
678 998 99 26 mukaan,
793 998 144 27 käytettäisiin
944 998 78 21 kulku-

195 1026 103 27 neuvojen
321 1027 177 26 parantamiseen,
522 1027 51 20 kuin
587 1027 34 26 jos
637 1033 25 14 ne
678 1027 112 20 menisivät
806 1027 101 20 kunnille.
938 1026 84 27 Puhuja

194 1055 95 27 puolusti
304 1055 117 21 sentähden
437 1055 143 21 valiokunnan
596 1055 116 21 mietinnön
729 1055 162 27 hyväksymistä.

263 1113 112 21 Edusmies
400 1113 228 26 Kumpulainen
654 1113 93 26 puolusti
772 1112 122 27 pääasiassa
917 1113 105 20 edusmies

196 1141 131 22 Rosendalin
353 1141 128 24 ehdoitusta,
508 1143 70 19 mutta
603 1141 68 21 tahtoi
687 1141 66 21 siihen
771 1141 69 24 lisätä,
856 1143 45 19 että
916 1141 106 26 puheena-

196 1170 95 21 olevaksi
306 1170 154 21 korvaukseksi
475 1169 144 27 käytettäisiin
635 1170 126 21 ainoastaan
779 1171 8 19 1
801 1169 101 26 miljoona
912 1169 110 24 markkaa,

195 1199 97 21 niinkuin
311 1199 110 21 1863—64
436 1199 83 21 vuoden
536 1198 152 28 valtiopäivillä
703 1199 129 25 määrättiin,
847 1198 47 21 eikä
909 1197 56 22 koko
982 1198 41 21 sitä

195 1234 104 18 summaa,
313 1228 50 26 joka
379 1228 105 20 voitaisiin
501 1228 65 20 saada
581 1228 149 25 viinaverosta,
743 1227 102 21 sittekuin
854 1227 98 21 mainitut
961 1226 61 22 raha-

195 1256 130 21 säännökset
347 1258 50 19 ovat
419 1256 122 26 poisluetut.
572 1256 121 21 Sittenkuin
709 1256 82 21 kunnat
807 1257 49 19 ovat
871 1258 86 18 saaneet
973 1255 50 21 mai-

195 1285 55 21 nitut
273 1286 10 20 1
305 1284 102 28 miljoona
421 1284 104 22 markkaa
540 1285 143 21 saatettaisiin
696 1285 91 26 jäännös
802 1284 88 26 käyttää
906 1284 117 21 kulkuneu-

196 1314 62 26 vojen
274 1314 178 26 parantamiseen.

264 1370 133 22 Vicetalman
417 1370 105 22 Slotte
537 1370 124 21 förmenade
677 1372 32 19 att
724 1370 204 26 landtdagsmannen
944 1369 80 21 Rosen-

195 1399 46 21 dals
264 1399 80 26 förslag
366 1401 32 19 att
413 1399 152 21 kommunerne
579 1399 68 21 skulle
664 1398 80 22 erhälla
759 1398 40 21 allt
813 1404 45 15 som
875 1398 68 21 blefve
959 1398 65 23 öfver,

197 1428 67 21 sedan
287 1428 26 20 de
335 1428 7 20 i
363 1428 26 20 de
412 1430 32 18 tre
467 1427 68 21 första
550 1433 63 15 mom.
631 1429 107 25 upptagne
754 1427 186 26 anslagsposterne
956 1426 69 21 blifvit

196 1456 163 27 tillgodosedde,
376 1456 33 21 väl
425 1456 70 21 kunde
512 1462 51 15 vara
579 1456 45 21 bra.
641 1462 47 14 men
704 1458 32 18 att
751 1455 66 27 nägot
827 1455 123 25 öfverskott,
958 1455 67 26 enligt

195 1485 96 21 talarens
314 1484 90 28 mening,
427 1484 47 22 icke
494 1485 85 21 komme
601 1487 32 18 att
649 1484 77 27 uppstä
741 1486 56 19 samt
813 1486 33 19 att
861 1484 36 21 det
912 1484 50 23 lilla,
978 1490 46 14 som

194 1514 101 27 möjligen
318 1513 69 22 blefve
410 1513 64 26 öfver,
490 1513 49 21 bäst
551 1513 72 21 kunde
638 1513 108 20 användas
763 1512 32 21 till
810 1512 215 21 kommunikationer-

194 1548 39 15 nas
258 1541 156 22 förbättrande.
444 1541 90 21 Talaren
560 1541 66 26 ansåg
651 1543 33 18 att
708 1541 160 21 Bondeständet
883 1546 75 21 genom
975 1539 50 22 hus-

195 1570 219 27 behofsbränningens
440 1569 131 22 afskaffande
597 1569 111 27 ingenting
733 1569 97 27 förlorat,
858 1571 59 19 utom
933 1571 92 19 tvertom
