1109 1825
229 134 40 20 712
399 138 213 20 Talonpoikaissääty
625 138 56 17 1872.
706 138 11 16 6
730 142 18 16 p.
761 138 72 16 kesäk.

199 219 51 21 kuin
271 218 34 27 jos
325 218 78 21 sanoisi
425 219 44 19 että
485 218 155 20 ihmisruumiin
657 219 100 23 emärata,
772 217 33 26 jos
821 218 121 20 semmoista
958 217 68 20 lause-

199 250 71 24 partta
287 247 162 27 käyttäisimme,
466 252 73 15 menee
555 246 98 21 keskeltä
669 246 140 21 selkärankaa
825 246 89 20 rintaan.
932 246 37 21 Jos
981 245 45 21 tah-

199 276 80 21 dotaan
294 275 104 21 rakentaa
414 274 114 22 rautatietä
544 274 103 22 Viialasta
663 274 108 22 Turkuun,
788 274 43 21 niin
844 274 182 21 rakennettakoon

199 306 70 19 mutta
291 304 78 21 älköön
388 304 41 20 sitä
445 303 135 21 emäradaksi
595 303 122 21 sanottako.
748 303 51 21 Sillä
815 304 95 19 emärata
925 302 102 21 Turkuun

200 339 27 15 on
242 333 77 20 alkava
334 332 145 21 Riihimäestä.
508 331 73 21 Turun
596 332 99 21 viennille
707 331 24 26 ja
745 331 103 21 tuonnille
864 332 18 20 ei
899 331 33 21 ole
947 331 79 21 mitään

197 362 80 26 hyötyä
299 361 55 25 siitä,
377 363 45 19 että
444 367 21 14 se
482 361 62 20 tekee
560 361 88 20 mutkan
665 360 126 27 pohjaiseen,
807 359 95 22 niinkuin
918 359 58 22 tulisi
991 362 32 18 ta-

199 390 138 27 pahtumaan,
351 389 33 26 jos
400 389 91 21 rautatie
507 389 104 21 vedetään
628 389 103 21 Viialaan.
757 388 46 21 Sitä
818 389 63 26 paitsi
897 389 56 20 tulisi
969 389 58 20 tämä

199 419 30 20 tie
244 418 141 27 lykkäämään
401 418 146 26 Pohjanmaan
563 418 140 21 rautateitten
719 417 157 21 rakentamisen
889 417 62 27 hyvin
960 417 67 20 kauas

200 447 177 26 tulevaisuuteen,
394 447 47 20 sillä
456 453 22 14 se
494 446 75 21 vetäisi
585 447 55 20 tulot
655 446 46 27 pois
716 446 66 21 näiltä
792 445 98 22 radoilta.

269 503 174 26 Landtdagsman
468 503 157 21 Rosendal
650 503 66 26 ansäg
741 509 51 14 vara
813 503 87 26 onödigt
915 505 32 18 att
962 503 65 20 tvista

200 539 34 14 om
260 535 32 18 ett
320 532 93 21 enskildt
438 532 91 26 uttryck.
561 531 112 22 Utskottet
698 538 62 14 anser
781 531 32 21 för
829 531 135 21 hufvudbana
980 531 46 24 den,

199 567 45 15 som
261 561 118 20 detsamma
393 561 7 20 i
416 561 37 20 sitt
469 559 134 22 betänkande
619 560 39 21 har
674 562 114 19 omnämnt.
812 560 109 21 Meurman
937 559 39 21 har
991 566 35 15 an-

199 596 42 15 nan
265 589 55 27 äsigt
342 590 6 20 i
372 589 71 21 saken.
475 589 75 21 Tilläte
574 595 49 15 man
639 589 105 21 hvardera
759 592 32 18 att
807 589 27 20 ha
850 589 32 20 sin
897 595 51 20 egen
964 588 61 27 äsigt,

199 618 69 22 likaså
284 618 64 21 också
364 618 54 26 dem,
435 624 45 14 som
496 618 107 20 måhända
619 620 56 18 ännu
691 618 70 21 kunde
777 617 63 21 hafva
855 624 25 14 en
892 617 66 27 tredje
970 617 56 21 före-

199 647 102 26 ställning
322 647 7 20 i
348 646 161 26 ifrägavarande
525 646 85 21 ärende.
642 646 47 21 Men
706 647 81 20 talaren
811 646 48 20 ville
876 646 56 21 hälla
948 646 31 26 sig
995 646 31 20 till

199 675 76 27 sjelfva
295 676 65 20 saken.
398 675 110 21 Meurman
532 675 39 21 har
594 677 47 24 sagt
656 678 32 18 att
704 670 46 26 Åbo
765 675 115 26 jernvägen
896 675 82 21 komme
995 677 31 18 att

199 704 34 21 till
247 704 33 26 sig
296 704 66 26 draga
377 703 89 21 trafiken
483 703 54 21 ifrän
553 704 27 20 de
595 704 97 26 nordliga
708 704 101 20 banorna.
836 703 64 21 Detta
916 705 24 19 är
956 703 70 25 likväl,

200 733 65 25 enligt
289 733 94 20 talarens
406 732 60 26 äsigt,
489 738 26 16 en
531 732 50 21 sökt
596 732 112 27 anledning
724 735 31 17 att
771 732 20 20 fä
807 732 121 26 byggandet
943 732 23 20 af
978 726 48 26 Åbo

199 762 71 20 banan
293 761 126 21 förkastadt.
451 760 49 22 Men
520 767 34 15 om
571 761 59 21 detta
646 761 64 21 också
725 767 49 15 vore
789 760 113 26 grundadt,
919 760 23 21 så
958 760 67 21 skulle

199 796 50 15 man
265 790 62 20 deraf
341 790 18 26 ej
375 789 21 21 få
411 789 113 27 anledning
539 791 32 19 att
587 791 102 19 motsätta
705 790 30 26 sig
751 784 135 26 Åbo-banan.
916 789 30 27 Ty
961 790 65 20 ända-

200 818 66 22 målet
289 818 48 21 med
360 818 299 21 kommunikationsanstalter
675 820 24 18 är
714 818 34 20 väl
764 818 41 24 det,
823 819 32 19 att
871 818 25 20 de
912 818 60 20 skola
988 824 37 14 un-

200 848 93 20 derlätta
316 847 39 21 och
378 847 100 21 befordra
500 847 97 21 trafiken.
629 846 38 22 Om
683 846 90 22 trafiken
789 847 69 20 vände
873 846 31 27 sig
920 846 31 21 till
967 840 59 27 Åbo-

200 876 78 25 banan,
301 875 24 21 så
347 882 49 14 vore
417 876 59 20 detta
491 876 36 20 det
542 875 64 21 bästa
622 875 57 21 bevis
695 875 72 27 derpå,
784 877 32 19 att
832 875 69 21 banan
917 877 24 19 är
956 875 69 26 byggd

199 904 28 27 på
250 906 58 19 rätta
329 904 77 20 stället.
436 904 49 20 Men
509 904 110 20 Meurman
635 904 69 20 skulle
719 904 66 20 önska
801 906 32 18 att
849 904 42 20 alla
906 906 64 24 vägar
986 904 40 20 och

200 933 28 20 all
243 932 65 21 trafik
328 933 67 20 skulle
411 931 26 28 gå
453 932 31 21 till
500 932 32 21 S:t
547 932 136 27 Petersburg.
715 932 65 21 Detta
795 932 79 21 hedrar
888 933 52 20 visst
956 932 69 20 Meur-

199 967 61 15 mans
283 961 126 26 patriotiska
431 961 92 26 känslor,
546 967 49 15 men
615 963 32 18 att
663 961 50 26 vilja
728 961 79 20 inrätta
822 961 42 20 alla
880 961 146 20 kommunika-

199 990 161 21 tionsanstalter
383 989 55 21 blott
460 990 48 20 med
524 989 100 22 afseende
641 990 26 26 på
683 996 25 14 en
725 990 54 20 enda
794 989 74 26 punkt,
886 989 59 21 torde
962 989 62 21 likväl

199 1025 52 14 vara
274 1018 109 26 ursinnigt.
414 1018 169 21 Reservanterne
602 1018 50 27 vilja
668 1018 63 21 hafva
745 1012 58 27 Åbo-
819 1018 39 21 och
874 1018 152 27 Björneborgs-

199 1047 98 21 banorna
323 1047 94 26 dragna
426 1053 75 20 genom
527 1047 122 20 Riihimäki.
680 1047 46 21 Den
749 1047 70 22 trafik,
836 1053 45 14 som
897 1048 24 19 är
936 1047 89 20 emellan

199 1075 134 26 Björneborg
349 1075 38 21 och
403 1075 145 25 Österbotten,
565 1075 68 21 måste
649 1075 82 21 således
747 1075 52 21 först
814 1081 88 21 passera
912 1075 114 21 Riihimäki

200 1104 39 21 och
263 1103 93 22 derifrån
372 1104 68 20 vända
456 1104 31 26 sig
503 1106 82 19 norrut.
615 1104 130 26 Härigenom
762 1104 40 21 blir
817 1105 67 24 vägen
900 1107 32 18 tre
947 1105 79 26 gånger

200 1133 73 26 längre
297 1134 26 19 än
340 1133 79 20 dender
433 1133 72 25 gamla
520 1133 240 26 landsvägtransporten
777 1132 39 21 och
831 1133 61 20 äfven
908 1133 76 26 dyrare
999 1134 26 19 än

199 1161 76 21 denna.
306 1161 60 21 Efter
390 1161 116 21 utskottets
521 1161 80 26 förslag
616 1161 46 21 åter
677 1161 57 26 finge
749 1161 100 25 trafiken,
865 1161 53 21 efter
934 1161 36 21 det
986 1161 40 20 den

199 1190 92 26 uppnått
308 1189 73 26 Viiala,
398 1190 66 25 draga
479 1190 31 26 sig
526 1190 99 26 antingen
642 1189 22 22 åt
680 1196 50 15 norr
745 1190 52 21 eller
813 1190 69 21 söder.
905 1189 121 22 Utskottets

199 1218 136 22 betänkande
351 1220 24 19 är
389 1218 90 21 sålunda
493 1219 115 27 uppgjordt
624 1219 7 20 i
646 1218 103 22 trafikens
765 1219 102 25 intresse;
883 1221 143 19 reservanter-

198 1254 37 14 nes
251 1247 81 27 förslag
348 1247 46 21 åter
409 1247 56 21 afser
481 1250 32 18 att
528 1248 67 26 draga
611 1247 28 21 all
654 1248 65 20 trafik
735 1247 27 27 på
777 1247 32 21 S:t
824 1247 136 26 Petersburg,
974 1247 52 21 hvil-

198 1276 37 20 ket
261 1276 83 21 talaren
369 1276 60 20 alltid
453 1276 68 21 måste
536 1278 103 19 motsätta
655 1277 36 25 sig.
723 1276 48 21 Han
787 1276 112 26 godkände
915 1276 63 20 alltså
993 1278 33 18 ut-

197 1304 94 21 skottets
307 1304 141 22 betänkande.

268 1361 113 21 Edusmies
403 1362 113 26 Inberg
539 1362 19 20 ei
577 1362 74 20 voinut
667 1362 114 26 puolustaa
797 1362 84 20 Viialan
897 1362 58 25 tietä,
971 1368 54 14 vaan

199 1390 83 20 suostui
309 1390 63 21 herra
398 1390 118 26 Pipping'in
541 1390 179 21 vastalauseesen.
749 1390 84 21 Viialan
859 1390 27 21 tie
902 1390 52 21 voisi
970 1390 56 21 tosin

199 1418 42 20 olla
257 1418 107 21 edullinen
380 1418 71 21 Turun
467 1418 71 21 läänin
555 1419 115 21 eteläiselle
687 1419 72 25 osalle,
775 1421 69 19 mutta
860 1425 36 15 sen
912 1418 114 27 pohjainen

197 1446 58 27 puoli
279 1447 19 21 ei
315 1447 48 21 siitä
378 1447 49 21 saisi
443 1447 79 21 mitään
538 1447 85 27 hyötyä.
654 1447 53 21 Mitä
724 1447 114 21 liikkeesen
855 1447 63 21 Porin
932 1447 22 27 ja
970 1447 56 21 Poh-

195 1475 104 26 janmaan
322 1476 64 20 väliin
409 1476 64 25 tulee,
495 1476 57 26 josta
567 1476 107 21 Rosendal
690 1482 27 14 on
733 1476 103 26 puhunut,
853 1476 43 20 niin
912 1476 18 20 ei
946 1475 80 27 puhuja

198 1503 75 22 voinut
293 1506 118 24 ymmärtää
427 1505 95 20 mitähän
538 1510 23 15 se
577 1505 53 24 olisi,
647 1505 47 20 sillä
710 1505 80 20 näitten
806 1504 168 27 paikkakuntain
991 1507 34 18 vä-

198 1531 44 22 lillä
259 1533 18 20 ei
291 1532 58 26 juuri
365 1532 78 21 mitään
460 1535 126 18 sanottavaa
602 1533 109 26 kuljeteta.
