1109 1825
221 164 41 20 732
389 169 213 21 Talonpoikaissääty
616 169 55 17 1872.
697 170 10 15 7
721 173 18 16 p.
750 168 76 18 kesäk.

191 249 39 21 sak
249 251 24 19 är
289 249 82 21 således
386 248 47 22 icke
449 249 218 21 öfverenstämmande
681 248 49 22 med
745 249 119 21 utskottets
880 248 140 26 betänkande,

192 278 81 21 hvilket
293 278 37 27 jag
353 284 28 15 nu
397 277 19 27 ej
432 277 66 22 heller
514 278 41 20 kan
571 278 120 26 godkänna.
722 277 110 26 Derjemte
848 277 38 22 ber
900 278 36 26 jag
952 276 21 22 få
989 277 33 21 til-

191 307 63 26 lägga
277 306 36 21 det
331 306 37 27 jag
391 306 104 21 erkänner
519 306 90 21 rättvisa
631 306 40 21 och
694 305 98 27 billighet
812 305 73 22 fordra
901 307 32 20 att
948 305 73 27 hvarje

192 335 155 26 skeppsredare
362 334 59 21 såväl
437 335 7 20 i
459 335 47 20 stad
523 341 46 15 som
585 334 12 21 å
612 335 73 20 landet
701 335 97 26 erlägger
809 334 40 21 den
860 334 160 27 ifrågavarande

192 363 131 26 lästafgiften
346 363 33 21 för
402 365 35 19 att
450 363 86 21 dermed
552 363 103 27 betrygga
670 363 46 21 sina
731 363 94 26 sjömäns
841 363 116 26 ålderdom,
974 369 45 15 men

193 392 54 21 dock
268 392 68 21 under
351 392 41 21 den
408 392 153 27 förutsättning
576 394 33 19 att
623 391 134 28 sjömanshus
773 391 22 22 få
811 392 91 21 inrättas
918 391 62 22 äfven
994 391 26 27 på

192 421 73 20 landet
289 420 39 21 och
351 422 32 19 att
403 420 73 27 hvarje
492 420 135 27 sjömanshus
642 419 103 22 förvaltar
760 421 32 20 sin
808 420 170 27 pensionskassa,
994 419 27 28 på

193 449 60 21 detta
275 451 43 19 sätt
340 449 68 21 skulle
432 449 138 21 landtmanna
589 449 80 26 sjöman
685 449 72 20 kunna
773 449 87 21 komma
874 449 7 21 i
898 448 122 27 åtnjutande

192 477 23 22 af
236 477 95 27 pension,
354 478 7 21 i
380 479 66 19 annat
460 477 37 22 fall
512 478 54 21 icke.
597 478 41 21 Det
653 479 24 20 är
693 477 32 21 för
741 477 65 27 öfrigt
821 484 27 14 en
863 477 57 21 känd
936 477 38 21 sak
989 479 32 19 att

194 506 109 21 landtman
326 507 18 26 ej
367 506 63 27 hyser
453 507 94 20 särdeles
566 506 123 21 förtroende
705 506 33 21 för
754 513 26 14 en
797 506 93 21 blandad
906 505 52 22 affär
974 505 47 22 med

193 535 113 21 stadsboer
321 535 40 21 och
376 535 69 20 skulle
461 535 18 26 ej
496 535 67 21 heller
578 535 139 21 landtmanna
733 535 83 26 sjömän
831 535 34 21 för
876 534 64 27 öfrigt
950 534 71 21 kunna

193 563 96 27 uppfylla
311 563 26 21 de
357 563 144 27 skyldigheter
517 570 45 15 som
579 563 107 21 erfordras
701 563 33 21 för
750 565 33 19 att
798 563 66 22 blifva
879 563 107 26 delaktiga
1001 562 23 21 af

193 593 88 26 pension
297 599 25 14 ur
337 598 26 16 en
379 591 78 22 allmän
473 592 186 27 pensionsanstalt,
672 593 23 26 ty
707 592 26 21 de
746 592 73 21 kunna
829 592 47 22 icke
888 592 134 21 uteslutande

194 627 54 21 egna
269 621 32 27 sig
323 621 22 21 åt
367 621 161 27 sjömansyrket,
553 621 98 21 hvarföre
667 621 72 26 hvarje
755 620 135 27 sjömanshus
906 620 38 22 bör
960 620 62 21 hafva

194 650 45 21 sina
255 649 54 22 efter
325 649 193 22 ortsförhållanden
534 650 99 26 lämpade
649 652 111 19 statuter”.

263 792 80 22 Tämän
363 792 87 28 jälkeen
473 793 84 21 luettiin
580 792 121 28 pöytäkirja
720 793 25 20 17
763 792 53 27 p:ltä
831 792 62 21 viime
908 792 115 21 kulunutta

194 821 149 21 Toukokuuta.

264 884 112 21 Edusmies
399 884 156 22 Andersin
578 884 69 21 katsoi
663 886 46 19 että
724 884 68 21 koska
808 884 126 21 lästimaksu
950 885 73 25 pöytä-

194 913 71 26 kirjan
288 913 91 20 mukaan
403 913 19 20 ei
445 913 32 20 ole
501 915 109 19 suostuttu
632 912 87 21 millään
735 912 92 26 ehdolla,
843 913 44 20 niin
903 911 120 22 semmoisia

195 944 37 24 nyt
248 943 68 19 enään
332 941 19 21 ei
366 942 83 20 saateta
465 941 71 27 tehdä,
550 941 66 27 jonka
631 941 74 22 vuoksi
721 941 81 26 puhuja
818 941 102 26 hyväksyi
935 940 88 27 yhteen-

196 970 229 21 sovitusehdoituksen.

265 1033 138 21 Edusmiehet
432 1033 134 21 Jansson
589 1033 24 26 ja
639 1033 229 26 Kumpulainen
893 1032 131 27 puolustivat

195 1061 153 28 Rosenberg'in
364 1062 98 25 lausetta,
479 1061 67 22 koska
562 1062 103 21 arvelivat
681 1063 44 20 että
740 1062 80 27 säädyn
836 1063 76 25 päätös
928 1061 28 21 oli
972 1067 53 15 sem-

196 1091 84 21 moinen
296 1091 49 20 kuin
362 1091 53 20 siinä
430 1094 110 17 sanotaan.

266 1153 111 22 Edusmies
421 1153 115 22 Duncker
551 1153 71 22 katsoi
639 1154 40 21 sitä
695 1155 88 20 vastaan
801 1155 44 20 että
856 1153 80 27 säädyn
949 1154 75 25 päätös

197 1182 27 21 oli
247 1183 124 26 yhtäpitävä
394 1182 135 27 pöytäkirjan
552 1183 79 21 kanssa
643 1183 24 26 ja
682 1183 92 21 muisteli
790 1183 42 20 sitä
848 1182 64 21 ilman
929 1187 36 15 sen
981 1184 44 18 tar-

195 1211 152 21 kastelemista.

266 1274 112 21 Edusmies
398 1274 153 21 Meurman
567 1274 75 26 lausui,
659 1276 44 19 että
719 1276 72 19 asetus
806 1273 220 22 merimieshuoneista

197 1308 26 15 on
239 1302 129 22 hallituksen
384 1303 160 26 yksinomainen
560 1303 45 21 asia
619 1303 64 27 paitsi
699 1303 100 21 vuosinen
815 1302 76 22 maksu
907 1302 27 21 20
949 1301 77 27 penniä

197 1331 88 26 lästiltä,
299 1331 52 27 joka
366 1338 26 14 on
409 1331 100 27 Säätyjen
524 1331 93 21 vallassa
632 1333 109 25 myöntää;
758 1334 37 24 nyt
811 1337 27 15 on
849 1331 77 21 kerran
937 1332 88 19 annettu

197 1360 100 21 lausunto
319 1360 80 21 asiassa
419 1360 23 26 ja
465 1360 18 21 ei
506 1362 84 19 saateta
607 1360 67 22 tietää
687 1360 34 26 jos
735 1360 89 20 hallitus
839 1361 88 25 päättää
943 1360 83 20 asettaa

197 1388 97 26 yhteisen
325 1388 73 21 taikka
425 1389 95 26 erityisiä
546 1388 203 27 pensionilaitoksia,
772 1388 148 26 jonkatähden
946 1386 80 28 puhuja

196 1416 70 22 katsoi
282 1422 38 16 sen
335 1417 176 27 tarpeettomaksi
527 1419 104 25 enempää
646 1418 75 20 lausua
737 1417 86 21 asiassa.

267 1479 214 27 Landtdagsmannen
504 1479 189 21 Pettersson
716 1479 93 27 yttrade,
832 1481 34 19 att
887 1479 23 21 af
929 1478 97 22 ständets

197 1508 71 21 beslut
290 1508 46 21 icke
358 1508 92 25 framgär
473 1508 37 21 det
532 1514 48 15 man
604 1508 87 26 beviljat
713 1508 28 21 20
757 1508 62 26 penni
835 1514 38 20 per
889 1508 41 20 läst
946 1507 33 21 till
994 1509 33 19 ett

196 1539 133 23 gemensamt
352 1536 141 27 sjömanshus,
516 1538 51 19 utan
592 1537 67 21 under
681 1536 155 27 förutsättning
858 1537 32 20 att
906 1535 36 22 det
958 1535 67 22 skulle

196 1564 28 27 gä
239 1565 32 21 till
288 1565 70 21 skilda
373 1565 140 26 sjömanshus.
