1109 1825
271 151 212 21 Talonpoikaissääty
496 152 56 16 1872.
577 152 25 16 27
614 156 19 17 p.
645 152 84 17 toukok.
846 148 41 20 597

155 231 113 21 Edusmies
290 231 133 21 Foudila
437 231 104 27 hyväksyi
557 232 79 20 hänkin
653 232 141 22 edusmiesten
811 232 105 22 ehdoitta-

87 266 48 15 man
151 260 242 22 vuosirahan-säännön,
409 260 81 21 kosk'ei
507 260 41 21 hän
564 260 73 21 voinut
653 261 94 21 käsittää
762 261 154 21 minkätähden

87 288 124 21 valiokunta
235 288 27 21 oli
283 288 134 21 koroittanut
436 288 81 27 palkat,
534 288 109 21 varsinkin
659 289 103 26 isompain
778 290 138 26 kaupunkein

87 316 160 22 virkamiehille.

156 385 214 26 Landtdagsmannen
385 385 158 26 Lindberg
558 386 85 27 yttrade
659 388 32 19 att
704 386 105 21 utskottet
822 387 34 21 vid
864 393 52 20 upp-

88 414 93 26 görande
204 413 23 22 af
247 416 43 19 stat
313 414 32 21 för
361 414 83 21 banken
460 413 47 22 haft
523 414 33 21 för
572 416 82 25 ögonen
670 421 59 15 mera
744 421 25 14 en
786 415 72 27 duglig
874 415 43 22 för-

88 442 95 27 valtning
205 442 24 21 af
249 443 129 23 densamma,
400 445 26 18 än
449 443 156 26 inbesparande
621 443 23 21 af
657 443 67 28 några
739 443 93 21 tusental
848 444 68 25 mark,

88 471 141 26 synnerligast
244 477 44 15 som
305 471 102 26 skickliga
422 471 108 22 bankmän
545 478 50 14 vore
611 472 82 26 ganska
707 472 55 27 glest
777 472 74 21 sädda.
875 473 43 20 Det

88 505 37 15 var
147 499 61 21 äfven
232 499 71 22 derför
318 506 44 15 som
379 500 202 27 Föreningsbanken
597 500 142 21 tillförsäkrat
755 501 32 20 sin
803 501 68 21 första
886 501 31 21 di-

88 528 74 21 rektör
184 535 26 14 en
233 528 52 27 årlig
305 529 36 20 lön
357 528 23 21 af
395 529 76 26 15,000
487 529 61 20 mark
564 529 39 20 och
617 529 86 20 hvarför
718 530 7 20 i
741 529 31 22 S:t
787 529 131 27 Petersburg

89 557 34 20 vid
139 557 26 21 de
181 559 69 19 större
266 557 156 21 handelshusen
437 557 107 27 knappast
560 557 67 21 finnes
642 558 69 26 nägon
727 558 76 21 kassör
813 565 45 14 som
871 558 45 21 icke

89 585 80 26 årligen
193 586 83 26 uppbär
298 586 13 20 6
334 585 13 21 ä
369 586 62 26 7,000
446 586 69 21 mark.
547 586 39 21 Att
600 586 107 21 utskottet
722 586 45 28 höjt
782 586 88 22 lönerne
884 587 33 21 för

89 614 226 27 banktjenstemännen
332 614 7 21 i
355 615 25 21 de
399 616 69 20 större
484 615 107 25 städerne,
608 615 54 21 hade
678 615 57 21 skett
751 615 89 27 derföre,
857 617 32 20 att
904 615 14 21 &

88 643 62 21 dessa
173 645 60 19 orter
255 643 84 21 arbetet
363 649 48 15 vore
427 644 91 26 drygare
534 644 40 20 och
591 643 226 22 lefnadskostnaderne
833 644 83 27 dyrare.

88 684 28 2 —
138 671 90 21 Talaren
252 672 73 21 tillade
347 672 122 26 ytterligare
492 674 33 19 att
540 672 27 21 dä
583 674 32 19 ett
631 673 54 20 enda
700 672 95 28 misstag,
809 672 109 22 föranledt

88 700 23 20 af
124 700 132 26 okunnighet
272 700 51 21 eller
339 700 142 25 ovarsamhet,
498 701 45 21 ofta
559 701 70 21 kunde
646 701 115 27 tillskynda
777 701 84 21 banken
871 701 44 21 för-

88 729 42 21 lust
146 728 23 22 af
189 728 178 22 hundratusenta]
383 730 66 24 mark,
467 729 24 21 sä
506 730 66 20 borde
588 736 49 14 man
653 730 116 26 ingalunda
784 730 38 27 sky
838 732 33 18 att
885 736 32 14 er-

89 757 65 26 bjuda
169 758 42 26 god
227 757 92 27 aflöning
333 758 34 20 för
382 760 32 18 att
429 758 83 21 erhälla
527 764 26 14 en
569 758 73 27 duglig
657 758 185 27 tjenstepersonal.

157 826 174 21 Vicetalmannen
355 826 104 21 Slotte
480 826 90 22 menade
586 828 33 20 att
634 827 205 27 landtdagsmannen
855 826 63 22 Lind-

89 854 62 26 bergs
173 854 55 27 äsigt
243 855 6 20 i
265 855 66 21 saken
347 854 70 22 kunde
433 854 63 22 hafva
512 855 47 21 sina
575 856 52 23 skäl,
643 862 48 14 men
708 855 110 22 förmädde
835 856 82 20 talaren

89 883 18 27 ej
132 883 45 21 inse
203 883 98 21 hvarföre
327 883 86 21 lönerne
438 884 67 20 borde
531 884 67 26 höjas,
622 884 27 21 dä
664 884 85 21 arbetet
763 890 76 21 genom
852 887 66 18 stats-

88 911 115 21 fondernas
225 911 152 27 fränskiljande
400 911 47 22 frän
471 912 41 21 den
534 912 106 26 egentliga
657 912 84 21 banken
757 913 105 20 minskats
878 912 40 21 och

89 940 67 21 ehuru
179 941 68 25 någon
263 941 77 25 klagan
357 940 58 21 öfver
429 941 33 20 för
478 941 46 20 små
539 941 60 20 löner
614 941 47 21 icke
677 941 54 21 hade
746 941 107 26 försports
869 941 47 21 från

90 969 180 26 tjenstemännens
293 969 52 24 sida,
368 969 72 21 hvilka
463 969 55 21 dock
537 969 46 21 icke
605 970 91 25 plägade
711 970 92 26 glömma
819 971 33 20 att
866 971 52 25 göra

89 997 93 26 anspråk
197 997 28 26 på
241 997 66 26 högre
321 997 66 21 löner.

159 1059 215 27 Landtdagsmannen
390 1060 158 21 Rosendal
563 1061 112 20 tilltrodde
687 1061 31 26 sig
729 1061 46 21 icke
786 1063 32 18 att
828 1061 92 20 bedöma

92 1088 103 26 huruviga
219 1089 85 20 lönerne
326 1095 50 14 vore
400 1089 124 27 tillräckligt
540 1089 55 26 höga
612 1089 51 21 eller
679 1089 46 21 icke
741 1089 33 21 för
790 1091 32 19 att
838 1089 82 21 erhälla

92 1117 71 26 duglig
179 1117 184 26 tjenstepersonal,
381 1117 98 21 hvarföre
495 1117 39 22 och
550 1117 28 21 dä
591 1118 84 20 talaren
691 1118 72 21 erfarit
779 1117 95 21 hvarken
888 1120 33 19 att

92 1145 86 21 lönerne
201 1151 50 15 vore
267 1145 141 27 otillräckliga
423 1146 52 21 eller
490 1148 33 19 att
539 1146 84 21 landets
639 1146 62 21 bästa
717 1146 108 27 förmågor
841 1146 80 21 undan-

93 1174 69 26 dragit
185 1174 31 26 sig
239 1174 47 21 dem
309 1174 104 26 erbjudna
428 1175 155 26 anställningar
597 1175 34 20 vid
649 1175 90 26 banken,
757 1175 83 20 talaren
856 1175 66 26 ansäg

94 1203 30 26 sig
147 1202 52 22 böra
221 1203 54 26 hysa
290 1203 35 21 det
341 1203 122 21 förtroende
479 1203 32 21 till
528 1203 131 21 Ständernes
675 1203 198 27 bankfullmäktige,
890 1206 32 19 att

94 1232 58 20 desse
175 1232 89 20 förmätt
287 1234 42 18 rätt
352 1232 90 20 bedöma
457 1232 82 26 frägan,
556 1232 39 21 och
611 1232 114 26 godkände
741 1232 82 22 talaren
839 1232 83 22 förden-

93 1260 55 20 skull
164 1260 40 21 den
221 1260 6 20 i
242 1260 102 26 förslaget
359 1260 88 27 intagna
463 1263 77 18 staten.

162 1317 112 21 Edusmies
320 1317 117 21 Hendunen
475 1318 66 20 arveli
558 1320 44 18 että
618 1318 68 21 koska
695 1318 229 26 pankkijohtokunnan

94 1345 84 21 esimies
194 1346 29 20 oli
239 1346 128 20 hallituksen
384 1348 127 23 asetettava,
526 1346 43 21 niin
585 1346 46 21 olisi
647 1346 163 27 yhdentekevää
823 1347 35 26 jos
874 1346 50 21 Sää-

94 1374 38 26 dyt
154 1374 69 20 hänen
246 1374 118 26 palkkansa
385 1374 121 21 koroittaisi
529 1375 29 20 tai
581 1375 26 23 ei,
626 1375 68 26 jonka
716 1375 75 21 vuoksi
807 1374 118 27 puhujakin

95 1402 101 27 hyväksyi
217 1402 223 27 pankkiedusmiesten
457 1403 146 21 ehdoittaman
619 1404 232 20 vuosirahansäännön.
883 1403 42 21 Pu-

95 1430 56 27 huja,
172 1431 53 26 joka
248 1431 93 27 yhdistyi
360 1432 162 26 varapuhemies
538 1432 83 21 Slotten
638 1432 117 26 lauseesen,
771 1433 79 20 viittasi
866 1438 59 15 muu-

94 1460 44 20 toin
164 1460 67 20 siihen
255 1461 178 25 vastalauseesen,
457 1460 72 21 minkä
551 1461 42 20 hän
610 1460 29 21 oli
655 1461 165 21 valiokunnassa
836 1462 90 19 antanut

92 1488 23 26 ja
133 1488 53 26 joka
207 1488 99 21 tarkoitti
331 1489 40 20 sitä
387 1491 162 24 menetystapaa
562 1489 47 26 jota
625 1489 206 25 pankkivaliokunta
848 1490 28 20 oli
892 1488 35 21 eh-

95 1516 106 26 dottanut,
226 1517 42 20 kun
291 1523 22 14 se
332 1517 28 20 oli
376 1517 134 20 koroittanut
525 1517 154 26 korkeampain
693 1518 23 25 ja
732 1518 110 20 alentanut
858 1518 69 19 alhai-

95 1545 95 26 sempain
206 1545 151 21 virkamiesten
373 1545 108 27 palkkoja.

836 1585 23 17 39
