<?xml version="1.0" encoding="UTF-8"?>
<alto xmlns="http://www.loc.gov/standards/alto/ns-v3#" xmlns:xlink="http://www.w3.org/1999/xlink" xmlns:xsi="http://www.w3.org/2001/XMLSchema-instance" xsi:schemaLocation="http://www.loc.gov/standards/alto/ns-v3# http://www.loc.gov/alto/v3/alto-3-0.xsd">
	<Description>
		<MeasurementUnit>pixel</MeasurementUnit>
		<sourceImageInformation>
			<fileName>/tmp/tess_6ann8f37_input.PNG</fileName>
		</sourceImageInformation>
		<OCRProcessing ID="OCR_0">
			<ocrProcessingStep>
				<processingSoftware>
					<softwareName>tesseract 5.3.4</softwareName>
				</processingSoftware>
			</ocrProcessingStep>
		</OCRProcessing>
	</Description>
	<Layout>
		<Page WIDTH="1109" HEIGHT="1825" PHYSICAL_IMG_NR="0" ID="page_0">
			<PrintSpace HPOS="0" VPOS="0" WIDTH="1109" HEIGHT="1825">
				<ComposedBlock ID="cblock_0" HPOS="274" VPOS="154" WIDTH="615" HEIGHT="27">
					<TextBlock ID="block_0" HPOS="274" VPOS="154" WIDTH="615" HEIGHT="27">
						<TextLine ID="line_0" HPOS="274" VPOS="154" WIDTH="615" HEIGHT="27">
							<String ID="string_0" HPOS="274" VPOS="160" WIDTH="212" HEIGHT="21" WC="0.91" CONTENT="Talonpoikaissääty"/><SP WIDTH="13" VPOS="160" HPOS="486"/>
							<String ID="string_1" HPOS="499" VPOS="160" WIDTH="54" HEIGHT="17" WC="0.90" CONTENT="1872."/><SP WIDTH="26" VPOS="160" HPOS="553"/>
							<String ID="string_2" HPOS="579" VPOS="160" WIDTH="26" HEIGHT="17" WC="0.92" CONTENT="29"/><SP WIDTH="12" VPOS="160" HPOS="605"/>
							<String ID="string_3" HPOS="617" VPOS="164" WIDTH="18" HEIGHT="16" WC="0.91" CONTENT="p."/><SP WIDTH="14" VPOS="164" HPOS="635"/>
							<String ID="string_4" HPOS="649" VPOS="160" WIDTH="83" HEIGHT="16" WC="0.91" CONTENT="toukok."/><SP WIDTH="117" VPOS="160" HPOS="732"/>
							<String ID="string_5" HPOS="849" VPOS="154" WIDTH="40" HEIGHT="21" WC="0.96" CONTENT="621"/>
						</TextLine>
					</TextBlock>
				</ComposedBlock>
				<GraphicalElement ID="cblock_1" HPOS="92" VPOS="195" WIDTH="631" HEIGHT="3"></GraphicalElement >
				<ComposedBlock ID="cblock_2" HPOS="92" VPOS="239" WIDTH="830" HEIGHT="108">
					<TextBlock ID="block_1" HPOS="92" VPOS="239" WIDTH="830" HEIGHT="108">
						<TextLine ID="line_1" HPOS="92" VPOS="239" WIDTH="830" HEIGHT="28">
							<String ID="string_6" HPOS="92" VPOS="240" WIDTH="53" HEIGHT="27" WC="0.91" CONTENT="huja"/><SP WIDTH="18" VPOS="240" HPOS="145"/>
							<String ID="string_7" HPOS="163" VPOS="240" WIDTH="19" HEIGHT="21" WC="0.93" CONTENT="ei"/><SP WIDTH="16" VPOS="240" HPOS="182"/>
							<String ID="string_8" HPOS="198" VPOS="240" WIDTH="93" HEIGHT="21" WC="0.93" CONTENT="uskonut"/><SP WIDTH="15" VPOS="240" HPOS="291"/>
							<String ID="string_9" HPOS="306" VPOS="241" WIDTH="45" HEIGHT="19" WC="0.93" CONTENT="että"/><SP WIDTH="15" VPOS="241" HPOS="351"/>
							<String ID="string_10" HPOS="366" VPOS="241" WIDTH="63" HEIGHT="19" WC="0.93" CONTENT="nämä"/><SP WIDTH="12" VPOS="241" HPOS="429"/>
							<String ID="string_11" HPOS="441" VPOS="239" WIDTH="89" HEIGHT="27" WC="0.92" CONTENT="julkiset"/><SP WIDTH="15" VPOS="239" HPOS="530"/>
							<String ID="string_12" HPOS="545" VPOS="240" WIDTH="86" HEIGHT="20" WC="0.92" CONTENT="krouvit"/><SP WIDTH="15" VPOS="240" HPOS="631"/>
							<String ID="string_13" HPOS="646" VPOS="240" WIDTH="110" HEIGHT="20" WC="0.92" CONTENT="estäisivät"/><SP WIDTH="15" VPOS="240" HPOS="756"/>
							<String ID="string_14" HPOS="771" VPOS="239" WIDTH="151" HEIGHT="27" WC="0.90" CONTENT="salakrouveja"/>
						</TextLine>
						<TextLine ID="line_2" HPOS="93" VPOS="268" WIDTH="829" HEIGHT="28">
							<String ID="string_15" HPOS="93" VPOS="270" WIDTH="138" HEIGHT="26" WC="0.93" CONTENT="syntymästä,"/><SP WIDTH="24" VPOS="270" HPOS="231"/>
							<String ID="string_16" HPOS="255" VPOS="268" WIDTH="80" HEIGHT="21" WC="0.91" CONTENT="kosk&#39;ei"/><SP WIDTH="16" VPOS="268" HPOS="335"/>
							<String ID="string_17" HPOS="351" VPOS="268" WIDTH="54" HEIGHT="21" WC="0.97" CONTENT="voisi"/><SP WIDTH="16" VPOS="268" HPOS="405"/>
							<String ID="string_18" HPOS="421" VPOS="269" WIDTH="73" HEIGHT="23" WC="0.96" CONTENT="tietää,"/><SP WIDTH="18" VPOS="269" HPOS="494"/>
							<String ID="string_19" HPOS="512" VPOS="268" WIDTH="57" HEIGHT="21" WC="0.96" CONTENT="oliko"/><SP WIDTH="14" VPOS="268" HPOS="569"/>
							<String ID="string_20" HPOS="583" VPOS="268" WIDTH="81" HEIGHT="27" WC="0.96" CONTENT="juoppo"/><SP WIDTH="17" VPOS="268" HPOS="664"/>
							<String ID="string_21" HPOS="681" VPOS="270" WIDTH="76" HEIGHT="19" WC="0.96" CONTENT="saanut"/><SP WIDTH="15" VPOS="270" HPOS="757"/>
							<String ID="string_22" HPOS="772" VPOS="268" WIDTH="72" HEIGHT="20" WC="0.93" CONTENT="viinaa"/><SP WIDTH="12" VPOS="268" HPOS="844"/>
							<String ID="string_23" HPOS="856" VPOS="268" WIDTH="66" HEIGHT="26" WC="0.93" CONTENT="julki-"/>
						</TextLine>
						<TextLine ID="line_3" HPOS="94" VPOS="296" WIDTH="828" HEIGHT="27">
							<String ID="string_24" HPOS="94" VPOS="298" WIDTH="51" HEIGHT="20" WC="0.93" CONTENT="sesti"/><SP WIDTH="22" VPOS="298" HPOS="145"/>
							<String ID="string_25" HPOS="167" VPOS="296" WIDTH="46" HEIGHT="21" WC="0.93" CONTENT="tahi"/><SP WIDTH="22" VPOS="296" HPOS="213"/>
							<String ID="string_26" HPOS="235" VPOS="296" WIDTH="162" HEIGHT="21" WC="0.91" CONTENT="salakrouvista."/><SP WIDTH="30" VPOS="296" HPOS="397"/>
							<String ID="string_27" HPOS="427" VPOS="296" WIDTH="67" HEIGHT="21" WC="0.92" CONTENT="Tässä"/><SP WIDTH="22" VPOS="296" HPOS="494"/>
							<String ID="string_28" HPOS="516" VPOS="303" WIDTH="73" HEIGHT="15" WC="0.96" CONTENT="osassa"/><SP WIDTH="15" VPOS="303" HPOS="589"/>
							<String ID="string_29" HPOS="604" VPOS="296" WIDTH="92" HEIGHT="27" WC="0.96" CONTENT="yhdistyi"/><SP WIDTH="17" VPOS="296" HPOS="696"/>
							<String ID="string_30" HPOS="713" VPOS="296" WIDTH="79" HEIGHT="27" WC="0.96" CONTENT="puhuja"/><SP WIDTH="15" VPOS="296" HPOS="792"/>
							<String ID="string_31" HPOS="807" VPOS="296" WIDTH="37" HEIGHT="21" WC="0.93" CONTENT="siis"/><SP WIDTH="16" VPOS="296" HPOS="844"/>
							<String ID="string_32" HPOS="860" VPOS="296" WIDTH="62" HEIGHT="21" WC="0.93" CONTENT="edus-"/>
						</TextLine>
						<TextLine ID="line_4" HPOS="93" VPOS="325" WIDTH="302" HEIGHT="22">
							<String ID="string_33" HPOS="93" VPOS="326" WIDTH="52" HEIGHT="21" WC="0.93" CONTENT="mies"/><SP WIDTH="15" VPOS="326" HPOS="145"/>
							<String ID="string_34" HPOS="160" VPOS="325" WIDTH="136" HEIGHT="21" WC="0.92" CONTENT="Rosendal&#39;in"/><SP WIDTH="15" VPOS="325" HPOS="296"/>
							<String ID="string_35" HPOS="311" VPOS="325" WIDTH="84" HEIGHT="21" WC="0.96" CONTENT="kanssa."/>
						</TextLine>
					</TextBlock>
				</ComposedBlock>
				<ComposedBlock ID="cblock_3" HPOS="93" VPOS="381" WIDTH="829" HEIGHT="142">
					<TextBlock ID="block_2" HPOS="93" VPOS="381" WIDTH="829" HEIGHT="142">
						<TextLine ID="line_5" HPOS="163" VPOS="381" WIDTH="759" HEIGHT="27">
							<String ID="string_36" HPOS="163" VPOS="382" WIDTH="111" HEIGHT="21" WC="0.92" CONTENT="Edusmies"/><SP WIDTH="22" VPOS="382" HPOS="274"/>
							<String ID="string_37" HPOS="296" VPOS="381" WIDTH="123" HEIGHT="22" WC="0.96" CONTENT="Ratinen"/><SP WIDTH="22" VPOS="381" HPOS="419"/>
							<String ID="string_38" HPOS="441" VPOS="381" WIDTH="69" HEIGHT="25" WC="0.95" CONTENT="sanoi,"/><SP WIDTH="21" VPOS="381" HPOS="510"/>
							<String ID="string_39" HPOS="531" VPOS="381" WIDTH="58" HEIGHT="22" WC="0.93" CONTENT="ett&#39;ei"/><SP WIDTH="22" VPOS="381" HPOS="589"/>
							<String ID="string_40" HPOS="611" VPOS="381" WIDTH="22" HEIGHT="27" WC="0.92" CONTENT="d)"/><SP WIDTH="16" VPOS="381" HPOS="633"/>
							<String ID="string_41" HPOS="649" VPOS="381" WIDTH="108" HEIGHT="21" WC="0.96" CONTENT="kohdassa"/><SP WIDTH="14" VPOS="381" HPOS="757"/>
							<String ID="string_42" HPOS="771" VPOS="381" WIDTH="54" HEIGHT="21" WC="0.96" CONTENT="ollut"/><SP WIDTH="15" VPOS="381" HPOS="825"/>
							<String ID="string_43" HPOS="840" VPOS="382" WIDTH="82" HEIGHT="21" WC="0.96" CONTENT="mitään"/>
						</TextLine>
						<TextLine ID="line_6" HPOS="94" VPOS="410" WIDTH="828" HEIGHT="27">
							<String ID="string_44" HPOS="94" VPOS="412" WIDTH="93" HEIGHT="25" WC="0.95" CONTENT="sanottu,"/><SP WIDTH="24" VPOS="412" HPOS="187"/>
							<String ID="string_45" HPOS="211" VPOS="411" WIDTH="65" HEIGHT="20" WC="0.95" CONTENT="miten"/><SP WIDTH="20" VPOS="411" HPOS="276"/>
							<String ID="string_46" HPOS="296" VPOS="411" WIDTH="140" HEIGHT="26" WC="0.93" CONTENT="äänestyksen"/><SP WIDTH="20" VPOS="411" HPOS="436"/>
							<String ID="string_47" HPOS="456" VPOS="410" WIDTH="168" HEIGHT="21" WC="0.92" CONTENT="krouviasioissa"/><SP WIDTH="15" VPOS="410" HPOS="624"/>
							<String ID="string_48" HPOS="639" VPOS="410" WIDTH="235" HEIGHT="21" WC="0.92" CONTENT="kunnankokouksessa"/><SP WIDTH="16" VPOS="410" HPOS="874"/>
							<String ID="string_49" HPOS="890" VPOS="410" WIDTH="32" HEIGHT="27" WC="0.90" CONTENT="pi-"/>
						</TextLine>
						<TextLine ID="line_7" HPOS="93" VPOS="439" WIDTH="828" HEIGHT="27">
							<String ID="string_50" HPOS="93" VPOS="439" WIDTH="49" HEIGHT="21" WC="0.92" CONTENT="täisi"/><SP WIDTH="21" VPOS="439" HPOS="142"/>
							<String ID="string_51" HPOS="163" VPOS="439" WIDTH="146" HEIGHT="27" WC="0.92" CONTENT="tapaktuman."/><SP WIDTH="31" VPOS="439" HPOS="309"/>
							<String ID="string_52" HPOS="340" VPOS="439" WIDTH="75" HEIGHT="21" WC="0.96" CONTENT="Hänen"/><SP WIDTH="22" VPOS="439" HPOS="415"/>
							<String ID="string_53" HPOS="437" VPOS="439" WIDTH="138" HEIGHT="26" WC="0.96" CONTENT="ajatuksensa"/><SP WIDTH="22" VPOS="439" HPOS="575"/>
							<String ID="string_54" HPOS="597" VPOS="439" WIDTH="92" HEIGHT="21" WC="0.96" CONTENT="mukaan"/><SP WIDTH="20" VPOS="439" HPOS="689"/>
							<String ID="string_55" HPOS="709" VPOS="439" WIDTH="48" HEIGHT="20" WC="0.96" CONTENT="olisi"/><SP WIDTH="15" VPOS="439" HPOS="757"/>
							<String ID="string_56" HPOS="772" VPOS="440" WIDTH="100" HEIGHT="25" WC="0.93" CONTENT="äänestys"/><SP WIDTH="16" VPOS="440" HPOS="872"/>
							<String ID="string_57" HPOS="888" VPOS="441" WIDTH="33" HEIGHT="18" WC="0.93" CONTENT="ta-"/>
						</TextLine>
						<TextLine ID="line_8" HPOS="94" VPOS="467" WIDTH="828" HEIGHT="27">
							<String ID="string_58" HPOS="94" VPOS="467" WIDTH="94" HEIGHT="27" WC="0.91" CONTENT="pahtuva"/><SP WIDTH="22" VPOS="467" HPOS="188"/>
							<String ID="string_59" HPOS="210" VPOS="468" WIDTH="127" HEIGHT="21" WC="0.91" CONTENT="henkiluvun"/><SP WIDTH="22" VPOS="468" HPOS="337"/>
							<String ID="string_60" HPOS="359" VPOS="468" WIDTH="86" HEIGHT="26" WC="0.96" CONTENT="jälkeen"/><SP WIDTH="21" VPOS="468" HPOS="445"/>
							<String ID="string_61" HPOS="466" VPOS="467" WIDTH="52" HEIGHT="22" WC="0.96" CONTENT="sekä"/><SP WIDTH="22" VPOS="467" HPOS="518"/>
							<String ID="string_62" HPOS="540" VPOS="468" WIDTH="50" HEIGHT="25" WC="0.96" CONTENT="niin,"/><SP WIDTH="22" VPOS="468" HPOS="590"/>
							<String ID="string_63" HPOS="612" VPOS="469" WIDTH="45" HEIGHT="20" WC="0.96" CONTENT="että"/><SP WIDTH="16" VPOS="469" HPOS="657"/>
							<String ID="string_64" HPOS="673" VPOS="467" WIDTH="61" HEIGHT="22" WC="0.96" CONTENT="kaksi"/><SP WIDTH="15" VPOS="467" HPOS="734"/>
							<String ID="string_65" HPOS="749" VPOS="467" WIDTH="105" HEIGHT="21" WC="0.96" CONTENT="kolmatta"/><SP WIDTH="16" VPOS="467" HPOS="854"/>
							<String ID="string_66" HPOS="870" VPOS="473" WIDTH="52" HEIGHT="16" WC="0.95" CONTENT="osaa"/>
						</TextLine>
						<TextLine ID="line_9" HPOS="94" VPOS="497" WIDTH="545" HEIGHT="26">
							<String ID="string_67" HPOS="94" VPOS="497" WIDTH="143" HEIGHT="21" WC="0.92" CONTENT="äänestävistä"/><SP WIDTH="16" VPOS="497" HPOS="237"/>
							<String ID="string_68" HPOS="253" VPOS="497" WIDTH="136" HEIGHT="21" WC="0.96" CONTENT="tarvittaisiin"/><SP WIDTH="16" VPOS="497" HPOS="389"/>
							<String ID="string_69" HPOS="405" VPOS="497" WIDTH="100" HEIGHT="26" WC="0.96" CONTENT="päätöstä"/><SP WIDTH="15" VPOS="497" HPOS="505"/>
							<String ID="string_70" HPOS="520" VPOS="497" WIDTH="119" HEIGHT="20" WC="0.96" CONTENT="tekemään."/>
						</TextLine>
					</TextBlock>
				</ComposedBlock>
				<ComposedBlock ID="cblock_4" HPOS="94" VPOS="552" WIDTH="829" HEIGHT="256">
					<TextBlock ID="block_3" HPOS="94" VPOS="552" WIDTH="829" HEIGHT="256">
						<TextLine ID="line_10" HPOS="164" VPOS="552" WIDTH="758" HEIGHT="28">
							<String ID="string_71" HPOS="164" VPOS="553" WIDTH="214" HEIGHT="27" WC="0.91" CONTENT="Landtdagsmannen"/><SP WIDTH="23" VPOS="553" HPOS="378"/>
							<String ID="string_72" HPOS="401" VPOS="553" WIDTH="95" HEIGHT="27" WC="0.91" CONTENT="Tolpo"/><SP WIDTH="24" VPOS="553" HPOS="496"/>
							<String ID="string_73" HPOS="520" VPOS="553" WIDTH="82" HEIGHT="26" WC="0.91" CONTENT="androg"/><SP WIDTH="15" VPOS="553" HPOS="602"/>
							<String ID="string_74" HPOS="617" VPOS="555" WIDTH="32" HEIGHT="20" WC="0.96" CONTENT="att"/><SP WIDTH="16" VPOS="555" HPOS="649"/>
							<String ID="string_75" HPOS="665" VPOS="553" WIDTH="28" HEIGHT="21" WC="0.96" CONTENT="dä"/><SP WIDTH="14" VPOS="553" HPOS="693"/>
							<String ID="string_76" HPOS="707" VPOS="559" WIDTH="48" HEIGHT="15" WC="0.96" CONTENT="man"/><SP WIDTH="16" VPOS="559" HPOS="755"/>
							<String ID="string_77" HPOS="771" VPOS="559" WIDTH="27" HEIGHT="14" WC="0.91" CONTENT="en"/><SP WIDTH="15" VPOS="559" HPOS="798"/>
							<String ID="string_78" HPOS="813" VPOS="553" WIDTH="57" HEIGHT="26" WC="0.91" CONTENT="gäng"/><SP WIDTH="15" VPOS="553" HPOS="870"/>
							<String ID="string_79" HPOS="885" VPOS="552" WIDTH="37" HEIGHT="22" WC="0.92" CONTENT="be-"/>
						</TextLine>
						<TextLine ID="line_11" HPOS="96" VPOS="581" WIDTH="826" HEIGHT="27">
							<String ID="string_80" HPOS="96" VPOS="582" WIDTH="60" HEIGHT="21" WC="0.96" CONTENT="slutit"/><SP WIDTH="23" VPOS="582" HPOS="156"/>
							<String ID="string_81" HPOS="179" VPOS="584" WIDTH="32" HEIGHT="19" WC="0.93" CONTENT="att"/><SP WIDTH="22" VPOS="584" HPOS="211"/>
							<String ID="string_82" HPOS="233" VPOS="582" WIDTH="87" HEIGHT="21" WC="0.96" CONTENT="bränvin"/><SP WIDTH="24" VPOS="582" HPOS="320"/>
							<String ID="string_83" HPOS="344" VPOS="582" WIDTH="32" HEIGHT="21" WC="0.96" CONTENT="får"/><SP WIDTH="14" VPOS="582" HPOS="376"/>
							<String ID="string_84" HPOS="390" VPOS="582" WIDTH="100" HEIGHT="26" WC="0.96" CONTENT="brännas,"/><SP WIDTH="19" VPOS="582" HPOS="490"/>
							<String ID="string_85" HPOS="509" VPOS="582" WIDTH="23" HEIGHT="21" WC="0.93" CONTENT="sä"/><SP WIDTH="16" VPOS="582" HPOS="532"/>
							<String ID="string_86" HPOS="548" VPOS="582" WIDTH="68" HEIGHT="21" WC="0.96" CONTENT="måste"/><SP WIDTH="16" VPOS="582" HPOS="616"/>
							<String ID="string_87" HPOS="632" VPOS="582" WIDTH="118" HEIGHT="21" WC="0.95" CONTENT="detsamma"/><SP WIDTH="15" VPOS="582" HPOS="750"/>
							<String ID="string_88" HPOS="765" VPOS="582" WIDTH="60" HEIGHT="21" WC="0.95" CONTENT="äfven"/><SP WIDTH="17" VPOS="582" HPOS="825"/>
							<String ID="string_89" HPOS="842" VPOS="581" WIDTH="22" HEIGHT="22" WC="0.93" CONTENT="få"/><SP WIDTH="15" VPOS="581" HPOS="864"/>
							<String ID="string_90" HPOS="879" VPOS="581" WIDTH="43" HEIGHT="22" WC="0.91" CONTENT="för-"/>
						</TextLine>
						<TextLine ID="line_12" HPOS="94" VPOS="610" WIDTH="828" HEIGHT="28">
							<String ID="string_91" HPOS="94" VPOS="612" WIDTH="64" HEIGHT="25" WC="0.93" CONTENT="säljas"/><SP WIDTH="16" VPOS="612" HPOS="158"/>
							<String ID="string_92" HPOS="174" VPOS="611" WIDTH="99" HEIGHT="21" WC="0.92" CONTENT="hvarföre"/><SP WIDTH="20" VPOS="611" HPOS="273"/>
							<String ID="string_93" HPOS="293" VPOS="612" WIDTH="82" HEIGHT="20" WC="0.96" CONTENT="talaren"/><SP WIDTH="16" VPOS="612" HPOS="375"/>
							<String ID="string_94" HPOS="391" VPOS="611" WIDTH="102" HEIGHT="21" WC="0.96" CONTENT="förenade"/><SP WIDTH="16" VPOS="611" HPOS="493"/>
							<String ID="string_95" HPOS="509" VPOS="612" WIDTH="31" HEIGHT="26" WC="0.96" CONTENT="sig"/><SP WIDTH="17" VPOS="612" HPOS="540"/>
							<String ID="string_96" HPOS="557" VPOS="611" WIDTH="46" HEIGHT="21" WC="0.92" CONTENT="med"/><SP WIDTH="17" VPOS="611" HPOS="603"/>
							<String ID="string_97" HPOS="620" VPOS="611" WIDTH="205" HEIGHT="26" WC="0.91" CONTENT="landtdagsmannen"/><SP WIDTH="16" VPOS="611" HPOS="825"/>
							<String ID="string_98" HPOS="841" VPOS="610" WIDTH="81" HEIGHT="22" WC="0.90" CONTENT="Rosen-"/>
						</TextLine>
						<TextLine ID="line_13" HPOS="95" VPOS="639" WIDTH="827" HEIGHT="22">
							<String ID="string_99" HPOS="95" VPOS="640" WIDTH="41" HEIGHT="20" WC="0.96" CONTENT="dal."/><SP WIDTH="31" VPOS="640" HPOS="136"/>
							<String ID="string_100" HPOS="167" VPOS="640" WIDTH="49" HEIGHT="20" WC="0.89" CONTENT="Med"/><SP WIDTH="19" VPOS="640" HPOS="216"/>
							<String ID="string_101" HPOS="235" VPOS="640" WIDTH="124" HEIGHT="21" WC="0.89" CONTENT="vicetalman"/><SP WIDTH="17" VPOS="640" HPOS="359"/>
							<String ID="string_102" HPOS="376" VPOS="640" WIDTH="68" HEIGHT="21" WC="0.89" CONTENT="Slotte"/><SP WIDTH="17" VPOS="640" HPOS="444"/>
							<String ID="string_103" HPOS="461" VPOS="640" WIDTH="182" HEIGHT="21" WC="0.92" CONTENT="öfverensstämde"/><SP WIDTH="16" VPOS="640" HPOS="643"/>
							<String ID="string_104" HPOS="659" VPOS="640" WIDTH="42" HEIGHT="20" WC="0.93" CONTENT="han"/><SP WIDTH="16" VPOS="640" HPOS="701"/>
							<String ID="string_105" HPOS="717" VPOS="640" WIDTH="44" HEIGHT="20" WC="0.92" CONTENT="deri"/><SP WIDTH="16" VPOS="640" HPOS="761"/>
							<String ID="string_106" HPOS="777" VPOS="641" WIDTH="32" HEIGHT="19" WC="0.93" CONTENT="att"/><SP WIDTH="16" VPOS="641" HPOS="809"/>
							<String ID="string_107" HPOS="825" VPOS="639" WIDTH="97" HEIGHT="21" WC="0.92" CONTENT="kommu-"/>
						</TextLine>
						<TextLine ID="line_14" HPOS="94" VPOS="668" WIDTH="828" HEIGHT="27">
							<String ID="string_108" HPOS="94" VPOS="674" WIDTH="40" HEIGHT="15" WC="0.96" CONTENT="nen"/><SP WIDTH="25" VPOS="674" HPOS="134"/>
							<String ID="string_109" HPOS="159" VPOS="668" WIDTH="18" HEIGHT="27" WC="0.96" CONTENT="ej"/><SP WIDTH="23" VPOS="668" HPOS="177"/>
							<String ID="string_110" HPOS="200" VPOS="668" WIDTH="69" HEIGHT="22" WC="0.96" CONTENT="skulle"/><SP WIDTH="19" VPOS="668" HPOS="269"/>
							<String ID="string_111" HPOS="288" VPOS="669" WIDTH="81" HEIGHT="21" WC="0.96" CONTENT="erhålla"/><SP WIDTH="14" VPOS="669" HPOS="369"/>
							<String ID="string_112" HPOS="383" VPOS="668" WIDTH="70" HEIGHT="27" WC="0.97" CONTENT="någon"/><SP WIDTH="16" VPOS="668" HPOS="453"/>
							<String ID="string_113" HPOS="469" VPOS="668" WIDTH="94" HEIGHT="22" WC="0.96" CONTENT="inkomst"/><SP WIDTH="15" VPOS="668" HPOS="563"/>
							<String ID="string_114" HPOS="578" VPOS="668" WIDTH="23" HEIGHT="21" WC="0.93" CONTENT="af"/><SP WIDTH="14" VPOS="668" HPOS="601"/>
							<String ID="string_115" HPOS="615" VPOS="668" WIDTH="252" HEIGHT="26" WC="0.91" CONTENT="bränvinsförsäljningen"/><SP WIDTH="15" VPOS="668" HPOS="867"/>
							<String ID="string_116" HPOS="882" VPOS="668" WIDTH="40" HEIGHT="21" WC="0.96" CONTENT="och"/>
						</TextLine>
						<TextLine ID="line_15" HPOS="94" VPOS="696" WIDTH="829" HEIGHT="28">
							<String ID="string_117" HPOS="94" VPOS="696" WIDTH="56" HEIGHT="22" WC="0.92" CONTENT="hvad"/><SP WIDTH="26" VPOS="696" HPOS="150"/>
							<String ID="string_118" HPOS="176" VPOS="697" WIDTH="203" HEIGHT="27" WC="0.91" CONTENT="landtdagsmannen"/><SP WIDTH="27" VPOS="697" HPOS="379"/>
							<String ID="string_119" HPOS="406" VPOS="697" WIDTH="104" HEIGHT="21" WC="0.91" CONTENT="Ratinens"/><SP WIDTH="26" VPOS="697" HPOS="510"/>
							<String ID="string_120" HPOS="536" VPOS="696" WIDTH="225" HEIGHT="27" WC="0.90" CONTENT="omröstningsförslag"/><SP WIDTH="22" VPOS="696" HPOS="761"/>
							<String ID="string_121" HPOS="783" VPOS="696" WIDTH="93" HEIGHT="25" WC="0.92" CONTENT="vidkom,"/><SP WIDTH="22" VPOS="696" HPOS="876"/>
							<String ID="string_122" HPOS="898" VPOS="696" WIDTH="25" HEIGHT="21" WC="0.96" CONTENT="sä"/>
						</TextLine>
						<TextLine ID="line_16" HPOS="95" VPOS="725" WIDTH="827" HEIGHT="27">
							<String ID="string_123" HPOS="95" VPOS="725" WIDTH="39" HEIGHT="21" WC="0.90" CONTENT="och"/><SP WIDTH="26" VPOS="725" HPOS="134"/>
							<String ID="string_124" HPOS="160" VPOS="725" WIDTH="67" HEIGHT="21" WC="0.90" CONTENT="ehuru"/><SP WIDTH="23" VPOS="725" HPOS="227"/>
							<String ID="string_125" HPOS="250" VPOS="726" WIDTH="60" HEIGHT="20" WC="0.93" CONTENT="detta"/><SP WIDTH="20" VPOS="726" HPOS="310"/>
							<String ID="string_126" HPOS="330" VPOS="726" WIDTH="19" HEIGHT="26" WC="0.93" CONTENT="ej"/><SP WIDTH="22" VPOS="726" HPOS="349"/>
							<String ID="string_127" HPOS="371" VPOS="726" WIDTH="114" HEIGHT="26" WC="0.91" CONTENT="rätteligen"/><SP WIDTH="23" VPOS="726" HPOS="485"/>
							<String ID="string_128" HPOS="508" VPOS="726" WIDTH="66" HEIGHT="21" WC="0.96" CONTENT="hörde"/><SP WIDTH="17" VPOS="726" HPOS="574"/>
							<String ID="string_129" HPOS="591" VPOS="726" WIDTH="31" HEIGHT="20" WC="0.96" CONTENT="till"/><SP WIDTH="17" VPOS="726" HPOS="622"/>
							<String ID="string_130" HPOS="639" VPOS="726" WIDTH="65" HEIGHT="20" WC="0.96" CONTENT="saken"/><SP WIDTH="16" VPOS="726" HPOS="704"/>
							<String ID="string_131" HPOS="720" VPOS="725" WIDTH="23" HEIGHT="21" WC="0.93" CONTENT="sä"/><SP WIDTH="15" VPOS="725" HPOS="743"/>
							<String ID="string_132" HPOS="758" VPOS="725" WIDTH="66" HEIGHT="26" WC="0.92" CONTENT="ansäg"/><SP WIDTH="16" VPOS="725" HPOS="824"/>
							<String ID="string_133" HPOS="840" VPOS="725" WIDTH="82" HEIGHT="21" WC="0.93" CONTENT="talaren"/>
						</TextLine>
						<TextLine ID="line_17" HPOS="95" VPOS="753" WIDTH="827" HEIGHT="28">
							<String ID="string_134" HPOS="95" VPOS="754" WIDTH="64" HEIGHT="21" WC="0.96" CONTENT="likväl"/><SP WIDTH="16" VPOS="754" HPOS="159"/>
							<String ID="string_135" HPOS="175" VPOS="756" WIDTH="32" HEIGHT="19" WC="0.93" CONTENT="att"/><SP WIDTH="16" VPOS="756" HPOS="207"/>
							<String ID="string_136" HPOS="223" VPOS="754" WIDTH="68" HEIGHT="22" WC="0.96" CONTENT="såsom"/><SP WIDTH="17" VPOS="754" HPOS="291"/>
							<String ID="string_137" HPOS="308" VPOS="756" WIDTH="31" HEIGHT="20" WC="0.93" CONTENT="ett"/><SP WIDTH="16" VPOS="756" HPOS="339"/>
							<String ID="string_138" HPOS="355" VPOS="754" WIDTH="158" HEIGHT="27" WC="0.86" CONTENT="önskningsmäl"/><SP WIDTH="16" VPOS="754" HPOS="513"/>
							<String ID="string_139" HPOS="529" VPOS="754" WIDTH="71" HEIGHT="22" WC="0.93" CONTENT="kunde"/><SP WIDTH="16" VPOS="754" HPOS="600"/>
							<String ID="string_140" HPOS="616" VPOS="754" WIDTH="123" HEIGHT="21" WC="0.90" CONTENT="framhållas"/><SP WIDTH="10" VPOS="754" HPOS="739"/>
							<String ID="string_141" HPOS="749" VPOS="756" WIDTH="32" HEIGHT="19" WC="0.93" CONTENT="att"/><SP WIDTH="12" VPOS="756" HPOS="781"/>
							<String ID="string_142" HPOS="793" VPOS="753" WIDTH="129" HEIGHT="22" WC="0.95" CONTENT="åtminstone"/>
						</TextLine>
						<TextLine ID="line_18" HPOS="94" VPOS="782" WIDTH="751" HEIGHT="26">
							<String ID="string_143" HPOS="94" VPOS="782" WIDTH="82" HEIGHT="22" WC="0.96" CONTENT="hälften"/><SP WIDTH="16" VPOS="782" HPOS="176"/>
							<String ID="string_144" HPOS="192" VPOS="782" WIDTH="23" HEIGHT="22" WC="0.96" CONTENT="af"/><SP WIDTH="13" VPOS="782" HPOS="215"/>
							<String ID="string_145" HPOS="228" VPOS="783" WIDTH="26" HEIGHT="21" WC="0.93" CONTENT="de"/><SP WIDTH="16" VPOS="783" HPOS="254"/>
							<String ID="string_146" HPOS="270" VPOS="783" WIDTH="99" HEIGHT="21" WC="0.96" CONTENT="röstande"/><SP WIDTH="16" VPOS="783" HPOS="369"/>
							<String ID="string_147" HPOS="385" VPOS="783" WIDTH="66" HEIGHT="21" WC="0.93" CONTENT="borde"/><SP WIDTH="16" VPOS="783" HPOS="451"/>
							<String ID="string_148" HPOS="467" VPOS="782" WIDTH="64" HEIGHT="22" WC="0.96" CONTENT="hafva"/><SP WIDTH="16" VPOS="782" HPOS="531"/>
							<String ID="string_149" HPOS="547" VPOS="790" WIDTH="26" HEIGHT="14" WC="0.93" CONTENT="en"/><SP WIDTH="16" VPOS="790" HPOS="573"/>
							<String ID="string_150" HPOS="589" VPOS="783" WIDTH="178" HEIGHT="21" WC="0.86" CONTENT="samstämmande"/><SP WIDTH="16" VPOS="783" HPOS="767"/>
							<String ID="string_151" HPOS="783" VPOS="782" WIDTH="62" HEIGHT="26" WC="0.92" CONTENT="äsigt."/>
						</TextLine>
					</TextBlock>
				</ComposedBlock>
				<ComposedBlock ID="cblock_5" HPOS="94" VPOS="840" WIDTH="829" HEIGHT="113">
					<TextBlock ID="block_4" HPOS="94" VPOS="840" WIDTH="829" HEIGHT="113">
						<TextLine ID="line_19" HPOS="163" VPOS="840" WIDTH="760" HEIGHT="27">
							<String ID="string_152" HPOS="163" VPOS="840" WIDTH="215" HEIGHT="27" WC="0.92" CONTENT="Landtdagsmannen"/><SP WIDTH="21" VPOS="840" HPOS="378"/>
							<String ID="string_153" HPOS="399" VPOS="840" WIDTH="191" HEIGHT="22" WC="0.93" CONTENT="Pettersson"/><SP WIDTH="21" VPOS="840" HPOS="590"/>
							<String ID="string_154" HPOS="611" VPOS="840" WIDTH="102" HEIGHT="22" WC="0.92" CONTENT="förenade"/><SP WIDTH="23" VPOS="840" HPOS="713"/>
							<String ID="string_155" HPOS="736" VPOS="840" WIDTH="31" HEIGHT="26" WC="0.96" CONTENT="sig"/><SP WIDTH="21" VPOS="840" HPOS="767"/>
							<String ID="string_156" HPOS="788" VPOS="840" WIDTH="49" HEIGHT="21" WC="0.93" CONTENT="med"/><SP WIDTH="15" VPOS="840" HPOS="837"/>
							<String ID="string_157" HPOS="852" VPOS="840" WIDTH="71" HEIGHT="21" WC="0.91" CONTENT="landt-"/>
						</TextLine>
						<TextLine ID="line_20" HPOS="94" VPOS="868" WIDTH="828" HEIGHT="28">
							<String ID="string_158" HPOS="94" VPOS="868" WIDTH="144" HEIGHT="27" WC="0.91" CONTENT="dagsmannen"/><SP WIDTH="15" VPOS="868" HPOS="238"/>
							<String ID="string_159" HPOS="253" VPOS="869" WIDTH="107" HEIGHT="21" WC="0.96" CONTENT="Rosendal"/><SP WIDTH="16" VPOS="869" HPOS="360"/>
							<String ID="string_160" HPOS="376" VPOS="869" WIDTH="39" HEIGHT="21" WC="0.96" CONTENT="och"/><SP WIDTH="16" VPOS="869" HPOS="415"/>
							<String ID="string_161" HPOS="431" VPOS="876" WIDTH="38" HEIGHT="14" WC="0.93" CONTENT="var"/><SP WIDTH="16" VPOS="876" HPOS="469"/>
							<String ID="string_162" HPOS="485" VPOS="869" WIDTH="124" HEIGHT="27" WC="0.85" CONTENT="öfvertygad"/><SP WIDTH="17" VPOS="869" HPOS="609"/>
							<String ID="string_163" HPOS="626" VPOS="875" WIDTH="34" HEIGHT="15" WC="0.96" CONTENT="om"/><SP WIDTH="15" VPOS="875" HPOS="660"/>
							<String ID="string_164" HPOS="675" VPOS="871" WIDTH="32" HEIGHT="19" WC="0.96" CONTENT="att"/><SP WIDTH="16" VPOS="871" HPOS="707"/>
							<String ID="string_165" HPOS="723" VPOS="869" WIDTH="43" HEIGHT="21" WC="0.96" CONTENT="lika"/><SP WIDTH="15" VPOS="869" HPOS="766"/>
							<String ID="string_166" HPOS="781" VPOS="868" WIDTH="85" HEIGHT="27" WC="0.96" CONTENT="mycket"/><SP WIDTH="11" VPOS="868" HPOS="866"/>
							<String ID="string_167" HPOS="877" VPOS="874" WIDTH="45" HEIGHT="15" WC="0.96" CONTENT="som"/>
						</TextLine>
						<TextLine ID="line_21" HPOS="94" VPOS="896" WIDTH="829" HEIGHT="28">
							<String ID="string_168" HPOS="94" VPOS="903" WIDTH="49" HEIGHT="14" WC="0.96" CONTENT="man"/><SP WIDTH="25" VPOS="903" HPOS="143"/>
							<String ID="string_169" HPOS="168" VPOS="897" WIDTH="40" HEIGHT="20" WC="0.92" CONTENT="här"/><SP WIDTH="26" VPOS="897" HPOS="208"/>
							<String ID="string_170" HPOS="234" VPOS="898" WIDTH="54" HEIGHT="20" WC="0.92" CONTENT="talat"/><SP WIDTH="27" VPOS="898" HPOS="288"/>
							<String ID="string_171" HPOS="315" VPOS="900" WIDTH="58" HEIGHT="19" WC="0.93" CONTENT="emot"/><SP WIDTH="24" VPOS="900" HPOS="373"/>
							<String ID="string_172" HPOS="397" VPOS="898" WIDTH="90" HEIGHT="26" WC="0.92" CONTENT="krogars"/><SP WIDTH="28" VPOS="898" HPOS="487"/>
							<String ID="string_173" HPOS="515" VPOS="898" WIDTH="122" HEIGHT="21" WC="0.90" CONTENT="inrättande"/><SP WIDTH="24" VPOS="898" HPOS="637"/>
							<String ID="string_174" HPOS="661" VPOS="898" WIDTH="28" HEIGHT="26" WC="0.93" CONTENT="pä"/><SP WIDTH="22" VPOS="898" HPOS="689"/>
							<String ID="string_175" HPOS="711" VPOS="897" WIDTH="151" HEIGHT="27" WC="0.92" CONTENT="landsbygden,"/><SP WIDTH="17" VPOS="897" HPOS="862"/>
							<String ID="string_176" HPOS="879" VPOS="896" WIDTH="44" HEIGHT="21" WC="0.96" CONTENT="lika"/>
						</TextLine>
						<TextLine ID="line_22" HPOS="94" VPOS="925" WIDTH="576" HEIGHT="28">
							<String ID="string_177" HPOS="94" VPOS="925" WIDTH="84" HEIGHT="28" WC="0.96" CONTENT="mycket"/><SP WIDTH="15" VPOS="925" HPOS="178"/>
							<String ID="string_178" HPOS="193" VPOS="932" WIDTH="38" HEIGHT="15" WC="0.95" CONTENT="var"/><SP WIDTH="15" VPOS="932" HPOS="231"/>
							<String ID="string_179" HPOS="246" VPOS="932" WIDTH="49" HEIGHT="15" WC="0.96" CONTENT="man"/><SP WIDTH="16" VPOS="932" HPOS="295"/>
							<String ID="string_180" HPOS="311" VPOS="928" WIDTH="57" HEIGHT="19" WC="0.93" CONTENT="emot"/><SP WIDTH="15" VPOS="928" HPOS="368"/>
							<String ID="string_181" HPOS="383" VPOS="926" WIDTH="77" HEIGHT="21" WC="0.92" CONTENT="sädant"/><SP WIDTH="15" VPOS="926" HPOS="460"/>
							<String ID="string_182" HPOS="475" VPOS="926" WIDTH="28" HEIGHT="27" WC="0.91" CONTENT="pä"/><SP WIDTH="16" VPOS="926" HPOS="503"/>
							<String ID="string_183" HPOS="519" VPOS="926" WIDTH="151" HEIGHT="27" WC="0.91" CONTENT="landsbygden."/>
						</TextLine>
					</TextBlock>
				</ComposedBlock>
				<ComposedBlock ID="cblock_6" HPOS="74" VPOS="982" WIDTH="850" HEIGHT="599">
					<TextBlock ID="block_5" HPOS="93" VPOS="982" WIDTH="831" HEIGHT="395">
						<TextLine ID="line_23" HPOS="163" VPOS="982" WIDTH="759" HEIGHT="27">
							<String ID="string_184" HPOS="163" VPOS="983" WIDTH="132" HEIGHT="21" WC="0.91" CONTENT="Vicetalman"/><SP WIDTH="22" VPOS="983" HPOS="295"/>
							<String ID="string_185" HPOS="317" VPOS="982" WIDTH="102" HEIGHT="22" WC="0.88" CONTENT="Slotte"/><SP WIDTH="22" VPOS="982" HPOS="419"/>
							<String ID="string_186" HPOS="441" VPOS="983" WIDTH="87" HEIGHT="26" WC="0.88" CONTENT="medgaf"/><SP WIDTH="20" VPOS="983" HPOS="528"/>
							<String ID="string_187" HPOS="548" VPOS="985" WIDTH="32" HEIGHT="19" WC="0.96" CONTENT="att"/><SP WIDTH="16" VPOS="985" HPOS="580"/>
							<String ID="string_188" HPOS="596" VPOS="983" WIDTH="53" HEIGHT="21" WC="0.96" CONTENT="hans"/><SP WIDTH="15" VPOS="983" HPOS="649"/>
							<String ID="string_189" HPOS="664" VPOS="983" WIDTH="135" HEIGHT="26" WC="0.96" CONTENT="uppfattning"/><SP WIDTH="16" VPOS="983" HPOS="799"/>
							<String ID="string_190" HPOS="815" VPOS="983" WIDTH="23" HEIGHT="21" WC="0.93" CONTENT="af"/><SP WIDTH="13" VPOS="983" HPOS="838"/>
							<String ID="string_191" HPOS="851" VPOS="983" WIDTH="71" HEIGHT="21" WC="0.92" CONTENT="landt-"/>
						</TextLine>
						<TextLine ID="line_24" HPOS="94" VPOS="1011" WIDTH="828" HEIGHT="27">
							<String ID="string_192" HPOS="94" VPOS="1011" WIDTH="144" HEIGHT="27" WC="0.92" CONTENT="dagsmannen"/><SP WIDTH="16" VPOS="1011" HPOS="238"/>
							<String ID="string_193" HPOS="254" VPOS="1012" WIDTH="122" HEIGHT="21" WC="0.92" CONTENT="Meurmans"/><SP WIDTH="16" VPOS="1012" HPOS="376"/>
							<String ID="string_194" HPOS="392" VPOS="1011" WIDTH="39" HEIGHT="22" WC="0.93" CONTENT="ord"/><SP WIDTH="16" VPOS="1011" HPOS="431"/>
							<String ID="string_195" HPOS="447" VPOS="1012" WIDTH="100" HEIGHT="26" WC="0.90" CONTENT="möjligen"/><SP WIDTH="16" VPOS="1012" HPOS="547"/>
							<String ID="string_196" HPOS="563" VPOS="1012" WIDTH="19" HEIGHT="26" WC="0.93" CONTENT="ej"/><SP WIDTH="17" VPOS="1012" HPOS="582"/>
							<String ID="string_197" HPOS="599" VPOS="1012" WIDTH="54" HEIGHT="21" WC="0.96" CONTENT="varit"/><SP WIDTH="16" VPOS="1012" HPOS="653"/>
							<String ID="string_198" HPOS="669" VPOS="1011" WIDTH="32" HEIGHT="22" WC="0.96" CONTENT="till"/><SP WIDTH="16" VPOS="1011" HPOS="701"/>
							<String ID="string_199" HPOS="717" VPOS="1011" WIDTH="42" HEIGHT="22" WC="0.96" CONTENT="alla"/><SP WIDTH="16" VPOS="1011" HPOS="759"/>
							<String ID="string_200" HPOS="775" VPOS="1011" WIDTH="59" HEIGHT="21" WC="0.93" CONTENT="delar"/><SP WIDTH="16" VPOS="1011" HPOS="834"/>
							<String ID="string_201" HPOS="850" VPOS="1011" WIDTH="72" HEIGHT="27" WC="0.92" CONTENT="riktig,"/>
						</TextLine>
						<TextLine ID="line_25" HPOS="94" VPOS="1039" WIDTH="828" HEIGHT="28">
							<String ID="string_202" HPOS="94" VPOS="1046" WIDTH="47" HEIGHT="15" WC="0.96" CONTENT="men"/><SP WIDTH="23" VPOS="1046" HPOS="141"/>
							<String ID="string_203" HPOS="164" VPOS="1039" WIDTH="28" HEIGHT="22" WC="0.92" CONTENT="dä"/><SP WIDTH="24" VPOS="1039" HPOS="192"/>
							<String ID="string_204" HPOS="216" VPOS="1040" WIDTH="202" HEIGHT="27" WC="0.92" CONTENT="landtdagsmännen"/><SP WIDTH="16" VPOS="1040" HPOS="418"/>
							<String ID="string_205" HPOS="434" VPOS="1040" WIDTH="108" HEIGHT="21" WC="0.96" CONTENT="Rosendal"/><SP WIDTH="17" VPOS="1040" HPOS="542"/>
							<String ID="string_206" HPOS="559" VPOS="1041" WIDTH="39" HEIGHT="20" WC="0.96" CONTENT="och"/><SP WIDTH="18" VPOS="1041" HPOS="598"/>
							<String ID="string_207" HPOS="616" VPOS="1040" WIDTH="55" HEIGHT="21" WC="0.93" CONTENT="Hahl"/><SP WIDTH="16" VPOS="1040" HPOS="671"/>
							<String ID="string_208" HPOS="687" VPOS="1041" WIDTH="121" HEIGHT="21" WC="0.92" CONTENT="sedermera"/><SP WIDTH="15" VPOS="1041" HPOS="808"/>
							<String ID="string_209" HPOS="823" VPOS="1042" WIDTH="99" HEIGHT="19" WC="0.92" CONTENT="närmare"/>
						</TextLine>
						<TextLine ID="line_26" HPOS="94" VPOS="1068" WIDTH="829" HEIGHT="27">
							<String ID="string_210" HPOS="94" VPOS="1069" WIDTH="69" HEIGHT="26" WC="0.96" CONTENT="utlagt"/><SP WIDTH="15" VPOS="1069" HPOS="163"/>
							<String ID="string_211" HPOS="178" VPOS="1069" WIDTH="73" HEIGHT="26" WC="0.96" CONTENT="saken,"/><SP WIDTH="14" VPOS="1069" HPOS="251"/>
							<String ID="string_212" HPOS="265" VPOS="1069" WIDTH="24" HEIGHT="21" WC="0.93" CONTENT="sä"/><SP WIDTH="15" VPOS="1069" HPOS="289"/>
							<String ID="string_213" HPOS="304" VPOS="1069" WIDTH="100" HEIGHT="21" WC="0.96" CONTENT="förenade"/><SP WIDTH="16" VPOS="1069" HPOS="404"/>
							<String ID="string_214" HPOS="420" VPOS="1069" WIDTH="32" HEIGHT="26" WC="0.93" CONTENT="sig"/><SP WIDTH="15" VPOS="1069" HPOS="452"/>
							<String ID="string_215" HPOS="467" VPOS="1069" WIDTH="84" HEIGHT="21" WC="0.96" CONTENT="talaren"/><SP WIDTH="16" VPOS="1069" HPOS="551"/>
							<String ID="string_216" HPOS="567" VPOS="1069" WIDTH="47" HEIGHT="21" WC="0.96" CONTENT="med"/><SP WIDTH="17" VPOS="1069" HPOS="614"/>
							<String ID="string_217" HPOS="631" VPOS="1069" WIDTH="54" HEIGHT="21" WC="0.93" CONTENT="dem."/><SP WIDTH="26" VPOS="1069" HPOS="685"/>
							<String ID="string_218" HPOS="711" VPOS="1069" WIDTH="60" HEIGHT="22" WC="0.95" CONTENT="Hvad"/><SP WIDTH="16" VPOS="1069" HPOS="771"/>
							<String ID="string_219" HPOS="787" VPOS="1068" WIDTH="51" HEIGHT="22" WC="0.96" CONTENT="flere"/><SP WIDTH="16" VPOS="1068" HPOS="838"/>
							<String ID="string_220" HPOS="854" VPOS="1069" WIDTH="69" HEIGHT="21" WC="0.96" CONTENT="talare"/>
						</TextLine>
						<TextLine ID="line_27" HPOS="93" VPOS="1097" WIDTH="829" HEIGHT="27">
							<String ID="string_221" HPOS="93" VPOS="1099" WIDTH="69" HEIGHT="25" WC="0.95" CONTENT="yttrat"/><SP WIDTH="25" VPOS="1099" HPOS="162"/>
							<String ID="string_222" HPOS="187" VPOS="1103" WIDTH="32" HEIGHT="15" WC="0.96" CONTENT="om"/><SP WIDTH="25" VPOS="1103" HPOS="219"/>
							<String ID="string_223" HPOS="244" VPOS="1099" WIDTH="33" HEIGHT="19" WC="0.96" CONTENT="att"/><SP WIDTH="20" VPOS="1099" HPOS="277"/>
							<String ID="string_224" HPOS="297" VPOS="1097" WIDTH="78" HEIGHT="27" WC="0.96" CONTENT="krogar"/><SP WIDTH="23" VPOS="1097" HPOS="375"/>
							<String ID="string_225" HPOS="398" VPOS="1097" WIDTH="19" HEIGHT="27" WC="0.96" CONTENT="ej"/><SP WIDTH="23" VPOS="1097" HPOS="417"/>
							<String ID="string_226" HPOS="440" VPOS="1097" WIDTH="70" HEIGHT="22" WC="0.96" CONTENT="skulle"/><SP WIDTH="21" VPOS="1097" HPOS="510"/>
							<String ID="string_227" HPOS="531" VPOS="1098" WIDTH="21" HEIGHT="21" WC="0.96" CONTENT="få"/><SP WIDTH="16" VPOS="1098" HPOS="552"/>
							<String ID="string_228" HPOS="568" VPOS="1098" WIDTH="90" HEIGHT="21" WC="0.96" CONTENT="inrättas"/><SP WIDTH="16" VPOS="1098" HPOS="658"/>
							<String ID="string_229" HPOS="674" VPOS="1097" WIDTH="26" HEIGHT="27" WC="0.96" CONTENT="på"/><SP WIDTH="16" VPOS="1097" HPOS="700"/>
							<String ID="string_230" HPOS="716" VPOS="1098" WIDTH="77" HEIGHT="24" WC="0.96" CONTENT="landet,"/><SP WIDTH="16" VPOS="1098" HPOS="793"/>
							<String ID="string_231" HPOS="809" VPOS="1097" WIDTH="113" HEIGHT="27" WC="0.96" CONTENT="godkände"/>
						</TextLine>
						<TextLine ID="line_28" HPOS="94" VPOS="1125" WIDTH="829" HEIGHT="28">
							<String ID="string_232" HPOS="94" VPOS="1126" WIDTH="89" HEIGHT="25" WC="0.96" CONTENT="talaren,"/><SP WIDTH="15" VPOS="1126" HPOS="183"/>
							<String ID="string_233" HPOS="198" VPOS="1125" WIDTH="39" HEIGHT="22" WC="0.96" CONTENT="och"/><SP WIDTH="16" VPOS="1125" HPOS="237"/>
							<String ID="string_234" HPOS="253" VPOS="1126" WIDTH="73" HEIGHT="21" WC="0.96" CONTENT="tillade"/><SP WIDTH="15" VPOS="1126" HPOS="326"/>
							<String ID="string_235" HPOS="341" VPOS="1128" WIDTH="33" HEIGHT="19" WC="0.96" CONTENT="att"/><SP WIDTH="16" VPOS="1128" HPOS="374"/>
							<String ID="string_236" HPOS="390" VPOS="1126" WIDTH="41" HEIGHT="21" WC="0.96" CONTENT="han"/><SP WIDTH="16" VPOS="1126" HPOS="431"/>
							<String ID="string_237" HPOS="447" VPOS="1126" WIDTH="19" HEIGHT="27" WC="0.96" CONTENT="ej"/><SP WIDTH="16" VPOS="1126" HPOS="466"/>
							<String ID="string_238" HPOS="482" VPOS="1126" WIDTH="72" HEIGHT="21" WC="0.95" CONTENT="kunde"/><SP WIDTH="15" VPOS="1126" HPOS="554"/>
							<String ID="string_239" HPOS="569" VPOS="1126" WIDTH="55" HEIGHT="21" WC="0.96" CONTENT="fatta"/><SP WIDTH="15" VPOS="1126" HPOS="624"/>
							<String ID="string_240" HPOS="639" VPOS="1127" WIDTH="56" HEIGHT="20" WC="0.96" CONTENT="huru"/><SP WIDTH="16" VPOS="1127" HPOS="695"/>
							<String ID="string_241" HPOS="711" VPOS="1133" WIDTH="46" HEIGHT="14" WC="0.95" CONTENT="man"/><SP WIDTH="17" VPOS="1133" HPOS="757"/>
							<String ID="string_242" HPOS="774" VPOS="1126" WIDTH="68" HEIGHT="21" WC="0.96" CONTENT="skulle"/><SP WIDTH="9" VPOS="1126" HPOS="842"/>
							<String ID="string_243" HPOS="851" VPOS="1126" WIDTH="72" HEIGHT="21" WC="0.96" CONTENT="kunna"/>
						</TextLine>
						<TextLine ID="line_29" HPOS="94" VPOS="1153" WIDTH="828" HEIGHT="28">
							<String ID="string_244" HPOS="94" VPOS="1153" WIDTH="115" HEIGHT="22" WC="0.92" CONTENT="öfvervaka"/><SP WIDTH="21" VPOS="1153" HPOS="209"/>
							<String ID="string_245" HPOS="230" VPOS="1154" WIDTH="105" HEIGHT="27" WC="0.91" CONTENT="krogarne"/><SP WIDTH="23" VPOS="1154" HPOS="335"/>
							<String ID="string_246" HPOS="358" VPOS="1154" WIDTH="28" HEIGHT="27" WC="0.96" CONTENT="på"/><SP WIDTH="22" VPOS="1154" HPOS="386"/>
							<String ID="string_247" HPOS="408" VPOS="1155" WIDTH="73" HEIGHT="21" WC="0.96" CONTENT="landet"/><SP WIDTH="16" VPOS="1155" HPOS="481"/>
							<String ID="string_248" HPOS="497" VPOS="1155" WIDTH="27" HEIGHT="21" WC="0.96" CONTENT="då"/><SP WIDTH="16" VPOS="1155" HPOS="524"/>
							<String ID="string_249" HPOS="540" VPOS="1161" WIDTH="48" HEIGHT="15" WC="0.96" CONTENT="man"/><SP WIDTH="17" VPOS="1161" HPOS="588"/>
							<String ID="string_250" HPOS="605" VPOS="1155" WIDTH="18" HEIGHT="26" WC="0.96" CONTENT="ej"/><SP WIDTH="16" VPOS="1155" HPOS="623"/>
							<String ID="string_251" HPOS="639" VPOS="1155" WIDTH="72" HEIGHT="21" WC="0.95" CONTENT="kunde"/><SP WIDTH="15" VPOS="1155" HPOS="711"/>
							<String ID="string_252" HPOS="726" VPOS="1157" WIDTH="52" HEIGHT="24" WC="0.96" CONTENT="göra"/><SP WIDTH="15" VPOS="1157" HPOS="778"/>
							<String ID="string_253" HPOS="793" VPOS="1155" WIDTH="36" HEIGHT="20" WC="0.96" CONTENT="det"/><SP WIDTH="16" VPOS="1155" HPOS="829"/>
							<String ID="string_254" HPOS="845" VPOS="1155" WIDTH="6" HEIGHT="20" WC="0.96" CONTENT="i"/><SP WIDTH="16" VPOS="1155" HPOS="851"/>
							<String ID="string_255" HPOS="867" VPOS="1155" WIDTH="55" HEIGHT="26" WC="0.96" CONTENT="stad,"/>
						</TextLine>
						<TextLine ID="line_30" HPOS="93" VPOS="1183" WIDTH="828" HEIGHT="27">
							<String ID="string_256" HPOS="93" VPOS="1183" WIDTH="19" HEIGHT="26" WC="0.96" CONTENT="ej"/><SP WIDTH="23" VPOS="1183" HPOS="112"/>
							<String ID="string_257" HPOS="135" VPOS="1189" WIDTH="37" HEIGHT="14" WC="0.96" CONTENT="ens"/><SP WIDTH="23" VPOS="1189" HPOS="172"/>
							<String ID="string_258" HPOS="195" VPOS="1183" WIDTH="6" HEIGHT="20" WC="0.96" CONTENT="i"/><SP WIDTH="23" VPOS="1183" HPOS="201"/>
							<String ID="string_259" HPOS="224" VPOS="1183" WIDTH="139" HEIGHT="27" WC="0.96" CONTENT="Helsingfors,"/><SP WIDTH="23" VPOS="1183" HPOS="363"/>
							<String ID="string_260" HPOS="386" VPOS="1183" WIDTH="68" HEIGHT="22" WC="0.96" CONTENT="ehuru"/><SP WIDTH="22" VPOS="1183" HPOS="454"/>
							<String ID="string_261" HPOS="476" VPOS="1183" WIDTH="42" HEIGHT="22" WC="0.96" CONTENT="den"/><SP WIDTH="15" VPOS="1183" HPOS="518"/>
							<String ID="string_262" HPOS="533" VPOS="1183" WIDTH="40" HEIGHT="21" WC="0.96" CONTENT="har"/><SP WIDTH="15" VPOS="1183" HPOS="573"/>
							<String ID="string_263" HPOS="588" VPOS="1190" WIDTH="25" HEIGHT="15" WC="0.96" CONTENT="en"/><SP WIDTH="16" VPOS="1190" HPOS="613"/>
							<String ID="string_264" HPOS="629" VPOS="1183" WIDTH="81" HEIGHT="27" WC="0.96" CONTENT="ganska"/><SP WIDTH="15" VPOS="1183" HPOS="710"/>
							<String ID="string_265" HPOS="725" VPOS="1186" WIDTH="44" HEIGHT="19" WC="0.96" CONTENT="stor"/><SP WIDTH="16" VPOS="1186" HPOS="769"/>
							<String ID="string_266" HPOS="785" VPOS="1183" WIDTH="136" HEIGHT="27" WC="0.96" CONTENT="polisstyrka."/>
						</TextLine>
						<TextLine ID="line_31" HPOS="94" VPOS="1211" WIDTH="829" HEIGHT="27">
							<String ID="string_267" HPOS="94" VPOS="1211" WIDTH="215" HEIGHT="27" WC="0.90" CONTENT="Landtdagsmannen"/><SP WIDTH="28" VPOS="1211" HPOS="309"/>
							<String ID="string_268" HPOS="337" VPOS="1212" WIDTH="85" HEIGHT="22" WC="0.89" CONTENT="Stråhle"/><SP WIDTH="25" VPOS="1212" HPOS="422"/>
							<String ID="string_269" HPOS="447" VPOS="1212" WIDTH="57" HEIGHT="22" WC="0.95" CONTENT="hade"/><SP WIDTH="24" VPOS="1212" HPOS="504"/>
							<String ID="string_270" HPOS="528" VPOS="1212" WIDTH="97" HEIGHT="22" WC="0.95" CONTENT="förordat"/><SP WIDTH="25" VPOS="1212" HPOS="625"/>
							<String ID="string_271" HPOS="650" VPOS="1213" WIDTH="116" HEIGHT="21" WC="0.96" CONTENT="utskottets"/><SP WIDTH="21" VPOS="1213" HPOS="766"/>
							<String ID="string_272" HPOS="787" VPOS="1212" WIDTH="136" HEIGHT="22" WC="0.95" CONTENT="betänkande"/>
						</TextLine>
						<TextLine ID="line_32" HPOS="94" VPOS="1240" WIDTH="830" HEIGHT="28">
							<String ID="string_273" HPOS="94" VPOS="1240" WIDTH="61" HEIGHT="22" WC="0.96" CONTENT="äfven"/><SP WIDTH="23" VPOS="1240" HPOS="155"/>
							<String ID="string_274" HPOS="178" VPOS="1240" WIDTH="8" HEIGHT="21" WC="0.96" CONTENT="i"/><SP WIDTH="21" VPOS="1240" HPOS="186"/>
							<String ID="string_275" HPOS="207" VPOS="1240" WIDTH="69" HEIGHT="22" WC="0.96" CONTENT="denna"/><SP WIDTH="23" VPOS="1240" HPOS="276"/>
							<String ID="string_276" HPOS="299" VPOS="1241" WIDTH="34" HEIGHT="21" WC="0.96" CONTENT="del"/><SP WIDTH="22" VPOS="1241" HPOS="333"/>
							<String ID="string_277" HPOS="355" VPOS="1241" WIDTH="40" HEIGHT="21" WC="0.96" CONTENT="och"/><SP WIDTH="15" VPOS="1241" HPOS="395"/>
							<String ID="string_278" HPOS="410" VPOS="1243" WIDTH="73" HEIGHT="19" WC="0.96" CONTENT="ansett"/><SP WIDTH="15" VPOS="1243" HPOS="483"/>
							<String ID="string_279" HPOS="498" VPOS="1241" WIDTH="37" HEIGHT="22" WC="0.96" CONTENT="det"/><SP WIDTH="15" VPOS="1241" HPOS="535"/>
							<String ID="string_280" HPOS="550" VPOS="1247" WIDTH="51" HEIGHT="15" WC="0.95" CONTENT="vara"/><SP WIDTH="16" VPOS="1247" HPOS="601"/>
							<String ID="string_281" HPOS="617" VPOS="1241" WIDTH="124" HEIGHT="27" WC="0.95" CONTENT="tillräckligt"/><SP WIDTH="15" VPOS="1241" HPOS="741"/>
							<String ID="string_282" HPOS="756" VPOS="1243" WIDTH="33" HEIGHT="19" WC="0.96" CONTENT="att"/><SP WIDTH="15" VPOS="1243" HPOS="789"/>
							<String ID="string_283" HPOS="804" VPOS="1247" WIDTH="49" HEIGHT="15" WC="0.93" CONTENT="man"/><SP WIDTH="16" VPOS="1247" HPOS="853"/>
							<String ID="string_284" HPOS="869" VPOS="1241" WIDTH="55" HEIGHT="21" WC="0.92" CONTENT="före-"/>
						</TextLine>
						<TextLine ID="line_33" HPOS="93" VPOS="1268" WIDTH="830" HEIGHT="28">
							<String ID="string_285" HPOS="93" VPOS="1268" WIDTH="84" HEIGHT="22" WC="0.95" CONTENT="skrifvit"/><SP WIDTH="27" VPOS="1268" HPOS="177"/>
							<String ID="string_286" HPOS="204" VPOS="1272" WIDTH="32" HEIGHT="18" WC="0.95" CONTENT="att"/><SP WIDTH="23" VPOS="1272" HPOS="236"/>
							<String ID="string_287" HPOS="259" VPOS="1272" WIDTH="113" HEIGHT="24" WC="0.93" CONTENT="guvernör,"/><SP WIDTH="26" VPOS="1272" HPOS="372"/>
							<String ID="string_288" HPOS="398" VPOS="1271" WIDTH="58" HEIGHT="25" WC="0.92" CONTENT="prest"/><SP WIDTH="23" VPOS="1271" HPOS="456"/>
							<String ID="string_289" HPOS="479" VPOS="1270" WIDTH="41" HEIGHT="21" WC="0.96" CONTENT="och"/><SP WIDTH="22" VPOS="1270" HPOS="520"/>
							<String ID="string_290" HPOS="542" VPOS="1270" WIDTH="96" HEIGHT="21" WC="0.96" CONTENT="länsman"/><SP WIDTH="15" VPOS="1270" HPOS="638"/>
							<String ID="string_291" HPOS="653" VPOS="1270" WIDTH="69" HEIGHT="21" WC="0.96" CONTENT="skulle"/><SP WIDTH="17" VPOS="1270" HPOS="722"/>
							<String ID="string_292" HPOS="739" VPOS="1270" WIDTH="62" HEIGHT="21" WC="0.96" CONTENT="höras"/><SP WIDTH="15" VPOS="1270" HPOS="801"/>
							<String ID="string_293" HPOS="816" VPOS="1270" WIDTH="66" HEIGHT="20" WC="0.96" CONTENT="innan"/><SP WIDTH="15" VPOS="1270" HPOS="882"/>
							<String ID="string_294" HPOS="897" VPOS="1275" WIDTH="26" HEIGHT="15" WC="0.95" CONTENT="en"/>
						</TextLine>
						<TextLine ID="line_34" HPOS="93" VPOS="1297" WIDTH="830" HEIGHT="28">
							<String ID="string_295" HPOS="93" VPOS="1297" WIDTH="54" HEIGHT="27" WC="0.95" CONTENT="krog"/><SP WIDTH="18" VPOS="1297" HPOS="147"/>
							<String ID="string_296" HPOS="165" VPOS="1297" WIDTH="56" HEIGHT="27" WC="0.95" CONTENT="finge"/><SP WIDTH="14" VPOS="1297" HPOS="221"/>
							<String ID="string_297" HPOS="235" VPOS="1297" WIDTH="28" HEIGHT="27" WC="0.96" CONTENT="på"/><SP WIDTH="15" VPOS="1297" HPOS="263"/>
							<String ID="string_298" HPOS="278" VPOS="1298" WIDTH="74" HEIGHT="22" WC="0.96" CONTENT="landet"/><SP WIDTH="14" VPOS="1298" HPOS="352"/>
							<String ID="string_299" HPOS="366" VPOS="1298" WIDTH="99" HEIGHT="26" WC="0.96" CONTENT="inrättas,"/><SP WIDTH="16" VPOS="1298" HPOS="465"/>
							<String ID="string_300" HPOS="481" VPOS="1304" WIDTH="48" HEIGHT="16" WC="0.96" CONTENT="men"/><SP WIDTH="16" VPOS="1304" HPOS="529"/>
							<String ID="string_301" HPOS="545" VPOS="1298" WIDTH="61" HEIGHT="22" WC="0.96" CONTENT="hvem"/><SP WIDTH="16" VPOS="1298" HPOS="606"/>
							<String ID="string_302" HPOS="622" VPOS="1299" WIDTH="141" HEIGHT="26" WC="0.96" CONTENT="garanterade"/><SP WIDTH="16" VPOS="1299" HPOS="763"/>
							<String ID="string_303" HPOS="779" VPOS="1301" WIDTH="32" HEIGHT="19" WC="0.96" CONTENT="att"/><SP WIDTH="16" VPOS="1301" HPOS="811"/>
							<String ID="string_304" HPOS="827" VPOS="1298" WIDTH="19" HEIGHT="27" WC="0.96" CONTENT="ej"/><SP WIDTH="16" VPOS="1298" HPOS="846"/>
							<String ID="string_305" HPOS="862" VPOS="1298" WIDTH="61" HEIGHT="21" WC="0.96" CONTENT="äfven"/>
						</TextLine>
						<TextLine ID="line_35" HPOS="94" VPOS="1326" WIDTH="829" HEIGHT="28">
							<String ID="string_306" HPOS="94" VPOS="1326" WIDTH="63" HEIGHT="21" WC="0.96" CONTENT="dessa"/><SP WIDTH="20" VPOS="1326" HPOS="157"/>
							<String ID="string_307" HPOS="177" VPOS="1326" WIDTH="68" HEIGHT="22" WC="0.96" CONTENT="skulle"/><SP WIDTH="22" VPOS="1326" HPOS="245"/>
							<String ID="string_308" HPOS="267" VPOS="1326" WIDTH="63" HEIGHT="22" WC="0.96" CONTENT="hafva"/><SP WIDTH="16" VPOS="1326" HPOS="330"/>
							<String ID="string_309" HPOS="346" VPOS="1326" WIDTH="99" HEIGHT="22" WC="0.96" CONTENT="afseende"/><SP WIDTH="16" VPOS="1326" HPOS="445"/>
							<String ID="string_310" HPOS="461" VPOS="1327" WIDTH="76" HEIGHT="21" WC="0.96" CONTENT="endast"/><SP WIDTH="15" VPOS="1327" HPOS="537"/>
							<String ID="string_311" HPOS="552" VPOS="1326" WIDTH="29" HEIGHT="28" WC="0.96" CONTENT="på"/><SP WIDTH="15" VPOS="1326" HPOS="581"/>
							<String ID="string_312" HPOS="596" VPOS="1328" WIDTH="40" HEIGHT="20" WC="0.93" CONTENT="den"/><SP WIDTH="16" VPOS="1328" HPOS="636"/>
							<String ID="string_313" HPOS="652" VPOS="1326" WIDTH="195" HEIGHT="22" WC="0.92" CONTENT="statsekonomiska"/><SP WIDTH="15" VPOS="1326" HPOS="847"/>
							<String ID="string_314" HPOS="862" VPOS="1327" WIDTH="61" HEIGHT="21" WC="0.96" CONTENT="sidan"/>
						</TextLine>
						<TextLine ID="line_36" HPOS="95" VPOS="1354" WIDTH="828" HEIGHT="23">
							<String ID="string_315" HPOS="95" VPOS="1354" WIDTH="23" HEIGHT="22" WC="0.95" CONTENT="af"/><SP WIDTH="22" VPOS="1354" HPOS="118"/>
							<String ID="string_316" HPOS="140" VPOS="1355" WIDTH="74" HEIGHT="21" WC="0.90" CONTENT="saken."/><SP WIDTH="29" VPOS="1355" HPOS="214"/>
							<String ID="string_317" HPOS="243" VPOS="1356" WIDTH="39" HEIGHT="20" WC="0.88" CONTENT="Att"/><SP WIDTH="25" VPOS="1356" HPOS="282"/>
							<String ID="string_318" HPOS="307" VPOS="1356" WIDTH="61" HEIGHT="20" WC="0.96" CONTENT="äfven"/><SP WIDTH="26" VPOS="1356" HPOS="368"/>
							<String ID="string_319" HPOS="394" VPOS="1355" WIDTH="108" HEIGHT="22" WC="0.94" CONTENT="utskottet"/><SP WIDTH="26" VPOS="1355" HPOS="502"/>
							<String ID="string_320" HPOS="528" VPOS="1356" WIDTH="110" HEIGHT="21" WC="0.96" CONTENT="betraktat"/><SP WIDTH="25" VPOS="1356" HPOS="638"/>
							<String ID="string_321" HPOS="663" VPOS="1356" WIDTH="66" HEIGHT="21" WC="0.95" CONTENT="saken"/><SP WIDTH="16" VPOS="1356" HPOS="729"/>
							<String ID="string_322" HPOS="745" VPOS="1362" WIDTH="59" HEIGHT="15" WC="0.96" CONTENT="mera"/><SP WIDTH="15" VPOS="1362" HPOS="804"/>
							<String ID="string_323" HPOS="819" VPOS="1356" WIDTH="47" HEIGHT="20" WC="0.96" CONTENT="från"/><SP WIDTH="17" VPOS="1356" HPOS="866"/>
							<String ID="string_324" HPOS="883" VPOS="1355" WIDTH="40" HEIGHT="21" WC="0.96" CONTENT="den"/>
						</TextLine>
					</TextBlock>
					<TextBlock ID="block_6" HPOS="74" VPOS="1383" WIDTH="850" HEIGHT="198">
						<TextLine ID="line_37" HPOS="74" VPOS="1383" WIDTH="850" HEIGHT="28">
							<String ID="string_325" HPOS="74" VPOS="1385" WIDTH="2" HEIGHT="2" WC="0.90" CONTENT="*"/><SP WIDTH="20" VPOS="1385" HPOS="76"/>
							<String ID="string_326" HPOS="96" VPOS="1383" WIDTH="194" HEIGHT="22" WC="0.92" CONTENT="statsekonomiska"/><SP WIDTH="27" VPOS="1383" HPOS="290"/>
							<String ID="string_327" HPOS="317" VPOS="1384" WIDTH="60" HEIGHT="21" WC="0.95" CONTENT="sidan"/><SP WIDTH="26" VPOS="1384" HPOS="377"/>
							<String ID="string_328" HPOS="403" VPOS="1390" WIDTH="62" HEIGHT="21" WC="0.95" CONTENT="synes"/><SP WIDTH="26" VPOS="1390" HPOS="465"/>
							<String ID="string_329" HPOS="491" VPOS="1384" WIDTH="66" HEIGHT="22" WC="0.95" CONTENT="redan"/><SP WIDTH="24" VPOS="1384" HPOS="557"/>
							<String ID="string_330" HPOS="581" VPOS="1384" WIDTH="61" HEIGHT="22" WC="0.95" CONTENT="deraf"/><SP WIDTH="13" VPOS="1384" HPOS="642"/>
							<String ID="string_331" HPOS="655" VPOS="1387" WIDTH="33" HEIGHT="19" WC="0.96" CONTENT="att"/><SP WIDTH="15" VPOS="1387" HPOS="688"/>
							<String ID="string_332" HPOS="703" VPOS="1384" WIDTH="50" HEIGHT="22" WC="0.84" CONTENT="flere"/><SP WIDTH="16" VPOS="1384" HPOS="753"/>
							<String ID="string_333" HPOS="769" VPOS="1384" WIDTH="23" HEIGHT="21" WC="0.96" CONTENT="af"/><SP WIDTH="13" VPOS="1384" HPOS="792"/>
							<String ID="string_334" HPOS="805" VPOS="1384" WIDTH="119" HEIGHT="22" WC="0.96" CONTENT="utskottets"/>
						</TextLine>
						<TextLine ID="line_38" HPOS="93" VPOS="1412" WIDTH="831" HEIGHT="28">
							<String ID="string_335" HPOS="93" VPOS="1412" WIDTH="120" HEIGHT="21" WC="0.96" CONTENT="ledamöter"/><SP WIDTH="14" VPOS="1412" HPOS="213"/>
							<String ID="string_336" HPOS="227" VPOS="1412" WIDTH="6" HEIGHT="21" WC="0.96" CONTENT="i"/><SP WIDTH="16" VPOS="1412" HPOS="233"/>
							<String ID="string_337" HPOS="249" VPOS="1412" WIDTH="82" HEIGHT="27" WC="0.96" CONTENT="ganska"/><SP WIDTH="22" VPOS="1412" HPOS="331"/>
							<String ID="string_338" HPOS="353" VPOS="1413" WIDTH="78" HEIGHT="26" WC="0.96" CONTENT="skarpa"/><SP WIDTH="16" VPOS="1413" HPOS="431"/>
							<String ID="string_339" HPOS="447" VPOS="1413" WIDTH="90" HEIGHT="27" WC="0.96" CONTENT="ordalag"/><SP WIDTH="15" VPOS="1413" HPOS="537"/>
							<String ID="string_340" HPOS="552" VPOS="1415" WIDTH="119" HEIGHT="19" WC="0.96" CONTENT="reserverat"/><SP WIDTH="16" VPOS="1415" HPOS="671"/>
							<String ID="string_341" HPOS="687" VPOS="1413" WIDTH="32" HEIGHT="27" WC="0.96" CONTENT="sig"/><SP WIDTH="15" VPOS="1413" HPOS="719"/>
							<String ID="string_342" HPOS="734" VPOS="1416" WIDTH="57" HEIGHT="18" WC="0.96" CONTENT="emot"/><SP WIDTH="15" VPOS="1416" HPOS="791"/>
							<String ID="string_343" HPOS="806" VPOS="1413" WIDTH="118" HEIGHT="21" WC="0.96" CONTENT="utskottets"/>
						</TextLine>
						<TextLine ID="line_39" HPOS="93" VPOS="1440" WIDTH="831" HEIGHT="28">
							<String ID="string_344" HPOS="93" VPOS="1440" WIDTH="142" HEIGHT="22" WC="0.86" CONTENT="betänkande,"/><SP WIDTH="24" VPOS="1440" HPOS="235"/>
							<String ID="string_345" HPOS="259" VPOS="1441" WIDTH="39" HEIGHT="21" WC="0.96" CONTENT="och"/><SP WIDTH="23" VPOS="1441" HPOS="298"/>
							<String ID="string_346" HPOS="321" VPOS="1443" WIDTH="32" HEIGHT="19" WC="0.93" CONTENT="att"/><SP WIDTH="21" VPOS="1443" HPOS="353"/>
							<String ID="string_347" HPOS="374" VPOS="1442" WIDTH="159" HEIGHT="26" WC="0.92" CONTENT="Ridderskapet"/><SP WIDTH="15" VPOS="1442" HPOS="533"/>
							<String ID="string_348" HPOS="548" VPOS="1442" WIDTH="40" HEIGHT="21" WC="0.91" CONTENT="och"/><SP WIDTH="15" VPOS="1442" HPOS="588"/>
							<String ID="string_349" HPOS="603" VPOS="1442" WIDTH="69" HEIGHT="21" WC="0.91" CONTENT="Adeln"/><SP WIDTH="16" VPOS="1442" HPOS="672"/>
							<String ID="string_350" HPOS="688" VPOS="1442" WIDTH="65" HEIGHT="26" WC="0.96" CONTENT="enligt"/><SP WIDTH="15" VPOS="1442" HPOS="753"/>
							<String ID="string_351" HPOS="768" VPOS="1442" WIDTH="56" HEIGHT="20" WC="0.96" CONTENT="hvad"/><SP WIDTH="16" VPOS="1442" HPOS="824"/>
							<String ID="string_352" HPOS="840" VPOS="1441" WIDTH="84" HEIGHT="21" WC="0.95" CONTENT="talaren"/>
						</TextLine>
						<TextLine ID="line_40" HPOS="94" VPOS="1469" WIDTH="829" HEIGHT="27">
							<String ID="string_353" HPOS="94" VPOS="1469" WIDTH="54" HEIGHT="21" WC="0.96" CONTENT="hade"/><SP WIDTH="23" VPOS="1469" HPOS="148"/>
							<String ID="string_354" HPOS="171" VPOS="1469" WIDTH="32" HEIGHT="27" WC="0.96" CONTENT="sig"/><SP WIDTH="22" VPOS="1469" HPOS="203"/>
							<String ID="string_355" HPOS="225" VPOS="1469" WIDTH="86" HEIGHT="27" WC="0.96" CONTENT="bekant,"/><SP WIDTH="20" VPOS="1469" HPOS="311"/>
							<String ID="string_356" HPOS="331" VPOS="1470" WIDTH="7" HEIGHT="20" WC="0.96" CONTENT="i"/><SP WIDTH="22" VPOS="1470" HPOS="338"/>
							<String ID="string_357" HPOS="360" VPOS="1470" WIDTH="65" HEIGHT="21" WC="0.96" CONTENT="saken"/><SP WIDTH="15" VPOS="1470" HPOS="425"/>
							<String ID="string_358" HPOS="440" VPOS="1470" WIDTH="67" HEIGHT="22" WC="0.96" CONTENT="fattat"/><SP WIDTH="15" VPOS="1470" HPOS="507"/>
							<String ID="string_359" HPOS="522" VPOS="1470" WIDTH="112" HEIGHT="21" WC="0.96" CONTENT="enahanda"/><SP WIDTH="17" VPOS="1470" HPOS="634"/>
							<String ID="string_360" HPOS="651" VPOS="1470" WIDTH="70" HEIGHT="22" WC="0.96" CONTENT="beslut"/><SP WIDTH="15" VPOS="1470" HPOS="721"/>
							<String ID="string_361" HPOS="736" VPOS="1476" WIDTH="44" HEIGHT="16" WC="0.95" CONTENT="som"/><SP WIDTH="17" VPOS="1476" HPOS="780"/>
							<String ID="string_362" HPOS="797" VPOS="1470" WIDTH="82" HEIGHT="21" WC="0.95" CONTENT="talaren"/><SP WIDTH="16" VPOS="1470" HPOS="879"/>
							<String ID="string_363" HPOS="895" VPOS="1476" WIDTH="28" HEIGHT="14" WC="0.95" CONTENT="nu"/>
						</TextLine>
						<TextLine ID="line_41" HPOS="93" VPOS="1497" WIDTH="830" HEIGHT="28">
							<String ID="string_364" HPOS="93" VPOS="1497" WIDTH="104" HEIGHT="26" WC="0.96" CONTENT="förordat,"/><SP WIDTH="21" VPOS="1497" HPOS="197"/>
							<String ID="string_365" HPOS="218" VPOS="1498" WIDTH="89" HEIGHT="21" WC="0.96" CONTENT="likasom"/><SP WIDTH="16" VPOS="1498" HPOS="307"/>
							<String ID="string_366" HPOS="323" VPOS="1498" WIDTH="62" HEIGHT="21" WC="0.96" CONTENT="äfven"/><SP WIDTH="16" VPOS="1498" HPOS="385"/>
							<String ID="string_367" HPOS="401" VPOS="1498" WIDTH="51" HEIGHT="21" WC="0.95" CONTENT="herr"/><SP WIDTH="15" VPOS="1498" HPOS="452"/>
							<String ID="string_368" HPOS="467" VPOS="1502" WIDTH="88" HEIGHT="17" WC="0.96" CONTENT="senator"/><SP WIDTH="15" VPOS="1502" HPOS="555"/>
							<String ID="string_369" HPOS="570" VPOS="1498" WIDTH="109" HEIGHT="22" WC="0.96" CONTENT="Snellman"/><SP WIDTH="15" VPOS="1498" HPOS="679"/>
							<String ID="string_370" HPOS="694" VPOS="1500" WIDTH="31" HEIGHT="19" WC="0.95" CONTENT="uti"/><SP WIDTH="16" VPOS="1500" HPOS="725"/>
							<String ID="string_371" HPOS="741" VPOS="1499" WIDTH="109" HEIGHT="26" WC="0.93" CONTENT="tidningen"/><SP WIDTH="16" VPOS="1499" HPOS="850"/>
							<String ID="string_372" HPOS="866" VPOS="1498" WIDTH="57" HEIGHT="21" WC="0.91" CONTENT="Mor-"/>
						</TextLine>
						<TextLine ID="line_42" HPOS="93" VPOS="1526" WIDTH="831" HEIGHT="27">
							<String ID="string_373" HPOS="93" VPOS="1526" WIDTH="116" HEIGHT="26" WC="0.91" CONTENT="gonbladet"/><SP WIDTH="14" VPOS="1526" HPOS="209"/>
							<String ID="string_374" HPOS="223" VPOS="1528" WIDTH="79" HEIGHT="25" WC="0.92" CONTENT="yttrat:"/><SP WIDTH="16" VPOS="1528" HPOS="302"/>
							<String ID="string_375" HPOS="318" VPOS="1527" WIDTH="77" HEIGHT="26" WC="0.89" CONTENT=",heder"/><SP WIDTH="15" VPOS="1527" HPOS="395"/>
							<String ID="string_376" HPOS="410" VPOS="1527" WIDTH="39" HEIGHT="21" WC="0.96" CONTENT="och"/><SP WIDTH="17" VPOS="1527" HPOS="449"/>
							<String ID="string_377" HPOS="466" VPOS="1527" WIDTH="50" HEIGHT="21" WC="0.96" CONTENT="tack"/><SP WIDTH="16" VPOS="1527" HPOS="516"/>
							<String ID="string_378" HPOS="532" VPOS="1527" WIDTH="23" HEIGHT="21" WC="0.96" CONTENT="åt"/><SP WIDTH="16" VPOS="1527" HPOS="555"/>
							<String ID="string_379" HPOS="571" VPOS="1527" WIDTH="54" HEIGHT="26" WC="0.96" CONTENT="dem,"/><SP WIDTH="17" VPOS="1527" HPOS="625"/>
							<String ID="string_380" HPOS="642" VPOS="1533" WIDTH="45" HEIGHT="15" WC="0.97" CONTENT="som"/><SP WIDTH="16" VPOS="1533" HPOS="687"/>
							<String ID="string_381" HPOS="703" VPOS="1527" WIDTH="6" HEIGHT="21" WC="0.96" CONTENT="i"/><SP WIDTH="17" VPOS="1527" HPOS="709"/>
							<String ID="string_382" HPOS="726" VPOS="1527" WIDTH="68" HEIGHT="21" WC="0.96" CONTENT="denna"/><SP WIDTH="11" VPOS="1527" HPOS="794"/>
							<String ID="string_383" HPOS="805" VPOS="1527" WIDTH="38" HEIGHT="20" WC="0.93" CONTENT="sak"/><SP WIDTH="14" VPOS="1527" HPOS="843"/>
							<String ID="string_384" HPOS="857" VPOS="1532" WIDTH="67" HEIGHT="16" WC="0.92" CONTENT="reser-"/>
						</TextLine>
						<TextLine ID="line_43" HPOS="93" VPOS="1555" WIDTH="127" HEIGHT="26">
							<String ID="string_385" HPOS="93" VPOS="1556" WIDTH="60" HEIGHT="19" WC="0.93" CONTENT="verat"/><SP WIDTH="15" VPOS="1556" HPOS="153"/>
							<String ID="string_386" HPOS="168" VPOS="1555" WIDTH="52" HEIGHT="26" WC="0.77" CONTENT="sig&quot;."/>
						</TextLine>
					</TextBlock>
				</ComposedBlock>
				<GraphicalElement ID="cblock_7" HPOS="1106" VPOS="1283" WIDTH="3" HEIGHT="351"></GraphicalElement >
			</PrintSpace>
		</Page>
	</Layout>
</alto>
