1109 1825
254 140 211 21 Talonpoikaissääty
479 140 55 17 1872.
558 140 27 17 25
597 144 18 17 p.
628 140 83 17 toukok.
846 134 42 21 565

88 219 53 21 voisi
156 218 112 22 vaikuttaa
285 218 46 26 sitä,
347 221 44 19 että
407 219 114 27 nykyisten
536 220 153 26 rokonpaniain
698 219 96 21 tehtävät
802 219 116 21 vähitellen

88 248 53 21 voisi
167 247 54 21 tulla
246 247 133 22 kätilöimille
405 248 119 26 uskotuksi,
551 248 161 27 rokonpanialle
728 249 120 25 määrättyä
864 248 54 21 käti-

88 276 81 22 löinten
185 276 72 21 välillä
270 276 110 26 jaettavaa
395 277 101 26 nykyistä
512 276 92 27 palkkaa
619 278 95 20 vastaan.

159 344 66 27 Sääty
240 345 69 26 päätti
323 344 156 27 yksimielisesti
495 345 108 27 hyväksyä
618 346 72 20 tämän
705 345 124 21 lausunnon.

158 476 81 21 Tuleva
255 476 80 22 istunto
350 477 121 21 huomenna
486 477 56 21 kello
560 477 26 21 10
601 477 69 21 edellä
686 476 101 27 puolisen.

159 608 66 27 Sääty
241 608 104 22 erkautui.

169 775 185 27 Toukokuun
373 775 34 27 25
425 774 130 34 päivänä
571 774 82 28 kello
675 774 32 27 10
725 782 24 20 e.
767 781 28 27 p.
813 781 29 27 p.

159 849 108 21 Esiteltiin
290 850 63 21 viime
375 850 123 21 istunnossa
520 849 99 27 pöydälle
639 849 85 27 jätetty,
739 849 80 27 yleisen
834 849 87 21 valitus-

90 878 145 21 valiokunnan
258 878 103 26 kirjeessä
383 880 72 19 tämän
477 878 58 21 kuun
558 879 25 20 21
600 878 94 27 päivältä
708 878 98 21 mainittu
821 877 100 27 kysymys

90 906 56 26 siitä,
170 907 53 20 mitä
244 907 203 26 pyyntöesitykselle
464 907 141 21 muutetuista
620 907 129 26 perusteista
763 906 158 26 veroparselien

91 935 166 21 muuttamiseen
273 935 48 21 olisi
336 935 91 22 tehtävä.

161 992 216 27 Landtdagsmannen
403 992 182 27 Rosenberg
611 992 85 27 yttrade
720 993 31 20 att
777 991 49 24 han,
852 991 69 21 ehuru

92 1027 47 14 man
164 1021 19 26 ej
207 1021 70 20 kunde
301 1023 48 19 veta
369 1027 33 14 om
425 1021 36 21 det
477 1021 94 21 önskade
587 1021 112 21 resultatet
715 1021 121 26 derigenom
852 1020 69 21 skulle

90 1049 83 24 vinnas,
197 1049 33 20 för
251 1050 31 20 sin
299 1049 34 21 del
349 1049 65 26 ansäg
429 1049 67 22 saken
513 1049 23 21 sä
551 1049 73 27 vigtig,
639 1051 33 19 att
688 1049 40 21 den
744 1049 67 21 borde
826 1049 96 20 remitte-

90 1083 35 16 ras
141 1077 32 22 till
189 1077 97 22 ständets
303 1078 97 21 enskilda
416 1078 178 21 besvärsutskott.

160 1135 216 26 Landtdagsmannen
397 1135 131 22 Jansson
550 1135 102 21 förenade
675 1135 32 26 sig
728 1135 47 20 med
798 1134 124 27 landtdags-

90 1169 93 15 mannen
199 1163 130 27 Rosenberg.

160 1220 134 22 Vicetalman
317 1221 104 21 Slotte
447 1220 67 27 ansäg
536 1222 33 20 att
584 1220 161 22 Bondeständet
760 1220 71 21 kunde
847 1220 75 27 frängä

90 1250 38 20 sitt
143 1249 59 21 förra
218 1250 71 20 beslut
304 1250 7 20 i
327 1250 70 20 denna
411 1249 61 27 fräga
489 1249 39 22 och
540 1250 75 20 förena
631 1250 32 25 sig
673 1250 47 20 med
733 1248 188 27 Borgareständet,

90 1284 35 15 om
141 1278 159 26 Ridderskapet
316 1278 39 21 och
371 1278 69 21 Adeln
456 1278 61 21 äfven
532 1278 69 21 skulle
617 1280 53 24 göra
685 1278 42 23 det,
741 1278 137 26 hvarigenom
890 1279 32 19 tre

90 1306 65 21 ständ
179 1306 55 21 hade
261 1307 90 21 kommit
373 1307 32 21 till
424 1307 180 21 samstämmande
620 1307 70 21 beslut
705 1307 6 21 i
727 1307 71 20 saken.
829 1306 51 21 Men
896 1306 27 21 dä

91 1334 75 28 frägan
183 1335 120 21 emellertid
318 1342 38 14 var
371 1335 23 21 af
409 1337 45 19 stor
469 1336 45 26 vigt
529 1335 40 21 och
584 1335 115 27 utgängen,
715 1341 33 15 om
763 1334 160 28 Ridderskapet

90 1364 40 21 och
154 1364 69 21 Adeln
247 1364 67 21 skulle
337 1364 99 26 inbjudas
457 1366 32 19 att
512 1364 49 21 med
585 1364 180 26 Borgareständet
787 1364 32 26 sig
841 1363 81 27 förena,

91 1392 84 26 osäker,
201 1395 56 19 samt
278 1393 83 21 talaren
385 1393 108 21 dessutom
516 1393 18 26 ej
556 1392 55 21 hade
632 1393 57 21 klart
709 1392 33 21 för
763 1392 31 26 sig
813 1398 34 15 om
864 1392 60 21 detta

90 1421 66 21 sedan
183 1421 116 21 utskottets
323 1421 296 27 sammanjemkningsförslag
634 1421 19 27 ej
669 1421 90 21 medfört
775 1420 84 28 äsyftad
875 1427 48 15 ver-

91 1449 50 25 kan,
164 1450 73 20 vidare
260 1450 71 20 kunde
353 1450 27 27 gä
401 1456 33 20 an,
458 1450 23 20 sä
503 1450 94 21 önskade
617 1450 82 21 talaren
714 1451 33 19 att
761 1449 163 21 Bondeständet

91 1478 67 21 mätte
182 1481 95 24 upptaga
299 1478 74 27 frägan
397 1479 69 21 säsom
487 1478 33 22 sin
536 1478 96 21 enskilda
646 1479 97 27 petition.
760 1491 26 2 —
801 1478 74 26 Enligt
890 1480 34 19 ta-

90 1506 71 21 larens
184 1507 56 26 äsigt
264 1507 65 21 borde
350 1507 161 21 Bondeständet
533 1507 8 20 i
557 1507 68 21 denna
641 1507 89 26 petition
747 1507 75 21 endast
837 1506 87 21 anhälla

91 1540 35 15 om
150 1535 132 27 proposition
304 1535 32 21 till
361 1537 63 20 nästa
449 1535 109 27 landtdag,
582 1537 51 19 utan
656 1537 32 20 att
711 1537 77 19 nämna
808 1535 65 26 nägot
889 1541 34 15 om

831 1575 23 18 37
