1095 1795
248 126 214 25 Talonpoikaissääty
472 129 59 18 1882.
556 128 27 17 29
596 133 21 15 p.
628 127 91 18 Huhtik.
860 119 42 22 733

73 200 44 21 olla
132 199 105 28 puutteita
252 198 68 27 vailla,
336 198 74 21 koskei
425 204 23 15 se
464 197 123 22 kerrassaan
603 196 74 32 korjaa
692 195 84 32 kaikkia
786 190 119 42 epäkohtia,

73 229 60 27 jotka
155 227 121 22 vuosisadat
298 229 49 19 ovat
369 228 156 26 synnyttäneet,
549 225 20 22 ei
584 225 70 21 ottaisi
670 226 44 19 tätä
728 224 110 32 mietintöä
853 225 50 30 pää-

74 256 121 23 asiallisesti
217 255 193 28 hyväksyäksensä,
433 255 108 21 varsinkin
565 253 67 22 koska
654 259 107 15 maamme
776 251 91 22 ikävällä
879 257 24 26 ja

74 285 190 22 levottomuudella
285 284 85 21 odottaa
388 283 168 28 kyytikuorman
572 281 162 26 lieventämistä,
748 281 22 27 ja
785 281 66 31 lisään
866 285 37 15 sii-

75 315 48 24 hen,
146 315 43 20 että
212 313 57 21 minä
284 313 135 20 kumminkin
435 311 104 22 äänelläni
555 311 60 21 tulen
632 310 144 21 valiokunnan
793 305 110 40 mietintöä

74 343 94 20 melkein
190 342 73 21 kaikin
285 341 73 28 puolin
381 341 200 21 kannamattamaan
604 339 21 28 ja
640 345 37 15 sen
689 341 49 18 teen
754 337 149 32 ehdottomasti

75 371 150 21 ensimmäisen
246 369 91 29 pykälän
353 370 90 21 suhteen
460 369 123 21 ainoastaan
597 367 147 32 muistuttaen,
758 368 43 31 että
811 367 92 32 ruotsin-

75 399 107 22 kielisestä
204 399 134 28 kappaleesta
361 405 28 15 on
412 398 70 28 poissa
504 397 61 21 kaksi
586 403 71 19 sanaa,
678 396 107 21 nimittäin
801 401 32 19 ne,
844 394 59 28 jotka

76 428 122 22 vastaisivat
212 434 65 15 sanaa
293 427 110 27 »maalla»,
421 427 40 27 »pä
475 426 92 22 landet».

145 577 59 21 Tällä
224 577 57 20 välin
303 576 39 21 tuli
357 575 70 22 Herra
442 575 110 22 Senaatori
566 574 122 27 Björksten,
703 573 49 28 joka
768 572 135 22 Hallituksen

77 606 96 29 puolesta
195 605 94 27 säädylle
304 605 29 20 toi
348 604 147 21 Keisarillisen
510 603 133 28 Majesteetin
660 609 51 14 arm.
726 602 108 26 esityksen
850 601 54 20 Suo-

77 641 113 15 menmaan
206 633 172 28 valtiosäädyille,
393 633 94 21 koskeva
502 633 109 20 muutosta
626 631 31 22 eri
672 630 100 22 kohdissa
787 629 117 22 asevelvol-

77 663 138 22 lisuuslaissa.

145 720 146 21 Puhemiehen
314 719 98 28 kiitettyä
435 719 81 26 säädyn
539 717 103 28 puolesta,
661 716 107 21 saatettiin
782 715 69 22 Herra
867 714 37 22 Se-

77 749 81 22 naatori
174 749 54 21 ulos.

146 887 215 27 Landtdagsmannen
377 887 162 22 Costiander:
569 887 12 21 I
596 887 116 22 allmänhet
726 889 23 19 är
764 887 35 22 det
814 887 90 22 erkändt

77 917 31 20 att
129 915 198 28 skjutshällningen,
349 915 71 22 säsom
442 916 42 21 den
506 923 30 14 nu
551 918 23 19 är
589 916 142 27 organiserad,
747 916 54 21 varit
815 916 32 21 för
862 915 42 22 den

77 944 91 21 resande
183 946 75 25 ytterst
271 944 131 27 fördelaktig,
419 951 49 14 men
484 945 95 21 deremot
594 945 33 21 för
637 945 26 20 de
674 944 231 28 skjutsningsskyldige

77 979 27 15 en
127 973 118 26 tryckande
267 975 71 25 tunga,
361 979 46 14 som
432 973 69 21 blifvit
517 973 59 22 desto
592 973 135 27 förhatligare
742 973 23 28 ju
780 980 59 14 mera
854 979 50 15 man

77 1001 91 21 kommit
190 1003 30 19 att
242 1002 47 21 inse
304 1001 74 22 värdet
393 1001 21 21 af
430 1004 30 19 ett
475 1001 102 22 förloradt
592 1002 116 27 dagsverke
724 1003 55 20 samt
793 1002 36 21 det
843 1002 62 21 miss-

77 1029 140 26 förhållande,
239 1030 59 21 hvari
321 1030 133 28 skjutslegan
477 1030 43 21 står
543 1030 32 21 till
591 1031 35 21 det
642 1030 84 21 utförda
740 1030 165 27 skjutsningsar-

79 1058 62 21 betet.
171 1058 73 21 Såsom
267 1058 151 22 landtbrukare
443 1059 70 21 skulle
528 1059 35 27 jag
578 1059 83 21 således
676 1065 66 22 gerna
756 1059 73 21 kunna
844 1058 61 21 ställa

77 1087 46 27 mig
140 1087 27 27 på
182 1093 82 15 samma
278 1087 136 28 ståndpunkt,
430 1094 46 14 som
492 1087 206 28 landtdagsmannen
713 1087 137 28 Hegerström
865 1087 41 21 och

78 1115 68 27 öfrige
164 1118 143 24 reservanter;
323 1122 50 15 men
393 1116 28 21 då
435 1116 36 27 jag
487 1116 12 21 å
514 1116 67 21 andra
595 1116 60 21 sidan
672 1118 59 25 tager
745 1117 7 20 i
768 1115 137 22 betraktande
930 1120 2 2 '

79 1145 32 20 att
124 1143 69 22 finska
208 1146 68 19 staten
293 1145 68 20 under
376 1145 26 21 de
415 1145 36 20 två
466 1147 84 19 senaste
565 1145 143 21 decennierna
723 1145 32 20 för
770 1145 87 20 allmänt
872 1144 35 21 väl

79 1172 70 21 inlåtit
167 1173 33 27 sig
214 1173 7 20 i
236 1173 116 21 storartade
367 1173 83 27 företag
464 1173 28 28 på
506 1173 78 28 många
599 1173 41 21 håll
656 1173 70 21 såsom
740 1173 166 28 jernvägsbygg-

80 1201 72 26 nader,
174 1201 218 22 folkskoleväsendets
415 1202 130 27 utveckling,
567 1209 42 20 nya
631 1201 82 22 skolors
732 1201 119 22 inrättande
866 1201 40 22 och

81 1229 99 28 slutligen
202 1230 289 27 värnepligtsinstitutionens
506 1231 173 26 genomförande,
694 1230 80 21 hvilket
789 1230 37 21 allt
841 1230 65 21 erfor-

81 1258 46 21 drat
142 1258 67 27 dryga
224 1259 120 26 kostnader,
353 1259 98 21 hvarföre
467 1265 49 15 man
532 1259 62 21 äfven
611 1259 89 27 nödgats
716 1259 81 21 utfinna
812 1265 43 20 nya
863 1265 44 14 me-

81 1287 35 21 del
137 1287 33 21 för
186 1287 131 21 betäckande
332 1287 22 21 af
369 1287 62 22 dessa
447 1288 94 27 utgifter,
556 1287 23 22 sä
595 1287 41 22 kan
651 1288 36 27 jag
699 1288 20 21 ei
734 1290 65 19 annat
813 1289 27 19 än
855 1293 52 15 anse

81 1315 36 21 det
139 1315 93 22 särdeles
252 1316 120 26 önskvärdt,
387 1318 31 19 att
441 1323 50 14 man
514 1316 116 21 tillsvidare
649 1317 8 20 i
672 1316 131 21 förhållande
826 1316 32 21 till
880 1315 27 22 de

81 1343 70 27 gamla
173 1344 107 21 skatterna
301 1345 40 20 och
364 1345 104 21 besvären
491 1345 100 21 förhäller
613 1345 33 27 sig
664 1345 23 20 sä
703 1345 143 21 konservativt
860 1350 47 14 som

79 1372 89 27 möjligt,
190 1373 96 26 emedan,
309 1379 34 15 om
366 1373 27 22 de
416 1373 71 28 gamla
509 1373 121 28 grunderna
652 1373 85 27 rubbas,
759 1373 26 22 de
807 1380 42 20 nya
871 1372 36 21 be-

81 1401 142 28 räkningarna
245 1401 39 21 lätt
313 1401 73 22 kunna
416 1402 32 21 slä
478 1402 44 21 felt.
559 1402 42 27 Jag
630 1402 35 21 vill
692 1402 82 21 säledes
799 1402 47 21 icke
871 1401 36 28 pä-

81 1429 62 28 lägga
165 1429 116 22 rusthällen
303 1437 26 14 en
352 1431 62 25 skatt,
438 1430 108 21 hvarifrån
563 1431 26 20 de
602 1433 30 20 ett
647 1431 43 21 helt
705 1431 133 20 århundrade
854 1430 54 21 varit

81 1458 101 25 befriade,
203 1465 50 14 men
271 1459 37 20 vill
323 1459 12 20 ä
350 1459 67 21 andra
432 1459 64 21 sidan
510 1459 19 28 ej
546 1459 67 21 heller
627 1459 74 27 aflyfta
716 1459 36 21 det
766 1459 81 26 besvär,
861 1465 46 14 som

80 1487 192 28 skjutshällningen
298 1487 88 26 medför,
410 1488 54 21 allra
487 1488 65 21 minst
574 1487 27 22 dä
625 1495 50 14 man
699 1487 87 22 föreslär
805 1487 45 22 deri
865 1487 43 22 den

80 1517 76 19 största
171 1515 101 28 lindring,
287 1518 52 20 utan
355 1516 127 27 godkänner
495 1517 36 27 jag
546 1516 66 22 hellre
628 1516 26 22 de
669 1516 90 22 ledande
775 1516 134 28 principerna
