1095 1795
252 140 213 21 Talonpoikaissääty
477 140 59 17 1882.
560 140 27 17 25
599 144 20 16 p.
632 139 95 18 Toukok.
787 161 4 8 .
850 133 56 21 1083

147 207 33 22 IX
194 207 68 22 Luku.
292 208 83 21 80—92
393 208 27 27 88
436 208 138 27 hyväksyttin
590 209 156 20 muuttamatta.

147 265 23 21 X
184 264 68 21 Luku.
282 265 97 21 93—105
396 265 26 28 $$
438 265 153 27 hyväksyttiin.

147 321 105 22 XI-XV
274 321 70 22 Luvut
365 324 59 25 ynnä
446 323 67 20 niihin
536 322 104 21 kuuluvat
657 322 113 21 106—143
785 322 24 28 $$
825 321 81 28 hyväk-

77 351 75 27 syttiin
161 350 66 22 ilman
243 351 140 21 keskustelua.

148 407 54 22 XVI
216 407 68 22 Luku.
315 408 111 22 144—147
442 407 26 29 $$
483 408 151 28 hyväksyttiin.

148 466 40 21 148
198 461 12 36 8
231 465 96 28 johdosta
342 465 82 22 lausui:

146 523 214 27 Landtdagsmannen
376 523 157 21 Costiander
548 523 66 27 ansäg
629 523 42 21 den
686 523 22 21 af
725 523 100 21 utskottet
841 523 7 20 i
863 522 42 21 för-

76 553 34 20 sta
129 554 117 19 momentet
264 551 99 28 vidtagna
378 551 125 28 förändring
518 551 21 22 af
555 552 60 21 ordet
631 551 171 22 »befälhafvaren
817 551 33 21 för
865 550 40 21 fin-

76 581 40 20 ska
135 580 118 21 militären»
278 580 31 21 till
333 587 40 14 ven
391 580 87 27 general
494 580 52 21 eller
561 580 104 21 öfverste»
683 587 50 14 vara
749 580 21 21 af
785 582 42 19 stor
843 579 60 26 bety-

77 609 65 26 delse,
158 609 90 21 emedan
263 609 63 21 bland
343 608 231 22 öfverbefälhafvarens
590 609 128 28 äligganden
734 609 61 20 äfven
807 615 36 14 var
855 608 48 26 den,

76 640 32 19 att
129 644 47 15 resa
198 637 98 28 omkring
317 638 40 21 och
379 637 122 28 inspektera
523 640 121 25 trupperna,
658 637 33 22 till
706 637 50 28 följe
772 637 73 21 hvaraf
860 637 43 20 han

76 666 46 22 ofta
145 673 37 14 var
201 666 123 21 förhindrad
339 668 31 19 att
385 666 49 21 sitta
449 667 7 20 i
472 666 246 28 öfverkrigsdomstolen.
749 665 102 22 Deremot
866 671 37 15 var

78 695 161 27 bestämningen
262 697 29 19 att
313 695 143 21 ordföranden
479 695 40 21 och
538 695 27 21 de
581 695 90 21 militära
686 695 143 21 ledamöterna
845 696 58 19 utses

75 723 24 21 af
121 723 220 32 generalguvernören
364 724 33 20 för
416 723 36 21 tvä
467 723 24 21 är
505 723 7 21 i
527 723 78 22 sender
619 723 84 22 mindre
718 723 77 27 lyckad
810 723 39 21 och
865 729 39 14 var

77 752 48 21 nåd.
140 752 169 27 propositionens
324 752 136 27 bestämning
476 754 43 19 »att
534 752 26 21 de
576 755 58 18 utses
650 752 32 21 för
698 752 102 21 tillfället»
818 751 85 21 härvid-

77 781 35 27 lag
134 782 30 19 att
181 781 117 27 föredraga.
327 781 10 20 I
355 787 75 15 senare
446 780 60 22 fallet
521 780 72 22 kunde
609 787 49 15 man
674 781 107 27 nämligen
796 780 38 21 allt
849 779 55 22 efter

77 809 76 22 mälets
176 809 142 22 beskaffenhet
340 809 81 21 inkalla
443 809 123 26 ledamöter,
588 816 45 15 som
652 810 66 21 hörde
734 809 31 21 till
779 811 87 25 trupper
882 808 21 21 af

76 838 58 21 olika
155 844 73 21 vapen.
257 838 87 21 Talaren
367 838 54 21 hade
436 837 83 22 derföre
535 838 76 21 önskat
626 840 30 19 att
671 838 36 21 tvä
722 838 20 21 af
757 837 146 22 ledamöterna

77 867 55 20 varit
147 866 105 21 ordinarie
268 867 39 21 och
322 866 35 21 två
372 866 100 21 inkallats
488 866 33 21 för
536 867 97 21 tillfället.
663 866 33 21 Då
711 867 59 21 tiden
785 865 54 22 dock
854 865 49 21 icke

77 901 58 15 mera
157 895 85 27 medgaf
264 895 146 28 företagandet
425 895 22 21 af
466 901 27 15 en
511 895 90 28 ändring
616 896 5 20 i
638 895 58 22 detta
711 895 61 27 syfte,
787 894 115 28 godkände

76 923 82 22 talaren
173 924 13 27 $
202 923 132 22 oförändrad.

145 980 50 21 Kun
211 981 136 21 keskustelua
362 982 19 21 ei
397 981 96 27 jatkettu,
509 981 104 27 hyväksyi
628 983 60 25 sääty
703 980 90 28 pykälän
810 981 94 20 muutta-

77 1011 66 20 matta
157 1009 144 22 valiokunnan
317 1010 117 21 mietinnön
451 1010 99 21 mukaan.

147 1066 113 21 149—150
275 1067 26 27 $$
318 1067 152 26 hyväksyttiin.

147 1123 83 21 17—25
252 1123 62 21 luvut
329 1124 68 21 niihin
413 1123 119 22 kuuluvine
550 1125 58 20 151—
620 1125 41 20 214
678 1124 127 27 pykälineen
820 1123 81 27 hyväk-

75 1151 75 27 syttiin
165 1151 65 22 ilman
246 1151 141 22 keskustelua.

146 1208 145 22 Alkulauseen
302 1209 98 28 johdosta
410 1209 107 22 lausuivat
528 1210 153 27 mielipiteensä
689 1211 111 20 seuraavat
807 1209 96 27 puhujat:

145 1265 113 22 Edusmies
281 1267 122 20 Avellan:
442 1267 49 20 Pari
514 1267 84 26 säädyn
617 1267 81 27 jäsentä
722 1269 48 19 ovat
793 1268 111 19 nostaneet

77 1294 146 27 kysymyksen
239 1295 52 25 siitä,
307 1297 42 19 että
364 1295 60 21 esillä
440 1295 61 21 oleva
512 1295 163 28 rangaistuslaki
685 1295 94 22 Suomen
789 1295 114 21 sotaväelle

77 1323 175 27 hyväksyttäisiin
268 1324 122 21 ainoastaan
407 1324 148 26 kymmeneksi
571 1324 108 21 vuodeksi.
702 1324 137 21 Semmoinen
855 1323 48 21 ehto

74 1352 23 20 ei
119 1351 33 21 ole
174 1351 113 21 ollenkaan
310 1352 126 27 paikallaan,
458 1358 55 15 vaan
529 1352 46 21 olisi
590 1352 71 28 paljon
677 1352 173 27 luonnollisempi
865 1352 40 26 hy-

77 1380 79 27 väksyä
171 1380 145 21 valiokunnan
332 1380 130 22 ehdoittama
477 1381 110 21 alkulause
603 1381 186 28 rangaistuslakiin
805 1380 99 21 semmoi-

77 1415 84 15 senaan.
191 1409 69 27 Tietty
284 1416 33 19 on,
339 1411 42 20 että
403 1409 73 21 kauan
491 1410 60 21 aikaa
567 1416 27 14 on
610 1410 59 26 tehty
684 1411 58 25 työtä
758 1409 82 27 yleisen
856 1415 49 14 ran-

77 1437 123 28 gaistuslain
224 1437 131 22 ehdotuksen
378 1438 168 21 hankkimiseksi
568 1439 21 26 ja
612 1439 105 20 tiedetään
740 1437 106 28 myöskin,
861 1439 42 19 että

77 1468 56 19 tämä
155 1467 36 25 työ
214 1472 26 15 on
263 1466 227 28 valmistumaisillaan,
511 1467 65 27 jonka
597 1467 78 21 tähden
698 1467 20 21 ei
737 1467 113 21 ollenkaan
871 1466 33 20 ole

74 1494 139 27 epäilemistä,
236 1497 42 19 että
300 1495 134 21 lakiehdotus
450 1497 55 20 tässä
521 1495 139 22 katsannossa
675 1495 56 22 tulee
747 1501 71 15 ennen
833 1494 71 27 pitkää

75 1523 22 26 ja
113 1523 135 21 arvattavasti
262 1523 21 27 jo
300 1524 45 21 ensi
361 1523 151 28 valtiopäivillä
527 1525 96 26 säätyjen
638 1523 188 28 hyväksyttäväksi
837 1523 68 27 lykät-
