1095 1795
255 111 214 20 Talonpoikaissääty
481 111 59 17 1882.
564 111 26 18 27
601 114 20 17 p.
634 111 94 17 Toukok.
849 106 59 21 1135

78 181 19 21 ei
123 180 54 21 vielä
201 179 77 29 kaipaa
299 180 46 25 sitä,
359 180 22 27 ja
396 179 44 21 kun
457 179 68 21 kansa
541 180 48 20 siitä
605 180 78 20 mitään
700 180 170 27 pyyntöesitystä
885 181 20 20 ei

77 209 54 21 ollut
158 208 80 27 tehnyt,
268 208 44 21 niin
342 209 18 20 ei
384 207 183 22 valiokuntakaan
583 207 53 22 ollut
652 208 100 21 katsonut
774 209 45 20 tätä
833 208 72 29 nykyä

79 237 75 21 olevan
169 238 62 27 syytä
246 236 108 21 ehdoittaa
373 237 113 20 mainittua
505 236 62 21 lakia.
597 236 39 21 Jos
652 243 37 14 sen
704 236 79 21 tähden
799 237 108 28 talonpoi-

78 266 114 27 kaissääty,
214 266 58 20 asian
292 265 51 20 näin
359 265 63 26 ollen,
438 265 125 28 hyväksyisi
589 265 176 27 eriuskolaislain,
780 265 43 21 niin
839 266 67 20 osoit-

77 294 48 21 taisi
147 301 22 14 se
191 293 144 22 lutherilaisen
356 293 77 22 kirkon
458 293 122 28 täydellistä
598 293 167 28 halveksimista,
779 294 21 27 ja
823 301 81 20 sangen

79 319 77 24 surkea
178 322 54 26 olisi,
255 323 33 27 jos
310 321 92 22 Suomen
424 322 70 21 kansa
516 322 92 29 luopuisi
624 322 133 21 todellisesta
772 323 134 21 uskonnosta

76 352 21 27 ja
113 351 162 21 lutherilaisesta
290 351 102 21 kirkosta.

145 407 217 29 Landtdagsmannen
385 408 164 22 Hollmérus
571 407 95 29 yttrade:
682 407 37 23 Fri
743 410 23 20 är
781 409 127 21 mennisko-

77 436 69 21 anden
168 436 41 21 och
231 436 26 21 fri
278 436 37 21 har
330 436 41 21 han
387 436 73 29 utgätt
474 437 49 20 frän
539 436 122 29 Skaparens
677 437 64 20 hand.
770 437 77 22 Denna
862 438 42 21 fria

77 465 153 21 meniskoande
254 465 42 21 kan
318 465 47 21 icke
380 473 79 20 genom
475 466 66 27 nägot
556 466 67 27 tväng
638 465 23 21 af
676 465 135 28 statskyrkan
827 466 79 21 bindas

77 495 7 20 i
109 495 32 20 sin
164 495 43 20 rätt
228 496 32 19 att
275 493 69 22 såsom
360 494 79 21 honom
456 494 49 21 bäst
520 501 63 21 synes
599 494 74 21 nalkas
690 495 32 20 sin
738 493 101 30 Skapare.
869 495 35 21 Då

78 522 135 29 statskyrkan
240 522 82 21 säledes
345 523 48 21 icke
415 523 43 20 kan
481 523 66 20 binda
569 523 193 21 menniskoandens
783 523 66 21 frihet
872 526 33 18 att

76 551 65 21 tänka
163 552 6 19 i
191 551 100 28 religiösa
313 551 62 22 saker
393 551 72 21 säsom
481 551 42 21 hon
539 553 43 19 rätt
597 559 68 18 anser,
680 551 25 22 sä
720 553 23 19 är
758 551 37 22 det
809 551 13 22 ä
837 551 66 22 andra

77 579 61 22 sidan
157 581 61 25 orätt,
234 582 32 18 att
280 580 6 20 i
303 583 30 18 ett
347 580 176 21 konstitutionelt
538 579 103 22 samhälle
656 579 68 22 ordna
739 581 46 20 sina
800 580 59 28 lagar
873 580 35 26 sä,

78 611 32 18 att
133 608 49 21 dess
205 608 139 28 medborgare
360 608 108 21 beroende
484 609 24 20 af
523 609 32 20 sin
571 608 89 21 troslära
676 608 44 21 lida
735 609 68 21 inträng
835 610 6 19 i
857 609 50 20 sina

78 637 87 21 allmänt
185 637 119 28 menskliga
319 637 39 22 och
374 637 173 28 medborgerliga
562 637 131 28 rättigheter.
722 637 107 22 Inseende
844 637 59 22 detta

79 665 100 22 omfattar
200 666 36 27 jag
248 665 64 22 äfven
332 665 41 22 den
391 667 141 25 reservation,
547 673 45 14 som
609 665 22 21 af
646 665 48 22 herr
710 666 149 28 Montgomery
875 673 28 14 m.

77 694 20 21 fi.
120 696 23 19 är
165 694 104 28 vidfogad
291 694 248 21 utskottsbetänkandet.
569 694 35 21 Dä
626 702 26 13 en
674 694 67 21 sädan
756 695 71 28 pelare
842 695 8 21 i
865 695 41 21 vär

77 723 68 21 finska
166 723 74 28 kyrka,
262 730 45 14 som
323 723 76 28 biskop
415 723 122 22 Schauman
558 723 6 21 i
587 723 60 21 tiden
665 723 49 21 med
729 725 72 20 värme
816 723 88 29 kämpat

78 751 34 22 för
131 751 143 29 uppkomsten
290 751 22 21 af
327 759 26 14 en
369 751 143 28 dissenterlag
527 751 42 22 och
584 752 65 21 insett
664 751 50 22 dess
729 754 56 19 stora
801 753 46 27 vigt
862 752 41 21 och

78 779 111 22 betydelse
212 780 35 21 för
269 780 48 21 vårt
339 780 56 25 land,
410 780 25 21 sä
450 780 76 28 tycker
541 781 40 27 jag,
592 783 31 18 att
637 780 65 22 äfven
719 788 25 13 en
760 781 7 20 i
782 780 62 22 dessa
860 780 45 21 för-

78 784 113 56 hällanden
204 808 82 22 mindre
298 809 73 28 invigd
385 809 41 21 kan
440 812 52 18 utan
504 809 134 21 betänkande
649 809 84 21 ansluta
745 810 33 27 sig
789 809 32 21 till
833 809 70 21 denna

79 837 62 28 äsigt.
170 837 217 27 Landtdagsmannen
403 837 87 29 Ojanen
507 837 38 22 har
560 837 122 27 framhällit,
698 840 31 19 att
744 837 103 29 baptister
862 837 42 22 och

79 866 66 21 andra
160 866 106 21 dissenter
281 866 48 21 icke
353 866 68 21 bildat
444 866 67 28 nägot
533 870 80 24 system
628 866 35 21 för
685 866 128 21 utöfvandet
833 867 21 20 af
869 867 34 20 sin

78 895 97 28 religion,
190 901 47 14 men
253 895 59 21 detta
327 896 23 19 är
365 902 26 14 en
407 895 55 21 följd
477 895 44 28 just
535 895 62 21 deraf
612 897 31 18 att
658 895 27 21 de
701 895 76 21 saknat
788 895 117 21 dissenter-

78 923 41 28 lag.
149 923 81 22 Vidare
252 923 38 21 har
313 925 144 26 nyssnämnde
481 923 66 22 talare
570 923 88 26 befarat,
681 927 32 18 att
735 923 42 22 den
795 923 111 22 lutherska

79 951 81 29 kyrkan
176 951 68 22 skulle
260 951 43 22 lida
318 955 45 18 stor
377 952 84 26 förlust,
477 959 35 14 om
528 955 31 18 ett
570 954 67 19 större
648 952 58 21 antal
719 953 23 20 af
754 952 80 21 hennes
845 952 63 24 med-

78 980 88 21 lemmar
188 980 68 21 skulle
279 981 61 28 skilja
363 981 32 28 sig
413 981 49 20 frän
479 981 93 28 kyrkans
587 981 137 28 gemenskap.
754 980 49 22 Stär
818 980 28 21 dä
861 981 42 20 den

78 1009 109 21 lutherska
209 1009 82 28 kyrkan
313 1009 110 28 verkligen
447 1009 27 28 pä
490 1017 26 14 en
532 1009 24 21 sä
571 1009 32 22 lös
617 1009 77 28 grund,
710 1012 30 18 att
755 1017 48 14 man
819 1009 87 22 befarar

78 1037 58 22 affall
151 1037 55 22 ifrän
222 1037 137 22 densamma?
375 1039 39 20 Om
430 1038 25 21 sä
470 1039 24 20 är
506 1038 67 26 fallet,
588 1045 63 14 anser
665 1039 36 26 jag
716 1041 32 18 att
763 1038 41 21 den
819 1038 48 21 icke
880 1039 27 20 är

79 1066 85 28 mycket
180 1069 31 18 att
226 1066 84 21 komma
325 1066 54 22 med.
409 1067 43 28 Jag
467 1067 70 20 skulle
551 1070 34 17 tro
600 1069 32 18 att
646 1067 109 21 lutherska
770 1067 69 20 lärans
855 1073 52 14 san-

79 1095 76 27 ningar
169 1096 37 20 äro
221 1095 72 21 alltför
308 1097 56 19 stora
379 1095 41 22 och
436 1103 58 20 rena,
509 1095 35 21 för
559 1097 31 19 att
605 1103 48 13 man
666 1095 69 21 skulle
748 1095 70 21 kunna
829 1095 75 21 befara

79 1123 66 28 nägot
166 1123 23 21 af
212 1131 26 14 en
261 1123 146 28 dissenterlag,
422 1124 66 21 äfven
505 1131 33 14 om
557 1123 79 22 sädana
651 1123 74 27 finnas,
740 1123 73 22 hvilka
828 1123 23 21 af
866 1124 38 21 sitt

77 1154 95 19 samvete
197 1151 87 22 hindras
309 1155 32 18 att
362 1153 92 20 omfatta
477 1152 70 21 denna
569 1152 50 21 lära.
648 1152 112 29 Föröfrigt
780 1153 127 20 instämmer

76 1181 36 28 jag
127 1181 7 20 i
150 1180 205 29 landtdagsmannen
370 1181 116 22 Dunckers
502 1181 143 28 andragande.

145 1237 218 29 Landtdagsmannen
389 1238 154 28 Svedberg
567 1238 93 28 yttrade:
680 1238 74 21 Ehuru
770 1238 51 28 föga
836 1239 68 26 utsigi

77 1266 121 27 förefinnes,
222 1270 31 17 att
274 1267 41 21 den
337 1267 148 21 betänkandet
500 1267 117 28 vidfogade
632 1267 161 21 reservationen
810 1266 54 21 skall
880 1266 24 21 af

77 1295 85 21 ständet
174 1295 131 28 godkännas,
319 1295 76 28 bjuder
410 1296 45 27 mig
471 1295 57 22 dock
543 1297 48 20 mitt
606 1298 96 19 samvete
715 1296 80 28 pligten
807 1298 31 19 att
850 1295 54 21 söka

76 1323 96 22 försvara
195 1323 122 22 densamma
341 1323 24 22 sä
383 1324 87 28 mycket
486 1331 45 14 mer
545 1331 45 14 som
608 1325 41 20 just
664 1325 6 20 i
686 1324 42 21 den
744 1324 109 28 domsaga,
867 1324 37 28 jag

76 1355 162 25 representerar,
254 1352 50 22 flere
319 1352 111 22 hundrade
446 1352 141 28 medborgare
618 1352 84 28 dagligen
718 1354 65 19 vänta
798 1352 28 28 pä
836 1352 68 21 utfär-

76 1380 80 22 dandet
174 1380 24 22 af
213 1388 26 14 en
254 1380 147 29 dissenterlag.
431 1381 46 22 Det
491 1382 24 21 är
529 1381 48 22 icke
593 1389 34 20 nu,
642 1381 70 22 säsom
729 1380 174 29 landtdagsmän-

75 1417 42 13 nen
139 1409 84 28 Ojanen
244 1409 40 22 och
302 1409 98 22 Heikura
415 1409 106 28 förmoda,
536 1409 61 29 fräga
613 1417 34 14 om
662 1413 33 18 att
709 1410 61 28 gifva
785 1410 118 21 dissenters

74 1439 48 25 rätt,
137 1441 31 18 att
182 1437 61 22 träda
258 1446 25 13 ur
298 1438 40 21 den
355 1438 110 22 lutherska
483 1439 92 28 kyrkans
591 1439 137 28 gemenskap,
742 1441 23 26 ty
781 1438 68 21 denna
860 1439 44 20 rätt

76 1473 39 21 ega
139 1466 25 22 de
187 1467 66 21 redan
277 1467 66 28 enligt
359 1468 12 20 6
388 1468 12 27 $
416 1467 29 21 K.
461 1467 32 27 L.,
509 1470 51 18 utan
576 1467 37 21 det
627 1467 69 28 gäller
710 1470 32 18 att
757 1467 67 21 ordna
839 1466 64 21 dessa

74 1495 116 22 dissenters
207 1496 101 27 ställning
322 1495 31 22 till
369 1496 90 28 kyrkan,
475 1495 66 22 sedan
553 1496 26 21 de
591 1496 79 21 lemnat
681 1495 128 22 densamma.
830 1495 74 28 Sagde
