1095 1795
265 139 212 21 Talonpoikaissääty
489 140 59 17 1882.
573 140 14 16 4
599 145 20 15 p.
632 140 95 17 Toukok.
864 134 41 20 843

83 208 100 25 fördelar,
199 215 45 14 som
264 208 26 21 de
305 208 73 21 hvilka
394 208 89 21 kommit
499 208 66 21 andra
581 207 123 22 landsdelar
718 208 32 27 till
766 208 63 27 godo,
843 207 63 22 hvar-

83 237 48 21 före
145 237 36 28 jag
196 237 63 20 äfven
276 236 125 28 obetingadt
417 236 95 22 kommer
523 239 32 18 att
565 238 58 19 rösta
632 237 35 20 för
678 236 40 21 den
730 236 176 22 Osterbottniska

83 265 81 21 banans
187 265 113 28 byggande
316 266 6 20 i
338 265 90 21 främsta
451 268 96 18 rummet.
578 265 83 22 Vidare
684 265 36 21 vill
736 265 36 28 jag
787 265 32 21 till
835 265 71 21 bemö-

82 293 65 22 tande
163 293 23 21 af
201 273 64 48 Ae
281 293 128 28 föregäende
425 293 78 22 talares
518 293 154 22 förmenanden
688 293 117 26 framhälla,
816 296 31 19 att
857 301 48 13 man

83 322 125 27 visserligen
224 322 67 21 under
306 322 26 21 de
348 322 67 21 första
428 322 89 25 tiderna,
533 323 35 20 för
577 323 128 27 jernvägens
718 322 112 29 byggande
841 323 6 20 i
858 321 48 22 värt

82 351 57 25 land,
159 351 49 27 följt
228 351 40 21 den
284 351 90 28 princip,
389 354 31 17 att
436 351 28 20 de
479 352 50 20 böra
545 351 78 28 dragas
638 358 77 21 genom
732 351 81 21 mindre
829 350 76 22 odlade

82 379 88 23 trakter,
190 379 34 21 för
244 382 30 18 att
298 379 100 22 befordra
413 379 75 22 dessas
504 379 81 28 odling,
600 387 47 13 men
664 382 31 19 att
710 387 48 13 man
774 383 59 18 snart
847 379 59 26 fann,

82 408 37 22 det
135 407 69 22 denna
220 409 81 27 princip
317 408 48 22 icke
380 416 38 13 var
434 407 41 22 den
491 410 61 20 rätta.
574 408 103 28 Antydda
692 408 97 21 ändamäl
805 408 38 22 har
857 407 48 22 icke

83 436 68 21 heller
174 438 92 20 vunnits.
295 437 25 20 T.
339 444 19 13 o.
376 444 25 13 m.
418 436 98 29 Europas
533 437 79 21 rikaste
626 436 74 21 länder
715 437 27 20 ha
757 438 7 19 i
777 437 65 28 öfrigt
857 437 48 20 icke

81 465 82 21 kunnat
171 465 106 28 uppfinna
294 465 65 28 nägot
374 465 98 28 lämpligt
487 465 69 22 medel
572 465 31 21 till
619 465 164 21 ödemarkernas
799 465 106 22 kolonise-

82 495 53 26 ring.
165 494 72 21 Afven
259 495 21 20 vi
303 494 54 21 hade
373 494 128 21 derutinnan
519 501 25 14 en
560 493 107 29 tjuguärig
678 493 121 22 erfarenhet
815 494 22 21 af
852 493 54 21 Hel-

83 522 335 28 singfors—Tavastehusbanan,
439 522 88 21 hvilken
544 522 122 21 erfarenhet
680 523 66 27 gifvit
761 522 36 21 det
811 522 95 25 resultat,

82 554 31 18 att
135 551 152 28 jernvägarnas
308 551 97 21 ändamål
422 551 48 21 icke
486 553 23 19 är
524 554 32 18 att
572 551 120 21 kolonisera
708 551 131 26 ödemarker,
855 554 49 17 utan

82 582 32 18 att
136 579 74 22 förena
232 580 48 21 med
304 579 126 28 hvarandra
439 583 63 24 orter,
517 587 46 14 som
579 579 65 22 redan
660 580 59 21 förut
734 581 36 19 äro
786 579 119 22 befolkade.

82 608 39 21 Ett
141 608 85 21 talande
248 609 46 20 skäl
309 608 34 21 för
358 608 41 21 den
416 608 177 21 Österbottniska
608 608 69 21 banan
694 610 22 19 är
732 610 55 19 ännu
803 607 41 22 den
861 615 43 13 om-

82 637 130 28 ständighet,
233 640 32 18 att
287 637 27 28 pä
335 637 93 21 svenska
443 637 115 28 riksdagen
575 637 75 21 väckts
665 637 61 28 fråga
742 645 34 12 om
791 636 113 28 byggande

81 665 24 21 af
128 665 291 29 Gellivaara—Haaparanta
442 666 77 27 banan,
541 665 87 22 hvilken
652 665 56 22 bana
723 673 48 13 man
787 665 47 21 från
850 665 54 21 finsk

82 693 48 22 sida
153 694 65 21 borde
242 694 24 21 så
289 694 86 28 mycket
389 701 46 14 som
452 695 83 28 möjligt
550 694 84 21 komma
649 695 31 20 till
696 696 74 19 mötes.
800 693 103 28 Slutligen

82 723 39 20 har
139 723 115 27 anmärkts,
269 726 32 18 att
315 723 122 28 Uleåborgs
453 723 34 21 län
504 723 55 21 hade
575 731 25 13 en
617 723 42 28 god
676 722 229 22 kommunikationsled

83 753 5 19 i
105 751 116 22 Bottniska
236 752 71 21 viken,
322 759 47 14 men
385 751 114 28 härvidlag
515 753 23 19 är
549 755 31 18 att
590 751 136 28 ihågkomma
736 751 38 21 det
783 751 122 22 densamma

83 787 38 14 var
136 780 120 28 tillgänglig
271 780 67 21 under
353 780 76 21 endast
445 788 26 13 en
488 780 35 21 del
539 780 22 21 af
576 780 51 21 året.
657 779 80 22 Medan
754 779 129 28 exempelvis
899 780 6 20 i

82 809 24 21 år
129 809 102 27 sjöfarten
254 809 38 21 här
308 809 5 20 i
329 809 139 27 Helsingfors
490 809 65 21 redan
577 809 62 21 öfver
659 817 25 12 en
702 809 87 21 månads
804 808 31 21 tid
851 809 54 20 varit

82 837 93 28 öppnad,
190 839 24 19 är
231 837 118 28 Uleåborgs
365 837 51 22 redd
433 837 135 22 fortfarande
584 837 103 28 isbelagd.

154 894 217 28 Landtdagsmannen
397 894 114 21 Sandell
534 894 115 27 .förordade
676 894 121 28 byggandet
819 894 23 21 af
865 894 41 21 den

83 930 77 20 genom
184 923 26 20 de
234 923 144 21 fruktbaraste
401 923 88 21 delarne
505 923 22 21 af
543 923 140 22 Österbotten
698 923 82 28 gående
796 922 111 21 Nurmo—

83 951 77 22 Gamla
183 951 247 29 Karleby—Uleäborgs
453 952 76 24 banan,
553 951 89 22 emedan
662 959 48 14 man
726 951 27 21 dä
769 951 70 21 kunde
855 951 52 28 hop-

83 987 45 21 pas,
143 983 31 18 att
189 980 23 21 fä
228 980 69 28 nägon
313 988 80 20 reveny
409 980 23 21 af
443 980 52 21 vära
505 981 119 27 järnvägar,
634 980 83 21 hvilket
727 987 50 14 vore
788 979 24 22 sä
823 979 84 28 mycket

84 1016 57 13 mera
157 1009 101 28 önskligt,
273 1016 45 14 som
335 1009 26 21 de
377 1009 76 21 hittills
468 1009 47 28 gätt
530 1009 48 21 med
594 1009 83 21 förlust.
702 1010 39 19 Att
757 1009 68 28 bygga
841 1010 67 19 öster-

85 1037 110 21 bottniska
218 1037 69 22 banan
310 1045 77 20 genom
410 1037 133 28 ödemarker,
565 1037 28 21 dä
615 1037 122 22 densamma
752 1037 66 26 alltid,
833 1037 32 20 till
881 1044 25 13 en

85 1066 73 28 början
178 1066 128 21 ätminstone
325 1066 68 21 skulle
412 1066 71 21 lemna
499 1066 83 26 förlust,
598 1073 50 14 vore
664 1069 31 18 ett
710 1066 136 28 experiment,
861 1073 46 13 som

83 1095 40 20 lätt
144 1095 72 20 kunde
231 1095 75 20 hindra
321 1095 28 20 all
365 1094 74 22 vidare
455 1095 127 28 utveckling
597 1095 23 20 af
635 1095 47 21 vårt
696 1095 142 28 jernvägsnät.
869 1095 38 19 Att

82 1125 135 26 guvernören
242 1131 42 13 von
306 1123 90 21 Alfthan
413 1123 98 21 förordat
526 1123 42 21 den
583 1123 107 21 mellersta
707 1123 68 21 banan
791 1122 65 21 borde
872 1129 35 14 en-

84 1151 39 28 ligt
145 1152 93 21 talarens
261 1151 56 28 äsigt
340 1152 47 21 icke
403 1152 90 21 inverka
509 1152 66 27 något
591 1151 27 29 pä
633 1151 83 22 landets
732 1153 175 26 representanter.

83 1180 219 27 Landtdagsmannen
319 1180 123 21 Hollmérus
458 1181 83 27 förslag
556 1180 71 21 kunde
641 1181 87 25 talaren,
739 1187 44 14 som
795 1179 47 22 icke
853 1179 54 21 hade

83 1208 67 28 några
165 1209 70 21 lokala
250 1210 105 20 intressen
368 1212 31 18 att
415 1209 90 26 bevaka,
520 1212 52 18 utan
588 1209 105 28 opartiskt
709 1207 103 22 bedömde
826 1207 83 28 frågan,

83 1237 116 28 godkänna
215 1237 77 22 endast
306 1237 68 21 under
389 1237 42 21 den
447 1237 161 28 förutsättning,
623 1241 31 18 att
670 1237 36 21 det
720 1236 138 29 smalspåriga
873 1244 34 20 sy-

83 1268 83 22 stemet,
185 1273 45 14 som
253 1266 64 21 äfven
338 1267 34 20 för
387 1266 49 21 vårt
451 1266 50 21 land
518 1274 51 13 vore
585 1266 36 21 det
636 1266 140 28 lämpligaste,
792 1265 69 21 skulle
877 1266 31 19 in-

84 1294 65 21 föras.
168 1294 11 21 I
196 1294 59 21 detta
271 1295 38 20 fall
325 1294 70 21 kunde
412 1294 55 21 båda
477 1295 27 21 de
512 1295 121 28 föreslagna
644 1295 94 20 banorna
748 1294 67 21 blifva
825 1293 84 28 färdiga

83 1323 69 21 under
174 1330 80 14 samma
276 1323 31 21 tid
331 1323 41 22 och
392 1323 34 21 för
448 1331 81 14 samma
544 1323 122 25 kostnader,
681 1323 72 21 hvilka
768 1322 48 21 med
832 1322 76 21 tilläm-

84 1350 69 29 pande
169 1351 23 21 af
208 1351 36 21 det
261 1351 138 29 bredspåriga
415 1355 104 25 systemet
534 1352 50 28 åtgå
599 1352 35 20 för
649 1351 55 21 blott
719 1351 41 21 den
772 1358 39 14 ena
828 1350 79 21 banans

83 1380 118 28 byggande.

151 1437 115 22 Edusmies
281 1437 118 22 Hoikka:
416 1437 99 22 Ikävällä
531 1445 26 14 on
575 1437 72 22 Oulun
663 1437 69 21 läänin
746 1437 67 21 kansa
825 1435 84 22 odotta-

83 1469 39 18 nut
137 1467 41 20 sitä
196 1466 130 26 aikakautta,
333 1466 74 28 jolloin
418 1467 51 20 saisi
480 1466 71 21 nähdä
561 1466 73 21 Oulun
645 1466 105 21 rautatien
761 1465 148 21 valmistuvan.

83 1494 97 21 Suurella
203 1495 175 21 luottamuksella
401 1494 96 22 Suomen
521 1495 162 28 valtiosäätyjen
706 1494 121 28 lupauksiin
851 1493 18 21 ei
885 1500 24 14 se

83 1523 75 28 epäile,
168 1524 51 20 ettei
235 1525 45 19 tätä
294 1526 59 18 rataa
369 1523 79 21 ensiksi
465 1523 124 26 rakenneta,
605 1523 42 21 kun
663 1523 56 21 tulee
734 1522 90 21 uudesta
839 1525 70 18 rauta-
