1095 1795
262 132 216 21 Talonpoikaissääty
489 132 61 17 1882.
575 132 24 17 16
611 137 22 16 p.
643 131 95 18 Toukok.
873 126 45 24 949

86 199 137 29 väksyminen
238 199 46 22 tahi
299 199 149 29 hylkääminen
464 199 180 29 Porvarissäädyn
659 201 87 27 pyyntö.
775 199 76 22 Koska
864 200 53 22 Por-

86 228 135 28 varissäädyn
240 228 131 22 ehdoittama
386 228 52 29 linja
453 236 27 14 on
496 228 56 22 vielä
567 228 51 22 sekä
632 228 173 22 silmävaraisesti
819 229 45 21 että
878 228 38 22 ko-

85 257 115 21 neellisesti
214 257 50 21 ihan
279 257 130 26 tutkimatta,
423 257 45 22 niin
483 257 48 21 olisi
546 257 122 22 vaarallista
678 257 40 21 sitä
728 257 115 28 hyväksyä,
852 257 65 28 jonka

85 285 74 21 vuoksi
182 286 57 21 minä
261 285 118 28 puolestani
396 285 94 29 hylkään
505 285 179 29 Porvarissäädyn
698 287 100 27 pyynnön
813 286 20 27 ja
847 293 69 22 pysyn

84 313 232 29 Talonpoikaissäädyn
331 315 103 20 entisessä
449 314 146 29 päätöksessä.
909 337 2 2 N

153 365 215 28 Landtdagsmannen
384 365 179 22 Costiander:
579 365 43 22 Om
637 366 36 28 jag
688 367 42 20 rätt
740 365 109 29 uppfattat
858 366 57 21 före-

84 393 81 29 gäende
180 393 72 29 talare,
268 393 23 22 sä
306 394 37 22 vill
359 395 62 27 ingen
432 401 88 15 numera
530 394 93 22 erkänna
632 395 125 28 jernvägens
783 395 68 21 direkta
860 403 55 21 upp-

83 422 42 28 gift
140 430 50 14 vara
204 422 42 22 den
261 426 33 18 att
308 422 59 22 ledas
381 423 34 21 till
430 423 129 27 ödetrakter,
575 423 34 21 för
624 426 32 18 att
670 423 116 28 upphjelpa
800 424 61 21 deras
872 398 42 59 od

83 451 44 28 ling
147 451 39 21 och
207 451 175 28 uppblomstring,
398 454 50 19 utan
464 454 33 19 att
511 454 92 19 tvertom
619 451 49 22 dess
683 451 130 22 rentabilitet
827 451 40 22 bör
881 455 33 18 ut-

83 481 52 26 göra
156 479 195 29 hufvudsynpunkt.
380 479 75 22 Också
477 482 24 19 är
521 480 38 21 det
579 480 88 21 allmänt
689 479 95 28 erkändt,
799 483 32 18 att
845 481 70 21 denna

82 508 130 21 rentabilitet
226 510 24 19 är
265 511 31 19 ett
311 508 71 22 direkt
396 508 87 29 uttryck
499 509 34 20 för
547 509 42 21 den
599 511 66 26 nytta,
676 516 45 13 som
731 509 113 28 jernvägen
854 509 60 21 med-

83 537 40 20 för.
145 537 83 22 Dervid
242 537 40 21 har
296 545 47 13 man
360 537 82 22 således
453 540 33 19 att
496 540 50 26 taga
556 538 8 21 i
575 537 141 22 betraktande
727 537 54 21 både
791 537 41 21 den
843 537 71 22 lokala

82 565 41 21 och
138 565 41 22 den
194 565 157 29 genomgående
365 565 97 22 trafiken.
488 565 53 22 Med
556 565 101 22 afseende
672 565 13 22 å
699 565 27 22 de
741 565 86 26 trakter,
837 573 76 21 genom

84 593 73 22 hvilka
178 594 160 22 Bondeståndet
359 594 89 22 beslutit
469 594 67 29 draga
558 594 42 21 den
621 602 42 21 nya
677 595 119 28 jernvägen,
811 594 38 21 har
864 602 49 13 man

85 618 66 58 olet
172 623 49 22 mitt
240 623 70 28 tycke,
332 623 55 28 tagit
407 623 74 22 alltför
503 627 44 18 stor
562 623 81 28 hänsyn
653 623 33 21 till
700 623 42 21 den
756 622 157 29 genomgående

83 650 99 23 trafiken.
211 651 42 29 Jag
274 651 69 22 finner
364 651 70 22 denna
454 652 56 21 bana
523 652 62 21 desto
600 651 137 29 olämpligare
752 651 33 22 för
799 651 42 22 den
855 653 57 20 näst-

83 679 76 22 nämde
171 680 99 26 trafiken,
280 680 95 26 emedan,
386 680 28 21 då
424 681 22 21 vi
459 681 7 20 i
477 688 26 13 en
515 680 89 21 framtid
614 680 85 21 komma
714 683 32 18 att
756 680 23 21 få
790 687 25 14 en
825 681 88 28 jernväg

83 707 48 22 från
145 708 109 29 Uleåborg
266 709 61 21 öfver
336 708 88 29 Kuopio
434 709 34 21 till
478 709 90 28 Viborg,
578 709 123 21 densamma
711 709 83 21 komme
804 711 33 19 att
846 708 66 29 draga

83 737 32 28 sig
130 737 32 21 till
177 737 70 22 denna
261 737 56 28 linje.
345 737 42 28 Jag
401 740 45 19 tror
461 737 91 28 derföre,
567 741 33 18 att
614 737 42 22 den
671 737 23 22 af
705 737 160 22 Bondeståndet
874 737 38 22 be-

84 765 69 22 slutna
175 765 190 22 bansträckningen
388 766 49 21 icke
453 766 96 21 kommer
563 769 34 19 att
611 767 64 20 vinna
690 766 112 28 styrelsens
816 765 96 29 godkän-

82 794 74 21 nande.
185 794 49 21 Den
256 795 164 21 tillfredsställer
434 795 49 21 icke
498 795 24 21 så
536 795 34 21 väl
591 802 45 14 som
651 795 118 21 kustbanan
784 794 42 22 den
840 794 72 22 lokala

84 822 92 21 trafiken
197 823 40 21 och
257 823 78 22 blifver
349 823 107 22 dessutom
472 823 82 29 dyrare,
569 823 29 22 då
613 823 41 22 den
669 823 81 22 fordrar
765 823 71 28 längre
850 823 61 22 biba-

83 858 38 14 nor
135 851 32 22 till
182 851 154 22 kuststäderna.
358 852 43 21 Till
417 853 32 20 sin
465 852 64 29 längd
545 852 79 22 blifver
636 852 41 21 den
688 851 106 22 dessutom
804 851 48 22 icke
862 851 49 22 kor-

82 883 45 17 tare
149 882 26 18 än
198 880 41 21 den
262 880 22 21 af
305 880 103 22 utskottet
423 881 120 28 förordade,
559 881 34 21 för
607 880 87 22 hvilken
708 881 36 28 jag
758 880 93 21 uttalade
866 881 45 28 mig

82 908 66 21 under
168 909 128 28 föregäende
318 909 126 22 diskussion.
474 909 32 22 Pä
527 909 68 29 grund
617 909 23 22 af
662 909 38 22 det
714 909 66 22 sagda
793 908 67 23 mäste
877 909 34 28 jag

82 937 85 21 förorda
182 937 130 28 antagandet
325 937 24 22 af
363 938 192 28 Borgareständets
569 938 131 28 inbjudning.
753 937 42 22 Hvad
809 937 102 22 beträffar

83 965 128 28 antagandet
226 966 89 29 specielt
329 966 24 21 af
367 967 41 20 den
424 966 24 21 af
462 966 181 29 Borgareständet
657 966 120 28 föreslagna
791 965 118 23 kustbanan

81 993 52 22 eller
153 994 67 29 nägon
241 995 149 21 modifikation
405 995 63 22 deraf
483 997 24 19 är
521 996 44 20 min
580 995 141 28 öfvertygelse
736 995 44 21 fast
793 994 117 29 dervidlag,

81 1029 47 14 men
152 1023 48 21 med
224 1023 99 22 afseende
346 1023 13 22 ä
373 1023 42 22 den
430 1023 24 22 af
468 1024 105 21 utskottet
588 1023 120 28 föreslagna
722 1023 148 28 sträckningen
885 1025 25 19 är

80 1051 35 28 jag
135 1059 57 14 mera
209 1052 104 27 tveksam;
330 1053 33 28 jag
379 1052 41 21 kan
436 1052 106 29 nämligen
557 1052 48 22 icke
621 1052 123 28 obetingadt
759 1051 84 22 förorda
857 1051 52 22 den-

81 1086 85 15 samma.
195 1080 42 29 Jag
259 1080 88 22 föreslår
369 1081 92 26 derföre,
483 1084 33 18 att
537 1081 161 21 Bondeständet
717 1080 49 22 med
780 1079 129 29 frängäende

80 1107 23 21 af
117 1109 38 20 sitt
169 1108 58 22 förra
242 1109 70 22 beslut
325 1109 68 22 skulle
408 1110 111 21 remittera
531 1109 75 29 frågan
616 1109 33 22 till
658 1109 206 28 jernvägsutskottet,
874 1108 35 21 för

80 1139 32 18 att
133 1137 118 22 detsamma
272 1138 67 21 skulle
362 1138 70 21 lemna
448 1145 26 14 en
486 1138 100 22 definitiv
600 1138 113 28 utredning
728 1145 34 14 om
776 1137 27 22 de
817 1137 92 22 relativa

78 1164 120 23 fördelarne
214 1166 23 21 af
251 1166 27 21 de
293 1169 78 18 tvänne
386 1174 50 21 nyss
453 1167 92 21 nämnda
561 1167 93 21 banorna
668 1166 40 22 och
723 1166 62 21 deras
795 1165 113 22 modifika-

78 1193 74 25 tioner.
181 1194 47 22 Vill
243 1195 85 21 ståndet
342 1195 49 21 icke
407 1195 74 21 förena
497 1196 32 28 sig
543 1195 79 27 härom,
637 1195 24 22 sä
675 1195 37 21 vill
729 1195 34 28 jag
777 1194 131 21 öfverlemna

78 1221 48 22 hela
141 1222 37 22 det
192 1223 86 28 slutliga
292 1223 127 29 afgörandet
433 1223 23 22 åt
471 1224 109 28 styrelsen,
595 1231 45 14 som
655 1199 78 57 dervid
745 1223 42 21 kan
801 1230 53 14 egna
864 1222 44 22 frå-

76 1258 43 42 gan
134 1253 32 19 ett
180 1251 87 28 lugnare
282 1252 39 21 och
336 1252 137 29 grundligare
488 1252 73 23 arbete
575 1255 26 19 än
617 1252 113 22 ständerna
743 1259 28 14 nu
786 1252 21 21 vid
837 1251 71 22 landt-

91 1287 64 20 lagens
171 1279 42 22 slut
228 1282 36 20 äro
278 1281 8 20 i
301 1281 62 21 stånd
378 1281 39 21 till.

144 1325 114 22 Edusmies
280 1326 134 22 Heikura
436 1327 112 27 muistutti,
573 1327 79 21 kuinka
666 1326 41 21 hän
722 1327 20 27 jo
758 1325 148 22 rautatieasiaa

76 1352 100 30 säädyssä
191 1361 67 14 ennen
274 1354 174 22 keskusteltaissa
464 1355 28 21 oli
505 1354 161 22 huomauttanut
676 1356 49 20 siitä
736 1356 101 24 vaarasta,
847 1353 59 21 mikä

75 1382 147 23 rantaradasta
242 1382 47 23 olisi
308 1383 67 22 sodan
390 1383 78 22 aikana
483 1384 134 21 maallemme
630 1384 22 28 ja
666 1383 58 22 lisäsi
738 1386 44 25 nyt,
797 1382 51 22 ettei
863 1382 41 21 hän

76 1410 114 22 ensinkään
212 1411 165 27 kummastellut,
399 1415 44 18 että
466 1412 159 29 Porvarissääty
644 1412 91 29 puolusti
750 1414 120 19 rantarataa
883 1411 23 28 ja

74 1440 62 27 pyysi
151 1435 262 42 Talonpoikaissäätyäkin
428 1441 160 28 hyväksymään
603 1442 46 25 sitä,
665 1441 72 26 koska,
751 1441 32 28 jos
797 1442 109 19 rantarata

74 1467 173 24 rakennettaisiin
268 1469 138 27 sisämaahan,
429 1470 77 21 niitten
529 1470 95 28 seutujen
639 1469 104 22 asukkaat
757 1469 96 21 tulisivat
867 1475 37 14 va-

74 1496 69 28 paiksi
158 1497 48 21 siitä
222 1497 121 28 orjuudesta
357 1497 85 30 kaupan
458 1498 95 27 suhteen,
569 1498 71 21 minkä
655 1498 88 21 alaisina
752 1497 28 22 he
789 1497 64 22 tähän
863 1497 41 20 asti

73 1524 66 22 olivat
160 1525 70 27 olleet,
245 1528 146 26 täytyessänsä
405 1526 174 29 yksinomaisesti
593 1527 70 28 käydä
678 1527 98 28 kauppaa
791 1525 113 22 rantakau-
