1095 1795
182 118 57 21 1194
372 123 214 21 Talonpoikaissääty
599 123 59 18 1882.
681 124 11 16 1
703 128 21 15 p.
737 123 79 16 Kesäk.

358 259 159 27 Kesäkuun
535 260 14 26 1
566 262 44 32 pä
626 259 78 28 kello
723 260 17 27 5
758 259 18 35 j.
793 267 45 26 pp.

251 363 110 21 Esiteltiin
383 371 68 13 ennen
472 363 99 28 pöydälle
595 366 65 25 pantu
686 362 322 22 asevelvollisuusvaliokunnan

182 392 97 21 mietintö
294 391 42 22 N:o
352 393 12 20 2
381 392 120 21 armollisen
521 392 108 28 esityksen
645 391 99 29 johdosta
760 391 41 21 N:o
817 392 33 25 43,
865 391 50 29 joka
931 391 78 21 koskee

182 421 122 21 muutoksia
319 421 121 21 erinäisissä
456 420 80 23 kohdin
552 420 157 22 Suomenmaan
725 420 257 21 asevelvollisuus-laissa.

251 477 122 21 Mietinnön
388 477 99 28 johdosta
503 477 107 28 käyttivät
625 484 149 14 sananvuoroa
787 479 112 18 seuraavat
912 476 96 29 puhujat:

252 539 218 28 Landtdagsmannen
486 539 76 21 Keto
575 539 101 28 föreslog,
686 542 32 18 att
728 538 87 22 ständet
826 542 51 17 utan
887 538 121 22 diskussion

182 568 70 21 skulle
266 567 115 28 godkänna
398 567 150 26 betänkandet,
563 575 53 18 som,
631 571 59 18 utom
706 569 6 20 i
728 567 103 21 afseende
847 567 12 21 ä
875 567 65 28 nägra
956 567 53 21 tids-

182 596 165 28 bestämningar,
363 596 185 21 öfverensstämde
564 596 48 21 med
629 596 79 28 nädiga
723 596 168 28 propositionen.

251 659 176 27 Landtdagsman
444 659 175 21 Costiander
631 659 105 21 instämde
748 659 6 20 i
766 658 162 28 landtdagsman
940 659 68 20 Ketos

183 687 137 28 andragande
336 687 34 21 för
383 687 72 28 öfrigt,
470 695 48 14 men
534 687 51 22 ville
600 687 69 21 tillika
685 687 112 22 framhälla
812 687 41 21 den
870 688 80 27 vigtiga
965 687 44 21 för-

182 716 96 28 ändring,
294 723 46 14 som
356 716 111 28 företagits
484 717 5 20 i
511 717 6 26 8
534 717 40 20 113
590 716 111 28 angående
717 715 27 22 de
760 716 161 27 värnepligtige,
936 715 73 22 hvilka

182 745 128 21 försummat
331 747 32 18 att
384 745 78 20 infinna
485 745 34 28 sig
533 744 37 21 vid
586 744 115 28 uppbädet.
731 744 223 28 Anmärkningsvärdt
968 744 41 21 och

182 773 173 22 karakteristiskt
377 773 34 21 för
434 773 35 21 det
492 773 68 21 finska
583 773 69 21 folket
674 781 44 18 var,
740 775 32 18 att
795 773 161 27 bestämningen
978 773 31 20 uti

182 801 93 22 nämnde
298 803 12 26 8
330 803 7 20 i
358 802 112 28 praktiken
489 801 42 22 fått
547 809 26 14 en
588 801 45 22 helt
648 809 70 14 annan
735 801 116 28 betydelse,
866 803 27 19 än
909 801 41 21 den
966 801 44 28 lag-

182 830 99 21 stiftaren
298 830 71 21 afsett.
398 830 53 21 Man
467 830 68 29 afsäg,
550 833 32 18 att
599 830 160 28 bestämningen
773 829 68 22 skulle
857 837 51 14 vara
919 833 30 18 ett
961 830 48 21 kor-

182 859 71 21 rektiv
269 861 44 19 mot
327 859 156 27 försumlighet,
498 867 47 13 men
561 866 49 13 man
625 859 39 21 har
676 860 93 20 tvärtom
779 858 96 21 användt
886 858 40 21 den
938 858 70 21 säsom

182 890 32 18 ett
229 887 70 21 medel
314 887 34 21 för
363 887 108 21 vinnande
486 887 23 21 af
520 887 82 21 inträde
614 888 5 20 i
630 887 60 21 aktiv
703 888 71 27 tjenst.
785 899 27 3 —
823 887 35 21 Dä
869 887 140 28 värnepligts-

182 916 63 28 lagen
260 915 132 28 godkändes,
408 915 101 22 befarade
522 923 48 14 man
583 916 114 27 nämligen,
712 919 32 18 att
756 915 123 22 densamma
891 916 67 21 skulle
969 915 39 22 hos

182 944 84 21 landets
282 944 155 29 värnepligtige
453 945 93 27 ungdom
562 945 66 20 värka
640 945 102 27 motvilja,
752 951 49 14 men
812 944 148 21 erfarenheten
971 944 38 21 har

181 975 93 19 tvärtom
290 974 61 25 visat,
367 976 32 17 att
414 973 98 28 tilloppet
527 973 23 21 af
564 973 104 28 frivillige
686 975 23 19 är
723 973 25 21 sä
762 975 61 24 stort,
837 975 32 18 att
884 972 41 22 den
936 973 73 21 aktiva

182 1003 83 20 arméns
280 1001 59 22 leder
354 1001 74 22 blifvit
442 1001 23 22 af
479 1001 48 22 dem
543 1001 74 29 fyllda,
632 1001 42 22 och
688 1001 48 22 icke
749 1008 43 21 nog
803 1001 96 21 dermed:
915 1001 93 21 konkur-

182 1037 77 14 rensen
275 1030 38 21 har
328 1031 56 20 varit
399 1030 24 21 sä
438 1033 49 24 stor,
503 1033 32 18 att
549 1030 91 28 mängen
655 1037 44 20 ung
710 1037 54 19 man,
775 1030 35 21 för
820 1033 31 18 att
861 1029 72 22 kunna
943 1031 65 20 vinna

182 1058 84 21 inträde
288 1060 7 19 i
317 1060 78 25 armén,
410 1059 109 20 uteblifvit
540 1059 48 20 från
608 1058 110 29 uppbädet
736 1058 41 22 och
792 1058 35 21 för
842 1058 127 29 erläggande
985 1059 23 20 af

182 1087 74 21 derför
276 1087 104 28 stadgade
402 1087 60 21 böter
481 1087 107 22 anskaffat
609 1087 79 28 nödiga
703 1087 76 26 medel,
794 1087 109 21 hvarefter
917 1087 48 25 han,
981 1087 28 28 pä

181 1115 70 28 grund
267 1116 23 21 af
306 1117 11 26 $
334 1117 48 24 113,
397 1115 73 22 blifvit
484 1119 51 18 utan
552 1115 74 22 vidare
642 1116 70 21 säsom
728 1115 143 28 värnepligtig
887 1115 36 22 vid
936 1116 73 21 aktiva

182 1146 72 19 armén
270 1144 126 21 inskrifven.
427 1144 34 21 Då
476 1145 124 27 härigenom
616 1145 65 21 likväl
697 1145 33 26 de,
745 1144 74 21 hvilka
835 1144 78 21 anmält
929 1145 32 27 sig
971 1144 38 21 fri-

182 1173 76 28 villigt,
274 1173 71 21 kunde
367 1173 69 21 blifva
455 1173 151 26 förfördelade,
621 1173 55 21 hade
696 1173 48 26 den,
760 1173 67 27 enligt
846 1173 90 21 talarens
953 1173 56 28 åsigt

182 1201 139 21 välbetänkta
337 1201 127 28 förändring
479 1201 108 28 vidtagits,
603 1204 31 19 att
650 1201 72 28 dylike
737 1201 126 28 försumlige
876 1201 89 22 inkallas
976 1201 32 22 till

184 1230 145 27 tjenstgöring
344 1230 55 21 först
414 1229 42 22 den
473 1231 10 20 1
500 1230 144 28 nästföljande
660 1229 129 22 November.

251 1292 146 22 Puhemiehen
416 1293 153 22 ehdotuksesta
584 1293 102 22 ruvettiin
703 1295 38 26 nyt
756 1293 111 21 mietintöä
881 1293 127 28 pykälittäin

181 1321 164 22 tarkastamaan.

251 1384 13 27 8
281 1384 26 21 15
323 1384 51 21 sekä
389 1383 59 24 III:n
464 1384 66 21 luvun
546 1384 168 29 päällekirjoitus
729 1383 153 29 hyväksyttiin.

250 1441 12 27 8
278 1442 28 21 38
321 1441 51 21 sekä
388 1441 66 21 luvun
470 1441 36 22 IV
521 1441 168 28 päällekirjoitus
705 1440 146 29 hyväksyttiin
868 1441 103 28 myöskin.

250 1504 27 21 53
294 1504 13 27 $
321 1503 101 29 johdosta
437 1504 107 22 lausuivat
