1095 1795
188 134 57 21 1078
368 141 213 21 Talonpoikaissääty
593 141 59 18 1882.
675 141 27 18 25
714 146 20 16 p.
746 141 95 18 Toukok.

257 208 108 22 Esiteltiin
387 209 199 28 Porvarissäädystä
604 209 64 22 tullut
681 210 176 29 pöytäkirjanote,
872 213 71 19 tämän
958 210 57 21 kuun

188 237 27 22 19
231 237 100 28 päivältä,
345 237 56 28 joka,
415 238 68 28 paitse
498 241 78 23 muuta,
592 238 68 21 sisälsi
675 238 151 22 kutsumuksen
837 239 177 22 kanssasäädyille

202 265 102 29 htymään
318 265 184 34 Porvarissäädyn,
517 267 234 28 karttapaperimaksua
762 267 107 22 koskevan
879 267 135 22 asetusehdo-

187 293 78 23 tuksen
281 295 13 20 6
308 295 21 27 ja
344 295 27 21 31
387 294 99 29 pykäläin
500 295 99 28 johdosta
613 295 111 22 tekemään
740 296 123 29 päätöksen.

258 351 129 22 Useamman
412 353 119 27 pyynnöstä
558 353 82 28 pantiin
662 353 45 21 asia
728 353 99 29 pöydälle
851 354 44 21 ensi
916 353 100 22 tulevaan

186 380 115 21 istuntoon.

256 522 109 23 Esiteltiin
384 524 106 21 niinikään
506 523 198 30 Porvarissäädystä
719 524 64 22 tullut
797 525 169 28 pöytäkirjanote
981 532 33 14 sa-

187 551 66 22 malta
275 552 100 27 päivältä,
395 553 56 27 jossa
472 560 64 13 muun
554 560 84 14 muassa
652 553 159 28 kanssasäätyjä
841 556 97 19 kutsutaan
952 553 62 28 yhty-

186 582 62 19 mään
271 580 179 22 Porvarissäädyn
472 581 129 28 päätökseen
616 581 166 28 mallasjuomain
795 581 160 22 valmistamista
967 582 48 21 kos-

187 608 69 22 kevan
272 589 202 42 asetuschdotuksen
490 610 26 21 16
533 611 12 26 &
561 611 147 20 ensimmäisen
723 610 86 21 kohdan
824 610 92 22 suhteen.

257 666 105 21 Tämäkin
377 667 45 21 asia
436 667 92 28 jätettiin
543 666 99 29 pöydälle
657 670 61 19 vasta
732 668 127 21 mainittuun
874 668 110 21 istuntoon.

255 815 108 22 Esiteltiin
379 815 64 21 tähän
459 816 106 21 istuntoon
580 815 98 29 pöydälle
691 819 66 25 pantu
768 816 184 22 lakivaliokunnan
963 817 50 20 mie-

184 844 56 21 tintö
263 843 41 22 N:o
325 845 13 20 8
354 844 118 21 armollisen
489 844 106 28 esityksen
610 844 103 28 johdosta,
727 844 51 29 joka
792 845 79 22 koskee
886 845 127 28 rangaistus-

185 872 43 21 lain
244 872 109 22 ottamista
368 871 92 23 Suomen
475 873 120 21 sotaväelle.

254 929 140 22 Mietinnöstä
409 929 104 22 lausuivat
528 929 154 30 mielipiteensä
696 933 112 19 seuraavat
822 929 97 30 puhujat:

255 985 215 29 Landtdagsmannen
493 985 200 23 Costiander:
716 986 76 23 Såsom
816 987 15 21 f£.
845 987 22 22 d.
881 987 78 21 militär
973 987 39 21 har

184 1015 36 28 jag
235 1014 50 22 med
300 1014 65 29 lifligt
379 1015 89 21 intresse
481 1015 118 28 genomläst
612 1015 136 28 lagförslaget
758 1015 41 22 och
809 1015 78 22 deraf
879 1010 11 38 i
897 1015 114 22 allmänhet

183 1043 45 22 fått
248 1043 39 22 det
308 1043 90 28 intryck,
419 1046 32 19 att
469 1043 77 29 nådiga
576 1045 141 28 propositionen
732 1045 39 20 och
787 1044 144 22 betänkandet
945 1043 65 23 hafva

184 1071 25 22 så
230 1071 48 22 vidt
296 1072 83 28 möjligt
398 1072 100 21 förutsett
512 1073 27 21 de
554 1051 45 48 fll,
614 1080 45 14 som
673 1073 71 21 kunna
759 1073 84 21 komma
858 1072 67 22 under
939 1073 71 28 lagens

184 1100 130 29 behandling
329 1100 40 22 och
383 1103 33 19 att
431 1101 247 22 straftbestämmelserna
692 1102 8 21 i
716 1101 116 22 allmänhet
841 1103 36 20 äro
887 1101 125 28 tillräckligt

183 1131 93 26 stränga,
298 1136 48 15 men
368 1129 56 22 dock
447 1129 84 29 byggda
546 1129 28 29 på
590 1129 90 22 humana
694 1131 114 28 principer.
836 1129 131 22 Hufvudsak
982 1132 29 25 är,

183 1160 34 19 att
239 1165 26 14 en
285 1157 23 22 af
322 1161 74 25 regent
411 1159 40 20 och
466 1158 85 21 ständer
567 1158 119 22 stadfästad
701 1159 35 28 lag
750 1158 33 22 fås
799 1158 33 22 till
847 1158 68 28 stånd,
930 1158 81 22 mindre

184 1187 80 28 vigtigt
278 1188 22 19 är
316 1186 102 27 deremot,
432 1194 34 14 om
477 1186 65 29 några
551 1186 145 29 obetydligare
708 1187 77 22 brister
794 1187 117 21 förefinnas
921 1187 4 21 i
936 1187 76 28 sjelfva

184 1214 68 29 lagen,
268 1217 50 19 enär
332 1215 130 26 densamma,
477 1215 65 28 enligt
557 1215 58 22 hvad
629 1215 104 22 utskottet
747 1215 107 29 upplyser,
870 1215 94 22 kommer
980 1219 32 18 att

184 1243 140 22 underkastas
339 1244 92 21 revision
446 1244 110 28 samtidigt
571 1244 49 21 med
635 1244 41 21 den
691 1244 106 21 allmänna
811 1244 106 28 strafflag,
931 1251 44 14 som
988 1246 24 19 är

183 1271 69 22 under
266 1272 79 21 arbete.
365 1271 64 22 Efter
440 1275 31 18 ett
481 1272 75 21 samtal
566 1272 50 22 med
628 1272 222 22 öfverbefälhafvaren
860 1273 34 20 för
904 1273 27 21 de
940 1272 72 22 finska

183 1303 117 47 ppor
314 1300 39 21 har
366 1301 36 28 jag
417 1301 89 21 kommit
520 1301 33 21 till
567 1301 43 22 den
624 1301 150 28 öfvertygelse,
789 1304 32 19 att
836 1301 37 22 det
888 1308 49 15 vore
948 1301 63 28 högst

184 1329 133 27 nödvändigt
338 1331 33 19 att
392 1329 146 28 föreliggande
560 1329 115 29 lagförslag
690 1329 72 22 blefve
781 1329 115 29 godkändt,
911 1329 99 22 hvarföre

183 1358 21 27 jag
237 1356 90 22 föreslår
341 1357 37 22 det
393 1357 86 22 ståndet
492 1360 51 19 utan
558 1357 74 23 alltför
646 1358 100 22 minutiös
762 1358 66 22 kritik
843 1358 51 21 ville
908 1357 103 29 genomgå

182 1393 27 14 och
239 1385 113 29 godkänna
365 1386 124 22 detsamma.

253 1442 216 29 Landtdagsmannen
490 1443 78 22 Keto
590 1443 50 22 ville
658 1443 114 34 godkänna
785 1443 141 29 lagförslaget
940 1444 8 21 i
962 1443 50 22 dess

182 1471 80 27 helhet,
284 1479 48 14 men
347 1471 76 22 endast
438 1471 34 22 för
486 1473 30 20 tio
531 1471 29 28 år,
575 1472 67 21 under
653 1472 109 29 förloppet
776 1472 24 21 af
814 1472 87 22 hvilken
916 1471 32 22 tid
964 1479 49 14 man

183 1499 72 23 kunde
270 1501 64 20 vinna
348 1500 66 29 nödig
428 1500 121 22 erfarenhet
563 1508 34 14 om
613 1501 104 21 bristerna
732 1501 30 22 uti
779 1501 103 28 förslaget
896 1501 41 21 och
948 1499 64 23 sedan

182 1529 57 21 rätta
251 1528 114 23 desamma.
