<?xml version="1.0" encoding="UTF-8"?>
<alto xmlns="http://www.loc.gov/standards/alto/ns-v3#" xmlns:xlink="http://www.w3.org/1999/xlink" xmlns:xsi="http://www.w3.org/2001/XMLSchema-instance" xsi:schemaLocation="http://www.loc.gov/standards/alto/ns-v3# http://www.loc.gov/alto/v3/alto-3-0.xsd">
	<Description>
		<MeasurementUnit>pixel</MeasurementUnit>
		<sourceImageInformation>
			<fileName>/tmp/tess_4v9424_v_input.PNG</fileName>
		</sourceImageInformation>
		<OCRProcessing ID="OCR_0">
			<ocrProcessingStep>
				<processingSoftware>
					<softwareName>tesseract 5.3.4</softwareName>
				</processingSoftware>
			</ocrProcessingStep>
		</OCRProcessing>
	</Description>
	<Layout>
		<Page WIDTH="1095" HEIGHT="1795" PHYSICAL_IMG_NR="0" ID="page_0">
			<PrintSpace HPOS="0" VPOS="0" WIDTH="1095" HEIGHT="1795">
				<ComposedBlock ID="cblock_0" HPOS="252" VPOS="122" WIDTH="649" HEIGHT="27">
					<TextBlock ID="block_0" HPOS="252" VPOS="122" WIDTH="649" HEIGHT="27">
						<TextLine ID="line_0" HPOS="252" VPOS="122" WIDTH="649" HEIGHT="27">
							<String ID="string_0" HPOS="252" VPOS="128" WIDTH="214" HEIGHT="21" WC="0.92" CONTENT="Talonpoikaissääty"/><SP WIDTH="13" VPOS="128" HPOS="466"/>
							<String ID="string_1" HPOS="479" VPOS="128" WIDTH="59" HEIGHT="17" WC="0.96" CONTENT="1882."/><SP WIDTH="26" VPOS="128" HPOS="538"/>
							<String ID="string_2" HPOS="564" VPOS="128" WIDTH="23" HEIGHT="17" WC="0.95" CONTENT="18"/><SP WIDTH="12" VPOS="128" HPOS="587"/>
							<String ID="string_3" HPOS="599" VPOS="131" WIDTH="20" HEIGHT="17" WC="0.93" CONTENT="p."/><SP WIDTH="12" VPOS="131" HPOS="619"/>
							<String ID="string_4" HPOS="631" VPOS="127" WIDTH="93" HEIGHT="18" WC="0.92" CONTENT="Toukok."/><SP WIDTH="135" VPOS="127" HPOS="724"/>
							<String ID="string_5" HPOS="859" VPOS="122" WIDTH="42" HEIGHT="21" WC="0.96" CONTENT="927"/>
						</TextLine>
					</TextBlock>
				</ComposedBlock>
				<GraphicalElement ID="cblock_1" HPOS="536" VPOS="157" WIDTH="302" HEIGHT="2"></GraphicalElement >
				<ComposedBlock ID="cblock_2" HPOS="71" VPOS="196" WIDTH="832" HEIGHT="57">
					<TextBlock ID="block_1" HPOS="71" VPOS="196" WIDTH="832" HEIGHT="57">
						<TextLine ID="line_1" HPOS="71" VPOS="196" WIDTH="832" HEIGHT="28">
							<String ID="string_6" HPOS="71" VPOS="197" WIDTH="59" HEIGHT="27" WC="0.96" CONTENT="jotka"/><SP WIDTH="21" VPOS="197" HPOS="130"/>
							<String ID="string_7" HPOS="151" VPOS="198" WIDTH="49" HEIGHT="20" WC="0.96" CONTENT="ovat"/><SP WIDTH="15" VPOS="198" HPOS="200"/>
							<String ID="string_8" HPOS="215" VPOS="196" WIDTH="116" HEIGHT="27" WC="0.93" CONTENT="yhdistetyt"/><SP WIDTH="14" VPOS="196" HPOS="331"/>
							<String ID="string_9" HPOS="345" VPOS="197" WIDTH="221" HEIGHT="20" WC="0.92" CONTENT="maaseurakuntansa"/><SP WIDTH="15" VPOS="197" HPOS="566"/>
							<String ID="string_10" HPOS="581" VPOS="196" WIDTH="77" HEIGHT="21" WC="0.96" CONTENT="kanssa"/><SP WIDTH="15" VPOS="196" HPOS="658"/>
							<String ID="string_11" HPOS="673" VPOS="196" WIDTH="87" HEIGHT="27" WC="0.93" CONTENT="yhdellä"/><SP WIDTH="14" VPOS="196" HPOS="760"/>
							<String ID="string_12" HPOS="774" VPOS="196" WIDTH="129" HEIGHT="21" WC="0.92" CONTENT="kuntahalli-"/>
						</TextLine>
						<TextLine ID="line_2" HPOS="72" VPOS="225" WIDTH="660" HEIGHT="28">
							<String ID="string_13" HPOS="72" VPOS="225" WIDTH="97" HEIGHT="26" WC="0.96" CONTENT="tuksella,"/><SP WIDTH="17" VPOS="225" HPOS="169"/>
							<String ID="string_14" HPOS="186" VPOS="225" WIDTH="93" HEIGHT="21" WC="0.93" CONTENT="tulisivat"/><SP WIDTH="14" VPOS="225" HPOS="279"/>
							<String ID="string_15" HPOS="293" VPOS="225" WIDTH="98" HEIGHT="27" WC="0.92" CONTENT="myöshin"/><SP WIDTH="16" VPOS="225" HPOS="391"/>
							<String ID="string_16" HPOS="407" VPOS="225" WIDTH="160" HEIGHT="28" WC="0.92" CONTENT="vapautetuiksi"/><SP WIDTH="15" VPOS="225" HPOS="567"/>
							<String ID="string_17" HPOS="582" VPOS="225" WIDTH="150" HEIGHT="21" WC="0.93" CONTENT="koiraverosta."/>
						</TextLine>
					</TextBlock>
				</ComposedBlock>
				<ComposedBlock ID="cblock_3" HPOS="71" VPOS="281" WIDTH="831" HEIGHT="80">
					<TextBlock ID="block_2" HPOS="71" VPOS="281" WIDTH="831" HEIGHT="80">
						<TextLine ID="line_3" HPOS="141" VPOS="281" WIDTH="761" HEIGHT="29">
							<String ID="string_18" HPOS="141" VPOS="282" WIDTH="51" HEIGHT="21" WC="0.96" CONTENT="Kun"/><SP WIDTH="16" VPOS="282" HPOS="192"/>
							<String ID="string_19" HPOS="208" VPOS="289" WIDTH="36" HEIGHT="14" WC="0.96" CONTENT="sen"/><SP WIDTH="16" VPOS="289" HPOS="244"/>
							<String ID="string_20" HPOS="260" VPOS="282" WIDTH="104" HEIGHT="28" WC="0.96" CONTENT="pitempää"/><SP WIDTH="15" VPOS="282" HPOS="364"/>
							<String ID="string_21" HPOS="379" VPOS="282" WIDTH="139" HEIGHT="21" WC="0.96" CONTENT="keskustelua"/><SP WIDTH="15" VPOS="282" HPOS="518"/>
							<String ID="string_22" HPOS="533" VPOS="282" WIDTH="20" HEIGHT="21" WC="0.96" CONTENT="ei"/><SP WIDTH="15" VPOS="282" HPOS="553"/>
							<String ID="string_23" HPOS="568" VPOS="283" WIDTH="110" HEIGHT="26" WC="0.96" CONTENT="syntynyt,"/><SP WIDTH="16" VPOS="283" HPOS="678"/>
							<String ID="string_24" HPOS="694" VPOS="281" WIDTH="48" HEIGHT="22" WC="0.97" CONTENT="eikä"/><SP WIDTH="10" VPOS="281" HPOS="742"/>
							<String ID="string_25" HPOS="752" VPOS="281" WIDTH="85" HEIGHT="22" WC="0.93" CONTENT="kukaan"/><SP WIDTH="11" VPOS="281" HPOS="837"/>
							<String ID="string_26" HPOS="848" VPOS="288" WIDTH="54" HEIGHT="22" WC="0.91" CONTENT="puo-"/>
						</TextLine>
						<TextLine ID="line_4" HPOS="71" VPOS="311" WIDTH="830" HEIGHT="28">
							<String ID="string_27" HPOS="71" VPOS="311" WIDTH="97" HEIGHT="22" WC="0.92" CONTENT="lustanut"/><SP WIDTH="14" VPOS="311" HPOS="168"/>
							<String ID="string_28" HPOS="182" VPOS="311" WIDTH="107" HEIGHT="21" WC="0.93" CONTENT="edusmies"/><SP WIDTH="14" VPOS="311" HPOS="289"/>
							<String ID="string_29" HPOS="303" VPOS="311" WIDTH="72" HEIGHT="21" WC="0.96" CONTENT="Kallin"/><SP WIDTH="17" VPOS="311" HPOS="375"/>
							<String ID="string_30" HPOS="392" VPOS="311" WIDTH="119" HEIGHT="26" WC="0.96" CONTENT="ehdotusta,"/><SP WIDTH="16" VPOS="311" HPOS="511"/>
							<String ID="string_31" HPOS="527" VPOS="311" WIDTH="108" HEIGHT="21" WC="0.96" CONTENT="katsottiin"/><SP WIDTH="17" VPOS="311" HPOS="635"/>
							<String ID="string_32" HPOS="652" VPOS="311" WIDTH="80" HEIGHT="27" WC="0.96" CONTENT="säädyn"/><SP WIDTH="16" VPOS="311" HPOS="732"/>
							<String ID="string_33" HPOS="748" VPOS="311" WIDTH="153" HEIGHT="28" WC="0.96" CONTENT="hyväksyneen"/>
						</TextLine>
						<TextLine ID="line_5" HPOS="72" VPOS="340" WIDTH="283" HEIGHT="21">
							<String ID="string_34" HPOS="72" VPOS="340" WIDTH="145" HEIGHT="21" WC="0.95" CONTENT="valiokunnan"/><SP WIDTH="16" VPOS="340" HPOS="217"/>
							<String ID="string_35" HPOS="233" VPOS="340" WIDTH="122" HEIGHT="21" WC="0.96" CONTENT="mietinnön."/>
						</TextLine>
					</TextBlock>
				</ComposedBlock>
				<ComposedBlock ID="cblock_4" HPOS="70" VPOS="488" WIDTH="832" HEIGHT="114">
					<TextBlock ID="block_3" HPOS="70" VPOS="488" WIDTH="832" HEIGHT="114">
						<TextLine ID="line_6" HPOS="140" VPOS="488" WIDTH="760" HEIGHT="28">
							<String ID="string_36" HPOS="140" VPOS="488" WIDTH="105" HEIGHT="21" WC="0.96" CONTENT="Esiteltiin"/><SP WIDTH="23" VPOS="488" HPOS="245"/>
							<String ID="string_37" HPOS="268" VPOS="495" WIDTH="69" HEIGHT="15" WC="0.96" CONTENT="ennen"/><SP WIDTH="23" VPOS="495" HPOS="337"/>
							<String ID="string_38" HPOS="360" VPOS="488" WIDTH="100" HEIGHT="28" WC="0.96" CONTENT="pöydälle"/><SP WIDTH="21" VPOS="488" HPOS="460"/>
							<String ID="string_39" HPOS="481" VPOS="491" WIDTH="68" HEIGHT="25" WC="0.96" CONTENT="pantu"/><SP WIDTH="22" VPOS="491" HPOS="549"/>
							<String ID="string_40" HPOS="571" VPOS="489" WIDTH="83" HEIGHT="26" WC="0.93" CONTENT="yleisen"/><SP WIDTH="21" VPOS="489" HPOS="654"/>
							<String ID="string_41" HPOS="675" VPOS="488" WIDTH="225" HEIGHT="22" WC="0.92" CONTENT="valitusvaliokunnan"/>
						</TextLine>
						<TextLine ID="line_7" HPOS="71" VPOS="517" WIDTH="827" HEIGHT="28">
							<String ID="string_42" HPOS="71" VPOS="517" WIDTH="97" HEIGHT="22" WC="0.96" CONTENT="mietintö"/><SP WIDTH="15" VPOS="517" HPOS="168"/>
							<String ID="string_43" HPOS="183" VPOS="517" WIDTH="39" HEIGHT="22" WC="0.96" CONTENT="N:o"/><SP WIDTH="18" VPOS="517" HPOS="222"/>
							<String ID="string_44" HPOS="240" VPOS="517" WIDTH="26" HEIGHT="21" WC="0.93" CONTENT="14"/><SP WIDTH="15" VPOS="517" HPOS="266"/>
							<String ID="string_45" HPOS="281" VPOS="517" WIDTH="88" HEIGHT="28" WC="0.93" CONTENT="pappis-,"/><SP WIDTH="16" VPOS="517" HPOS="369"/>
							<String ID="string_46" HPOS="385" VPOS="517" WIDTH="107" HEIGHT="28" WC="0.93" CONTENT="porvaris-"/><SP WIDTH="15" VPOS="517" HPOS="492"/>
							<String ID="string_47" HPOS="507" VPOS="518" WIDTH="21" HEIGHT="27" WC="0.93" CONTENT="ja"/><SP WIDTH="16" VPOS="518" HPOS="528"/>
							<String ID="string_48" HPOS="544" VPOS="517" WIDTH="243" HEIGHT="28" WC="0.92" CONTENT="talonpoikaissäädyssä"/><SP WIDTH="15" VPOS="517" HPOS="787"/>
							<String ID="string_49" HPOS="802" VPOS="517" WIDTH="96" HEIGHT="28" WC="0.96" CONTENT="tehtyjen"/>
						</TextLine>
						<TextLine ID="line_8" HPOS="70" VPOS="545" WIDTH="832" HEIGHT="29">
							<String ID="string_50" HPOS="70" VPOS="546" WIDTH="183" HEIGHT="28" WC="0.91" CONTENT="pyyntöesitysten"/><SP WIDTH="21" VPOS="546" HPOS="253"/>
							<String ID="string_51" HPOS="274" VPOS="546" WIDTH="103" HEIGHT="27" WC="0.96" CONTENT="johdosta,"/><SP WIDTH="23" VPOS="546" HPOS="377"/>
							<String ID="string_52" HPOS="400" VPOS="548" WIDTH="42" HEIGHT="19" WC="0.96" CONTENT="että"/><SP WIDTH="22" VPOS="548" HPOS="442"/>
							<String ID="string_53" HPOS="464" VPOS="546" WIDTH="166" HEIGHT="28" WC="0.96" CONTENT="perustettaisiin"/><SP WIDTH="18" VPOS="546" HPOS="630"/>
							<String ID="string_54" HPOS="648" VPOS="545" WIDTH="173" HEIGHT="22" WC="0.93" CONTENT="suomenkielisiä"/><SP WIDTH="15" VPOS="545" HPOS="821"/>
							<String ID="string_55" HPOS="836" VPOS="547" WIDTH="66" HEIGHT="26" WC="0.93" CONTENT="tyttö-"/>
						</TextLine>
						<TextLine ID="line_9" HPOS="71" VPOS="575" WIDTH="93" HEIGHT="27">
							<String ID="string_56" HPOS="71" VPOS="575" WIDTH="93" HEIGHT="27" WC="0.96" CONTENT="kouluja."/>
						</TextLine>
					</TextBlock>
				</ComposedBlock>
				<ComposedBlock ID="cblock_5" HPOS="141" VPOS="631" WIDTH="695" HEIGHT="29">
					<TextBlock ID="block_4" HPOS="141" VPOS="631" WIDTH="695" HEIGHT="29">
						<TextLine ID="line_10" HPOS="141" VPOS="631" WIDTH="695" HEIGHT="29">
							<String ID="string_57" HPOS="141" VPOS="632" WIDTH="163" HEIGHT="27" WC="0.91" CONTENT="a)-momentista"/><SP WIDTH="15" VPOS="632" HPOS="304"/>
							<String ID="string_58" HPOS="319" VPOS="632" WIDTH="107" HEIGHT="21" WC="0.93" CONTENT="lausuivat"/><SP WIDTH="15" VPOS="632" HPOS="426"/>
							<String ID="string_59" HPOS="441" VPOS="631" WIDTH="156" HEIGHT="29" WC="0.96" CONTENT="mielipiteensä"/><SP WIDTH="15" VPOS="631" HPOS="597"/>
							<String ID="string_60" HPOS="612" VPOS="633" WIDTH="112" HEIGHT="20" WC="0.96" CONTENT="seuraavat"/><SP WIDTH="14" VPOS="633" HPOS="724"/>
							<String ID="string_61" HPOS="738" VPOS="632" WIDTH="98" HEIGHT="27" WC="0.96" CONTENT="puhujat:"/>
						</TextLine>
					</TextBlock>
				</ComposedBlock>
				<ComposedBlock ID="cblock_6" HPOS="68" VPOS="689" WIDTH="833" HEIGHT="858">
					<TextBlock ID="block_5" HPOS="68" VPOS="689" WIDTH="833" HEIGHT="858">
						<TextLine ID="line_11" HPOS="139" VPOS="689" WIDTH="760" HEIGHT="28">
							<String ID="string_62" HPOS="139" VPOS="689" WIDTH="215" HEIGHT="28" WC="0.64" CONTENT="Landtdagsmannen"/><SP WIDTH="15" VPOS="689" HPOS="354"/>
							<String ID="string_63" HPOS="369" VPOS="689" WIDTH="168" HEIGHT="22" WC="0.93" CONTENT="Costiander"/><SP WIDTH="15" VPOS="689" HPOS="537"/>
							<String ID="string_64" HPOS="552" VPOS="689" WIDTH="92" HEIGHT="28" WC="0.96" CONTENT="yttrade:"/><SP WIDTH="26" VPOS="689" HPOS="644"/>
							<String ID="string_65" HPOS="670" VPOS="689" WIDTH="86" HEIGHT="21" WC="0.96" CONTENT="Liksom"/><SP WIDTH="15" VPOS="689" HPOS="756"/>
							<String ID="string_66" HPOS="771" VPOS="689" WIDTH="37" HEIGHT="28" WC="0.96" CONTENT="jag"/><SP WIDTH="15" VPOS="689" HPOS="808"/>
							<String ID="string_67" HPOS="823" VPOS="689" WIDTH="22" HEIGHT="21" WC="0.97" CONTENT="af"/><SP WIDTH="14" VPOS="689" HPOS="845"/>
							<String ID="string_68" HPOS="859" VPOS="689" WIDTH="40" HEIGHT="20" WC="0.96" CONTENT="full"/>
						</TextLine>
						<TextLine ID="line_12" HPOS="71" VPOS="717" WIDTH="827" HEIGHT="29">
							<String ID="string_69" HPOS="71" VPOS="718" WIDTH="142" HEIGHT="28" WC="0.41" CONTENT="öfvertygelse"/><SP WIDTH="16" VPOS="718" HPOS="213"/>
							<String ID="string_70" HPOS="229" VPOS="718" WIDTH="99" HEIGHT="21" WC="0.96" CONTENT="förenade"/><SP WIDTH="16" VPOS="718" HPOS="328"/>
							<String ID="string_71" HPOS="344" VPOS="719" WIDTH="43" HEIGHT="27" WC="0.96" CONTENT="mig"/><SP WIDTH="16" VPOS="719" HPOS="387"/>
							<String ID="string_72" HPOS="403" VPOS="725" WIDTH="35" HEIGHT="14" WC="0.93" CONTENT="om"/><SP WIDTH="16" VPOS="725" HPOS="438"/>
							<String ID="string_73" HPOS="454" VPOS="718" WIDTH="171" HEIGHT="21" WC="0.91" CONTENT="Bondeständets"/><SP WIDTH="15" VPOS="718" HPOS="625"/>
							<String ID="string_74" HPOS="640" VPOS="718" WIDTH="98" HEIGHT="21" WC="0.93" CONTENT="enskilda"/><SP WIDTH="14" VPOS="718" HPOS="738"/>
							<String ID="string_75" HPOS="752" VPOS="718" WIDTH="95" HEIGHT="27" WC="0.93" CONTENT="petition,"/><SP WIDTH="14" VPOS="718" HPOS="847"/>
							<String ID="string_76" HPOS="861" VPOS="717" WIDTH="37" HEIGHT="22" WC="0.93" CONTENT="be-"/>
						</TextLine>
						<TextLine ID="line_13" HPOS="70" VPOS="746" WIDTH="827" HEIGHT="28">
							<String ID="string_77" HPOS="70" VPOS="747" WIDTH="104" HEIGHT="21" WC="0.96" CONTENT="träffande"/><SP WIDTH="22" VPOS="747" HPOS="174"/>
							<String ID="string_78" HPOS="196" VPOS="747" WIDTH="128" HEIGHT="21" WC="0.96" CONTENT="inrättandet"/><SP WIDTH="22" VPOS="747" HPOS="324"/>
							<String ID="string_79" HPOS="346" VPOS="747" WIDTH="21" HEIGHT="21" WC="0.96" CONTENT="af"/><SP WIDTH="22" VPOS="747" HPOS="367"/>
							<String ID="string_80" HPOS="389" VPOS="747" WIDTH="70" HEIGHT="21" WC="0.90" CONTENT="finska"/><SP WIDTH="23" VPOS="747" HPOS="459"/>
							<String ID="string_81" HPOS="482" VPOS="747" WIDTH="72" HEIGHT="21" WC="0.96" CONTENT="skolor"/><SP WIDTH="22" VPOS="747" HPOS="554"/>
							<String ID="string_82" HPOS="576" VPOS="747" WIDTH="33" HEIGHT="21" WC="0.96" CONTENT="för"/><SP WIDTH="15" VPOS="747" HPOS="609"/>
							<String ID="string_83" HPOS="624" VPOS="753" WIDTH="79" HEIGHT="21" WC="0.95" CONTENT="gossar,"/><SP WIDTH="15" VPOS="753" HPOS="703"/>
							<String ID="string_84" HPOS="718" VPOS="747" WIDTH="7" HEIGHT="20" WC="0.95" CONTENT="i"/><SP WIDTH="15" VPOS="747" HPOS="725"/>
							<String ID="string_85" HPOS="740" VPOS="746" WIDTH="93" HEIGHT="27" WC="0.96" CONTENT="enlighet"/><SP WIDTH="15" VPOS="746" HPOS="833"/>
							<String ID="string_86" HPOS="848" VPOS="746" WIDTH="49" HEIGHT="21" WC="0.96" CONTENT="med"/>
						</TextLine>
						<TextLine ID="line_14" HPOS="71" VPOS="775" WIDTH="827" HEIGHT="28">
							<String ID="string_87" HPOS="71" VPOS="775" WIDTH="124" HEIGHT="22" WC="0.91" CONTENT="ständernas"/><SP WIDTH="23" VPOS="775" HPOS="195"/>
							<String ID="string_88" HPOS="218" VPOS="775" WIDTH="68" HEIGHT="21" WC="0.92" CONTENT="under"/><SP WIDTH="22" VPOS="775" HPOS="286"/>
							<String ID="string_89" HPOS="308" VPOS="777" WIDTH="83" HEIGHT="20" WC="0.92" CONTENT="senaste"/><SP WIDTH="16" VPOS="777" HPOS="391"/>
							<String ID="string_90" HPOS="407" VPOS="775" WIDTH="104" HEIGHT="28" WC="0.92" CONTENT="landtdag"/><SP WIDTH="14" VPOS="775" HPOS="511"/>
							<String ID="string_91" HPOS="525" VPOS="775" WIDTH="80" HEIGHT="22" WC="0.96" CONTENT="fattade"/><SP WIDTH="16" VPOS="775" HPOS="605"/>
							<String ID="string_92" HPOS="621" VPOS="775" WIDTH="76" HEIGHT="26" WC="0.96" CONTENT="beslut,"/><SP WIDTH="15" VPOS="775" HPOS="697"/>
							<String ID="string_93" HPOS="712" VPOS="775" WIDTH="23" HEIGHT="21" WC="0.96" CONTENT="sä"/><SP WIDTH="15" VPOS="775" HPOS="735"/>
							<String ID="string_94" HPOS="750" VPOS="775" WIDTH="99" HEIGHT="21" WC="0.96" CONTENT="omfattar"/><SP WIDTH="13" VPOS="775" HPOS="849"/>
							<String ID="string_95" HPOS="862" VPOS="775" WIDTH="36" HEIGHT="27" WC="0.97" CONTENT="jag"/>
						</TextLine>
						<TextLine ID="line_15" HPOS="71" VPOS="803" WIDTH="827" HEIGHT="28">
							<String ID="string_96" HPOS="71" VPOS="804" WIDTH="63" HEIGHT="21" WC="0.92" CONTENT="äfven"/><SP WIDTH="23" VPOS="804" HPOS="134"/>
							<String ID="string_97" HPOS="157" VPOS="804" WIDTH="57" HEIGHT="21" WC="0.93" CONTENT="detta"/><SP WIDTH="18" VPOS="804" HPOS="214"/>
							<String ID="string_98" HPOS="232" VPOS="804" WIDTH="91" HEIGHT="21" WC="0.91" CONTENT="utskotts"/><SP WIDTH="21" VPOS="804" HPOS="323"/>
							<String ID="string_99" HPOS="344" VPOS="804" WIDTH="135" HEIGHT="21" WC="0.92" CONTENT="betänkande"/><SP WIDTH="20" VPOS="804" HPOS="479"/>
							<String ID="string_100" HPOS="499" VPOS="805" WIDTH="7" HEIGHT="20" WC="0.93" CONTENT="i"/><SP WIDTH="15" VPOS="805" HPOS="506"/>
							<String ID="string_101" HPOS="521" VPOS="804" WIDTH="127" HEIGHT="21" WC="0.92" CONTENT="hufvudsak."/><SP WIDTH="30" VPOS="804" HPOS="648"/>
							<String ID="string_102" HPOS="678" VPOS="803" WIDTH="42" HEIGHT="22" WC="0.93" CONTENT="För"/><SP WIDTH="15" VPOS="803" HPOS="720"/>
							<String ID="string_103" HPOS="735" VPOS="803" WIDTH="126" HEIGHT="28" WC="0.92" CONTENT="uppnäende"/><SP WIDTH="16" VPOS="803" HPOS="861"/>
							<String ID="string_104" HPOS="877" VPOS="804" WIDTH="21" HEIGHT="20" WC="0.96" CONTENT="af"/>
						</TextLine>
						<TextLine ID="line_16" HPOS="71" VPOS="832" WIDTH="828" HEIGHT="28">
							<String ID="string_105" HPOS="71" VPOS="833" WIDTH="36" HEIGHT="21" WC="0.93" CONTENT="det"/><SP WIDTH="15" VPOS="833" HPOS="107"/>
							<String ID="string_106" HPOS="122" VPOS="832" WIDTH="48" HEIGHT="26" WC="0.93" CONTENT="mäl,"/><SP WIDTH="16" VPOS="832" HPOS="170"/>
							<String ID="string_107" HPOS="186" VPOS="839" WIDTH="45" HEIGHT="14" WC="0.96" CONTENT="som"/><SP WIDTH="16" VPOS="839" HPOS="231"/>
							<String ID="string_108" HPOS="247" VPOS="833" WIDTH="32" HEIGHT="20" WC="0.96" CONTENT="för"/><SP WIDTH="15" VPOS="833" HPOS="279"/>
							<String ID="string_109" HPOS="294" VPOS="833" WIDTH="132" HEIGHT="21" WC="0.96" CONTENT="närvarande"/><SP WIDTH="16" VPOS="833" HPOS="426"/>
							<String ID="string_110" HPOS="442" VPOS="835" WIDTH="64" HEIGHT="25" WC="0.93" CONTENT="utgör"/><SP WIDTH="14" VPOS="835" HPOS="506"/>
							<String ID="string_111" HPOS="520" VPOS="833" WIDTH="89" HEIGHT="21" WC="0.92" CONTENT="föremäl"/><SP WIDTH="14" VPOS="833" HPOS="609"/>
							<String ID="string_112" HPOS="623" VPOS="833" WIDTH="34" HEIGHT="20" WC="0.96" CONTENT="för"/><SP WIDTH="15" VPOS="833" HPOS="657"/>
							<String ID="string_113" HPOS="672" VPOS="833" WIDTH="41" HEIGHT="20" WC="0.96" CONTENT="den"/><SP WIDTH="15" VPOS="833" HPOS="713"/>
							<String ID="string_114" HPOS="728" VPOS="832" WIDTH="69" HEIGHT="21" WC="0.93" CONTENT="finska"/><SP WIDTH="15" VPOS="832" HPOS="797"/>
							<String ID="string_115" HPOS="812" VPOS="832" WIDTH="87" HEIGHT="21" WC="0.92" CONTENT="talande"/>
						</TextLine>
						<TextLine ID="line_17" HPOS="71" VPOS="861" WIDTH="826" HEIGHT="28">
							<String ID="string_116" HPOS="71" VPOS="861" WIDTH="163" HEIGHT="28" WC="0.92" CONTENT="befolkningens"/><SP WIDTH="22" VPOS="861" HPOS="234"/>
							<String ID="string_117" HPOS="256" VPOS="861" WIDTH="97" HEIGHT="28" WC="0.90" CONTENT="lifligasto"/><SP WIDTH="22" VPOS="861" HPOS="353"/>
							<String ID="string_118" HPOS="375" VPOS="861" WIDTH="140" HEIGHT="28" WC="0.90" CONTENT="önskningar,"/><SP WIDTH="22" VPOS="861" HPOS="515"/>
							<String ID="string_119" HPOS="537" VPOS="861" WIDTH="69" HEIGHT="28" WC="0.93" CONTENT="gifves"/><SP WIDTH="20" VPOS="861" HPOS="606"/>
							<String ID="string_120" HPOS="626" VPOS="861" WIDTH="48" HEIGHT="22" WC="0.87" CONTENT="icke"/><SP WIDTH="15" VPOS="861" HPOS="674"/>
							<String ID="string_121" HPOS="689" VPOS="861" WIDTH="65" HEIGHT="27" WC="0.92" CONTENT="nägot"/><SP WIDTH="15" VPOS="861" HPOS="754"/>
							<String ID="string_122" HPOS="769" VPOS="861" WIDTH="128" HEIGHT="27" WC="0.93" CONTENT="naturligare"/>
						</TextLine>
						<TextLine ID="line_18" HPOS="71" VPOS="889" WIDTH="827" HEIGHT="28">
							<String ID="string_123" HPOS="71" VPOS="890" WIDTH="70" HEIGHT="21" WC="0.96" CONTENT="medel"/><SP WIDTH="22" VPOS="890" HPOS="141"/>
							<String ID="string_124" HPOS="163" VPOS="892" WIDTH="27" HEIGHT="19" WC="0.93" CONTENT="än"/><SP WIDTH="18" VPOS="892" HPOS="190"/>
							<String ID="string_125" HPOS="208" VPOS="890" WIDTH="128" HEIGHT="21" WC="0.91" CONTENT="inrättandet"/><SP WIDTH="18" VPOS="890" HPOS="336"/>
							<String ID="string_126" HPOS="354" VPOS="890" WIDTH="21" HEIGHT="21" WC="0.93" CONTENT="af"/><SP WIDTH="15" VPOS="890" HPOS="375"/>
							<String ID="string_127" HPOS="390" VPOS="890" WIDTH="78" HEIGHT="27" WC="0.91" CONTENT="skolor,"/><SP WIDTH="15" VPOS="890" HPOS="468"/>
							<String ID="string_128" HPOS="483" VPOS="890" WIDTH="8" HEIGHT="21" WC="0.93" CONTENT="i"/><SP WIDTH="16" VPOS="890" HPOS="491"/>
							<String ID="string_129" HPOS="507" VPOS="890" WIDTH="72" HEIGHT="21" WC="0.93" CONTENT="hvilka"/><SP WIDTH="15" VPOS="890" HPOS="579"/>
							<String ID="string_130" HPOS="594" VPOS="890" WIDTH="41" HEIGHT="21" WC="0.96" CONTENT="den"/><SP WIDTH="16" VPOS="890" HPOS="635"/>
							<String ID="string_131" HPOS="651" VPOS="889" WIDTH="68" HEIGHT="22" WC="0.93" CONTENT="finska"/><SP WIDTH="17" VPOS="889" HPOS="719"/>
							<String ID="string_132" HPOS="736" VPOS="889" WIDTH="101" HEIGHT="28" WC="0.92" CONTENT="gvinnan,"/><SP WIDTH="15" VPOS="889" HPOS="837"/>
							<String ID="string_133" HPOS="852" VPOS="896" WIDTH="46" HEIGHT="14" WC="0.92" CONTENT="mo-"/>
						</TextLine>
						<TextLine ID="line_19" HPOS="71" VPOS="917" WIDTH="827" HEIGHT="29">
							<String ID="string_134" HPOS="71" VPOS="919" WIDTH="52" HEIGHT="21" WC="0.90" CONTENT="dren"/><SP WIDTH="25" VPOS="919" HPOS="123"/>
							<String ID="string_135" HPOS="148" VPOS="918" WIDTH="31" HEIGHT="21" WC="0.95" CONTENT="till"/><SP WIDTH="19" VPOS="918" HPOS="179"/>
							<String ID="string_136" HPOS="198" VPOS="919" WIDTH="99" HEIGHT="21" WC="0.93" CONTENT="framtida"/><SP WIDTH="14" VPOS="919" HPOS="297"/>
							<String ID="string_137" HPOS="311" VPOS="919" WIDTH="149" HEIGHT="27" WC="0.96" CONTENT="generationer"/><SP WIDTH="15" VPOS="919" HPOS="460"/>
							<String ID="string_138" HPOS="475" VPOS="921" WIDTH="24" HEIGHT="18" WC="0.96" CONTENT="är"/><SP WIDTH="14" VPOS="921" HPOS="499"/>
							<String ID="string_139" HPOS="513" VPOS="919" WIDTH="7" HEIGHT="20" WC="0.92" CONTENT="i"/><SP WIDTH="16" VPOS="919" HPOS="520"/>
							<String ID="string_140" HPOS="536" VPOS="919" WIDTH="82" HEIGHT="21" WC="0.95" CONTENT="tillfälle"/><SP WIDTH="15" VPOS="919" HPOS="618"/>
							<String ID="string_141" HPOS="633" VPOS="921" WIDTH="31" HEIGHT="19" WC="0.96" CONTENT="att"/><SP WIDTH="14" VPOS="921" HPOS="664"/>
							<String ID="string_142" HPOS="678" VPOS="918" WIDTH="27" HEIGHT="28" WC="0.97" CONTENT="pä"/><SP WIDTH="15" VPOS="918" HPOS="705"/>
							<String ID="string_143" HPOS="720" VPOS="919" WIDTH="36" HEIGHT="20" WC="0.93" CONTENT="sitt"/><SP WIDTH="14" VPOS="919" HPOS="756"/>
							<String ID="string_144" HPOS="770" VPOS="917" WIDTH="128" HEIGHT="22" WC="0.96" CONTENT="modersmål"/>
						</TextLine>
						<TextLine ID="line_20" HPOS="70" VPOS="947" WIDTH="831" HEIGHT="28">
							<String ID="string_145" HPOS="70" VPOS="947" WIDTH="95" HEIGHT="21" WC="0.91" CONTENT="inhemta"/><SP WIDTH="22" VPOS="947" HPOS="165"/>
							<String ID="string_146" HPOS="187" VPOS="947" WIDTH="103" HEIGHT="28" WC="0.92" CONTENT="bildning."/><SP WIDTH="33" VPOS="947" HPOS="290"/>
							<String ID="string_147" HPOS="323" VPOS="947" WIDTH="41" HEIGHT="22" WC="0.95" CONTENT="För"/><SP WIDTH="23" VPOS="947" HPOS="364"/>
							<String ID="string_148" HPOS="387" VPOS="947" WIDTH="26" HEIGHT="22" WC="0.91" CONTENT="de"/><SP WIDTH="23" VPOS="947" HPOS="413"/>
							<String ID="string_149" HPOS="436" VPOS="947" WIDTH="85" HEIGHT="22" WC="0.91" CONTENT="liberalt"/><SP WIDTH="22" VPOS="947" HPOS="521"/>
							<String ID="string_150" HPOS="543" VPOS="947" WIDTH="95" HEIGHT="27" WC="0.91" CONTENT="sinnade,"/><SP WIDTH="23" VPOS="947" HPOS="638"/>
							<String ID="string_151" HPOS="661" VPOS="947" WIDTH="91" HEIGHT="21" WC="0.93" CONTENT="svenska"/><SP WIDTH="22" VPOS="947" HPOS="752"/>
							<String ID="string_152" HPOS="774" VPOS="947" WIDTH="85" HEIGHT="21" WC="0.91" CONTENT="talande"/><SP WIDTH="16" VPOS="947" HPOS="859"/>
							<String ID="string_153" HPOS="875" VPOS="948" WIDTH="26" HEIGHT="19" WC="0.96" CONTENT="är"/>
						</TextLine>
						<TextLine ID="line_21" HPOS="70" VPOS="975" WIDTH="830" HEIGHT="28">
							<String ID="string_154" HPOS="70" VPOS="976" WIDTH="112" HEIGHT="27" WC="0.91" CONTENT="ingenting"/><SP WIDTH="22" VPOS="976" HPOS="182"/>
							<String ID="string_155" HPOS="204" VPOS="976" WIDTH="67" HEIGHT="21" WC="0.92" CONTENT="heller"/><SP WIDTH="22" VPOS="976" HPOS="271"/>
							<String ID="string_156" HPOS="293" VPOS="976" WIDTH="128" HEIGHT="27" WC="0.91" CONTENT="naturligare"/><SP WIDTH="15" VPOS="976" HPOS="421"/>
							<String ID="string_157" HPOS="436" VPOS="978" WIDTH="28" HEIGHT="19" WC="0.96" CONTENT="än"/><SP WIDTH="16" VPOS="978" HPOS="464"/>
							<String ID="string_158" HPOS="480" VPOS="978" WIDTH="30" HEIGHT="19" WC="0.97" CONTENT="att"/><SP WIDTH="15" VPOS="978" HPOS="510"/>
							<String ID="string_159" HPOS="525" VPOS="976" WIDTH="90" HEIGHT="27" WC="0.96" CONTENT="erbjuda"/><SP WIDTH="14" VPOS="976" HPOS="615"/>
							<String ID="string_160" HPOS="629" VPOS="982" WIDTH="28" HEIGHT="15" WC="0.93" CONTENT="en"/><SP WIDTH="15" VPOS="982" HPOS="657"/>
							<String ID="string_161" HPOS="672" VPOS="976" WIDTH="26" HEIGHT="20" WC="0.93" CONTENT="fri"/><SP WIDTH="16" VPOS="976" HPOS="698"/>
							<String ID="string_162" HPOS="714" VPOS="975" WIDTH="64" HEIGHT="22" WC="0.92" CONTENT="täflan"/><SP WIDTH="15" VPOS="975" HPOS="778"/>
							<String ID="string_163" HPOS="793" VPOS="975" WIDTH="27" HEIGHT="28" WC="0.97" CONTENT="pä"/><SP WIDTH="15" VPOS="975" HPOS="820"/>
							<String ID="string_164" HPOS="835" VPOS="975" WIDTH="65" HEIGHT="26" WC="0.96" CONTENT="detta,"/>
						</TextLine>
						<TextLine ID="line_22" HPOS="71" VPOS="1003" WIDTH="828" HEIGHT="29">
							<String ID="string_165" HPOS="71" VPOS="1004" WIDTH="77" HEIGHT="21" WC="0.92" CONTENT="liksom"/><SP WIDTH="23" VPOS="1004" HPOS="148"/>
							<String ID="string_166" HPOS="171" VPOS="1004" WIDTH="41" HEIGHT="21" WC="0.93" CONTENT="alla"/><SP WIDTH="23" VPOS="1004" HPOS="212"/>
							<String ID="string_167" HPOS="235" VPOS="1005" WIDTH="67" HEIGHT="27" WC="0.92" CONTENT="öfriga"/><SP WIDTH="21" VPOS="1005" HPOS="302"/>
							<String ID="string_168" HPOS="323" VPOS="1005" WIDTH="109" HEIGHT="26" WC="0.92" CONTENT="omräden,"/><SP WIDTH="23" VPOS="1005" HPOS="432"/>
							<String ID="string_169" HPOS="455" VPOS="1005" WIDTH="39" HEIGHT="20" WC="0.96" CONTENT="der"/><SP WIDTH="23" VPOS="1005" HPOS="494"/>
							<String ID="string_170" HPOS="517" VPOS="1005" WIDTH="35" HEIGHT="20" WC="0.96" CONTENT="det"/><SP WIDTH="15" VPOS="1005" HPOS="552"/>
							<String ID="string_171" HPOS="567" VPOS="1007" WIDTH="23" HEIGHT="18" WC="0.93" CONTENT="är"/><SP WIDTH="11" VPOS="1007" HPOS="590"/>
							<String ID="string_172" HPOS="601" VPOS="1005" WIDTH="60" HEIGHT="27" WC="0.93" CONTENT="fräga"/><SP WIDTH="15" VPOS="1005" HPOS="661"/>
							<String ID="string_173" HPOS="676" VPOS="1011" WIDTH="36" HEIGHT="14" WC="0.96" CONTENT="om"/><SP WIDTH="16" VPOS="1011" HPOS="712"/>
							<String ID="string_174" HPOS="728" VPOS="1004" WIDTH="77" HEIGHT="21" WC="0.96" CONTENT="Finska"/><SP WIDTH="14" VPOS="1004" HPOS="805"/>
							<String ID="string_175" HPOS="819" VPOS="1003" WIDTH="80" HEIGHT="22" WC="0.96" CONTENT="folkets"/>
						</TextLine>
						<TextLine ID="line_23" HPOS="70" VPOS="1033" WIDTH="829" HEIGHT="27">
							<String ID="string_176" HPOS="70" VPOS="1033" WIDTH="190" HEIGHT="21" WC="0.92" CONTENT="framätskridande"/><SP WIDTH="17" VPOS="1033" HPOS="260"/>
							<String ID="string_177" HPOS="277" VPOS="1034" WIDTH="7" HEIGHT="19" WC="0.93" CONTENT="i"/><SP WIDTH="15" VPOS="1034" HPOS="284"/>
							<String ID="string_178" HPOS="299" VPOS="1033" WIDTH="132" HEIGHT="21" WC="0.90" CONTENT="civilisation."/><SP WIDTH="32" VPOS="1033" HPOS="431"/>
							<String ID="string_179" HPOS="463" VPOS="1033" WIDTH="119" HEIGHT="22" WC="0.92" CONTENT="Utskottets"/><SP WIDTH="23" VPOS="1033" HPOS="582"/>
							<String ID="string_180" HPOS="605" VPOS="1033" WIDTH="133" HEIGHT="21" WC="0.92" CONTENT="betänkande"/><SP WIDTH="20" VPOS="1033" HPOS="738"/>
							<String ID="string_181" HPOS="758" VPOS="1033" WIDTH="141" HEIGHT="27" WC="0.92" CONTENT="ädagalägger"/>
						</TextLine>
						<TextLine ID="line_24" HPOS="70" VPOS="1061" WIDTH="828" HEIGHT="28">
							<String ID="string_182" HPOS="70" VPOS="1061" WIDTH="83" HEIGHT="28" WC="0.93" CONTENT="tydligt,"/><SP WIDTH="22" VPOS="1061" HPOS="153"/>
							<String ID="string_183" HPOS="175" VPOS="1061" WIDTH="55" HEIGHT="22" WC="0.91" CONTENT="hvad"/><SP WIDTH="17" VPOS="1061" HPOS="230"/>
							<String ID="string_184" HPOS="247" VPOS="1068" WIDTH="45" HEIGHT="15" WC="0.93" CONTENT="som"/><SP WIDTH="15" VPOS="1068" HPOS="292"/>
							<String ID="string_185" HPOS="307" VPOS="1062" WIDTH="110" HEIGHT="27" WC="0.91" CONTENT="härvidlag"/><SP WIDTH="14" VPOS="1062" HPOS="417"/>
							<String ID="string_186" HPOS="431" VPOS="1062" WIDTH="65" HEIGHT="27" WC="0.96" CONTENT="länge"/><SP WIDTH="16" VPOS="1062" HPOS="496"/>
							<String ID="string_187" HPOS="512" VPOS="1063" WIDTH="54" HEIGHT="20" WC="0.93" CONTENT="varit"/><SP WIDTH="14" VPOS="1063" HPOS="566"/>
							<String ID="string_188" HPOS="580" VPOS="1061" WIDTH="146" HEIGHT="26" WC="0.91" CONTENT="försummadt,"/><SP WIDTH="16" VPOS="1061" HPOS="726"/>
							<String ID="string_189" HPOS="742" VPOS="1061" WIDTH="39" HEIGHT="21" WC="0.97" CONTENT="och"/><SP WIDTH="15" VPOS="1061" HPOS="781"/>
							<String ID="string_190" HPOS="796" VPOS="1061" WIDTH="36" HEIGHT="28" WC="0.93" CONTENT="jag"/><SP WIDTH="15" VPOS="1061" HPOS="832"/>
							<String ID="string_191" HPOS="847" VPOS="1061" WIDTH="51" HEIGHT="27" WC="0.93" CONTENT="god-"/>
						</TextLine>
						<TextLine ID="line_25" HPOS="70" VPOS="1089" WIDTH="828" HEIGHT="27">
							<String ID="string_192" HPOS="70" VPOS="1090" WIDTH="83" HEIGHT="21" WC="0.89" CONTENT="känner"/><SP WIDTH="21" VPOS="1090" HPOS="153"/>
							<String ID="string_193" HPOS="174" VPOS="1090" WIDTH="83" HEIGHT="21" WC="0.89" CONTENT="derföre"/><SP WIDTH="15" VPOS="1090" HPOS="257"/>
							<String ID="string_194" HPOS="272" VPOS="1091" WIDTH="7" HEIGHT="20" WC="0.96" CONTENT="i"/><SP WIDTH="16" VPOS="1091" HPOS="279"/>
							<String ID="string_195" HPOS="295" VPOS="1091" WIDTH="40" HEIGHT="20" WC="0.96" CONTENT="alla"/><SP WIDTH="22" VPOS="1091" HPOS="335"/>
							<String ID="string_196" HPOS="357" VPOS="1091" WIDTH="59" HEIGHT="20" WC="0.93" CONTENT="delar"/><SP WIDTH="23" VPOS="1091" HPOS="416"/>
							<String ID="string_197" HPOS="439" VPOS="1091" WIDTH="151" HEIGHT="25" WC="0.92" CONTENT="betänkandet,"/><SP WIDTH="21" VPOS="1091" HPOS="590"/>
							<String ID="string_198" HPOS="611" VPOS="1097" WIDTH="51" HEIGHT="14" WC="0.96" CONTENT="men"/><SP WIDTH="22" VPOS="1097" HPOS="662"/>
							<String ID="string_199" HPOS="684" VPOS="1089" WIDTH="129" HEIGHT="22" WC="0.93" CONTENT="beträffande"/><SP WIDTH="20" VPOS="1089" HPOS="813"/>
							<String ID="string_200" HPOS="833" VPOS="1089" WIDTH="65" HEIGHT="21" WC="0.96" CONTENT="första"/>
						</TextLine>
						<TextLine ID="line_26" HPOS="70" VPOS="1117" WIDTH="828" HEIGHT="29">
							<String ID="string_201" HPOS="70" VPOS="1120" WIDTH="117" HEIGHT="19" WC="0.92" CONTENT="momentet"/><SP WIDTH="23" VPOS="1120" HPOS="187"/>
							<String ID="string_202" HPOS="210" VPOS="1119" WIDTH="38" HEIGHT="21" WC="0.96" CONTENT="ber"/><SP WIDTH="21" VPOS="1119" HPOS="248"/>
							<String ID="string_203" HPOS="269" VPOS="1119" WIDTH="35" HEIGHT="27" WC="0.96" CONTENT="jag"/><SP WIDTH="22" VPOS="1119" HPOS="304"/>
							<String ID="string_204" HPOS="326" VPOS="1121" WIDTH="30" HEIGHT="19" WC="0.93" CONTENT="att"/><SP WIDTH="22" VPOS="1121" HPOS="356"/>
							<String ID="string_205" HPOS="378" VPOS="1119" WIDTH="20" HEIGHT="21" WC="0.92" CONTENT="fä"/><SP WIDTH="26" VPOS="1119" HPOS="398"/>
							<String ID="string_206" HPOS="424" VPOS="1121" WIDTH="57" HEIGHT="25" WC="0.92" CONTENT="yttra"/><SP WIDTH="15" VPOS="1121" HPOS="481"/>
							<String ID="string_207" HPOS="496" VPOS="1119" WIDTH="45" HEIGHT="21" WC="0.96" CONTENT="min"/><SP WIDTH="16" VPOS="1119" HPOS="541"/>
							<String ID="string_208" HPOS="557" VPOS="1119" WIDTH="67" HEIGHT="21" WC="0.93" CONTENT="delvis"/><SP WIDTH="16" VPOS="1119" HPOS="624"/>
							<String ID="string_209" HPOS="640" VPOS="1119" WIDTH="113" HEIGHT="21" WC="0.92" CONTENT="afvikande"/><SP WIDTH="16" VPOS="1119" HPOS="753"/>
							<String ID="string_210" HPOS="769" VPOS="1118" WIDTH="58" HEIGHT="27" WC="0.92" CONTENT="äsigt."/><SP WIDTH="29" VPOS="1118" HPOS="827"/>
							<String ID="string_211" HPOS="856" VPOS="1117" WIDTH="42" HEIGHT="28" WC="0.96" CONTENT="Jag"/>
						</TextLine>
						<TextLine ID="line_27" HPOS="69" VPOS="1146" WIDTH="829" HEIGHT="29">
							<String ID="string_212" HPOS="69" VPOS="1147" WIDTH="65" HEIGHT="27" WC="0.92" CONTENT="hyser"/><SP WIDTH="15" VPOS="1147" HPOS="134"/>
							<String ID="string_213" HPOS="149" VPOS="1149" WIDTH="57" HEIGHT="19" WC="0.93" CONTENT="stora"/><SP WIDTH="15" VPOS="1149" HPOS="206"/>
							<String ID="string_214" HPOS="221" VPOS="1147" WIDTH="168" HEIGHT="28" WC="0.92" CONTENT="betänkligheter"/><SP WIDTH="14" VPOS="1147" HPOS="389"/>
							<String ID="string_215" HPOS="403" VPOS="1148" WIDTH="37" HEIGHT="21" WC="0.97" CONTENT="vid"/><SP WIDTH="15" VPOS="1148" HPOS="440"/>
							<String ID="string_216" HPOS="455" VPOS="1149" WIDTH="31" HEIGHT="20" WC="0.93" CONTENT="att"/><SP WIDTH="15" VPOS="1149" HPOS="486"/>
							<String ID="string_217" HPOS="501" VPOS="1148" WIDTH="84" HEIGHT="21" WC="0.91" CONTENT="hämma"/><SP WIDTH="16" VPOS="1148" HPOS="585"/>
							<String ID="string_218" HPOS="601" VPOS="1147" WIDTH="105" HEIGHT="28" WC="0.91" CONTENT="gvinnans"/><SP WIDTH="10" VPOS="1147" HPOS="706"/>
							<String ID="string_219" HPOS="716" VPOS="1147" WIDTH="80" HEIGHT="26" WC="0.92" CONTENT="fysiska"/><SP WIDTH="15" VPOS="1147" HPOS="796"/>
							<String ID="string_220" HPOS="811" VPOS="1146" WIDTH="87" HEIGHT="21" WC="0.92" CONTENT="utveck-"/>
						</TextLine>
						<TextLine ID="line_28" HPOS="69" VPOS="1175" WIDTH="832" HEIGHT="29">
							<String ID="string_221" HPOS="69" VPOS="1175" WIDTH="46" HEIGHT="28" WC="0.93" CONTENT="ling"/><SP WIDTH="14" VPOS="1175" HPOS="115"/>
							<String ID="string_222" HPOS="129" VPOS="1182" WIDTH="78" HEIGHT="20" WC="0.96" CONTENT="genom"/><SP WIDTH="16" VPOS="1182" HPOS="207"/>
							<String ID="string_223" HPOS="223" VPOS="1178" WIDTH="30" HEIGHT="19" WC="0.93" CONTENT="att"/><SP WIDTH="15" VPOS="1178" HPOS="253"/>
							<String ID="string_224" HPOS="268" VPOS="1177" WIDTH="174" HEIGHT="27" WC="0.92" CONTENT="öfveranstränga"/><SP WIDTH="14" VPOS="1177" HPOS="442"/>
							<String ID="string_225" HPOS="456" VPOS="1177" WIDTH="71" HEIGHT="20" WC="0.93" CONTENT="henne"/><SP WIDTH="15" VPOS="1177" HPOS="527"/>
							<String ID="string_226" HPOS="542" VPOS="1177" WIDTH="8" HEIGHT="20" WC="0.95" CONTENT="i"/><SP WIDTH="15" VPOS="1177" HPOS="550"/>
							<String ID="string_227" HPOS="565" VPOS="1176" WIDTH="80" HEIGHT="21" WC="0.92" CONTENT="skolan."/><SP WIDTH="29" VPOS="1176" HPOS="645"/>
							<String ID="string_228" HPOS="674" VPOS="1175" WIDTH="90" HEIGHT="22" WC="0.92" CONTENT="Derföre"/><SP WIDTH="15" VPOS="1175" HPOS="764"/>
							<String ID="string_229" HPOS="779" VPOS="1175" WIDTH="68" HEIGHT="21" WC="0.96" CONTENT="skulle"/><SP WIDTH="16" VPOS="1175" HPOS="847"/>
							<String ID="string_230" HPOS="863" VPOS="1175" WIDTH="38" HEIGHT="27" WC="0.96" CONTENT="jag"/>
						</TextLine>
						<TextLine ID="line_29" HPOS="70" VPOS="1203" WIDTH="829" HEIGHT="23">
							<String ID="string_231" HPOS="70" VPOS="1204" WIDTH="67" HEIGHT="21" WC="0.96" CONTENT="önska"/><SP WIDTH="22" VPOS="1204" HPOS="137"/>
							<String ID="string_232" HPOS="159" VPOS="1206" WIDTH="30" HEIGHT="19" WC="0.93" CONTENT="att"/><SP WIDTH="22" VPOS="1206" HPOS="189"/>
							<String ID="string_233" HPOS="211" VPOS="1204" WIDTH="102" HEIGHT="22" WC="0.96" CONTENT="kurserna"/><SP WIDTH="22" VPOS="1204" HPOS="313"/>
							<String ID="string_234" HPOS="335" VPOS="1205" WIDTH="8" HEIGHT="21" WC="0.93" CONTENT="i"/><SP WIDTH="20" VPOS="1205" HPOS="343"/>
							<String ID="string_235" HPOS="363" VPOS="1205" WIDTH="248" HEIGHT="21" WC="0.91" CONTENT="fruntimmersskolorna"/><SP WIDTH="22" VPOS="1205" HPOS="611"/>
							<String ID="string_236" HPOS="633" VPOS="1205" WIDTH="134" HEIGHT="20" WC="0.96" CONTENT="inskränktes"/><SP WIDTH="22" VPOS="1205" HPOS="767"/>
							<String ID="string_237" HPOS="789" VPOS="1203" WIDTH="32" HEIGHT="22" WC="0.96" CONTENT="till"/><SP WIDTH="20" VPOS="1203" HPOS="821"/>
							<String ID="string_238" HPOS="841" VPOS="1204" WIDTH="58" HEIGHT="20" WC="0.79" CONTENT="4-5"/>
						</TextLine>
						<TextLine ID="line_30" HPOS="69" VPOS="1232" WIDTH="829" HEIGHT="29">
							<String ID="string_239" HPOS="69" VPOS="1233" WIDTH="86" HEIGHT="20" WC="0.91" CONTENT="klasser."/><SP WIDTH="31" VPOS="1233" HPOS="155"/>
							<String ID="string_240" HPOS="186" VPOS="1232" WIDTH="50" HEIGHT="22" WC="0.96" CONTENT="Man"/><SP WIDTH="22" VPOS="1232" HPOS="236"/>
							<String ID="string_241" HPOS="258" VPOS="1235" WIDTH="61" HEIGHT="26" WC="0.93" CONTENT="säger"/><SP WIDTH="22" VPOS="1235" HPOS="319"/>
							<String ID="string_242" HPOS="341" VPOS="1234" WIDTH="132" HEIGHT="27" WC="0.91" CONTENT="visserligen,"/><SP WIDTH="25" VPOS="1234" HPOS="473"/>
							<String ID="string_243" HPOS="498" VPOS="1236" WIDTH="30" HEIGHT="19" WC="0.96" CONTENT="att"/><SP WIDTH="21" VPOS="1236" HPOS="528"/>
							<String ID="string_244" HPOS="549" VPOS="1234" WIDTH="8" HEIGHT="20" WC="0.93" CONTENT="i"/><SP WIDTH="19" VPOS="1234" HPOS="557"/>
							<String ID="string_245" HPOS="576" VPOS="1233" WIDTH="126" HEIGHT="28" WC="0.92" CONTENT="fyrklassiga"/><SP WIDTH="15" VPOS="1233" HPOS="702"/>
							<String ID="string_246" HPOS="717" VPOS="1233" WIDTH="97" HEIGHT="21" WC="0.93" CONTENT="läroverk"/><SP WIDTH="15" VPOS="1233" HPOS="814"/>
							<String ID="string_247" HPOS="829" VPOS="1232" WIDTH="69" HEIGHT="21" WC="0.92" CONTENT="öfver-"/>
						</TextLine>
						<TextLine ID="line_31" HPOS="70" VPOS="1261" WIDTH="828" HEIGHT="29">
							<String ID="string_248" HPOS="70" VPOS="1261" WIDTH="181" HEIGHT="28" WC="0.92" CONTENT="ansträngningen"/><SP WIDTH="15" VPOS="1261" HPOS="251"/>
							<String ID="string_249" HPOS="266" VPOS="1262" WIDTH="42" HEIGHT="21" WC="0.93" CONTENT="kan"/><SP WIDTH="15" VPOS="1262" HPOS="308"/>
							<String ID="string_250" HPOS="323" VPOS="1262" WIDTH="66" HEIGHT="21" WC="0.96" CONTENT="blifva"/><SP WIDTH="16" VPOS="1262" HPOS="389"/>
							<String ID="string_251" HPOS="405" VPOS="1265" WIDTH="59" HEIGHT="18" WC="0.93" CONTENT="ännu"/><SP WIDTH="16" VPOS="1265" HPOS="464"/>
							<String ID="string_252" HPOS="480" VPOS="1262" WIDTH="108" HEIGHT="28" WC="0.93" CONTENT="vädligare"/><SP WIDTH="15" VPOS="1262" HPOS="588"/>
							<String ID="string_253" HPOS="603" VPOS="1264" WIDTH="27" HEIGHT="19" WC="0.96" CONTENT="än"/><SP WIDTH="10" VPOS="1264" HPOS="630"/>
							<String ID="string_254" HPOS="640" VPOS="1263" WIDTH="8" HEIGHT="20" WC="0.93" CONTENT="i"/><SP WIDTH="10" VPOS="1263" HPOS="648"/>
							<String ID="string_255" HPOS="658" VPOS="1262" WIDTH="133" HEIGHT="27" WC="0.92" CONTENT="sjuklassiga,"/><SP WIDTH="16" VPOS="1262" HPOS="791"/>
							<String ID="string_256" HPOS="807" VPOS="1261" WIDTH="91" HEIGHT="21" WC="0.96" CONTENT="emedan"/>
						</TextLine>
						<TextLine ID="line_32" HPOS="70" VPOS="1289" WIDTH="828" HEIGHT="29">
							<String ID="string_257" HPOS="70" VPOS="1290" WIDTH="35" HEIGHT="21" WC="0.89" CONTENT="det"/><SP WIDTH="22" VPOS="1290" HPOS="105"/>
							<String ID="string_258" HPOS="127" VPOS="1290" WIDTH="167" HEIGHT="28" WC="0.89" CONTENT="kunskapsmätt,"/><SP WIDTH="22" VPOS="1290" HPOS="294"/>
							<String ID="string_259" HPOS="316" VPOS="1297" WIDTH="46" HEIGHT="15" WC="0.97" CONTENT="som"/><SP WIDTH="17" VPOS="1297" HPOS="362"/>
							<String ID="string_260" HPOS="379" VPOS="1291" WIDTH="38" HEIGHT="21" WC="0.93" CONTENT="bör"/><SP WIDTH="15" VPOS="1291" HPOS="417"/>
							<String ID="string_261" HPOS="432" VPOS="1291" WIDTH="113" HEIGHT="26" WC="0.92" CONTENT="inhemtas,"/><SP WIDTH="16" VPOS="1291" HPOS="545"/>
							<String ID="string_262" HPOS="561" VPOS="1293" WIDTH="23" HEIGHT="18" WC="0.93" CONTENT="är"/><SP WIDTH="15" VPOS="1293" HPOS="584"/>
							<String ID="string_263" HPOS="599" VPOS="1291" WIDTH="63" HEIGHT="20" WC="0.92" CONTENT="altför"/><SP WIDTH="14" VPOS="1291" HPOS="662"/>
							<String ID="string_264" HPOS="676" VPOS="1293" WIDTH="53" HEIGHT="18" WC="0.96" CONTENT="stort"/><SP WIDTH="14" VPOS="1293" HPOS="729"/>
							<String ID="string_265" HPOS="743" VPOS="1291" WIDTH="7" HEIGHT="20" WC="0.93" CONTENT="i"/><SP WIDTH="16" VPOS="1291" HPOS="750"/>
							<String ID="string_266" HPOS="766" VPOS="1289" WIDTH="132" HEIGHT="22" WC="0.91" CONTENT="förhällande"/>
						</TextLine>
						<TextLine ID="line_33" HPOS="69" VPOS="1318" WIDTH="832" HEIGHT="29">
							<String ID="string_267" HPOS="69" VPOS="1319" WIDTH="33" HEIGHT="20" WC="0.93" CONTENT="till"/><SP WIDTH="21" VPOS="1319" HPOS="102"/>
							<String ID="string_268" HPOS="123" VPOS="1319" WIDTH="120" HEIGHT="21" WC="0.93" CONTENT="klassernas"/><SP WIDTH="15" VPOS="1319" HPOS="243"/>
							<String ID="string_269" HPOS="258" VPOS="1319" WIDTH="63" HEIGHT="28" WC="0.96" CONTENT="antal,"/><SP WIDTH="15" VPOS="1319" HPOS="321"/>
							<String ID="string_270" HPOS="336" VPOS="1326" WIDTH="50" HEIGHT="15" WC="0.93" CONTENT="men"/><SP WIDTH="16" VPOS="1326" HPOS="386"/>
							<String ID="string_271" HPOS="402" VPOS="1320" WIDTH="112" HEIGHT="27" WC="0.92" CONTENT="härvidlag"/><SP WIDTH="15" VPOS="1320" HPOS="514"/>
							<String ID="string_272" HPOS="529" VPOS="1326" WIDTH="50" HEIGHT="15" WC="0.92" CONTENT="vore"/><SP WIDTH="15" VPOS="1326" HPOS="579"/>
							<String ID="string_273" HPOS="594" VPOS="1319" WIDTH="44" HEIGHT="28" WC="0.97" CONTENT="just"/><SP WIDTH="14" VPOS="1319" HPOS="638"/>
							<String ID="string_274" HPOS="652" VPOS="1325" WIDTH="26" HEIGHT="15" WC="0.93" CONTENT="en"/><SP WIDTH="16" VPOS="1325" HPOS="678"/>
							<String ID="string_275" HPOS="694" VPOS="1318" WIDTH="167" HEIGHT="28" WC="0.93" CONTENT="reorganisation"/><SP WIDTH="16" VPOS="1318" HPOS="861"/>
							<String ID="string_276" HPOS="877" VPOS="1318" WIDTH="24" HEIGHT="21" WC="0.96" CONTENT="af"/>
						</TextLine>
						<TextLine ID="line_34" HPOS="69" VPOS="1346" WIDTH="829" HEIGHT="30">
							<String ID="string_277" HPOS="69" VPOS="1347" WIDTH="246" HEIGHT="22" WC="0.92" CONTENT="fruntimmersskolorna"/><SP WIDTH="22" VPOS="1347" HPOS="315"/>
							<String ID="string_278" HPOS="337" VPOS="1348" WIDTH="8" HEIGHT="20" WC="0.93" CONTENT="i"/><SP WIDTH="22" VPOS="1348" HPOS="345"/>
							<String ID="string_279" HPOS="367" VPOS="1348" WIDTH="42" HEIGHT="28" WC="0.92" CONTENT="hög"/><SP WIDTH="23" VPOS="1348" HPOS="409"/>
							<String ID="string_280" HPOS="432" VPOS="1348" WIDTH="53" HEIGHT="28" WC="0.96" CONTENT="grad"/><SP WIDTH="22" VPOS="1348" HPOS="485"/>
							<String ID="string_281" HPOS="507" VPOS="1348" WIDTH="21" HEIGHT="21" WC="0.93" CONTENT="af"/><SP WIDTH="16" VPOS="1348" HPOS="528"/>
							<String ID="string_282" HPOS="544" VPOS="1348" WIDTH="100" HEIGHT="20" WC="0.91" CONTENT="behofvet"/><SP WIDTH="14" VPOS="1348" HPOS="644"/>
							<String ID="string_283" HPOS="658" VPOS="1347" WIDTH="104" HEIGHT="28" WC="0.90" CONTENT="päkallad."/><SP WIDTH="29" VPOS="1347" HPOS="762"/>
							<String ID="string_284" HPOS="791" VPOS="1346" WIDTH="42" HEIGHT="28" WC="0.96" CONTENT="Jag"/><SP WIDTH="16" VPOS="1346" HPOS="833"/>
							<String ID="string_285" HPOS="849" VPOS="1346" WIDTH="49" HEIGHT="22" WC="0.96" CONTENT="ville"/>
						</TextLine>
						<TextLine ID="line_35" HPOS="70" VPOS="1375" WIDTH="830" HEIGHT="30">
							<String ID="string_286" HPOS="70" VPOS="1375" WIDTH="54" HEIGHT="22" WC="0.93" CONTENT="dock"/><SP WIDTH="15" VPOS="1375" HPOS="124"/>
							<String ID="string_287" HPOS="139" VPOS="1376" WIDTH="47" HEIGHT="21" WC="0.91" CONTENT="icke"/><SP WIDTH="15" VPOS="1376" HPOS="186"/>
							<String ID="string_288" HPOS="201" VPOS="1376" WIDTH="7" HEIGHT="21" WC="0.93" CONTENT="i"/><SP WIDTH="15" VPOS="1376" HPOS="208"/>
							<String ID="string_289" HPOS="223" VPOS="1376" WIDTH="88" HEIGHT="21" WC="0.92" CONTENT="främsta"/><SP WIDTH="14" VPOS="1376" HPOS="311"/>
							<String ID="string_290" HPOS="325" VPOS="1378" WIDTH="93" HEIGHT="20" WC="0.92" CONTENT="rummet"/><SP WIDTH="15" VPOS="1378" HPOS="418"/>
							<String ID="string_291" HPOS="433" VPOS="1376" WIDTH="55" HEIGHT="27" WC="0.92" CONTENT="yrka"/><SP WIDTH="16" VPOS="1376" HPOS="488"/>
							<String ID="string_292" HPOS="504" VPOS="1376" WIDTH="27" HEIGHT="29" WC="0.93" CONTENT="pä"/><SP WIDTH="16" VPOS="1376" HPOS="531"/>
							<String ID="string_293" HPOS="547" VPOS="1376" WIDTH="127" HEIGHT="28" WC="0.88" CONTENT="vidtagande"/><SP WIDTH="13" VPOS="1376" HPOS="674"/>
							<String ID="string_294" HPOS="687" VPOS="1376" WIDTH="22" HEIGHT="21" WC="0.96" CONTENT="af"/><SP WIDTH="14" VPOS="1376" HPOS="709"/>
							<String ID="string_295" HPOS="723" VPOS="1382" WIDTH="27" HEIGHT="15" WC="0.93" CONTENT="en"/><SP WIDTH="11" VPOS="1382" HPOS="750"/>
							<String ID="string_296" HPOS="761" VPOS="1376" WIDTH="40" HEIGHT="21" WC="0.93" CONTENT="slik"/><SP WIDTH="12" VPOS="1376" HPOS="801"/>
							<String ID="string_297" HPOS="813" VPOS="1375" WIDTH="87" HEIGHT="25" WC="0.96" CONTENT="reform,"/>
						</TextLine>
						<TextLine ID="line_36" HPOS="70" VPOS="1404" WIDTH="829" HEIGHT="29">
							<String ID="string_298" HPOS="70" VPOS="1404" WIDTH="89" HEIGHT="21" WC="0.92" CONTENT="emedan"/><SP WIDTH="17" VPOS="1404" HPOS="159"/>
							<String ID="string_299" HPOS="176" VPOS="1405" WIDTH="149" HEIGHT="21" WC="0.92" CONTENT="hufvudsaken"/><SP WIDTH="16" VPOS="1405" HPOS="325"/>
							<String ID="string_300" HPOS="341" VPOS="1407" WIDTH="24" HEIGHT="19" WC="0.95" CONTENT="är"/><SP WIDTH="14" VPOS="1407" HPOS="365"/>
							<String ID="string_301" HPOS="379" VPOS="1407" WIDTH="31" HEIGHT="20" WC="0.96" CONTENT="att"/><SP WIDTH="15" VPOS="1407" HPOS="410"/>
							<String ID="string_302" HPOS="425" VPOS="1405" WIDTH="32" HEIGHT="22" WC="0.96" CONTENT="till"/><SP WIDTH="16" VPOS="1405" HPOS="457"/>
							<String ID="string_303" HPOS="473" VPOS="1412" WIDTH="27" HEIGHT="15" WC="0.96" CONTENT="en"/><SP WIDTH="17" VPOS="1412" HPOS="500"/>
							<String ID="string_304" HPOS="517" VPOS="1405" WIDTH="74" HEIGHT="28" WC="0.93" CONTENT="början"/><SP WIDTH="16" VPOS="1405" HPOS="591"/>
							<String ID="string_305" HPOS="607" VPOS="1405" WIDTH="21" HEIGHT="21" WC="0.92" CONTENT="fä"/><SP WIDTH="16" VPOS="1405" HPOS="628"/>
							<String ID="string_306" HPOS="644" VPOS="1405" WIDTH="72" HEIGHT="21" WC="0.92" CONTENT="skolor"/><SP WIDTH="14" VPOS="1405" HPOS="716"/>
							<String ID="string_307" HPOS="730" VPOS="1404" WIDTH="109" HEIGHT="21" WC="0.91" CONTENT="inrättade."/><SP WIDTH="30" VPOS="1404" HPOS="839"/>
							<String ID="string_308" HPOS="869" VPOS="1404" WIDTH="30" HEIGHT="21" WC="0.96" CONTENT="Af"/>
						</TextLine>
						<TextLine ID="line_37" HPOS="69" VPOS="1433" WIDTH="829" HEIGHT="29">
							<String ID="string_309" HPOS="69" VPOS="1433" WIDTH="26" HEIGHT="21" WC="0.93" CONTENT="de"/><SP WIDTH="16" VPOS="1433" HPOS="95"/>
							<String ID="string_310" HPOS="111" VPOS="1433" WIDTH="36" HEIGHT="21" WC="0.92" CONTENT="tvä"/><SP WIDTH="15" VPOS="1433" HPOS="147"/>
							<String ID="string_311" HPOS="162" VPOS="1433" WIDTH="126" HEIGHT="28" WC="0.93" CONTENT="sjuklassiga"/><SP WIDTH="16" VPOS="1433" HPOS="288"/>
							<String ID="string_312" HPOS="304" VPOS="1434" WIDTH="104" HEIGHT="28" WC="0.92" CONTENT="skolorna,"/><SP WIDTH="16" VPOS="1434" HPOS="408"/>
							<String ID="string_313" HPOS="424" VPOS="1434" WIDTH="73" HEIGHT="21" WC="0.93" CONTENT="hvilka"/><SP WIDTH="16" VPOS="1434" HPOS="497"/>
							<String ID="string_314" HPOS="513" VPOS="1434" WIDTH="7" HEIGHT="21" WC="0.96" CONTENT="i"/><SP WIDTH="15" VPOS="1434" HPOS="520"/>
							<String ID="string_315" HPOS="535" VPOS="1434" WIDTH="65" HEIGHT="21" WC="0.93" CONTENT="första"/><SP WIDTH="15" VPOS="1434" HPOS="600"/>
							<String ID="string_316" HPOS="615" VPOS="1436" WIDTH="117" HEIGHT="19" WC="0.92" CONTENT="momentet"/><SP WIDTH="15" VPOS="1436" HPOS="732"/>
							<String ID="string_317" HPOS="747" VPOS="1433" WIDTH="94" HEIGHT="25" WC="0.93" CONTENT="föresläs,"/><SP WIDTH="15" VPOS="1433" HPOS="841"/>
							<String ID="string_318" HPOS="856" VPOS="1433" WIDTH="42" HEIGHT="20" WC="0.96" CONTENT="kan"/>
						</TextLine>
						<TextLine ID="line_38" HPOS="68" VPOS="1461" WIDTH="831" HEIGHT="28">
							<String ID="string_319" HPOS="68" VPOS="1462" WIDTH="36" HEIGHT="27" WC="0.93" CONTENT="jag"/><SP WIDTH="21" VPOS="1462" HPOS="104"/>
							<String ID="string_320" HPOS="125" VPOS="1461" WIDTH="106" HEIGHT="27" WC="0.91" CONTENT="tillstyrka"/><SP WIDTH="23" VPOS="1461" HPOS="231"/>
							<String ID="string_321" HPOS="254" VPOS="1463" WIDTH="128" HEIGHT="21" WC="0.92" CONTENT="inrättandet"/><SP WIDTH="21" VPOS="1463" HPOS="382"/>
							<String ID="string_322" HPOS="403" VPOS="1463" WIDTH="22" HEIGHT="20" WC="0.96" CONTENT="af"/><SP WIDTH="15" VPOS="1463" HPOS="425"/>
							<String ID="string_323" HPOS="440" VPOS="1463" WIDTH="77" HEIGHT="21" WC="0.96" CONTENT="endast"/><SP WIDTH="14" VPOS="1463" HPOS="517"/>
							<String ID="string_324" HPOS="531" VPOS="1463" WIDTH="42" HEIGHT="21" WC="0.96" CONTENT="den"/><SP WIDTH="16" VPOS="1463" HPOS="573"/>
							<String ID="string_325" HPOS="589" VPOS="1469" WIDTH="45" HEIGHT="19" WC="0.93" CONTENT="ena,"/><SP WIDTH="16" VPOS="1469" HPOS="634"/>
							<String ID="string_326" HPOS="650" VPOS="1463" WIDTH="110" HEIGHT="20" WC="0.92" CONTENT="hvaremot"/><SP WIDTH="16" VPOS="1463" HPOS="760"/>
							<String ID="string_327" HPOS="776" VPOS="1462" WIDTH="41" HEIGHT="21" WC="0.96" CONTENT="den"/><SP WIDTH="16" VPOS="1462" HPOS="817"/>
							<String ID="string_328" HPOS="833" VPOS="1461" WIDTH="66" HEIGHT="20" WC="0.96" CONTENT="andra"/>
						</TextLine>
						<TextLine ID="line_39" HPOS="69" VPOS="1489" WIDTH="831" HEIGHT="30">
							<String ID="string_329" HPOS="69" VPOS="1490" WIDTH="66" HEIGHT="21" WC="0.93" CONTENT="borde"/><SP WIDTH="16" VPOS="1490" HPOS="135"/>
							<String ID="string_330" HPOS="151" VPOS="1490" WIDTH="66" HEIGHT="21" WC="0.93" CONTENT="blifva"/><SP WIDTH="15" VPOS="1490" HPOS="217"/>
							<String ID="string_331" HPOS="232" VPOS="1491" WIDTH="58" HEIGHT="26" WC="0.93" CONTENT="fyra-"/><SP WIDTH="15" VPOS="1491" HPOS="290"/>
							<String ID="string_332" HPOS="305" VPOS="1491" WIDTH="52" HEIGHT="21" WC="0.93" CONTENT="eller"/><SP WIDTH="14" VPOS="1491" HPOS="357"/>
							<String ID="string_333" HPOS="371" VPOS="1491" WIDTH="132" HEIGHT="28" WC="0.93" CONTENT="femklassig."/><SP WIDTH="15" VPOS="1491" HPOS="503"/>
							<String ID="string_334" HPOS="518" VPOS="1491" WIDTH="33" HEIGHT="21" WC="0.93" CONTENT="De"/><SP WIDTH="16" VPOS="1491" HPOS="551"/>
							<String ID="string_335" HPOS="567" VPOS="1491" WIDTH="127" HEIGHT="27" WC="0.93" CONTENT="sjuklassiga"/><SP WIDTH="14" VPOS="1491" HPOS="694"/>
							<String ID="string_336" HPOS="708" VPOS="1491" WIDTH="111" HEIGHT="21" WC="0.93" CONTENT="skolornas"/><SP WIDTH="15" VPOS="1491" HPOS="819"/>
							<String ID="string_337" HPOS="834" VPOS="1489" WIDTH="66" HEIGHT="22" WC="0.92" CONTENT="ända-"/>
						</TextLine>
						<TextLine ID="line_40" HPOS="69" VPOS="1518" WIDTH="830" HEIGHT="29">
							<String ID="string_338" HPOS="69" VPOS="1518" WIDTH="45" HEIGHT="21" WC="0.95" CONTENT="mål"/><SP WIDTH="15" VPOS="1518" HPOS="114"/>
							<String ID="string_339" HPOS="129" VPOS="1521" WIDTH="24" HEIGHT="19" WC="0.96" CONTENT="är"/><SP WIDTH="15" VPOS="1521" HPOS="153"/>
							<String ID="string_340" HPOS="168" VPOS="1519" WIDTH="108" HEIGHT="28" WC="0.93" CONTENT="nämligen"/><SP WIDTH="16" VPOS="1519" HPOS="276"/>
							<String ID="string_341" HPOS="292" VPOS="1519" WIDTH="53" HEIGHT="22" WC="0.96" CONTENT="blott"/><SP WIDTH="15" VPOS="1519" HPOS="345"/>
							<String ID="string_342" HPOS="360" VPOS="1521" WIDTH="31" HEIGHT="20" WC="0.93" CONTENT="att"/><SP WIDTH="15" VPOS="1521" HPOS="391"/>
							<String ID="string_343" HPOS="406" VPOS="1520" WIDTH="80" HEIGHT="21" WC="0.96" CONTENT="bereda"/><SP WIDTH="15" VPOS="1520" HPOS="486"/>
							<String ID="string_344" HPOS="501" VPOS="1519" WIDTH="83" HEIGHT="22" WC="0.95" CONTENT="tillfälle"/><SP WIDTH="15" VPOS="1519" HPOS="584"/>
							<String ID="string_345" HPOS="599" VPOS="1520" WIDTH="32" HEIGHT="21" WC="0.93" CONTENT="till"/><SP WIDTH="16" VPOS="1520" HPOS="631"/>
							<String ID="string_346" HPOS="647" VPOS="1519" WIDTH="122" HEIGHT="22" WC="0.96" CONTENT="erhållande"/><SP WIDTH="16" VPOS="1519" HPOS="769"/>
							<String ID="string_347" HPOS="785" VPOS="1519" WIDTH="21" HEIGHT="20" WC="0.93" CONTENT="af"/><SP WIDTH="15" VPOS="1519" HPOS="806"/>
							<String ID="string_348" HPOS="821" VPOS="1518" WIDTH="78" HEIGHT="21" WC="0.91" CONTENT="under-"/>
						</TextLine>
					</TextBlock>
				</ComposedBlock>
				<GraphicalElement ID="cblock_7" HPOS="1090" VPOS="740" WIDTH="2" HEIGHT="431"></GraphicalElement >
				<GraphicalElement ID="cblock_8" HPOS="1086" VPOS="1338" WIDTH="5" HEIGHT="437"></GraphicalElement >
			</PrintSpace>
		</Page>
	</Layout>
</alto>
