1095 1786
246 135 214 22 Talonpoikaissääty
472 136 59 17 1882.
556 136 21 17 11
589 140 20 16 p.
622 135 98 17 Maalisk.
863 129 41 21 385

75 206 124 25 pyytäneet;
223 205 43 20 niin
290 205 80 26 puhuja
393 205 40 20 sitä
448 206 96 25 syytöstä
560 203 130 22 mielemmin
707 203 74 21 kärsisi
797 203 51 21 kuin
863 205 42 20 että

75 233 115 21 lakisääntö
207 235 98 26 vapaasta
321 233 84 21 korosta
421 233 73 21 meillä
509 233 58 21 tulisi
583 233 103 20 voimaan.

144 290 114 20 Edusmies
283 289 80 21 Kalli
388 290 62 26 yhtyi
475 290 161 20 tuomiorovasti
661 289 113 21 Renvallin
800 289 105 21 vastalau-

74 324 81 16 seesen.

144 375 214 27 Landtdagsmannen
382 374 184 22 Costiander:
590 374 86 21 Liksom
699 374 126 28 regeringen
840 374 7 20 i
863 374 41 21 den

75 404 78 27 nådiga
173 404 156 27 propositionen
353 404 38 20 och
413 403 148 27 Lagutskottet
584 404 7 20 i
614 403 48 21 dess
686 403 131 21 betänkande
840 403 39 21 och
898 403 5 20 i

75 433 42 21 alla
132 433 160 25 reservationer,
310 432 49 21 med
372 432 111 28 undantag
499 432 21 21 af
535 438 33 21 en,
585 432 98 20 omfattar
698 432 61 20 äfven
775 432 35 27 jag
826 432 7 20 i
849 432 56 27 prin-

77 462 33 26 cip
125 463 86 19 räntans
226 461 133 27 frigifvande.
389 460 71 22 Bland
476 461 42 20 alla
533 461 26 20 de
575 460 51 26 skäl,
642 467 44 14 som
700 460 80 21 anförts
791 461 39 20 och
840 462 66 24 ytter-

76 490 66 26 ligare
165 490 71 20 kunna
258 490 83 20 anföras
357 489 31 21 till
404 490 83 20 förmän
507 490 33 20 för
555 489 70 21 denna
640 489 88 27 princip,
744 489 90 21 förutom
851 489 54 20 före-

76 519 73 21 dömet
170 518 46 21 frän
240 518 65 21 andra
325 518 81 27 länder,
430 518 64 21 fäster
514 518 35 27 jag
568 518 43 26 mig
626 518 178 27 hufvudsakligen
820 518 35 20 vid
871 517 35 21 tvä

78 548 33 20 1:o
134 549 30 19 att
179 547 41 21 den
236 547 34 27 lag
285 554 47 21 ang.
348 548 86 20 räntans
450 547 149 27 begränsning,
615 552 45 15 som
676 546 58 21 leder
749 547 36 20 sitt
800 552 106 22 ursprung

77 576 32 21 till
125 576 41 21 300
182 576 23 20 är
219 576 92 26 tillbaka,
327 575 26 21 dä
369 575 269 27 penningeförhällandena
655 581 49 14 voro
718 575 43 21 helt
772 575 134 21 annorlunda

77 606 27 19 än
128 604 32 21 för
182 604 36 21 det
240 604 137 27 närvarande,
401 610 90 14 numera
513 604 48 20 icke
583 603 67 21 heller
672 604 7 20 i
699 603 89 21 Finland
805 604 54 20 visat
874 603 32 27 sig

78 633 73 21 kunna
172 633 108 21 förhindra
302 634 86 19 räntans
411 633 96 27 stegring
529 632 84 21 utöfver
631 632 109 21 faststälda
755 632 60 27 högst
831 632 12 20 6
859 638 47 21 pro-

77 664 54 18 cent.
162 661 73 21 Säsom
258 662 38 20 här
317 661 66 21 redan
403 661 70 21 blifvit
488 661 76 26 antydt
584 661 64 20 hafva
664 660 107 26 nemligen
786 660 121 28 privatban-

78 690 65 21 kerna
166 692 63 25 öppet
252 690 99 20 bedrifvit
366 690 99 27 utlåning
480 692 45 18 mot
539 690 65 26 högre
619 691 67 25 ränta,
701 696 76 20 genom
793 691 30 19 att
838 689 69 21 under

78 726 65 14 namn
166 719 22 20 af
210 718 111 28 provision,
344 718 94 21 inträdes
462 718 61 27 afgift
548 718 52 21 eller
615 724 70 14 annan
702 718 40 20 slik
758 718 44 20 titel
820 718 86 26 tillägga

78 748 71 26 nägon
171 750 87 24 procent
281 747 83 21 utöfver
379 747 89 21 maximi
484 749 81 19 räntan.
594 746 103 21 Enskilda
712 746 117 28 längifvare
843 746 64 21 hafva

79 776 6 20 i
101 776 115 26 hemlighet
231 776 84 27 tvungit
329 776 125 26 läntagaren
471 778 35 23 att,
522 776 84 20 utöfver
616 775 40 21 den
670 775 5 21 i
685 781 99 15 reversen
793 775 114 21 förskrifna

79 806 81 24 räntan,
176 804 49 27 ingä
240 804 27 28 pä
282 804 63 28 nägot
360 804 75 27 afdrag
450 804 12 21 ä
478 804 106 27 kapitalet,
595 804 80 20 hvilket
686 804 88 26 betyder
784 804 123 25 detsamma,

79 840 45 14 som
149 833 84 27 förhöjd
256 835 65 19 ränta.
351 832 45 22 Och
421 833 66 21 hellre
510 835 26 18 än
560 834 31 19 att
614 832 105 21 bibehålla
741 834 29 19 ett
792 832 115 21 föräldradt

79 862 157 26 lagstadgande,
259 868 45 14 som
327 862 44 20 helt
393 862 72 20 säkert
487 862 7 20 i
517 861 28 21 all
567 861 84 21 framtid
674 861 83 21 komme
773 863 30 18 att
817 860 90 21 sälunda

80 890 104 27 kringgäs,
209 890 49 21 ville
276 890 35 27 jag
327 893 76 24 antaga
420 890 41 21 den
477 896 29 14 nu
523 890 21 20 af
559 889 60 21 Hans
634 889 119 27 Kejserliga
768 889 98 27 Majestät
881 889 26 27 pä

79 919 124 20 ständernas
220 919 119 26 upprepade
356 918 100 27 begäran,
471 918 120 27 föreslagna
606 918 35 26 lag
656 917 31 21 till
698 917 83 21 förmån
795 918 33 20 för
838 919 69 19 ränte-

80 947 84 21 aftalets
186 947 68 20 frihet.
284 947 42 21 Det
347 947 67 20 andra
437 947 74 26 skälet,
529 953 46 14 som
589 947 35 26 jag
639 946 32 21 till
686 946 46 21 stöd
748 947 32 20 för
795 946 43 20 min
854 946 54 27 äsigt

81 975 49 22 ville
152 976 118 25 framhälla,
286 978 23 18 är
330 975 172 21 önskvärdheten
525 975 38 21 och
587 975 185 27 nödvändigheten
794 975 22 20 af
830 976 35 24 att,
881 974 27 21 dä

80 1004 177 27 privatbankerna
272 1003 73 22 kunna
361 1011 88 20 operera
465 1004 27 27 pä
507 1005 41 20 sätt
563 1010 44 14 som
625 1010 51 20 nyss
690 1003 68 26 sades,
771 1003 64 21 borde
845 1003 62 21 äfven

80 1033 22 20 ät
124 1032 102 21 Finlands
247 1033 61 20 Bank
331 1033 82 20 lemnas
432 1033 40 20 fria
487 1033 81 20 händer
588 1034 30 19 att
632 1032 54 21 efter
702 1031 206 28 omständigheterna

80 1061 49 27 höja
151 1063 85 24 räntan;
260 1061 47 21 icke
329 1061 23 21 sä
375 1061 87 27 mycket
485 1061 32 21 för
533 1061 136 27 möjligheten
686 1061 21 20 af
722 1063 30 18 att
767 1061 48 20 med
831 1061 77 26 privat-

81 1089 107 22 bankerna
212 1089 59 22 bestä
294 1090 134 21 konkurrens
451 1096 48 15 som
521 1090 46 20 icke
591 1090 87 20 fastmer
698 1089 5 20 i
720 1089 54 27 följd
790 1089 21 21 af
823 1095 26 15 en
866 1089 43 20 viss

81 1125 70 14 annan
175 1119 87 26 uppgift,
279 1119 85 21 hvilken
387 1119 68 27 enligt
478 1119 44 20 min
545 1118 64 21 tanke
626 1117 139 28 ovilkorligen
781 1117 128 22 tillkommer

81 1147 101 21 Finlands
199 1147 62 26 bank,
277 1147 105 27 nemligen
399 1147 48 25 den,
464 1149 30 19 att
509 1147 26 27 pä
551 1153 80 14 samma
648 1146 56 27 gäng
720 1153 48 14 vara
779 1148 30 19 ett
819 1146 47 21 stöd
877 1146 32 21 för

81 1175 140 21 nästnämnde
244 1175 80 21 banker
346 1176 39 20 och
408 1175 69 21 tillika
504 1177 75 25 utgöra
599 1175 23 20 sä
638 1177 30 18 att
684 1177 50 25 säga
749 1181 25 14 en
791 1175 119 20 barometer

81 1204 33 20 för
136 1204 116 20 tillständet
274 1207 36 18 ute
332 1204 7 20 i
362 1204 159 21 affärsverlden.
553 1204 27 20 Vi
602 1203 64 21 hafva
685 1203 87 27 nyligen
787 1202 123 28 genomgätt

81 1239 28 14 en
124 1232 111 23 affärskris,
257 1233 62 20 hvars
342 1232 130 28 värkningar
495 1232 90 21 sträckte
605 1232 32 27 sig
660 1232 48 21 vida
731 1232 59 21 öfver
810 1232 48 21 hela
874 1231 37 21 vär

82 1261 105 21 verldsdel
203 1262 38 20 och
257 1261 88 22 berörde
361 1261 63 22 äfven
440 1261 47 21 vårt
502 1261 57 21 land.
591 1261 74 21 Under
675 1261 78 20 sådana
764 1260 146 21 förhållanden

81 1291 24 20 är
127 1289 35 22 det
184 1289 152 22 Statsbankens
357 1290 44 26 sak,
424 1292 31 19 att
475 1290 8 20 i
499 1290 29 21 tid
545 1289 74 21 varsko
636 1289 142 21 allmänheten
794 1289 38 20 och
849 1289 61 26 stäfja

81 1319 222 27 spekulationslusten,
318 1319 81 20 hvilket
421 1319 124 27 lämpligast
562 1319 49 20 sker
626 1324 77 21 genom
718 1320 30 19 att
764 1318 48 27 höja
827 1319 82 19 räntan.

81 1347 11 20 I
108 1347 56 21 detta
180 1347 100 21 afseende
295 1347 93 21 saknade
405 1347 120 21 emellertid
541 1347 101 20 Finlands
658 1347 55 20 bank
725 1353 29 14 nu
765 1347 71 20 senast
846 1346 65 27 nödig

81 1376 68 21 frihet.
179 1375 89 22 Banken
291 1376 62 27 höjde
376 1376 42 21 alla
440 1376 47 21 sina
503 1377 72 20 räntor
589 1375 32 21 till
636 1375 12 20 6
664 1377 93 25 procent,
774 1381 48 14 men
839 1374 72 21 kunde

82 1405 19 26 ej
117 1404 27 27 gä
158 1404 127 21 derutöfver.

150 1433 63 20 Hvad
239 1433 45 21 åter
306 1433 64 27 angår
392 1433 27 21 de
442 1433 139 27 olägenheter
603 1433 37 20 och
665 1432 71 27 vädor,
758 1439 45 14 som
819 1432 92 21 befarats

82 1461 76 28 uppstä
180 1468 76 20 genom
280 1463 85 20 räntans
388 1461 131 28 frigifvande
540 1462 33 21 för
595 1461 96 22 enskilda
706 1461 114 27 läntagare,
835 1461 23 20 sä
873 1462 38 19 äro

82 1490 61 20 dessa
165 1496 59 15 mera
244 1490 101 21 inbillade
368 1492 26 18 än
416 1490 8 20 i
448 1490 146 27 verkligheten
615 1490 91 27 möjliga.
736 1489 41 27 Jag
789 1489 59 21 delar
863 1488 49 21 der-

83 1518 89 21 utinnan
184 1518 40 22 den
237 1519 21 21 af
268 1519 207 27 landtdagsmannen
487 1518 88 22 Sandell
584 1518 93 22 uttalade
686 1518 87 27 äsigten,
781 1520 30 19 att
819 1517 95 21 konkur-

820 1557 23 17 25
