1095 1786
242 139 216 21 Talonpoikaissääty
469 139 59 18 1882.
553 139 25 17 18
590 144 20 15 p.
623 139 90 17 Huhtik.
853 135 41 21 639

67 207 51 22 vida
141 207 69 22 oftare
232 209 28 20 än
281 207 28 28 pä
323 207 164 28 landsbyggden
503 207 99 22 sterbhus
618 207 49 22 med
680 207 24 22 sä
718 208 128 22 invecklade
861 209 33 21 af-

67 235 201 27 färsförhällanden,
292 238 31 19 att
345 235 34 22 för
401 235 74 22 dessas
498 235 119 22 utredande
632 236 108 21 erfordras
756 237 137 28 kompetenta

68 265 41 22 och
131 264 48 22 med
202 264 78 21 affärer
301 264 50 21 fullt
370 264 111 28 förtrogna
512 272 92 14 personer.
634 265 71 21 Häraf
719 265 94 28 framgär
827 265 67 22 äfven

67 293 62 26 klart,
143 293 100 21 hvarföre
258 300 48 14 man
321 293 133 21 fortfarande
469 273 58 41 velat
542 293 108 21 bibehålla
665 293 125 28 ifrågasatta
801 294 92 21 bestäm-

67 322 52 28 ning
140 322 52 21 eller
213 324 32 18 att
267 321 99 21 sterbhus
389 322 7 20 i
411 321 48 21 stad
476 321 58 26 böra,
549 322 34 20 för
599 322 158 21 verkställande
772 322 23 21 af
811 322 82 29 boupp-

67 350 127 22 teckningar
208 349 41 22 och
264 350 115 21 arfskiften
395 350 66 21 anlita
477 351 231 27 magistratspersoner.
730 350 85 22 Hittills
828 351 66 21 hafva

68 378 27 22 de
111 378 93 28 afgifter,
219 378 73 21 hvilka
308 378 48 21 från
373 378 125 22 sterbhusen
510 378 119 29 uppburits,
640 380 54 20 varit
706 380 115 27 onaturligt
831 380 63 28 höga,

67 408 32 28 ity
114 410 32 18 att
160 414 48 14 man
225 406 103 22 beräknat
343 410 186 25 procentsatserna
544 407 48 21 icke
609 408 54 20 blott
674 408 54 21 efter
739 408 61 21 boets
813 408 80 22 behåll-

68 437 58 27 ning,
141 438 50 18 utan
206 435 66 21 äfven
288 435 53 21 efter
357 436 49 20 dess
422 436 56 27 gäld.
509 436 70 21 Dessa
593 436 89 28 afgifter
698 436 34 22 stå
746 436 48 22 icke
809 436 84 22 heller
882 431 15 37 i

68 464 67 28 något
154 464 133 21 förhållande
309 464 32 21 till
357 464 37 21 det
409 464 80 28 arbete,
505 472 46 14 som
564 464 13 22 å
593 464 77 29 sjelfva
686 464 140 29 utredningen
842 465 52 21 ned-

67 493 80 28 lägges.
176 492 66 22 Såväl
257 493 31 21 uti
303 492 78 28 nådiga
393 494 168 27 propositionen,
574 500 46 14 som
631 494 115 20 utskottets
758 493 136 22 betänkande

67 522 40 21 har
121 529 47 13 man
185 521 49 21 sökt
248 522 71 28 jemna
333 521 59 21 detta
407 521 135 21 förhållande
553 529 77 20 genom
642 525 31 18 att
684 522 121 28 undantaga
816 522 79 28 gälden

67 550 49 21 från
139 549 68 29 ifråga
222 550 94 21 varande
336 550 65 28 afgift
415 550 41 21 och
471 550 125 27 bestämma,
611 553 31 18 att
657 554 116 25 procenten
789 551 39 22 bör
842 551 52 28 utgå

67 579 56 21 blott
145 579 33 21 för
202 579 60 21 boets
277 586 52 14 rena
344 579 129 27 behållning.
503 579 42 27 Jag
559 579 127 28 godkänner
701 579 85 22 derföre
802 580 92 21 bestäm-

67 608 86 27 ningen,
182 610 32 18 att
244 608 253 27 magistratspersonerna
520 608 43 21 tills
587 607 73 22 vidare
682 607 118 22 bibehållas
823 608 71 22 såsom

67 636 132 28 sjelfskrifna
222 636 191 27 förrättningsmän
432 636 36 21 vid
485 636 201 28 bouppteckningar
700 636 41 22 och
757 636 114 22 arfskiften
887 638 8 20 i

67 664 46 22 stad
137 664 40 22 och
199 672 68 19 anser,
283 667 32 18 att
329 664 42 21 den
387 664 72 28 afgift,
474 672 45 14 som
535 664 127 22 sterbhusen
679 665 36 21 vid
731 665 63 22 dessa
809 666 85 21 komma

67 696 32 18 att
119 693 92 28 erlägga,
233 693 48 21 icke
302 693 77 21 blifver
395 693 144 21 öfverdrifvet
553 693 49 29 hög,
617 701 33 13 om
667 694 49 21 herr
730 694 114 22 Forsmans
857 694 38 22 be-

67 721 118 21 tänkandet
208 721 102 28 bifogade
331 722 133 21 reservation
487 722 133 28 godkännes.
650 722 38 22 Uti
708 725 32 19 ett
755 722 33 28 bo,
804 722 38 22 der
857 723 37 21 be-

67 750 122 28 hållningen
213 752 23 19 är
256 752 15 19 t.
292 758 32 13 ex.
348 751 90 26 100,000
460 751 35 21 mk
511 752 62 26 utgör
589 750 119 22 ännämnde
724 751 65 28 afgift
803 751 92 22 sålunda

67 778 56 22 blott
146 780 40 20 500
202 778 49 27 mk.,
264 778 34 22 för
313 781 31 19 ett
358 779 28 21 bo
402 778 49 22 med
468 780 61 26 1,000
544 779 47 21 mks
608 779 123 28 behållning
746 781 12 20 5
771 780 35 21 mk
817 787 18 14 o.
847 788 16 13 s.
875 788 19 13 v.

42 813 1 3 *
66 807 12 21 I
101 807 75 28 många
198 807 39 21 fall
260 807 69 21 skulle
347 807 134 27 sterbhusen,
497 808 46 21 ifall
558 808 27 21 de
601 808 54 21 egde
671 811 32 18 att
717 808 48 21 fritt
779 809 56 28 välja
849 808 46 22 för-

66 836 161 28 rättningsman,
247 836 81 28 nödgas
344 836 86 28 erlägga
445 839 15 18 t.
475 844 20 14 o.
509 844 27 14 m.
552 836 50 22 vida
613 816 70 48 högre
699 838 123 27 ersättning.
851 837 44 28 Jag

66 864 125 28 godkänner
206 864 84 22 således
306 866 6 19 i
325 865 41 21 allo
381 864 50 22 herr
445 865 116 21 Forsmans
577 866 138 21 reservation.

135 921 114 22 Edusmies
272 921 137 22 Heikura
423 921 61 29 yhtyi
500 924 59 27 myös
575 922 73 21 kaikin
663 923 73 28 puolin
751 923 62 21 herra
827 923 66 21 Fors-

67 951 72 20 manin
155 950 178 21 vastalauseesen.

134 1007 115 22 Edusmies
270 1007 211 28 Hegerström:
503 1008 62 21 Minä
585 1008 115 29 puolustan
723 1009 72 21 kaikin
818 1009 73 28 puolin

67 1035 105 22 edusmies
196 1036 114 21 Avellanin
331 1036 142 28 mielipidettä
493 1037 59 20 niillä
583 1037 142 26 perustuksilla,
739 1038 52 27 joita
806 1037 41 21 hän
863 1045 28 14 on

66 1065 132 20 esiintuonut
212 1065 21 28 ja
248 1065 84 27 vieläpä
347 1065 87 21 siitäkin
450 1065 200 28 periaatteellisesta
665 1067 78 27 syystä,
758 1067 44 20 että
816 1066 75 21 kalun-

65 1093 97 28 kirjoitus
177 1093 21 28 ja
211 1093 249 28 perintöjako-prosentti
477 1094 124 24 oikeastaan
615 1101 27 14 on
656 1101 69 14 ennen
740 1095 76 20 aikaan
828 1095 65 21 tullut

65 1122 229 28 maistraatinjäsenille
310 1122 122 28 palkkioksi
448 1123 55 27 siitä,
519 1124 44 19 että
573 1122 26 21 he
611 1123 97 28 myöskin
720 1126 50 18 ovat
781 1123 110 22 hoitaneet

65 1150 126 21 alaikäisten
214 1151 133 20 omaisuutta.
377 1151 73 21 Mutta
473 1151 44 21 kun
533 1151 145 28 kaupungissa
693 1152 96 21 niinkuin
804 1152 86 21 maalla-

65 1179 37 20 kin
118 1179 116 20 sittemmin
250 1186 27 13 on
293 1180 30 20 eri
338 1179 215 27 holhojalautakunta
567 1183 99 24 asetettu,
680 1180 65 28 jonka
760 1181 57 20 tulee
833 1181 58 27 pitää

64 1206 73 22 huolta
153 1207 124 21 alaikäisten
294 1207 138 21 omaisuuden
448 1208 102 22 hoidosta
564 1208 20 29 ja
595 1208 51 29 jolle
661 1208 97 29 myöskin
775 1208 56 22 tulee
842 1216 47 21 pro-

64 1237 66 20 sentti
145 1236 47 21 tilin
207 1235 144 27 tutkimisista,
366 1237 44 20 niin
426 1239 87 19 sanottu
528 1244 65 14 veron
610 1238 58 20 esine
684 1244 27 14 on
722 1237 109 28 hävinnyt,
841 1237 50 21 eikä

63 1265 38 20 siis
117 1264 34 21 ole
166 1265 78 20 mitään
260 1266 63 27 syytä
337 1272 39 14 sen
392 1265 171 28 pidättämiseen.
593 1265 134 22 Valiokunta
742 1266 96 21 esittelee
851 1266 38 28 ky-

63 1293 137 28 symyksessä
221 1293 75 21 olevaa
319 1295 118 26 prosenttia
452 1294 109 27 jonakuna
576 1297 79 18 uutena
671 1302 79 14 verona
765 1295 124 28 kaupungin

63 1321 78 22 kassan
167 1321 97 28 hyväksi.
296 1321 61 23 Vaan
384 1322 165 22 minkäänlaista
571 1323 108 21 todellista
702 1326 121 25 perustusta
844 1323 45 22 tahi

63 1350 174 28 periaatteellista
252 1352 61 27 syytä
328 1351 64 20 tähän
409 1351 245 22 veroitusehdotukseen
670 1359 27 14 en
712 1352 34 21 ole
761 1353 76 20 voinut
851 1359 38 14 va-

62 1379 118 21 liokunnan
195 1379 138 21 mietinnössä
348 1379 76 28 löytää.
450 1379 203 30 Kuolintapauksen
667 1381 73 20 kautta
751 1381 19 20 ei
781 1381 107 20 omaisuus

62 1407 96 28 lisäänny
173 1407 133 28 ylenevässä,
322 1407 48 22 eikä
385 1408 127 21 alenevassa
527 1409 105 28 polvessa,
647 1410 49 27 päin
706 1410 83 20 vastoin
797 1409 32 28 jos
841 1417 48 20 per-

61 1435 56 22 heen
140 1437 31 20 isä
192 1436 110 28 jälkeensä
323 1437 66 27 jättää
405 1436 112 22 alaikäisiä
533 1437 74 28 lapsia,
622 1445 27 13 on
664 1437 70 22 hänen
750 1437 139 22 kuolemansa

62 1464 74 21 kautta
159 1465 48 20 aina
230 1466 110 19 enemmän
358 1466 103 27 tappiota,
485 1466 50 21 kuin
554 1469 49 18 etua
619 1467 65 27 pesän
700 1466 187 21 omaisuusoloihin

62 1494 99 26 syntyvä,
175 1492 65 28 jonka
256 1493 75 21 vuoksi
347 1494 20 27 ja
383 1494 69 20 koska
468 1494 139 28 kuolinpesää
623 1495 19 20 ei
658 1495 34 21 voi
706 1495 56 27 pitää
775 1494 113 21 minäkään

62 1521 137 21 veroituksen
223 1522 105 26 esineenä,
349 1522 145 22 valiokunnan
513 1523 65 28 esitys
594 1522 65 22 onkin
674 1523 127 21 rakennettu
816 1522 71 29 horju-
