1095 1786
176 125 28 20 68
363 125 212 20 Talonpoikaissääty
587 125 59 18 1882.
670 126 13 17 2
695 131 21 15 p.
729 125 94 18 Helmik.

246 193 216 28 Landtdagsmannen
479 193 141 22 Svedberg
656 194 50 21 ville
717 195 63 20 hafva
790 194 103 26 anmärkt,
904 195 36 20 det
950 193 58 22 stän-

176 222 37 21 det
235 222 68 27 enligt
326 223 4 20 2
347 229 62 14 mom.
426 223 11 26 &
452 223 28 20 20
495 222 23 21 L.
534 222 23 21 O.
574 223 54 27 egde
644 224 30 19 att
690 224 116 20 bestämma
822 223 99 27 beloppet
935 223 22 21 af
972 222 36 21 det

176 251 120 25 underhäll,
311 257 47 14 som
373 251 118 21 tillkomme
507 251 170 27 landtdagsman,
692 251 54 22 blott
760 251 7 21 i
783 251 26 21 de
825 254 78 19 tvenne
918 251 44 27 fall,
978 253 30 20 att

176 279 166 27 landtdagsman
358 279 113 21 framställt
487 279 76 27 klagan
580 286 50 14 vare
644 280 33 26 sig
693 280 59 20 öfver
767 282 30 18 att
812 280 79 20 honom
907 280 100 21 tilldelats

176 308 72 20 alltför
270 308 43 27 lägt
333 308 79 20 arvode
428 307 53 21 eller
495 311 31 17 att
540 307 66 28 nägot
622 308 78 21 arvode
715 308 33 21 för
762 308 79 21 honom
857 308 88 21 alldeles
960 308 46 21 icke

177 336 70 21 blifvit
268 336 22 21 af
313 336 129 21 valmännen
464 336 111 21 bestämdt.
605 336 89 22 Talaren
716 336 92 26 föreslog
823 336 83 22 derföre
921 336 86 28 frågans

176 364 163 28 bordläggning,
359 365 27 27 pä
401 365 35 21 det
452 367 30 19 att
497 365 26 21 de
538 364 23 22 af
576 365 94 21 ständets
689 366 145 23 medlemmar,
849 365 72 21 hvilka
936 365 70 21 dertil

176 393 28 27 pä
226 393 70 27 grund
312 394 21 20 af
351 393 119 28 äberopade
485 394 83 27 lagrum
585 394 72 20 kunde
673 400 50 15 anse
739 394 33 27 sig
787 394 110 27 befogade,
914 394 70 21 blefve
999 394 7 20 i

176 422 84 21 tillfälle
284 424 29 19 att
335 422 106 21 anteckna
462 422 33 27 sig
517 422 12 21 å
547 428 26 15 en
589 422 34 21 för
637 422 121 21 ändamålet
772 422 105 27 framlagd
892 422 48 21 lista
956 422 51 21 eller

176 450 40 21 ock
238 451 39 20 hos
298 450 123 22 talmannen
442 450 73 22 derom
537 452 52 25 göra
609 451 105 25 anmälan,
730 451 107 21 hvarefter
853 451 85 21 ständet
953 451 53 27 egde

176 479 75 27 pröfva
267 479 62 21 deras
347 479 97 27 anspråk.
474 479 41 21 För
532 480 32 20 sin
581 480 97 20 enskilda
694 480 33 20 del
744 479 119 21 förklarade
879 480 80 20 talaren
974 480 32 26 sig

177 508 61 27 nöjas
260 508 22 20 ät
303 508 36 20 det
361 508 85 25 arvode,
462 508 39 20 tolf
522 508 61 20 mark
601 508 33 20 för
649 508 47 26 dag,
711 514 45 15 som
774 508 127 21 valmännen
917 508 89 21 tilldelat

176 536 79 21 honom
272 536 39 21 och
327 536 27 28 pä
369 537 63 20 hvars
447 536 92 28 höjande
555 536 40 21 han
612 536 116 28 ingalunda
744 536 79 22 ernade
837 537 59 27 yrka.

247 593 115 21 Edusmies
384 593 138 21 Heikura
537 594 91 25 ilmoitti,
644 596 42 19 että
701 595 70 20 hänen
787 595 217 20 tuomiokunnassaan

176 622 30 20 oli
229 622 119 21 ehdoitettu
371 622 226 27 valtiopäivämiehelle
621 623 25 20 18
669 622 89 21 markan
778 622 145 28 päiväpalkka,
938 624 68 19 mutta

176 651 59 20 asian
252 650 114 28 lopullisen
382 651 138 27 päättämisen
537 651 28 21 oli
582 651 91 21 tuomari
687 651 91 27 jättänyt
793 651 101 27 säädylle.

246 702 114 21 Edusmies
383 702 132 21 Avellan
537 702 93 28 yhdistyi
654 702 107 22 edusmies
784 702 132 28 Svedbergin
941 703 65 21 ehdo-

176 731 96 21 tukseen.

245 782 114 22 Edusmies
405 789 124 15 Meurman
545 783 62 27 pyysi
618 783 106 21 edusmies
736 782 129 27 Svedbergiä
875 783 129 27 luopumaan

177 811 192 21 vaatimuksestaan
391 811 65 21 saada
478 811 44 21 asia
546 811 98 27 pöydälle
666 812 21 26 ja
710 812 89 20 ehdoitti
814 818 37 14 sen
867 812 81 25 ohessa,
964 813 42 19 että

175 842 61 24 sääty
252 844 38 23 nyt
306 840 97 20 määräisi
419 840 145 20 kohtuullisen
580 840 139 28 päiväpalkan
735 840 21 27 ja
772 846 28 19 se,
815 840 50 27 joka
875 840 20 21 ei
905 842 100 26 tyytynyt

175 868 70 21 siihen
268 868 111 27 palkkaan,
396 868 58 21 mikä
477 868 85 21 hänelle
585 868 29 21 oli
636 870 103 25 määrätty
756 869 43 20 tahi
814 869 65 26 jonka
894 868 76 27 palkka
986 869 19 21 ei

176 897 114 20 ollenkaan
314 897 55 20 ollut
393 899 111 24 määrätty,
529 897 128 26 käyttäköön
684 897 39 21 sitä
748 897 259 27 päiväpalkkamääräystä

175 925 74 21 minkä
264 927 59 24 sääty
339 925 67 21 katsoi
422 925 168 21 kohtuulliseksi.

246 982 113 21 Edusmies
371 982 110 21 Heikura
507 982 94 27 yhdistyi
611 982 106 21 edusmies
725 983 135 20 Meurmanin
869 983 135 20 lausuntoon.

245 1039 217 27 Landtdagsmannen
476 1039 14 22 S
501 1046 32 15 ve
542 1039 13 21 d
565 1039 12 21 b
587 1046 47 21 erg
644 1039 49 21 ville
704 1039 47 21 icke
764 1039 55 21 afstä
828 1039 47 21 från
883 1040 36 21 sitt
927 1039 77 28 ifräga-

175 1067 79 22 komne
276 1068 102 27 yrkande,
393 1068 55 21 helst
464 1068 55 21 detta
535 1068 54 22 hade
604 1068 46 21 stöd
667 1069 5 20 i
688 1068 23 21 L.
727 1068 24 21 O.
768 1068 39 21 och
829 1068 70 21 under
921 1070 83 19 senaste

175 1096 103 27 landtdag
293 1097 107 20 dessutom
416 1097 97 26 inträffat,
529 1099 30 18 att
574 1097 87 21 arvodet
676 1097 32 20 för
724 1096 165 22 bondeständets
902 1097 101 20 medlem-

174 1131 48 14 mar
237 1125 100 21 bestämts
353 1125 31 21 till
401 1126 25 20 16
443 1126 35 20 mk
493 1125 33 21 för
541 1126 46 27 dag,
603 1125 80 21 hvilket
698 1125 79 21 arvode
793 1125 133 21 elektorerne
940 1125 8 20 i
962 1125 41 21 den

174 1153 23 21 af
212 1153 81 22 talaren
308 1154 173 27 ropresenterade
496 1154 116 28 domsagan
628 1154 78 27 ansägo
722 1155 34 20 för
771 1154 50 27 högt
836 1154 96 27 tilltaget,
942 1154 62 21 hvar-

174 1183 46 20 före
242 1182 28 21 de
292 1183 63 20 äfven
378 1189 88 14 numera
484 1183 75 20 uttalat
581 1183 69 21 säsom
674 1183 32 20 sin
726 1183 129 26 uttryckliga
871 1183 87 25 önskan,
975 1185 29 18 att

174 1211 130 21 omnämnde
320 1211 31 21 för
366 1211 79 21 honom
462 1211 108 21 bestämda
586 1211 78 21 arvode
679 1211 47 21 icke
742 1210 67 22 borde
824 1211 99 28 förhöjas.

244 1268 216 27 Landtdagsmannen
477 1269 190 20 Costiander
682 1268 94 21 uttalade
792 1269 32 26 sig
839 1269 6 20 i
861 1275 81 14 samma
955 1269 49 26 rigt-

175 1297 57 27 ning,
248 1303 46 14 som
310 1297 204 26 landtdagsmannen
531 1297 115 28 Svedberg.

244 1353 73 22 Koska
337 1353 107 22 edusmies
489 1354 135 28 Svedberg
646 1355 19 21 ei
687 1355 108 26 luopunut
810 1354 192 21 vaatimuksestaan

172 1382 66 21 saada
254 1383 44 20 asia
314 1382 104 27 pöydälle,
433 1383 97 26 lykättiin
547 1389 37 15 sen
596 1383 170 22 käsitteleminen
779 1383 98 21 tulevaan
889 1383 115 21 istuntoon.

244 1480 83 21 Istunto
343 1481 79 26 päättyi
439 1480 54 21 kello
511 1481 10 19 1
533 1481 28 26 3/4
575 1481 14 26 j.
605 1487 33 21 pp.
