1095 1786
258 132 215 21 Talonpoikaissääty
484 132 59 17 1882.
568 133 13 16 5
593 137 20 16 p.
624 131 90 18 Huhtik.
858 126 41 21 563

141 201 106 22 Esiteltiin
266 202 80 26 säädyn
367 201 122 21 istunnossa
505 201 26 21 31
548 202 49 26 p:nä
612 202 59 19 vasta
686 201 115 20 kulunutta
815 199 84 22 Maalis-

72 231 67 21 kuuta
161 230 54 21 täksi
237 230 94 27 päiväksi
353 229 100 28 pöydälle
476 231 65 26 pantu
557 229 176 28 Pappissäädystä
748 229 64 21 tullut
826 231 74 25 pöytä-

73 259 68 28 kirjan
156 261 41 25 ote,
211 259 57 27 jossa
283 265 67 14 muun
366 265 86 14 muassa
461 258 222 27 Talonpoikaissäätyä
694 257 133 22 kehoitetaan
837 258 63 26 yhty-

73 290 61 19 mään
151 287 156 27 Pappissäädyn
323 287 42 21 alla
380 287 129 21 mainittuun
525 287 126 27 päätökseen
667 286 129 26 Yhdistetyn
807 285 62 21 Laki-
879 286 21 27 ja

72 316 222 22 Talousvaliokunnan
309 316 117 20 mietinnön
443 316 22 26 ja
477 315 121 21 armollisen
610 315 108 27 esityksen
727 314 103 28 johdosta,
840 314 60 21 tilus-

73 347 36 19 ten
124 344 149 22 lohkomisesta
288 344 21 27 ja
324 344 227 21 maaneroittamisesta
567 350 20 20 y.
603 350 33 20 m.;
654 344 21 26 ja
693 343 28 21 oli
733 345 84 19 sanottu
827 344 72 26 pöytä-

73 374 104 28 kirjanote
192 373 50 21 näin
258 372 103 22 kuuluva:

349 459 83 27 Utdrag
447 465 26 14 ur
487 458 169 22 Presteständets
671 458 104 27 protokoll
786 457 34 21 vid
831 457 69 21 landt-

280 488 69 27 dagen
364 488 7 20 i
386 487 137 28 Helsingfors
538 487 41 21 den
597 487 32 27 18,
644 487 26 20 21
683 487 39 21 och
733 487 27 21 23
771 486 56 21 Mars
839 486 60 21 1882.

142 545 39 21 Till
204 544 129 28 behandling
359 545 94 27 företogs
477 545 151 21 sammansatta
651 543 53 28 Lag-
724 544 38 20 och
784 543 116 21 Ekonomi-

74 574 112 21 utskottets
208 573 133 22 betänkande
363 573 41 22 N:o
426 574 13 20 2
458 573 7 21 i
480 573 117 27 anledning
611 573 21 20 af
647 573 61 20 Hans
723 572 117 27 Kejserliga
855 572 45 21 Ma-

73 603 74 27 jestäts
171 602 77 28 nädiga
274 602 135 28 proposition,
436 601 147 21 innefattande
607 601 79 27 förslag
715 600 29 22 till
776 600 124 28 förordning

75 630 109 28 angående
200 630 154 28 egostyckning
369 630 40 21 och
423 630 173 27 jordafsöndring
611 630 12 20 å
638 630 73 20 frälse-
724 630 40 20 och
774 629 126 21 skattehem-

74 666 50 15 man
139 662 55 18 samt
208 659 100 27 legoaftal
324 666 34 14 om
374 659 70 27 nägon
462 659 34 21 del
511 659 22 21 af
548 658 72 27 dylika
635 658 127 28 lägenheter.

143 688 70 22 Sedan
233 690 30 19 ett
285 688 72 27 längre
379 688 100 26 yttrande
494 687 154 27 inledningsvis
664 687 69 21 blifvit
747 686 93 28 afgifvet,
855 693 45 14 om-

74 717 94 21 fattande
183 717 46 21 frän
245 716 109 28 principiel
374 716 110 28 synpuukt
499 716 40 21 den
555 716 108 27 förelagda
678 715 72 28 frägan
767 716 7 20 i
789 715 47 21 hela
851 715 49 21 dess

75 746 49 20 vidd
147 746 166 20 underkastades
335 745 89 21 berörda
446 745 120 27 lagförslag,
591 744 74 21 sädant
690 744 35 21 det
749 744 22 20 af
792 743 109 21 Utskottet

75 774 134 26 modifierats,
224 780 26 15 en
266 774 115 27 detaljerad
397 774 132 26 granskning
544 773 96 27 paragraf
656 773 31 21 för
700 772 101 28 paragraf,
812 772 87 21 hvarvid

74 802 90 26 ståndet,
178 803 54 21 efter
246 802 131 28 föregängna
393 802 146 21 diskussioner
553 802 40 20 och
609 802 119 20 verkstälda
742 800 103 22 särskilda
855 807 44 15 om-

74 832 126 27 röstningar,
214 832 103 20 stannade
331 832 8 20 i
354 831 94 27 följande
465 830 78 22 beslut:

143 889 13 26 8
179 889 11 20 1
210 888 122 27 godkändes
351 888 67 27 enligt
438 888 143 21 betänkandet
598 888 48 20 med
662 887 66 21 sädan
743 887 90 27 ändring
848 886 51 27 deri,

75 918 30 20 att
126 917 46 21 från
196 917 135 27 paragrafens
350 917 66 20 första
432 917 87 26 mening
535 916 68 21 skulle
619 915 51 28 utgå
685 915 75 22 orden:
778 915 121 21 väfvensom

75 945 42 22 den
139 946 93 27 sytning,
250 945 101 21 hvarmed
374 945 123 21 hemmanet
519 945 41 20 kan
584 951 50 14 vara
649 944 123 21 besväradt»
789 946 54 19 samt
858 944 41 21 den

75 974 65 21 andra
155 974 114 27 meningen
284 974 8 20 i
307 974 32 21 sin
355 973 72 22 helhet
442 973 67 21 likasä
524 973 113 27 uteslutas;

143 1031 12 27 8
178 1032 12 19 2
212 1031 95 28 gillades,
331 1031 26 27 pä
380 1033 42 19 sätt
444 1030 64 22 ocksä
531 1030 108 21 Utskottet
656 1030 114 27 föreslagit,
785 1030 7 21 i
807 1029 94 28 enlighet

75 1059 48 22 med
139 1059 77 28 nädiga
231 1060 168 27 propositionen;

144 1117 12 27 $
173 1117 11 20 3
200 1118 75 26 antogs
291 1117 66 27 enligt
372 1116 145 22 betänkandet
532 1116 136 26 oförändrad;

144 1174 12 27 8
176 1175 14 19 4
212 1174 123 26 godkändes
358 1174 66 26 enligt
447 1173 77 27 nådiga
545 1173 156 27 propositionen
726 1173 133 25 oförändrad,
873 1173 28 27 pä

75 1204 40 20 sätt
137 1202 48 22 herr
204 1202 106 21 Fabritius
329 1202 7 21 i
355 1202 33 21 sin
404 1202 33 21 till
452 1202 144 21 betänkandet
611 1202 75 27 fogade
701 1202 130 21 reservation
846 1202 54 20 före-

75 1231 71 28 slagit;

143 1289 13 27 8
178 1289 12 20 5
212 1290 75 26 antogs
303 1288 66 21 likaså
385 1288 67 28 enligt
467 1288 77 28 nådiga
559 1288 163 28 propositionen,
738 1288 69 21 såsom
822 1287 78 28 jemväl

75 1317 118 22 Utskottets
208 1317 78 28 förslag
301 1317 128 27 innehåller;

143 1375 12 27 8
177 1375 19 25 6,
218 1381 46 14 som
286 1375 22 20 af
329 1374 110 21 Utskottet
457 1374 69 21 blifvit
541 1374 69 21 införd
626 1374 69 21 såsom
711 1380 27 15 en
753 1380 30 21 ny
797 1373 104 28 paragraf,

75 1403 76 27 ansågs
173 1403 50 21 böra
246 1405 135 23 utmönstras,
404 1403 138 27 hvarigenom
565 1403 36 20 det
621 1403 56 20 förra
692 1402 141 21 förhållandet
847 1403 6 20 i
869 1403 32 20 af-

73 1432 79 21 seende
173 1431 12 22 å
201 1431 150 28 nummerföljd
367 1431 78 22 mellan
462 1431 148 28 paragraferne
628 1431 8 21 i
651 1431 77 28 nådiga
743 1431 158 28 propositionen

75 1461 38 21 och
130 1460 142 22 betänkandet
286 1461 84 20 komme
385 1462 31 19 att
432 1460 126 27 återställas;

144 1517 12 27 8
173 1518 11 20 7
200 1517 89 27 gillades
304 1518 7 20 i
327 1517 94 27 enlighet
436 1517 49 21 med
501 1516 150 28 betänkandet;
