1095 1786
186 131 42 22 386
367 137 214 21 Talonpoikaissääty
593 137 59 18 1882.
676 137 21 17 11
709 141 21 17 p.
744 136 99 18 Maalisk.

186 212 78 15 rensen
288 205 35 22 vid
346 205 124 28 utläningen
494 212 42 20 nog
557 205 68 21 skulle
648 205 82 27 reglera
752 205 134 28 penningens
907 205 42 28 pris
964 205 54 21 eller

186 237 82 24 räntan,
288 234 90 21 likasom
401 234 160 21 konkurrensen
577 234 48 21 med
641 234 106 27 egentliga
762 233 153 22 handelsvaror
924 233 95 28 reglerar

187 263 72 21 dessas
281 263 48 28 pris,
352 263 120 21 oberoende
504 263 21 20 af
548 262 198 27 lagbestämningar.
777 261 77 22 Denna
881 263 135 20 konkurrens

187 292 74 26 gjorde
277 292 32 26 sig
323 291 47 21 icke
386 291 104 26 gällande,
505 291 69 20 såsom
588 297 48 14 man
652 291 83 27 påstått,
745 291 92 21 endast
831 286 9 36 i
850 291 104 26 städerna,
964 293 51 18 utan

187 320 91 21 sträckte
300 320 32 20 sin
355 320 78 20 verkan
457 320 61 20 äfven
534 319 31 21 till
581 319 154 27 landsbygden.
764 319 88 21 Enhvar
867 326 45 14 som
928 320 7 20 i
950 321 65 19 större

189 348 87 28 omfång
292 348 44 21 haft
351 348 73 27 bestyr
439 348 48 21 med
503 348 98 26 utlåning
616 348 21 20 af
652 348 124 27 penningar,
791 349 36 19 vet
843 354 42 21 nog
900 350 30 19 att
944 354 48 14 man
1008 347 7 20 i

187 377 117 21 allmänhet
325 377 38 21 hos
386 383 34 14 oss
442 377 46 21 icke
511 376 42 21 kan
575 376 91 28 påräkna
689 376 70 28 någon
781 376 144 22 öfverdrifven
940 378 74 23 ränta;

189 406 81 20 enhvar
290 408 36 18 vet
348 405 68 25 äfven,
432 407 30 19 att
482 405 58 21 inom
563 404 73 22 landet
656 404 78 28 många
749 405 100 27 miljoner
864 407 36 19 äro
916 404 101 22 utlånade

187 436 45 19 mot
247 435 19 24 5,
282 434 67 21 ehuru
365 434 61 27 lagen
442 434 117 26 medgifver
575 435 40 19 rätt
630 435 29 19 att
674 434 113 20 förskrifva
802 433 9 21 6
823 434 35 26 ?/,.

259 462 73 22 Under
352 462 27 21 de
398 462 76 28 många
489 462 28 24 är,
530 462 121 21 hvarunder
664 462 36 27 jag
716 462 162 21 omhänderhaft
892 462 124 21 förvaltnin-

188 498 41 21 gen
251 491 21 21 af
294 491 136 21 kommunala
453 490 70 22 medel
543 490 26 28 pä
590 490 43 21 min
656 491 88 25 hemort,
760 491 39 21 har
813 491 38 27 jag
865 491 32 21 till
912 490 39 22 och
966 490 49 21 med

188 520 69 21 under
279 519 126 21 missvextär
428 521 47 19 rönt
497 519 106 27 svärighet
624 521 30 19 att
670 519 20 21 fä
706 519 61 21 dessa
783 519 70 21 medel
869 519 99 21 utlänade
984 518 31 22 till

187 548 65 28 högre
268 550 59 19 ränta
353 550 25 19 än
402 548 12 21 5
438 550 92 25 procent,
553 548 85 21 oaktadt
661 548 144 27 annonsering
828 548 56 21 skett
899 548 5 21 i
921 547 51 22 flera
994 547 22 21 af

188 577 83 21 landets
294 577 111 27 tidningar.
434 576 34 22 De
492 576 41 26 län,
553 576 72 21 hvilka
647 583 48 14 man
711 577 83 26 lyckats
809 577 22 20 fä
846 577 110 27 placerade
972 579 45 18 mot

189 606 11 20 6
210 606 28 26 0/,
253 605 63 21 hafva
332 605 43 21 ofta
393 605 65 21 innan
470 605 47 21 kort
528 604 69 22 blifvit
607 605 21 21 af
637 604 138 28 läntagarena
785 605 116 27 uppsagda,
915 606 39 20 och
972 604 44 21 mä-

189 636 41 19 stat
253 634 56 26 ånyo
332 634 84 20 utlänas
438 636 44 18 mot
505 634 53 26 5"/,.
588 633 64 21 Detta
667 634 132 20 förhållande
815 634 69 21 skulle
899 633 118 28 ingalunda

188 662 79 21 rubbas
290 668 75 21 genom
390 664 30 19 att
441 664 72 19 räntan
537 662 70 21 blefve
627 662 106 27 frigifven.
764 662 45 21 Och
824 662 35 28 jag
874 662 33 21 för
922 662 43 20 min
981 662 34 20 del

188 694 44 18 tror
254 691 47 21 icke
319 691 86 27 mycket
420 690 26 28 pä
462 691 25 21 de
503 690 86 28 spöken,
603 697 45 15 som
664 691 163 21 frambesvurits
841 691 7 20 i
864 691 40 21 den
921 691 21 20 af
956 690 60 21 dom-

188 721 84 25 prosten
290 719 88 21 Renvall
395 719 30 21 till
442 719 142 21 betänkandet
599 719 112 27 vidfogade
722 720 166 25 reservationen,
896 719 85 21 hvilken
994 719 23 21 af

188 748 216 27 Landtdagsmannen
427 748 57 21 Kalli
507 747 68 21 blifvit
590 748 136 21 understödd.
756 748 52 21 Deri
824 748 128 21 omnämnda
967 748 50 20 ock-

189 783 47 15 rare
251 776 32 21 till
298 776 181 27 professionen,af
493 776 71 21 hvilka
580 776 35 21 det
630 776 97 21 öfverallt
742 776 75 26 finnes,
828 776 69 22 skulle
907 776 62 21 äfven
980 783 35 14 om

189 807 74 19 räntan
287 805 70 21 blefve
376 805 33 26 fri,
430 807 76 19 uträtta
522 805 93 21 hvarken
630 811 59 15 mera
704 805 52 21 eller
772 805 89 27 mindre,
876 807 27 19 än
919 804 54 22 hvad
989 805 27 21 de

189 834 74 21 hittills
285 834 90 20 förmått.
406 833 40 21 Om
469 834 94 20 deremot
585 836 13 18 t.
614 840 32 14 ex.
663 836 29 18 ett
714 834 133 27 affärsbolag,
869 840 46 14 som
935 834 80 26 årligen

188 862 32 21 till
236 862 147 21 aktionärerne
396 862 83 21 utdelar
489 864 54 19 stora
555 862 130 26 dividender,
697 862 170 22 understundom
879 862 67 21 skulle
957 862 59 20 finna

189 890 36 21 det
248 897 50 14 vara
321 891 47 20 med
391 891 32 20 sin
446 890 68 21 fördel
532 891 99 26 förenligt
646 893 30 18 att
690 893 93 25 upptaga
799 890 34 21 län
850 893 44 18 mot
909 891 63 26 högre
988 892 27 19 än

188 919 48 27 69/,
259 921 65 25 ränta,
347 919 47 27 läge
413 919 33 21 väl
462 919 44 21 deri
521 919 70 27 någon
606 919 51 26 fara,
672 921 30 19 att
718 921 29 19 ett
762 919 51 21 slikt
829 919 62 27 bolag
906 925 50 15 vore
971 919 46 27 lag-

188 947 57 28 ligen
269 947 126 28 berättigadt
414 950 29 19 att
458 947 89 21 sålunda
563 947 83 28 betjena
662 947 54 27 dem,
732 947 73 22 hvilka
820 947 66 22 önska
901 947 39 22 och
956 949 35 19 äro
1008 947 8 20 i

188 976 83 21 tillfälle
287 978 30 19 att
332 976 72 21 utläna
420 976 135 27 penningar?
578 976 35 21 Nu
628 976 33 21 för
676 977 58 20 tiden
750 978 23 19 är
783 976 37 21 det
832 976 184 27 hufvudsakligast

188 1005 113 20 affärsmän
325 1005 52 20 eller
397 1011 105 21 personer,
518 1005 71 20 hvilka
607 1007 47 19 röra
669 1005 32 27 sig
717 1005 49 21 med
782 1007 57 19 stora
854 1011 99 20 summor,
969 1011 46 14 som

188 1035 92 26 upptaga
296 1033 171 28 förstärkningar,
483 1033 40 21 och
538 1033 88 21 föremäl
641 1033 33 21 för
688 1034 62 21 dessa
766 1035 37 19 äro
819 1033 96 22 deremot
930 1033 42 21 ofta
988 1033 28 21 de

187 1062 83 21 mindre
286 1061 136 22 bemedlades
438 1062 140 27 besparingar.
609 1062 161 21 Godkännande
785 1069 46 14 som
847 1062 66 27 sagdt,
929 1064 87 19 räntans

186 1090 128 27 frigifvande
329 1091 8 20 i
352 1091 87 27 princip,
462 1090 64 22 afstär
545 1091 36 26 jag
596 1090 127 22 ätminstone
740 1091 31 21 till
784 1097 27 14 en
828 1091 80 27 början,
923 1090 46 21 frän
984 1092 32 19 att

186 1119 67 21 uttala
277 1119 43 27 mig
343 1125 46 22 ang.
413 1119 74 27 sjelfva
505 1119 117 26 detaljerna
637 1119 7 21 i
660 1119 150 26 betänkandet,
825 1121 23 25 ty
864 1119 69 21 säsom
948 1119 67 20 saken

186 1154 30 14 nu
239 1147 49 26 står,
311 1148 67 27 ligger
400 1147 148 28 väsentligaste
571 1148 44 27 vigt
633 1148 70 27 derpä,
716 1150 30 19 att
761 1148 128 21 åtminstone
905 1147 109 28 principen

186 1183 78 20 segrar.
280 1176 164 26 Presteständet,
459 1183 44 13 som
519 1176 88 27 deltagit
621 1177 7 19 i
638 1177 142 27 petitionerna
791 1183 46 20 ang.
849 1178 85 19 räntans
946 1176 70 23 frihet,

187 1205 38 20 har
248 1204 55 22 dock
327 1211 29 14 nu
378 1204 102 21 förkastat
501 1205 163 27 propositionen.
695 1204 40 22 Om
754 1204 157 22 bondeständet
925 1204 89 21 likasom

186 1233 57 21 förut
258 1235 109 20 motsätter
382 1233 32 28 sig
430 1233 128 27 densamma,
573 1233 94 22 förfaller
681 1233 75 28 frägan
772 1234 33 21 för
820 1233 70 22 denna
905 1233 61 28 gäng,
976 1233 39 21 och

186 1268 25 15 en
228 1262 65 21 sädan
311 1262 79 27 utgäng
405 1262 68 21 skulle
488 1262 35 27 jag
538 1262 47 21 icke
600 1262 71 21 önska.

255 1319 114 21 Edusmies
391 1319 142 21 Avellan:
565 1319 58 21 Minä
642 1319 82 26 luulen,
739 1320 44 20 että
798 1325 23 14 se
836 1319 99 27 periaate,
950 1318 64 27 johon

186 1348 104 27 kysymys
305 1348 66 21 koron
387 1348 186 27 vapauttamisesta
587 1348 110 27 nojautuu,
714 1354 28 15 on
758 1347 139 27 semmoinen,
913 1349 41 19 että
967 1347 49 20 siitä

185 1377 20 20 ei
226 1377 34 20 voi
282 1377 42 20 olla
339 1378 75 19 muuta
428 1376 52 21 kuin
496 1377 47 26 yksi
560 1376 63 24 mieli,
638 1376 55 21 enkä
708 1377 60 20 minä
783 1376 52 21 liion
851 1376 34 21 ole
900 1375 115 27 käsittänyt

184 1405 156 27 pappissäädyn
362 1407 94 25 päätöstä
478 1405 47 21 siltä
541 1405 106 27 kannalta,
663 1407 43 19 että
720 1405 137 28 pappissääty
873 1404 46 21 olisi
934 1404 82 27 periaa-

184 1436 52 19 tetta
252 1434 168 21 semmoisenaan
436 1433 118 28 hyljännyt,
570 1436 66 19 mutta
652 1433 45 21 kun
712 1440 28 15 on
752 1433 105 27 kysymys
867 1433 82 27 jonkun
960 1433 55 26 peri-

184 1465 84 18 aatteen
291 1463 182 25 toteuttamisesta,
494 1462 44 21 niin
562 1462 19 21 ei
597 1464 49 19 auta
662 1462 125 21 ainoastaan
804 1462 73 21 katsoa
892 1461 123 28 periaatetta

183 1491 176 25 semmoisenaan,
383 1497 54 14 vaan
460 1490 56 21 tulee
537 1490 97 28 myöskin
660 1490 73 22 katsoa
757 1490 53 21 niitä
833 1490 61 28 oloja,
915 1489 101 28 joidenka

184 1519 106 21 vallitessa
309 1521 42 19 tätä
366 1519 123 27 periaatetta
504 1519 113 21 tahdotaan
634 1519 130 27 käytäntöön
781 1525 76 21 panna.
886 1518 130 21 Ensimmäi-
