1095 1786
195 132 43 21 650
381 138 215 21 Talonpoikaissääty
607 138 59 17 1882.
690 138 26 17 18
727 143 21 16 p.
761 137 89 18 Hubtik.

196 213 28 14 en
247 206 82 28 näring,
345 213 46 14 som
415 206 23 21 af
458 207 99 27 regering
578 206 41 21 och
640 206 87 21 ständer
741 205 114 22 förklarats
871 205 58 28 loflig
944 218 27 3 —
986 204 37 21 det

197 234 43 21 kan
264 235 35 20 väl
320 234 24 22 sä
365 242 57 19 vara,
437 242 47 14 men
507 242 57 14 mera
579 235 103 20 afscende
698 235 51 20 böra
764 235 100 27 regering
879 234 41 21 och
936 233 87 22 ständer

196 263 57 21 fästa
270 263 43 22 vid,
329 265 32 19 att
382 263 48 21 icke
451 263 38 22 det
509 263 107 21 allmänna
631 263 55 21 lider
700 271 49 13 men
764 264 7 20 i
787 263 54 21 både
857 262 110 22 moraliskt
981 261 41 22 och

197 291 115 28 pekuniärt
326 291 109 27 afseende,
451 293 26 19 än
494 299 34 13 om
544 291 66 28 några
625 291 23 21 få
664 291 96 21 enskilda
774 291 28 27 gå
817 291 73 21 under.
905 286 16 37 I
942 291 36 21 allt
989 290 33 21 får

196 319 38 21 det
257 320 97 21 enskilda
381 320 101 21 intresset
506 320 136 21 underordna
665 321 33 27 sig
721 320 39 20 det
778 319 110 21 allmänna.
907 332 27 2 —
953 319 69 21 Dessa

197 348 81 28 åsigter
293 348 64 21 hafva
373 348 120 28 flerfaldiga
508 348 81 29 gånger
603 349 56 28 gjort
674 350 33 26 sig
722 348 106 28 gällande,
843 349 40 20 sist
895 348 4 20 i
912 347 110 22 rusthälls-

196 376 83 28 frägan.

266 405 34 21 En
316 405 64 21 aktad
396 406 121 21 försvarare
532 406 23 21 af
571 413 25 13 en
613 406 64 21 friare
693 406 126 27 försäljning
835 405 40 21 och
886 405 135 21 konsumtion

195 433 24 21 af
234 434 21 20 öl
272 434 27 28 pä
319 434 170 28 landsbyggden,
504 434 38 21 har
563 434 107 22 framstält
691 434 41 21 den
752 434 84 26 frågan,
851 441 34 13 om
901 433 68 21 folket
984 432 38 22 har

198 462 72 21 blifvit
288 462 132 28 försvagadt,
435 462 23 22 sä
473 466 32 18 att
520 463 37 21 det
571 463 49 21 icke
635 463 30 21 täl
681 462 36 22 vid
734 462 26 26 öl,
776 462 51 21 eller
841 470 34 13 om
891 462 49 21 dess
956 462 66 20 moral

196 491 132 26 försämrats,
343 491 28 21 dä
393 499 48 13 man
463 499 68 17 anser,
546 494 31 18 att
598 491 37 21 det
653 499 28 13 nu
701 493 23 19 är
740 490 110 28 vädligare
865 492 26 19 än
908 490 34 21 för
957 490 65 28 nägra

195 519 58 21 tider
274 520 96 25 tillbaka,
385 522 31 18 att
437 520 103 28 tillstädja
559 528 26 13 en
601 520 64 21 friare
681 520 162 28 ölförsäljning?
859 532 27 2 —
901 519 49 21 Den
965 518 58 22 förra

196 548 76 28 frägan
296 548 73 28 ätager
391 550 35 27 jag
445 550 44 27 mig
511 549 47 21 icke
580 551 31 19 att
632 548 107 22 bestämdt
755 548 96 26 besvara,
865 555 48 14 men
929 548 33 28 jag
979 550 44 19 tror

196 577 55 27 icke,
268 580 31 18 att
314 577 24 21 sä
353 579 24 19 är
388 577 66 21 fallet.

266 605 66 21 Hvad
347 605 46 22 äter
409 606 123 28 bildningen
549 606 40 21 och
605 606 93 21 moralen
716 605 105 27 beträffar,
836 605 24 21 sä
875 608 44 18 tror
933 606 35 26 jag
980 605 42 27 mig

196 633 49 21 med
261 634 136 21 bestämdhet
408 634 71 21 kunna
505 634 53 26 pästä,
569 637 31 18 att
611 634 40 21 den
663 634 48 22 icke
721 634 132 22 försämrats,
863 636 51 18 utan
925 634 97 25 tvärtom,

197 670 47 13 men
261 665 31 18 att
307 663 49 27 just,
371 663 85 28 tillfölje
472 642 31 42 af
510 670 26 14 en
553 663 99 27 stigande
668 663 98 27 bildning
781 662 42 22 och
833 662 72 26 moral,
916 669 46 13 man
974 662 48 20 icke

196 698 58 14 mera
269 698 44 14 som
330 691 49 26 förr,
395 691 111 28 fördrager
521 694 32 18 att
567 699 23 13 se
606 692 175 27 menskligheten,
797 690 145 28 hängifvande
956 691 32 27 sig
1000 690 22 20 ät

196 719 238 29 dryckenskapslasten,
457 720 119 28 nedsjunka
594 721 6 20 i
619 720 111 28 jemlikhet
752 719 49 21 med
823 719 81 29 djuren,
927 718 46 27 och,
991 721 32 18 att

195 748 39 21 det
248 748 85 21 derföre
349 756 34 19 nu,
399 756 57 14 mera
471 750 27 20 än
513 749 52 25 förr,
581 748 58 22 särar
654 749 94 21 moralen
764 751 31 17 att
811 756 22 13 se
849 756 26 13 en
891 747 131 22 öfverlastad

196 784 84 20 person.

266 805 32 21 Pä
319 805 27 21 de
365 805 100 28 grunder,
479 806 36 28 jag
530 806 47 20 haft
592 808 50 19 äran
658 806 81 26 anföra,
754 813 108 21 upprepar
876 806 35 27 jag
927 806 47 20 mitt
988 812 34 21 yr-

196 833 71 22 kande
284 842 33 13 om
333 834 45 27 &:ns
394 834 120 22 återremiss
530 834 31 21 till
577 834 111 22 utskottet.

265 890 114 22 Edusmies
395 891 150 21 Tikkanen
560 891 59 28 yhtyi
640 891 115 22 edelliseen
771 891 106 28 puhujaan
893 892 21 27 ja
929 890 92 29 puolusti

194 919 118 21 armollista
327 920 95 27 esitystä.

265 976 114 22 Edusmies
402 977 132 22 Auvinen
555 977 104 28 hyväksyi
675 977 45 20 ensi
737 977 92 28 pykälän
846 976 120 21 armollisen
981 977 41 20 esi-

195 1005 78 28 tyksen
289 1005 98 26 mukaan,
402 1006 71 21 niiden
490 1006 74 28 syiden
581 1005 83 28 nojalla,
679 1005 60 28 jotka
755 1005 110 28 puhemies
881 1004 69 22 Slotte
961 1012 60 13 vero-

195 1033 108 22 komitean
324 1035 125 20 mietintöön
472 1035 103 28 liitetyssä
596 1035 197 20 vastalauseessaan
814 1033 110 22 likemmin
946 1041 27 13 on
989 1040 33 14 se-

194 1062 93 28 littänyt.

264 1119 114 21 Edusmies
405 1119 11 22 K
423 1120 118 27 yander:
571 1120 77 21 Edellä
670 1120 210 28 puolenpäiväisessä
899 1120 121 20 istunnossa

194 1147 108 22 edusmies
315 1148 104 21 Duncker
431 1149 68 20 lausui
511 1156 63 13 muun
587 1155 89 18 muassa,
687 1151 49 24 että,
746 1149 34 27 jos
792 1147 132 22 oluttehtaan
935 1148 87 20 omista-

196 1176 50 20 jalta
263 1177 157 27 myyntioikeus
435 1177 163 27 rajoitettaisiin,
613 1178 44 20 niin
673 1178 49 20 siitä
738 1184 54 13 vaan
809 1177 90 27 syntyisi
911 1176 111 28 salakapa-

210 1206 44 20 oita
269 1205 87 21 tehtaan
369 1205 164 28 läheisyydessä.

264 1233 60 22 Minä
346 1241 25 14 en
394 1234 111 21 ollenkaan
526 1235 62 25 luule,
604 1236 44 19 että
663 1235 43 20 niin
722 1234 124 29 tapahtuisi,
861 1241 54 14 vaan
928 1233 32 28 jos
975 1232 46 21 teh-

194 1265 70 18 taasta
286 1270 35 13 saa
340 1263 68 20 olutta
428 1263 103 21 vähittäin
547 1263 83 28 myydä,
646 1263 44 21 niin
706 1263 42 21 sitä
764 1263 105 20 enemmin
885 1261 73 22 tulvaa
972 1261 50 28 joka

194 1291 96 20 mökkiin
313 1291 74 26 olutta,
402 1292 21 27 ja
440 1291 108 22 vaikeaksi
569 1291 57 21 tulee
646 1291 71 22 silloin
732 1292 72 22 tietää,
820 1291 57 20 onko
893 1290 58 29 pullo
967 1289 55 22 olut-

194 1319 113 26 tehtaasta,
322 1321 35 19 vai
380 1319 118 29 kapakasta
518 1323 79 23 otettu;
619 1321 32 27 jos
672 1323 46 18 taas
741 1319 103 22 tehtaalla
865 1327 28 14 on
913 1319 108 28 rajoitettu

194 1348 173 28 myymisoikeus,
383 1349 44 20 niin
443 1348 114 29 pikemmin
574 1349 56 20 tulee
646 1349 50 26 ilmi,
711 1349 66 20 missä
792 1347 145 29 salakapakka
949 1347 72 28 löytyy

193 1377 21 27 ja
230 1377 179 20 kruununmiehet
432 1378 72 20 voivat
533 1378 54 20 siitä'
610 1377 64 21 saada
698 1377 81 21 selkoa.
795 1389 28 3 —
838 1376 98 21 Minäkin
959 1375 62 21 olisin

194 1405 77 21 valmis
292 1405 169 28 puolustamaan,
476 1406 51 21 etiei
549 1407 78 20 mitään
644 1409 94 18 asetusta
755 1406 115 20 tarvittaisi
886 1404 88 25 oluesta,
988 1404 33 27 jos

193 1433 65 21 olisin
282 1433 81 28 nähnyt
385 1434 158 26 maaseuduilla,
559 1435 44 20 että
623 1435 45 20 tätä
690 1435 82 20 ainetta
792 1433 145 29 käytettäisiin
960 1433 61 24 siten,

194 1463 44 20 että
260 1463 42 20 sitä
318 1463 74 27 joskus
407 1463 92 27 juodaan
519 1463 107 27 syödessä,
642 1470 55 14 vaan
712 1463 75 21 tuskin
803 1462 85 21 kukaan
905 1461 116 21 muistanee

194 1490 45 20 niin
258 1490 151 28 tapahtuneen.
440 1491 45 21 Sitä
503 1498 26 14 en
545 1492 56 20 minä
617 1491 104 21 ainakaan
738 1491 34 21 ole
788 1490 95 22 koskaan
899 1489 123 27 havainnut,

194 1519 45 20 niin
256 1519 78 21 läheltä
357 1520 42 20 kun
416 1520 86 20 olenkin
519 1520 100 20 katsellut
634 1520 137 25 olutliikettä,
787 1526 55 15 vaan
857 1518 104 28 tapahtuu
976 1518 46 28 juo-
