1095 1786
182 134 42 21 652
361 139 214 21 Talonpoikaissääty
586 139 59 18 1882.
670 140 25 17 18
706 144 20 16 p.
740 139 89 17 Huhtik.

183 207 48 22 sillä
252 209 131 20 semmoinen
405 209 75 20 sääntö
495 208 57 21 tulisi
569 208 136 28 epäilemättä
720 209 164 28 synnyttämään
899 206 111 28 salakapa-

183 237 59 21 koita
263 237 21 28 ja
307 244 23 14 se
353 244 28 14 on
401 237 55 28 juuri
474 237 65 21 niistä
553 237 52 20 kuin
621 236 65 22 kansa
702 244 27 13 on
746 236 119 21 valittanut.
895 235 42 22 Siis
953 235 56 21 minä

184 265 76 21 katson
282 265 117 28 sopivaksi,
422 267 44 19 että
489 265 152 21 ensimmäinen
665 265 79 28 pykälä
765 265 144 21 valiokunnan
926 264 83 21 mietin-

183 295 64 19 nössä
262 293 155 28 hyväksytään.
447 293 55 21 Mitä
518 293 107 21 edusmies
640 293 88 21 Hoikan
743 293 130 21 lausuntoon
888 293 62 25 tulee,
966 293 44 20 että

183 322 97 21 kunnilla
300 322 71 28 pitäisi
387 322 42 21 olla
444 322 74 21 oikeus
534 323 93 20 määrätä
643 322 63 21 oluen
722 322 128 28 myynnistä,
865 322 43 20 niin
924 320 85 30 pyydän

183 350 144 26 huomauttaa,
343 351 51 21 ettei
409 351 171 21 ensimmäisessä
595 350 114 29 pykälässä
719 350 34 22 ole
764 350 48 21 siitä
823 350 112 21 ollenkaan
946 349 64 29 kysy-

183 386 53 22 mys.
266 378 91 22 Muuten
373 379 55 28 juuri
444 379 144 21 valiokunnan
604 378 134 22 ehdotuksen
755 378 91 22 mukaan
862 378 94 22 kunnille
972 385 38 13 an-

184 408 108 20 nettaisiin
314 408 57 20 tämä
394 408 81 26 oikeus,
489 408 45 28 jota
555 407 63 22 heille
636 415 51 14 arm.
703 407 109 29 esityksen
832 407 91 21 mukaan
941 407 19 21 ei
976 406 34 21 ole

183 436 88 21 sallittu.

254 493 219 28 Landtdagsmannen
485 493 160 21 Hollm6rus:
668 493 53 21 Man
732 493 39 21 har
781 492 69 22 under
860 492 149 22 diskussionen

184 521 117 22 framhållit
315 524 37 24 att,
367 529 34 14 om
418 522 152 22 kommunerna
585 522 121 28 medgifves
721 524 44 19 rätt
779 524 32 19 att
821 521 117 21 bestämma
948 520 64 22 öfver

184 550 154 28 försäljningen
354 550 23 21 af
392 550 21 21 öl
428 551 57 21 inom
501 551 47 21 sina
562 552 94 27 gränser,
670 550 28 21 de
714 550 84 22 komma
811 553 32 18 att
855 550 100 28 antingen
966 549 44 22 helt

184 579 41 21 och
245 579 67 21 hället
331 579 101 28 förbjuda
452 579 52 21 eller
525 579 129 21 ätminstone
670 579 24 21 sä
709 578 117 22 inskränka
841 578 70 21 denna
926 578 84 21 försälj-

184 608 52 27 ning
260 610 32 18 att
313 607 81 28 följden
418 608 69 21 skulle
506 608 67 20 blifva
593 608 185 28 ölbryggeriernas
792 608 54 20 ruin.
875 606 91 27 Hittills,
982 586 28 41 dä

185 636 152 21 kommunerna
361 636 65 21 hafva
448 636 47 21 haft
517 638 42 19 rätt
576 639 31 18 att
626 636 117 21 bestämma
758 636 49 21 icke
823 635 54 21 blott
892 635 62 21 öfver
968 635 43 21 till-

185 664 139 28 verkningen,
339 667 51 19 utan
411 664 65 22 äfven
494 665 154 28 försäljningen
670 665 23 21 af
712 665 21 21 öl
753 665 57 21 inom
827 664 61 21 deras
904 663 107 27 omräden,

184 693 39 21 har
238 693 78 21 förbud
333 696 56 18 emot
404 693 149 29 ölförsäljning
568 693 137 21 förekommit
720 694 75 20 nästan
813 694 7 20 i
835 692 42 22 alla
889 692 121 22 landskom-

184 729 81 13 muner.
295 721 73 21 Ehuru
389 721 90 22 sålunda
498 722 208 28 sinnesstämningen
722 722 58 21 inom
795 721 215 21 landskommunerna

184 752 24 19 är
230 750 86 25 bekant,
332 750 37 21 vill
392 758 48 13 man
463 750 66 21 likväl
551 750 104 28 påtvinga
676 750 48 21 dem
744 758 27 13 en
790 750 27 21 fri
833 749 104 22 ölhandel.
966 748 45 22 Det

184 778 120 29 förnuftiga
327 778 44 22 häri
395 779 41 21 kan
455 780 35 27 jag
505 780 18 27 ej
539 779 61 21 fatta.
630 778 42 29 Jag
687 778 67 22 håller
770 778 106 28 nämligen
892 778 35 21 för
941 780 32 18 att
988 778 21 21 vi

184 807 66 21 hafva
272 815 26 13 en
314 814 43 21 nog
372 807 79 28 sorglig
467 807 122 21 erfarenhet
603 807 23 21 af
642 807 181 21 bränvinsfloden.
853 807 93 21 Iemnar
961 814 48 13 man

184 837 57 19 ännu
262 836 92 21 ölfloden
373 836 47 21 fritt
438 836 56 28 lopp,
509 836 25 21 så
549 836 23 20 få
588 836 20 21 vi
624 843 25 14 en
666 836 127 28 fullständig
809 835 119 29 syndaflod.
956 834 54 22 Man

184 864 39 21 har
245 868 54 24 sagt,
317 867 32 18 att
367 872 26 13 en
409 864 98 28 stigande
523 864 97 28 bildning
635 865 39 21 bör
688 864 84 22 hämma
789 867 30 18 ett
834 864 106 27 omåttligt
956 863 54 22 bruk

184 892 24 21 af
222 893 72 20 starka
310 893 96 28 drycker.
437 893 66 21 Detta
517 895 24 18 är
556 893 35 21 väl
606 893 32 20 till
654 900 26 14 en
696 893 35 21 del
746 896 55 23 sant,
816 899 48 14 men
881 892 130 27 bildningen,

185 921 66 21 ehuru
268 922 6 19 i
290 921 103 28 stigande,
409 921 38 21 har
469 921 64 22 likväl
555 921 48 22 icke
619 923 56 19 ännu
690 923 74 26 trängt
779 922 6 20 i
801 921 27 21 de
843 921 65 28 djupa
923 920 87 21 lederna

184 949 23 21 af
228 949 79 28 sjelfva
329 949 69 22 folket
420 949 41 22 och
483 949 121 27 decennier,
619 949 105 22 måhända
744 949 72 22 sekler
831 949 72 22 kunna
918 949 92 28 förflyta,

184 979 65 20 innan
266 978 122 28 bildningen
404 978 81 21 förmår
499 978 76 21 hindra
590 978 130 21 missbruket
734 978 24 21 af
772 978 73 21 starka
861 977 95 28 drycker.
975 977 35 21 Då

185 1007 152 27 beklagligtvis
359 1007 31 20 till
410 1007 40 21 och
466 1007 47 21 med
529 1007 39 21 hos
584 1007 27 21 de
628 1007 85 21 bildade
728 1008 140 27 passionerna
883 1006 128 21 öfvervinna

185 1035 131 28 bildningen,
331 1035 54 21 huru
407 1035 43 22 kan
470 1043 47 14 man
533 1035 28 21 då
577 1037 64 19 vänta
656 1039 32 18 att
703 1035 27 22 de
746 1035 101 21 obildade
863 1035 60 21 skola
938 1035 72 20 kunna

185 1064 93 21 emotstå
298 1064 142 21 frestelserna.
471 1064 42 21 Om
533 1064 173 28 ölbryggerierna
742 1064 13 21 på
776 1064 72 21 landet
863 1063 48 22 icke
927 1063 83 21 komme

184 1095 32 18 att
232 1093 50 20 bära
298 1094 39 26 sig,
352 1092 24 21 så
391 1093 35 20 må
441 1093 26 20 de
483 1093 28 20 då
525 1093 28 28 gå
565 1093 72 21 under.
661 1093 176 27 Lagstiftningen
849 1091 103 22 behöfver
962 1092 48 21 icke

184 1120 57 22 hålla
264 1128 56 21 uppe
343 1121 37 21 det
403 1121 90 22 enskilta
517 1122 106 25 intresset,
644 1121 28 21 då
691 1121 71 22 folket
780 1122 6 20 i
802 1121 33 21 sin
858 1120 72 21 helhet
950 1123 62 25 tager

184 1149 68 21 skada
291 1149 51 22 deraf.
371 1149 53 22 Man
447 1151 61 26 säger
531 1153 31 18 att
583 1150 143 26 bevillningen
749 1150 35 21 för
805 1149 142 28 maltdrycker
962 1149 48 21 icke

185 1178 96 21 kommer
296 1181 31 18 att
342 1178 98 27 inbringa
455 1179 71 27 något,
541 1179 46 20 ifall
602 1186 48 13 man
664 1179 48 20 icke
724 1179 142 26 tillmötesgår
876 1177 135 28 ölbryggare-

184 1214 38 13 nes
246 1206 136 29 önskningar.
413 1206 43 22 Det
478 1206 33 22 må
530 1206 25 22 så
575 1214 56 18 vara,
646 1210 32 18 att
693 1208 21 20 vi
730 1207 19 28 ej
767 1206 27 29 på
809 1206 71 21 denna
895 1208 42 26 väg
951 1206 24 20 få
989 1206 21 20 in

185 1235 69 28 någon
276 1235 63 21 skatt.
368 1235 43 28 Jag
426 1243 61 14 anser
502 1236 18 27 ej
537 1235 82 22 skadan
635 1235 67 22 blifva
718 1235 24 22 sä
758 1239 50 17 stor.
838 1235 86 21 Skatter
939 1235 72 20 kunna

184 1271 44 20 nog
243 1263 34 22 fås
302 1265 21 20 in
345 1264 28 28 på
387 1267 66 18 annat
468 1266 47 19 sätt.
545 1264 42 27 Jag
602 1267 44 19 tror
661 1264 107 28 föröfrigt,
784 1266 32 19 att
831 1271 34 14 om
881 1263 37 22 det
933 1263 79 21 funnes

184 1292 97 21 hvarken
301 1293 20 20 öl
337 1293 52 20 eller
408 1293 88 20 bränvin
512 1293 40 20 och
568 1293 69 21 folket
652 1300 51 14 vore
719 1293 80 27 sedligt
814 1292 41 21 och
871 1292 91 28 nyktert,
974 1291 38 21 det

184 1320 70 21 skulle
276 1321 71 20 kunna
367 1320 51 22 bära
436 1321 85 28 mycket
535 1323 68 19 större
619 1322 81 21 skatter
715 1323 27 19 än
759 1329 34 13 nu.
823 1321 53 20 Man
891 1328 35 13 ser
940 1320 72 21 öfver-

185 1349 44 26 allt,
249 1349 55 21 huru
322 1349 41 21 den
385 1349 81 28 sedlige
487 1349 41 22 och
544 1350 77 27 nyktre
636 1350 119 25 arbetaren,
771 1349 41 22 han
828 1349 35 21 må
878 1349 66 21 sedan
960 1356 52 14 vara

185 1377 72 22 bonde
278 1377 51 22 eller
351 1377 67 26 herre,
434 1378 58 21 alltid
514 1378 39 21 lätt
574 1379 41 20 kan
631 1378 23 21 få
669 1379 51 28 ihop
735 1379 48 20 sina
799 1377 87 25 skatter,
901 1377 111 22 hvaremot

185 1405 42 22 den
243 1405 110 22 sedeslöse
369 1406 72 21 städse
456 1406 38 21 har
509 1407 82 28 knappt
606 1414 33 14 om
656 1408 126 27 penningar.
811 1406 43 27 Jag
869 1406 42 21 kan
927 1405 86 22 derföre

184 1434 71 29 aldrig
264 1435 33 49 g
312 1435 21 20 in
349 1434 66 29 derpå
428 1438 31 18 att
472 1435 152 21 kommunerna
638 1435 100 22 beröfvas
749 1436 34 20 sin
794 1436 43 20 rätt
847 1437 32 18 att
889 1435 124 26 bestämma,

184 1463 108 22 huruvida
307 1463 26 21 de
349 1463 50 28 vilja
415 1464 56 21 inom
487 1465 46 20 sina
547 1465 88 26 gränser
650 1467 108 24 emottaga
772 1471 25 14 en
811 1463 76 27 ölkrog
897 1463 51 21 eller
958 1462 55 27 icke,

184 1493 52 19 utan
259 1491 126 28 godkänner
400 1492 12 26 $
429 1492 11 21 1
457 1492 66 28 enligt
544 1492 79 28 nådiga
644 1493 163 27 propositionen
823 1491 56 21 blott
894 1490 67 22 under
976 1490 37 22 det

186 1520 77 26 vilkor,
278 1522 31 19 att
324 1521 6 20 i
347 1520 11 27 $
374 1521 12 20 3
402 1520 37 22 det
454 1520 73 28 tillägg
542 1522 69 26 göres,
627 1524 31 18 att
674 1520 130 22 kommunen
820 1528 51 20 eger
882 1521 42 20 rätt
935 1522 30 19 att
976 1519 37 22 be-
