1095 1786
189 116 27 21 10
359 123 214 22 Talonpoikaissääty
584 123 60 17 1882.
668 123 28 18 28
707 128 21 17 p.
740 123 103 22 Tammik.

189 193 36 24 pet
240 191 41 21 och
296 191 71 21 Adeln
382 193 55 19 samt
450 191 185 28 Borgareständet,
650 198 50 15 men
716 193 30 20 att
754 191 95 22 deremot
856 191 84 22 landets
947 191 68 28 begge

189 219 63 28 spräk
275 219 86 22 komme
377 222 30 19 att
422 220 7 21 i
444 220 82 21 Preste-
542 221 39 20 och
597 220 167 21 Bondeständen
780 220 112 27 begagnas.
923 219 32 22 En
970 220 45 21 del-

190 248 32 21 vis
244 255 72 14 annan
339 248 120 29 fördelning
477 249 21 21 af
513 249 126 28 personalen
655 248 70 24 blefve
742 249 69 27 nödig,
827 249 71 21 derest
911 249 47 21 icke
973 248 42 21 alla

189 276 62 21 ständ
274 276 70 23 skulle
366 279 76 25 antaga
460 277 137 27 stenografer,
613 277 53 22 eller
680 284 35 14 om
730 277 83 22 Preste-
828 277 39 21 och
884 276 130 22 Bondestän-

189 304 42 22 den
252 304 69 22 skulle
344 305 66 21 önska
432 306 131 27 stenografer
584 306 75 21 endast
674 306 33 20 för
722 308 30 19 ett
766 305 69 27 spräk,
851 306 6 20 i
874 305 79 21 hvilket
968 306 47 20 sist-

189 333 79 25 nämda
290 333 37 21 fall
349 334 62 21 äfven
432 334 169 28 stenografernas
619 334 115 28 mänatliga
756 334 78 21 arvode
857 334 69 23 skulle
941 333 74 22 beräk-

189 368 39 15 nas
250 362 65 28 nägot
338 362 57 27 lägre
417 362 52 22 eller
490 363 32 21 till
537 363 35 21 vid
587 369 51 22 pass
653 363 62 26 2,200
731 362 42 22 mk.
803 362 156 28 Stenografiska
973 362 42 22 för-

189 390 94 28 eningen
299 391 37 21 har
351 391 73 21 vidare
438 392 104 25 förutsatt,
557 393 31 19 att
596 392 72 27 hvarje
676 391 100 27 yttrande
787 398 31 14 nu
829 391 70 21 såsom
910 390 104 25 tillförene

186 419 72 21 skulle
282 419 21 21 af
324 420 159 27 stenograferne
501 420 102 21 aflemnas
618 420 27 28 pä
660 420 181 27 originalspräket,
857 426 49 14 men
921 420 7 20 i
944 419 70 27 tryck-

189 448 79 28 färdigt
290 448 65 25 skick,
377 448 85 22 hvarför
483 448 102 22 särskilda
608 449 104 21 notariers
734 448 81 22 biträde
831 448 33 21 för
879 448 136 28 protokollets

189 476 87 28 slutliga
298 476 110 22 redaktion
431 477 46 21 icke
500 484 49 14 vore
569 477 21 21 af
606 477 76 21 nöden.
712 477 74 21 Skulle
802 477 64 27 nägot
881 476 52 22 eller
947 476 66 28 nägra

188 504 63 22 ständ
267 505 76 21 sädant
365 506 72 27 önska,
453 512 38 21 ega
506 506 160 27 stenograferne
682 507 30 20 att
726 505 72 21 affatta
813 506 202 26 diskussionsproto-

188 533 68 21 kollet
278 540 58 14 mera
358 534 7 20 i
380 534 148 28 sammandrag
547 536 26 19 än
590 534 74 21 hittills
680 535 54 20 varit
749 534 85 27 vanligt.
863 534 10 21 I
890 534 72 27 hvarje
977 534 37 20 fall

188 562 61 21 torde
271 562 138 27 yttrandenas
426 563 155 21 öfversättande
603 563 32 21 till
658 563 83 21 landets
763 562 66 22 andra
843 562 68 28 spräk,
927 562 38 22 der
979 562 36 22 det

189 590 71 21 finnes
283 591 78 27 nödigt,
384 591 118 28 lämpligast
526 592 51 20 böra
599 592 125 20 verkställas
744 592 53 20 efter
812 591 139 27 landtdagens
966 591 48 27 slut,

190 619 27 21 dä
238 621 30 19 ett
283 619 68 27 dylikt
366 620 78 26 arbete,
459 620 68 21 säsom
543 620 42 21 den
601 620 34 21 vid
652 620 134 26 kyrkomötet
802 620 54 21 1876
873 626 71 14 vunna
960 619 54 21 erfa-

190 648 102 21 renheten
316 648 35 21 vid
373 648 83 21 handen
479 648 74 28 gifver,
571 648 41 21 kan
628 649 32 20 fäs
676 648 172 28 omsorgsfullare
864 648 39 21 och
919 648 95 27 billigare

190 676 82 21 utfördt
286 678 26 19 än
328 677 69 21 under
411 677 74 27 sjelfva
500 677 132 21 mötestiden.

260 705 42 21 Vid
326 706 145 27 uppgörandet
493 706 21 20 af
536 706 36 20 sitt
594 706 79 26 förslag
688 706 38 20 har
740 706 125 26 föreningen
882 706 74 20 främst
970 705 44 21 haft

190 733 32 21 till
246 734 135 27 ögonmärke,
396 736 30 20 att
448 741 76 21 genom
546 734 144 28 förstärkning
712 734 23 21 af
757 734 41 21 den
819 734 105 21 tillförene
939 736 76 24 ytterst

190 762 87 27 fätaliga
299 762 232 28 stenografpersonalen
556 763 125 27 möjliggöra
696 765 30 19 ett
740 762 78 22 snabbt
833 762 145 22 utskrifvande
993 762 22 21 af

190 790 139 28 protokollen.
359 790 12 22 I
394 791 40 21 den
457 791 48 21 män
522 791 81 21 arbetet
618 798 76 21 genom
710 791 121 27 fördelning
846 791 27 27 pä
887 792 67 20 större
968 797 47 21 per-

190 819 62 21 sonal
274 819 70 21 blifvit
358 820 80 26 lättare,
453 820 38 21 har
505 820 62 21 äfven
583 820 28 21 de
625 820 97 21 enskilda
736 820 171 27 stenografernas
922 819 93 28 aflöning

190 848 102 27 anslagits
315 848 48 21 vida
388 848 57 28 lägre
467 850 26 20 än
515 849 43 20 förr
573 849 62 26 (1877
652 849 7 20 i
675 848 99 22 medeltal
789 848 48 26 677,
852 854 31 15 nu
897 848 42 21 525
954 848 61 21 mark

190 876 131 27 mänatligen
351 877 32 20 för
406 878 84 26 hvarje).
527 877 39 21 Om
590 877 42 21 den
654 877 121 26 föreslagna
797 877 125 27 personalen
945 876 69 21 skulle

190 905 102 26 minskas,
307 905 70 21 blefve
393 905 36 22 det
443 905 94 28 omöjligt
552 907 31 19 att
597 907 58 20 emot
670 905 36 21 det
720 905 33 21 för
768 911 75 22 person
855 911 28 14 nu
894 904 121 22 beräknade

190 933 48 28 låga
260 934 65 27 priset
347 934 79 21 erhålla
448 934 135 27 stenografer.
614 934 73 21 Skulle
702 934 77 21 notarii
793 933 106 28 platserna
915 933 99 26 minskas,

189 961 72 22 såsom
282 962 65 21 redan
370 962 104 22 tillförene
490 963 54 20 lärer
559 963 54 20 varit
628 963 114 27 ifrågasatt,
758 963 39 20 och
813 962 86 21 dermed
915 961 99 22 förenade

188 990 97 27 göromål
308 991 67 21 delvis
398 991 167 22 öfverlemnades
590 991 21 21 åt
635 991 120 28 respektive
781 991 185 27 stenografchefer,
992 990 24 21 så

189 1019 87 22 komme
292 1019 169 22 totalkostnaden
476 1020 33 21 för
523 1020 84 21 Preste-
622 1020 40 21 och
676 1019 197 28 Borgareståndens
883 1019 93 21 kanslier
985 1021 31 19 att

191 1047 65 22 blifva
271 1047 91 22 likasom
376 1048 64 27 förut,
460 1049 33 20 för
507 1048 160 21 Bondeståndet
682 1048 32 21 till
729 1048 40 21 och
784 1048 49 21 med
848 1047 89 28 mindre,
952 1047 63 27 detta,

190 1076 69 21 ehuru
274 1077 194 27 stenograferingen
485 1083 88 15 numera
588 1077 69 21 skulle
672 1077 38 21 ske
725 1077 27 28 på
767 1076 36 22 två
817 1077 62 27 språk
895 1077 40 20 och
949 1075 67 22 redan

189 1104 34 21 för
245 1105 43 21 den
310 1105 57 21 skull
389 1105 55 22 kräft
466 1105 53 22 ökad
541 1105 104 28 personal.
675 1105 134 28 Föreningen
832 1105 78 22 tillåter
931 1105 33 27 sig
986 1106 30 19 att

190 1135 86 25 nämna,
299 1135 30 20 att
344 1134 138 27 stenografisk
498 1134 145 27 uppteckning
658 1134 21 21 af
694 1134 207 28 representationens
916 1133 98 22 förhand-

189 1161 77 28 lingar,
288 1162 47 21 icke
355 1163 7 20 i
381 1163 64 27 något
464 1163 49 20 land
536 1163 102 26 fullgöres
654 1163 21 20 af
690 1163 23 20 så
728 1162 73 27 fåtalig
816 1162 99 28 personal
929 1161 40 22 och
983 1161 33 22 för

190 1196 27 14 en
233 1190 24 21 så
280 1191 91 27 måttligt
390 1191 105 21 beräknad
517 1191 133 27 godtgöreise
671 1198 46 14 som
732 1191 7 21 i
755 1191 96 21 Finland.
882 1190 134 26 Stenografe-

189 1219 49 28 ring
256 1219 8 20 i
278 1218 49 28 fyra
343 1219 83 21 kamrar
441 1219 66 22 delvis
523 1219 26 28 pä
564 1221 78 20 tvenne
658 1220 62 27 spräk
736 1219 69 22 skulle
821 1219 67 28 enligt
902 1219 58 21 detta
974 1218 42 21 för-

188 1247 48 28 slag
251 1248 61 21 kosta
327 1248 139 21 tillsammans
482 1249 75 25 12,500
572 1249 60 20 mark
648 1248 150 27 mänadtligen,
813 1248 78 21 medan
904 1248 33 20 för
946 1247 70 21 Sveri-

189 1282 38 21 ges
245 1276 81 28 ärligen
342 1277 197 21 sammanträdande
555 1277 39 21 och
610 1277 26 27 pä
646 1279 78 19 tvenne
733 1277 85 21 kamrar
827 1276 109 21 fördelade
944 1281 72 22 repre-

187 1305 108 21 sentation
313 1305 194 28 stenograferingen
529 1305 129 28 mänatligen
679 1305 71 22 kostar
768 1305 75 27 16,520
867 1305 60 21 mark
951 1305 65 27 jemte

190 1333 42 27 det,
255 1335 59 20 utom
337 1334 164 27 stenograferne,
523 1334 63 21 äfven
608 1334 113 21 kanslister
735 1336 37 19 äro
787 1334 34 21 för
835 1333 181 28 protokollsförin-

190 1368 41 21 gen
247 1362 102 21 anstälde.

260 1390 50 22 Med
333 1391 64 21 ofvan
419 1391 119 28 föreslagna
560 1391 169 28 arbetspersonal
752 1391 41 21 och
807 1390 28 22 dä
849 1391 37 20 det
900 1390 33 21 för
947 1391 70 26 proto-

188 1418 86 24 kollens
289 1419 129 28 utskrifning
433 1419 134 22 reserverade
583 1419 97 28 anslaget
694 1419 71 22 skulle
780 1421 51 26 göra
847 1419 36 21 det
893 1418 84 29 möjligt
986 1420 31 19 att

189 1447 67 22 anlita
278 1450 30 19 ett
325 1450 54 19 stort
393 1448 57 22 antal
465 1448 7 21 i
486 1447 115 29 stenografi
616 1448 96 27 kunniga
726 1447 98 22 biträden
839 1447 33 22 för
887 1449 130 23 stenogram-

188 1482 63 15 mens
267 1477 149 21 öfverförande
430 1477 8 20 i
454 1477 71 27 vanlig
534 1477 67 26 skrift,
613 1479 43 19 tror
666 1477 127 27 föreningen
804 1476 31 28 sig
846 1476 74 21 kunna
930 1475 87 25 utläfva,

189 1506 31 20 att
240 1504 133 28 protokollen
395 1504 59 22 skola
469 1505 73 21 kunna
557 1504 102 22 aflemnas
674 1505 106 21 snabbare
795 1506 27 20 än
837 1504 50 22 förr.
915 1503 102 26 Förenin-
