1095 1786
167 118 42 21 200
353 124 215 21 Talonpoikaissääty
579 125 61 17 1882.
662 125 25 17 14
698 129 21 16 p.
732 124 93 17 Helmik.

287 261 180 28 Helmikuun
486 261 33 27 14
537 261 123 34 päivänä
678 261 56 26 k:lo
752 261 27 26 11
797 268 22 19 e.
837 269 47 26 pp.

238 365 141 24 Ilmoitettiin,
405 367 45 19 että
474 364 78 29 säädyn
582 364 253 29 keskustelupöytäkirjat
857 364 141 21 Tammikuun

169 394 127 21 istunnoista
310 394 66 21 olivat
390 394 77 28 jätetyt
481 393 189 22 tarkastettaviksi.
885 408 3 4 ;

241 526 94 20 Luettiin
358 526 21 26 ja
400 525 144 29 hyväksyttiin
563 532 23 14 se
605 525 113 25 kontrahti,
733 524 65 29 jonka
813 524 80 28 säädyn
907 524 92 22 Sihteeri

172 554 29 21 oli
216 554 76 28 tehnyt
306 553 296 30 pikakirjoitus-yhdistyksen
619 554 77 21 kanssa
706 553 152 30 pikakirjurien
869 553 130 22 ottamisesta

170 583 22 27 ja
206 583 28 20 oli
250 585 83 19 sanottu
348 582 97 28 välikirja
460 583 48 21 näin
523 583 100 21 kuuluva:

242 638 161 29 Stenografiska
425 639 123 29 föreningen
570 640 8 20 i
596 639 135 28 Helsingfors
747 638 110 22 förbinder
871 639 32 27 sig
918 638 82 21 härme-

172 668 57 21 delst
244 670 32 19 att
291 668 34 20 för
343 668 37 21 det
395 668 154 28 stenografiska
564 668 174 29 upptecknandet
754 668 23 21 af
791 667 187 27 förhandlingarna
992 668 8 20 i

172 696 143 22 Hedervärda
328 696 160 22 Bondeständet
502 697 67 21 under
583 696 142 22 innevarande
741 696 102 28 landtdag
857 696 33 21 till
906 695 94 22 ständets

173 725 126 28 disposition
321 725 62 21 ställa
403 725 92 21 filosofie
519 726 114 28 magistern
653 725 57 21 Emil
728 724 105 28 Almberg
848 724 68 22 säsom
931 726 70 19 steno-

173 753 99 50 aihe
294 754 48 21 med
366 754 82 21 biträde
469 754 23 21 af
507 754 47 28 fyra
569 754 132 28 stenografer
716 754 67 28 enligt
797 752 93 30 följande
906 754 95 20 närmare

188 782 151 28 estämningar;

243 812 33 20 1:o
298 811 163 27 andragandena
482 810 133 30 upptecknas
636 810 28 29 pä
684 810 38 22 det
741 810 64 29 språk
824 818 26 14 en
867 810 54 22 hvar
935 810 67 21 talare

174 839 115 28 begagnar;

243 868 34 21 2:0
300 868 163 27 stenograferne,
486 876 44 13 som
553 868 47 22 föra
623 867 260 29 diskussionsprotokollet
905 866 40 22 och
963 874 39 21 ega

174 899 32 18 att
228 896 95 21 leverera
342 896 37 21 det
394 897 6 20 i
419 896 142 29 tryckfärdigt
576 897 68 26 skick,
658 897 81 21 lämnas
755 896 102 28 rättighet
871 897 32 20 att
918 895 36 21 vid
968 898 35 17 ut-

174 924 131 29 skrifningen
320 925 118 21 bortlemna
453 925 80 21 mindre
549 926 81 27 vigtiga
644 925 99 28 detaljer;

244 954 33 20 3:0
292 953 22 22 af
329 953 256 29 originalstenogrammen
601 954 81 21 lemnas
698 957 31 18 ett
744 953 109 28 exemplar
865 955 32 18 att
907 952 97 22 förvaras

174 982 8 20 i
197 981 95 22 ständets
308 982 69 26 arkiv;

244 1012 33 20 4:0
292 1010 128 29 föregående
435 1010 86 22 månads
536 1011 106 28 protokoll
657 1010 53 22 böra
724 1018 52 14 vara
790 1010 33 21 till
834 1009 85 22 ståndet
929 1009 74 22 aflem-

174 1039 55 21 nade
244 1042 72 18 senast
330 1039 41 21 den
388 1041 26 19 15
429 1040 8 20 i
452 1039 93 29 följande
560 1039 87 27 månad;

244 1069 33 20 5:0
292 1068 183 28 stenografchefen
491 1068 108 21 betraktas
615 1068 68 21 såsom
698 1068 82 21 notarie
795 1068 7 20 i
817 1067 94 26 ståndet;

244 1097 33 20 6:0
292 1097 37 20 det
351 1096 115 29 månatliga
483 1097 88 21 arvodet
587 1099 63 25 utgör
664 1096 100 22 tvåtusen
779 1095 38 22 två
830 1095 83 22 hundra
927 1096 78 27 (2,200)

175 1125 60 21 mark
250 1128 58 18 utom
323 1125 129 28 fyrahundra
467 1126 58 27 (400)
541 1125 34 21 för
589 1125 129 28 utskrifning
732 1125 24 21 af
771 1128 175 25 stenogrammen.

244 1182 142 28 Helsingfors,
401 1183 41 20 den
459 1183 10 20 1
486 1182 62 22 Febr.
565 1183 61 21 1882.

364 1239 32 22 På
411 1239 159 29 Stenografiska
585 1239 135 29 föreningens
735 1241 88 27 vägnar:

495 1297 26 21 E.
541 1297 24 22 G.
581 1297 101 22 Palmén.

229 1356 3 5 "
245 1354 96 22 Härmed
357 1354 105 21 förklarar
475 1355 35 28 jag
525 1355 43 28 mig
583 1354 55 29 nöjd.
668 1354 81 21 Datum
766 1361 45 14 som
827 1353 72 22 ofvan.

433 1411 30 21 På
478 1411 170 22 Bondeståndets
663 1413 89 26 vägnar:

490 1469 20 21 J.
531 1469 26 21 G.
576 1468 113 22 Sohlman.
