1095 1786
260 138 213 21 Talonpoikaissääty
484 139 60 16 1882.
567 139 24 16 15
603 143 21 16 p.
636 138 98 17 Maalisk.
870 133 42 21 403

86 207 53 27 migt
160 207 96 21 omfattat
278 206 41 21 den
335 206 60 27 äsigt,
411 208 30 19 att
456 207 186 27 bestämningarna
657 207 8 20 i
680 206 48 21 näd.
744 207 169 27 propositionens

87 236 36 26 18
136 236 10 20 1
158 242 62 15 mom.
236 235 68 21 skulle
320 235 48 21 leda
383 235 32 21 till
431 235 60 21 svåra
501 235 157 27 förvecklingar
668 235 91 21 emellan
770 235 143 27 intecknings-

86 264 114 21 hafvarene
217 264 7 21 i
239 263 124 28 fastigheter
378 263 12 21 å
405 269 41 16 ena
461 264 60 21 sidan
538 265 39 20 och
593 264 31 21 uti
639 263 27 28 på
681 263 48 22 dem
746 263 89 28 anlagda
850 264 63 21 indu-

86 293 78 20 striella
187 292 50 21 verk
258 292 12 20 å
285 292 40 20 den
342 292 73 27 andra,
431 293 38 20 och
485 293 32 20 till
533 292 174 21 förekommande
723 292 59 20 häraf
797 292 46 21 icke
859 292 54 20 kun-

86 323 36 19 nat
136 320 58 22 finna
209 327 71 15 annan
293 322 70 25 utväg,
379 322 25 19 än
422 320 47 26 den,
478 323 30 19 att
523 321 68 20 införa
607 320 138 28 stadganden,
756 321 60 20 som
804 316 12 36 i
829 322 84 20 väsent-

86 350 29 26 lig
131 349 46 21 mån
193 349 116 21 förminska
325 349 137 27 möjligheten
478 350 32 20 till
526 349 123 21 erhållande
660 349 21 21 af
690 348 36 22 lån
737 351 44 19 mot
788 349 126 27 inteckning

86 378 30 21 uti
139 378 160 27 ifrågavarande
314 378 57 25 verk,
387 380 55 18 samt
457 378 26 21 då
499 378 125 26 stadgandet
639 378 6 20 i
662 378 47 20 nåd.
725 378 158 27 propositionen
900 378 11 20 1

87 407 12 26 $
121 407 13 20 2
156 413 62 15 mom.
241 406 122 27 ytterligare
382 407 120 20 motverkar
517 406 132 21 erhällandet
664 406 21 21 af
700 406 72 27 dylika
787 406 42 26 län,
845 407 38 20 och
900 407 13 20 2

86 436 12 26 $
122 436 12 20 2
155 442 63 14 mom.
234 435 99 27 slutligen
346 435 90 20 innebär
452 437 29 19 ett
496 435 149 27 upphäfvande
661 435 21 21 af
697 442 29 14 nu
742 435 98 27 gällande
856 435 57 21 stad-

85 464 84 26 ganden
186 470 32 14 om
239 464 125 26 inteckning
379 464 40 20 och
435 464 135 20 förmånsrätt
585 464 33 20 för
634 470 14 14 s.
666 464 18 20 k.
700 464 119 27 förlagslån,
835 464 79 26 hvilka,

85 492 24 21 så
131 492 93 28 otydliga
247 492 26 21 de
296 494 26 19 än
345 494 80 18 ansetts
445 499 55 18 vara,
519 492 66 21 likväl
606 492 7 20 i
629 492 109 27 praktiken
756 492 67 21 blifvit
838 492 7 20 i
861 494 52 19 stort

86 521 85 27 omfång
194 520 120 28 tillämpade
337 520 32 21 till
384 520 91 22 fromma
491 522 32 20 för
537 521 113 27 industrin,
666 521 38 21 och
720 521 147 27 lagutskottets
883 528 30 13 nu

86 550 94 27 upplästa
204 549 114 28 lagförslag
340 549 68 28 ingått
430 550 26 27 på
478 550 57 21 detta
558 550 156 27 upphäfvande,
736 550 23 21 så
779 550 40 21 kan
842 550 35 27 jag
893 550 18 27 ej

85 579 58 20 finna
158 581 70 23 annat,
244 580 26 18 än
286 581 30 17 att
331 578 86 26 frågans
432 579 91 26 lösning,
539 578 65 21 sådan
621 579 41 20 den
678 585 30 13 nu
723 579 129 27 föreligger
846 574 12 36 i
865 578 49 21 nåd.

85 607 156 27 propositionen
262 607 40 20 och
322 607 126 26 isynnerhet
468 608 7 19 i
497 607 149 27 lagutskottets
668 607 139 25 betänkande,
823 607 30 21 till
869 609 45 19 stor

86 636 32 20 del
143 635 42 22 står
202 637 48 19 rent
264 635 22 21 af
300 635 7 21 i
322 635 52 21 strid
390 635 49 21 med
456 636 127 26 petitionens
599 636 61 26 syfte,
676 635 97 21 hvarföre
789 636 43 20 min
848 636 65 20 första

86 664 63 21 tanke
165 671 36 14 var
216 664 41 20 den
274 664 64 21 redan
354 664 21 20 af
390 664 208 27 landtdagsmannen
614 664 89 21 Avellan
720 664 100 26 uttalade,
835 666 30 19 att
880 670 33 15 re-

86 693 83 21 mittera
191 692 87 22 ärendet
296 692 87 21 tillbaka
399 692 32 21 till
447 693 107 27 utskottet,
570 693 33 21 för
618 694 30 20 att
663 692 115 21 behandlas
793 693 6 20 i
816 694 97 19 närmare

86 721 220 21 öfverensstämmelse
327 721 49 21 med
399 721 12 27 &$
435 722 11 20 1
469 722 5 20 i
499 721 76 27 nådiga
598 722 162 26 propositionen,
783 728 48 14 men
847 721 64 21 likväl

86 750 48 21 med
150 750 35 21 det
200 750 74 26 vilkor,
290 751 29 19 att
334 750 67 20 andra
416 752 117 19 momentet
549 750 6 20 i
571 750 47 21 nåd.
634 750 169 27 propositionens
818 750 64 21 första
894 750 19 26 $,

85 785 46 14 som
146 778 118 22 innehåller
278 778 77 21 förbud
371 780 45 19 mot
432 778 125 27 inteckning
571 779 8 20 i
594 778 74 26 fabrik,
685 780 37 19 när
737 778 41 21 den
791 780 23 19 är
828 778 84 27 inrymd

85 808 6 19 i
116 807 53 27 hyrd
193 807 62 25 lokal,
277 806 64 22 måtte
363 807 124 27 upphäfvas.
517 807 50 21 Men
583 807 27 21 dä
624 808 36 26 jag
675 806 45 22 åter
734 809 59 25 tager
807 807 7 21 i
830 807 84 21 betrak-

86 836 69 26 tande,
170 838 30 18 att
222 836 159 27 upphäfvandet
403 836 22 20 af
448 836 57 21 detta
523 836 77 20 förbud
616 836 60 20 stode
691 836 6 20 i
713 836 51 20 strid
780 836 48 21 med
844 836 69 26 lagut-

85 864 89 21 skottets
196 864 105 28 enhälliga
321 864 59 27 åsigt,
397 866 31 19 att
442 864 126 28 inteckning
582 865 7 20 i
605 864 68 21 fabrik
690 864 37 21 bör
742 864 81 22 lemnas
838 864 53 21 blott
906 864 7 20 i

85 893 151 27 sammanhang
260 893 47 20 med
330 892 124 28 inteckning
475 893 8 20 i
501 893 76 27 sjelfva
592 893 81 27 jorden,
689 893 73 21 tvekar
776 894 35 26 jag
826 894 30 19 att
871 893 41 20 för-

85 921 51 21 orda
158 921 64 27 något
242 921 81 21 sådant.
353 921 83 27 Frågan
452 923 23 19 är
490 922 19 27 ej
525 921 68 21 heller
608 921 21 21 af
644 921 23 21 så
682 921 132 21 brådskande
830 921 83 21 beskaf-

85 950 78 26 fenhet,
184 950 26 21 då
233 950 161 27 lagstadgandet
414 956 35 14 om
465 950 203 27 förlagsinteckning
683 952 57 19 ännu
756 952 23 19 är
793 950 7 20 i
815 949 98 28 gällande

85 978 55 21 kraft
155 979 38 20 och
212 979 32 20 till
260 979 38 20 och
314 979 48 20 med
378 978 71 21 blifvit
464 979 120 27 upplifvadt
599 979 7 20 i
621 985 26 14 en
664 985 73 14 sevare
753 979 124 26 förordning
891 979 24 20 af

85 1007 41 20 den
143 1007 12 20 9
170 1007 52 21 Nov.
240 1007 60 21 1868.
330 1007 42 27 Jag
387 1007 79 21 tillåter
481 1007 44 28 mig
541 1007 82 21 derföre
638 1007 82 26 föreslå,
736 1007 36 21 det
786 1007 48 21 hela
847 1007 65 21 saken

85 1035 64 21 måtte
164 1035 33 21 för
212 1035 70 22 denna
297 1035 56 28 gång
367 1035 22 21 få
404 1035 90 22 förfalla.
517 1036 41 27 Jag
573 1038 38 25 gör
626 1036 64 26 detta,
700 1036 133 27 naturligtvis
844 1035 69 22 under

84 1064 150 27 förutsättning
257 1066 29 19 att
309 1064 32 26 de,
364 1064 72 21 hvilka
459 1065 40 20 ifra
521 1065 34 20 för
575 1065 135 26 afhjelpande
732 1065 21 20 af
768 1064 145 27 föreliggande

85 1092 124 21 industriela
232 1093 68 26 behof,
320 1093 60 20 skola
403 1093 31 20 till
456 1095 61 19 nästa
538 1093 102 27 landtdag
662 1093 46 20 med
733 1093 137 27 begagnande
891 1093 22 20 af

85 1121 125 21 ständernas
232 1121 133 22 motionsrätt
387 1121 109 28 förelägga
519 1123 29 20 ett
570 1121 134 28 fullständigt
725 1121 118 28 lagförslag,
866 1128 47 14 som

84 1150 84 21 komme
192 1150 31 21 till
238 1152 30 19 ett
282 1152 65 19 annat
362 1150 72 21 beslut
449 1152 27 19 än
492 1151 41 26 det,
550 1150 60 21 hvari
624 1150 139 27 lagutskottet
777 1157 30 14 nu
822 1152 91 19 stannat.

153 1206 215 28 Landtdagsmannen
392 1207 127 21 Sandell
538 1207 100 21 förenade
654 1207 32 28 sig
701 1207 7 21 i
723 1207 41 21 allo
779 1207 49 21 med
843 1207 70 21 landt-

86 1236 144 27 dagsmannen
246 1236 130 21 Costiander.

152 1292 114 22 Edusmies
284 1293 189 21 Tensikkala
490 1293 89 21 vastusti
595 1293 106 21 edusmies
715 1293 145 27 Rosenbergin
876 1293 37 20 eh-

85 1321 89 27 dotusta,
196 1321 65 22 koska
281 1321 84 28 laivoja,
385 1321 60 28 jotka
466 1324 50 19 ovat
531 1321 171 26 kulkulaitoksia,
717 1322 19 21 ei
751 1322 84 20 millään
852 1327 62 15 muo-

83 1353 35 18 toa
141 1350 53 21 voisi
217 1351 55 26 pitää
292 1350 231 21 teollisuuslaitoksina.
553 1350 89 21 Muuten
658 1351 80 26 puhuja
752 1351 71 20 kaikin
839 1350 73 27 puolin

83 1379 105 26 hyväksyi
203 1379 144 21 valiokunnan
363 1379 120 21 mietinnön
499 1380 21 27 ja
535 1379 38 28 piti
589 1380 38 20 sitä
640 1379 70 27 paljoa
722 1385 127 22 parempana
860 1379 53 20 kuin

83 1407 116 21 armollista
214 1408 92 26 esitystä.

152 1464 114 21 Edusmies
286 1464 119 21 Duncker
432 1465 111 25 ihmetteli,
566 1464 72 21 minkä
659 1465 56 21 takia
736 1464 179 22 Lakivaliokunta

83 1493 28 21 oli
132 1493 97 21 tahtonut
250 1493 94 27 supistaa
361 1492 178 22 mahdollisuutta
554 1493 63 21 saada
632 1493 79 27 lainoja
726 1493 124 27 kiinnitystä
866 1498 46 15 vas-

83 1524 48 18 taan
147 1522 109 21 irtaimeen
273 1521 153 27 omaisuuteen,
442 1522 79 20 vaikka
536 1522 39 21 itse
591 1522 163 21 mietinnössään
770 1528 64 15 sanoo
849 1523 64 19 tavan
