1098 1809
314 119 119 23 Perjantaina
445 121 21 17 12
478 122 43 21 p:nä
532 120 120 18 helmikuuta.
840 122 40 21 207

86 194 67 20 varat.
176 190 72 24 Mutta
262 192 66 22 kuten
343 192 115 27 tiedetään,
474 199 26 15 on
512 193 64 21 tähän
587 193 40 22 asti
637 193 208 21 suostuntavaroista
852 193 58 21 mak-

87 222 55 20 settu
164 222 62 20 nämä
244 220 80 28 palkat,
340 221 48 21 eikä
402 222 94 26 nytkään
512 222 33 21 ole
560 223 73 20 muuta
648 228 81 15 neuvoa
744 222 52 20 kuin
812 223 50 24 että,
876 222 34 27 jos

87 251 57 19 tämä
160 249 90 21 ehdotus
265 249 150 27 hyväksytään,
430 250 76 26 säädyt
520 252 73 20 saavat
607 250 89 26 miettiä,
711 250 63 21 mistä
789 252 60 19 varat
864 256 47 16 saa-

87 278 62 25 daan,
165 277 47 21 sillä
227 277 144 22 hallituksella
386 278 19 20 ei
420 278 32 21 ole
468 284 38 16 sen
520 278 79 22 kanssa
614 278 80 22 mitään
709 278 121 22 tekemistä.
852 278 59 22 Minä

87 306 36 21 siis
138 305 91 27 hylkään
244 306 149 27 anomuksen.

154 334 112 22 Edusmies
281 332 82 24 Slotte:
378 333 67 22 Äfven
458 334 37 27 jag
509 336 24 20 är
548 334 23 22 af
584 340 80 16 samma
679 334 55 28 äsigt
747 340 46 16 som
804 335 40 21 den
856 334 55 22 före-

86 362 82 28 gäende
182 362 89 22 talaren.
285 362 42 28 Jag
341 363 37 21 vill
392 363 8 21 i
414 363 63 27 ingen
493 363 102 22 händelse
609 363 50 27 höja
673 364 28 25 pä
709 362 201 23 folkskollärarenes

86 392 66 21 löner.
181 391 43 21 Det
242 397 51 16 vore
308 393 16 20 t.
340 397 19 16 o.
374 398 28 15 m.
418 398 26 15 en
460 392 102 22 orättvisa
577 393 44 21 mot
635 392 166 27 presteständets
817 391 93 22 ledamö-

86 423 40 19 ter.
155 420 43 22 Det
219 419 67 22 finnes
301 421 8 21 i
323 420 73 22 landet
411 419 59 22 öfver
484 420 29 22 30
528 420 154 28 presttjenster,
699 421 37 21 der
751 421 88 21 lönerna
854 421 57 26 stiga

86 449 53 21 efter
154 448 118 27 beräkning
286 449 33 21 till
334 449 42 21 500
392 448 12 22 &
420 449 63 26 1,000
497 450 62 21 mark
575 449 39 22 och
630 449 59 21 öfver
705 450 41 21 130
756 449 153 27 presttjenster,

87 478 37 21 der
138 477 90 22 lönerna
242 478 56 26 stiga
312 477 33 22 till
360 478 77 21 mellan
455 478 156 26 1,000—1,200
625 478 68 22 mark.
723 478 11 20 I
749 478 70 22 denna
834 478 75 22 beräk-

86 506 49 28 ning
152 506 38 22 har
208 513 49 15 man
272 507 90 26 antagit,
378 508 32 20 att
424 512 26 16 en
465 509 68 19 tunna
548 507 96 27 spanmäl
659 507 73 21 kostar
747 507 29 21 20
785 506 67 28 mark,
861 513 48 15 men

86 535 90 22 emedan
190 535 68 27 priset
272 535 27 27 pä
314 535 95 27 spanmäl
424 535 104 28 betydligt
544 536 46 26 gått
597 536 71 26 nedåt,
678 536 57 26 stiga
742 536 73 21 säkert
823 536 87 21 lönerna

86 564 46 22 icke
155 570 37 15 ens
214 564 33 21 till
270 564 62 21 ofvan
350 564 88 21 anförda
453 564 83 27 belopp.
567 565 43 21 För
625 566 33 19 att
672 564 65 22 blifva
753 567 58 24 prest
825 564 84 21 fordras

86 593 37 21 det
146 592 83 22 10—12
252 592 34 22 års
304 592 88 27 studier,
410 592 28 21 då
453 593 95 21 deremot
563 593 178 22 folkskolläraren
757 592 102 22 behöfver
874 598 35 15 en-

86 621 49 22 dast
154 622 14 21 4
186 620 25 21 år
227 621 34 21 för
280 622 33 20 att
330 621 23 21 få
370 621 32 21 sin
418 627 95 15 examen.
544 622 50 22 Man
609 621 42 22 kan
667 622 122 26 visserligen
805 623 56 25 säga,
878 622 32 20 att

86 650 159 26 presterskapet
267 650 38 21 har
327 649 142 27 förhoppning
492 657 33 14 om
548 652 34 20 att
603 650 86 22 komma
712 650 33 21 till
759 651 69 20 större
843 650 66 21 löner.

86 678 42 21 Det
151 681 23 19 är
198 684 42 20 nog
262 680 53 24 sant,
336 679 33 21 att
384 678 33 21 för
432 684 26 16 en
474 678 34 22 del
524 679 22 21 af
559 678 159 28 presterskapet
733 679 44 21 står
793 678 36 21 det
845 680 64 24 öppet

86 708 33 20 att
133 706 85 22 komma
233 705 32 22 till
280 708 69 20 större
364 706 66 27 löner,
446 713 48 15 men
510 714 81 15 samma
606 709 25 19 är
643 707 144 21 förhållandet
797 707 47 21 med
855 706 55 22 folk-

86 735 151 27 skollärarene,
253 735 71 22 hvilka
340 735 72 27 tyckas
428 735 72 22 kunna
515 742 52 16 vara
579 736 220 26 tidningsredaktörer
807 736 48 21 med
864 735 45 21 det-

86 770 81 16 samma
189 764 26 22 de
236 764 62 22 sköta
320 765 33 21 sin
371 764 71 27 tjenst.
472 764 201 22 Folkskollärarene
687 764 72 22 kunna
774 764 67 22 blifva
855 764 54 21 folk-

86 793 200 27 skoleinspektorer.
302 793 42 21 Det
355 792 67 22 finnes
430 793 33 21 för
471 794 133 22 närvarande
611 793 51 22 flere
671 793 240 27 folkskoleinspektorer

86 828 46 16 som
154 821 56 22 varit
231 821 169 27 folkskollärare,
423 822 39 21 och
486 822 26 21 de
534 822 63 22 hafva
616 822 109 22 dessutom
740 821 170 27 löneförhöjning

86 850 54 22 efter
159 850 13 22 5
192 850 40 22 och
253 851 27 20 10
298 850 29 22 år.
357 850 43 22 Det
421 850 67 22 finnes
506 851 83 21 således
607 852 62 25 ingen
685 851 114 27 anledning
813 853 32 19 att
861 850 48 27 höja

87 879 201 22 folkskollärarenes
310 879 66 21 löner.
406 878 84 22 Tänker
507 886 48 15 man
571 880 64 21 sedan
651 880 107 20 hvarifrån
775 880 60 20 dessa
851 879 58 21 löner

86 908 60 22 skola
162 909 65 26 tagas,
242 908 24 21 så
280 910 25 18 är
320 908 36 21 det
370 907 74 27 folket,
459 914 45 15 som
513 908 68 22 skalla
590 909 95 26 bidraga,
696 914 34 16 om
741 908 36 22 det
789 907 63 23 också
860 908 50 21 sker

86 943 76 21 genom
170 938 76 20 staten.
262 936 39 22 Om
309 942 29 16 nu
345 936 101 28 förslaget
454 943 34 15 om
497 937 56 21 skol-
561 938 40 21 och
609 936 110 28 lärotvång
727 937 41 21 blir
776 938 87 26 antaget
870 936 40 22 och

86 965 20 21 vi
121 965 21 21 få
157 965 7 21 i
179 965 51 21 våra
244 965 43 21 500
302 965 148 26 församlingar
465 966 63 21 minst
543 966 14 20 5
567 965 70 22 skolor
647 966 7 20 i
662 965 195 27 medeltal
768 961 11 37 i
789 961 66 37 hvarje
867 965 42 20 för-

87 994 95 25 samling,
198 993 24 22 så
236 992 42 22 kan
293 1000 47 14 man
357 994 40 20 lätt
412 993 65 21 tänka
492 994 85 21 hvartill
593 994 36 21 det
645 994 59 20 leder
720 993 39 21 och
770 993 71 22 hvilka
852 994 58 20 kost-

86 1022 66 21 nader
168 1021 36 22 det
219 1021 163 22 åstadkommer.
402 1021 42 27 Jag
458 1024 111 20 motsätter
583 1023 42 25 mig
635 1022 68 21 denna
718 1022 102 26 petitions
835 1022 74 21 remiss

86 1050 34 22 till
134 1050 91 22 utskott.

155 1078 112 22 Edusmies
284 1078 105 23 Starcke:
410 1078 58 22 Efter
487 1079 25 21 de
528 1079 91 27 kostliga
634 1079 160 27 andraganden,
810 1085 45 16 som
871 1079 39 21 här

87 1108 70 22 blifvit
178 1108 78 26 hållna,
280 1108 66 21 afstår
366 1108 37 26 jag
418 1108 46 21 från
482 1109 32 20 att
528 1108 73 22 vidare
616 1108 115 27 uppehålla
745 1108 92 22 ståndet.
867 1108 43 21 Det

86 1136 108 22 förefaller
209 1142 46 16 som
271 1142 33 16 om
312 1136 70 22 finska
389 1136 68 22 folket
465 1137 39 21 och
512 1138 48 20 dess
567 1138 172 26 representanter
747 1137 18 27 ej
775 1138 57 20 ännu
842 1136 67 22 skulle

86 1167 46 21 inse
146 1165 56 22 hvad
218 1165 61 21 deras
294 1166 42 20 frid
351 1165 104 22 tillhörer.
485 1166 41 26 Jag
541 1165 34 21 för
589 1166 44 20 min
649 1165 33 21 del
699 1165 143 22 understöder
857 1166 53 26 peti-

86 1194 84 22 tionens
184 1194 64 22 remis
263 1194 32 21 till
310 1193 90 23 utskott.

155 1222 111 22 Edusmies
289 1222 53 24 Näs;
364 1222 42 22 För
428 1224 32 20 att
482 1223 46 21 icke
543 1225 50 25 säga
608 1224 34 20 att
657 1223 36 21 det
708 1222 99 22 förvänar
822 1223 49 26 mig,
887 1222 23 21 sä

87 1252 67 21 mäste
168 1252 36 26 jag
219 1254 51 24 säga
285 1253 33 20 att
333 1252 36 21 det
384 1251 126 22 ätminstone
526 1251 113 22 förundrar
654 1252 48 26 mig,
711 1253 33 19 att
754 1251 156 22 bondeständet

88 1282 56 19 ännu
159 1281 7 20 i
182 1280 69 21 denna
269 1280 41 26 dag
327 1282 24 19 är
366 1279 24 22 sä
405 1286 49 20 pass
469 1281 142 25 motsträfvigt
626 1281 33 20 att
673 1280 99 26 uppoffra
787 1280 66 26 några
867 1279 42 27 fyr-

87 1308 39 21 kar
141 1308 33 21 tili
189 1308 121 26 uppehållet
325 1308 34 21 för
373 1308 46 22 sina
434 1314 54 21 egna
502 1308 65 22 barns
581 1308 77 22 lärare.
688 1308 33 21 Då
736 1314 49 16 man
801 1308 108 26 betänker,

88 1338 31 20 att
138 1336 26 22 de
181 1336 61 22 lärda
264 1336 100 22 skolorna
386 1337 62 21 kosta
470 1337 107 27 åtskilliga
599 1336 184 27 hundratusental],
805 1336 106 22 måhända

87 1365 97 27 miljoner
206 1365 39 21 och
267 1366 61 21 dessa
348 1371 93 16 summor
463 1365 85 22 komma
570 1366 33 21 till
625 1367 62 25 nytta
705 1365 22 21 ät
741 1367 32 19 ett
788 1365 52 21 fätal
854 1364 55 22 indi-

87 1394 65 26 vider,
174 1394 68 21 under
264 1394 36 21 det
322 1395 34 20 att
376 1394 145 27 allmogebarn
536 1394 61 22 skola
613 1394 118 21 försmäkta
748 1394 7 20 i
772 1393 138 27 okunnighet,

88 1422 24 22 sä
125 1422 74 26 tycker
211 1422 38 26 jag
263 1424 31 20 att
310 1422 36 22 det
360 1424 24 19 är
399 1424 84 25 mycket
498 1422 147 27 egendomligt,
661 1424 32 19 att
701 1428 48 16 man
758 1422 47 21 icke
814 1422 37 22 vill
861 1422 50 26 höja

88 1450 28 27 pä
136 1450 202 22 folkskollärarenas
352 1450 66 22 löner.
450 1450 33 21 De
497 1451 56 21 lefva
568 1451 7 21 i
589 1452 78 25 ytterst
681 1450 86 27 knappa
782 1450 129 26 omständig-

87 1479 61 21 heter
171 1478 39 22 och
232 1478 64 22 hafva
318 1479 27 21 de
367 1478 63 22 flesta
451 1479 55 21 varit
528 1480 95 25 tvungna
645 1480 33 20 att
697 1478 87 22 studera
798 1478 28 26 pä
841 1478 68 26 skuld,

88 1508 88 22 emedan
199 1507 26 21 de
248 1509 36 20 äro
307 1507 47 22 frän
376 1507 76 28 fattiga
467 1507 55 22 hem.
553 1508 67 21 Deras
635 1507 88 21 skulder
737 1507 55 27 stiga
807 1512 42 22 nog
865 1506 46 21 ofta
