1114 1806
231 126 41 22 378
487 124 181 24 Talonpoikaissääty
681 126 49 18 1897.

204 196 56 22 kalla
275 196 100 26 årstiden,
391 196 23 21 så
429 196 67 21 måste
512 196 74 22 sådant
602 196 138 27 ovilkorligen
755 196 95 22 medföra
864 196 80 26 ganska
955 196 64 27 dryga

203 225 87 27 utgifter
312 225 34 21 för
367 224 154 27 församlingar,
536 224 8 20 i
558 224 114 27 synnerhet
694 225 36 21 der
749 226 68 20 större
831 224 126 27 stenkyrkor
970 224 50 22 alla-

202 254 66 21 redan
284 253 69 22 finnas
372 252 51 22 eller
440 252 113 22 framdeles
567 253 85 21 komma
666 254 32 20 att
713 253 106 27 uppföras,
834 252 82 22 hvilkas
932 252 88 28 utgifter

203 282 47 21 med
273 282 29 21 all
324 281 100 22 säkerhet
445 281 85 21 komma
548 283 33 20 att
602 282 79 20 räknas
696 282 7 20 i
717 282 94 21 tusental
826 280 67 22 finska
907 282 61 20 mark
982 287 38 21 per

203 311 34 26 år;
260 310 39 21 och
320 309 109 23 enahanda
445 309 60 22 torde
520 309 61 22 äfven
596 310 142 21 förhållandet
753 310 65 21 blifva
833 310 47 21 med
895 316 27 15 en
936 312 84 20 väsent-

203 340 29 26 lig
246 338 34 22 del
295 338 23 22 af
336 338 26 21 de
376 338 85 26 kyrkor,
484 344 46 16 som
544 340 37 19 äro
596 338 105 27 uppförda
715 338 23 21 af
750 340 39 20 trä.
807 350 25 3 —
848 338 43 22 Vill
905 344 48 16 man
968 344 52 21 upp-

202 370 73 19 värma
295 366 79 28 kyrkor
396 367 75 21 endast
487 366 34 22 för
538 366 102 27 tillfällen,
656 366 28 22 då
698 366 118 28 gudstjenst
829 366 55 22 skall
898 366 68 22 hållas
982 367 39 21 och

202 396 44 21 låta
261 396 47 21 dem
324 395 139 22 dessemellan
478 396 34 21 stå
526 395 63 27 kalla,
605 396 23 21 så
643 395 94 21 kommer
747 397 31 19 ett
789 396 67 26 dylikt
865 396 156 26 förfaringssätt

205 426 33 20 att
260 424 86 22 inverka
368 424 88 27 menligt
474 424 18 27 ej
508 424 90 22 allenast
612 424 28 27 på
654 424 92 27 kyrkans
760 424 113 26 invändiga
888 424 132 27 dekorering,

203 454 52 21 utan
270 453 62 22 äfven
347 453 27 26 på
389 452 125 22 mekaniken
530 453 6 21 i
552 452 142 28 orgelverken,
710 452 37 22 der
761 452 80 23 sådana
855 452 68 23 finnas
939 453 39 21 och
988 452 33 22 för

205 482 81 21 hvilkas
302 482 121 26 reparation
438 481 150 27 församlingen
602 481 60 22 äfven
675 482 96 21 kommer
778 483 32 20 att
821 481 111 22 debiteras.
943 493 26 4 —
980 481 42 22 Det

205 511 45 21 står
266 510 78 21 enhvar
359 509 124 28 församling
497 510 47 21 fritt
558 512 32 20 att
604 511 115 26 uppvärma
734 511 32 20 sin
782 511 74 25 kyrka,
872 516 48 15 men
930 509 91 22 bestäm-

204 539 147 22 manderätten
374 538 75 22 härvid
470 539 40 20 bör
529 539 79 21 lemnas
624 538 22 21 åt
661 538 149 27 församlingen
824 538 53 27 sjelf,
891 538 23 27 ja
928 540 16 19 t.
960 545 19 14 o.
994 545 27 15 m.

203 574 27 15 en
245 567 81 22 enskild
341 573 77 21 person
433 569 15 19 t.
464 573 32 16 ex.
510 569 85 25 presten
610 567 40 21 kan
666 567 22 21 få
702 567 81 26 kyrkan
798 567 125 27 uppvärmd,
936 572 34 16 om
980 567 41 22 han

204 595 23 22 så
241 596 101 27 behagar.
371 595 41 27 Jag
426 597 112 20 motsätter
552 596 43 27 mig
609 595 146 22 betänkandet
771 595 38 22 och
824 596 94 21 ansluter
932 596 43 26 mig
989 595 32 22 till

204 624 40 22 den
260 625 66 21 andra
341 625 162 20 reservationen.

272 653 110 22 Edusmies
402 651 82 24 Slotte:
507 653 29 21 Af
550 653 24 22 de
590 653 62 26 långa
665 653 158 28 predikningar,
839 659 45 16 som
899 653 38 22 här
952 652 71 22 blifvit

203 681 72 22 hållna
293 681 67 22 under
375 683 77 20 tvenne
467 681 178 27 sammanträden,
660 681 40 22 har
711 681 38 28 jag
764 681 82 22 försökt
860 681 59 22 bilda
933 682 43 26 mig
991 684 32 19 ett

204 711 96 21 omdöme
315 710 7 21 i
336 709 66 23 saken
418 711 39 20 och
472 710 39 21 har
523 710 36 27 jag
574 710 88 22 kommit
670 711 33 21 till
712 711 41 21 den
762 711 94 25 slutsats,
865 712 32 20 att
903 711 36 27 jag
947 711 76 21 under-

203 739 72 22 stöder
298 739 41 22 den
360 739 68 21 andra
448 740 164 21 reservationen.
643 739 42 22 Det
700 739 60 22 lönar
774 739 47 22 icke
836 739 76 22 mödan
928 741 32 20 att
975 741 50 20 när-

204 774 58 15 mare
284 768 103 21 motivera
406 768 43 21 min
464 767 129 28 ståndpunkt
609 767 39 22 och
663 768 37 21 det
713 774 38 15 var
766 768 18 27 ej
800 768 66 21 heller
881 768 141 21 fördensskull

200 797 38 26 jag
259 796 93 27 begärde
367 796 67 21 ordet.
464 796 42 27 Jag
520 797 39 20 ber
573 796 57 21 blott
644 798 32 19 att
690 797 22 21 få
725 797 56 21 fästa
796 797 94 21 ståndets
906 797 40 21 och
961 796 61 22 äfven

204 825 115 22 utskottets
334 825 128 21 ledamöters
477 825 186 27 uppmärksamhet
678 825 71 26 derpå,
765 827 32 20 att
811 831 46 15 mer
871 827 27 19 än
913 831 27 16 en
954 825 68 26 tredje

203 853 35 22 del
260 853 22 22 af
302 853 171 26 landtdagstiden
495 853 66 22 redan
583 853 90 22 förflutit
692 854 38 21 och
745 855 33 20 att
792 853 107 22 allmänna
913 854 110 26 petitions-

203 882 104 21 utskottet
329 882 87 21 utsändt
437 883 37 20 sitt
496 881 67 22 första
584 882 141 21 betänkande.
755 882 42 21 Det
816 884 23 19 är
854 882 73 26 kändt,
943 883 32 21 att
990 881 33 22 till

204 910 107 22 allmänna
332 911 205 26 petitionsutskottet
552 910 70 22 blifvit
636 911 137 21 remitterade
787 911 60 21 öfver
861 911 28 21 80
902 911 120 27 petitioner,

203 939 40 21 och
261 942 24 19 är
300 939 37 22 det
352 939 87 21 alldeles
455 939 121 27 otänkbart,
591 941 31 20 att
637 940 106 21 utskottet
757 939 68 22 skulle
840 939 65 22 hinna
919 939 105 22 behandla

204 968 42 21 alla
269 969 61 20 dessa
348 968 78 26 frägor.
456 968 40 26 Jag
511 974 62 16 anser
588 968 36 21 det
639 967 71 22 derför
725 974 51 15 vara
792 968 137 27 nödvändigt,
944 970 32 19 att
991 970 32 19 ut-

203 997 81 21 skottet
302 996 68 22 skulle
386 996 92 27 utgallra
493 997 65 27 nägra
572 997 114 27 petitioner
701 997 39 20 och
755 997 7 22 i
777 997 88 22 främsta
875 999 92 19 rummet
973 999 50 24 taga

203 1025 67 21 under
285 1025 128 26 behandling
428 1025 26 21 de
468 1025 104 27 vigtigare
587 1025 109 27 frägorna;
711 1031 77 16 annars
802 1025 39 27 gär
851 1026 36 21 det
896 1025 45 22 helt
951 1025 72 22 säkert

205 1054 34 21 vid
255 1053 69 22 denna
338 1053 101 28 landtdag
454 1053 68 22 såsom
538 1054 35 21 vid
588 1054 26 21 de
630 1053 133 27 föregående,
779 1056 33 19 att
826 1054 29 21 30
870 1053 12 22 å
896 1055 29 20 40
939 1054 84 26 petitio-

202 1089 39 14 ner
256 1081 66 22 blifva
336 1081 147 22 obehandlade
498 1083 22 20 af
534 1082 111 21 utskottet.
667 1083 41 26 Jag
722 1083 73 26 tycker
811 1082 76 26 derför,
899 1084 32 19 att
941 1083 82 20 utskot-

204 1112 32 19 tet
258 1110 66 21 borde
338 1110 63 21 hafva
416 1110 128 27 urskiljuing
557 1110 40 21 och
608 1111 46 20 icke
661 1111 33 20 till
701 1111 54 20 först
763 1113 48 24 taga
820 1111 67 21 under
894 1110 129 27 behandling

203 1139 27 20 de
244 1139 65 21 minst
323 1139 120 26 betydande
459 1139 147 26 petitionerna,
622 1139 84 21 hvartill
717 1139 38 26 jag
769 1139 78 21 räknar
855 1139 168 25 ifrägavarande.

273 1167 110 22 Edusmies
408 1166 124 23 Riihimäki:
554 1167 73 22 Minun
642 1167 165 22 kotiseudullani
822 1167 75 22 tehtiin
912 1167 48 22 uusi
974 1167 49 21 tiili-

204 1195 83 27 kirkko,
307 1196 52 27 joka
374 1196 80 25 tietysti
469 1196 133 21 varustettiin
617 1196 232 26 lämmityslaitoksella,
864 1196 48 21 sillä
927 1195 96 22 sielläkin

203 1230 28 15 on
254 1224 150 27 ,kaljupäitä*,
425 1224 52 21 mitä
492 1230 64 15 sanaa
572 1226 46 19 eräs
633 1225 72 20 toinen
719 1224 80 27 puhuja
814 1225 73 26 käytti.
918 1224 63 22 Siellä
997 1229 26 16 on

203 1253 38 21 siis
264 1254 61 20 saatu
347 1252 139 22 kokemuksia
507 1255 57 19 tässä
584 1252 117 23 suhteessa.
731 1252 109 23 Kirkkoon
863 1253 99 22 laitettiin
977 1252 46 22 viisi

203 1281 101 22 kamiinia
326 1281 117 26 uusimpien
466 1281 132 26 keksintöjen
620 1281 98 26 mukaan,
740 1283 68 20 mutta
826 1281 49 22 siitä
890 1281 133 25 huolimatta,

204 1309 76 22 vaikka
302 1309 60 22 siellä
384 1309 145 22 lämmitetään
551 1309 147 27 pyhäaamuna
717 1310 24 26 ja
759 1309 24 28 jo
805 1309 180 26 lauvantainakin,
1004 1309 19 21 ei

203 1338 61 21 siellä
278 1340 66 19 tunne
359 1340 74 18 muuta
447 1339 51 20 kuin
514 1339 68 20 vähän
596 1338 66 26 käryä
672 1338 105 21 lehterillä
785 1339 23 26 ja
818 1339 123 20 ainoastaan
951 1339 72 20 sakas-

205 1366 51 21 tissa
272 1372 25 15 on
310 1365 53 26 joku
378 1367 73 20 määrä
465 1365 90 26 lämpöä.

272 1393 65 22 Tästä
359 1394 33 21 voi
414 1394 53 21 tulla
490 1393 160 27 huomaamaan,
669 1395 44 20 että
726 1394 34 26 jos
774 1393 121 22 kivikirkko
911 1400 27 15 on
953 1394 70 21 viikon

205 1423 177 26 lämmittämättä,
405 1423 44 21 niin
471 1429 23 14 se
517 1429 25 15 on
558 1423 71 26 kylmä
643 1422 125 27 yhtämittaa
783 1423 48 22 eikä
846 1429 22 16 se
883 1423 140 22 lämmittämi-

204 1453 58 20 sestä
284 1457 86 22 parane.
400 1451 78 22 Kaikki
500 1451 196 27 lämmitysvehkeet
717 1452 57 21 eivät
789 1452 34 21 voi
838 1451 112 22 ollenkaan
965 1452 58 21 asiaa

203 1482 81 25 auttaa,
300 1479 186 23 lämmittämisellä
501 1480 19 21 ei
536 1480 32 22 ole
583 1481 79 21 mitään
678 1480 121 22 vaikutusta
812 1480 23 27 ja
849 1481 87 21 lämmin
951 1487 73 15 menee

204 1509 74 22 kaikki
300 1509 50 22 ihan
372 1509 108 22 hukkaan.
511 1508 88 23 Muuten
622 1515 26 16 on
671 1508 136 23 huomattava
823 1509 54 22 vielä
890 1515 29 21 se,
934 1511 44 20 että
990 1509 33 28 jos
