1089 1817
329 115 117 22 Perjantaina
459 116 20 18 12
491 118 42 20 p:nä
545 116 117 18 helmikuuta.
837 117 39 21 189

86 188 51 22 ettei
156 188 101 26 säädyssä
275 188 58 21 tulisi
352 188 73 21 vääriä
443 188 117 28 käsityksiä
574 189 131 21 anomuksen
720 188 87 27 tekijäin
824 188 81 21 tarkoi-

85 217 98 21 tuksista.

154 244 111 22 Edusmies
283 243 104 23 Niemelä:
407 244 57 22 Minä
482 244 88 22 tahdoin
586 245 57 27 juuri
658 245 139 22 huomauttaa
812 246 94 20 samasta

85 273 93 21 seikasta
194 274 51 20 kuin
265 273 80 21 edusm.
361 273 84 27 Torppa
456 273 23 27 jo
495 274 98 21 mainitsi.
623 273 72 21 Mutta
709 274 80 21 edusm.
804 273 101 27 Torpalta

82 302 31 26 jäl
130 301 200 27 huomauttamatta,
349 303 44 20 että
411 301 161 27 kysymyksessä
590 302 94 21 olevassa
700 302 134 21 esimerkissä
849 302 55 25 voipi

85 332 32 20 isä
138 330 108 27 sittenkin,
269 330 42 22 kun
330 330 69 22 hänen
417 330 109 22 vaimonsa
544 336 26 16 on
589 330 83 22 kuollut
688 329 23 27 ja
725 330 48 22 sillä
787 330 68 26 lapsia
870 336 34 20 on,

83 359 64 28 jäädä
166 359 61 22 aivan
245 359 71 26 ilman,
335 359 47 21 sillä
400 359 68 26 lapset
483 360 70 20 vievät
568 359 145 27 perintömaan
727 358 23 27 ja
765 360 31 20 isä
808 359 37 26 jää
859 360 45 26 puti

85 388 120 27 puhtaaksi,
219 388 34 27 jos
268 388 19 22 ei
302 390 86 25 pesässä
403 389 48 19 satu
467 388 94 21 olemaan
576 388 87 21 irtainta
678 388 135 21 omaisuutta.
837 388 68 21 Ainoa

83 418 22 26 ja
120 417 127 21 luullakseni
262 416 280 22 anomusehdotuksessakin
558 417 97 21 mainittu
670 416 62 22 keino
743 417 59 21 tässä
812 422 27 16 on
850 416 54 21 kier-

85 447 36 20 tää
136 447 57 20 tämä
208 445 122 27 lainpaikka
345 445 112 27 myymällä
472 451 87 16 maansa
573 445 112 21 tällaiselle
698 445 128 27 perilliselle,
837 447 67 19 mutta

86 475 47 21 siitä
149 481 27 15 on
191 474 101 22 toisaalta
307 480 22 16 se
344 474 55 26 vika,
417 475 45 20 että
477 474 59 21 usein
551 474 56 22 tulee
623 474 50 21 liian
688 474 87 21 varhain
785 476 58 19 tämä
853 480 50 15 van-

85 504 43 24 hin,
142 503 51 27 joka
208 510 27 14 on
251 504 83 26 perinyt
349 509 67 19 maan,
433 502 130 22 elatukselle.
586 502 27 23 Se
629 503 80 26 tietysti
724 509 27 15 on
761 502 96 28 myöskin
868 508 35 16 va-

85 532 71 27 hinko,
172 532 47 22 sillä
235 532 73 22 minun
323 531 153 22 käsittääkseni
492 532 46 22 olisi
554 531 93 27 sopivaa,
662 533 44 20 että
721 532 115 26 työvoimat
847 531 57 22 olisi-

84 562 36 20 vat
134 562 44 20 niin
193 562 85 20 kauvan
293 560 51 22 kuin
359 560 136 22 mahdollista
510 561 106 21 toimessa.
638 560 111 22 Ruotsissa
765 560 63 22 onkin
844 560 60 27 kysy-

84 589 109 27 myksessä
209 590 59 21 oleva
283 589 43 21 laki
339 589 22 27 jo
377 589 64 21 tullut
451 590 130 20 muutetuksi
591 594 84 16 vuonna
687 588 53 22 1857
751 589 152 26 ilmestyneellä

85 618 128 22 asetuksella
226 618 23 27 ja
264 618 47 21 olisi
327 618 35 21 siis
377 618 93 21 minusta
485 619 60 25 syytä
559 618 83 21 meidän
655 623 144 20 maassamme,
808 618 58 26 jossa
876 624 26 15 on

84 648 61 20 aivan
169 649 68 19 samat
261 646 158 22 oikeussuhteet
434 645 22 27 ja
471 646 51 26 olot,
537 647 96 26 myöskin
648 648 103 20 muuttaa.
783 646 59 22 Minä
856 646 47 21 luu-

84 676 41 26 len,
145 677 44 20 että
207 676 120 21 tämmöistä
342 674 58 22 lakia
415 675 19 21 ei
450 675 33 21 ole
493 675 104 21 olemassa
607 675 91 21 missään
708 675 195 27 eurooppalaisessa

84 710 91 16 maassa.
204 704 82 21 Kaiken
308 706 71 19 tämän
396 703 100 27 johdosta
514 704 107 21 kannatan
639 703 95 22 minäkin
749 703 154 22 anomusehdo-

83 735 58 19 tusta
156 733 152 21 valiokuntaan
322 732 170 24 lähetettäväksi,
507 732 54 26 jotta
577 738 22 16 se
615 732 46 22 olisi
676 732 169 22 muistutuksena
856 732 47 27 jou-

84 762 124 22 duttamaan
223 762 161 26 kysymyksessä
399 761 74 21 olevaa
489 761 86 22 tekeillä
589 761 74 21 olevaa
677 761 64 21 asiaa.

151 790 113 22 Edusmies
285 788 92 24 Eklund:
396 790 42 21 Det
456 789 98 23 förvånar
569 790 49 26 mig,
634 791 32 19 att
681 796 49 15 man
743 790 8 21 i
767 789 58 22 detta
840 789 63 22 stånd

83 821 112 20 motsätter
218 820 31 26 sig
271 819 74 21 remiss
364 818 23 22 af
404 819 70 21 denna
487 819 96 26 petition,
599 818 40 22 och
653 818 107 26 särskildt,
776 820 32 20 att
823 818 79 21 sådana

83 854 101 20 personer
199 850 52 25 göra
265 848 43 25 det,
323 854 46 15 som
384 848 55 21 varit
454 848 48 20 med
517 847 35 22 vid
569 847 54 21 1877
639 846 33 22 ärs
688 847 107 27 landtdag,
811 847 27 21 dä
854 853 48 15 man

84 877 48 21 med
147 877 120 27 antagande
281 877 24 21 af
319 876 40 22 den
375 876 43 22 lika
433 876 114 22 arfsrätten
562 876 27 26 pä
599 876 72 22 landet
681 876 88 22 kastade
780 876 59 21 öfver
849 876 53 21 bord

83 912 80 15 samma
177 906 89 26 princip,
281 912 46 15 som
341 906 66 26 ligger
422 906 32 20 till
469 905 69 27 grund
553 905 33 21 för
601 904 126 27 stadgandet
742 904 108 28 angående
860 904 42 21 arf-

82 934 80 26 vejord,
179 935 105 25 nemligen
301 934 46 25 den,
363 935 32 20 att
409 933 130 27 fastigheten
553 933 54 21 skall
622 933 117 22 bibehällas
754 934 7 20 i
775 933 79 27 manlig
863 934 40 20 lin-

81 962 32 27 jes
131 968 46 21 ego,
193 962 33 21 för
241 964 33 19 att
288 964 59 20 ätten
363 962 121 26 derigenom
500 962 35 21 mä
549 962 66 21 blifva
629 962 60 21 stark
703 962 40 20 och
758 962 87 21 härmed
860 963 42 19 sta-

83 993 35 19 ten
139 991 142 21 säkerställas.
311 991 11 21 I
340 991 38 21 vär
393 990 32 22 tid
439 990 68 22 hvilar
522 992 81 20 statens
618 990 101 22 säkerhet
733 990 46 22 icke
794 990 28 26 pä
836 990 66 21 sädan

83 1019 74 27 grund,
174 1021 51 19 utan
241 1019 65 27 derpä
321 1020 32 20 att
368 1019 107 21 individen
491 1022 23 18 är
529 1018 28 22 fri
571 1019 40 21 och
627 1020 32 20 att
668 1019 87 21 rättvisa
765 1018 69 22 räder.
852 1018 50 21 Ofta

82 1048 81 22 händer
179 1048 41 26 det,
237 1050 32 19 att
284 1048 40 22 den
340 1054 39 16 ena
394 1047 23 21 af
432 1048 73 21 makar
521 1048 59 21 sliter
594 1049 23 19 ut
628 1048 32 26 sig
670 1046 33 22 för
714 1049 31 19 att
755 1046 95 22 förkofra
862 1048 39 20 den

83 1076 78 22 andras
180 1076 61 22 ärfda
259 1077 100 27 fastighet
376 1076 28 28 pä
422 1076 78 27 landet,
516 1082 47 16 men
579 1076 91 22 erhäller
684 1076 46 22 icke
745 1076 97 27 giftorätt
857 1076 45 21 deri

83 1106 40 21 och
137 1106 43 21 kan
196 1106 17 27 ej
230 1106 65 21 heller
310 1105 22 21 fä
347 1106 34 21 del
397 1106 45 21 deri
456 1112 75 21 genom
546 1106 127 21 testamente
689 1105 51 21 eller
755 1104 68 28 gäfva.
845 1104 56 22 Kän-

82 1135 46 21 slan
146 1134 23 22 af
182 1134 69 22 denna
265 1134 102 22 orättvisa
382 1136 23 19 är
421 1134 38 22 hos
475 1134 104 28 allmogen
595 1134 23 21 sä
633 1136 50 24 stor,
698 1135 33 19 att
746 1140 47 14 man
810 1134 26 26 pä
851 1134 51 20 alle-

81 1163 72 22 handa
175 1165 42 19 sätt
232 1163 62 21 söker
310 1163 88 27 kringgå
415 1164 74 26 lagens
504 1163 166 21 bestämmelser.
700 1162 49 22 Ofta
763 1161 75 23 träffar
854 1168 47 15 man

82 1192 28 26 pä
124 1192 131 27 handlingar,
271 1192 73 21 hvilka
358 1192 7 21 i
381 1192 76 21 sådant
472 1191 54 27 syfte
541 1194 38 19 äro
595 1191 102 22 affattade
712 1191 24 21 sä
750 1191 152 26 märkvärdigt,

82 1223 33 19 att
129 1227 50 15 man
193 1221 47 21 icke
254 1222 42 25 vet,
313 1226 33 15 om
362 1220 35 22 det
413 1223 23 18 är
451 1219 60 27 fråga
525 1226 34 16 om
575 1221 132 23 testamente,
715 1219 63 27 gåfva
791 1220 51 21 eller
852 1219 48 27 köp,

81 1249 73 22 hvilka
168 1249 127 27 handlingar
310 1249 62 21 alltid
387 1249 59 26 gifva
461 1249 114 27 anledning
586 1248 33 22 till
629 1248 123 28 långvariga
761 1248 140 27 rättegångar.

82 1290 27 3 —
121 1278 105 22 Särskildt
237 1277 122 22 förorsakar
370 1277 100 22 förbudet
481 1279 32 20 att
523 1278 82 21 skänka
613 1277 104 27 arfvejord
726 1282 114 21 processer,
846 1283 56 15 eme-

82 1307 42 21 dan
146 1306 167 27 gåfvogifvarens
336 1306 107 27 arfvingar
465 1308 57 19 ännu
540 1308 32 19 ett
589 1306 24 22 år
631 1306 53 21 efter
702 1306 53 21 hans
773 1306 42 20 död
830 1306 72 20 kunna

81 1335 92 21 klandra
187 1336 122 20 ätkomsten
322 1334 23 22 af
354 1335 66 21 sädan
430 1334 107 27 fastighet.
560 1334 84 22 Sädana
654 1340 108 20 processer
771 1334 131 22 förekomma

82 1363 84 22 derföre
188 1363 45 22 ofta
254 1364 35 25 50,
309 1363 28 22 60
355 1365 15 19 t.
389 1370 19 14 o.
427 1370 28 14 m.
474 1363 27 21 70
519 1364 24 21 är
561 1362 54 23 efter
633 1363 35 21 det
685 1362 76 28 gäfvan
776 1362 70 27 gifvits
862 1362 39 22 och

83 1392 65 27 detta,
165 1392 89 22 oaktadt
268 1392 127 26 lägenheten
409 1392 68 21 under
491 1392 58 22 tiden
565 1392 46 26 gätt
626 1391 55 22 ifrän
696 1398 49 14 man
761 1391 32 22 till
803 1398 49 15 man
862 1391 40 21 och

81 1421 73 27 hvarje
169 1420 122 28 fängesman
308 1421 45 22 deri
368 1420 85 22 erhållit
467 1420 108 23 fastebref.
605 1420 170 27 Olägenheterna
790 1420 23 21 af
824 1420 78 27 ifräga-

81 1449 79 21 komna
179 1448 132 27 stadganden
331 1452 37 18 äro
388 1448 84 22 derföre
492 1451 65 24 stora,
580 1456 49 14 men
647 1450 40 20 den
703 1449 119 26 föreslagna
836 1449 65 20 refor-

81 1483 48 16 men
145 1483 50 16 vore
209 1477 8 21 i
233 1478 41 21 alla
289 1477 37 22 fall
341 1477 46 21 icke
402 1477 185 27 genomgripande,
603 1478 27 20 dä
644 1478 40 20 den
697 1476 43 21 lika
750 1476 113 22 arfsrätten
874 1476 28 26 pä

81 1506 73 22 landet
175 1506 58 22 förut
254 1506 97 27 antagits.
380 1506 42 26 Jag
439 1505 97 23 förordar
557 1506 71 22 derför
653 1506 116 26 petitionen
792 1505 39 21 och
854 1505 47 21 dess
