1064 1809
324 130 159 18 Presteståndet
497 132 52 16 1877.
574 132 25 17 28
611 136 61 12 mars.
845 126 41 21 209

160 198 77 22 Pastor
259 198 74 28 Lyra
356 206 33 14 om
405 199 62 21 ordet
482 200 39 21 och
536 200 97 27 uppläste
649 202 31 20 ett
694 200 24 22 så
732 200 97 27 lydande,
845 200 70 22 skrift-

92 226 55 28 ligen
163 226 99 22 affattadt
276 227 145 27 andragande:

160 284 68 20 Bland
251 284 26 20 de
300 283 100 27 åtgärder
422 284 34 21 för
478 284 89 22 allmänt
588 285 68 25 bästa,
672 291 45 15 som
733 285 22 21 af
768 285 66 27 begge
850 287 65 19 stats-

91 311 111 21 makterna
225 312 7 20 i
254 312 47 21 vårt
322 312 50 21 land
395 312 66 22 under
481 319 75 15 senare
575 313 55 21 tider
644 313 106 26 vidtagits,
766 312 66 22 finnes
848 314 66 25 knapt

91 340 75 26 någon,
182 340 85 22 hvilken
282 340 7 20 i
304 341 24 20 så
343 340 41 27 hög
399 341 53 26 grad
467 347 50 15 vore
533 341 68 27 egnad
616 343 32 19 att
663 341 78 27 ingifva
756 342 73 26 hvarje
839 342 74 21 foster-

91 369 102 20 landsvän
216 369 87 21 känslor
324 368 24 22 af
361 369 105 21 oblandad
482 370 192 23 tillfredsställelse,
689 376 45 16 som
750 370 40 21 den
803 370 32 21 till
845 372 68 19 större

91 397 61 21 delen
168 397 65 21 redan
248 397 150 27 försiggångna
413 398 82 21 inlösen
510 398 21 21 af
546 398 191 26 donationsgodsen
750 400 7 19 i
768 398 90 27 Viborgs
872 399 41 21 län.

91 426 38 20 Att
150 426 56 20 inom
222 426 26 20 de
263 426 29 21 tio
309 426 30 26 år,
355 432 44 15 som
416 428 59 20 snart
490 427 95 26 förflutit,
602 427 64 21 sedan
682 428 125 20 ständernas
822 427 70 21 beslut
907 428 7 20 i

90 454 66 22 saken
172 454 98 25 fattades,
286 455 98 26 omkring
398 455 80 25 40,000
487 461 102 21 personer
600 456 65 20 redan
676 455 69 22 blifvit
756 456 157 21 tillförsäkrade

90 483 64 26 laglig
169 483 114 27 besittning
302 483 22 21 af
338 484 62 20 deras
416 483 71 21 fäders
500 484 57 26 jord,
573 485 187 26 representerande
776 485 68 20 denna
859 490 55 15 sam-

90 512 108 26 manlagdt
214 512 42 20 720
270 512 88 24 mantal,
374 514 23 19 är
412 512 41 25 väl,
469 519 34 14 om
518 512 70 27 något,
605 514 31 19 ett
648 512 113 27 glädjande
771 513 88 25 faktum,
873 512 40 22 och

84 540 42 20 .det
146 540 23 20 så
191 540 84 26 mycket
298 546 50 21 mer,
364 547 45 14 som
425 540 81 21 inlösen
523 540 58 22 öfver
596 540 80 21 hufvud
691 547 62 20 synes
768 540 68 22 blifvit
851 541 62 21 verk-

90 568 55 21 stäld
169 568 19 27 ej
204 569 81 21 mindre
300 569 48 21 med
364 569 64 25 nödig
443 570 98 20 omtanke
557 569 38 21 och
612 570 139 25 sparsamhet,
768 572 26 18 än
810 569 40 21 ock
865 569 48 21 med

91 597 27 21 all
134 598 42 20 den
190 597 81 27 hänsyn
287 597 32 21 till
332 598 161 20 donatariernas
501 598 132 26 rättigheter,
643 598 162 21 förhållandena
812 598 100 26 påkallat.

89 638 28 3 —
132 626 60 21 Dock
208 625 80 22 återstå
303 628 56 19 ännu
375 626 41 21 263
432 627 79 20 mantal
524 626 77 22 oinlöst
619 626 166 27 donationsjord,
805 626 107 26 angående

90 654 84 21 hvilken
197 654 6 21 i
225 654 39 22 den
280 655 33 21 till
328 655 141 21 innevarande
485 655 100 26 landtdag
601 654 79 22 aflätna
695 655 76 26 nådiga
786 655 127 27 propositio-

90 689 39 15 nen
146 682 36 22 det
197 682 57 28 hopp
269 684 87 25 uttalas,
372 686 33 18 att
421 684 39 20 den
476 683 127 22 åtminstone
619 684 32 20 till
667 684 68 26 någon
752 684 33 20 del
801 684 5 20 i
822 690 25 14 en
864 690 49 14 snar

89 711 85 21 framtid
200 712 54 20 skall
280 712 71 21 kunna
374 712 26 26 på
423 712 67 26 grund
511 712 23 21 af
546 712 101 27 godvillig
663 712 211 22 öfverenskommelse
890 712 22 21 åt

90 740 222 21 donationsbönderne
327 740 123 22 förvärfvas.

158 768 58 22 Utan
236 771 33 19 att
291 769 38 21 här
351 769 6 21 i
380 769 117 22 allmänhet
519 769 66 21 inlåta
600 770 43 26 mig
657 769 27 27 på
699 769 74 27 frågan
789 776 33 14 om
838 770 26 20 de
880 770 32 20 ut-

89 799 72 25 vägar,
185 804 45 14 som
252 798 70 20 kunde
346 799 70 25 öppna
439 799 32 25 sig
494 798 32 21 till
545 798 169 26 förverkligande
730 798 22 21 af
766 798 68 21 denna
849 798 7 20 i
872 798 40 20 den

90 826 77 27 nådiga
180 826 159 27 propositionen
355 826 96 22 uttalade
466 826 148 28 förhoppning,
630 826 96 22 anhåller
738 826 37 27 jag
787 827 73 21 endast
873 828 39 22 att,

89 854 133 22 beträffande
238 857 27 19 ett
280 856 64 20 bland
360 856 26 20 de
402 858 56 18 ännu
473 856 91 20 oinlösta
579 856 86 26 godsen,
676 855 52 21 eller
740 856 71 25 grefve
822 855 90 21 Mussin-

89 883 119 21 Puschkins
224 883 12 21 å
251 890 48 20 pag.
315 884 27 21 25
358 884 39 20 och
414 884 27 20 29
456 884 7 20 i
479 885 39 19 den
529 884 77 26 nådiga
616 884 157 26 propositionen
786 884 126 21 omnämnda

88 911 133 27 betydligare
237 912 69 25 frälse,
322 912 35 21 vid
372 918 63 15 namn
452 912 145 25 Besborodko,
612 914 5 19 i
634 912 150 22 Jaakimvaara
798 912 78 21 socken
892 911 20 21 få

89 940 77 21 beröra
181 942 65 25 några
262 941 187 26 omständigheter,
465 947 44 15 som
527 953 22 3 —
568 941 65 27 enligt
648 941 43 21 min
703 942 63 20 tanke
778 953 23 3 —
814 940 98 27 förtjente

88 971 32 19 att
135 969 95 21 beaktas.

158 998 95 21 Emedan
269 998 104 26 nämligen
389 998 40 21 den
445 997 22 21 af
478 998 157 21 vederbörande
646 997 129 27 kronofogde
788 997 38 21 och
837 1000 75 19 tvenne

90 1026 23 22 af
125 1028 132 25 guvernören
272 1027 7 20 i
294 1026 58 22 länet
372 1026 89 22 utsedde
477 1026 130 26 sakkunnige
623 1029 48 18 män
687 1026 120 22 verkstälda
822 1026 90 21 taxerin-

89 1061 40 21 gen
153 1055 20 21 af
197 1055 91 22 berörda
305 1056 53 26 gods
373 1055 89 21 allmänt
476 1056 13 20 å
505 1058 59 18 orten
581 1061 60 15 anses
657 1055 61 21 hafva
733 1054 77 22 utfallit
825 1055 32 21 för
872 1054 40 27 låg,

89 1090 49 15 men
153 1084 69 21 denna
238 1084 152 27 uppskattning
405 1084 64 20 likväl
485 1084 106 21 sannolikt
607 1084 54 20 varit
677 1084 39 21 den
732 1084 113 26 afgörande
856 1089 58 15 orsa-

89 1112 41 21 ken
153 1112 39 26 till,
211 1115 31 19 att
258 1114 41 25 köp
314 1112 47 22 icke
376 1113 48 21 med
441 1112 122 21 donatarien
579 1112 103 26 afslutats,
698 1112 66 21 ehuru
779 1112 134 21 underhand-

89 1141 69 27 lingar
181 1142 71 20 derom
275 1142 55 20 varit
352 1142 12 20 å
387 1141 60 25 bane,
470 1140 95 22 anhåller
581 1141 36 26 jag
632 1142 32 20 att
679 1140 32 22 till
727 1141 35 21 det
776 1141 89 25 utskott,
881 1140 31 22 dit

89 1170 143 26 föreliggande
247 1170 77 26 nådiga
338 1169 131 28 proposition
486 1176 33 14 om
535 1170 201 26 donationsgodsens
749 1169 79 21 inlösen
840 1168 71 22 remit-

89 1200 64 24 teras,
168 1198 21 22 få
204 1198 48 22 med
268 1200 35 20 det
318 1200 96 20 snaraste
430 1198 69 21 lemna
514 1200 97 19 närmare
625 1198 106 27 uppgifter
743 1198 79 24 härom,
834 1198 78 20 aflåtna

89 1226 22 22 af
132 1227 153 27 förvaltningen
301 1228 13 20 &
328 1228 82 26 godset,
427 1227 47 21 med
489 1226 83 22 hvilken
586 1226 36 26 jag
637 1227 6 20 i
659 1227 75 21 sådant
749 1226 97 21 afseende
861 1226 51 21 stält

88 1255 43 27 mig
154 1255 6 21 i
183 1255 135 27 brefvexling,
341 1258 62 23 samt,
426 1256 32 20 för
478 1255 39 21 den
533 1255 100 21 händelse
648 1255 60 21 dessa
724 1254 106 27 uppgifter
844 1254 68 22 skulle

88 1284 98 20 bekräfta
201 1285 64 25 sagde
280 1284 177 24 sakförhållande,
473 1285 31 19 att
520 1284 103 20 utskottet
637 1283 7 21 i
659 1284 37 20 sitt
708 1283 118 26 afgifvande
836 1282 75 22 betän-

88 1312 70 21 kande
177 1314 66 20 måtte
264 1312 91 26 förorda,
372 1312 37 21 det
424 1312 113 20 ständerna
552 1311 39 21 hos
606 1311 59 21 Hans
680 1311 117 27 Kejserliga
812 1311 99 26 Majestät

88 1340 48 22 ville
159 1341 6 20 i
188 1340 168 26 underdånighet
378 1339 91 27 anhålla,
493 1342 32 19 att
547 1346 40 20 nya
605 1340 192 26 underhandlingar
812 1340 48 20 med
876 1339 35 21 det

88 1368 68 22 första
170 1370 66 20 måtte
252 1369 80 21 inledas
348 1374 33 16 om
397 1368 80 21 inlösen
493 1368 22 21 af
528 1368 65 26 sagde
608 1368 58 26 gods,
683 1368 55 21 helst
748 1370 31 19 ett
788 1368 122 26 ytterligare

88 1397 93 27 uppskof
195 1397 47 21 med
258 1398 71 26 köpet,
345 1396 31 22 till
391 1396 52 27 följd
459 1397 22 21 af
491 1396 191 27 jordegendomens
698 1396 37 21 allt
747 1402 58 15 mera
815 1396 95 26 stigande

87 1426 71 25 värde,
173 1426 7 20 i
196 1426 64 24 detta,
276 1426 70 20 såsom
362 1425 38 21 ock
416 1426 7 19 i
438 1424 99 21 liknande
553 1424 42 24 fall,
611 1424 54 21 blott
681 1425 47 21 med
744 1424 71 26 hvarje
830 1425 25 20 år
868 1424 42 21 för-

89 1453 93 21 minskar
198 1453 135 27 möjligheten
348 1453 22 21 af
384 1455 31 18 ett
430 1452 163 26 fördelaktigare
608 1452 42 26 köp
665 1452 6 20 i
688 1452 111 21 framtiden
810 1452 39 20 och
860 1454 51 18 onö-

89 1480 75 28 digtvis
179 1480 104 28 fördröjer
298 1480 140 22 landboernes
454 1480 96 21 befrielse
565 1486 24 14 ur
605 1480 60 21 deras
680 1480 110 27 betryckta
805 1479 104 27 ställning.

88 1522 26 4 —
129 1510 42 27 Jag
188 1510 96 22 anhåller
299 1510 160 24 vördsammast,
475 1511 32 19 att
522 1508 59 22 detta
595 1509 48 20 mitt
658 1508 134 28 andragande
808 1508 66 22 måtte
888 1508 22 21 få
