1053 1817
182 126 40 22 382
399 132 159 17 Presteståndet
572 132 54 17 1877.
649 132 14 16 4
675 132 58 20 april.

153 200 78 26 styrka,
248 206 33 15 om
298 200 35 21 det
347 200 68 20 skulle
431 200 61 21 hafva
506 200 65 21 fattat
585 200 72 25 orden,
672 206 46 14 som
735 200 25 20 de
776 200 51 20 böra
842 200 82 24 förstås,
940 201 32 19 att

153 228 86 24 barnen,
260 234 49 15 vare
324 227 31 26 sig
370 230 31 19 att
416 228 25 21 de
457 231 36 18 äro
510 228 50 21 äkta
575 228 51 21 eller
641 228 70 25 oäkta,
728 227 64 22 blifva
807 228 43 21 lika
866 227 106 28 delaktiga

153 256 22 21 af
189 256 66 21 Kristi
271 256 47 27 nåd,
333 257 24 20 så
372 259 31 18 att
419 256 48 21 Han
482 259 38 24 gör
535 257 61 26 ingen
612 256 82 21 skilnad
711 256 46 21 dem
774 256 95 21 emellan.

221 314 90 21 Prosten
325 313 175 27 Rosengren:
517 313 69 22 Sedan
601 319 27 16 nu
645 314 25 21 de
686 316 76 19 tvenne
777 313 125 27 föregående
918 313 53 22 tala-

154 349 49 15 rene
218 342 61 22 hafva
294 342 94 21 förordat
404 343 40 20 den
460 343 20 20 af
494 343 132 26 borgmästar
642 342 106 21 Fabritius
765 343 37 20 och
819 343 41 25 mig
872 341 100 23 affattade

153 372 163 23 reservationen,
339 371 38 20 ber
396 371 36 26 jag
455 371 73 21 endast
549 373 31 19 att
603 371 5 20 i
624 371 85 21 korthet
724 370 20 21 få
759 371 116 21 framställa
891 371 25 21 de
932 371 41 20 för-

153 400 125 27 nämligaste
299 399 135 28 synpunkter,
453 406 45 15 som
514 399 109 22 förmådde
638 399 42 27 mig
695 402 32 18 att
742 399 69 22 afvika
826 399 45 22 från
887 399 84 27 plurali-

153 431 69 19 tetens
244 429 6 20 i
273 429 139 26 lagutskottet
434 429 54 26 åsigt
510 428 38 21 och
566 429 79 26 hoppas
661 430 32 19 att
709 429 119 26 derigenom
844 428 57 22 såväl
918 430 54 19 utta-

153 457 89 22 landena
264 457 7 21 i
294 457 85 21 ståndet
400 457 6 20 i
426 457 68 21 denna
509 457 59 26 fråga
584 463 44 15 som
645 457 38 21 ock
699 456 72 28 sjelfva
786 457 64 21 saken
865 457 60 21 skola
941 457 30 21 till

153 487 67 25 någon
238 486 32 21 del
286 486 61 21 vinna
362 485 5 21 i
385 485 107 28 tydlighet.
522 486 39 26 Jag
576 485 68 22 håller
659 485 50 26 före,
725 488 33 19 att
772 486 72 26 frågan
861 492 33 15 om
908 485 64 22 oäkta

153 515 63 21 barns
239 515 46 21 icke
300 514 146 27 berättigande
463 515 30 20 till
509 516 33 19 arf
556 517 23 18 är
594 521 24 14 en
635 515 82 26 mycket
732 515 91 26 gammal
839 514 61 27 äsigt,
916 520 55 21 myc-

153 543 37 22 ket
205 543 57 22 äldre
278 546 26 19 än
320 544 40 21 den
377 543 114 22 kanoniska
507 543 69 27 lagen:
594 543 39 21 den
649 544 114 26 genomgår
779 543 68 21 bibeln
863 543 46 21 från
925 543 46 22 dess

153 572 66 21 första
241 573 132 27 begynnelse.
403 571 40 22 Till
466 574 38 19 och
528 572 47 21 med
597 572 66 21 finnes
684 573 35 20 det
735 572 75 21 ställen
825 573 7 20 i
847 573 40 20 den
903 571 69 27 heliga

153 601 67 26 skrift,
244 601 22 22 af
276 601 78 25 hvilka,
371 608 34 13 om
420 601 26 20 de
461 601 64 20 fattas
541 601 95 26 ensidigt,
653 607 47 14 man
717 601 40 20 kan
773 601 20 21 få
809 601 38 21 den
864 601 60 26 åsigt,
940 602 31 19 att

155 629 25 21 de
196 630 63 21 oäkta
274 630 79 21 barnen
368 632 37 18 äro
420 629 22 21 af
456 629 46 22 Gud
518 629 126 22 förkastade.
677 630 41 20 Det
733 632 23 18 är
772 629 66 24 äfven,
854 629 65 26 enligt
930 629 41 21 min

154 657 138 27 uppfattning,
314 658 47 21 från
384 659 38 20 den
446 658 68 26 heliga
535 658 66 26 skrift,
618 664 44 15 som
678 657 41 22 alla
734 658 81 21 kristna
831 658 48 23 folk,
896 658 76 21 liksom

154 686 63 22 också
240 687 38 21 den
302 686 115 21 kanoniska
439 686 60 26 lagen
523 687 53 25 tagit
599 686 39 21 den
662 686 140 27 uppfattning.
825 688 31 19 att
872 686 99 26 antingen

153 714 45 22 helt
220 716 38 20 och
282 715 64 21 hållet
361 715 51 21 eller
426 715 6 20 i
448 717 67 19 större
531 715 51 21 eller
596 714 81 22 mindre
693 715 52 26 grad
761 715 91 21 utesluta
867 715 25 21 de
908 715 63 21 oäkta

154 743 78 22 barnen
255 744 45 21 från
316 743 97 22 arfsrätt:
430 750 46 14 men
490 744 35 26 jag
540 743 68 22 skulle
624 743 53 21 dock
693 746 39 24 tro,
749 746 31 18 att
796 744 34 20 det
846 745 23 20 är
884 743 87 21 humant

154 772 39 21 och
209 772 67 27 billigt
291 774 31 20 att
337 772 52 24 icke,
405 773 68 20 såsom
492 773 52 20 1734
559 773 34 20 års
610 772 32 26 lag
658 772 133 25 bestämmer,
803 772 44 21 helt
858 772 39 21 och
908 772 65 21 hållet

153 800 87 22 förneka
263 801 46 21 dem
332 808 26 14 en
380 801 65 21 sådan
465 803 50 19 rätt.
545 801 46 21 Den
607 801 111 27 kejserliga
734 802 155 25 propositionen
906 802 66 20 måste

154 829 82 22 derföre
251 830 6 20 i
274 830 46 20 dess
337 829 131 27 hufvudsyfte
484 836 60 14 anses
560 830 125 26 berättigad,
703 836 46 14 men
766 830 26 21 dä
808 836 46 15 man
870 830 35 20 vill
921 832 52 24 göra

153 860 87 20 rättvisa
256 858 38 22 och
310 858 71 21 utöfva
396 858 94 26 billighet
505 862 57 17 emot
578 859 25 20 de
618 860 63 19 oäkta
697 858 85 25 barnen,
799 861 23 19 är
837 859 36 21 det
884 859 12 20 &
907 859 66 21 andra

153 886 58 22 sidan
228 887 85 21 alldeles
329 887 134 25 nödvändigt,
479 889 32 19 att
528 893 46 15 man
590 893 41 19 nog
647 888 61 20 aktar
723 887 32 26 sig
770 887 32 21 för
817 890 31 18 att
863 887 46 21 icke
925 888 47 20 sära

153 915 52 21 eller
220 915 65 21 skada
300 916 39 20 den
356 915 122 27 ovilkorliga
494 915 100 26 lifsgrund
611 915 37 21 och
659 915 150 27 förutsättning
820 916 31 20 för
864 916 36 20 det
910 915 61 22 krist-

153 943 42 27 liga
209 944 116 26 samhället,
341 950 45 15 som
402 944 64 26 ligger
480 944 7 20 i
504 944 38 21 den
558 944 78 26 sedliga
647 944 38 21 och
696 944 95 26 kristliga
802 944 96 27 familjen,
911 944 60 21 hvars

154 972 68 26 helgd,
246 972 64 27 enligt
332 972 41 21 min
397 972 138 27 uppfattning,
555 972 67 22 skule
637 972 8 21 i
660 972 102 27 väsentlig
778 979 48 15 mon
841 973 84 21 komma
941 974 31 20 att

153 1001 83 25 skadas,
258 1007 34 15 om
313 1001 57 21 inom
394 1001 47 21 dess
464 1001 84 27 periferi
564 1002 83 20 komme
663 1003 31 19 att
710 1001 76 21 räknas
802 1001 103 21 väsenden
922 1001 50 22 eller

153 1030 107 23 individer,
285 1036 44 15 som
352 1030 117 26 egentligen
485 1030 46 20 icke
547 1030 52 20 höra
615 1030 35 20 dit.
682 1030 119 21 Arfsrätten
818 1030 40 21 kan
874 1030 46 21 icke
936 1036 35 15 an-

153 1065 34 14 ses
209 1064 49 15 vara
280 1059 69 25 nägon
368 1058 90 26 naturlig
473 1060 53 24 rätt;
542 1060 22 24 ty
580 1064 33 15 om
630 1058 39 21 den
686 1058 35 21 det
737 1065 56 18 vore,
809 1059 23 21 sä
847 1058 67 22 skulle
930 1058 41 22 alla

153 1087 120 21 menniskor
295 1086 84 22 komma
401 1088 31 20 att
455 1087 57 21 ärfva
535 1086 48 22 lika.
613 1086 119 22 Arfsrätten
752 1087 67 21 måste
834 1094 49 14 vara
900 1094 24 14 en
940 1087 31 21 fa-

153 1116 109 25 miljerätt;
286 1122 46 14 men
355 1116 26 19 dä
405 1116 25 20 de
452 1116 64 20 oäkta
539 1116 78 20 barnen
637 1115 52 25 icke,
705 1116 72 20 stricte
792 1118 64 24 taget,
872 1116 52 21 höra
940 1116 31 21 till

153 1143 99 27 familjen,
275 1144 66 21 mäste
365 1144 38 21 den
425 1144 108 26 rättighet,
554 1150 45 15 som
615 1143 135 22 tillerkännes
766 1144 60 21 desse
841 1144 5 21 i
863 1144 58 26 fräga
937 1151 34 15 om

153 1172 37 27 arf,
214 1178 49 15 vara
280 1172 95 27 grundad
391 1172 45 21 icke
451 1173 27 26 pä
493 1174 68 25 nägon
577 1172 91 27 naturlig
684 1174 49 25 rätt,
749 1174 51 19 utan
816 1173 26 26 pä
857 1173 115 26 billighets-

153 1201 51 21 skäl.
235 1201 31 21 På
288 1201 68 20 denna
378 1201 67 25 grund
467 1201 127 21 bestämmer
616 1201 63 21 också
695 1201 39 20 den
749 1201 112 27 kejserliga
877 1202 95 26 proposi-

153 1229 71 21 tionen
246 1229 79 27 ganska
348 1229 78 26 riktigt,
448 1232 32 18 att
494 1229 26 22 de
536 1230 64 21 oäkta
615 1229 78 21 barnen
709 1229 60 21 skola
784 1229 58 22 ärfva
857 1229 79 22 hälften
952 1230 22 21 af

152 1257 56 22 hvad
229 1259 50 20 äkta
301 1257 58 25 barn,
383 1264 33 14 om
438 1257 78 22 sådana
531 1258 73 25 finnas,
620 1257 66 26 ärfva;
704 1264 47 15 men
767 1259 36 20 det
818 1260 23 19 är
856 1265 26 14 en
896 1258 55 21 brist
966 1259 5 20 i

152 1287 157 26 propositionen
332 1286 106 21 äfvensom
461 1286 7 21 i
490 1287 115 21 utskottets
628 1286 139 26 betänkande,
787 1289 31 19 att
833 1287 140 26 äktenskapet

154 1314 86 22 alldeles
255 1315 45 21 icke
316 1317 84 18 värnats
416 1317 56 18 emot
488 1316 25 20 de
529 1315 83 26 möjliga
628 1315 124 26 förargelser
769 1315 38 21 och
818 1315 37 22 allt
866 1316 36 21 det
912 1316 60 27 onda,

153 1349 44 16 som
220 1344 41 21 kan
284 1345 76 24 uppstä
381 1344 127 25 derigenom,
529 1346 31 18 att
576 1350 24 14 en
616 1343 23 21 af
653 1343 25 20 de
693 1343 50 20 äkta
759 1344 100 20 makarne
874 1344 42 20 kan
932 1344 40 21 den

153 1371 65 21 andra
242 1371 101 21 ovetande
365 1371 61 20 hafva
449 1371 63 21 oäkta
533 1371 59 21 barn.
621 1371 65 21 Detta
701 1371 67 21 skulle
783 1371 139 22 förekommas
937 1378 36 20 ge-

153 1405 49 15 nom
223 1399 158 26 bestämningen
404 1400 5 19 i
434 1399 39 21 den
497 1400 134 22 reservation,
650 1405 44 15 som
707 1399 37 27 jag
759 1399 39 21 har
813 1400 158 26 undertecknat,

154 1429 31 20 att
203 1428 104 26 nämligen
323 1434 24 15 en
363 1434 83 20 person,
461 1434 46 15 man
524 1427 52 22 eller
590 1427 82 28 gvinna,
687 1429 44 20 före
746 1429 101 26 ingäende
863 1429 22 21 af
899 1429 74 21 äkten-

154 1457 51 26 skap
221 1456 52 22 skall
290 1457 61 22 hafva
366 1456 47 21 lätit
428 1456 5 20 i
450 1457 135 26 kyrkoboken
601 1457 6 21 i
623 1457 39 21 den
678 1457 128 27 församling,
823 1458 37 21 der
870 1458 40 21 han
922 1458 50 21 eller

153 1486 42 21 hon
211 1488 24 19 är
250 1486 97 25 skrifven,
363 1486 68 21 säsom
447 1486 37 21 sitt
499 1486 102 21 anteckna
618 1485 35 22 det
668 1486 63 21 oäkta
747 1487 58 26 barn,
817 1486 40 22 han
869 1487 51 22 eller
930 1487 42 22 hon

154 1515 41 21 kan
210 1514 66 22 hafva.
306 1515 46 21 Den
367 1520 81 21 person,
464 1520 44 15 som
524 1515 65 21 sedan
604 1515 59 26 ingår
679 1515 116 28 äktenskap
811 1515 47 22 med
871 1522 25 15 en
907 1516 65 21 sådan
