1056 1745
180 117 39 21 136
387 121 160 19 Presteståndet
559 123 54 17 1877.
637 123 26 17 23
675 122 51 17 febr.

149 192 172 25 representanter
342 190 68 21 skulle
433 191 22 20 åt
478 191 106 20 desamma
601 191 117 20 bestämma
733 190 92 21 arvoden
840 191 6 20 i
862 190 106 22 öfverens-

150 218 120 22 stämmelse
285 219 48 21 med
348 218 241 27 landtdagsordningens
604 219 112 21 föreskrift.

218 275 130 22 Besvarades
362 273 38 23 vid
416 275 83 22 anstäld
514 276 96 26 votering
625 276 48 21 med
689 277 24 19 11
731 275 54 27 ,,ja**
801 275 36 21 och
854 275 27 22 23
897 291 11 11 ,
912 276 57 27 nej".

219 418 133 26 Föredrogos
375 418 84 21 ståndet
482 418 31 21 till
529 418 119 21 kännedom
663 418 92 26 följande
771 419 45 20 från
832 418 138 21 medstånden

150 446 101 23 inkomna
266 445 206 28 protokollsutdrag:

218 503 56 22 Från
290 503 104 26 vällofliga
410 503 174 27 borgareståndet
598 503 22 22 af
635 504 39 21 den
692 505 24 20 16
728 504 91 21 februari
830 504 21 25 a)
862 504 109 26 angående

149 533 75 21 remiss
247 532 32 21 till
301 532 140 27 lagutskottet
462 532 22 21 af
503 535 31 18 ett
549 532 45 22 utaf
607 532 50 22 herr
672 532 99 27 Dunajeff
783 533 121 21 framstäldt
918 533 52 26 peti-

150 561 135 26 tionsförslag
307 560 78 26 derom,
409 563 32 19 att
460 561 6 20 i
484 561 90 22 Finland
590 561 84 22 bosatta
689 561 39 22 och
744 561 166 22 naturaliserade
925 567 46 20 gre-

149 589 120 27 kisk-ryska
291 589 168 22 trosförvandter
481 589 67 22 blefve
570 590 6 20 i
600 589 97 22 afseende
720 591 12 20 å
755 592 43 19 rätt
818 592 31 19 att
864 590 107 21 inträda
958 585 17 35 i

150 620 81 19 statens
255 618 64 26 tjenst
341 617 98 22 likstälda
455 619 47 20 med
517 618 69 21 finska
601 617 139 28 medborgare
756 618 22 21 af
792 618 109 22 lutherska
916 621 55 18 tros-

150 646 141 22 bekännelsen
299 653 4 19 ;

220 703 23 28 b)
259 703 108 28 angående
383 703 73 22 remiss
472 703 31 21 till
519 704 105 21 allmänna
639 704 192 21 besvärsutskottet
846 703 22 22 af
880 703 91 27 följande

150 734 78 20 tvänne
250 733 57 20 inom
325 732 84 21 ståndet
424 732 123 22 framstälda
562 732 190 28 petitionsförslag
750 728 10 37 :
769 733 22 21 af
805 732 48 22 herr
868 733 102 21 Rissanen

151 767 34 16 om
208 761 120 21 inrättande
350 761 6 20 i
379 761 82 27 Kuopio
485 761 47 22 stad
554 761 22 22 af
590 767 26 16 en
630 761 122 27 fullständig
767 760 205 29 fruntimmersskola

150 790 49 21 med
220 789 81 22 finskan
323 789 32 21 till
377 789 224 28 undervisningsspråk
620 792 55 19 samt
690 790 22 21 af
725 778 49 33 herr
789 785 85 31 Öhberg
890 796 35 15 om
940 791 33 20 att

150 819 77 26 lärare,
249 825 45 15 som
317 818 45 22 från
384 820 64 19 annat
470 818 102 27 oftentligt
587 818 97 22 läroverk
700 818 96 27 öfvergår
811 818 32 21 till
858 818 113 22 folkskole-

151 836 212 33 lärare-seminarium
384 847 108 21 derstädes
508 848 34 20 må
549 835 28 34 Tä
592 847 66 22 räkna
674 847 31 21 sin
721 847 127 26 föregäende
862 847 109 26 tjenstetid

151 875 100 27 tillgodo
243 871 12 35 ;

221 934 17 25 e)
254 933 107 26 angående
377 933 74 21 remiss
466 932 30 22 till
510 933 204 26 jernvägsutskottet
729 933 21 21 af
759 933 91 26 följande
861 933 112 27 petitions-

151 961 89 27 förslag:
265 961 40 26 1:0)
327 961 23 22 af
370 961 49 21 herr
439 961 118 26 Molander,
578 967 33 16 om
627 962 127 21 medverkan
770 961 45 22 frän
830 964 81 19 statens
927 962 46 21 sida

151 990 32 21 till
199 990 187 21 ästadkommande
402 990 21 21 af
437 996 25 15 en
477 989 225 28 jernvägsförbindelse
713 990 77 21 mellan
801 990 100 21 städerna
911 990 62 21 Tam-

151 1018 89 22 merfors
262 1018 39 21 och
324 1018 143 27 Björneborg;
490 1019 42 26 2:0)
548 1018 22 21 af
583 1018 74 21 herrar
672 1018 107 22 Snellman
795 1019 38 21 och
850 1019 72 21 Olsoni
939 1025 33 15 om

150 1047 87 26 jernväg
259 1047 46 21 frän
327 1046 117 27 Uleäborgs
467 1047 47 22 stad
534 1047 32 21 till
581 1047 53 21 Uleä
650 1047 70 24 träsk;
736 1049 56 20 samt
807 1048 40 23 3:0)
863 1047 24 21 af
900 1047 73 22 herrar

151 1075 102 22 Rissanen
275 1075 39 22 och
336 1075 107 22 Fabritius
463 1082 34 15 om
510 1076 88 26 jernväg
614 1075 46 22 frän
675 1075 117 22 Davidstad
808 1075 31 22 till
854 1076 119 27 Uleäborgs

152 1105 47 21 stad
216 1104 47 22 med
278 1104 201 27 beröringspunkter
493 1104 7 21 i
515 1104 32 22 S:t
563 1104 77 21 Michel
655 1105 39 21 och
709 1104 90 27 Kuopio.

221 1160 56 22 Frän
300 1160 131 22 hedervärda
453 1160 155 23 bondeständet
628 1161 20 21 af
663 1167 80 16 samma
758 1162 52 25 dag:
827 1161 21 27 a)
863 1161 110 26 angäende

152 1189 74 22 remiss
249 1189 31 21 till
303 1191 151 20 sammansatta
477 1189 43 26 lag-
544 1189 37 22 och
605 1189 216 22 ekonomieutskottet
843 1189 21 21 af
882 1193 31 18 ett
928 1190 47 21 utaf

152 1218 203 26 landtdagsmannen
371 1217 124 22 Liukkonen
511 1217 105 22 framstält
630 1218 180 27 petitionsförslag
822 1224 34 15 om
868 1218 105 22 särskilda

153 1246 114 25 ändringar
292 1245 22 22 af
337 1246 96 26 gällande
459 1245 148 28 författningar
631 1246 91 21 rörande
748 1246 84 27 fängars
857 1247 51 21 värd
934 1247 38 21 och

152 1274 99 26 forsling
241 1270 12 34 ;

221 1328 24 28 b)
268 1329 108 26 angäende
397 1328 74 22 remiss
490 1328 32 22 till
536 1329 204 26 jernvägsutskottet
755 1330 22 20 af
790 1330 91 27 följande
896 1332 79 19 tvänne

152 1357 189 28 petitionsförslag:
359 1358 32 21 1:0
407 1357 22 22 af
442 1357 204 28 landtdagsmannen
662 1358 96 22 Savonen
772 1359 65 26 jemte
852 1361 31 20 ett
898 1359 22 22 af
931 1359 43 21 val-

152 1388 91 20 männen
265 1386 7 21 i
295 1386 111 27 Saarijärvi
427 1386 77 22 socken
520 1387 169 22 undertecknadt
703 1387 108 28 protokoll
826 1387 149 22 innehållande

154 1416 61 21 deras
238 1415 127 27 önskningar
388 1415 131 22 beträffande
542 1416 147 27 sträckningen
708 1416 22 22 af
744 1417 26 21 de
785 1417 118 27 föreslagna
916 1417 58 27 jern-

152 1444 141 27 vägslinierna
308 1444 6 21 i
330 1444 77 26 landet,
424 1444 121 28 isynnerhet
560 1445 40 21 den
615 1445 107 22 mellersta
736 1445 79 27 banan,
830 1448 55 19 samt
901 1447 42 26 2:0)
955 1445 21 22 af

152 1473 204 27 landtdagsmännen
378 1473 98 22 Keränen
500 1473 39 22 och
561 1473 97 23 Walkola
678 1480 34 16 om
728 1474 110 28 byggande
853 1474 22 23 af
886 1475 89 27 jernväg

153 1502 77 22 mellan
253 1502 112 21 Uleäträsk
389 1503 38 20 och
448 1502 118 27 Uleäborgs
582 1503 48 22 stad
645 1503 48 21 med
708 1503 106 22 allmänna
830 1504 74 26 medel,
920 1507 55 18 samt
