1061 1803
198 122 27 20 46
418 126 158 18 Presteståndet
588 127 54 17 1877.
666 127 12 16 6
690 127 51 17 febr.

168 194 40 21 här
229 195 114 26 uttrycken
365 195 248 27 ,undervisningsspråk?
636 195 39 21 och
697 195 151 26 ,modersmäl”
870 195 33 20 för
921 195 68 21 första

168 223 83 26 gången
273 223 7 20 i
301 223 38 21 vår
360 223 186 27 skollagstiftning;
569 229 47 15 men
640 223 26 21 då
686 223 151 21 modersmålet
852 223 137 21 tillerkändes

169 253 43 19 rätt
227 253 32 20 att
274 257 51 15 vara
340 251 225 28 undervisningsspråk
580 252 76 20 endast
671 252 6 20 i
690 251 58 28 lägre
759 252 182 25 elementarskola,
952 258 37 15 var

168 280 88 21 härmed
271 280 7 21 i
293 280 75 27 sjelfva
382 280 73 21 verket
470 281 33 20 för
519 281 39 20 den
573 281 65 26 högre
654 280 175 27 undervisningen
839 280 54 21 intet
902 283 86 18 vunnet.

238 309 49 21 Med
307 309 28 21 all
355 309 98 21 erkänsla
467 308 40 22 bör
522 310 53 21 dock
590 309 152 26 ihågkommas,
758 310 33 19 att
806 309 102 26 styrelsen
923 309 65 21 redan

168 337 93 27 följande
276 337 25 21 år
315 343 37 15 var
366 337 89 22 betänkt
469 337 28 27 på
511 340 33 19 att
558 338 76 26 jemväl
649 338 33 21 för
698 337 36 22 det
749 337 68 21 finska
832 337 75 21 barnet
919 339 70 25 öppna

169 372 25 15 en
210 367 39 25 väg
264 366 32 20 till
312 372 58 15 mera
386 366 130 21 omfattande
531 366 96 26 kunskap
643 366 39 21 och
698 365 100 27 bildning.
822 366 38 20 Ett
875 365 114 27 Kejserligt

168 394 49 22 bref
237 394 23 21 af
281 394 40 22 den
337 395 12 20 9
365 394 119 26 september
507 395 53 21 1857
576 394 112 22 anbefalde
703 394 104 27 nemligen
822 394 133 22 inrättandet
969 394 23 21 af

169 430 25 14 en
210 422 65 27 högre
291 423 176 21 elementarskola
481 423 8 21 i
503 423 114 27 Jyväskylä
627 423 53 26 stad,
692 425 56 19 samt
757 422 110 28 föreskref,
878 425 32 19 att
922 422 68 22 finska

168 452 87 26 språket
270 452 31 21 uti
316 452 68 21 denna
399 452 128 21 läroanstalt
542 452 69 21 kunde
627 452 39 20 och
682 451 66 22 borde
763 452 34 21 vid
813 452 176 26 undervisningen

169 480 113 27 begagnas,
303 480 65 27 jemte
390 481 36 20 det
448 480 96 22 svenska.
574 476 137 31 Öfverflödigt
733 482 25 19 är
772 482 33 19 att
820 480 38 21 här
873 480 52 22 söka
941 482 50 19 när-

169 514 58 16 mare
249 509 50 26 visa,
323 508 83 22 hvilken
422 511 59 19 stora
496 509 108 27 betydelse
619 509 68 21 denna
702 508 67 27 skola,
784 515 46 15 som
846 509 40 21 den
903 510 10 19 1
931 509 59 21 okto-

168 538 39 21 ber
230 538 55 21 1858
307 538 75 20 trädde
396 539 6 19 i
419 538 134 21 verksamhet
571 538 40 21 och
625 544 76 20 genom
716 538 84 26 Nådiga
814 537 140 27 kungörelsen
969 536 23 22 af

169 566 40 21 den
225 566 26 21 30
264 566 85 26 januari
366 562 53 35 1862
431 562 124 35 utvidgades
574 567 32 23 till
622 568 30 19 ett
667 566 135 26 fullständigt
818 566 171 21 elementarläro-

168 594 59 26 verk,
248 596 74 20 vunnit
343 595 7 21 i
372 595 46 21 vårt
441 595 56 26 land,
521 594 175 27 hufvudsakligen
719 595 128 27 derigenom,
862 597 31 19 att
908 594 83 21 finskan

170 623 114 27 derstädes,
300 624 7 20 i
321 623 52 27 följd
388 624 24 21 af
425 624 220 26 omständigheternas
660 624 70 25 tvång,
746 624 56 21 inom
819 623 49 21 kort
883 623 44 21 blef
937 623 6 21 i
954 623 36 21 det

169 654 106 20 närmaste
291 655 82 19 ensamt
388 653 95 21 rådande
498 652 232 27 undervisningsspråk.

238 681 33 20 En
293 681 41 27 god
357 681 73 27 början
451 688 38 15 var
506 681 80 22 således
601 681 66 27 gjord.
697 681 64 22 Snart
775 681 83 21 tillkom
874 681 61 21 äfven
951 681 40 21 den

170 715 87 15 numera
277 710 103 26 indragna
397 710 66 27 högre
479 710 189 21 elementarskolan
683 710 6 20 i
705 709 149 22 Tammerfors.
870 721 23 3 —
913 709 78 21 Finska

170 738 67 21 folket
251 738 70 22 kände
337 738 31 27 sig
383 739 104 21 tacksamt
503 738 39 22 och
556 738 50 22 fullt
621 738 23 22 af
657 738 63 28 hopp.

238 766 41 22 Det
299 769 75 26 syntes
397 768 40 20 ock
459 774 45 14 som
525 767 68 21 skulle
608 768 48 20 dess
672 767 114 27 djerfvaste
801 766 128 28 önskningar
944 766 49 22 med

169 795 86 27 hänsigt
270 796 32 20 till
317 796 81 24 skolan,
414 796 27 26 gå
456 796 6 21 i
478 796 127 26 fullbordan,
620 796 27 21 då
663 796 83 26 Nådiga
758 795 151 27 förordningen
919 794 24 22 af
951 795 41 21 den

170 824 28 21 20
212 824 94 22 februari
323 825 53 21 1865
392 824 73 27 gjorde
481 824 41 21 den
537 824 71 25 tanke,
623 830 46 16 som
684 824 92 27 grundat
786 824 136 22 förenämnde
935 824 57 20 läro-

170 853 51 21 verk
243 853 7 21 i
270 853 116 28 Jyväskylä
407 854 40 21 och
469 853 147 26 Tammerfors,
637 853 104 28 gällande
763 853 33 21 för
811 852 48 22 hela
875 853 36 21 det
925 852 66 27 högre

168 882 151 21 skolväsendet
341 882 8 21 i
371 882 78 26 landet,
465 882 7 21 i
487 882 36 21 det
545 885 32 18 att
592 883 36 21 det
643 883 45 25 här,
704 882 64 21 bland
783 884 72 23 annat,
870 881 121 25 föreskrefs,

170 912 33 20 att
219 910 81 25 finska
315 910 85 28 språket
414 911 68 22 skulle
497 911 34 21 vid
546 911 82 21 landets
644 910 43 22 alla
700 910 168 22 lärdomsskolor
883 910 40 21 och
933 916 60 21 gym-

170 939 76 26 nasier,
269 939 84 21 såsnart
375 940 104 26 reglering
501 940 69 21 huune
586 940 102 26 vidtagas,
704 938 78 22 införas
798 939 70 22 såsom
883 938 109 22 undervis-

170 968 126 27 ningsspråk
317 968 64 27 jemte
401 968 36 22 det
457 969 95 25 svenska,
568 969 32 20 uti
615 970 31 20 ett
661 968 50 21 eller
726 968 51 22 flere
793 970 83 24 ämnen,
892 967 101 22 eftersom

170 996 101 28 lämpliga
293 997 69 21 lärare
385 997 70 21 dertill
476 997 70 21 kunde
564 997 85 21 finnas”.
681 997 50 21 Man
746 999 37 24 tog
798 996 34 22 för
846 996 99 27 afgjordt,
961 997 32 19 att

172 1025 69 21 finska
262 1026 93 26 språket,
377 1025 127 22 åtminstone
525 1026 24 20 så
563 1026 45 21 vidt
624 1026 36 21 det
674 1026 76 26 angick
765 1025 81 25 skolan,
862 1025 68 21 skulle
945 1025 7 21 i
968 1030 26 15 en

172 1060 50 15 snar
242 1054 87 22 framtid
350 1055 85 21 komma
450 1054 32 22 till
498 1055 31 21 sin
544 1054 53 22 fulla
611 1056 50 24 rätt,
677 1054 137 22 förmenande
830 1054 60 21 äfven
905 1055 33 19 att
953 1054 40 20 den

172 1082 63 21 svåra
253 1083 75 26 frågan
343 1089 34 15 om
393 1083 25 20 de
434 1085 77 19 tvenne
526 1083 101 26 språkens
642 1083 100 26 ställning
757 1083 6 20 i
779 1082 75 21 skolan
869 1082 69 21 blifvit
953 1082 42 21 löst

172 1111 28 27 på
215 1113 32 19 ett
261 1111 6 20 i
283 1111 42 21 allo
341 1111 196 22 tillfredsställande
553 1113 49 19 sätt.

241 1139 74 22 Denna
335 1140 89 26 Nådiga,
445 1140 48 21 med
509 1140 23 21 så
546 1139 88 28 mycken
650 1139 69 27 glädje
735 1139 40 21 och
790 1139 24 21 så
829 1142 45 18 stor
888 1139 106 21 tacksam-

172 1168 37 21 het
231 1171 123 24 emottagna
376 1169 125 26 förordning
523 1168 53 21 hade
592 1168 39 21 ock
647 1168 31 21 till
694 1167 53 27 följd
762 1169 33 20 att
810 1167 40 21 den
866 1173 40 16 ena
921 1167 24 21 af
957 1173 38 20 pa-

173 1196 228 27 rallellafdelningarne
424 1197 33 20 vid
480 1197 120 21 läroverket
616 1197 6 20 i
637 1196 84 27 Kuopio
741 1198 60 19 snart
816 1195 44 22 blef
874 1196 6 20 i
896 1196 36 21 det
947 1197 48 19 när-

173 1227 67 19 maste
262 1225 61 24 finsk,
345 1227 55 19 samt
422 1227 33 19 att
477 1225 13 21 å
511 1225 26 20 de
558 1225 46 26 fyra
618 1225 60 25 lägre
692 1224 110 21 klasserna
818 1224 23 21 af
854 1223 141 22 läroverket
985 1219 15 37 i

173 1253 108 26 Uleåborg
295 1253 77 22 endast
386 1253 69 22 finska
466 1253 133 27 begagnades
611 1253 70 21 såsom
692 1252 231 27 undervisningsspråk.
947 1252 48 21 Men

174 1282 12 21 å
202 1284 57 19 orter
278 1282 49 21 med
342 1282 92 21 blandad
451 1282 122 26 befolkning
587 1283 67 20 mötte
670 1281 146 22 föreskriftens
831 1281 164 26 genomförande

173 1310 137 27 svårigheter,
330 1316 45 15 som
396 1310 75 22 endast
485 1309 72 22 alltför
572 1312 60 19 snart
646 1310 140 21 framkallade
802 1309 137 22 obelåtenhet
954 1309 39 21 och

173 1339 99 25 missnöje
287 1339 24 20 så
326 1342 65 20 utom,
406 1345 45 14 som
466 1339 57 20 inom
539 1339 81 20 skolan.

241 1366 142 21 Föräldrarne
405 1367 92 25 klagade
519 1366 57 21 öfver
596 1368 32 19 att
643 1366 61 21 deras
719 1365 54 21 barn
788 1371 51 16 voro
855 1367 94 25 tvungna
964 1367 33 19 att

174 1394 94 22 inhemta
290 1395 36 21 det
349 1401 39 14 ena
410 1395 52 21 eller
485 1395 66 20 andra
570 1395 118 21 läroämnet
704 1393 28 28 på
747 1395 31 20 ett
794 1393 70 28 språk,
880 1393 77 22 hvaraf
971 1394 26 21 de

174 1424 46 21 icke
235 1430 50 14 voro
301 1424 101 26 mägtige;
418 1424 128 26 framstegen
562 1424 7 19 i
584 1424 75 21 skolan
674 1423 69 21 blefvo
760 1423 83 27 ojemna
858 1423 39 21 och
910 1424 26 20 de
945 1428 51 21 yng-

173 1452 75 27 lingar,
264 1458 46 15 som
325 1452 146 21 dimitterades
485 1452 33 21 till
534 1452 153 25 universitetet,
703 1451 73 22 visade
790 1451 121 28 ingalunda,
927 1451 70 22 såsom

174 1487 49 15 man
245 1481 98 22 förestält
363 1481 38 27 sig,
419 1481 100 27 jemngod
534 1480 96 29 förmåga
644 1483 33 19 att
692 1480 118 28 muntligen
825 1480 39 23 och
880 1480 117 27 skriftligen

174 1510 99 28 uttrycka
288 1511 32 26 sig
335 1510 27 27 på
377 1510 105 21 hvardera
496 1509 96 28 språket.
