1056 1834
188 121 41 20 208
401 125 160 18 Presteständet
573 126 53 17 1877.
650 126 12 16 9
674 130 60 12 mars.

228 194 69 22 Sedan
312 196 60 19 nästa
387 194 155 20 sammanträde
558 195 77 19 utsatts
651 193 32 21 till
694 194 52 21 först
756 194 140 21 instundande
908 194 71 27 fredag

158 222 28 21 kl.
205 223 24 21 10
245 222 13 22 f.
273 228 32 21 m.,
321 222 101 21 ätskildes
438 222 95 21 ständets
549 221 136 22 medlemmar
700 222 28 21 kl.
745 222 27 27 1/,
783 223 12 21 3
811 228 17 15 €.
845 228 27 16 m.

731 290 20 18 In
764 290 60 18 fidem:

650 325 51 21 Carl
716 325 49 22 Joh.
779 326 131 28 Lindegvist.

288 503 151 34 Fredagen
458 504 57 27 den
532 505 17 26 9
567 510 80 20 mars
666 503 40 28 kl.
726 504 34 27 10
777 503 22 27 f.
817 511 39 20 m.

228 573 168 22 Sammanträdet
423 573 106 26 öppnades
554 573 48 22 med
628 573 21 20 af
673 575 84 25 prosten
778 573 153 22 Borenius
954 574 26 27 pä

160 601 89 22 svenska
264 602 86 27 språket
365 602 103 21 förrättad
484 602 47 21 bön.

229 745 40 20 Vid
291 744 62 22 skedt
375 751 82 21 upprop
477 744 103 22 befunnos
596 744 90 27 följande
702 745 210 21 ständsmedlemmar
926 744 54 21 frän-

160 773 106 22 varande:
290 776 110 24 prostarne
422 773 85 26 Hjelt
523 773 38 21 och
603 773 135 26 Bergroth,
753 773 22 21 af
789 773 55 21 förut
860 773 119 21 antecknad

160 802 69 27 orsak,
245 801 76 22 doktor
336 801 145 22 Lindelöf
495 804 49 19 utan
560 801 97 27 augifven
672 803 64 20 sädan
752 804 54 19 samt
821 804 73 25 pastor
904 802 77 27 Lyra

160 831 40 21 och
222 831 72 21 rektor
317 830 143 26 Kihlman,
482 830 70 22 hvilka
569 831 65 26 begge
649 831 128 21 sistnämnde
793 831 53 22 dock
862 830 55 22 inom
933 831 49 21 kort

160 859 86 22 infunno
262 859 31 27 sig
308 859 6 22 i
329 859 90 27 plenum.

229 1002 40 22 Till
289 1003 104 27 justering
415 1004 106 26 upplästes
543 1003 105 21 särskilda
670 1003 77 27 utdrag
765 1010 25 14 ur
805 1003 129 27 protokollet
950 1003 31 21 för

161 1031 40 21 den
217 1032 12 19 6
246 1032 84 21 dennes.

229 1175 134 25 Föredrogos
387 1175 38 21 och
448 1176 141 21 antecknades
611 1175 151 27 nedanangifna
783 1175 44 22 från
844 1176 137 21 medständen

161 1204 31 21 till
209 1204 156 28 presteständet
380 1204 99 22 inkomna
494 1204 205 27 protokollsutdrag:

230 1262 33 20 1:o
284 1260 45 22 från
352 1260 112 27 höglofiiga
479 1261 146 28 ridderskapet
640 1262 39 20 och
694 1261 61 22 adeln
771 1262 23 20 af
808 1262 39 21 den
863 1263 13 20 2
891 1262 7 21 i
914 1262 68 21 denna

160 1289 77 21 mänad
258 1290 21 26 a)
303 1290 108 26 angäende
433 1290 154 25 godkännande
609 1290 21 21 af
651 1290 149 26 lagutskottets
823 1290 132 22 betänkande
975 1291 5 19 i

160 1318 113 26 anledning
295 1317 20 21 af
338 1318 75 26 nädiga
432 1319 157 25 propositionen
604 1325 34 15 n:o
654 1320 20 24 2,
690 1325 33 15 om
740 1318 112 22 förändrad
868 1319 79 27 lydelse
962 1319 21 21 af

160 1347 13 19 3
189 1347 13 26 8
218 1347 12 21 7
246 1346 46 27 kap.
310 1346 23 22 G.
349 1347 23 21 B.
389 1347 107 26 angäende
509 1347 32 27 jäf
555 1349 57 19 emot
627 1347 126 27 äktenskap;
770 1347 20 26 b)
806 1348 108 26 angäende
925 1348 57 21 stän-

160 1374 47 21 dets
230 1374 75 25 beslut,
328 1377 39 23 att,
387 1376 48 19 med
450 1375 135 21 förkastande
600 1376 22 20 af
636 1376 167 20 statsutskottets
819 1376 140 26 betänkande,
975 1376 7 20 i

160 1402 113 26 anledning
296 1402 22 21 af
338 1403 75 25 nädiga
435 1403 158 26 propositionen
616 1409 33 15 n:o
673 1405 12 19 5
707 1409 34 15 om
756 1403 112 27 aflyftande
884 1405 22 20 af
920 1404 61 21 den
970 1398 16 37 i

160 1429 63 22 Wasa
244 1431 38 21 och
305 1430 118 27 Uleåborgs
445 1431 35 21 län
503 1431 66 22 under
592 1431 154 28 benämningen
762 1432 172 27 fraktpenningar
950 1434 31 19 ut-

160 1459 81 26 gående
263 1459 64 23 skatt,
351 1460 112 27 godkänna
487 1461 40 21 den
549 1461 77 26 nådiga
648 1461 168 27 propositionen;
837 1462 20 25 c)
873 1462 108 26 angående

160 1489 129 26 antagandet
305 1488 22 22 af
340 1491 151 20 sammansatta
502 1489 42 26 lag-
556 1489 40 22 och
607 1489 213 22 ekonomiutskottets
828 1490 153 27 framställning

160 1523 41 20 om,
217 1519 32 20 att
264 1517 85 22 ståndet
363 1517 54 26 ville,
433 1519 46 20 med
495 1518 127 27 frängäende
638 1518 22 22 af
673 1519 36 21 sitt
724 1519 124 27 föregående
864 1519 70 22 beslut
950 1522 31 19 att
