1053 1784
188 124 42 21 410
408 128 158 18 Presteständet
579 129 53 17 1877.
656 129 11 17 7?
680 129 58 21 april.

160 198 113 21 sinnesslöe
296 204 49 16 vara
367 199 83 25 mycket
472 198 125 26 berättigad,
621 198 38 20 och
682 198 93 21 ansluter
791 198 41 26 mig
846 198 31 20 till
894 197 83 27 petitio-

159 228 76 19 närens
255 226 90 27 mening,
374 226 34 22 Då
423 226 103 22 utskottet
541 226 104 22 förkastat
660 226 69 21 denna
743 226 88 27 petition
847 226 39 21 och
902 228 75 24 ansett,

159 256 34 20 att
215 254 120 22 densamma
357 254 45 22 från
424 255 96 21 ståndets
542 254 45 22 sida
609 254 61 26 ingen
693 255 75 26 åtgärd
783 254 100 27 påkallar,
900 254 77 28 bygger

159 283 105 21 utskottet
287 283 58 21 detta
367 283 37 21 sitt
426 283 108 21 utlåtande
556 284 27 26 på
602 283 80 27 ganska
701 283 70 21 skrala
786 283 51 21 skäl.
867 283 110 21 Utskottet

159 311 65 26 anför,
248 311 64 21 bland
334 313 71 23 annat,
427 314 31 19 att
480 314 70 19 staten
573 312 46 21 icke
638 312 39 20 har
692 312 38 21 råd
745 312 31 20 till
792 312 81 21 sådant.
904 312 73 21 Staten

159 340 40 21 har
221 340 81 21 ändock
324 340 6 21 i
346 346 73 16 senare
434 340 55 21 tider
503 340 81 22 bevisat
599 341 23 20 så
637 340 88 27 mycken
739 340 134 26 frikostighet
888 340 39 22 och
943 340 35 21 be-

159 368 79 26 hjertat
253 369 23 20 så
292 369 75 26 många
381 369 67 21 andra
462 369 118 26 petitioner,
597 374 44 16 som
657 370 53 25 angä
721 368 120 22 vanlottade
852 368 62 22 barns
926 375 52 21 upp-

159 397 87 25 fostran,
270 398 31 20 att
321 397 36 27 jag
374 397 39 21 har
427 397 45 21 skäl
488 397 32 21 till
536 398 39 20 den
591 399 39 23 tro,
647 399 31 19 att
693 399 70 19 staten
779 396 60 22 äfven
854 397 53 21 skall
923 397 56 21 finna

160 425 68 21 medel
250 426 31 20 att
304 425 79 21 inrätta
405 425 72 21 skolor
499 426 32 21 för
550 425 121 22 sinnesslöe.
701 425 110 22 Utskottet
826 425 60 21 anför
900 426 77 21 vidare,

161 455 32 20 att
215 454 35 21 det
272 453 65 22 finnes
361 454 22 21 sä
404 454 75 26 många
494 454 66 21 andra
576 454 101 26 vigtigare
691 454 98 21 ändamål
804 453 7 22 i
826 454 153 27 uppfostrings-

161 484 45 24 väg,
229 481 32 22 för
278 482 70 21 hvilka
364 482 115 27 penningar
494 483 66 21 borde
576 483 89 24 anvisas,
681 482 38 22 och
735 482 128 27 uppvecklar
878 489 26 14 en
920 483 59 21 mörk

160 510 50 21 tafla
232 510 22 21 af
274 511 140 21 hundradetal
436 511 68 21 fader-
526 511 38 21 och
588 511 118 21 moderlösa
728 511 59 24 barn,
809 517 45 15 som
871 513 51 19 växa
938 517 41 21 upp

160 541 50 19 utan
233 539 92 26 ringaste
348 539 57 26 värd,
428 545 47 16 men
493 539 104 22 utskottet
612 539 107 26 glömmer,
735 541 32 20 att
783 540 35 21 det
833 539 65 22 finnes
915 540 64 21 redan

161 574 25 14 en
210 567 114 27 bestyrelse
347 567 32 21 för
400 568 97 21 värnlösa
520 569 62 20 barns
604 567 123 28 uppfostran
747 567 39 22 och
803 569 31 20 att
850 569 68 20 denna
933 568 47 21 sökt

161 595 63 22 verka
247 596 38 20 och
308 595 64 22 ocksä
394 596 64 21 redan
482 597 74 20 verkat
578 596 83 27 mycket
679 597 51 26 godt
745 596 32 21 för
793 596 123 21 ändamälet.
947 597 32 20 En

161 624 65 21 sädan
249 624 137 27 beskyllning,
410 631 44 14 som
477 625 104 21 utskottet
604 625 157 26 antydningsvis
783 625 61 26 gjort,
861 627 23 19 är
899 624 81 22 säledes

160 653 46 20 icke
224 653 26 26 pä
265 653 31 20 sin
312 652 60 27 plats.
403 653 40 21 Om
459 659 25 14 en
501 653 50 21 eller
566 655 75 19 tvenne
657 653 22 20 af
692 659 28 15 nu
735 653 158 26 ifrägavarande
909 653 71 21 skolor

161 681 52 21 böra
235 681 94 24 inrättas,
349 687 60 20 synes
432 681 42 26 mig
496 688 50 15 vara
566 681 105 27 likgiltigt,
687 682 56 21 blott
757 681 103 22 idioterna
875 681 55 22 läras
946 688 34 15 en-

161 709 51 22 hvar
227 710 27 26 pä
268 709 38 21 sitt
320 709 69 26 spräk.

229 738 40 25 Jag
291 740 50 23 tror,
365 740 38 21 att,
425 744 33 15 om
474 744 26 15 en
515 739 55 26 gäng
585 739 68 20 staten
669 737 38 22 har
722 738 54 27 tagit
790 738 95 27 initiativ,
901 738 80 21 hvilket

162 767 39 20 den
223 766 88 27 troligen
333 769 44 23 gör,
392 766 43 21 ifall
450 767 88 26 petition
555 767 71 21 derom
643 766 45 21 frän
703 767 114 21 ständerna
832 767 78 23 aflätes,
926 767 55 21 skall

162 795 90 21 omsider
275 795 53 21 efter
349 801 26 15 en
398 795 30 21 tid
450 795 39 21 den
505 795 94 21 enskilda
615 795 192 27 barmhertigheten
823 801 44 15 mer
882 795 39 21 och
937 802 44 15 mer

161 823 99 22 befordra
278 824 80 21 sädana
372 823 113 22 anstalters
500 823 114 22 förkofran.
644 824 46 21 Den
707 824 95 21 enskilda
817 824 163 26 välgörenheten

160 851 40 22 har
215 853 64 20 redan
296 853 53 20 visat
364 852 31 27 sig
409 853 7 20 i
432 853 74 26 mänga
522 852 112 21 afseenden
650 853 24 20 sä
689 853 188 26 tillmötesgäende,
893 855 33 19 att
941 853 39 21 den

161 880 18 27 ej
196 881 66 21 heller
276 880 53 22 skall
345 881 6 21 i
366 881 112 21 framtiden
493 881 87 22 förneka
596 881 35 27 sig.
662 881 41 27 Jag
718 881 67 22 slutar
800 881 47 22 med
862 883 32 20 att
905 882 26 26 pä
944 881 35 22 det

161 912 105 19 varmaste
281 910 85 21 förorda
380 910 122 27 petitionen.

229 967 77 21 Pastor
320 967 89 27 Lyra:
432 967 32 21 Dä
479 967 134 27 pluraliteten
630 967 21 21 af
665 966 106 22 allmänna
789 966 190 24 besvärsutskottet

161 995 81 21 kunnat
252 995 133 22 tillbakavisa
395 1002 25 14 en
432 996 87 26 petition
531 996 21 21 af
561 996 23 20 sä
595 995 82 27 kristlig
688 996 51 21 eller
749 996 127 21 ätminstone
886 996 24 22 sä
920 996 59 22 filan-

162 1024 81 26 tropisk
264 1024 99 27 syftning,
387 1030 44 16 som
448 1024 39 21 den
503 1030 29 15 nu
546 1024 149 27 föreliggande,
711 1024 61 22 torde
789 1024 35 22 det
839 1024 54 22 dock
908 1024 20 22 få
938 1025 41 21 för-

161 1054 97 24 utsättas,
281 1054 32 19 att
335 1052 68 22 denna
424 1052 108 27 pluralitet
547 1052 46 22 icke
608 1052 22 22 sä
646 1052 45 22 helt
706 1053 39 21 och
760 1052 65 22 hället
844 1053 75 21 saknat
934 1054 45 21 skäl

161 1081 32 21 för
209 1081 58 21 detta
282 1081 37 21 sitt
337 1080 159 28 handlingssätt.
526 1082 42 20 Det
583 1081 60 21 torde
659 1081 117 26 säkerligen
791 1081 21 21 få
827 1084 87 24 antagas
931 1088 48 15 vara

161 1109 121 21 förhastade
304 1110 85 26 uttryck
411 1110 21 20 af
453 1110 67 26 nägra
542 1110 126 26 föregäende
692 1110 73 24 talare,
782 1110 27 22 dä
824 1111 25 20 de
864 1111 68 25 pästä,
947 1113 32 19 att

161 1138 91 21 nämnda
267 1138 108 26 pluralitet
390 1138 69 21 dertill
474 1138 45 22 icke
534 1138 46 22 haft
595 1139 75 20 minsta
686 1138 53 27 skäl,
755 1138 57 25 eller,
828 1140 69 20 säsom
908 1139 70 25 andre,

161 1172 58 16 mera
241 1166 90 21 humane
354 1166 78 21 talares
450 1167 38 21 ord
503 1166 60 26 fallit,
580 1166 143 22 betänkandet
738 1169 24 19 är
777 1167 65 27 bygdt
856 1168 38 26 ,pä
910 1168 69 22 skrala

161 1195 67 21 skäl*.
257 1194 40 27 Jag
312 1194 94 22 anhäller
421 1194 125 27 ödmjukast,
562 1197 32 19 att
608 1195 39 21 här
661 1195 20 21 fä
694 1195 73 21 anföra
779 1196 64 26 nägot
853 1195 21 22 af
884 1196 26 21 de
920 1196 60 21 moti-

162 1229 42 20 ver,
226 1229 45 15 som
294 1222 43 22 ledt
359 1223 107 21 allmänna
486 1223 190 22 besvärsutskottet
698 1224 6 20 i
727 1224 68 21 denna
820 1224 58 26 fräga
894 1224 38 21 och
948 1227 31 19 att

162 1251 100 27 derjemte
284 1251 21 22 fä
323 1251 114 22 framställa
452 1251 42 21 min
510 1252 94 21 enskilda
620 1252 54 26 äsigt
692 1252 3 21 i
711 1252 128 22 densamma.
868 1252 41 27 Jag
924 1254 57 20 med-

161 1279 65 27 gifver
249 1279 73 22 härvid
345 1286 70 20 gerna,
438 1282 32 19 att
484 1280 115 22 utskottets
615 1280 132 22 betänkande
763 1280 52 22 lider
831 1281 31 21 till
877 1281 31 21 sin
923 1283 56 25 yttre

161 1308 53 22 form
238 1308 21 21 af
280 1308 39 21 lätt
341 1308 113 26 skönjbara
477 1308 76 22 brister
575 1308 39 22 och
635 1308 32 21 till
683 1309 106 25 omfänget
804 1311 23 19 är
842 1309 96 21 snäfvare
953 1312 26 18 än

161 1335 92 26 önskligt
268 1335 54 21 hade
337 1335 60 22 varit.
427 1335 42 22 Det
484 1337 24 19 är
523 1335 63 22 ocksä
602 1335 145 26 anledningen,
763 1335 84 22 hvarför
860 1337 36 25 jag
912 1337 67 21 denna

161 1364 55 25 gäng
238 1364 66 20 mäste
327 1365 49 24 taga
398 1363 36 22 det
456 1363 129 27 högvördiga
606 1364 95 21 ständets
717 1364 94 21 tälamod
825 1364 7 21 i
848 1365 91 26 anspräk
954 1371 25 15 en

161 1391 69 22 stund.
260 1391 72 22 Kändt
353 1394 24 19 är
399 1393 39 24 att,
458 1392 24 26 ju
496 1398 58 15 mera
570 1391 158 22 samhällslifvet
742 1393 23 21 ät
779 1393 42 21 alla
836 1393 43 21 håll
895 1393 84 22 utveck-

160 1420 31 21 lat
206 1420 37 27 sig,
259 1421 59 21 desto
333 1427 46 15 mer
393 1420 89 22 svärlöst
497 1421 74 21 blifver
586 1421 79 26 frägan,
681 1421 70 22 hvilka
761 1422 169 27 undervisnings-
941 1422 38 21 och

161 1449 245 26 välgörenhetsändamä!
426 1449 85 21 tillhöra
526 1451 76 21 staten,
618 1449 70 22 hvilka
704 1451 150 21 kommunerna
869 1454 55 18 samt
940 1451 39 22 den

162 1477 94 22 enskilda
279 1478 96 27 kristliga
397 1478 163 27 välgörenheten
576 1478 38 22 och
630 1478 173 27 hjelpsamheten.
833 1479 51 22 Man
899 1479 39 22 har
952 1481 27 26 pä

161 1512 74 16 senare
250 1507 55 21 tider
319 1507 6 21 i
341 1507 36 22 det
392 1507 108 22 afseendet
514 1508 46 26 gätt
575 1507 55 22 ända
645 1507 86 27 derhän,
747 1510 32 19 att
794 1514 47 16 man
857 1508 121 23 tillochmed
