1056 1781
185 122 41 21 134
392 126 160 18 Presteständet
564 128 55 17 1877.
644 128 25 16 23
681 128 51 17 febr.

155 196 7 21 i
179 195 131 28 vederbörlig
325 196 54 21 form
395 196 40 21 kan
451 199 102 24 upptagas
570 196 38 22 och
624 196 122 27 hänskjutas
762 195 31 22 till
810 197 83 20 utskott
903 196 32 21 för
945 199 32 18 att

158 225 37 21 der
211 224 83 27 pröfvas
310 224 38 22 och
365 224 92 22 derefter
473 225 115 26 föreläggas
604 225 84 21 ståndet
704 225 31 21 till
751 225 119 27 afgörande.

225 282 88 21 Prosten
329 281 85 28 Hjelt:
431 282 45 21 Den
492 283 22 20 af
528 282 41 27 mig
584 283 76 21 väckta
674 282 85 27 frågans
770 282 122 27 principiela
902 282 75 26 riktig-

158 310 37 22 het
209 317 61 21 synes
286 311 45 20 icke
347 311 22 21 af
383 311 76 26 någon,
474 312 47 20 med
535 312 107 26 undantag
657 311 21 22 af
692 317 26 15 en
734 311 21 21 af
768 311 95 22 ståndets
879 311 99 21 medlem-

157 345 53 20 mar,
221 346 50 15 vara
281 339 101 22 bestridd.
405 339 40 27 Jag
455 346 61 15 anser
526 340 87 26 således,
627 343 32 18 att
669 340 72 26 sjelfva
751 340 118 27 principens
877 339 100 27 riktighet

157 368 48 21 icke
215 375 45 14 mer
275 368 22 21 af
311 368 42 27 mig
368 368 100 21 behöfver
478 369 109 21 försvaras,
612 369 34 21 Nu
656 369 39 21 har
702 369 36 26 jag
749 369 73 26 begärt
833 369 61 20 ordet
904 368 32 21 för
947 371 31 18 att

157 395 120 26 framhålla,
292 399 32 18 att
337 397 35 26 jag
387 397 46 21 icke
447 397 68 27 yrkat,
531 400 31 19 att
577 398 84 21 ståndet
676 397 54 22 skall
745 397 104 27 uppträda
861 397 68 20 såsom
941 397 38 20 do-

161 431 57 16 mare
227 426 38 21 och
273 425 98 26 förklara,
380 428 32 19 att
422 427 145 21 universitetet
576 426 54 21 skall
640 427 23 20 åt
674 426 44 21 sina
729 428 169 25 representanter
909 425 69 22 betala

159 456 30 19 ett
205 454 66 27 högre
286 453 51 22 eller
353 454 58 27 lägre
427 455 83 26 arvode,
527 457 50 20 utan
593 457 31 18 att
639 455 85 21 ståndet
740 455 73 20 endast
828 460 75 21 genom
914 453 62 22 infor-

158 483 79 20 drande
253 483 22 21 af
290 483 37 20 det
343 483 33 21 vid
392 483 125 22 valtillfället
533 484 60 21 förda
608 483 108 27 protokoll
732 483 92 22 önskade
840 485 49 24 taga
899 483 78 21 känne-

158 511 48 21 dom
232 518 40 19 om,
296 511 102 22 huruvida
420 512 76 27 ryktet,
520 515 31 19 att
572 512 152 23 universitetet,
748 512 67 21 ehuru
829 512 60 26 fråga
905 511 72 21 derom

158 540 80 26 väckts,
253 541 46 21 icke
315 540 110 21 tillerkänt
440 541 64 26 något
519 541 77 22 arvode
611 542 23 20 åt
649 541 46 21 sina
709 543 176 24 representanter,
897 542 23 19 är
930 543 48 18 sant

158 568 52 21 eller
232 569 52 21 icke.
314 569 72 26 Enligt
408 571 27 20 20
458 569 11 27 $
484 569 6 21 i
506 570 228 26 landtdagsordningen
750 569 52 21 skall
816 570 23 26 ju
855 569 123 26 erforderlig

158 597 211 22 öfverenskommelse
393 604 34 15 om
451 598 57 21 detta
529 598 77 22 arvode
622 598 72 21 träffas
709 599 44 20 före
769 598 62 23 valet,
847 597 81 22 således
944 597 33 21 vid

157 625 74 28 sjelfva
246 625 132 26 valtillfället,
395 633 46 14 men
458 627 61 20 innan
535 627 56 22 valet
606 629 35 24 egt
658 633 50 14 rum.
739 626 132 27 Korteligen:
895 626 83 26 Frågan

160 657 24 19 är
206 655 67 22 väckt,
296 655 46 21 icke
364 655 32 21 för
418 657 32 19 att
471 655 73 27 ålägga
559 655 144 22 universitetet
718 657 31 19 att
765 655 76 26 betala,
858 657 49 18 utan
924 654 54 21 blott

158 683 35 21 för
217 686 31 18 att
271 683 20 21 få
306 684 118 20 kännedom
441 684 77 25 derom,
535 684 102 21 huruvida
652 683 145 21 universitetet
811 684 23 20 åt
849 683 45 21 sina
904 689 73 20 repre-

162 713 108 20 sentanter
289 712 96 26 erlägger
401 712 135 27 ,tillräckligt
551 713 39 20 och
606 712 132 26 anständigt"
755 711 115 22 underhåll.
900 712 30 19 År
945 717 33 14 ar-

160 741 62 20 vodet
237 740 46 21 icke
298 740 123 27 tillräckligt
436 741 38 20 och
490 741 126 27 anständigt.
632 740 128 21 tillkommer
776 740 35 21 det
826 740 40 21 den
884 739 93 22 enskilde

159 771 173 24 representanten
348 768 32 21 för
395 769 145 22 universitetet
555 772 32 19 att
602 772 72 19 derom
690 769 44 21 föra
750 769 83 26 klagan,
845 775 49 14 men
906 768 72 27 hvarje

157 797 95 22 ståndets
268 798 89 21 medlem
373 803 49 21 eger
437 799 38 20 ock
492 800 42 19 rätt
550 800 31 19 att
596 797 72 22 fordra
683 798 35 21 det
737 797 239 28 landtdagsordningens

157 825 131 22 föreskrifter
303 826 64 22 blifva
382 827 116 26 iakttagna.

225 883 77 22 Pastor
317 883 193 22 Westerlund:
542 880 66 26 Äfven
622 885 36 26 jag
673 884 48 21 ville
736 884 78 21 betona
829 884 40 21 den
885 885 92 20 omstän-

158 912 105 27 digheten,
286 914 32 19 att
341 913 38 21 här
394 913 45 21 icke
455 913 37 21 har
509 913 52 21 varit
576 913 58 26 fråga
650 919 33 14 om
700 915 31 19 att
747 913 116 21 bestämma
878 913 100 26 beloppet

157 941 23 21 af
199 941 342 27 universitetsrepresentanternas
556 941 116 26 underhåll,
688 941 100 22 eftersom
803 941 26 21 de
844 941 71 27 sjelfve
931 941 46 21 icke

159 969 96 22 deröfver
277 969 80 27 klagat,
381 976 46 15 men
450 973 31 18 att
501 977 48 14 man
565 971 64 20 likväl
645 970 55 21 velat
716 970 68 21 uttala
798 969 31 27 sig
845 970 86 26 derhän,
947 972 31 18 att

159 998 25 21 de
206 998 48 21 bort
276 999 82 26 åtnjuta
374 994 9 36 ,
380 998 133 27 tillräckligt
536 999 38 21 och
590 999 120 26 anständigt
725 998 132 22 underhålls.
887 999 40 26 Jag
942 998 36 21 vill

160 1026 123 28 ytterligare
305 1027 56 21 fästa
383 1028 95 21 ståndets.
500 1027 186 28 uppmärksamhet
702 1028 26 26 på
744 1028 36 20 det
794 1033 49 22 nyss
857 1027 121 27 åberopade

159 1056 13 20 3
188 1062 62 14 mom.
267 1055 22 21 af
303 1056 27 20 20
346 1056 11 27 &
372 1056 7 20 i
394 1056 228 27 landtdagsordningen
639 1057 38 21 och
693 1056 35 21 vill
744 1057 65 26 fråga,
824 1056 54 21 huru
893 1056 85 21 ståndet

157 1084 68 22 skulle
241 1084 83 27 förfara,
340 1091 34 15 om
390 1086 63 25 något
469 1086 75 20 sådant
558 1085 68 21 skulle
637 1084 91 27 inträffa,
740 1091 45 15 som
796 1085 39 21 här
847 1084 130 26 förutsättes,

159 1115 32 19 att
213 1115 14 19 t.
251 1120 31 14 ex.
299 1113 156 22 universitetets
470 1116 177 25 representanter,
664 1114 39 21 den
719 1120 38 15 ene
772 1114 52 22 eller
838 1114 73 24 andra,
927 1113 51 21 eller

158 1141 104 22 hvardera
277 1141 124 23 förfallolöst
417 1142 77 22 afhölle
512 1143 30 26 sig
557 1143 46 21 från
614 1143 95 21 ståndets
722 1142 187 28 öfverläggningar.
933 1142 44 21 Mo-

158 1172 80 20 mentet
257 1170 124 28 innehåller,
397 1173 32 19 att
443 1171 85 21 ståndet
542 1172 6 20 i
564 1171 50 21 slikt
629 1171 37 21 fall
681 1178 49 20 eger
746 1174 31 18 att
792 1172 62 20 döma
869 1177 109 20 represen-

158 1201 73 19 tanten
254 1198 97 28 förlustig
371 1200 52 21 hans
445 1200 78 21 arvode
538 1200 32 21 för
585 1200 40 21 den
641 1200 37 25 tid,
693 1200 41 20 han
749 1199 110 22 uteblifvit.
891 1200 34 20 Nu
940 1199 39 21 har

158 1227 43 21 han
223 1228 53 21 intet
299 1228 84 25 arvode,
401 1241 27 2 —
443 1228 53 21 skall
512 1228 40 22 han
568 1228 82 22 således
665 1230 27 24 gå
707 1228 25 21 fri
747 1228 46 21 från
809 1228 75 22 böter?
913 1228 65 26 Ingen

158 1256 35 20 må
215 1256 33 21 väl
264 1258 56 19 stöta
335 1256 32 27 sig
382 1256 34 22 vid
432 1256 41 27 det,
488 1258 33 20 att
534 1257 36 26 jag
585 1259 23 19 är
624 1263 48 15 mon
688 1263 33 15 om
737 1257 241 26 universitetsrepresen-

159 1286 107 20 tanternes
282 1284 166 26 välbefinnande,
465 1285 38 21 och
518 1286 85 21 ståndet
618 1285 6 21 i
640 1286 31 20 sin
686 1285 72 21 helhet
768 1286 33 20 må
812 1285 33 21 väl
856 1285 45 21 icke
912 1285 66 21 heller

158 1314 57 20 stöta
236 1314 32 24 sig
284 1313 79 24 dervid,
379 1316 31 18 att
422 1314 38 25 jag
474 1316 24 18 är
513 1320 48 14 mon
578 1320 33 14 om
626 1314 96 20 ståndets
738 1314 68 23 kassa,
822 1316 22 24 ty
860 1314 35 20 det
910 1314 67 25 heter,

158 1342 33 20 att
206 1340 55 21 hvad
277 1341 40 21 den
332 1340 101 22 uteblifne
448 1340 88 22 sålunda
550 1341 90 25 ådömts,
656 1341 94 21 tillfaller
764 1341 95 21 ståndets
875 1340 68 22 kassa.

227 1397 109 22 Professor
358 1397 143 22 Forsman:
531 1397 110 22 Professor
663 1398 97 21 Donners
776 1398 134 27 andragande
925 1398 53 21 fäste

156 1426 43 22 min
214 1426 187 27 uppmärksamhet
417 1427 72 26 derpå,
504 1428 32 20 att
549 1427 37 27 jag
600 1426 112 22 uraktlåtit
727 1429 32 19 att
775 1429 112 20 omnämna
898 1433 25 15 en
935 1433 43 15 om-

157 1455 129 27 ständighet,
302 1456 32 21 till
349 1455 95 22 hvilkens
460 1455 152 22 framhållande
626 1455 36 27 jag
678 1455 44 22 haft
737 1456 46 21 skäl
798 1456 65 22 redan
878 1456 49 22 med
942 1462 37 15 an-

159 1484 86 27 ledning
260 1484 21 22 af
295 1484 56 22 hvad
366 1484 105 27 professor
486 1484 111 22 Ehrström
612 1486 78 26 yttrat;
707 1484 106 28 professor
828 1485 87 21 Donner
927 1491 51 21 upp-

159 1512 78 28 repade
260 1513 110 27 nämligen,
386 1515 31 19 att
433 1513 157 22 universitetets
604 1516 172 24 representanter
791 1513 64 28 enligt
871 1514 40 22 den
927 1520 51 21 upp-
