<?xml version="1.0" encoding="UTF-8"?>
<alto xmlns="http://www.loc.gov/standards/alto/ns-v3#" xmlns:xlink="http://www.w3.org/1999/xlink" xmlns:xsi="http://www.w3.org/2001/XMLSchema-instance" xsi:schemaLocation="http://www.loc.gov/standards/alto/ns-v3# http://www.loc.gov/alto/v3/alto-3-0.xsd">
	<Description>
		<MeasurementUnit>pixel</MeasurementUnit>
		<sourceImageInformation>
			<fileName>/tmp/tess_p0b1582g_input.PNG</fileName>
		</sourceImageInformation>
		<OCRProcessing ID="OCR_0">
			<ocrProcessingStep>
				<processingSoftware>
					<softwareName>tesseract 5.3.4</softwareName>
				</processingSoftware>
			</ocrProcessingStep>
		</OCRProcessing>
	</Description>
	<Layout>
		<Page WIDTH="1056" HEIGHT="1792" PHYSICAL_IMG_NR="0" ID="page_0">
			<PrintSpace HPOS="0" VPOS="0" WIDTH="1056" HEIGHT="1792">
				<ComposedBlock ID="cblock_0" HPOS="187" VPOS="124" WIDTH="547" HEIGHT="21">
					<TextBlock ID="block_0" HPOS="187" VPOS="124" WIDTH="547" HEIGHT="21">
						<TextLine ID="line_0" HPOS="187" VPOS="124" WIDTH="547" HEIGHT="21">
							<String ID="string_0" HPOS="187" VPOS="124" WIDTH="41" HEIGHT="21" WC="0.96" CONTENT="156"/><SP WIDTH="171" VPOS="124" HPOS="228"/>
							<String ID="string_1" HPOS="399" VPOS="127" WIDTH="159" HEIGHT="18" WC="0.93" CONTENT="Presteståndet"/><SP WIDTH="13" VPOS="127" HPOS="558"/>
							<String ID="string_2" HPOS="571" VPOS="128" WIDTH="54" HEIGHT="16" WC="0.96" CONTENT="1877."/><SP WIDTH="24" VPOS="128" HPOS="625"/>
							<String ID="string_3" HPOS="649" VPOS="127" WIDTH="13" HEIGHT="16" WC="0.96" CONTENT="2"/><SP WIDTH="11" VPOS="127" HPOS="662"/>
							<String ID="string_4" HPOS="673" VPOS="131" WIDTH="61" HEIGHT="13" WC="0.95" CONTENT="mars."/>
						</TextLine>
					</TextBlock>
				</ComposedBlock>
				<GraphicalElement ID="cblock_1" HPOS="159" VPOS="155" WIDTH="817" HEIGHT="5"></GraphicalElement >
				<ComposedBlock ID="cblock_2" HPOS="157" VPOS="195" WIDTH="820" HEIGHT="542">
					<TextBlock ID="block_1" HPOS="157" VPOS="195" WIDTH="820" HEIGHT="228">
						<TextLine ID="line_1" HPOS="158" VPOS="195" WIDTH="819" HEIGHT="27">
							<String ID="string_5" HPOS="158" VPOS="198" WIDTH="33" HEIGHT="19" WC="0.96" CONTENT="ter"/><SP WIDTH="22" VPOS="198" HPOS="191"/>
							<String ID="string_6" HPOS="213" VPOS="196" WIDTH="5" HEIGHT="20" WC="0.96" CONTENT="i"/><SP WIDTH="23" VPOS="196" HPOS="218"/>
							<String ID="string_7" HPOS="241" VPOS="196" WIDTH="87" HEIGHT="26" WC="0.81" CONTENT="princip."/><SP WIDTH="31" VPOS="196" HPOS="328"/>
							<String ID="string_8" HPOS="359" VPOS="196" WIDTH="42" HEIGHT="20" WC="0.94" CONTENT="Det"/><SP WIDTH="21" VPOS="196" HPOS="401"/>
							<String ID="string_9" HPOS="422" VPOS="195" WIDTH="142" HEIGHT="21" WC="0.92" CONTENT="förekommer"/><SP WIDTH="18" VPOS="195" HPOS="564"/>
							<String ID="string_10" HPOS="582" VPOS="196" WIDTH="104" HEIGHT="25" WC="0.92" CONTENT="nemligen"/><SP WIDTH="15" VPOS="196" HPOS="686"/>
							<String ID="string_11" HPOS="701" VPOS="195" WIDTH="6" HEIGHT="20" WC="0.96" CONTENT="i"/><SP WIDTH="16" VPOS="195" HPOS="707"/>
							<String ID="string_12" HPOS="723" VPOS="196" WIDTH="13" HEIGHT="20" WC="0.96" CONTENT="4"/><SP WIDTH="16" VPOS="196" HPOS="736"/>
							<String ID="string_13" HPOS="752" VPOS="195" WIDTH="11" HEIGHT="26" WC="0.85" CONTENT="8"/><SP WIDTH="15" VPOS="195" HPOS="763"/>
							<String ID="string_14" HPOS="778" VPOS="195" WIDTH="23" HEIGHT="21" WC="0.96" CONTENT="af"/><SP WIDTH="14" VPOS="195" HPOS="801"/>
							<String ID="string_15" HPOS="815" VPOS="195" WIDTH="53" HEIGHT="21" WC="0.96" CONTENT="1866"/><SP WIDTH="16" VPOS="195" HPOS="868"/>
							<String ID="string_16" HPOS="884" VPOS="195" WIDTH="35" HEIGHT="21" WC="0.93" CONTENT="års"/><SP WIDTH="15" VPOS="195" HPOS="919"/>
							<String ID="string_17" HPOS="934" VPOS="195" WIDTH="43" HEIGHT="21" WC="0.92" CONTENT="för-"/>
						</TextLine>
						<TextLine ID="line_2" HPOS="159" VPOS="222" WIDTH="818" HEIGHT="28">
							<String ID="string_18" HPOS="159" VPOS="224" WIDTH="88" HEIGHT="26" WC="0.96" CONTENT="ordning"/><SP WIDTH="23" VPOS="224" HPOS="247"/>
							<String ID="string_19" HPOS="270" VPOS="230" WIDTH="34" HEIGHT="15" WC="0.94" CONTENT="om"/><SP WIDTH="23" VPOS="230" HPOS="304"/>
							<String ID="string_20" HPOS="327" VPOS="223" WIDTH="160" HEIGHT="26" WC="0.93" CONTENT="verkställighet"/><SP WIDTH="22" VPOS="223" HPOS="487"/>
							<String ID="string_21" HPOS="509" VPOS="224" WIDTH="22" HEIGHT="20" WC="0.93" CONTENT="af"/><SP WIDTH="13" VPOS="224" HPOS="531"/>
							<String ID="string_22" HPOS="544" VPOS="222" WIDTH="135" HEIGHT="22" WC="0.90" CONTENT="frihetsstraff"/><SP WIDTH="16" VPOS="222" HPOS="679"/>
							<String ID="string_23" HPOS="695" VPOS="230" WIDTH="24" HEIGHT="14" WC="0.96" CONTENT="en"/><SP WIDTH="17" VPOS="230" HPOS="719"/>
							<String ID="string_24" HPOS="736" VPOS="223" WIDTH="133" HEIGHT="26" WC="0.96" CONTENT="bestämning"/><SP WIDTH="16" VPOS="223" HPOS="869"/>
							<String ID="string_25" HPOS="885" VPOS="223" WIDTH="22" HEIGHT="21" WC="0.93" CONTENT="af"/><SP WIDTH="13" VPOS="223" HPOS="907"/>
							<String ID="string_26" HPOS="920" VPOS="222" WIDTH="57" HEIGHT="22" WC="0.92" CONTENT="inne-"/>
						</TextLine>
						<TextLine ID="line_3" HPOS="159" VPOS="251" WIDTH="818" HEIGHT="28">
							<String ID="string_27" HPOS="159" VPOS="252" WIDTH="48" HEIGHT="26" WC="0.78" CONTENT="håll,"/><SP WIDTH="17" VPOS="252" HPOS="207"/>
							<String ID="string_28" HPOS="224" VPOS="254" WIDTH="31" HEIGHT="20" WC="0.93" CONTENT="att"/><SP WIDTH="16" VPOS="254" HPOS="255"/>
							<String ID="string_29" HPOS="271" VPOS="252" WIDTH="146" HEIGHT="27" WC="0.92" CONTENT="minderärige,"/><SP WIDTH="16" VPOS="252" HPOS="417"/>
							<String ID="string_30" HPOS="433" VPOS="258" WIDTH="45" HEIGHT="15" WC="0.93" CONTENT="som"/><SP WIDTH="16" VPOS="258" HPOS="478"/>
							<String ID="string_31" HPOS="494" VPOS="252" WIDTH="72" HEIGHT="21" WC="0.96" CONTENT="dömas"/><SP WIDTH="12" VPOS="252" HPOS="566"/>
							<String ID="string_32" HPOS="578" VPOS="251" WIDTH="32" HEIGHT="21" WC="0.93" CONTENT="till"/><SP WIDTH="10" VPOS="251" HPOS="610"/>
							<String ID="string_33" HPOS="620" VPOS="251" WIDTH="95" HEIGHT="26" WC="0.93" CONTENT="tukthus,"/><SP WIDTH="12" VPOS="251" HPOS="715"/>
							<String ID="string_34" HPOS="727" VPOS="251" WIDTH="60" HEIGHT="22" WC="0.96" CONTENT="skola"/><SP WIDTH="12" VPOS="251" HPOS="787"/>
							<String ID="string_35" HPOS="799" VPOS="251" WIDTH="100" HEIGHT="28" WC="0.93" CONTENT="antingen"/><SP WIDTH="11" VPOS="251" HPOS="899"/>
							<String ID="string_36" HPOS="910" VPOS="251" WIDTH="67" HEIGHT="22" WC="0.95" CONTENT="hållas"/>
						</TextLine>
						<TextLine ID="line_4" HPOS="159" VPOS="280" WIDTH="818" HEIGHT="27">
							<String ID="string_37" HPOS="159" VPOS="281" WIDTH="5" HEIGHT="20" WC="0.94" CONTENT="i"/><SP WIDTH="24" VPOS="281" HPOS="164"/>
							<String ID="string_38" HPOS="188" VPOS="281" WIDTH="45" HEIGHT="25" WC="0.96" CONTENT="cell,"/><SP WIDTH="22" VPOS="281" HPOS="233"/>
							<String ID="string_39" HPOS="255" VPOS="281" WIDTH="58" HEIGHT="25" WC="0.93" CONTENT="eller,"/><SP WIDTH="24" VPOS="281" HPOS="313"/>
							<String ID="string_40" HPOS="337" VPOS="287" WIDTH="34" HEIGHT="14" WC="0.96" CONTENT="om"/><SP WIDTH="24" VPOS="287" HPOS="371"/>
							<String ID="string_41" HPOS="395" VPOS="281" WIDTH="87" HEIGHT="26" WC="0.93" CONTENT="möjligt,"/><SP WIDTH="20" VPOS="281" HPOS="482"/>
							<String ID="string_42" HPOS="502" VPOS="281" WIDTH="138" HEIGHT="20" WC="0.92" CONTENT="öfverlemnas"/><SP WIDTH="16" VPOS="281" HPOS="640"/>
							<String ID="string_43" HPOS="656" VPOS="280" WIDTH="32" HEIGHT="21" WC="0.93" CONTENT="till"/><SP WIDTH="16" VPOS="280" HPOS="688"/>
							<String ID="string_44" HPOS="704" VPOS="280" WIDTH="225" HEIGHT="27" WC="0.65" CONTENT="uppfostringsanstalt"/><SP WIDTH="14" VPOS="280" HPOS="929"/>
							<String ID="string_45" HPOS="943" VPOS="280" WIDTH="34" HEIGHT="21" WC="0.96" CONTENT="för"/>
						</TextLine>
						<TextLine ID="line_5" HPOS="158" VPOS="309" WIDTH="819" HEIGHT="27">
							<String ID="string_46" HPOS="158" VPOS="309" WIDTH="113" HEIGHT="27" WC="0.90" CONTENT="brottsliga"/><SP WIDTH="22" VPOS="309" HPOS="271"/>
							<String ID="string_47" HPOS="293" VPOS="310" WIDTH="39" HEIGHT="21" WC="0.87" CONTENT="och"/><SP WIDTH="22" VPOS="310" HPOS="332"/>
							<String ID="string_48" HPOS="354" VPOS="309" WIDTH="135" HEIGHT="22" WC="0.91" CONTENT="värdslösade"/><SP WIDTH="16" VPOS="309" HPOS="489"/>
							<String ID="string_49" HPOS="505" VPOS="309" WIDTH="59" HEIGHT="25" WC="0.96" CONTENT="barn,"/><SP WIDTH="16" VPOS="309" HPOS="564"/>
							<String ID="string_50" HPOS="580" VPOS="309" WIDTH="33" HEIGHT="22" WC="0.96" CONTENT="för"/><SP WIDTH="15" VPOS="309" HPOS="613"/>
							<String ID="string_51" HPOS="628" VPOS="311" WIDTH="32" HEIGHT="19" WC="0.96" CONTENT="att"/><SP WIDTH="15" VPOS="311" HPOS="660"/>
							<String ID="string_52" HPOS="675" VPOS="309" WIDTH="37" HEIGHT="21" WC="0.93" CONTENT="der"/><SP WIDTH="16" VPOS="309" HPOS="712"/>
							<String ID="string_53" HPOS="728" VPOS="309" WIDTH="127" HEIGHT="27" WC="0.91" CONTENT="uppfostras."/><SP WIDTH="30" VPOS="309" HPOS="855"/>
							<String ID="string_54" HPOS="885" VPOS="309" WIDTH="41" HEIGHT="27" WC="0.93" CONTENT="Jag"/><SP WIDTH="15" VPOS="309" HPOS="926"/>
							<String ID="string_55" HPOS="941" VPOS="309" WIDTH="36" HEIGHT="21" WC="0.91" CONTENT="vä-"/>
						</TextLine>
						<TextLine ID="line_6" HPOS="158" VPOS="337" WIDTH="819" HEIGHT="28">
							<String ID="string_56" HPOS="158" VPOS="344" WIDTH="38" HEIGHT="20" WC="0.93" CONTENT="gar"/><SP WIDTH="16" VPOS="344" HPOS="196"/>
							<String ID="string_57" HPOS="212" VPOS="338" WIDTH="82" HEIGHT="21" WC="0.92" CONTENT="derföre"/><SP WIDTH="16" VPOS="338" HPOS="294"/>
							<String ID="string_58" HPOS="310" VPOS="339" WIDTH="87" HEIGHT="25" WC="0.93" CONTENT="hoppas,"/><SP WIDTH="16" VPOS="339" HPOS="397"/>
							<String ID="string_59" HPOS="413" VPOS="340" WIDTH="38" HEIGHT="23" WC="0.96" CONTENT="att,"/><SP WIDTH="18" VPOS="340" HPOS="451"/>
							<String ID="string_60" HPOS="469" VPOS="338" WIDTH="25" HEIGHT="21" WC="0.93" CONTENT="dä"/><SP WIDTH="16" VPOS="338" HPOS="494"/>
							<String ID="string_61" HPOS="510" VPOS="338" WIDTH="71" HEIGHT="27" WC="0.91" CONTENT="dylika"/><SP WIDTH="15" VPOS="338" HPOS="581"/>
							<String ID="string_62" HPOS="596" VPOS="337" WIDTH="249" HEIGHT="27" WC="0.92" CONTENT="uppfostringsanstalter"/><SP WIDTH="16" VPOS="337" HPOS="845"/>
							<String ID="string_63" HPOS="861" VPOS="339" WIDTH="56" HEIGHT="20" WC="0.93" CONTENT="ännu"/><SP WIDTH="14" VPOS="339" HPOS="917"/>
							<String ID="string_64" HPOS="931" VPOS="337" WIDTH="46" HEIGHT="22" WC="0.92" CONTENT="icke"/>
						</TextLine>
						<TextLine ID="line_7" HPOS="158" VPOS="366" WIDTH="819" HEIGHT="27">
							<String ID="string_65" HPOS="158" VPOS="367" WIDTH="67" HEIGHT="21" WC="0.94" CONTENT="finnas"/><SP WIDTH="23" VPOS="367" HPOS="225"/>
							<String ID="string_66" HPOS="248" VPOS="367" WIDTH="32" HEIGHT="20" WC="0.92" CONTENT="till"/><SP WIDTH="23" VPOS="367" HPOS="280"/>
							<String ID="string_67" HPOS="303" VPOS="367" WIDTH="6" HEIGHT="20" WC="0.93" CONTENT="i"/><SP WIDTH="15" VPOS="367" HPOS="309"/>
							<String ID="string_68" HPOS="324" VPOS="367" WIDTH="48" HEIGHT="21" WC="0.92" CONTENT="värt"/><SP WIDTH="14" VPOS="367" HPOS="372"/>
							<String ID="string_69" HPOS="386" VPOS="367" WIDTH="57" HEIGHT="23" WC="0.93" CONTENT="land,"/><SP WIDTH="16" VPOS="367" HPOS="443"/>
							<String ID="string_70" HPOS="459" VPOS="367" WIDTH="63" HEIGHT="26" WC="0.92" CONTENT="nägot"/><SP WIDTH="15" VPOS="367" HPOS="522"/>
							<String ID="string_71" HPOS="537" VPOS="367" WIDTH="75" HEIGHT="20" WC="0.92" CONTENT="hinder"/><SP WIDTH="15" VPOS="367" HPOS="612"/>
							<String ID="string_72" HPOS="627" VPOS="367" WIDTH="45" HEIGHT="20" WC="0.90" CONTENT="icke"/><SP WIDTH="16" VPOS="367" HPOS="672"/>
							<String ID="string_73" HPOS="688" VPOS="366" WIDTH="54" HEIGHT="21" WC="0.93" CONTENT="skall"/><SP WIDTH="16" VPOS="366" HPOS="742"/>
							<String ID="string_74" HPOS="758" VPOS="368" WIDTH="57" HEIGHT="19" WC="0.92" CONTENT="möta"/><SP WIDTH="15" VPOS="368" HPOS="815"/>
							<String ID="string_75" HPOS="830" VPOS="366" WIDTH="33" HEIGHT="21" WC="0.96" CONTENT="för"/><SP WIDTH="15" VPOS="366" HPOS="863"/>
							<String ID="string_76" HPOS="878" VPOS="369" WIDTH="31" HEIGHT="18" WC="0.93" CONTENT="ett"/><SP WIDTH="14" VPOS="369" HPOS="909"/>
							<String ID="string_77" HPOS="923" VPOS="367" WIDTH="54" HEIGHT="26" WC="0.92" CONTENT="jem-"/>
						</TextLine>
						<TextLine ID="line_8" HPOS="157" VPOS="394" WIDTH="507" HEIGHT="29">
							<String ID="string_78" HPOS="157" VPOS="396" WIDTH="110" HEIGHT="27" WC="0.91" CONTENT="förelsevis"/><SP WIDTH="15" VPOS="396" HPOS="267"/>
							<String ID="string_79" HPOS="282" VPOS="395" WIDTH="117" HEIGHT="27" WC="0.92" CONTENT="obetydligt"/><SP WIDTH="15" VPOS="395" HPOS="399"/>
							<String ID="string_80" HPOS="414" VPOS="395" WIDTH="73" HEIGHT="27" WC="0.92" CONTENT="anslag"/><SP WIDTH="15" VPOS="395" HPOS="487"/>
							<String ID="string_81" HPOS="502" VPOS="395" WIDTH="33" HEIGHT="20" WC="0.96" CONTENT="för"/><SP WIDTH="15" VPOS="395" HPOS="535"/>
							<String ID="string_82" HPOS="550" VPOS="401" WIDTH="26" HEIGHT="15" WC="0.93" CONTENT="en"/><SP WIDTH="16" VPOS="401" HPOS="576"/>
							<String ID="string_83" HPOS="592" VPOS="394" WIDTH="72" HEIGHT="21" WC="0.92" CONTENT="sädan."/>
						</TextLine>
					</TextBlock>
					<TextBlock ID="block_2" HPOS="157" VPOS="423" WIDTH="820" HEIGHT="314">
						<TextLine ID="line_9" HPOS="227" VPOS="423" WIDTH="750" HEIGHT="27">
							<String ID="string_84" HPOS="227" VPOS="425" WIDTH="62" HEIGHT="20" WC="0.91" CONTENT="Annu"/><SP WIDTH="22" VPOS="425" HPOS="289"/>
							<String ID="string_85" HPOS="311" VPOS="426" WIDTH="24" HEIGHT="19" WC="0.94" CONTENT="är"/><SP WIDTH="20" VPOS="426" HPOS="335"/>
							<String ID="string_86" HPOS="355" VPOS="426" WIDTH="32" HEIGHT="18" WC="0.93" CONTENT="att"/><SP WIDTH="16" VPOS="426" HPOS="387"/>
							<String ID="string_87" HPOS="403" VPOS="424" WIDTH="92" HEIGHT="26" WC="0.96" CONTENT="tillägga,"/><SP WIDTH="15" VPOS="424" HPOS="495"/>
							<String ID="string_88" HPOS="510" VPOS="426" WIDTH="32" HEIGHT="18" WC="0.93" CONTENT="att"/><SP WIDTH="16" VPOS="426" HPOS="542"/>
							<String ID="string_89" HPOS="558" VPOS="423" WIDTH="61" HEIGHT="21" WC="0.96" CONTENT="äfven"/><SP WIDTH="14" VPOS="423" HPOS="619"/>
							<String ID="string_90" HPOS="633" VPOS="423" WIDTH="83" HEIGHT="21" WC="0.92" CONTENT="landets"/><SP WIDTH="17" VPOS="423" HPOS="716"/>
							<String ID="string_91" HPOS="733" VPOS="423" WIDTH="244" HEIGHT="27" WC="0.92" CONTENT="ransakningsfängelser"/>
						</TextLine>
						<TextLine ID="line_10" HPOS="159" VPOS="452" WIDTH="818" HEIGHT="27">
							<String ID="string_92" HPOS="159" VPOS="455" WIDTH="36" HEIGHT="18" WC="0.92" CONTENT="äro"/><SP WIDTH="22" VPOS="455" HPOS="195"/>
							<String ID="string_93" HPOS="217" VPOS="453" WIDTH="7" HEIGHT="20" WC="0.94" CONTENT="i"/><SP WIDTH="23" VPOS="453" HPOS="224"/>
							<String ID="string_94" HPOS="247" VPOS="453" WIDTH="36" HEIGHT="20" WC="0.93" CONTENT="det"/><SP WIDTH="14" VPOS="453" HPOS="283"/>
							<String ID="string_95" HPOS="297" VPOS="452" WIDTH="128" HEIGHT="27" WC="0.92" CONTENT="bristfälliga"/><SP WIDTH="16" VPOS="452" HPOS="425"/>
							<String ID="string_96" HPOS="441" VPOS="452" WIDTH="64" HEIGHT="23" WC="0.92" CONTENT="skick,"/><SP WIDTH="16" VPOS="452" HPOS="505"/>
							<String ID="string_97" HPOS="521" VPOS="455" WIDTH="32" HEIGHT="18" WC="0.96" CONTENT="att"/><SP WIDTH="15" VPOS="455" HPOS="553"/>
							<String ID="string_98" HPOS="568" VPOS="452" WIDTH="68" HEIGHT="21" WC="0.93" CONTENT="medel"/><SP WIDTH="16" VPOS="452" HPOS="636"/>
							<String ID="string_99" HPOS="652" VPOS="452" WIDTH="96" HEIGHT="27" WC="0.93" CONTENT="päkallas"/><SP WIDTH="16" VPOS="452" HPOS="748"/>
							<String ID="string_100" HPOS="764" VPOS="452" WIDTH="33" HEIGHT="21" WC="0.96" CONTENT="för"/><SP WIDTH="15" VPOS="452" HPOS="797"/>
							<String ID="string_101" HPOS="812" VPOS="453" WIDTH="61" HEIGHT="20" WC="0.93" CONTENT="deras"/><SP WIDTH="16" VPOS="453" HPOS="873"/>
							<String ID="string_102" HPOS="889" VPOS="453" WIDTH="88" HEIGHT="26" WC="0.92" CONTENT="ombyg-"/>
						</TextLine>
						<TextLine ID="line_11" HPOS="158" VPOS="480" WIDTH="819" HEIGHT="27">
							<String ID="string_103" HPOS="158" VPOS="481" WIDTH="74" HEIGHT="26" WC="0.95" CONTENT="gande."/><SP WIDTH="31" VPOS="481" HPOS="232"/>
							<String ID="string_104" HPOS="263" VPOS="481" WIDTH="73" HEIGHT="21" WC="0.94" CONTENT="Såsom"/><SP WIDTH="24" VPOS="481" HPOS="336"/>
							<String ID="string_105" HPOS="360" VPOS="481" WIDTH="25" HEIGHT="20" WC="0.96" CONTENT="de"/><SP WIDTH="22" VPOS="481" HPOS="385"/>
							<String ID="string_106" HPOS="407" VPOS="487" WIDTH="28" HEIGHT="14" WC="0.86" CONTENT="nu"/><SP WIDTH="15" VPOS="487" HPOS="435"/>
							<String ID="string_107" HPOS="450" VPOS="483" WIDTH="37" HEIGHT="19" WC="0.95" CONTENT="äro"/><SP WIDTH="16" VPOS="483" HPOS="487"/>
							<String ID="string_108" HPOS="503" VPOS="481" WIDTH="155" HEIGHT="26" WC="0.95" CONTENT="organiserade,"/><SP WIDTH="17" VPOS="481" HPOS="658"/>
							<String ID="string_109" HPOS="675" VPOS="480" WIDTH="67" HEIGHT="21" WC="0.93" CONTENT="hållas"/><SP WIDTH="15" VPOS="480" HPOS="742"/>
							<String ID="string_110" HPOS="757" VPOS="481" WIDTH="102" HEIGHT="26" WC="0.92" CONTENT="fängarne"/><SP WIDTH="16" VPOS="481" HPOS="859"/>
							<String ID="string_111" HPOS="875" VPOS="481" WIDTH="38" HEIGHT="21" WC="0.93" CONTENT="der"/><SP WIDTH="14" VPOS="481" HPOS="913"/>
							<String ID="string_112" HPOS="927" VPOS="481" WIDTH="50" HEIGHT="21" WC="0.95" CONTENT="flere"/>
						</TextLine>
						<TextLine ID="line_12" HPOS="158" VPOS="509" WIDTH="819" HEIGHT="26">
							<String ID="string_113" HPOS="158" VPOS="509" WIDTH="127" HEIGHT="22" WC="0.94" CONTENT="tillsamman"/><SP WIDTH="24" VPOS="509" HPOS="285"/>
							<String ID="string_114" HPOS="309" VPOS="510" WIDTH="5" HEIGHT="20" WC="0.96" CONTENT="i"/><SP WIDTH="24" VPOS="510" HPOS="314"/>
							<String ID="string_115" HPOS="338" VPOS="512" WIDTH="31" HEIGHT="19" WC="0.96" CONTENT="ett"/><SP WIDTH="18" VPOS="512" HPOS="369"/>
							<String ID="string_116" HPOS="387" VPOS="516" WIDTH="52" HEIGHT="15" WC="0.96" CONTENT="rum."/><SP WIDTH="31" VPOS="516" HPOS="439"/>
							<String ID="string_117" HPOS="470" VPOS="509" WIDTH="49" HEIGHT="21" WC="0.95" CONTENT="Man"/><SP WIDTH="15" VPOS="509" HPOS="519"/>
							<String ID="string_118" HPOS="534" VPOS="510" WIDTH="42" HEIGHT="20" WC="0.96" CONTENT="kan"/><SP WIDTH="16" VPOS="510" HPOS="576"/>
							<String ID="string_119" HPOS="592" VPOS="509" WIDTH="40" HEIGHT="20" WC="0.96" CONTENT="lätt"/><SP WIDTH="15" VPOS="509" HPOS="632"/>
							<String ID="string_120" HPOS="647" VPOS="509" WIDTH="65" HEIGHT="21" WC="0.96" CONTENT="tänka"/><SP WIDTH="16" VPOS="509" HPOS="712"/>
							<String ID="string_121" HPOS="728" VPOS="509" WIDTH="37" HEIGHT="26" WC="0.93" CONTENT="sig,"/><SP WIDTH="17" VPOS="509" HPOS="765"/>
							<String ID="string_122" HPOS="782" VPOS="509" WIDTH="99" HEIGHT="21" WC="0.92" CONTENT="hvarmed"/><SP WIDTH="17" VPOS="509" HPOS="881"/>
							<String ID="string_123" HPOS="898" VPOS="509" WIDTH="26" HEIGHT="21" WC="0.96" CONTENT="de"/><SP WIDTH="15" VPOS="509" HPOS="924"/>
							<String ID="string_124" HPOS="939" VPOS="509" WIDTH="38" HEIGHT="21" WC="0.96" CONTENT="der"/>
						</TextLine>
						<TextLine ID="line_13" HPOS="157" VPOS="537" WIDTH="819" HEIGHT="28">
							<String ID="string_125" HPOS="157" VPOS="538" WIDTH="126" HEIGHT="21" WC="0.92" CONTENT="underhälla"/><SP WIDTH="22" VPOS="538" HPOS="283"/>
							<String ID="string_126" HPOS="305" VPOS="538" WIDTH="37" HEIGHT="27" WC="0.94" CONTENT="sig."/><SP WIDTH="30" VPOS="538" HPOS="342"/>
							<String ID="string_127" HPOS="372" VPOS="538" WIDTH="42" HEIGHT="21" WC="0.96" CONTENT="Det"/><SP WIDTH="22" VPOS="538" HPOS="414"/>
							<String ID="string_128" HPOS="436" VPOS="539" WIDTH="24" HEIGHT="20" WC="0.93" CONTENT="är"/><SP WIDTH="22" VPOS="539" HPOS="460"/>
							<String ID="string_129" HPOS="482" VPOS="538" WIDTH="72" HEIGHT="25" WC="0.92" CONTENT="kändt,"/><SP WIDTH="23" VPOS="538" HPOS="554"/>
							<String ID="string_130" HPOS="577" VPOS="540" WIDTH="32" HEIGHT="18" WC="0.93" CONTENT="att"/><SP WIDTH="25" VPOS="540" HPOS="609"/>
							<String ID="string_131" HPOS="634" VPOS="537" WIDTH="70" HEIGHT="27" WC="0.92" CONTENT="dylika"/><SP WIDTH="23" VPOS="537" HPOS="704"/>
							<String ID="string_132" HPOS="727" VPOS="537" WIDTH="249" HEIGHT="27" WC="0.92" CONTENT="ransakningsfängelser,"/>
						</TextLine>
						<TextLine ID="line_14" HPOS="157" VPOS="566" WIDTH="820" HEIGHT="27">
							<String ID="string_133" HPOS="157" VPOS="566" WIDTH="76" HEIGHT="21" WC="0.95" CONTENT="liksom"/><SP WIDTH="23" VPOS="566" HPOS="233"/>
							<String ID="string_134" HPOS="256" VPOS="566" WIDTH="61" HEIGHT="21" WC="0.95" CONTENT="äfven"/><SP WIDTH="20" VPOS="566" HPOS="317"/>
							<String ID="string_135" HPOS="337" VPOS="566" WIDTH="69" HEIGHT="27" WC="0.93" CONTENT="dåliga"/><SP WIDTH="16" VPOS="566" HPOS="406"/>
							<String ID="string_136" HPOS="422" VPOS="566" WIDTH="167" HEIGHT="25" WC="0.92" CONTENT="straffanstalter,"/><SP WIDTH="16" VPOS="566" HPOS="589"/>
							<String ID="string_137" HPOS="605" VPOS="568" WIDTH="36" HEIGHT="19" WC="0.96" CONTENT="äro"/><SP WIDTH="14" VPOS="568" HPOS="641"/>
							<String ID="string_138" HPOS="655" VPOS="566" WIDTH="23" HEIGHT="21" WC="0.93" CONTENT="sä"/><SP WIDTH="15" VPOS="566" HPOS="678"/>
							<String ID="string_139" HPOS="693" VPOS="567" WIDTH="51" HEIGHT="26" WC="0.96" CONTENT="godt"/><SP WIDTH="16" VPOS="567" HPOS="744"/>
							<String ID="string_140" HPOS="760" VPOS="573" WIDTH="45" HEIGHT="14" WC="0.93" CONTENT="som"/><SP WIDTH="15" VPOS="573" HPOS="805"/>
							<String ID="string_141" HPOS="820" VPOS="566" WIDTH="94" HEIGHT="27" WC="0.93" CONTENT="verkliga"/><SP WIDTH="15" VPOS="566" HPOS="914"/>
							<String ID="string_142" HPOS="929" VPOS="567" WIDTH="48" HEIGHT="20" WC="0.92" CONTENT="sko-"/>
						</TextLine>
						<TextLine ID="line_15" HPOS="158" VPOS="594" WIDTH="818" HEIGHT="27">
							<String ID="string_143" HPOS="158" VPOS="595" WIDTH="32" HEIGHT="21" WC="0.96" CONTENT="lor"/><SP WIDTH="23" VPOS="595" HPOS="190"/>
							<String ID="string_144" HPOS="213" VPOS="595" WIDTH="33" HEIGHT="21" WC="0.96" CONTENT="för"/><SP WIDTH="24" VPOS="595" HPOS="246"/>
							<String ID="string_145" HPOS="270" VPOS="595" WIDTH="63" HEIGHT="21" WC="0.95" CONTENT="brott."/><SP WIDTH="31" VPOS="595" HPOS="333"/>
							<String ID="string_146" HPOS="364" VPOS="595" WIDTH="32" HEIGHT="21" WC="0.96" CONTENT="En"/><SP WIDTH="22" VPOS="595" HPOS="396"/>
							<String ID="string_147" HPOS="418" VPOS="601" WIDTH="84" HEIGHT="20" WC="0.96" CONTENT="person,"/><SP WIDTH="24" VPOS="601" HPOS="502"/>
							<String ID="string_148" HPOS="526" VPOS="601" WIDTH="44" HEIGHT="15" WC="0.96" CONTENT="som"/><SP WIDTH="24" VPOS="601" HPOS="570"/>
							<String ID="string_149" HPOS="594" VPOS="597" WIDTH="55" HEIGHT="19" WC="0.95" CONTENT="ännu"/><SP WIDTH="19" VPOS="597" HPOS="649"/>
							<String ID="string_150" HPOS="668" VPOS="595" WIDTH="46" HEIGHT="21" WC="0.96" CONTENT="icke"/><SP WIDTH="16" VPOS="595" HPOS="714"/>
							<String ID="string_151" HPOS="730" VPOS="594" WIDTH="110" HEIGHT="21" WC="0.93" CONTENT="moraliskt"/><SP WIDTH="15" VPOS="594" HPOS="840"/>
							<String ID="string_152" HPOS="855" VPOS="595" WIDTH="121" HEIGHT="26" WC="0.90" CONTENT="försjunkit,"/>
						</TextLine>
						<TextLine ID="line_16" HPOS="157" VPOS="623" WIDTH="819" HEIGHT="28">
							<String ID="string_153" HPOS="157" VPOS="630" WIDTH="48" HEIGHT="15" WC="0.94" CONTENT="men"/><SP WIDTH="23" VPOS="630" HPOS="205"/>
							<String ID="string_154" HPOS="228" VPOS="624" WIDTH="32" HEIGHT="21" WC="0.94" CONTENT="för"/><SP WIDTH="22" VPOS="624" HPOS="260"/>
							<String ID="string_155" HPOS="282" VPOS="624" WIDTH="69" HEIGHT="27" WC="0.96" CONTENT="någon"/><SP WIDTH="16" VPOS="624" HPOS="351"/>
							<String ID="string_156" HPOS="367" VPOS="624" WIDTH="100" HEIGHT="21" WC="0.91" CONTENT="förseelse"/><SP WIDTH="15" VPOS="624" HPOS="467"/>
							<String ID="string_157" HPOS="482" VPOS="624" WIDTH="88" HEIGHT="21" WC="0.91" CONTENT="insättes"/><SP WIDTH="15" VPOS="624" HPOS="570"/>
							<String ID="string_158" HPOS="585" VPOS="624" WIDTH="6" HEIGHT="21" WC="0.96" CONTENT="i"/><SP WIDTH="16" VPOS="624" HPOS="591"/>
							<String ID="string_159" HPOS="607" VPOS="626" WIDTH="31" HEIGHT="19" WC="0.96" CONTENT="ett"/><SP WIDTH="16" VPOS="626" HPOS="638"/>
							<String ID="string_160" HPOS="654" VPOS="624" WIDTH="67" HEIGHT="27" WC="0.93" CONTENT="dylikt"/><SP WIDTH="15" VPOS="624" HPOS="721"/>
							<String ID="string_161" HPOS="736" VPOS="623" WIDTH="240" HEIGHT="28" WC="0.91" CONTENT="ransakningsfängelse,"/>
						</TextLine>
						<TextLine ID="line_17" HPOS="157" VPOS="652" WIDTH="820" HEIGHT="22">
							<String ID="string_162" HPOS="157" VPOS="653" WIDTH="96" HEIGHT="21" WC="0.96" CONTENT="kommer"/><SP WIDTH="22" VPOS="653" HPOS="253"/>
							<String ID="string_163" HPOS="275" VPOS="653" WIDTH="45" HEIGHT="21" WC="0.92" CONTENT="ofta"/><SP WIDTH="22" VPOS="653" HPOS="320"/>
							<String ID="string_164" HPOS="342" VPOS="653" WIDTH="114" HEIGHT="21" WC="0.92" CONTENT="förhärdad"/><SP WIDTH="22" VPOS="653" HPOS="456"/>
							<String ID="string_165" HPOS="478" VPOS="653" WIDTH="38" HEIGHT="21" WC="0.96" CONTENT="och"/><SP WIDTH="16" VPOS="653" HPOS="516"/>
							<String ID="string_166" HPOS="532" VPOS="653" WIDTH="94" HEIGHT="21" WC="0.93" CONTENT="förlorad"/><SP WIDTH="16" VPOS="653" HPOS="626"/>
							<String ID="string_167" HPOS="642" VPOS="652" WIDTH="98" HEIGHT="21" WC="0.87" CONTENT="derifrän."/><SP WIDTH="30" VPOS="652" HPOS="740"/>
							<String ID="string_168" HPOS="770" VPOS="652" WIDTH="68" HEIGHT="22" WC="0.72" CONTENT="Afven"/><SP WIDTH="16" VPOS="652" HPOS="838"/>
							<String ID="string_169" HPOS="854" VPOS="653" WIDTH="61" HEIGHT="20" WC="0.93" CONTENT="dessa"/><SP WIDTH="16" VPOS="653" HPOS="915"/>
							<String ID="string_170" HPOS="931" VPOS="659" WIDTH="46" HEIGHT="15" WC="0.91" CONTENT="ran-"/>
						</TextLine>
						<TextLine ID="line_18" HPOS="158" VPOS="681" WIDTH="819" HEIGHT="27">
							<String ID="string_171" HPOS="158" VPOS="682" WIDTH="206" HEIGHT="25" WC="0.91" CONTENT="sakningsfängelser"/><SP WIDTH="23" VPOS="682" HPOS="364"/>
							<String ID="string_172" HPOS="387" VPOS="681" WIDTH="88" HEIGHT="22" WC="0.91" CONTENT="behöfva"/><SP WIDTH="23" VPOS="681" HPOS="475"/>
							<String ID="string_173" HPOS="498" VPOS="681" WIDTH="130" HEIGHT="26" WC="0.95" CONTENT="nödvändigt"/><SP WIDTH="23" VPOS="681" HPOS="628"/>
							<String ID="string_174" HPOS="651" VPOS="682" WIDTH="79" HEIGHT="26" WC="0.95" CONTENT="anslag,"/><SP WIDTH="23" VPOS="682" HPOS="730"/>
							<String ID="string_175" HPOS="753" VPOS="681" WIDTH="33" HEIGHT="21" WC="0.96" CONTENT="för"/><SP WIDTH="21" VPOS="681" HPOS="786"/>
							<String ID="string_176" HPOS="807" VPOS="684" WIDTH="32" HEIGHT="18" WC="0.93" CONTENT="att"/><SP WIDTH="15" VPOS="684" HPOS="839"/>
							<String ID="string_177" HPOS="854" VPOS="681" WIDTH="123" HEIGHT="22" WC="0.92" CONTENT="försättas"/><SP WIDTH="-10" VPOS="681" HPOS="977"/>
							<String ID="string_178" HPOS="967" VPOS="677" WIDTH="14" HEIGHT="35" WC="0.96" CONTENT="i"/>
						</TextLine>
						<TextLine ID="line_19" HPOS="158" VPOS="710" WIDTH="263" HEIGHT="27">
							<String ID="string_179" HPOS="158" VPOS="713" WIDTH="31" HEIGHT="18" WC="0.92" CONTENT="ett"/><SP WIDTH="15" VPOS="713" HPOS="189"/>
							<String ID="string_180" HPOS="204" VPOS="710" WIDTH="136" HEIGHT="27" WC="0.91" CONTENT="tidsenligare"/><SP WIDTH="15" VPOS="710" HPOS="340"/>
							<String ID="string_181" HPOS="355" VPOS="710" WIDTH="66" HEIGHT="21" WC="0.96" CONTENT="skick."/>
						</TextLine>
					</TextBlock>
				</ComposedBlock>
				<ComposedBlock ID="cblock_3" HPOS="157" VPOS="767" WIDTH="820" HEIGHT="227">
					<TextBlock ID="block_3" HPOS="157" VPOS="767" WIDTH="820" HEIGHT="227">
						<TextLine ID="line_20" HPOS="226" VPOS="767" WIDTH="751" HEIGHT="27">
							<String ID="string_182" HPOS="226" VPOS="767" WIDTH="62" HEIGHT="21" WC="0.96" CONTENT="Hvad"/><SP WIDTH="23" VPOS="767" HPOS="288"/>
							<String ID="string_183" HPOS="311" VPOS="767" WIDTH="101" HEIGHT="22" WC="0.94" CONTENT="remissen"/><SP WIDTH="24" VPOS="767" HPOS="412"/>
							<String ID="string_184" HPOS="436" VPOS="767" WIDTH="105" HEIGHT="25" WC="0.96" CONTENT="beträffar,"/><SP WIDTH="24" VPOS="767" HPOS="541"/>
							<String ID="string_185" HPOS="565" VPOS="767" WIDTH="38" HEIGHT="21" WC="0.95" CONTENT="har"/><SP WIDTH="19" VPOS="767" HPOS="603"/>
							<String ID="string_186" HPOS="622" VPOS="767" WIDTH="57" HEIGHT="21" WC="0.96" CONTENT="inom"/><SP WIDTH="16" VPOS="767" HPOS="679"/>
							<String ID="string_187" HPOS="695" VPOS="767" WIDTH="85" HEIGHT="21" WC="0.71" CONTENT="ståndet"/><SP WIDTH="15" VPOS="767" HPOS="780"/>
							<String ID="string_188" HPOS="795" VPOS="767" WIDTH="40" HEIGHT="21" WC="0.93" CONTENT="den"/><SP WIDTH="16" VPOS="767" HPOS="835"/>
							<String ID="string_189" HPOS="851" VPOS="767" WIDTH="54" HEIGHT="27" WC="0.93" CONTENT="åsigt"/><SP WIDTH="15" VPOS="767" HPOS="905"/>
							<String ID="string_190" HPOS="920" VPOS="767" WIDTH="57" HEIGHT="27" WC="0.97" CONTENT="gjort"/>
						</TextLine>
						<TextLine ID="line_21" HPOS="158" VPOS="795" WIDTH="817" HEIGHT="28">
							<String ID="string_191" HPOS="158" VPOS="796" WIDTH="31" HEIGHT="26" WC="0.96" CONTENT="sig"/><SP WIDTH="22" VPOS="796" HPOS="189"/>
							<String ID="string_192" HPOS="211" VPOS="796" WIDTH="104" HEIGHT="27" WC="0.95" CONTENT="gällande,"/><SP WIDTH="20" VPOS="796" HPOS="315"/>
							<String ID="string_193" HPOS="335" VPOS="798" WIDTH="33" HEIGHT="19" WC="0.93" CONTENT="att"/><SP WIDTH="15" VPOS="798" HPOS="368"/>
							<String ID="string_194" HPOS="383" VPOS="796" WIDTH="184" HEIGHT="27" WC="0.91" CONTENT="propositionerna"/><SP WIDTH="15" VPOS="796" HPOS="567"/>
							<String ID="string_195" HPOS="582" VPOS="802" WIDTH="34" HEIGHT="15" WC="0.96" CONTENT="om"/><SP WIDTH="16" VPOS="802" HPOS="616"/>
							<String ID="string_196" HPOS="632" VPOS="795" WIDTH="72" HEIGHT="27" WC="0.94" CONTENT="anslag"/><SP WIDTH="16" VPOS="795" HPOS="704"/>
							<String ID="string_197" HPOS="720" VPOS="796" WIDTH="60" HEIGHT="21" WC="0.96" CONTENT="skola"/><SP WIDTH="15" VPOS="796" HPOS="780"/>
							<String ID="string_198" HPOS="795" VPOS="797" WIDTH="120" HEIGHT="21" WC="0.96" CONTENT="remitteras"/><SP WIDTH="14" VPOS="797" HPOS="915"/>
							<String ID="string_199" HPOS="929" VPOS="796" WIDTH="46" HEIGHT="22" WC="0.96" CONTENT="icke"/>
						</TextLine>
						<TextLine ID="line_22" HPOS="157" VPOS="824" WIDTH="819" HEIGHT="27">
							<String ID="string_200" HPOS="157" VPOS="825" WIDTH="33" HEIGHT="20" WC="0.90" CONTENT="till"/><SP WIDTH="22" VPOS="825" HPOS="190"/>
							<String ID="string_201" HPOS="212" VPOS="825" WIDTH="71" HEIGHT="21" WC="0.90" CONTENT="enkelt"/><SP WIDTH="17" VPOS="825" HPOS="283"/>
							<String ID="string_202" HPOS="300" VPOS="825" WIDTH="144" HEIGHT="25" WC="0.91" CONTENT="statsutskott,"/><SP WIDTH="17" VPOS="825" HPOS="444"/>
							<String ID="string_203" HPOS="461" VPOS="824" WIDTH="68" HEIGHT="22" WC="0.85" CONTENT="såsom"/><SP WIDTH="16" VPOS="824" HPOS="529"/>
							<String ID="string_204" HPOS="545" VPOS="824" WIDTH="68" HEIGHT="27" WC="0.96" CONTENT="någon"/><SP WIDTH="16" VPOS="824" HPOS="613"/>
							<String ID="string_205" HPOS="629" VPOS="824" WIDTH="54" HEIGHT="26" WC="0.95" CONTENT="gång"/><SP WIDTH="15" VPOS="824" HPOS="683"/>
							<String ID="string_206" HPOS="698" VPOS="825" WIDTH="58" HEIGHT="21" WC="0.96" CONTENT="förut"/><SP WIDTH="16" VPOS="825" HPOS="756"/>
							<String ID="string_207" HPOS="772" VPOS="825" WIDTH="60" HEIGHT="21" WC="0.96" CONTENT="torde"/><SP WIDTH="15" VPOS="825" HPOS="832"/>
							<String ID="string_208" HPOS="847" VPOS="825" WIDTH="63" HEIGHT="26" WC="0.95" CONTENT="skett,"/><SP WIDTH="15" VPOS="825" HPOS="910"/>
							<String ID="string_209" HPOS="925" VPOS="827" WIDTH="51" HEIGHT="19" WC="0.96" CONTENT="utan"/>
						</TextLine>
						<TextLine ID="line_23" HPOS="158" VPOS="853" WIDTH="819" HEIGHT="25">
							<String ID="string_210" HPOS="158" VPOS="853" WIDTH="32" HEIGHT="21" WC="0.95" CONTENT="till"/><SP WIDTH="16" VPOS="853" HPOS="190"/>
							<String ID="string_211" HPOS="206" VPOS="856" WIDTH="138" HEIGHT="18" WC="0.95" CONTENT="sammansatt"/><SP WIDTH="15" VPOS="856" HPOS="344"/>
							<String ID="string_212" HPOS="359" VPOS="853" WIDTH="89" HEIGHT="25" WC="0.96" CONTENT="utskott,"/><SP WIDTH="17" VPOS="853" HPOS="448"/>
							<String ID="string_213" HPOS="465" VPOS="853" WIDTH="114" HEIGHT="21" WC="0.96" CONTENT="bestående"/><SP WIDTH="15" VPOS="853" HPOS="579"/>
							<String ID="string_214" HPOS="594" VPOS="853" WIDTH="32" HEIGHT="21" WC="0.96" CONTENT="till"/><SP WIDTH="16" VPOS="853" HPOS="626"/>
							<String ID="string_215" HPOS="642" VPOS="860" WIDTH="25" HEIGHT="14" WC="0.96" CONTENT="en"/><SP WIDTH="17" VPOS="860" HPOS="667"/>
							<String ID="string_216" HPOS="684" VPOS="853" WIDTH="32" HEIGHT="21" WC="0.96" CONTENT="del"/><SP WIDTH="16" VPOS="853" HPOS="716"/>
							<String ID="string_217" HPOS="732" VPOS="853" WIDTH="23" HEIGHT="21" WC="0.96" CONTENT="af"/><SP WIDTH="13" VPOS="853" HPOS="755"/>
							<String ID="string_218" HPOS="768" VPOS="853" WIDTH="117" HEIGHT="21" WC="0.96" CONTENT="ledamöter"/><SP WIDTH="12" VPOS="853" HPOS="885"/>
							<String ID="string_219" HPOS="897" VPOS="854" WIDTH="6" HEIGHT="21" WC="0.93" CONTENT="i"/><SP WIDTH="12" VPOS="854" HPOS="903"/>
							<String ID="string_220" HPOS="915" VPOS="855" WIDTH="62" HEIGHT="19" WC="0.91" CONTENT="stats-"/>
						</TextLine>
						<TextLine ID="line_24" HPOS="159" VPOS="881" WIDTH="818" HEIGHT="25">
							<String ID="string_221" HPOS="159" VPOS="881" WIDTH="104" HEIGHT="22" WC="0.96" CONTENT="utskottet"/><SP WIDTH="16" VPOS="881" HPOS="263"/>
							<String ID="string_222" HPOS="279" VPOS="882" WIDTH="39" HEIGHT="21" WC="0.96" CONTENT="och"/><SP WIDTH="15" VPOS="882" HPOS="318"/>
							<String ID="string_223" HPOS="333" VPOS="882" WIDTH="32" HEIGHT="20" WC="0.96" CONTENT="till"/><SP WIDTH="17" VPOS="882" HPOS="365"/>
							<String ID="string_224" HPOS="382" VPOS="888" WIDTH="25" HEIGHT="14" WC="0.96" CONTENT="en"/><SP WIDTH="16" VPOS="888" HPOS="407"/>
							<String ID="string_225" HPOS="423" VPOS="888" WIDTH="68" HEIGHT="14" WC="0.96" CONTENT="annan"/><SP WIDTH="17" VPOS="888" HPOS="491"/>
							<String ID="string_226" HPOS="508" VPOS="882" WIDTH="33" HEIGHT="20" WC="0.96" CONTENT="del"/><SP WIDTH="16" VPOS="882" HPOS="541"/>
							<String ID="string_227" HPOS="557" VPOS="882" WIDTH="22" HEIGHT="21" WC="0.96" CONTENT="af"/><SP WIDTH="14" VPOS="882" HPOS="579"/>
							<String ID="string_228" HPOS="593" VPOS="882" WIDTH="116" HEIGHT="20" WC="0.96" CONTENT="ledamöter"/><SP WIDTH="16" VPOS="882" HPOS="709"/>
							<String ID="string_229" HPOS="725" VPOS="882" WIDTH="5" HEIGHT="20" WC="0.96" CONTENT="i"/><SP WIDTH="18" VPOS="882" HPOS="730"/>
							<String ID="string_230" HPOS="748" VPOS="882" WIDTH="34" HEIGHT="20" WC="0.93" CONTENT="det"/><SP WIDTH="13" VPOS="882" HPOS="782"/>
							<String ID="string_231" HPOS="795" VPOS="882" WIDTH="138" HEIGHT="24" WC="0.92" CONTENT="fackutskott,"/><SP WIDTH="12" VPOS="882" HPOS="933"/>
							<String ID="string_232" HPOS="945" VPOS="882" WIDTH="32" HEIGHT="20" WC="0.96" CONTENT="till"/>
						</TextLine>
						<TextLine ID="line_25" HPOS="159" VPOS="910" WIDTH="818" HEIGHT="27">
							<String ID="string_233" HPOS="159" VPOS="910" WIDTH="79" HEIGHT="22" WC="0.91" CONTENT="hvilket"/><SP WIDTH="15" VPOS="910" HPOS="238"/>
							<String ID="string_234" HPOS="253" VPOS="911" WIDTH="88" HEIGHT="21" WC="0.91" CONTENT="ärendet"/><SP WIDTH="15" VPOS="911" HPOS="341"/>
							<String ID="string_235" HPOS="356" VPOS="912" WIDTH="81" HEIGHT="19" WC="0.93" CONTENT="ansetts"/><SP WIDTH="15" VPOS="912" HPOS="437"/>
							<String ID="string_236" HPOS="452" VPOS="910" WIDTH="58" HEIGHT="21" WC="0.90" CONTENT="höra."/><SP WIDTH="24" VPOS="910" HPOS="510"/>
							<String ID="string_237" HPOS="534" VPOS="910" WIDTH="58" HEIGHT="22" WC="0.92" CONTENT="Skall"/><SP WIDTH="14" VPOS="910" HPOS="592"/>
							<String ID="string_238" HPOS="606" VPOS="910" WIDTH="70" HEIGHT="21" WC="0.96" CONTENT="denna"/><SP WIDTH="14" VPOS="910" HPOS="676"/>
							<String ID="string_239" HPOS="690" VPOS="910" WIDTH="82" HEIGHT="27" WC="0.93" CONTENT="princip"/><SP WIDTH="16" VPOS="910" HPOS="772"/>
							<String ID="string_240" HPOS="788" VPOS="910" WIDTH="60" HEIGHT="22" WC="0.92" CONTENT="äfven"/><SP WIDTH="12" VPOS="910" HPOS="848"/>
							<String ID="string_241" HPOS="860" VPOS="917" WIDTH="29" HEIGHT="15" WC="0.93" CONTENT="nu"/><SP WIDTH="10" VPOS="917" HPOS="889"/>
							<String ID="string_242" HPOS="899" VPOS="911" WIDTH="78" HEIGHT="21" WC="0.91" CONTENT="tilläm-"/>
						</TextLine>
						<TextLine ID="line_26" HPOS="158" VPOS="938" WIDTH="819" HEIGHT="28">
							<String ID="string_243" HPOS="158" VPOS="945" WIDTH="45" HEIGHT="19" WC="0.95" CONTENT="pas,"/><SP WIDTH="24" VPOS="945" HPOS="203"/>
							<String ID="string_244" HPOS="227" VPOS="938" WIDTH="22" HEIGHT="22" WC="0.95" CONTENT="sä"/><SP WIDTH="23" VPOS="938" HPOS="249"/>
							<String ID="string_245" HPOS="272" VPOS="940" WIDTH="61" HEIGHT="20" WC="0.93" CONTENT="torde"/><SP WIDTH="20" VPOS="940" HPOS="333"/>
							<String ID="string_246" HPOS="353" VPOS="939" WIDTH="79" HEIGHT="27" WC="0.96" CONTENT="följden"/><SP WIDTH="16" VPOS="939" HPOS="432"/>
							<String ID="string_247" HPOS="448" VPOS="939" WIDTH="64" HEIGHT="21" WC="0.96" CONTENT="blifva"/><SP WIDTH="16" VPOS="939" HPOS="512"/>
							<String ID="string_248" HPOS="528" VPOS="940" WIDTH="47" HEIGHT="25" WC="0.96" CONTENT="den,"/><SP WIDTH="16" VPOS="940" HPOS="575"/>
							<String ID="string_249" HPOS="591" VPOS="941" WIDTH="31" HEIGHT="19" WC="0.96" CONTENT="att"/><SP WIDTH="15" VPOS="941" HPOS="622"/>
							<String ID="string_250" HPOS="637" VPOS="940" WIDTH="158" HEIGHT="26" WC="0.93" CONTENT="propositionen"/><SP WIDTH="16" VPOS="940" HPOS="795"/>
							<String ID="string_251" HPOS="811" VPOS="940" WIDTH="120" HEIGHT="21" WC="0.96" CONTENT="remitteras"/><SP WIDTH="16" VPOS="940" HPOS="931"/>
							<String ID="string_252" HPOS="947" VPOS="940" WIDTH="30" HEIGHT="20" WC="0.92" CONTENT="till"/>
						</TextLine>
						<TextLine ID="line_27" HPOS="158" VPOS="967" WIDTH="410" HEIGHT="27">
							<String ID="string_253" HPOS="158" VPOS="970" WIDTH="139" HEIGHT="19" WC="0.91" CONTENT="sammansatt"/><SP WIDTH="15" VPOS="970" HPOS="297"/>
							<String ID="string_254" HPOS="312" VPOS="969" WIDTH="64" HEIGHT="19" WC="0.91" CONTENT="stats-"/><SP WIDTH="16" VPOS="969" HPOS="376"/>
							<String ID="string_255" HPOS="392" VPOS="967" WIDTH="39" HEIGHT="21" WC="0.93" CONTENT="och"/><SP WIDTH="15" VPOS="967" HPOS="431"/>
							<String ID="string_256" HPOS="446" VPOS="967" WIDTH="122" HEIGHT="27" WC="0.91" CONTENT="lagutskott."/>
						</TextLine>
					</TextBlock>
				</ComposedBlock>
				<ComposedBlock ID="cblock_4" HPOS="158" VPOS="1024" WIDTH="821" HEIGHT="515">
					<TextBlock ID="block_4" HPOS="158" VPOS="1024" WIDTH="821" HEIGHT="515">
						<TextLine ID="line_28" HPOS="227" VPOS="1024" WIDTH="749" HEIGHT="26">
							<String ID="string_257" HPOS="227" VPOS="1024" WIDTH="83" HEIGHT="20" WC="0.96" CONTENT="Doktor"/><SP WIDTH="21" VPOS="1024" HPOS="310"/>
							<String ID="string_258" HPOS="331" VPOS="1024" WIDTH="96" HEIGHT="26" WC="0.93" CONTENT="Hjelt:"/><SP WIDTH="30" VPOS="1024" HPOS="427"/>
							<String ID="string_259" HPOS="457" VPOS="1024" WIDTH="69" HEIGHT="21" WC="0.92" CONTENT="Jemte"/><SP WIDTH="23" VPOS="1024" HPOS="526"/>
							<String ID="string_260" HPOS="549" VPOS="1024" WIDTH="35" HEIGHT="21" WC="0.95" CONTENT="det"/><SP WIDTH="20" VPOS="1024" HPOS="584"/>
							<String ID="string_261" HPOS="604" VPOS="1024" WIDTH="37" HEIGHT="26" WC="0.94" CONTENT="jag"/><SP WIDTH="22" VPOS="1024" HPOS="641"/>
							<String ID="string_262" HPOS="663" VPOS="1024" WIDTH="37" HEIGHT="21" WC="0.96" CONTENT="ber"/><SP WIDTH="23" VPOS="1024" HPOS="700"/>
							<String ID="string_263" HPOS="723" VPOS="1026" WIDTH="32" HEIGHT="19" WC="0.93" CONTENT="att"/><SP WIDTH="21" VPOS="1026" HPOS="755"/>
							<String ID="string_264" HPOS="776" VPOS="1024" WIDTH="20" HEIGHT="21" WC="0.92" CONTENT="fä"/><SP WIDTH="15" VPOS="1024" HPOS="796"/>
							<String ID="string_265" HPOS="811" VPOS="1024" WIDTH="73" HEIGHT="21" WC="0.91" CONTENT="förena"/><SP WIDTH="23" VPOS="1024" HPOS="884"/>
							<String ID="string_266" HPOS="907" VPOS="1024" WIDTH="42" HEIGHT="26" WC="0.93" CONTENT="mig"/><SP WIDTH="21" VPOS="1024" HPOS="949"/>
							<String ID="string_267" HPOS="970" VPOS="1025" WIDTH="6" HEIGHT="20" WC="0.93" CONTENT="i"/>
						</TextLine>
						<TextLine ID="line_29" HPOS="159" VPOS="1052" WIDTH="819" HEIGHT="27">
							<String ID="string_268" HPOS="159" VPOS="1052" WIDTH="117" HEIGHT="21" WC="0.88" CONTENT="hufvudsak"/><SP WIDTH="23" VPOS="1052" HPOS="276"/>
							<String ID="string_269" HPOS="299" VPOS="1059" WIDTH="34" HEIGHT="15" WC="0.95" CONTENT="om"/><SP WIDTH="23" VPOS="1059" HPOS="333"/>
							<String ID="string_270" HPOS="356" VPOS="1053" WIDTH="106" HEIGHT="26" WC="0.92" CONTENT="professor"/><SP WIDTH="22" VPOS="1053" HPOS="462"/>
							<String ID="string_271" HPOS="484" VPOS="1052" WIDTH="123" HEIGHT="21" WC="0.90" CONTENT="Ehrströms"/><SP WIDTH="20" VPOS="1052" HPOS="607"/>
							<String ID="string_272" HPOS="627" VPOS="1059" WIDTH="28" HEIGHT="14" WC="0.92" CONTENT="nu"/><SP WIDTH="16" VPOS="1059" HPOS="655"/>
							<String ID="string_273" HPOS="671" VPOS="1052" WIDTH="79" HEIGHT="27" WC="0.92" CONTENT="afgifna"/><SP WIDTH="14" VPOS="1052" HPOS="750"/>
							<String ID="string_274" HPOS="764" VPOS="1053" WIDTH="105" HEIGHT="26" WC="0.91" CONTENT="yttrande,"/><SP WIDTH="17" VPOS="1053" HPOS="869"/>
							<String ID="string_275" HPOS="886" VPOS="1054" WIDTH="39" HEIGHT="20" WC="0.93" CONTENT="och"/><SP WIDTH="16" VPOS="1054" HPOS="925"/>
							<String ID="string_276" HPOS="941" VPOS="1059" WIDTH="37" HEIGHT="14" WC="0.92" CONTENT="un-"/>
						</TextLine>
						<TextLine ID="line_30" HPOS="162" VPOS="1080" WIDTH="817" HEIGHT="28">
							<String ID="string_277" HPOS="162" VPOS="1080" WIDTH="124" HEIGHT="27" WC="0.91" CONTENT="derstödjer,"/><SP WIDTH="16" VPOS="1080" HPOS="286"/>
							<String ID="string_278" HPOS="302" VPOS="1084" WIDTH="31" HEIGHT="18" WC="0.93" CONTENT="att"/><SP WIDTH="16" VPOS="1084" HPOS="333"/>
							<String ID="string_279" HPOS="349" VPOS="1081" WIDTH="117" HEIGHT="21" WC="0.92" CONTENT="detsamma"/><SP WIDTH="15" VPOS="1081" HPOS="466"/>
							<String ID="string_280" HPOS="481" VPOS="1081" WIDTH="65" HEIGHT="21" WC="0.91" CONTENT="mätte"/><SP WIDTH="14" VPOS="1081" HPOS="546"/>
							<String ID="string_281" HPOS="560" VPOS="1081" WIDTH="75" HEIGHT="25" WC="0.88" CONTENT="ätfölja"/><SP WIDTH="10" VPOS="1081" HPOS="635"/>
							<String ID="string_282" HPOS="645" VPOS="1082" WIDTH="100" HEIGHT="20" WC="0.92" CONTENT="remissen"/><SP WIDTH="11" VPOS="1082" HPOS="745"/>
							<String ID="string_283" HPOS="756" VPOS="1081" WIDTH="61" HEIGHT="21" WC="0.92" CONTENT="deraf"/><SP WIDTH="9" VPOS="1081" HPOS="817"/>
							<String ID="string_284" HPOS="826" VPOS="1082" WIDTH="32" HEIGHT="20" WC="0.92" CONTENT="till"/><SP WIDTH="11" VPOS="1082" HPOS="858"/>
							<String ID="string_285" HPOS="869" VPOS="1082" WIDTH="110" HEIGHT="26" WC="0.92" CONTENT="utskottet,"/>
						</TextLine>
						<TextLine ID="line_31" HPOS="159" VPOS="1109" WIDTH="818" HEIGHT="27">
							<String ID="string_286" HPOS="159" VPOS="1109" WIDTH="95" HEIGHT="21" WC="0.96" CONTENT="anhåller"/><SP WIDTH="21" VPOS="1109" HPOS="254"/>
							<String ID="string_287" HPOS="275" VPOS="1109" WIDTH="36" HEIGHT="27" WC="0.96" CONTENT="jag"/><SP WIDTH="22" VPOS="1109" HPOS="311"/>
							<String ID="string_288" HPOS="333" VPOS="1110" WIDTH="53" HEIGHT="20" WC="0.96" CONTENT="dock"/><SP WIDTH="18" VPOS="1110" HPOS="386"/>
							<String ID="string_289" HPOS="404" VPOS="1112" WIDTH="31" HEIGHT="18" WC="0.93" CONTENT="att"/><SP WIDTH="15" VPOS="1112" HPOS="435"/>
							<String ID="string_290" HPOS="450" VPOS="1109" WIDTH="20" HEIGHT="21" WC="0.96" CONTENT="få"/><SP WIDTH="16" VPOS="1109" HPOS="470"/>
							<String ID="string_291" HPOS="486" VPOS="1110" WIDTH="32" HEIGHT="20" WC="0.96" CONTENT="för"/><SP WIDTH="16" VPOS="1110" HPOS="518"/>
							<String ID="string_292" HPOS="534" VPOS="1116" WIDTH="52" HEIGHT="20" WC="0.96" CONTENT="egen"/><SP WIDTH="16" VPOS="1116" HPOS="586"/>
							<String ID="string_293" HPOS="602" VPOS="1110" WIDTH="33" HEIGHT="20" WC="0.93" CONTENT="del"/><SP WIDTH="16" VPOS="1110" HPOS="635"/>
							<String ID="string_294" HPOS="651" VPOS="1110" WIDTH="109" HEIGHT="26" WC="0.95" CONTENT="anmärka,"/><SP WIDTH="16" VPOS="1110" HPOS="760"/>
							<String ID="string_295" HPOS="776" VPOS="1112" WIDTH="31" HEIGHT="18" WC="0.96" CONTENT="att"/><SP WIDTH="16" VPOS="1112" HPOS="807"/>
							<String ID="string_296" HPOS="823" VPOS="1110" WIDTH="26" HEIGHT="21" WC="0.93" CONTENT="dä"/><SP WIDTH="17" VPOS="1110" HPOS="849"/>
							<String ID="string_297" HPOS="866" VPOS="1110" WIDTH="111" HEIGHT="21" WC="0.91" CONTENT="1863—64"/>
						</TextLine>
						<TextLine ID="line_32" HPOS="159" VPOS="1137" WIDTH="818" HEIGHT="27">
							<String ID="string_298" HPOS="159" VPOS="1138" WIDTH="34" HEIGHT="20" WC="0.89" CONTENT="ärs"/><SP WIDTH="19" VPOS="1138" HPOS="193"/>
							<String ID="string_299" HPOS="212" VPOS="1138" WIDTH="85" HEIGHT="20" WC="0.91" CONTENT="ständer"/><SP WIDTH="15" VPOS="1138" HPOS="297"/>
							<String ID="string_300" HPOS="312" VPOS="1138" WIDTH="94" HEIGHT="26" WC="0.92" CONTENT="godkänt"/><SP WIDTH="16" VPOS="1138" HPOS="406"/>
							<String ID="string_301" HPOS="422" VPOS="1137" WIDTH="281" HEIGHT="27" WC="0.89" CONTENT="brottmälslagstiftningens"/><SP WIDTH="16" VPOS="1137" HPOS="703"/>
							<String ID="string_302" HPOS="719" VPOS="1144" WIDTH="39" HEIGHT="20" WC="0.96" CONTENT="nya"/><SP WIDTH="15" VPOS="1144" HPOS="758"/>
							<String ID="string_303" HPOS="773" VPOS="1138" WIDTH="92" HEIGHT="26" WC="0.96" CONTENT="grunder"/><SP WIDTH="16" VPOS="1138" HPOS="865"/>
							<String ID="string_304" HPOS="881" VPOS="1139" WIDTH="39" HEIGHT="20" WC="0.96" CONTENT="och"/><SP WIDTH="16" VPOS="1139" HPOS="920"/>
							<String ID="string_305" HPOS="936" VPOS="1138" WIDTH="41" HEIGHT="22" WC="0.97" CONTENT="alla"/>
						</TextLine>
						<TextLine ID="line_33" HPOS="159" VPOS="1166" WIDTH="818" HEIGHT="28">
							<String ID="string_306" HPOS="159" VPOS="1166" WIDTH="134" HEIGHT="26" WC="0.84" CONTENT="nödvändiga"/><SP WIDTH="11" VPOS="1166" HPOS="293"/>
							<String ID="string_307" HPOS="304" VPOS="1166" WIDTH="77" HEIGHT="27" WC="0.87" CONTENT="följder"/><SP WIDTH="16" VPOS="1166" HPOS="381"/>
							<String ID="string_308" HPOS="397" VPOS="1167" WIDTH="6" HEIGHT="20" WC="0.93" CONTENT="i"/><SP WIDTH="16" VPOS="1167" HPOS="403"/>
							<String ID="string_309" HPOS="419" VPOS="1166" WIDTH="97" HEIGHT="21" WC="0.92" CONTENT="afseende"/><SP WIDTH="16" VPOS="1166" HPOS="516"/>
							<String ID="string_310" HPOS="532" VPOS="1166" WIDTH="12" HEIGHT="21" WC="0.92" CONTENT="&amp;"/><SP WIDTH="15" VPOS="1166" HPOS="544"/>
							<String ID="string_311" HPOS="559" VPOS="1166" WIDTH="47" HEIGHT="22" WC="0.93" CONTENT="dess"/><SP WIDTH="17" VPOS="1166" HPOS="606"/>
							<String ID="string_312" HPOS="623" VPOS="1166" WIDTH="166" HEIGHT="26" WC="0.92" CONTENT="verkställighet,"/><SP WIDTH="15" VPOS="1166" HPOS="789"/>
							<String ID="string_313" HPOS="804" VPOS="1167" WIDTH="36" HEIGHT="21" WC="0.93" CONTENT="det"/><SP WIDTH="14" VPOS="1167" HPOS="840"/>
							<String ID="string_314" HPOS="854" VPOS="1167" WIDTH="123" HEIGHT="27" WC="0.92" CONTENT="visserligen"/>
						</TextLine>
						<TextLine ID="line_34" HPOS="160" VPOS="1194" WIDTH="817" HEIGHT="28">
							<String ID="string_315" HPOS="160" VPOS="1196" WIDTH="23" HEIGHT="20" WC="0.96" CONTENT="är"/><SP WIDTH="16" VPOS="1196" HPOS="183"/>
							<String ID="string_316" HPOS="199" VPOS="1194" WIDTH="86" HEIGHT="22" WC="0.93" CONTENT="alldeles"/><SP WIDTH="16" VPOS="1194" HPOS="285"/>
							<String ID="string_317" HPOS="301" VPOS="1194" WIDTH="111" HEIGHT="27" WC="0.85" CONTENT="sjelffallet,"/><SP WIDTH="17" VPOS="1194" HPOS="412"/>
							<String ID="string_318" HPOS="429" VPOS="1197" WIDTH="31" HEIGHT="19" WC="0.92" CONTENT="att"/><SP WIDTH="15" VPOS="1197" HPOS="460"/>
							<String ID="string_319" HPOS="475" VPOS="1195" WIDTH="195" HEIGHT="27" WC="0.91" CONTENT="fängelseväsendet"/><SP WIDTH="15" VPOS="1195" HPOS="670"/>
							<String ID="string_320" HPOS="685" VPOS="1196" WIDTH="7" HEIGHT="20" WC="0.93" CONTENT="i"/><SP WIDTH="12" VPOS="1196" HPOS="692"/>
							<String ID="string_321" HPOS="704" VPOS="1195" WIDTH="217" HEIGHT="21" WC="0.92" CONTENT="öfverensstämmelse"/><SP WIDTH="11" VPOS="1195" HPOS="921"/>
							<String ID="string_322" HPOS="932" VPOS="1196" WIDTH="45" HEIGHT="21" WC="0.93" CONTENT="der-"/>
						</TextLine>
						<TextLine ID="line_35" HPOS="159" VPOS="1223" WIDTH="818" HEIGHT="27">
							<String ID="string_323" HPOS="159" VPOS="1223" WIDTH="47" HEIGHT="21" WC="0.92" CONTENT="med"/><SP WIDTH="24" VPOS="1223" HPOS="206"/>
							<String ID="string_324" HPOS="230" VPOS="1224" WIDTH="66" HEIGHT="21" WC="0.96" CONTENT="måste"/><SP WIDTH="23" VPOS="1224" HPOS="296"/>
							<String ID="string_325" HPOS="319" VPOS="1224" WIDTH="99" HEIGHT="26" WC="0.96" CONTENT="regleras,"/><SP WIDTH="23" VPOS="1224" HPOS="418"/>
							<String ID="string_326" HPOS="441" VPOS="1223" WIDTH="61" HEIGHT="21" WC="0.92" CONTENT="kosta"/><SP WIDTH="23" VPOS="1223" HPOS="502"/>
							<String ID="string_327" HPOS="525" VPOS="1223" WIDTH="55" HEIGHT="21" WC="0.95" CONTENT="hvad"/><SP WIDTH="22" VPOS="1223" HPOS="580"/>
							<String ID="string_328" HPOS="602" VPOS="1224" WIDTH="35" HEIGHT="20" WC="0.96" CONTENT="det"/><SP WIDTH="19" VPOS="1224" HPOS="637"/>
							<String ID="string_329" HPOS="656" VPOS="1224" WIDTH="62" HEIGHT="21" WC="0.96" CONTENT="kosta"/><SP WIDTH="16" VPOS="1224" HPOS="718"/>
							<String ID="string_330" HPOS="734" VPOS="1224" WIDTH="42" HEIGHT="21" WC="0.80" CONTENT="vill."/><SP WIDTH="30" VPOS="1224" HPOS="776"/>
							<String ID="string_331" HPOS="806" VPOS="1224" WIDTH="48" HEIGHT="21" WC="0.92" CONTENT="Men"/><SP WIDTH="17" VPOS="1224" HPOS="854"/>
							<String ID="string_332" HPOS="871" VPOS="1224" WIDTH="27" HEIGHT="20" WC="0.93" CONTENT="dä"/><SP WIDTH="15" VPOS="1224" HPOS="898"/>
							<String ID="string_333" HPOS="913" VPOS="1224" WIDTH="64" HEIGHT="21" WC="0.92" CONTENT="likväl"/>
						</TextLine>
						<TextLine ID="line_36" HPOS="159" VPOS="1251" WIDTH="819" HEIGHT="27">
							<String ID="string_334" HPOS="159" VPOS="1251" WIDTH="182" HEIGHT="27" WC="0.92" CONTENT="nödvändigheten"/><SP WIDTH="24" VPOS="1251" HPOS="341"/>
							<String ID="string_335" HPOS="365" VPOS="1252" WIDTH="43" HEIGHT="21" WC="0.93" CONTENT="ofta"/><SP WIDTH="13" VPOS="1252" HPOS="408"/>
							<String ID="string_336" HPOS="421" VPOS="1252" WIDTH="83" HEIGHT="26" WC="0.93" CONTENT="tvingar"/><SP WIDTH="14" VPOS="1252" HPOS="504"/>
							<String ID="string_337" HPOS="518" VPOS="1254" WIDTH="32" HEIGHT="19" WC="0.93" CONTENT="att"/><SP WIDTH="15" VPOS="1254" HPOS="550"/>
							<String ID="string_338" HPOS="565" VPOS="1255" WIDTH="48" HEIGHT="23" WC="0.90" CONTENT="taga"/><SP WIDTH="15" VPOS="1255" HPOS="613"/>
							<String ID="string_339" HPOS="628" VPOS="1252" WIDTH="7" HEIGHT="20" WC="0.93" CONTENT="i"/><SP WIDTH="17" VPOS="1252" HPOS="635"/>
							<String ID="string_340" HPOS="652" VPOS="1252" WIDTH="146" HEIGHT="26" WC="0.91" CONTENT="betraktande,"/><SP WIDTH="15" VPOS="1252" HPOS="798"/>
							<String ID="string_341" HPOS="813" VPOS="1252" WIDTH="105" HEIGHT="21" WC="0.93" CONTENT="huruvida"/><SP WIDTH="15" VPOS="1252" HPOS="918"/>
							<String ID="string_342" HPOS="933" VPOS="1252" WIDTH="45" HEIGHT="22" WC="0.92" CONTENT="för-"/>
						</TextLine>
						<TextLine ID="line_37" HPOS="159" VPOS="1280" WIDTH="818" HEIGHT="27">
							<String ID="string_343" HPOS="159" VPOS="1281" WIDTH="45" HEIGHT="25" WC="0.96" CONTENT="slag"/><SP WIDTH="22" VPOS="1281" HPOS="204"/>
							<String ID="string_344" HPOS="226" VPOS="1281" WIDTH="32" HEIGHT="20" WC="0.93" CONTENT="till"/><SP WIDTH="23" VPOS="1281" HPOS="258"/>
							<String ID="string_345" HPOS="281" VPOS="1280" WIDTH="62" HEIGHT="26" WC="0.93" CONTENT="högst"/><SP WIDTH="23" VPOS="1280" HPOS="343"/>
							<String ID="string_346" HPOS="366" VPOS="1281" WIDTH="77" HEIGHT="25" WC="0.92" CONTENT="vigtiga"/><SP WIDTH="23" VPOS="1281" HPOS="443"/>
							<String ID="string_347" HPOS="466" VPOS="1280" WIDTH="38" HEIGHT="21" WC="0.88" CONTENT="och"/><SP WIDTH="24" VPOS="1280" HPOS="504"/>
							<String ID="string_348" HPOS="528" VPOS="1281" WIDTH="109" HEIGHT="26" WC="0.48" CONTENT="oafvisliga"/><SP WIDTH="23" VPOS="1281" HPOS="637"/>
							<String ID="string_349" HPOS="660" VPOS="1281" WIDTH="99" HEIGHT="25" WC="0.95" CONTENT="åtgärder"/><SP WIDTH="21" VPOS="1281" HPOS="759"/>
							<String ID="string_350" HPOS="780" VPOS="1282" WIDTH="71" HEIGHT="20" WC="0.93" CONTENT="kunna"/><SP WIDTH="15" VPOS="1282" HPOS="851"/>
							<String ID="string_351" HPOS="866" VPOS="1281" WIDTH="45" HEIGHT="21" WC="0.96" CONTENT="förr"/><SP WIDTH="15" VPOS="1281" HPOS="911"/>
							<String ID="string_352" HPOS="926" VPOS="1282" WIDTH="51" HEIGHT="20" WC="0.97" CONTENT="eller"/>
						</TextLine>
						<TextLine ID="line_38" HPOS="159" VPOS="1309" WIDTH="818" HEIGHT="27">
							<String ID="string_353" HPOS="159" VPOS="1315" WIDTH="74" HEIGHT="15" WC="0.93" CONTENT="senare"/><SP WIDTH="24" VPOS="1315" HPOS="233"/>
							<String ID="string_354" HPOS="257" VPOS="1309" WIDTH="84" HEIGHT="26" WC="0.91" CONTENT="bringas"/><SP WIDTH="22" VPOS="1309" HPOS="341"/>
							<String ID="string_355" HPOS="363" VPOS="1309" WIDTH="32" HEIGHT="21" WC="0.93" CONTENT="till"/><SP WIDTH="23" VPOS="1309" HPOS="395"/>
							<String ID="string_356" HPOS="418" VPOS="1309" WIDTH="165" HEIGHT="27" WC="0.91" CONTENT="verkställighet,"/><SP WIDTH="17" VPOS="1309" HPOS="583"/>
							<String ID="string_357" HPOS="600" VPOS="1310" WIDTH="64" HEIGHT="25" WC="0.91" CONTENT="vägar"/><SP WIDTH="13" VPOS="1310" HPOS="664"/>
							<String ID="string_358" HPOS="677" VPOS="1310" WIDTH="36" HEIGHT="26" WC="0.93" CONTENT="jag"/><SP WIDTH="16" VPOS="1310" HPOS="713"/>
							<String ID="string_359" HPOS="729" VPOS="1310" WIDTH="76" HEIGHT="24" WC="0.91" CONTENT="erinra,"/><SP WIDTH="15" VPOS="1310" HPOS="805"/>
							<String ID="string_360" HPOS="820" VPOS="1311" WIDTH="39" HEIGHT="23" WC="0.96" CONTENT="att,"/><SP WIDTH="16" VPOS="1311" HPOS="859"/>
							<String ID="string_361" HPOS="875" VPOS="1310" WIDTH="23" HEIGHT="20" WC="0.93" CONTENT="sä"/><SP WIDTH="15" VPOS="1310" HPOS="898"/>
							<String ID="string_362" HPOS="913" VPOS="1310" WIDTH="64" HEIGHT="21" WC="0.92" CONTENT="framt"/>
						</TextLine>
						<TextLine ID="line_39" HPOS="158" VPOS="1337" WIDTH="819" HEIGHT="26">
							<String ID="string_363" HPOS="158" VPOS="1338" WIDTH="98" HEIGHT="25" WC="0.91" CONTENT="behörigt"/><SP WIDTH="22" VPOS="1338" HPOS="256"/>
							<String ID="string_364" HPOS="278" VPOS="1338" WIDTH="83" HEIGHT="20" WC="0.91" CONTENT="utskott"/><SP WIDTH="22" VPOS="1338" HPOS="361"/>
							<String ID="string_365" HPOS="383" VPOS="1338" WIDTH="67" HEIGHT="20" WC="0.96" CONTENT="skulle"/><SP WIDTH="21" VPOS="1338" HPOS="450"/>
							<String ID="string_366" HPOS="471" VPOS="1338" WIDTH="55" HEIGHT="19" WC="0.96" CONTENT="finna"/><SP WIDTH="15" VPOS="1338" HPOS="526"/>
							<String ID="string_367" HPOS="541" VPOS="1338" WIDTH="48" HEIGHT="19" WC="0.96" CONTENT="hela"/><SP WIDTH="15" VPOS="1338" HPOS="589"/>
							<String ID="string_368" HPOS="604" VPOS="1338" WIDTH="40" HEIGHT="20" WC="0.96" CONTENT="den"/><SP WIDTH="16" VPOS="1338" HPOS="644"/>
							<String ID="string_369" HPOS="660" VPOS="1338" WIDTH="32" HEIGHT="20" WC="0.93" CONTENT="för"/><SP WIDTH="16" VPOS="1338" HPOS="692"/>
							<String ID="string_370" HPOS="708" VPOS="1337" WIDTH="207" HEIGHT="26" WC="0.92" CONTENT="fängelseväsendets"/><SP WIDTH="16" VPOS="1337" HPOS="915"/>
							<String ID="string_371" HPOS="931" VPOS="1339" WIDTH="46" HEIGHT="20" WC="0.92" CONTENT="ord-"/>
						</TextLine>
						<TextLine ID="line_40" HPOS="159" VPOS="1365" WIDTH="818" HEIGHT="28">
							<String ID="string_372" HPOS="159" VPOS="1365" WIDTH="68" HEIGHT="21" WC="0.96" CONTENT="nande"/><SP WIDTH="23" VPOS="1365" HPOS="227"/>
							<String ID="string_373" HPOS="250" VPOS="1366" WIDTH="5" HEIGHT="20" WC="0.93" CONTENT="i"/><SP WIDTH="22" VPOS="1366" HPOS="255"/>
							<String ID="string_374" HPOS="277" VPOS="1367" WIDTH="40" HEIGHT="19" WC="0.93" CONTENT="den"/><SP WIDTH="20" VPOS="1367" HPOS="317"/>
							<String ID="string_375" HPOS="337" VPOS="1365" WIDTH="77" HEIGHT="26" WC="0.96" CONTENT="nådiga"/><SP WIDTH="16" VPOS="1365" HPOS="414"/>
							<String ID="string_376" HPOS="430" VPOS="1366" WIDTH="157" HEIGHT="25" WC="0.96" CONTENT="propositionen"/><SP WIDTH="15" VPOS="1366" HPOS="587"/>
							<String ID="string_377" HPOS="602" VPOS="1372" WIDTH="30" HEIGHT="14" WC="0.96" CONTENT="nu"/><SP WIDTH="14" VPOS="1372" HPOS="632"/>
							<String ID="string_378" HPOS="646" VPOS="1365" WIDTH="120" HEIGHT="26" WC="0.95" CONTENT="föreslagna"/><SP WIDTH="15" VPOS="1365" HPOS="766"/>
							<String ID="string_379" HPOS="781" VPOS="1372" WIDTH="96" HEIGHT="15" WC="0.93" CONTENT="summan"/><SP WIDTH="15" VPOS="1372" HPOS="877"/>
							<String ID="string_380" HPOS="892" VPOS="1367" WIDTH="85" HEIGHT="26" WC="0.96" CONTENT="omöjlig"/>
						</TextLine>
						<TextLine ID="line_41" HPOS="159" VPOS="1393" WIDTH="818" HEIGHT="29">
							<String ID="string_381" HPOS="159" VPOS="1396" WIDTH="32" HEIGHT="19" WC="0.94" CONTENT="att"/><SP WIDTH="22" VPOS="1396" HPOS="191"/>
							<String ID="string_382" HPOS="213" VPOS="1393" WIDTH="32" HEIGHT="22" WC="0.96" CONTENT="för"/><SP WIDTH="24" VPOS="1393" HPOS="245"/>
							<String ID="string_383" HPOS="269" VPOS="1393" WIDTH="91" HEIGHT="22" WC="0.92" CONTENT="tillfället"/><SP WIDTH="17" VPOS="1393" HPOS="360"/>
							<String ID="string_384" HPOS="377" VPOS="1393" WIDTH="72" HEIGHT="22" WC="0.93" CONTENT="kunna"/><SP WIDTH="19" VPOS="1393" HPOS="449"/>
							<String ID="string_385" HPOS="468" VPOS="1394" WIDTH="89" HEIGHT="25" WC="0.92" CONTENT="anvisas,"/><SP WIDTH="16" VPOS="1394" HPOS="557"/>
							<String ID="string_386" HPOS="573" VPOS="1394" WIDTH="126" HEIGHT="22" WC="0.91" CONTENT="ätminstone"/><SP WIDTH="16" VPOS="1394" HPOS="699"/>
							<String ID="string_387" HPOS="715" VPOS="1394" WIDTH="19" HEIGHT="27" WC="0.93" CONTENT="ej"/><SP WIDTH="16" VPOS="1394" HPOS="734"/>
							<String ID="string_388" HPOS="750" VPOS="1396" WIDTH="70" HEIGHT="23" WC="0.96" CONTENT="annat,"/><SP WIDTH="17" VPOS="1396" HPOS="820"/>
							<String ID="string_389" HPOS="837" VPOS="1396" WIDTH="25" HEIGHT="19" WC="0.93" CONTENT="än"/><SP WIDTH="17" VPOS="1396" HPOS="862"/>
							<String ID="string_390" HPOS="879" VPOS="1395" WIDTH="98" HEIGHT="27" WC="0.93" CONTENT="möjligen"/>
						</TextLine>
						<TextLine ID="line_42" HPOS="159" VPOS="1423" WIDTH="818" HEIGHT="27">
							<String ID="string_391" HPOS="159" VPOS="1423" WIDTH="142" HEIGHT="26" WC="0.91" CONTENT="uppförandet"/><SP WIDTH="22" VPOS="1423" HPOS="301"/>
							<String ID="string_392" HPOS="323" VPOS="1423" WIDTH="21" HEIGHT="21" WC="0.96" CONTENT="af"/><SP WIDTH="23" VPOS="1423" HPOS="344"/>
							<String ID="string_393" HPOS="367" VPOS="1423" WIDTH="34" HEIGHT="21" WC="0.96" CONTENT="det"/><SP WIDTH="21" VPOS="1423" HPOS="401"/>
							<String ID="string_394" HPOS="422" VPOS="1429" WIDTH="41" HEIGHT="20" WC="0.93" CONTENT="nya"/><SP WIDTH="15" VPOS="1429" HPOS="463"/>
							<String ID="string_395" HPOS="478" VPOS="1423" WIDTH="110" HEIGHT="21" WC="0.90" CONTENT="tukthuset"/><SP WIDTH="15" VPOS="1423" HPOS="588"/>
							<String ID="string_396" HPOS="603" VPOS="1423" WIDTH="7" HEIGHT="21" WC="0.93" CONTENT="i"/><SP WIDTH="16" VPOS="1423" HPOS="610"/>
							<String ID="string_397" HPOS="626" VPOS="1423" WIDTH="131" HEIGHT="27" WC="0.93" CONTENT="Helsingfors"/><SP WIDTH="16" VPOS="1423" HPOS="757"/>
							<String ID="string_398" HPOS="773" VPOS="1423" WIDTH="68" HEIGHT="22" WC="0.92" CONTENT="blefve"/><SP WIDTH="16" VPOS="1423" HPOS="841"/>
							<String ID="string_399" HPOS="857" VPOS="1424" WIDTH="33" HEIGHT="21" WC="0.96" CONTENT="för"/><SP WIDTH="14" VPOS="1424" HPOS="890"/>
							<String ID="string_400" HPOS="904" VPOS="1425" WIDTH="73" HEIGHT="25" WC="0.96" CONTENT="längre"/>
						</TextLine>
						<TextLine ID="line_43" HPOS="159" VPOS="1451" WIDTH="818" HEIGHT="28">
							<String ID="string_401" HPOS="159" VPOS="1452" WIDTH="30" HEIGHT="21" WC="0.93" CONTENT="tid"/><SP WIDTH="23" VPOS="1452" HPOS="189"/>
							<String ID="string_402" HPOS="212" VPOS="1451" WIDTH="96" HEIGHT="28" WC="0.89" CONTENT="fördröjt."/><SP WIDTH="32" VPOS="1451" HPOS="308"/>
							<String ID="string_403" HPOS="340" VPOS="1451" WIDTH="105" HEIGHT="27" WC="0.89" CONTENT="Derjemte"/><SP WIDTH="24" VPOS="1451" HPOS="445"/>
							<String ID="string_404" HPOS="469" VPOS="1451" WIDTH="47" HEIGHT="21" WC="0.96" CONTENT="ville"/><SP WIDTH="22" VPOS="1451" HPOS="516"/>
							<String ID="string_405" HPOS="538" VPOS="1452" WIDTH="36" HEIGHT="27" WC="0.93" CONTENT="jag"/><SP WIDTH="23" VPOS="1452" HPOS="574"/>
							<String ID="string_406" HPOS="597" VPOS="1452" WIDTH="121" HEIGHT="27" WC="0.92" CONTENT="ödmjukast"/><SP WIDTH="21" VPOS="1452" HPOS="718"/>
							<String ID="string_407" HPOS="739" VPOS="1452" WIDTH="118" HEIGHT="25" WC="0.92" CONTENT="hemställa,"/><SP WIDTH="17" VPOS="1452" HPOS="857"/>
							<String ID="string_408" HPOS="874" VPOS="1453" WIDTH="103" HEIGHT="21" WC="0.97" CONTENT="huruvida"/>
						</TextLine>
						<TextLine ID="line_44" HPOS="158" VPOS="1481" WIDTH="819" HEIGHT="27">
							<String ID="string_409" HPOS="158" VPOS="1481" WIDTH="46" HEIGHT="21" WC="0.92" CONTENT="icke"/><SP WIDTH="16" VPOS="1481" HPOS="204"/>
							<String ID="string_410" HPOS="220" VPOS="1483" WIDTH="30" HEIGHT="18" WC="0.93" CONTENT="ett"/><SP WIDTH="16" VPOS="1483" HPOS="250"/>
							<String ID="string_411" HPOS="266" VPOS="1481" WIDTH="117" HEIGHT="26" WC="0.92" CONTENT="obetydligt"/><SP WIDTH="15" VPOS="1481" HPOS="383"/>
							<String ID="string_412" HPOS="398" VPOS="1481" WIDTH="91" HEIGHT="21" WC="0.89" CONTENT="tillskott"/><SP WIDTH="15" VPOS="1481" HPOS="489"/>
							<String ID="string_413" HPOS="504" VPOS="1481" WIDTH="31" HEIGHT="21" WC="0.95" CONTENT="till"/><SP WIDTH="17" VPOS="1481" HPOS="535"/>
							<String ID="string_414" HPOS="552" VPOS="1481" WIDTH="40" HEIGHT="21" WC="0.96" CONTENT="den"/><SP WIDTH="15" VPOS="1481" HPOS="592"/>
							<String ID="string_415" HPOS="607" VPOS="1481" WIDTH="121" HEIGHT="27" WC="0.96" CONTENT="föreslagna"/><SP WIDTH="14" VPOS="1481" HPOS="728"/>
							<String ID="string_416" HPOS="742" VPOS="1487" WIDTH="95" HEIGHT="16" WC="0.96" CONTENT="summan"/><SP WIDTH="16" VPOS="1487" HPOS="837"/>
							<String ID="string_417" HPOS="853" VPOS="1482" WIDTH="70" HEIGHT="21" WC="0.93" CONTENT="kunde"/><SP WIDTH="16" VPOS="1482" HPOS="923"/>
							<String ID="string_418" HPOS="939" VPOS="1488" WIDTH="38" HEIGHT="15" WC="0.92" CONTENT="an-"/>
						</TextLine>
						<TextLine ID="line_45" HPOS="160" VPOS="1509" WIDTH="817" HEIGHT="30">
							<String ID="string_419" HPOS="160" VPOS="1516" WIDTH="33" HEIGHT="15" WC="0.92" CONTENT="ses"/><SP WIDTH="18" VPOS="1516" HPOS="193"/>
							<String ID="string_420" HPOS="211" VPOS="1510" WIDTH="133" HEIGHT="27" WC="0.91" CONTENT="synnerligen"/><SP WIDTH="16" VPOS="1510" HPOS="344"/>
							<String ID="string_421" HPOS="360" VPOS="1509" WIDTH="114" HEIGHT="28" WC="0.91" CONTENT="päkalladt,"/><SP WIDTH="17" VPOS="1509" HPOS="474"/>
							<String ID="string_422" HPOS="491" VPOS="1509" WIDTH="33" HEIGHT="22" WC="0.93" CONTENT="för"/><SP WIDTH="16" VPOS="1509" HPOS="524"/>
							<String ID="string_423" HPOS="540" VPOS="1510" WIDTH="107" HEIGHT="22" WC="0.92" CONTENT="bildandet"/><SP WIDTH="16" VPOS="1510" HPOS="647"/>
							<String ID="string_424" HPOS="663" VPOS="1510" WIDTH="22" HEIGHT="21" WC="0.93" CONTENT="af"/><SP WIDTH="13" VPOS="1510" HPOS="685"/>
							<String ID="string_425" HPOS="698" VPOS="1511" WIDTH="106" HEIGHT="27" WC="0.90" CONTENT="lämpliga,"/><SP WIDTH="16" VPOS="1511" HPOS="804"/>
							<String ID="string_426" HPOS="820" VPOS="1511" WIDTH="103" HEIGHT="28" WC="0.92" CONTENT="skickliga"/><SP WIDTH="15" VPOS="1511" HPOS="923"/>
							<String ID="string_427" HPOS="938" VPOS="1511" WIDTH="39" HEIGHT="22" WC="0.96" CONTENT="och"/>
						</TextLine>
					</TextBlock>
				</ComposedBlock>
			</PrintSpace>
		</Page>
	</Layout>
</alto>
