1056 1764
188 123 39 21 140
399 127 160 18 Prestestänäet
573 129 54 17 1877.
652 128 24 17 27
688 128 52 17 febr.

157 196 231 26 landtdagsordningen
411 196 22 20 af
453 196 60 25 1869,
536 196 52 20 böra
609 196 25 20 de
656 195 134 26 lagstiftande
805 196 175 26 myndigheterna

157 230 55 21 noga
229 224 118 26 öfverväga,
364 224 102 20 huruvida
482 224 39 21 den
538 224 117 26 föreslagna
670 224 147 26 förändringen
834 226 23 18 är
872 224 23 20 af
909 224 70 21 behof-

158 256 35 18 vet
217 253 128 27 nödvändigt
367 252 99 28 påkallad
481 252 52 22 eller
548 259 37 15 ens
600 252 102 27 gagnelig.
732 253 46 21 Den
794 252 76 27 nådiga
885 252 93 27 proposi-

157 281 52 27 tion,
231 288 45 15 som
301 288 29 15 nu
345 281 116 26 föreligger,
477 281 117 22 innehäller
608 281 121 26 visserligen
746 283 30 19 ett
791 281 77 26 förslag
883 282 33 20 till
932 281 48 21 full-

158 310 84 27 ständig
262 310 147 22 omredaktion
429 310 22 21 af
465 310 10 28 $
493 311 25 20 12
538 310 2 21 i
556 316 81 16 samma
652 310 208 27 landtdagsordning,
877 316 46 16 men
940 310 39 21 den

158 339 128 26 förändring,
302 345 46 15 som
363 338 94 27 föresläs,
473 338 125 22 inskränker
613 338 31 27 sig
660 338 31 22 till
707 345 25 15 en
748 339 62 26 högst
825 339 108 27 obetydlig
945 338 33 22 del

158 367 22 23 af
202 368 52 26 &en.
285 368 158 26 Förändringen
467 367 73 22 består
561 367 105 27 nämligen
689 368 74 21 endast
783 368 51 24 deri,
850 370 38 22 att,
905 367 75 22 medan

159 397 39 21 den
218 403 28 14 nu
268 396 97 27 gällande
381 396 228 27 landtdagsordningen
625 396 114 22 tillkänner
754 398 43 20 rätt
812 398 32 20 att
859 399 50 23 taga
925 396 33 21 del
974 397 6 19 i

158 424 227 28 landtdagsmannaval
408 424 196 28 öfverhufvudtaget
627 425 74 21 endast
722 426 23 20 ät
768 425 96 27 borgare,
882 425 98 21 industri-

158 454 74 21 idkare
248 453 39 22 och
302 454 127 26 gärdsegare
444 453 5 20 i
466 454 105 24 städerna,
587 454 99 26 förslaget
698 453 124 26 innehäller,
834 456 30 19 att
875 454 106 20 valrätten

158 482 69 21 skulle
241 482 119 21 utsträckas
375 482 31 20 till
422 482 42 21 alla
480 482 25 21 de
521 482 136 21 medlemmar
672 482 21 21 af
707 482 217 24 stadskommunerna,
935 488 45 15 som

158 511 68 21 under
247 510 127 27 föregäende
394 510 182 27 taxeringsperiod
591 510 61 22 hafva
668 510 65 22 betalt
750 510 134 22 kommunala
900 510 80 28 utskyl-

160 540 43 21 der.
233 539 65 22 Detta
319 541 24 19 är
365 539 39 21 den
424 546 40 14 ena
479 539 155 26 förändringen,
651 539 39 21 den
706 539 66 21 andra
787 539 72 22 bestär
874 539 51 26 deri,
942 541 38 22 att,

159 567 66 22 orden
249 585 8 8 ,
262 569 40 20 den
325 567 133 28 gärdsegare,
481 574 44 15 som
548 570 24 19 är
594 567 110 22 frälseman
729 568 51 21 eller
800 568 39 21 hör
854 567 32 22 till
901 570 79 25 preste-

158 597 99 21 ståndet"
273 596 66 27 skola,
355 596 70 21 såsom
441 597 143 21 innebärande
599 596 107 27 undantag
722 596 46 22 från
783 596 114 22 utöfvande
907 597 23 20 af
939 596 41 21 val-

158 627 51 24 rätt,
225 625 104 22 bortfalla.
360 625 43 21 För
418 625 62 26 öfrigt
496 627 23 19 är
535 625 48 21 hela
598 625 38 27 8:n,
653 626 68 21 sävidt
734 625 37 27 jag
785 626 82 20 kunnat
877 625 104 27 uppfatta,

159 653 87 22 alldeles
262 653 132 22 oförändrad.
422 653 33 22 Nu
472 655 66 20 måste
552 654 36 26 jag
602 654 33 21 för
651 654 42 21 min
709 654 33 21 del
758 656 56 19 sätta
824 654 6 21 i
841 654 65 27 fråga,
918 654 63 21 huru-

159 683 48 21 vida
229 683 60 20 dessa
309 682 118 27 föreslagna
442 683 145 26 förändringar
602 684 36 19 äro
654 683 104 26 behöfliga
774 683 51 21 eller
840 689 37 14 ens
893 683 87 26 nyttiga.

159 711 43 21 Det
223 713 23 18 är
267 712 50 20 visst
333 713 54 22 sant,
402 713 31 18 att
449 717 74 20 genom
540 712 39 19 den
595 717 41 21 nya
651 695 271 47 kommunalförfattningen
939 711 41 20 del-

160 739 101 26 tagandet
276 740 6 20 i
298 723 274 47 kommunalförvaltningen
589 734 67 27 blifvit
671 740 105 21 utsträckt
791 739 31 21 till
838 739 61 26 långt
910 739 71 22 vidare

159 768 84 21 kretsar
263 770 26 19 än
305 767 111 22 tillförene.
447 768 64 21 Detta
527 768 38 21 har
580 768 44 21 haft
639 767 32 21 till
686 768 85 27 påföljd,
788 771 32 18 att
835 767 146 22 öfverhufvud-

159 799 59 24 taget
240 796 6 20 i
269 797 36 20 det
326 802 41 20 nya
389 796 222 21 kommunalväsendet
634 797 36 20 det
685 797 136 26 borgerskap,
837 802 45 15 som
899 796 81 21 fordom

160 825 53 26 egde
229 827 30 18 ett
274 825 153 26 öfvervägande
442 825 120 26 inflytande,
576 827 22 18 är
608 824 99 27 temligen
720 825 79 26 skjutet
809 827 22 19 åt
841 825 66 23 sidan,
920 825 61 21 hvar-

160 856 57 18 emot
239 854 172 21 embetsmännen
427 854 6 20 i
449 854 97 21 städerna
563 853 61 22 hafva
640 853 38 21 fått
694 857 30 18 ett
739 854 80 27 ganska
834 853 103 28 betydligt
952 853 29 22 in-

158 881 93 28 flytande
267 883 26 25 på
309 881 281 28 kommunalförvaltningen.
620 882 64 21 Detta
700 883 34 21 må
750 889 50 14 vara
814 882 79 27 skäligt
908 883 5 20 i
929 882 52 21 afse-

160 911 54 21 ende
233 911 12 21 å
268 911 282 26 kommunalförvaltningen,
570 917 48 15 men
634 917 25 15 en
674 917 70 15 annan
759 911 59 27 fråga
834 913 29 22 är,
879 911 102 21 huruvida

159 939 35 21 vid
216 939 186 27 borgareståndets
425 939 99 27 politiska
547 939 167 28 representation
730 940 59 22 äfven
805 946 80 16 samma
901 939 80 27 utvidg-

159 968 50 27 ning
232 971 23 19 är
276 968 89 26 behöflig
389 968 38 22 och
449 968 102 27 gagnelig.
582 968 40 26 Jag
645 968 35 22 vill
703 969 45 21 icke
764 972 57 23 säga,
837 970 32 20 att
885 969 35 21 det
936 968 46 22 icke

160 996 70 22 kuode
253 1003 50 15 vara
325 996 52 26 skäl,
400 998 32 20 att
454 998 133 26 gårdsegare,
606 1003 45 15 som
668 999 23 19 är
706 998 106 21 adelsman
829 997 51 22 eller
895 998 40 20 hör
950 997 31 21 till

160 1026 162 26 presteständet,
337 1025 70 21 kunde
424 1025 81 27 deltaga
522 1026 6 20 i
544 1026 32 20 val
592 1025 32 21 till
635 1025 181 27 borgareständet,
826 1026 42 22 ifall
880 1026 43 21 han
935 1026 46 21 icke

160 1053 49 22 ville
224 1053 43 22 läta
283 1054 30 26 sig
329 1056 156 24 representeras
499 1054 7 21 i
522 1054 26 21 de
563 1055 35 20 tvä
613 1054 67 22 andra
694 1055 97 25 stäuden,
806 1061 45 15 som
862 1054 40 22 här
911 1055 71 21 kunna

160 1082 85 21 komma
265 1082 6 20 i
291 1082 65 26 fråga,
378 1088 47 16 men
441 1084 30 19 att
488 1083 35 20 det
539 1082 143 25 öfverhufvud,
698 1083 68 21 såsom
783 1089 25 15 en
824 1083 77 21 allmän
917 1083 64 25 regel,

160 1110 68 21 skulle
244 1116 49 16 vara
308 1110 130 27 nödvändigt
454 1113 31 18 att
501 1111 106 21 förstärka
622 1110 175 28 borgareständet
813 1112 47 21 med
872 1113 31 19 ett
913 1114 68 18 större

160 1138 93 22 tillskott
275 1138 21 22 af
317 1138 280 27 embetsmannaelementer,
616 1139 41 21 kan
671 1140 37 26 jag
722 1140 46 21 icke
785 1140 62 21 finna.
877 1140 28 21 Se
921 1140 18 21 vi
955 1140 28 26 pä

160 1168 186 26 borgareständets
367 1168 189 26 sammansättning
575 1168 34 21 vid
632 1168 68 21 denna
723 1168 106 27 landtdag,
845 1169 23 21 sä
884 1168 55 22 finna
955 1168 26 26 vi,

160 1198 33 18 att
207 1196 65 21 redan
289 1202 28 15 nu
332 1197 27 20 60
375 1198 87 24 procent
477 1196 22 21 af
512 1196 186 26 borgareständets
713 1197 167 27 representation
896 1199 86 25 utgöres

158 1224 45 26 just
224 1224 22 22 af
259 1224 130 22 embetsmän
405 1225 39 21 och
460 1225 74 21 endast
549 1226 27 20 39
588 1226 26 26 !/,
629 1227 87 25 procent
732 1226 22 20 af
767 1226 160 26 näringsidkare
943 1226 38 21 och

161 1252 85 26 sådana,
268 1253 82 22 hvilkas
372 1254 134 21 verksamhet
521 1256 25 19 är
560 1254 41 21 den
616 1254 130 22 industriela.
776 1255 40 26 Jag
831 1257 45 19 tror
892 1254 32 22 för
939 1254 42 22 min

161 1282 40 26 del,
225 1284 31 19 att
273 1282 87 27 sälänge
375 1282 268 26 ständsrepresentationen
660 1283 106 26 existerar,
783 1284 35 20 det
833 1283 45 22 icke
894 1285 24 19 är
933 1290 48 20 syn-

160 1310 95 25 nerligen
278 1310 77 26 nyttigt
377 1312 30 18 att
423 1310 86 26 utvidga
524 1310 136 21 valbarheten
676 1312 26 24 pä
718 1313 32 18 ett
765 1311 75 21 sädant
856 1312 37 22 vis,
909 1313 32 19 att
956 1312 26 20 de

160 1338 147 26 ursprungliga
330 1338 96 25 element,
448 1337 74 21 hvaraf
543 1338 84 21 ständet
647 1338 39 20 har
701 1338 85 25 bestätt,
802 1338 45 22 helt
862 1338 39 22 och
917 1338 65 22 hället

160 1364 112 23 försvinna.
302 1365 40 27 Jag
364 1366 41 20 kan
429 1366 46 22 icke
491 1366 65 22 heller
571 1366 62 24 finna,
649 1368 33 19 att
697 1366 284 28 embetsmannapersonalen

160 1394 6 20 i
189 1394 99 22 städerna
310 1394 67 22 skulle
400 1400 49 16 vara
472 1396 31 19 ett
518 1395 24 22 sä
557 1394 174 29 utomordentligt
748 1396 74 27 vigtigt
836 1396 97 27 element,
950 1398 32 19 att

161 1423 116 22 detsamma
298 1423 67 22 skulle
389 1423 88 22 behöfva
499 1426 56 19 ännu
576 1423 51 22 flera
649 1427 169 24 representanter
834 1427 25 19 än
875 1425 55 22 hvad
946 1425 36 22 det

160 1453 65 21 redan
240 1459 54 20 eger.
325 1452 42 22 Det
382 1455 24 19 är
421 1452 76 26 derför,
513 1459 45 15 som
571 1453 37 26 jag
622 1459 62 16 anser
699 1454 40 21 den
754 1453 94 28 åsyftade
864 1453 117 23 förändrin-

160 1487 40 20 gen
216 1481 17 27 ej
249 1487 50 16 vara
314 1481 131 28 synnerligen
463 1481 102 27 påkallad.
