1059 1825
186 134 41 20 132
394 138 158 17 Presteståndet
566 139 54 16 1877.
645 139 25 15 23
683 138 49 16 febr.

158 208 82 26 ingripa
254 207 7 21 i
276 206 71 25 saken,
363 206 89 20 sålunda
467 205 111 27 nämligen,
595 208 31 19 att
641 206 84 21 ståndet
740 206 74 25 skulle,
830 206 53 21 efter
894 212 82 15 vunnen

158 242 108 21 noggrann
289 234 119 22 kännedom
431 240 33 15 om
487 234 186 25 sakförhällandet,
696 234 117 22 bestämma
830 234 65 27 något
910 234 67 22 landt-

158 264 130 27 dagsarvode
310 264 32 20 för
364 262 68 23 denna
454 263 55 27 gång
530 263 23 21 åt
568 263 155 21 universitetets
738 264 176 26 representanter,
929 269 48 16 men

156 294 37 27 jag
215 299 61 16 anser
299 292 84 22 ståndet
405 292 71 21 kunna
498 292 47 21 med
563 292 23 21 så
602 291 82 28 mycket
698 294 68 19 större
781 291 47 22 skäl
842 292 68 21 uttala
925 291 31 28 sig
971 292 6 20 i

158 323 72 24 saken,
246 328 45 16 som
304 321 37 27 jag
356 323 24 20 är
394 320 47 21 fulit
457 320 121 27 öfvertygad
594 327 41 19 om,
650 322 32 20 att
698 321 39 21 den
753 321 22 21 af
786 321 84 21 ståndet
882 320 96 22 uttalade

159 351 109 26 meningen
291 350 45 21 icke
359 349 52 22 skall
430 349 23 21 af
466 349 156 22 universitetets
636 349 171 27 valkorporation
822 349 155 22 underskattas.

228 408 90 21 Talaren
340 407 79 21 afbröts
435 407 39 20 här
488 413 75 20 genom
579 407 123 21 ankomsten
718 407 22 20 af
753 409 100 19 senatorn
867 407 33 21 W.
916 407 63 22 Fors-

160 443 55 20 man,
231 443 45 15 som
291 436 33 21 till
339 436 85 21 ståndet
439 435 154 22 öfverlemnade
609 435 92 27 följande
716 435 59 22 Hans
786 435 118 28 Kejserliga
914 435 65 28 Maje-

160 467 53 20 stäts
228 465 77 26 nådiga
320 463 165 28 propositioner:

228 522 40 21 N:o
292 523 26 20 27
342 521 108 27 angående
473 521 113 22 förändrad
601 520 131 27 bestämning
748 527 34 15 om
797 521 182 25 häradsrätterna;

229 579 39 22 N:o
293 579 27 22 28
343 579 107 27 angående
472 579 113 22 förändrad
605 579 68 26 grund
688 578 32 22 för
735 578 245 27 räntepersedleomsätt-

161 610 76 26 ningen
252 610 8 20 i
274 608 82 26 landet;

229 666 40 22 N:o
285 668 27 20 29
328 672 34 15 om
377 665 108 22 införande
501 665 21 21 af
536 666 58 21 skatt
608 664 32 22 för
655 664 90 26 hundar;

230 724 39 21 N:o
293 724 26 20 35
343 729 33 15 om
399 723 123 26 utvidgning
545 723 21 21 af
588 722 78 22 valrätt
688 722 39 21 och
743 722 109 21 valbarhet
866 721 32 22 till
914 722 69 20 landt-

162 753 100 26 dagsman
277 752 7 20 i
299 752 176 26 borgareständet
490 753 55 19 samt

230 809 40 21 N:o
294 810 26 20 36
342 808 108 26 angående
469 808 87 26 ändring
572 808 22 21 af
608 808 75 26 nådiga
698 807 149 27 förordningen
863 807 23 22 af
899 808 41 21 den
956 808 27 21 13

163 838 53 28 april
232 838 54 21 1874
302 844 34 15 om
352 837 110 21 valörerna
476 838 12 20 ä
504 837 100 21 Finlands
620 837 66 21 banks
701 837 124 26 sedelmynt.

232 895 68 22 Sedan
316 895 51 22 herr
381 896 100 20 senatorn
496 894 52 22 härä
564 894 85 26 afträdt,
665 894 99 22 fortsatte

231 952 111 21 Professor
360 952 136 21 Forsman
515 951 37 22 sitt
567 951 98 22 afbrutna
680 951 135 27 andragande
831 952 48 21 med
894 951 90 27 följande

164 981 47 21 ord:
237 981 50 26 ,Jag
302 981 67 20 mäste
385 980 104 27 nämligen
505 987 50 15 anse
570 980 36 21 det
621 981 68 20 säsom
706 980 45 21 helt
766 980 39 21 och
821 980 65 21 hället
902 987 24 14 en
943 980 42 21 till-

163 1009 102 28 fällighet,
281 1012 31 18 att
328 1009 34 21 vid
378 1009 90 21 nämnda
484 1009 163 25 sammanträde,
664 1008 37 21 der
716 1009 65 21 saken
797 1008 111 27 afgjordes,
918 1008 66 22 resul-

164 1040 54 19 tatet
234 1037 42 22 blef
290 1038 82 25 sädant,
388 1037 36 22 det
439 1044 29 14 nu
483 1040 30 18 är.
536 1037 42 21 Det
593 1043 37 15 var
645 1037 141 26 prejudikatet
801 1037 46 21 frän
858 1037 126 26 föregäende

163 1067 101 26 landtdag
286 1066 40 21 och
349 1066 97 26 möjligen
462 1066 84 27 frägans
561 1065 71 28 nyhet,
648 1071 44 16 som
708 1065 80 27 gjorde,
805 1067 32 20 att
852 1065 132 22 arvodesfrä-

164 1101 42 20 gan
227 1095 39 21 hos
288 1095 40 20 den
350 1095 26 20 dä
391 1094 82 26 fätaligt
488 1094 94 21 samlade
597 1093 198 28 valkorporationen
811 1094 46 21 icke
872 1101 54 14 vann
943 1093 42 22 till-

164 1123 90 26 räckligt
275 1123 77 26 gehör;
368 1123 105 21 mähända
489 1122 139 22 framställdes
644 1123 45 20 icke
705 1122 67 21 heller
787 1123 41 21 alla
844 1123 25 20 de
884 1123 46 20 skäl
946 1122 38 22 och

164 1152 99 26 grunder,
279 1158 45 15 som
340 1151 43 22 tala
398 1151 32 21 för
445 1151 113 22 ansläende
574 1151 21 21 af
609 1151 78 21 arvode
702 1151 22 21 ät
742 1151 242 26 universitetsrepresen-

164 1183 104 18 tanterne.
299 1180 37 21 Att
360 1181 34 20 det
410 1180 118 27 principielt
544 1183 23 18 är
582 1179 85 22 alldeles
683 1179 92 27 oriktigt,
792 1181 32 20 att
839 1181 145 20 universitetet

165 1211 51 19 utan
238 1209 65 27 nägot
325 1209 55 26 slags
400 1209 78 21 arvode
498 1209 83 21 skickar
596 1208 45 21 sina
656 1211 170 24 representanter
841 1208 32 21 till
888 1209 97 21 landtda-

164 1244 47 19 gen,
234 1237 60 22 äfven
317 1244 34 14 om
374 1244 47 14 man
444 1239 93 25 antager,
554 1239 31 19 att
601 1237 59 21 detta
675 1238 77 20 arvode
768 1237 46 21 icke
830 1237 90 21 behöfde
935 1244 50 14 vara

164 1266 118 21 beräknadt
304 1266 32 20 för
358 1265 120 22 aflönandet
501 1266 22 21 af
544 1266 90 21 vikarier
657 1266 38 20 och
720 1266 72 26 dylikt,
812 1272 45 15 som
876 1266 32 21 för
924 1266 61 22 dessa

164 1296 170 24 representanter
349 1294 45 21 icke
410 1294 94 21 kommer
519 1294 7 21 i
541 1294 65 27 fräga,
623 1300 61 15 anser
696 1294 37 26 jag
748 1300 50 15 vara
814 1294 98 26 temligen
922 1294 62 22 klart.

164 1322 65 22 Utom
252 1323 25 21 de
300 1322 186 27 omständigheter,
509 1329 45 15 som
577 1322 21 22 af
620 1323 78 21 doktor
720 1322 125 22 Nordström
865 1322 67 22 blifvit
948 1330 37 14 an-

164 1352 66 24 förda,
254 1351 39 21 och
316 1351 36 21 det
374 1351 54 26 ofog,
452 1351 87 21 hvarom
554 1357 49 15 man
619 1351 48 20 hört
682 1354 93 23 nämnas,
791 1353 33 19 att
838 1351 105 26 nämligen
960 1358 25 14 en

165 1379 39 21 och
220 1385 69 15 annan
304 1379 99 25 smästad,
420 1381 58 19 snart
493 1379 67 26 sagdt,
576 1379 48 21 sökt
639 1379 31 25 sig
685 1380 147 25 representant
843 1379 32 21 för
886 1379 35 21 det
934 1379 51 21 min-

164 1409 33 19 sta
213 1407 49 25 pris,
278 1406 85 22 hvarför
378 1407 26 21 de
419 1407 81 20 kunnat
515 1406 37 26 fäs,
568 1408 66 24 utom,
649 1409 61 23 säger
723 1408 43 26 jag,
782 1407 61 21 dessa
856 1407 129 27 omständig-

165 1436 66 25 heter,
248 1435 84 27 sädana,
346 1435 36 27 jag
398 1437 23 19 är
437 1435 121 27 öfvertygad
575 1436 79 26 derom,
670 1435 45 22 icke
731 1436 101 26 nägonsin
843 1436 60 21 skola
914 1436 71 21 kunna

166 1465 72 26 läggas
260 1464 146 22 universitetet
422 1464 31 22 till
468 1464 46 26 last,
530 1465 67 21 mäste
613 1464 35 21 det
663 1466 88 25 antagas
766 1465 69 21 säsom
852 1467 30 19 ett
897 1464 87 22 faktiskt

165 1493 138 27 förhällande,
326 1495 32 20 att
381 1500 24 14 en
428 1494 77 26 mängd
522 1500 99 20 personer
636 1493 64 21 bland
716 1494 25 21 de
757 1494 167 26 valberättigade
940 1494 45 21 der-

166 1523 83 27 igenom
268 1522 67 23 blefve
352 1522 105 22 uteslutna
472 1522 46 22 frän
534 1522 133 28 möjligheten
683 1525 31 19 att
730 1522 44 23 läta
789 1522 54 28 välja
858 1523 38 28 sig,
912 1525 22 26 ty
950 1523 36 22 det
