1053 1798
184 132 41 21 522
388 137 158 18 Presteståndet
559 138 52 17 1877.
635 138 26 17 20
674 138 58 21 april

155 207 34 20 att
211 206 35 20 det
268 205 113 22 historiska
403 205 38 21 och
464 206 26 21 de
513 206 112 21 historiska
643 206 117 21 intressena
776 206 86 27 specielt
877 206 6 20 i
899 207 73 20 foster-

156 233 74 22 ländsk
254 233 93 26 historie,
363 239 45 15 som
423 233 132 28 naturligtvis
571 235 91 20 närmast
677 235 45 20 står
737 235 6 20 i
758 234 151 27 sammanhang
925 235 46 21 med

157 261 40 22 den
218 261 110 22 inhemska
350 261 127 28 arkeologin,
500 262 17 27 ej
541 265 37 18 äro
599 269 37 14 ens
658 263 23 21 så
702 263 83 26 mycket
800 263 171 27 representerade

155 296 46 16 som
220 291 39 20 den
274 292 57 19 rätta
346 291 149 26 proportionen
511 290 38 22 här
564 291 67 21 skulle
646 291 78 21 fordra.
753 291 39 27 Jag
807 291 41 21 kan
864 291 17 27 ej
898 291 74 22 under-

155 318 43 22 låta
213 321 32 19 att
260 321 83 24 nämna,
359 321 37 24 att,
413 319 26 22 då
454 320 5 20 i
475 319 239 27 vetenskapssocieteten
723 319 32 22 för
768 314 47 37 icke
816 321 75 26 många
902 321 70 21 måna-

156 347 38 22 der
218 347 64 22 sedan
298 347 101 27 föreslogs
415 349 32 20 att
461 349 69 21 såsom
546 348 89 21 medlem
651 348 78 21 inkalla
744 348 32 22 till
792 348 145 21 förstärkande
952 349 23 21 af

157 376 26 21 de
204 376 113 21 historiska
339 376 108 21 krafterna
470 383 25 15 en
518 377 22 20 af
554 377 82 21 landets
651 379 55 20 mest
720 377 141 22 framstående
877 377 96 22 historie-

155 405 101 26 forskare,
279 405 83 21 hvilken
384 405 67 21 tillika
466 407 24 20 är
505 405 109 27 arkeolog;
630 405 41 21 han
687 406 140 21 utvoterades.
857 406 40 26 Jag
913 412 61 16 anser

155 433 239 27 vetenskapssocieteten
417 434 18 26 ej
459 435 26 25 på
507 434 64 26 något
594 433 29 22 vis
645 433 85 28 lämplig
752 433 32 22 till
807 437 31 18 att
858 435 61 20 sköta
935 434 38 22 och

156 461 71 27 vårda,
243 462 93 21 hvarken
352 462 25 21 de
392 461 108 22 inhemska
516 462 113 21 historiska
645 462 51 21 eller
707 463 25 20 de
743 462 146 27 arkeologiska
899 463 73 21 intres-

155 491 72 48 fena
242 490 72 21 landet
330 491 38 20 och
383 490 68 27 hyllar
465 491 86 21 alldeles
567 490 105 22 bestämdt
688 491 35 21 det
738 490 69 22 beslut
818 491 156 27 presteståndet

157 519 39 20 har
218 521 61 18 fattat.

224 575 82 21 Doktor
322 575 187 22 Calamnius:
534 575 68 22 Afven
618 575 34 27 jag
667 576 48 21 ville
732 576 96 27 afstyrka
843 577 131 26 antagandet

155 604 24 21 af
192 604 147 26 ridderskapet
354 604 39 21 och
409 604 72 21 adelns
491 604 124 27 inbjudning
625 604 100 21 särskildt
736 605 53 21 hvad
801 605 99 21 beträffar
911 607 63 20 stats-

156 632 138 27 arkeologens
310 633 130 21 anställande
449 633 33 20 vid
491 633 249 26 vetenskapssocieteten,
749 633 85 26 hvilket,
846 633 69 22 säsom
926 640 48 21 pro-

155 662 67 21 fessor
237 662 101 20 Forsman
355 661 63 21 redan
435 661 39 21 har
489 662 69 26 utlagt
573 663 23 20 är
611 668 26 14 en
653 662 71 21 dertill
736 662 127 27 fullkomligt
874 663 99 26 olämplig

155 690 127 25 institution,
306 690 26 21 dä
355 691 94 20 deremot
465 691 35 20 det
515 696 61 21 synes
592 691 41 26 mig
649 690 69 21 säsom
735 691 60 21 id6en
810 697 34 15 om
860 697 25 15 en
901 692 73 21 arkeo-

156 719 68 26 logisk
239 719 137 20 kommission
391 725 50 14 vore
457 719 92 21 särdeles
565 719 80 26 lyckad.

224 775 97 21 Doktorn
340 775 162 27 Hornborg
517 775 39 22 och
572 776 105 26 professor
718 782 94 15 Donner
827 776 101 21 förenade
943 777 32 26 sig

156 803 7 21 i
177 803 42 22 allo
236 804 47 21 med
298 803 107 28 professor
420 803 103 22 Forsman
539 804 39 21 och
594 804 76 21 doktor
685 804 127 21 Calamnius.

223 861 11 20 I
249 861 110 20 enahanda
375 861 108 20 uttalande
498 861 100 21 förenade
613 860 31 27 sig
660 861 40 21 ock
715 861 48 22 hela
774 861 90 27 ståndet,
876 862 97 22 hvarföre

157 889 41 21 den
220 889 22 21 af
260 889 147 27 ridderskapet
428 889 39 21 och
483 890 61 21 adeln
559 890 75 27 gjorda
649 889 151 29 inbjudningen
815 890 27 28 på
857 891 50 21 herr
921 892 54 20 tal-

157 924 123 16 mannens
312 918 156 27 framställning
483 918 102 28 enhälligt
600 918 137 22 förkastades.

224 976 106 22 Skolande
353 976 155 22 underrättelse
529 976 73 22 härom
618 976 26 27 på
661 976 70 27 vanlig
746 978 40 26 väg
801 976 98 22 bemälda
913 977 62 21 stånd

156 1004 106 22 äfvensom
278 1004 26 22 de
320 1004 67 27 öfriga
402 1004 137 22 medstånden
555 1005 112 21 meddelas.

224 1148 119 25 Föredrogs
363 1147 106 27 professor
491 1148 98 21 Donners
610 1148 34 21 vid
660 1150 82 19 senaste
757 1148 84 27 plenum
857 1148 118 27 bordlagda

156 1176 79 27 förslag
256 1182 34 15 om
306 1176 112 27 tryckning
432 1176 23 21 af
467 1176 117 22 relationen
600 1182 34 16 om
649 1177 141 21 statsverkets
804 1177 100 27 ställning
920 1177 53 21 1811

158 1205 81 21 —1863
264 1205 108 21 äfvensom
396 1205 105 21 särskilda
526 1205 91 21 ärenden
642 1204 46 22 från
714 1205 127 27 föregående
867 1206 107 27 landtdag.

156 1232 110 28 Förslaget
288 1232 122 27 godkändes
432 1233 101 27 enhälligt
554 1236 51 18 utan
629 1234 117 21 diskussion
770 1234 39 22 och
828 1234 146 22 remitterades

157 1262 32 21 till
205 1262 166 21 statsutskottet.

225 1391 119 27 Föredrogs
359 1391 39 22 och
411 1391 114 22 bordlades
537 1391 213 22 ekonomiutskottets
764 1392 133 22 betänkande
910 1399 34 15 n:o
956 1395 19 24 7,

158 1421 7 20 i
179 1420 114 27 anledning
308 1420 24 21 af
345 1420 76 27 nådiga
435 1421 158 26 propositionen
609 1427 34 15 n:o
660 1421 34 26 29,
710 1427 34 15 om
760 1420 109 23 införande
885 1421 22 22 af
918 1422 57 22 skatt

156 1449 28 27 pä
199 1449 88 22 hundar.
