1064 1798
324 115 160 19 Presteständet
496 117 53 17 1877.
574 118 12 16 6
598 117 50 17 febr.
843 113 27 21 47

143 184 130 27 Förklarligt
294 186 24 19 är
341 184 89 25 derföre,
454 187 32 20 att
508 186 86 21 skolans
613 186 89 26 styrelse
716 192 75 22 genom
808 187 90 21 sålunda

74 218 83 15 vunnen
173 212 122 22 erfarenhet
310 212 72 22 leddes
397 214 32 21 till
446 216 47 23 den,
508 214 48 21 med
572 214 84 26 hänsigt
671 214 33 22 till
716 215 116 21 individens
844 216 54 21 bild-

74 240 57 26 ning,
147 240 156 27 otvifvelaktigt
317 242 79 25 riktiga
408 242 87 27 åsigten,
506 244 32 19 att
548 243 248 27 undervisningsspråket
807 244 7 20 i
824 244 73 26 hvarje

74 268 99 22 läroverk
195 269 66 21 borde
277 270 158 26 genomgående
450 277 51 14 vara
516 273 28 18 ett
560 270 38 21 och
614 271 124 23 detsamma,
754 274 55 18 samt
824 272 6 20 i
846 272 51 26 följd

74 296 63 21 häraf
155 297 39 20 hos
209 297 59 21 Hans
284 298 118 26 Kejserliga
417 298 101 26 Majestät
532 299 117 21 utverkade
664 299 76 27 nådiga
756 300 141 26 kungörelsen

75 324 22 22 af
111 324 39 22 den
166 325 28 21 30
209 325 114 21 november
340 326 60 21 1871.

143 353 49 21 Men
207 354 36 20 det
257 353 56 22 visar
329 354 32 26 sig
376 354 44 24 här,
436 354 69 22 såsom
521 354 7 22 i
543 354 23 22 så
581 355 76 27 många
672 355 67 21 andra
754 355 44 27 fall,
813 357 33 20 att
860 356 37 22 det

74 383 25 19 är
120 382 78 21 lättare
220 384 33 19 att
274 383 108 26 uppställa
404 389 25 15 en
454 384 63 26 rigtig
537 384 95 26 premiss,
654 385 26 19 än
696 386 32 19 att
743 384 96 27 uppbära
854 385 42 21 alla

74 410 61 22 deraf
154 410 93 27 följande
262 410 162 28 konseqvenser.
454 412 39 21 Om
508 412 248 27 undervisningsspråket
771 415 25 19 är
810 415 31 19 ett
857 413 39 21 och

75 439 119 21 detsamma
215 440 74 21 skolan
311 440 90 26 igenom,
424 440 68 22 måste
508 441 133 27 naturligtvis
656 442 31 20 uti
702 442 47 21 vårt
764 442 49 21 land
828 442 69 21 finska

75 468 40 21 och
137 468 90 21 svenska
248 468 99 22 läroverk
369 469 7 21 i
398 470 85 20 rättvist
498 469 131 22 förhållande
644 469 68 22 finnas
726 472 33 19 att
774 470 66 26 tillgå,
856 471 40 21 och

75 496 36 21 det
132 496 23 21 så
177 496 84 27 mycket
283 504 65 17 mera,
368 504 45 15 som
436 498 25 21 de
476 498 66 26 högre
557 498 185 24 läroanstalterne,
758 499 64 21 sedan
837 500 59 26 lägre

75 524 217 22 elementarskolorna
315 525 68 22 blifvit
404 526 110 26 indragna,
537 527 61 21 stöda
616 527 32 25 sig
662 527 28 26 på
706 527 40 21 den
761 528 77 20 endast
853 534 43 14 mo-

74 553 114 21 dersmålet
209 554 86 22 talande
316 554 132 22 folkskolans
463 556 127 25 föregående
604 556 141 20 verksamhet.
776 556 65 22 Detta
856 556 40 21 har

74 582 61 22 äfven
150 582 23 21 af
186 582 85 22 skolans
287 584 89 26 styrelse
391 583 68 22 blifvit
474 584 23 20 så
512 584 82 21 tillvida
609 584 96 26 erkändt,
721 590 45 16 som
783 584 35 22 det
828 584 68 22 finska

73 610 121 22 läroverket
216 611 7 21 i
245 611 84 27 Kuopio
348 612 40 21 fått
404 612 92 27 gvarstä,
510 612 64 27 jemte
590 613 26 21 de
632 612 58 22 äldre
704 612 8 22 i
727 613 115 27 Jyväskylä
857 613 39 22 och

73 639 101 26 Joensuu,
190 640 39 20 och
245 642 40 19 den
300 640 104 27 indragna
418 640 68 22 finska
502 641 132 27 afdelningen
650 642 34 20 vid
700 641 132 22 härvarande
848 648 48 15 nor-

73 668 105 50 Taina
197 668 69 22 blifvit
289 671 67 19 ersatt
377 676 75 20 genom
476 672 30 19 ett
527 670 64 21 finskt
612 670 166 27 normallyceum
800 670 6 21 i
829 670 67 22 Tava-

73 698 81 20 stehus.

142 726 50 20 Man
207 726 101 21 behöfver
323 726 65 22 likväl
403 726 75 22 endast
492 727 62 21 kasta
569 734 25 15 en
610 727 56 21 blick
682 727 27 27 pä
724 727 100 22 Finlands
834 727 62 22 karta

73 754 40 22 och
132 754 141 28 ihägkomma,
297 757 32 19 att
348 755 36 21 det
399 756 68 21 finska
482 756 75 22 barnet
572 762 88 15 numera
675 758 23 19 är
714 756 45 22 helt
774 756 39 21 och
828 756 68 22 hället

73 784 102 21 uteslutet
194 783 47 22 frän
261 784 40 21 den
317 784 91 22 svenska
422 784 81 27 skolan,
519 785 33 21 för
566 787 33 19 att
613 785 51 27 inse,
680 785 7 21 i
702 785 55 21 huru
772 786 60 26 ringa
847 786 49 21 män

73 812 26 22 de
121 812 33 21 för
175 812 84 22 handen
281 814 93 20 varande
395 812 67 22 finska
484 814 98 26 lyceerna
603 814 72 20 kunna
690 813 154 22 tillfredsställa
860 814 36 21 det

72 840 69 22 finska
155 840 78 22 folkets
247 841 38 21 allt
301 848 59 14 mera
374 842 98 26 stegrade
487 842 175 27 bildningsbehof.
693 842 33 26 Ja,
742 842 35 21 det
792 842 44 21 kan
848 842 48 21 med

69 869 58 27 fullt
149 870 47 20 skäl
218 871 68 25 sägas,
300 872 34 18 att
349 870 35 21 det
399 870 68 22 finska
482 871 82 26 barnet,
580 871 89 21 oaktadt
684 870 98 22 tillvaron
798 871 23 21 af
834 871 62 21 dessa

72 898 77 27 lyceer,
167 905 28 14 nu
217 898 33 21 för
265 898 59 22 tiden
339 898 39 21 har
391 898 153 28 jemförelsevis
559 900 81 21 mindre
655 899 66 27 utsigt
736 901 39 24 att,
791 900 47 21 med
854 900 42 21 den

73 926 108 27 offentliga
203 927 85 21 skolans
312 927 90 26 biträde,
424 928 27 21 nä
474 928 152 25 universitetet,
650 930 26 19 än
696 928 33 21 för
745 928 150 22 århundraden

72 954 96 27 tillbaka,
185 955 27 21 dä
227 955 129 22 latinskolan
372 956 32 21 för
419 956 118 21 detsamma
552 957 97 26 öppnade
664 957 45 20 sina
725 956 81 21 dörrar.

141 983 70 22 Sedan
234 984 35 21 det
290 984 69 21 finska
374 985 238 21 elementarläroverket
626 985 7 20 i
648 985 107 27 Uleäborg
770 985 68 21 blifvit
853 985 42 22 för-

73 1013 102 20 vandladt
190 1012 31 21 till
237 1015 32 19 ett
283 1013 86 21 svenskt
384 1013 88 28 lyceum,
489 1016 24 19 är
527 1013 48 22 hela
590 1013 118 28 Uleäborgs
721 1013 130 22 vidsträckta
862 1013 34 22 län

73 1041 48 21 med
143 1041 33 21 sin
199 1041 44 22 helt
265 1041 40 22 och
328 1042 67 21 hället
415 1041 70 22 finska
508 1042 122 27 befolkning
645 1042 39 21 och
700 1043 46 20 sina
761 1043 135 21 uteslutande

73 1069 69 22 finska
163 1069 118 22 folkskolor
303 1071 6 20 i
332 1071 102 21 afsaknad
457 1071 22 21 af
500 1073 30 19 ett
548 1071 104 26 läroverk,
669 1077 45 15 som
730 1071 33 21 för
778 1072 36 20 det
828 1071 68 22 finska

73 1098 77 22 barnet
170 1099 71 21 kunde
262 1100 71 26 öppna
355 1100 93 21 tillträde
469 1100 31 21 till
516 1100 108 21 studierna
640 1099 33 22 vid
689 1099 152 27 universitetet,
857 1100 40 21 och

73 1127 68 22 likaså
155 1127 110 28 förhåller
273 1128 36 21 det
324 1128 32 25 sig
371 1129 54 24 med
433 1123 47 26 Åbo
497 1129 39 20 och
550 1129 151 26 Björneborgs,
717 1128 31 21 S:t
758 1129 88 20 Michels
857 1128 40 21 och

74 1155 99 27 Wiborgs
188 1155 41 22 län.
251 1156 67 21 Äfven
333 1156 94 27 Nylands
442 1157 35 21 län
492 1157 40 21 och
548 1157 86 21 dermed
649 1157 156 21 hufvudstaden
821 1157 75 26 skulle,

73 1184 66 21 sedan
153 1183 69 22 finska
236 1184 136 28 afdelningen
386 1185 35 21 vid
437 1185 158 22 normaiskolan
611 1185 68 21 blifvit
694 1185 108 27 indragen,
816 1186 81 26 nödgas

73 1213 95 21 undvara
191 1215 32 19 ett
242 1213 65 27 högre
331 1213 64 22 finskt
416 1214 106 26 läroverk,
544 1214 24 21 sä
591 1214 48 21 vida
661 1214 19 27 ej
696 1214 36 21 det
746 1213 69 22 finska
830 1214 66 21 folket

75 1241 60 27 djupt
157 1242 58 26 känt,
237 1243 32 20 att
285 1244 30 19 ett
331 1242 76 21 sädant
422 1243 133 20 förhällande
570 1249 38 14 var
623 1242 112 27 oförenligt
751 1243 47 20 med
814 1243 83 20 landets

73 1270 112 26 värdighet
201 1270 38 21 och
255 1276 66 15 sanna
336 1271 95 26 intresse,
447 1271 39 21 och
502 1271 82 21 derföre
600 1271 90 21 medelst
704 1277 121 20 gemensam
843 1277 53 20 upp-

75 1298 75 27 offring
171 1298 111 21 härstädes
296 1299 115 27 grundlagt
426 1301 31 20 ett
472 1299 133 27 fullständigt
620 1300 213 21 elementarläroverk
848 1299 49 22 med

73 1326 69 21 finska
156 1327 33 21 till
204 1327 232 27 undervisningsspräk.

142 1355 34 21 Dä
198 1356 20 21 vi
239 1355 117 28 framlägga
377 1357 61 21 dessa
460 1356 186 22 sakförhällanden
666 1356 33 21 till
714 1357 36 21 det
765 1356 132 27 högvördiga

74 1384 169 27 prestaständets
264 1385 144 26 behjertande,
429 1386 93 25 glömma
544 1385 20 21 vi
586 1385 26 27 ej,
628 1387 33 18 att
676 1385 59 21 detta
750 1385 74 21 ständs
839 1385 58 21 med-

74 1413 89 21 lemmar
178 1413 87 20 tillhöra
280 1413 36 21 det
331 1413 68 21 finska
413 1413 67 22 folket
496 1414 18 26 ej
530 1414 56 21 blott
601 1414 69 21 säsom
686 1413 69 22 lärare
766 1413 39 22 och
818 1413 78 25 ledare,

74 1442 52 19 utan
149 1441 40 20 ock
210 1440 69 21 såsom
302 1441 145 27 medborgare,
470 1443 55 19 samt
546 1443 33 19 att
599 1441 90 26 mången
711 1441 66 21 bland
793 1442 53 22 dem,
861 1441 36 20 vid

74 1469 79 21 tanken
175 1469 28 26 pä
221 1475 53 20 egna
288 1469 60 25 barn,
364 1471 122 19 smärtsamt
501 1470 81 21 känner
597 1469 80 21 bristen
692 1469 28 26 pä
734 1469 68 21 finska
817 1469 79 21 skolor.

73 1497 28 22 Vi
123 1497 54 28 våga
197 1497 84 22 derföre
296 1498 48 21 med
358 1497 24 22 sä
396 1498 85 27 mycket
496 1499 68 21 större
579 1497 108 27 tillförsigt
702 1497 122 28 ödmjukast
838 1497 58 22 hem-
