1061 1786
195 129 28 20 44
412 134 159 17 Presteståndet
584 135 53 16 1877.
661 134 12 16 6
686 133 49 17 febr.

168 203 35 20 det
226 203 133 26 berättigade
380 202 53 24 häri,
456 204 33 19 att
507 203 52 20 söka
578 203 166 26 tillbakatränga
759 201 60 21 detta
834 201 65 26 begär
913 206 50 16 vore
978 200 7 21 i

168 231 88 26 sanning
275 237 44 14 mer
341 233 27 19 än
388 231 111 26 orättvisa;
522 233 22 25 ty
567 231 37 21 det
625 237 50 15 vore
695 232 33 19 att
743 231 63 20 döma
821 230 59 21 detta
894 229 44 22 folk
953 228 32 21 till

168 259 83 26 andelig
266 259 91 22 träldom
372 259 40 21 och
428 260 61 21 deraf
501 259 91 27 följande
608 259 72 26 slutlig
694 259 114 21 förintelse.

236 287 80 22 Sådant
331 288 67 21 måste
408 289 34 20 väl
452 294 87 15 numera
549 294 61 15 anses
622 288 57 26 ligga
688 289 58 20 utom
758 287 147 26 möjlighetens
915 288 70 24 gräns.

168 316 48 21 Men
232 316 35 21 det
282 316 77 21 saknas
374 316 64 21 likväl
453 316 46 21 icke
515 318 74 25 röster,
608 322 46 16 som
668 315 95 22 förklara
778 316 36 20 det
828 314 67 22 finska
909 314 78 22 folkets

168 351 37 20 rop
227 345 28 26 på
277 351 72 19 ,mera
371 344 50 28 ljus"
443 344 34 22 för
500 345 151 26 oberättigadt,
664 345 23 26 ja
702 344 32 22 till
750 344 39 22 och
805 344 47 21 med
868 344 53 21 söka
935 345 52 25 göra

168 374 36 20 det
225 374 125 25 misstänkt;
372 372 39 22 och
425 374 49 20 med
489 374 133 21 bedröfvelse
636 373 67 21 finner
718 380 48 14 man
782 374 33 20 att
829 372 75 28 sjelfva
918 372 69 21 öfver-

168 402 103 27 styrelsen
293 402 34 21 för
341 402 83 21 landets
439 402 137 22 skolväsende
591 402 128 22 åtminstone
734 402 33 21 till
782 401 68 27 någon
866 401 34 21 del
915 401 72 21 anslu-

168 431 27 21 tit
209 431 32 26 sig
255 430 33 22 till
303 430 69 22 denna
386 430 90 28 mening,
492 431 28 21 då
534 432 120 21 densamme
669 432 6 20 i
692 436 25 16 en
732 431 83 27 nyligen
831 429 156 27 offentliggjord

169 459 75 21 officiel
266 459 110 22 skrifvelse
399 460 78 21 uttalat
500 460 40 21 den
558 460 60 27 åsigt,
634 461 32 19 att
682 466 25 15 en
722 461 70 20 större
807 458 146 26 utsträckning
967 457 21 22 af

168 488 93 21 finskans
277 488 54 21 bruk
346 488 69 22 såsom
430 488 224 27 undervisningsspråk
671 488 31 22 uti
717 488 40 21 den
773 488 65 26 högre
854 487 73 22 skolan
942 487 46 21 icke

168 516 71 22 kunde
255 522 71 19 ,anses
340 516 90 28 förenlig
445 518 47 20 med
508 517 109 27 odlingens
631 517 95 27 verkliga
740 517 106 21 intresse".

237 546 78 26 Dylika
330 546 78 26 åsigter
422 552 39 21 ega
472 558 27 3 —
510 546 19 21 vi
544 548 36 20 äro
594 546 72 22 derom
678 546 136 27 öfvertygade
825 558 27 3 —
863 545 45 21 icke
919 550 68 16 annan

169 574 74 27 grund,
259 576 27 20 än
302 574 145 22 missförstånd
463 575 40 21 och
518 576 81 20 mindre
614 575 63 26 rigtig
691 574 136 27 uppfattning
842 574 23 21 af
873 573 116 22 bestående

169 602 154 22 förhållanden.

238 631 42 22 Det
301 631 68 22 finska
390 631 77 22 folkets
489 632 91 26 anspråk
598 634 32 19 att
645 632 62 21 vinna
723 633 69 20 större
808 631 34 21 del
857 631 7 21 i
880 631 39 21 den
934 630 55 21 bild-

169 660 56 27 ning,
241 666 46 16 som
302 660 65 22 sedan
382 660 70 22 sekler
467 661 87 21 tillbaka
570 661 62 27 slagit
647 663 34 18 rot
696 660 39 22 och
751 661 72 20 vunnit
838 660 75 27 stadga
925 659 7 21 i
941 659 48 22 vårt

169 689 56 26 land,
241 691 37 19 äro
294 689 46 22 icke
355 689 111 27 tillfälliga,
482 691 52 20 utan
549 695 25 16 en
590 689 119 28 nödvändig
724 689 52 27 följd
791 689 23 21 af
824 689 49 21 hela
883 689 41 21 den
935 687 54 22 före-

169 717 81 28 gående
271 718 115 22 historiska
407 719 159 26 utvecklingen;
583 719 36 21 det
630 718 96 28 fordrar
741 718 19 27 ej
776 718 67 21 heller
858 719 65 20 annat
937 717 52 21 eller

169 753 64 20 mera,
249 749 26 19 än
291 747 56 22 hvad
361 747 132 27 rättvisligen
509 748 41 21 kan
566 747 39 22 och
620 747 40 21 bör
675 747 93 22 tilldelas
783 747 124 21 detsamma.

238 776 128 27 Visserligen
388 776 40 21 har
447 776 60 21 detta
528 776 44 22 folk
595 776 45 22 haft
660 778 32 19 att
707 776 61 21 bestå
783 782 26 15 en
824 775 50 22 svår
889 775 53 22 strid
957 775 33 21 för

170 805 32 21 sin
224 804 91 22 tillvaro.
345 805 41 21 Det
400 805 40 21 har
454 805 46 21 icke
516 805 54 22 blott
586 805 90 26 nödgats
691 805 105 26 bekämpa
810 811 26 14 en
851 804 53 27 karg
919 805 70 24 natur,

170 837 51 18 utan
244 833 39 22 ock
306 834 48 21 med
376 834 38 21 sitt
437 834 50 21 blod
507 833 138 28 mångfaldigt
660 834 70 21 utlösa
745 833 197 26 besittningsrätten
957 833 33 20 till

170 862 33 21 sin
224 869 73 20 magra
319 862 75 22 torfva.
424 862 49 22 Men
488 863 63 21 likväl
567 863 62 22 hafva
644 862 26 21 de
684 869 45 15 mer
744 864 27 20 än
786 863 84 26 mycket
885 861 106 27 misstagit

171 891 37 27 sig,
224 891 72 21 hvilka
311 893 59 24 trott,
386 893 32 19 att
433 892 123 25 detsamma,
572 892 67 21 under
654 892 83 26 trycket
752 891 22 21 af
785 891 62 21 dessa
857 891 81 26 vidriga
948 890 43 20 för-

171 919 120 26 hållanden,
312 920 89 21 förlorat
424 920 59 21 sinne
499 920 33 21 för
547 920 44 26 allt,
607 922 59 20 utom
682 926 110 21 omsorgen
809 919 32 21 för
856 919 35 21 det
907 918 84 28 dagliga

172 948 82 26 brödet,
269 948 40 22 och
327 948 41 22 den
387 950 62 22 tröst,
464 949 114 27 religionen
594 949 92 21 skänker
701 948 123 22 menniskan
840 948 67 22 under
922 948 69 21 lifvets

171 977 129 27 pröfningar,
323 978 39 20 och
383 977 28 27 på
428 978 66 20 sådan
509 978 67 26 grund
592 978 110 24 förmenat,
717 979 33 19 att
764 977 50 21 dess
828 976 85 27 andliga
928 975 65 23 behof

171 1006 46 22 icke
232 1006 94 21 sträckte
341 1006 32 26 sig
387 1006 84 22 utöfver
486 1006 110 25 ,ekonomi
612 1006 39 22 och
666 1006 150 22 kristendom”.

240 1036 38 20 Att
299 1035 36 21 det
354 1034 68 22 finska
444 1034 72 26 folket,
538 1036 33 21 för
592 1038 32 19 att
647 1035 70 21 kunna
738 1037 50 25 taga
804 1034 33 22 del
852 1035 7 21 i
875 1034 36 22 det
925 1034 66 27 högre

172 1064 166 21 kultur-arbetet
352 1064 7 20 i
375 1063 46 21 vårt
436 1064 56 26 land,
508 1064 89 27 nödgats
612 1064 74 26 afsäga
700 1064 32 27 sig
746 1064 38 21 sitt
799 1067 48 23 eget
856 1063 71 27 språk,
939 1063 53 21 ökar

172 1093 75 21 endast
269 1093 36 21 det
327 1092 67 22 hårda
412 1092 39 22 och
467 1093 100 21 orättvisa
582 1093 6 21 i
604 1095 31 19 ett
650 1093 76 21 sådant
741 1092 103 27 omdöme,
861 1098 47 16 men
921 1092 70 27 jäfvar

172 1122 19 26 ej
207 1121 111 22 historiens
334 1121 138 26 vittnesbörd,
487 1122 94 21 minskar
596 1122 18 26 ej
630 1122 66 21 heller
711 1122 125 26 förtjensten
849 1122 38 20 hos
898 1121 25 21 de
935 1122 56 24 män,

172 1150 72 22 hvilka
265 1150 71 27 utgått
351 1156 25 15 ur
390 1150 48 21 dess
453 1150 60 22 sköte
528 1150 39 22 och
582 1150 115 22 förvärfvat
712 1151 32 26 sig
758 1150 93 26 anspråk
866 1150 27 26 på
908 1150 84 21 landets

172 1179 129 26 everldeliga
315 1178 139 21 tacksamhet.

241 1207 41 21 Det
303 1213 38 14 var
361 1207 8 20 i
389 1206 74 27 sjelfva
485 1207 73 21 verket
573 1213 25 16 en
614 1209 45 18 stor
674 1207 67 26 lycka,
758 1213 25 14 en
798 1206 112 21 oskattbar
925 1206 67 27 försy-

172 1241 52 16 nens
247 1235 108 24 skickelse,
378 1238 32 19 att
432 1235 75 21 latinet
522 1236 33 20 vid
572 1236 39 21 den
627 1235 37 25 tid,
680 1235 27 21 då
723 1235 35 21 det
774 1235 67 21 finska
856 1235 67 21 folket
939 1235 53 21 först

172 1264 76 21 trädde
271 1264 6 21 i
300 1263 98 27 beröring
413 1263 48 22 med
477 1264 38 21 den
531 1264 173 26 vesteuropeiska
719 1263 160 26 civilisationen,
895 1269 37 15 var
947 1263 46 21 kul-

173 1294 72 19 turens
261 1292 39 21 och
315 1292 85 21 skolans
414 1298 156 21 gemensamma
584 1291 71 28 språk,
671 1292 121 21 oberoende
802 1291 23 21 af
834 1291 39 22 den
883 1291 110 22 nationela

173 1321 113 20 olikheten.
316 1320 30 25 Ty
367 1321 123 25 härigenom
510 1321 72 25 intogo
604 1321 95 20 finnarne
721 1320 55 20 ifrån
798 1320 73 25 början
896 1326 26 14 en
944 1320 48 20 med

173 1347 69 27 öfriga
256 1348 51 25 folk,
329 1347 39 21 och
382 1348 102 21 särskildt
499 1348 47 21 med
561 1349 37 20 det
612 1348 96 23 svenska,
720 1347 135 26 jemnbördig
870 1347 101 27 ställning
985 1348 8 20 i

173 1376 132 21 förhållande
320 1375 32 22 till
367 1376 142 27 vetenskapen
524 1376 39 21 och
578 1377 41 21 den
634 1376 65 25 högre
713 1376 123 27 bildningen
847 1375 145 22 öfverhufvud.

173 1405 44 21 Den
234 1405 93 21 latinska
342 1404 74 22 skolan
431 1405 48 21 stod
494 1405 69 21 likaså
578 1407 68 25 öppen
662 1405 32 21 för
709 1405 37 22 det
760 1404 75 27 finska,
850 1411 45 15 som
911 1405 33 21 för
957 1405 36 21 det

172 1434 90 21 svenska
282 1434 82 26 barnet,
382 1433 39 22 och
437 1433 36 22 det
488 1433 92 22 berodde
595 1434 75 21 endast
685 1433 22 22 af
721 1433 32 22 flit
768 1433 40 22 och
822 1433 84 28 andelig
921 1433 72 27 begäf-

173 1463 56 26 ning,
251 1462 104 22 huruvida
376 1463 36 21 det
426 1469 40 15 ena
480 1463 52 21 eller
546 1463 66 21 andra
627 1462 68 21 skulle
709 1465 51 24 taga
774 1462 104 27 försteget
892 1463 39 22 och
947 1463 46 21 der-

173 1491 83 27 igenom
271 1491 63 21 vinna
349 1497 26 15 en
389 1490 142 23 framstående
546 1492 56 26 plats
617 1491 57 21 inom
690 1491 67 27 kyrka
772 1491 52 22 eller
838 1493 49 20 stat.
