1061 1781
323 120 159 18 Presteståndet
495 123 52 17 1877.
571 122 22 16 13
606 126 60 12 mars.
832 117 41 20 237

85 191 96 26 ändring,
204 190 91 21 hvarhos
317 190 146 21 betänkandet
478 191 6 20 i
500 191 62 26 öfrigt
577 190 78 26 bifölls,
671 193 55 18 samt
741 193 31 19 att
788 191 54 20 hvad
858 192 44 19 sär-

86 219 65 21 skildt
173 219 65 26 angår
260 219 39 21 den
322 219 67 21 finska
408 221 73 19 texten
497 219 6 20 i
519 219 144 21 betänkandet
678 219 44 21 deri
738 221 57 24 göra,
810 221 91 19 förutom

85 247 66 22 redan
174 248 111 20 anmärkta
303 247 120 27 ändringar,
439 247 91 27 följande
546 247 73 26 tillägg
635 247 39 21 och
689 247 212 21 redaktionsförbätt-

85 276 78 27 ringar,
185 275 116 27 nämligen:
324 278 32 19 att
378 276 31 20 uti
432 276 6 27 $
455 276 12 20 2
482 276 67 21 andra
562 277 65 20 raden
639 276 52 21 efter
702 276 69 21 ordet:
786 275 116 25 ,tutkivat'*

85 305 79 20 insätta
187 304 72 21 ordet:
281 304 143 27 ,yhteisesti'',
441 304 115 27 hvarjemte
571 304 163 26 benämningen:
750 304 151 26 ,,postinviejä"'

85 332 26 27 på
127 333 62 26 sjette
205 333 65 21 raden
286 333 39 21 och
347 333 104 25 öfverallt,
468 333 38 20 der
521 333 35 21 det
570 333 147 24 förekommer,
734 332 67 21 skulle
816 333 86 27 utbytas

84 364 44 19 mot
144 361 116 27 uttrycket:
276 362 83 27 ,,postin
374 361 131 27 kuljettaja'',
522 361 106 22 äfvensom
644 361 12 21 å
669 367 44 20 pag.
726 362 26 21 10
762 361 63 22 femte
837 361 64 21 raden

85 390 77 21 orden:
184 406 5 9 ,
191 392 138 25 määrätystä
352 391 116 20 summasta
489 391 18 20 ei
527 391 40 20 alle
583 391 41 20 400
639 390 122 26 markkaa'',
778 390 76 21 ändras
870 390 32 21 till

85 435 4 10 y
92 420 80 25 määrä
193 421 98 19 suuresta
312 419 176 21 korkeintaankin
510 420 41 20 400
575 419 115 20 markkaan
705 421 127 19 nousevasta
847 425 56 15 sum-

84 449 93 20 masta*:
194 449 32 19 att
241 447 14 27 &
271 447 18 26 3,
305 448 66 26 tredje
382 454 63 15 mom.
457 448 68 21 skulle
537 447 81 22 erhålla
630 447 65 21 sådan
704 447 88 27 lydelse:
806 447 96 26 ,Huuto-

83 476 86 27 kauppa
184 476 121 27 protokolla
318 476 58 26 jossa
390 482 26 15 ne
432 476 64 21 ehdot
509 477 59 26 joilla
583 476 128 26 ulostarjous
727 482 26 15 on
766 476 135 26 tapahtunut,

84 505 43 21 niin
140 505 96 27 myöskin
251 505 100 21 kaikkien
362 505 109 26 huutajain
487 505 95 21 alimmat
599 505 82 20 huudot
698 508 50 17 ovat
763 505 138 25 mainittavat,

84 534 135 21 lähetetään'*
243 539 18 15 o.
275 541 16 14 s.
305 540 18 14 v.
339 533 69 22 såsom
424 534 5 19 i
446 533 106 27 förslaget,
568 533 39 21 och
625 535 32 19 att
672 534 6 20 i
694 533 12 28 $
723 534 19 24 5,
758 534 65 20 andra
839 539 61 15 mom.

85 562 66 26 fjerde
161 563 65 20 raden
237 562 71 21 ordet:
319 577 5 10 ,
328 563 109 25 olevalta**
451 562 84 27 utbytes
553 564 57 19 emot
618 562 119 26 uttrycket:
749 562 152 26 ,,menevältä"*.

152 619 85 22 Hvilket
253 619 147 22 antecknades.

152 763 127 26 Föredrogs,
296 763 54 20 efter
364 762 126 27 liggetidens
505 762 84 26 utgäng,
606 762 150 26 lagutskottets
769 762 133 21 betänkande

84 797 34 15 n:o
134 791 13 21 2
162 791 7 20 i
185 791 114 26 anledning
315 791 22 20 af
351 790 59 21 Hans
426 790 116 26 Kejserliga
557 790 111 27 Majestäts
680 790 76 27 nädiga
771 790 131 27 proposition

83 826 33 14 n:o
134 820 11 21 7
162 825 33 15 om
212 819 124 27 inteckning
351 819 8 20 i
375 819 99 20 enskilda
485 819 272 27 jernvägsanläggningar.

152 876 72 21 Under
247 878 40 19 den
309 876 125 25 diskussion,
451 883 49 14 som
522 876 90 21 rörande
628 875 58 22 detta
700 875 134 22 betänkande
850 881 52 21 upp-

84 905 53 26 stod,
154 905 83 27 yttrade
253 906 32 25 sig
299 905 92 26 följande
407 905 73 22 talare.

151 963 144 26 Domprosten
318 963 75 25 Borg,
410 969 47 14 som
473 962 51 21 först
540 961 71 22 anhöll
628 967 32 15 om
677 961 67 25 ordet,
760 961 96 26 uppläste
872 963 31 18 ett

83 991 23 21 sä
121 991 91 26 lydande
228 991 103 26 skriftligt
346 991 143 26 andragande:

152 1048 24 26 »I
191 1048 40 21 den
248 1048 77 26 nådiga
339 1048 160 26 propositionen
514 1054 44 15 som
573 1048 7 20 i
596 1053 34 15 oss
646 1054 27 14 nu
688 1047 143 27 föreliggande
843 1047 58 26 fråga

85 1077 66 20 redan
174 1077 33 20 vid
229 1080 83 18 senaste
334 1076 101 26 landtdag
456 1076 112 21 framlades
583 1076 33 20 för
632 1076 113 21 ständerna
761 1076 39 20 och
815 1082 44 14 som
876 1076 26 20 dä

84 1105 38 21 bar
146 1105 159 21 öfverskriften:
328 1121 10 9 ,
341 1106 59 20 Hans
423 1104 117 28 Kejserliga
554 1105 110 25 Majestäts
679 1104 77 26 nädiga
771 1104 131 26 proposition

83 1134 33 20 till
139 1134 100 20 Finlands
263 1134 86 20 ständer
372 1139 33 15 om
428 1134 118 26 antagande
567 1133 23 21 af
611 1139 25 14 en
652 1133 124 26 författning
792 1132 110 28 angående

83 1162 124 27 underpant
229 1163 8 19 i
255 1162 266 28 jernvägsanläggningar
542 1162 46 20 med
605 1161 71 21 dertill
692 1161 95 21 hörande
798 1162 51 26 fast
864 1160 37 22 och

83 1192 146 27 lösegendom"
252 1191 59 21 hette
333 1192 35 20 det
383 1191 6 19 i
410 1191 118 25 ingressens
543 1190 67 21 första
625 1191 37 20 ord
677 1206 6 10 ,
686 1190 41 26 det
742 1191 56 20 inom
813 1190 89 21 Finland

85 1219 38 21 allt
138 1226 45 15 mer
199 1220 88 21 insedda
303 1219 99 21 behofvet
418 1221 32 19 att
465 1221 51 25 göra
530 1219 73 21 landet
618 1220 7 20 i
636 1219 153 21 vidsträcktare
800 1225 48 15 mon
860 1219 43 20 del-

83 1248 69 27 aktigt
167 1248 22 21 af
202 1248 98 21 nutidens
316 1248 112 27 vigtigaste
439 1248 302 26 kommunikationsanstalter,
748 1248 153 26 jernvägarne,

84 1276 39 22 har
138 1277 67 21 under
220 1279 85 19 senaste
321 1278 30 20 tid
366 1276 123 21 framkallat
504 1276 106 26 ätskilliga
625 1276 140 26 ansökningar
776 1276 22 21 af
808 1276 94 20 enskilda

83 1311 108 20 personer,
214 1306 63 26 bolag
299 1305 38 21 och
353 1305 124 21 kommuner
493 1312 33 14 om
542 1305 125 21 koncession
682 1305 32 21 till
727 1306 123 25 jernvägars
866 1310 36 14 an-

85 1334 104 26 läggande
211 1334 7 20 i
241 1333 104 22 särskilda
359 1334 139 26 riktningar".
529 1334 58 20 Hans
602 1333 117 27 Kejserliga
735 1333 106 25 Majestät,
857 1338 44 16 som

85 1362 101 21 särskildt
201 1362 146 26 tillkännagaf,
363 1364 31 19 att
410 1362 66 26 nägra
491 1362 79 21 sädana
588 1362 42 20 alla
646 1362 64 21 redan
726 1362 68 20 blifvit
810 1361 22 21 af
844 1362 57 20 Hans

82 1390 119 26 Kejserliga
224 1390 101 27 Majestät
347 1390 92 26 bifallna,
455 1390 108 22 hvaremot
578 1391 67 20 andra
660 1392 55 19 ännu
730 1396 50 15 vore
796 1390 27 26 pä
839 1390 63 26 nådig

83 1418 98 26 pröfning
204 1418 113 25 beroende,
332 1418 48 21 ville
396 1419 38 20 hos
450 1419 112 20 ständerna
578 1418 100 26 inskärpa
693 1418 99 21 behofvet
807 1420 33 18 att
854 1418 47 20 med

83 1447 35 20 det
133 1448 96 19 snaraste
245 1446 86 27 möjliga
347 1446 61 21 hasta
424 1447 68 20 denna
506 1446 38 21 hos
557 1445 57 22 såväl
630 1446 95 21 enskilda
737 1452 106 20 personer,
856 1452 44 14 som

83 1475 124 21 kommuner
229 1475 97 21 vaknade
348 1474 52 22 ifver
422 1475 33 21 för
475 1474 250 27 jernvägsanläggningar
742 1474 32 22 till
791 1474 55 26 hjelp
862 1474 39 21 och

83 1504 89 22 medelst
187 1510 26 16 en
228 1504 33 21 för
277 1504 80 21 sådana
372 1504 93 26 företags
479 1503 117 27 främjande
611 1503 84 28 lämpad
710 1503 92 21 särskild
812 1502 89 28 lagstift-
