1700 1998
503 219 41 21 564
711 224 160 17 Presteståndet
883 225 54 17 1877.
962 226 27 16 24
1000 225 58 21 april.

474 292 129 22 åtminstone
625 294 73 24 pastor
719 292 56 27 Lyra
797 293 38 20 har
857 292 91 26 förstått,
964 293 7 19 i
987 292 79 21 hvilket
1081 292 91 21 intresse
1184 293 37 25 jag
1235 292 60 26 talat,

474 320 106 27 nämligen
595 321 6 20 i
616 320 141 27 sedlighetens
780 321 38 21 och
833 320 218 22 nationalekonomins
1067 321 39 21 och
1122 320 36 22 det
1173 322 24 20 är
1209 321 45 25 just
1269 322 27 25 på

476 350 40 20 den
530 349 75 27 grund,
625 354 44 16 som
682 349 37 27 jag
735 348 62 22 också
813 349 84 21 förenar
911 348 42 28 mig
969 350 46 20 med
1032 349 26 21 de
1073 349 41 21 fem
1129 351 166 19 reservanterna.

474 378 40 26 Jag
537 378 123 26 godkänner
681 377 105 27 nämligen
808 377 87 22 alldeles
918 378 26 20 de
966 378 71 24 motiv,
1061 383 45 15 som
1125 378 25 21 de
1166 378 69 20 anfört
1250 377 46 22 från

474 406 74 27 början
571 406 22 21 af
614 406 61 22 deras
690 406 129 22 reservation
835 406 32 21 till
882 406 79 21 midten
977 406 22 21 af
1014 407 26 20 14
1055 406 66 21 sidan.
1152 406 70 22 Sedan
1238 406 58 22 kom-

474 441 45 15 mer
534 436 31 20 ett
583 435 40 21 och
637 434 78 27 hvarje,
732 441 45 15 som
790 436 37 26 jag
842 435 45 21 icke
902 435 83 26 förstår,
1001 435 76 21 liksom
1090 435 37 27 jag
1142 435 46 21 icke
1203 435 43 21 kan
1260 434 36 22 be-

474 464 68 26 döma,
557 464 54 21 huru
627 464 67 27 nyttig
709 464 41 21 den
765 464 119 21 sedermera
899 464 106 21 omtalade
1020 464 95 21 fusionen
1131 470 57 20 vore,
1200 464 52 22 eller
1262 470 34 16 om

475 493 35 21 det
526 494 24 20 är
564 493 71 21 bättre
651 495 32 19 att
697 493 74 27 sjunga
786 494 27 25 pä
828 492 67 22 finska
906 493 38 21 och
953 492 43 22 tala
1005 493 27 27 pä
1040 493 89 21 svenska
1138 492 52 22 eller
1197 494 98 20 tvärtom.

473 521 41 27 Jag
528 521 39 21 har
583 521 44 22 helt
642 521 71 21 enkelt
729 521 21 21 af
764 521 88 22 anförda
867 521 46 22 skäl
928 521 82 22 förenat
1021 522 42 26 mig
1074 521 47 22 med
1130 524 166 19 reservanterne.

472 550 84 22 Doktor
572 550 77 22 Geitlin
664 550 39 21 har
717 551 47 20 äter
779 550 76 22 uttalat
871 550 31 27 sig
917 551 24 21 sä
956 552 31 19 att
1003 550 41 22 han
1059 550 6 21 i
1081 550 69 22 denna
1165 550 130 22 reservation

473 585 34 15 ser
522 580 32 20 ett
569 580 47 25 nytt
630 578 119 22 vedermäle
766 578 22 22 af
797 579 40 21 den
849 581 58 19 stora
918 578 125 28 afvogheten
1055 581 56 19 emot
1123 578 69 22 finska
1204 580 92 26 spräket.

472 608 43 21 Det
530 610 24 19 är
569 608 51 21 visst
635 607 87 27 sorgligt
738 614 35 15 om
788 608 69 26 nägon
872 608 66 21 sädan
954 608 107 25 verkligen
1075 607 40 21 har
1126 608 92 21 dikterat
1228 614 67 15 reser-

472 636 105 26 vationen,
601 642 48 16 men
668 636 37 27 jag
727 636 38 21 har
786 636 46 22 icke
854 636 86 22 tilltrott
956 636 41 26 mig
1012 638 32 19 att
1059 636 63 21 döma
1138 636 57 21 öfver
1210 637 26 21 de
1252 636 44 22 inre

472 665 92 22 motiven
580 665 39 21 hos
634 666 166 25 reservanterne,
816 666 51 20 utan
882 664 55 22 blott
953 665 40 21 läst
1009 664 39 22 och
1063 666 53 20 trott
1127 665 42 27 mig
1180 665 52 21 böra
1242 664 54 22 fästa

472 694 44 26 mig
537 694 35 21 vid
590 693 54 22 hvad
661 694 25 20 de
701 694 62 20 hafva
778 694 85 21 skrifvit.
895 694 55 21 Herr
966 693 119 23 Calamnius
1102 694 96 21 eriurade
1213 694 27 27 pä
1256 694 40 21 för-

472 722 119 27 middagen,
608 724 32 20 att
655 722 36 22 det
706 724 24 20 är
745 729 25 14 en
787 722 88 22 medlem
891 722 21 22 af
926 722 160 27 bondeständet,
1095 728 45 16 som
1148 722 39 22 har
1194 722 102 22 inlemnat

471 751 124 27 petitionen,
611 757 47 16 men
674 751 121 27 derigenom
809 757 62 16 anser
883 752 36 27 jag
934 751 46 22 icke
996 754 31 18 att
1044 752 39 21 den
1099 751 64 27 fräga,
1180 752 48 21 med
1244 751 51 22 hvil-

471 780 42 22 ken
526 780 36 27 jag
578 780 62 22 afslöt
660 781 48 21 mitt
723 780 134 27 andragande
872 781 27 27 pä
913 780 151 28 förmiddagen,
1079 782 25 20 är
1119 780 119 27 besvarad.
1253 781 43 21 För

471 809 131 21 närvarande
625 809 44 21 stär
689 809 40 21 den
745 810 56 20 ännu
816 810 123 21 obesvarad.
969 810 42 20 För
1027 809 62 27 öfrigt
1105 811 88 25 antager
1206 810 42 27 jag,
1264 811 32 20 att

472 838 68 21 denna
556 838 65 26 fräga,
641 838 103 26 nämligen
760 839 142 26 teaterfrägan
917 840 24 19 är
957 844 26 15 en
998 838 73 25 sädan,
1087 840 32 20 att
1135 838 45 22 deri
1196 840 100 25 mängens

471 866 80 27 hjertas
573 866 77 22 tankar
672 866 65 22 blifva
759 867 123 27 uppenbara
903 867 39 21 och
965 866 109 22 vidblifver
1089 866 32 22 för
1138 867 41 21 min
1196 868 33 20 del
1244 867 52 21 fort-

471 894 87 22 farande
581 896 54 20 hvad
655 895 37 27 jag
713 896 28 26 pä
761 895 144 27 förmiddagen
919 897 74 26 yttrat,
1010 898 55 19 samt
1080 902 106 20 upprepar
1201 896 43 21 min
1259 896 37 21 öd-

470 923 72 27 mjuka
565 924 39 21 och
627 926 102 24 enträgna
751 923 105 27 anhällan,
880 926 31 20 att
933 924 128 27 högvördiga
1076 925 157 27 presteständet
1247 925 49 22 ville

470 952 70 22 lemna
556 952 143 22 betänkandet
714 954 51 20 utan
781 952 103 22 afseende.

537 1009 84 22 Doktor
642 1010 197 22 Nordström:
869 1011 41 27 Jag
933 1010 36 22 vill
991 1011 45 22 icke
1056 1017 75 21 genom
1153 1011 66 27 nägot
1234 1011 59 28 längt

469 1039 136 26 andragande
627 1040 93 26 upptaga
743 1039 35 22 det
793 1039 129 28 högvördiga
936 1040 95 21 ständets
1047 1040 36 21 tid.
1113 1040 42 22 Det
1170 1040 39 22 har
1224 1040 68 22 blifvit

469 1068 24 21 sä
515 1068 83 26 mycket
622 1068 76 21 ordadt
717 1068 5 21 i
739 1068 148 27 teaterfrägan,
904 1070 31 20 att
951 1068 35 22 det
1001 1069 41 20 kan
1058 1075 50 15 vara
1123 1075 47 20 nog.
1201 1069 40 27 Jag
1256 1069 36 22 vill

469 1096 74 22 endast
558 1097 7 20 i
580 1096 86 22 korthet
682 1097 85 21 bemöta
781 1097 66 26 nägra
861 1098 77 24 inkast,
953 1103 46 16 som
1015 1097 38 22 här
1067 1097 63 22 hafva
1146 1098 66 21 blifvit
1227 1099 64 21 fram-

468 1125 76 21 stälda.
566 1125 39 21 Att
620 1125 102 27 styrelsen
737 1125 67 28 aldrig
819 1125 53 22 skall
887 1126 44 21 läta
946 1126 96 27 fräntaga
1056 1127 31 26 sig
1098 1127 37 21 sitt
1145 1127 147 27 berättigande

468 1155 32 20 att
516 1153 112 22 öfvervaka
643 1155 88 25 teatern,
747 1155 61 20 torde
824 1161 47 15 man
887 1157 74 19 nästan
977 1155 70 22 kunna
1063 1158 76 24 antaga
1150 1156 32 21 för
1192 1155 98 28 afojordt.

467 1182 43 21 Det
532 1182 73 21 tillhör
627 1182 101 27 styrelsen
751 1184 32 20 att
805 1189 22 15 se
849 1183 31 22 till
903 1185 32 20 att
956 1183 47 22 icke
1018 1184 99 27 osedliga,
1134 1185 157 26 depraverande

467 1210 87 27 stycken
575 1211 99 26 uppföres
696 1212 27 25 pä
745 1211 83 22 landets
851 1214 85 24 teatrar,
959 1219 48 14 men
1030 1213 154 22 öfvervakande
1206 1215 24 20 är
1244 1213 47 22 icke

467 1239 69 26 någon
552 1239 130 21 subvention.
705 1240 24 27 Ej
746 1239 66 22 heller
827 1240 41 21 kan
878 1241 37 26 jag
927 1241 46 21 dela
985 1243 73 24 pastor
1068 1241 66 27 Lyras
1144 1242 54 26 äsigt
1211 1242 79 26 derom,

468 1269 32 19 att
524 1273 25 15 en
575 1269 68 20 teater
667 1274 46 15 som
737 1268 94 27 ätnjuter
855 1269 125 22 subvention
996 1269 22 22 af
1031 1271 76 25 staten,
1123 1270 68 21 skulle
1207 1270 83 21 derföre

467 1302 51 15 vara
540 1302 26 15 en
581 1296 170 22 nationalteater.
781 1297 34 21 En
830 1298 164 21 nationalteater
1009 1300 24 19 är
1048 1305 26 14 en
1089 1298 71 27 sädan,
1176 1305 46 15 som
1237 1305 52 21 upp-

466 1324 62 21 bäres
543 1324 22 21 af
579 1324 164 23 nationalandan
758 1325 39 22 och
813 1325 54 22 afser
883 1327 174 21 nationalandaos
1072 1327 96 26 höjande.
1195 1328 41 26 Jag
1250 1328 40 21 har

465 1353 28 26 pä
508 1353 145 27 förmiddagen
669 1354 64 21 redan
749 1355 76 20 erkänt
840 1355 39 21 den
895 1355 67 22 finska
977 1361 86 16 scenens
1075 1355 153 28 berättigande.
1249 1357 40 26 Jag

466 1381 40 21 har
528 1381 63 22 ocksä
614 1382 75 21 erkänt
705 1383 25 21 de
745 1385 60 19 mäns
820 1383 55 27 höga
890 1383 127 28 förtjenster,
1033 1391 46 15 som
1094 1384 62 22 hafva
1172 1385 61 27 bragt
1249 1385 39 22 den

465 1409 69 22 finska
549 1412 83 19 teatern
648 1411 32 20 till
695 1411 55 22 hvad
766 1411 39 22 den
821 1418 28 15 nu
865 1415 28 18 är.
918 1413 40 26 Jag
973 1413 36 20 vill
1025 1413 53 21 dock
1093 1413 130 22 fortfarande
1238 1414 51 21 fast-

465 1437 62 27 hälla,
549 1438 56 22 hvad
625 1439 36 26 jag
681 1439 27 22 dä
722 1440 90 27 yttrade,
829 1442 31 20 att
875 1441 40 21 den
930 1441 68 21 finska
1013 1448 78 20 operan
1107 1442 111 26 ingalunda
1235 1445 53 18 mot-

464 1472 74 15 svarar
553 1467 36 20 det
603 1466 68 21 finska
686 1467 76 21 folkets
777 1468 85 21 fordran
878 1469 27 26 pä
920 1475 26 14 en
961 1469 72 26 folklig
1049 1471 74 19 teater.
1152 1470 77 21 Dertill
1245 1470 43 21 for-

465 1493 48 22 dras
536 1500 25 15 en
585 1494 116 21 dramatisk
722 1501 55 16 scen.
809 1495 68 22 Också
896 1497 7 20 i
924 1497 59 21 detta
998 1497 97 22 afseende
1110 1498 40 21 har
1164 1499 40 20 den
1219 1498 69 22 finska

464 1523 83 20 teatern
569 1523 46 26 gått
637 1523 82 22 framåt.
750 1523 27 22 Sä
800 1524 135 28 ofullständig
954 1525 41 22 den
1009 1525 68 22 finska
1092 1526 107 22 talscenen
1214 1529 27 20 än
1256 1529 30 26 är,

462 1549 40 22 har
516 1551 35 27 jag
566 1551 49 22 med
629 1552 116 27 synnerligt
761 1553 48 26 nöje
823 1553 128 27 förnummit,
967 1556 32 20 att
1013 1555 28 27 pä
1055 1555 24 22 de
1091 1558 64 21 orter,
1166 1556 38 21 der
1216 1563 72 20 repre-

463 1580 131 21 sentationer
609 1580 22 21 af
645 1581 120 22 densamma
781 1581 62 22 hafva
853 1582 76 28 gifvits,
943 1583 60 22 dessa
1013 1584 48 21 med
1072 1584 106 28 synnerlig
1188 1585 98 22 tillfreds-

462 1609 93 22 ställelse
578 1609 22 22 af
620 1609 67 22 folket
709 1611 113 27 upptagits.
856 1611 73 23 Säsom
950 1612 37 27 jag
1007 1613 67 22 redan
1095 1613 27 28 pä
1141 1613 145 28 förmiddagen
