1059 1834
328 127 159 17 Presteståndet
499 127 52 17 1877.
576 127 12 16 6
600 132 61 12 mars.
832 121 39 21 201

151 196 76 21 Pastor
243 196 115 21 Lilius:
389 196 110 21 Professor
514 196 62 21 Cleve
592 196 39 20 har
646 196 65 21 redan
726 196 33 21 till
775 202 25 15 en
816 196 34 21 del
866 196 34 20 be-

83 227 55 19 mött
160 225 26 21 de
206 224 169 26 anmärkningar,
398 230 44 16 som
466 224 68 21 blifvit
554 224 74 27 gjorda
643 226 44 19 mot
702 224 143 26 föreliggande
863 225 8 19 1
890 224 12 27 $

83 254 23 20 af
126 253 115 21 utskottets
262 254 139 20 betänkande.
432 253 40 26 Jag
495 255 23 19 är
541 253 69 21 derför
633 253 6 20 i
662 253 58 21 detta
736 252 98 22 afseende
849 252 53 21 före-

83 282 98 21 kommen
203 282 23 20 af
246 282 84 20 honom.
360 282 49 20 Men
431 282 131 20 beträftande
577 282 111 26 yrkandet,
704 283 32 19 att
751 281 151 27 författningen

83 310 68 21 skulle
174 310 64 21 blifva
260 310 98 26 gällande
376 310 56 21 blott
447 311 26 19 ad
489 310 90 25 interim,
596 310 68 21 skulle
677 310 37 26 jag
728 310 50 26 vilja
794 310 108 25 anmärka,

84 340 31 20 att
133 339 225 26 häradspostföringen
374 338 68 27 aldrig
458 338 41 22 kan
514 338 87 22 komma
616 340 32 19 att
665 338 63 22 blifva
744 338 44 22 helt
804 338 38 22 och
858 338 45 21 hål-

81 368 30 21 let
127 367 109 27 umbärlig.
260 368 26 20 Vi
303 368 63 20 tänka
382 374 33 14 oss
434 366 98 28 aflägsna,
549 368 76 20 bakom
642 367 56 26 sjöar
713 368 90 26 belägna
820 367 80 26 kapell-

82 396 154 27 församlingar,
260 396 32 21 till
315 396 71 21 hvilka
408 396 138 26 kungörelser
568 396 38 21 och
629 396 105 21 allmänna
752 396 71 26 påbud
834 395 68 21 måste

82 424 118 22 befordras.
230 425 39 21 Till
286 425 78 21 sådana
380 426 57 20 orter
453 425 66 21 måste
534 424 60 22 alltid
610 425 68 26 någon
693 425 127 26 häradspost
836 424 65 26 föras;

83 456 22 25 ty
128 454 39 21 den
190 454 106 21 ordinarie
318 455 85 25 postens
426 454 39 26 väg
487 454 41 20 kan
551 453 68 26 aldrig
640 454 84 21 komma
740 455 32 20 att
786 454 27 26 gå
827 459 75 20 genom

84 482 41 22 alla
148 483 26 20 de
197 483 78 20 minsta
297 483 131 20 kommuner,
458 482 10 21 I
486 482 149 27 författningen
651 484 36 19 äro
704 483 54 20 blott
774 483 25 20 de
816 483 86 20 allmän-

82 513 61 19 naste
159 511 185 26 bestämningarna
358 514 113 23 upptagna.
497 511 11 27 $
524 512 12 19 2
552 511 81 21 lemnar
648 511 23 21 så
686 513 55 19 stort
756 513 104 24 utrymme
870 511 33 20 för

83 540 105 21 ombuden
210 540 33 21 för
265 540 150 21 kommunerne
438 541 32 19 att
487 540 65 26 jemte
567 539 143 27 kronofogden
728 539 120 27 öfverlägga
864 539 38 21 och

83 569 117 21 bestämma
220 575 32 14 om
268 569 42 20 alla
326 569 32 20 till
375 568 64 21 saken
456 568 94 21 hörande
565 569 186 26 omständigheter,
768 571 32 18 att
813 569 36 26 jag
865 575 37 14 an-

84 603 34 16 ser
143 597 38 21 och
203 597 63 27 yrkar
289 597 34 27 på,
345 599 33 19 att
400 597 151 27 författningen
571 597 45 22 icke
633 597 38 21 bör
687 597 64 21 blifva
767 604 25 15 en
807 596 95 22 interims

84 626 130 27 författning,
230 631 51 16 utan
297 632 39 20 ega
351 626 75 21 sådant
442 625 95 27 bestånd,
554 632 43 15 som
614 627 58 25 lagar
687 627 6 19 i
702 626 147 26 allmänhet,
827 621 18 36 d.
858 632 18 15 v.
886 632 16 14 s.

84 655 53 21 intill
161 655 47 20 dess
230 655 40 20 den
285 655 27 26 på
327 655 91 26 lagenlig
433 655 40 26 väg
488 655 76 21 ändras
581 655 51 20 eller
647 655 122 26 upphäfves.
797 667 27 3 —
842 654 61 22 Hvad

84 683 101 21 särskildt
208 684 66 25 angår
296 684 40 20 den
352 683 134 26 invändning,
502 690 43 15 som
562 684 68 21 blifvit
646 684 67 26 gjord,
729 685 32 19 att
776 683 127 26 häradspost

84 712 45 21 icke
152 712 68 21 skulle
235 712 101 21 behöfvas
352 712 32 21 för
399 713 73 24 andra,
487 714 26 19 än
528 712 172 26 häradshöfding,
717 712 129 26 kronofogde
863 712 39 21 och

83 741 103 23 länsman,
203 743 54 18 samt
273 741 82 20 derföre
370 741 71 20 kunna
457 741 38 20 och
512 741 51 20 böra
578 741 103 26 upphöra,
698 740 22 21 sä
736 743 59 18 snart
805 740 98 21 behofvet

83 769 22 20 af
126 769 126 26 häradspost
274 769 33 20 för
330 769 59 21 desse
404 769 125 26 tjenstemän
546 769 89 26 upphör,
651 771 23 18 är
690 769 42 21 min
748 769 54 26 åsigt
816 769 6 20 i
838 769 65 20 saken

84 798 46 25 den,
154 800 32 18 att
208 798 6 20 i
237 797 72 27 hvarje
331 797 123 27 församling
476 797 66 22 måste
563 799 67 19 finnas
645 803 106 20 personer,
768 798 60 21 äfven
844 799 59 19 utom

83 828 92 25 presten,
198 832 44 15 som
259 828 36 19 äro
311 827 7 20 i
333 826 65 21 bebof
410 827 23 20 af
447 828 47 25 post
510 829 54 18 samt
580 828 31 19 att
626 826 82 21 således
723 827 7 20 i
746 826 78 27 hvarje,
841 825 61 22 äfven

83 855 39 21 den
146 855 76 21 minsta
245 855 106 26 kommun,
375 855 37 20 der
434 855 67 26 kyrka
522 856 72 25 finnes,
618 855 63 20 också
696 854 65 27 något
776 855 55 26 slags
847 856 55 25 post-

83 884 68 25 föring
175 884 39 20 bör
237 884 97 21 existera.
365 883 95 24 Derföre,
479 884 66 21 ehuru
558 884 36 27 jag
610 890 64 20 gerna
690 883 68 22 skulle
774 884 80 25 önskat,
871 885 32 19 att

82 912 159 27 presterskapet
264 912 39 22 och
325 912 295 27 kommunalmyndigheterna
644 912 53 21 hade
721 912 68 21 blifvit
805 912 99 21 likstälda

83 942 48 20 med
154 941 170 27 häradshöfding,
348 941 130 27 kronofogde
501 942 39 21 och
562 942 103 25 länsman,
685 943 44 19 tror
743 941 36 27 jag
794 941 60 24 dock,
871 943 32 19 att

83 970 59 21 detta
164 970 193 21 icke-likställande
380 970 18 26 ej
421 970 87 22 innebär
530 970 68 26 någon
621 970 46 21 fara
690 970 33 20 för
739 970 163 26 presterskapet,

84 999 94 25 emedan,
202 999 64 27 enligt
290 999 54 21 hvad
365 998 36 27 jag
422 999 67 21 håller
509 999 51 25 före,
576 999 46 21 icke
637 998 68 26 någon
722 998 65 22 sådan
803 999 100 20 kommun

82 1027 95 21 kommer
192 1029 32 19 att
239 1028 96 26 existera,
350 1033 45 15 som
410 1028 46 20 icke
472 1028 66 20 skulle
554 1027 63 21 hafva
629 1027 39 21 och
678 1027 45 26 icke
735 1026 89 22 behöfva
834 1027 68 25 någon

82 1056 111 26 postgång.
218 1068 24 2 —
265 1056 42 21 Det
329 1056 39 21 har
387 1056 69 21 blifvit
476 1056 98 21 anmärkt
594 1056 22 21 af
636 1058 86 24 prosten
738 1055 110 26 Grönberg
864 1055 39 21 och

82 1087 74 24 pastor
178 1085 61 26 Lyra,
261 1086 32 20 att
315 1084 154 27 häradsposten
486 1086 66 26 aldrig
567 1085 41 20 kan
625 1086 79 20 ersätta
719 1084 183 26 klockareposten,

83 1114 33 20 för
131 1113 85 21 hvilken
231 1114 97 20 talarena
342 1114 62 20 hafva
414 1114 83 20 uttalad
510 1120 25 14 en
546 1113 90 21 särskild
646 1113 180 21 klockarekärlek.
853 1112 49 22 Men

81 1142 36 27 jag
140 1144 51 23 tror,
215 1144 31 19 att
267 1142 153 26 häradsposten
443 1142 128 27 fullkomligt
596 1142 54 21 skall
673 1144 79 19 ersätta
771 1142 69 21 denna
854 1142 49 20 sist-

82 1171 93 21 nämnda
190 1174 48 24 post
254 1171 39 21 och
308 1171 83 27 mycket
407 1178 64 14 mera.
502 1171 38 21 Om
557 1170 63 22 också
636 1170 152 28 häradsposten
803 1171 47 21 icke
865 1170 37 21 nå-

82 1200 74 27 gonsin
175 1200 95 21 kommer
285 1201 33 20 att
331 1200 27 26 gå
374 1200 89 22 emellan
479 1200 129 26 kommuner,
625 1199 94 21 hörande
735 1200 31 20 till
782 1199 68 21 skilda
865 1199 37 21 hä-

83 1229 44 26 rad,
150 1229 72 21 ställes
237 1229 40 21 den
293 1229 54 21 dock
362 1229 30 25 så,
408 1231 32 19 att
456 1230 120 20 densamma
591 1229 38 27 går
644 1228 31 21 till
691 1228 64 27 något
770 1228 132 26 postkontor,

82 1258 47 21 från
152 1258 80 21 hvilket
254 1258 46 21 åter
317 1257 113 27 orefföring
448 1258 133 27 naturligtvis
596 1258 49 20 sker
661 1258 32 20 till
708 1257 84 22 hvilken
808 1259 34 19 ort
857 1263 45 15 som

83 1286 61 22 helst.

152 1372 89 21 Prosten
257 1372 152 21 Bäckvall
424 1372 100 21 förenade
539 1372 31 26 sig
584 1372 49 21 med
650 1371 24 21 de
690 1371 73 26 talare,
780 1377 44 15 som
840 1370 62 27 yrkat

82 1400 34 27 på,
139 1403 32 18 att
191 1401 62 26 ingen
269 1401 132 26 bestämning
417 1401 68 20 skulle
500 1400 116 21 fastställas
632 1401 90 20 rörande
738 1400 39 21 den
793 1400 37 25 tid,
846 1400 56 20 inom

83 1429 85 21 hvilken
192 1429 152 26 författningen
370 1429 67 21 blefve
459 1429 104 26 gällande,
580 1430 55 19 samt
650 1429 48 20 ville
714 1428 116 21 förbehålla
846 1428 58 20 kom-

84 1463 100 15 munerne
203 1458 135 25 rättigheten,
354 1459 32 18 att
401 1459 39 18 när
456 1464 44 13 som
516 1457 56 20 helst
582 1457 108 26 upphäfva
700 1457 204 25 häradspostinrätt-

83 1485 76 26 ningen
175 1485 39 21 och
231 1485 83 26 betjena
328 1485 32 26 sig
375 1485 23 20 af
412 1485 104 21 ordinarie
532 1487 54 24 post.
