1056 1831
194 127 39 20 176
405 130 159 19 Presteståndet
577 131 55 17 1877.
648 131 20 18 .6
679 135 61 12 mars.

234 200 29 21 Af
276 200 203 26 landtdagsmannen
496 199 96 22 Walkola
608 205 33 15 om
656 199 121 21 inrättande
789 199 22 21 af
819 201 30 19 ett
860 199 123 26 sjuklassigt

165 229 82 26 lyceum
263 229 6 20 i
285 228 106 26 Uleåborg
406 227 48 23 med
469 227 81 22 finskan
565 229 33 20 till
615 228 230 27 undervisningsspråk.

234 285 85 22 Hvilket
334 285 147 22 antecknades.

235 430 92 21 Prosten
349 429 152 27 Bergroth
522 429 77 26 anhöll,
622 429 6 22 i
644 430 104 21 anseende
764 430 32 21 till
811 429 112 22 inträffade
938 429 47 21 svå-

167 465 48 15 rare
237 457 146 28 sjukdomsfall
404 458 6 21 i
433 458 48 21 herr
497 461 97 24 prostens
608 458 73 27 familj,
697 465 34 15 om
747 459 92 27 ledighet
854 458 47 21 från
916 458 69 21 landt-

167 487 222 27 dagsmannavärfvets
405 487 114 22 utöfvande
534 487 54 22 intill
604 487 40 22 den
661 489 24 20 15
702 487 84 28 dennes,
801 487 85 22 hvartill
900 487 85 22 ståndet

165 517 50 20 fann
230 516 51 27 godt
296 516 81 26 bifalla;

269 574 78 20 Likaså
368 573 69 21 bifölls
460 576 86 24 prosten
568 574 163 26 Grönbergs
756 574 99 21 anhållan
871 580 34 15 om
921 574 64 26 ledig-

167 602 36 21 het
225 602 32 21 för
272 602 58 21 tiden
346 602 45 21 från
408 602 39 21 den
464 602 26 21 22
506 603 5 20 i
528 602 68 22 denna
611 602 76 22 månad
704 602 31 21 till
751 602 40 21 den
807 603 12 20 3
835 602 60 27 april,
910 602 75 27 påkal-

166 630 35 21 lad
223 630 24 22 af
263 630 182 27 nödvändigheten
462 631 32 21 för
509 631 49 21 herr
573 634 88 24 prosten
677 633 31 19 att
724 633 88 19 närvara
827 631 7 21 i
849 632 32 20 sin
896 630 88 22 försam-

166 659 43 27 ling
221 659 33 21 för
265 659 143 27 uppsättande
419 659 38 21 och
469 658 121 23 affärdande
598 660 23 21 af
631 659 105 22 särskilda
746 660 77 26 vigtiga
834 660 150 26 expeditioner.

236 802 119 28 Föredrogs
377 803 39 21 och
439 802 113 22 bordlades
573 803 32 21 till
630 805 61 19 nästa
706 804 155 20 sammanträde
877 803 108 21 ekonomi-

166 831 115 22 utskottets
296 832 134 21 betänkande
447 832 38 21 N:o
501 832 12 20 2
529 833 7 20 i
550 832 112 27 anledning
678 832 22 21 af
714 832 59 21 Hans
788 832 118 27 Kejserliga
921 832 65 26 Maje-

167 861 53 20 stäts
242 860 77 27 nådiga
340 860 131 27 proposition
492 860 38 22 N:o
548 862 26 20 16
590 860 108 27 angående
712 861 96 27 grunden
824 860 32 22 för
871 861 69 27 tolags
955 860 30 22 af-

166 888 79 26 giftens
266 888 142 28 beräknande,
433 889 38 21 och
490 895 81 15 samma
586 890 93 21 utskotts
695 890 132 22 betänkande
843 890 39 22 N:o
899 890 12 21 3
927 889 59 22 öfver

167 917 83 26 Nådiga
272 918 158 27 propositionen
452 918 40 21 N:o
514 920 25 20 14
555 918 108 27 angående
679 918 117 22 ordnandet
812 919 23 21 af
848 918 137 27 häradspost-

166 946 143 26 inrättningen
324 946 7 21 i
345 946 77 22 landet.

236 1085 69 21 Sedan
329 1087 62 19 nästa
411 1086 154 21 sammanträde
586 1087 79 20 utsatts
680 1086 32 21 till
728 1086 173 21 nästkommande
917 1086 69 26 tisdag

167 1113 41 21 den
231 1114 12 21 6
267 1115 79 20 dennes
361 1114 89 21 klockan
468 1115 25 20 10
508 1114 44 21 före
568 1115 117 26 middagen,
702 1115 101 21 åtskildes
819 1115 94 21 ståndets
929 1115 57 22 med-

167 1142 88 21 lemmar
270 1149 25 15 en
312 1145 60 24 qvart
387 1143 44 21 före
448 1143 12 22 3
476 1143 53 22 efter
543 1143 119 28 middagen.

740 1205 20 18 In
772 1206 59 17 fidem:

651 1240 51 21 Carl
717 1240 50 21 Joh,
784 1241 133 28 Lindegvist.

297 1415 145 34 Tisdagen
462 1416 55 27 den
535 1415 17 27 6
570 1423 80 20 mars
668 1416 41 27 kl.
727 1415 35 28 10
779 1416 22 27 f.
819 1423 38 20 m.

236 1486 169 22 Sammanträdet
429 1486 107 26 öppnades
558 1486 48 21 med
628 1486 22 21 af
664 1486 199 27 kontraktsprosten
880 1486 105 22 Helander

166 1516 28 27 pä
208 1515 90 21 svenska
313 1514 86 28 spräket
414 1514 68 22 hällen
498 1514 48 22 bön.
