1064 1817
200 126 26 20 32
415 131 158 18 Presteståndet
587 132 53 17 1877.
665 132 22 16 31
698 131 42 21 jan.

170 200 93 27 yppades
279 200 57 21 olika
351 200 85 26 åsigter,
452 200 7 21 i
475 200 35 21 det
522 200 65 26 några
598 200 67 21 talare
678 199 92 22 önskade
781 200 47 21 dess
839 199 151 22 remitterande

170 228 32 21 till
218 229 210 25 ekonomiutskottet,
443 229 66 20 andra
525 228 45 21 åter
581 228 33 21 till
625 231 139 18 sammansatt
775 228 44 27 lag-
830 228 39 21 och
882 227 109 22 ekonomi-

170 257 89 26 utskott,
281 257 86 21 hvarför
389 257 50 20 herr
453 257 179 21 talmannen
652 257 32 21 för
699 256 85 27 frågans
799 256 115 27 afgörande
928 255 63 22 fram-

170 286 68 21 stälde
253 285 93 28 följande
361 285 142 28 proposition:

238 371 10 8 »
252 354 58 23 Skall
332 354 77 27 nådiga
432 354 157 28 propositionen
612 361 35 14 n:o
672 355 12 20 8
700 355 120 20 remitteras
835 354 33 21 till
884 354 107 21 ekonomi-

169 383 111 27 utskottet,
304 383 52 22 eller
378 383 32 21 till
433 386 139 19 sammansatt
594 383 44 26 lag-
660 383 39 21 och
715 383 193 21 ekonomiutskott?
938 383 53 24 Den,

169 418 45 15 som
237 412 35 21 vill
296 412 109 21 remittera
422 412 157 27 propositionen
595 411 32 22 till
642 411 211 27 ekonomiutskottet,
870 418 74 15 svarar
957 411 34 27 ja;

170 441 40 21 den
233 447 45 15 som
300 441 65 26 yrkar
388 441 48 20 dess
459 441 73 21 remiss
554 441 32 21 till
609 443 139 19 sammansatt
770 441 44 26 lag-
830 440 39 22 och
885 440 106 22 ekonomi-

169 469 89 26 utskott,
274 475 73 16 svarar
362 469 54 26 nej.

237 538 129 21 Besvarades
381 538 35 21 vid
431 538 83 21 anstäld
530 538 97 25 votering
643 537 47 22 med
706 537 27 21 30
744 537 28 27 ja
790 537 39 21 och
845 537 12 20 5
868 537 42 28 nej,
921 537 8 21 i
939 537 51 27 följd

169 566 76 22 hvaraf
262 567 158 26 propositionen
439 567 62 21 alltså
517 567 69 21 skulle
602 567 32 21 till
649 566 198 21 ekonomiutskottet
863 567 126 20 remitteras.

238 709 41 22 Vid
294 709 149 27 föredragning
459 710 22 21 af

237 767 163 27 Propositionen
422 773 34 15 n:o
473 768 18 24 9,
514 767 108 27 angående
645 767 115 21 förändrad
781 767 79 27 lydelse
875 767 23 21 af
912 768 27 20 53
954 767 14 27 8
983 768 7 20 i

169 795 139 27 legostadgan
327 795 32 21 för
381 796 122 21 husbönder
520 797 38 21 och
574 796 135 27 tjenstehjon,
724 796 69 27 gifven
809 796 40 21 den
865 796 27 22 30
905 796 85 27 januari

170 825 62 25 1865,
248 824 92 26 föreslog

238 894 110 21 Professor
373 893 96 26 Cleve,
491 896 32 19 att
545 894 158 27 propositionen
725 894 67 22 borde
815 894 120 22 remitteras
958 894 32 22 till

170 925 139 19 sammansatt
324 922 43 27 lag-
383 922 40 22 och
438 923 188 28 ekonomiutskott,
641 923 89 21 emedan
746 924 35 20 det
793 923 18 27 ej
822 930 37 14 var
868 926 31 18 ett
912 924 77 21 ärende

170 958 45 14 som
238 951 74 27 angick
336 952 75 20 endast
432 951 190 27 lagförhällanden,
638 954 50 20 utan
705 958 45 16 som
765 952 80 27 ganska
860 952 84 28 mycket
959 953 30 21 in-

169 980 71 27 griper
254 981 6 21 i
276 980 82 22 enskild
374 986 87 21 persons
477 981 107 27 rättighet.

237 1044 142 26 Domprosten
395 1044 78 26 Borg
489 1044 39 21 och
542 1046 73 25 pastor
655 1050 52 21 Lyra
722 1044 100 22 förenade
837 1045 31 27 sig
883 1045 48 21 med
942 1051 47 21 pro-

168 1071 68 22 fessor
258 1072 68 26 Cleve,
349 1072 110 22 hvaremot
483 1072 49 22 flere
547 1073 67 21 talare
629 1073 78 27 yrkade
723 1073 73 21 remiss
812 1074 32 21 till
860 1074 72 21 enkelt
947 1074 43 27 lag-

168 1100 89 22 utskott.

237 1157 31 21 På
282 1157 24 21 af
320 1157 48 22 herr
384 1157 169 22 talmannen
568 1158 112 22 framstäld
695 1160 138 26 proposition,
849 1160 69 21 beslöt
932 1159 57 22 stån-

169 1187 36 20 det
223 1187 47 20 med
286 1185 155 28 öfvervägande
456 1187 107 26 majoritet
579 1190 32 19 att
625 1188 109 21 remittera
750 1189 6 20 i
771 1188 59 27 fråga
846 1189 92 20 varande
953 1188 36 21 nå-

169 1214 49 27 diga
233 1215 131 26 proposition
379 1215 32 20 till
427 1215 141 27 lagutskottet.

238 1356 161 25 Propositionen
421 1363 34 14 n:o
473 1358 31 24 10,
521 1363 33 14 om
570 1358 89 25 ändring
674 1358 22 19 af
710 1359 12 18 7
739 1359 11 25 8
767 1359 25 19 17
808 1359 54 25 kap.
872 1359 24 20 R.
913 1359 24 20 B.
953 1365 36 14 an-

168 1382 82 26 gäende
266 1383 95 21 enskilda
376 1384 92 26 tjenares
481 1385 103 26 jäfvighet
599 1387 32 18 att
646 1386 74 26 vittna,
731 1386 146 21 remitterades
888 1386 101 27 enhälligt

169 1410 32 21 till
216 1411 142 28 lagutskottet.
