1064 1806
324 125 159 18 Presteständet
495 127 53 16 1877.
572 127 26 17 23
610 130 62 13 mars.
834 121 41 21 297

85 200 34 16 n:o
134 195 36 25 33,
185 195 108 27 angående
308 195 73 26 anslag
395 194 23 22 af
431 194 209 28 bevillningsmedien
655 195 32 22 till
698 196 206 26 fängelseväsendets

85 223 114 25 ordnande,
214 224 128 21 remitterats
357 223 21 21 af
392 226 79 24 preste-
487 224 39 21 och
542 224 157 21 bondeständen
710 224 32 20 till
753 226 151 19 sammansatta

85 253 63 19 stats-
170 252 39 20 och
231 252 207 25 ekonomiutskottet,
462 258 47 15 men
532 252 22 21 af
573 252 147 26 ridderskapet
740 252 39 21 och
794 252 62 21 adeln
872 252 32 21 till

84 280 158 20 statsutskottet
265 280 38 20 och
319 280 21 21 af
355 280 174 25 borgareständet
544 280 31 20 till
592 280 209 25 ekonomiutskottet,
818 280 86 21 föresla-

84 308 37 26 git,
142 309 32 19 att
194 307 181 27 borgareständet,
390 308 32 21 till
438 308 104 22 vinnande
558 308 22 21 af
593 308 217 22 öfverensstämmelse
825 308 6 20 i
846 309 59 21 stän-

85 336 51 22 dens
158 336 75 26 beslut,
256 337 72 26 mätte,
352 336 46 22 med
421 337 88 26 ändring
530 336 22 22 af
572 337 37 21 sitt
628 336 75 27 beslut,
719 337 109 21 remittera
843 337 62 21 dessa

84 365 155 27 propositioner
254 365 31 21 till
300 367 152 20 sammansatta
466 367 62 20 stats-
546 366 38 21 och
600 366 211 25 ekonomiutskottet;

153 435 19 26 €)
189 436 32 19 att
236 435 84 21 ståndet
334 434 93 26 godkänt
442 434 106 22 allmänna
558 433 202 22 besvärsutskottets
771 434 134 22 betänkande

84 469 35 15 n:o
139 463 20 25 2,
175 463 6 21 i
197 462 112 28 anledning
324 462 22 23 af
360 469 25 15 en
400 464 56 21 inom
472 463 156 22 bondeståndet
643 463 61 21 väckt
720 462 89 28 petition
825 469 34 15 om
875 463 31 22 in-

84 492 97 21 rättande
198 492 22 21 af
233 494 31 19 ett
279 492 93 27 apothek
386 492 6 20 i
408 492 75 21 Kittilä
498 493 89 25 socken;
603 494 55 19 samt

153 561 22 25 d)
191 562 32 19 att
237 561 84 21 ständet
336 560 89 21 rörande
441 560 105 22 allmänna
560 561 202 21 besvärsutskottets
774 560 132 21 betänkande

84 595 34 15 n:o
135 589 19 26 3,
171 589 48 21 med
234 589 110 26 anledning
361 589 21 21 af
396 591 75 19 tvenne
487 590 56 21 inom
559 589 156 21 bondeståndet
730 589 75 21 väckta
821 589 85 26 petitio-

84 624 38 15 ner
142 617 132 22 beträffande
296 617 212 27 provincialläkarnes
532 618 6 20 i
554 618 73 21 landet
642 617 57 22 antal
715 617 38 22 och
769 617 137 28 embetsskyl-

85 646 103 27 digheter,
204 647 81 25 antagit
300 646 40 21 den
356 646 143 21 betänkandet
514 645 98 28 bifogade
628 646 166 25 reservationen;

154 709 33 21 3:o
206 709 46 21 från
273 709 132 21 hedervärda
420 708 154 23 bondeståndet
589 709 22 21 af
624 709 41 21 den
683 709 25 20 16
723 709 7 20 i
746 709 69 20 denna
830 708 77 22 månad

85 737 48 22 med
148 737 206 27 tillkännagifvande,

153 796 20 25 a)
196 797 32 19 att
248 795 91 24 ständet,
362 795 26 26 pä
408 795 77 26 förslag
500 795 22 21 af
535 795 165 25 statsutskottet,
717 795 48 21 med
780 794 128 27 frängäende

85 824 21 21 af
128 825 31 20 ett
181 823 57 22 förut
259 823 78 22 fattadt
352 823 69 22 beslut
436 825 32 20 att
483 824 109 21 remittera
608 823 75 27 nädiga
699 823 159 27 propositionen
874 829 33 15 n:o

86 853 33 24 30,
138 852 108 26 angående
268 851 117 28 utgörande
405 852 21 21 af
448 852 113 26 bevilining
576 852 32 21 för
623 853 25 20 är
664 852 54 21 1878
735 851 38 22 och
790 851 117 26 påföljande

84 881 31 25 är,
139 880 32 22 till
193 881 229 26 bevillningsutskottet
443 883 87 23 ensamt,
552 881 86 20 beslutit
653 882 32 20 att
700 880 112 26 hänskjuta
827 880 6 20 i
849 879 58 27 fräga

85 909 92 22 varande
199 910 88 26 petition
309 909 32 22 till
363 909 127 26 behandling
513 909 22 22 af
555 909 56 22 såväl
633 911 64 20 stats-
711 915 45 15 som
773 908 135 27 bevillnings-

85 938 115 26 utskottet
191 934 12 34 ;

154 996 20 27 b)
189 997 33 20 att
237 996 85 21 ständet
336 996 34 21 vid
386 995 149 28 föredragning
550 995 22 22 af
585 995 107 22 allmänna
704 995 203 22 besvärsutskottets

85 1024 134 22 betänkande
240 1031 33 15 n:o
296 1025 20 26 3,
339 1025 48 21 med
408 1025 113 26 anledning
542 1023 22 23 af
587 1027 76 18 tvenne
679 1025 57 20 inom
752 1023 156 22 bondeständet

84 1053 76 22 väckta
179 1053 117 28 petitioner,
312 1053 130 22 beträffande
458 1053 212 27 provincialläkarnes
685 1053 7 21 i
708 1053 72 21 landet
795 1052 57 21 antal
868 1052 39 22 och

85 1082 230 27 embetsskyldigheter,
334 1082 52 21 efter
401 1082 89 21 slutförd
506 1083 118 20 diskussion
640 1082 39 21 och
695 1081 107 22 verkstäld
817 1083 90 20 omröst-

85 1111 56 27 ning,
161 1113 85 19 stannat
261 1112 6 20 i
282 1111 76 22 sädant
373 1111 75 24 beslut,
464 1113 32 19 att
511 1111 88 21 ärendet
613 1110 69 22 skulle
697 1111 7 20 i
719 1111 31 20 sin
766 1109 72 22 helhet
853 1111 55 20 äter-

85 1141 119 20 remitteras
222 1140 32 21 till
269 1140 105 21 allmänna
389 1139 191 22 besvärsutskottet
594 1139 32 21 för
642 1141 32 19 att
688 1139 95 26 undergä
799 1139 109 21 omarbet-

85 1168 50 27 ning
150 1169 7 20 i
172 1169 36 20 det
228 1168 60 27 syfte,
304 1169 6 20 i
326 1168 58 26 fråga
398 1168 93 21 varande
506 1167 178 28 petitionsförslag
699 1169 97 19 närmare
812 1167 93 26 angifva;

153 1225 47 22 frän
216 1231 79 16 samma
310 1225 62 22 ständ
387 1225 21 22 af
423 1225 39 22 den
478 1226 27 21 20
520 1225 80 22 dennes
615 1225 47 21 med
678 1224 162 26 underrättelse,

153 1283 21 26 a)
189 1284 32 19 att
236 1282 168 21 statsutskottets
419 1282 134 21 betänkande
569 1288 34 15 n:o
619 1282 20 26 2,
654 1282 7 20 i
676 1281 112 26 anledning
799 1281 23 21 af
832 1281 76 26 nädiga

86 1311 157 27 propositionen
266 1311 107 26 angäende
396 1311 118 26 beviljande
529 1310 23 21 af
565 1310 73 27 anslag
653 1310 31 21 till
700 1310 153 25 hushällnings-
869 1309 40 22 och

86 1339 245 27 landtbrukssällskapen
346 1340 7 20 i
368 1339 78 26 landet,
462 1340 22 21 af
498 1339 86 22 ståndet
594 1338 101 27 enhälligt
704 1338 69 21 blifvit
785 1338 122 27 godkändt
899 1334 13 37 ;

155 1397 23 26 b)
193 1399 33 18 att
240 1397 76 26 nädiga
331 1396 184 27 propositionerna
530 1402 34 15 n:o
580 1396 34 25 39,
630 1395 109 27 angäende
755 1395 122 21 inrättande
887 1395 22 21 af

87 1431 26 14 en
132 1425 77 20 allmän
231 1425 177 25 pensionsanstalt
428 1425 32 20 för
483 1424 142 21 befälhafvare
646 1425 38 20 och
708 1426 65 18 annat
790 1423 75 26 sjöfolk
882 1424 26 25 pä

87 1453 67 20 finska
169 1452 161 27 handelsfartyg,
347 1458 25 14 m.
388 1458 32 18 m.,
437 1452 39 20 och
491 1458 34 14 n:o
541 1453 34 24 42,
591 1451 108 26 angäende
712 1451 99 20 framtida
822 1451 86 20 förvalt-

87 1481 50 26 ning
160 1479 23 22 af
203 1479 147 27 Längmanska
364 1479 209 26 testamentsfonden,
589 1479 22 20 af
626 1479 153 21 bondeständet
795 1479 67 20 blifvit
878 1485 31 14 re-

87 1509 112 22 mitterade
215 1509 31 21 till
261 1508 212 25 ekonomiutskottet;
489 1509 55 20 samt
