1061 1806
326 125 161 18 Presteståndet
499 126 53 16 1877.
578 127 22 16 10
614 126 49 17 febr.
852 121 27 20 99

88 194 70 26 verka,
181 194 42 20 kan
238 193 46 21 icke
299 193 86 22 förväna
400 195 74 26 nägon,
490 200 45 15 som
550 195 12 20 &
578 200 39 15 ena
632 194 59 21 sidan
707 194 151 26 ihägkommer,
874 196 32 19 att

87 222 7 20 i
117 222 134 20 nationernas
274 222 23 21 lif
312 222 130 26 bildningens
457 223 81 21 frukter
553 223 54 21 blott
621 222 105 26 långsamt
741 228 83 20 mogna,
840 222 39 21 och
893 223 14 20 &

87 250 66 21 andra
176 250 66 26 sidan,
265 253 32 18 att
319 250 116 21 folkskolan
456 250 52 27 sjelf,
524 252 68 20 såsom
607 250 124 26 institution,
747 251 38 21 hos
802 256 33 16 oss
850 252 57 19 ännu

87 280 24 19 är
125 278 72 21 alltför
212 284 49 20 ung,
276 278 32 22 för
323 281 32 18 att
370 278 40 22 den
425 279 65 20 redan
506 279 96 21 öfverallt
616 278 68 21 skulle
694 278 97 22 kunnat
784 274 11 34 i
802 279 105 20 önskvärd

87 307 52 25 grad
154 306 97 21 tillvinna
266 307 31 26 sig
312 307 120 21 förtroende
448 306 39 22 hos
503 308 35 20 det
553 306 104 27 egentliga
672 306 73 22 folket.
760 306 77 22 Dertill
847 307 60 20 kom-

87 340 50 20 mer,
154 337 31 19 att
201 334 26 22 de
242 334 136 22 ekonomiska
393 335 139 26 tillgångarne
547 336 23 20 så
585 335 31 21 väl
628 335 38 21 hos
676 334 174 27 församlingarne
860 341 45 15 som

87 363 38 21 hos
148 364 69 20 staten
237 365 36 19 äro
289 364 122 20 inskränkta
426 364 39 20 och
481 364 18 25 ej
516 364 32 20 för
563 363 130 21 närvarande
709 364 38 21 och
762 364 82 26 knappt
858 363 7 21 i
880 370 25 14 en

87 391 92 27 aflägsen
193 391 86 22 framtid
295 392 123 27 möjliggöra
433 392 129 22 inrättandet
578 392 22 22 af
614 394 30 19 ett
659 392 23 21 så
697 394 55 20 stort
767 392 58 21 antal
840 392 66 26 högre

87 420 123 26 folkskolor,
226 423 31 19 att
272 421 71 27 hvarje
358 421 52 21 barn
426 421 67 21 skulle
509 421 70 21 kunna
594 420 89 22 beredas
693 420 81 22 tillfälle
785 422 32 20 att
827 420 79 22 besöka

87 455 25 16 en
128 449 72 22 sådan.

155 477 126 22 Emellertid
301 480 23 19 är
347 478 35 21 det
401 478 7 21 i
424 478 88 22 dubbelt
527 478 97 21 afseende
640 479 30 20 ett
684 478 119 26 betänkligt
817 477 89 27 faktum,

87 508 31 19 att
133 509 56 18 ännu
205 509 31 19 ett
251 507 24 20 så
289 509 55 18 stort
358 507 58 20 antal
431 507 122 21 kommuner
568 507 72 25 finnes,
657 507 37 21 der
709 507 18 26 ej
739 513 25 14 en
775 507 54 20 enda
840 507 65 25 högre

87 535 104 21 folkskola
214 535 87 21 kommit
320 535 6 20 i
342 535 67 26 stånd,
425 536 51 21 eller
491 542 36 15 ens
542 535 54 21 varit
611 535 95 26 påtänkt.
735 535 42 21 Det
794 535 38 20 bör
847 541 59 15 nem-

86 563 55 27 ligen
164 564 33 21 väl
220 563 151 27 ihågkommas,
394 566 32 19 att
448 564 72 25 hvarje
542 563 121 27 församling
678 564 38 21 har
731 566 31 19 ett
777 565 54 20 stort
847 564 58 21 antal

87 593 78 20 sådane
181 593 58 23 barn,
255 599 45 14 som
316 593 98 26 antingen
430 595 36 18 äro
483 593 96 20 värnlösa
595 592 51 21 eller
656 592 80 21 hvilkas
746 592 104 21 föräldrar
861 592 45 21 dels

87 621 66 20 sakna
168 621 99 26 förmåga,
284 621 44 21 dels
345 621 63 21 också
422 621 46 21 icke
483 621 49 26 vilja
547 623 31 19 att
594 621 72 26 sjelfve
682 621 95 21 meddela
793 621 45 20 sina
853 621 52 21 barn

87 655 36 15 ens
140 655 25 16 en
181 649 116 27 nödtorftig
311 649 147 27 läskunnighet
474 650 51 21 eller
540 650 26 21 de
581 649 65 22 första
657 649 119 27 begreppen
787 649 22 21 af
818 649 88 22 kristen-

88 679 47 20 dom
152 679 39 20 och
206 678 109 27 sedlighet.
346 678 48 22 Med
410 679 98 21 afseende
523 679 12 20 å
551 678 57 27 barn,
624 685 44 14 som
685 678 83 21 befinna
783 679 32 25 sig
829 679 7 20 i
847 679 58 20 detta

86 706 92 27 sorgliga
200 707 53 27 läge,
275 719 24 3 —
324 707 38 22 och
378 708 60 21 deras
454 707 58 22 antal
527 709 23 20 är
566 709 59 23 stort,
642 720 27 2 —
684 709 24 19 är
723 707 36 21 det
774 707 22 21 af
810 706 95 27 kristliga

85 735 47 22 skäl
147 736 160 26 församlingens
325 736 38 21 och
379 737 22 20 af
415 736 174 21 humanitetsskäl
604 738 80 19 statens
700 735 142 27 obestridliga
851 736 53 21 både

86 765 101 26 rättighet
202 764 39 22 och
256 765 59 26 pligt,
331 767 32 19 att
378 765 66 26 draga
458 765 82 26 försorg
555 765 79 26 derom,
645 767 32 18 att
687 764 81 21 tillfälle
779 764 32 21 till
821 765 84 25 kristlig

85 793 149 26 undervisning
256 793 39 21 och
310 793 123 27 uppfostran
449 794 23 21 åt
487 794 47 20 dem
549 793 93 24 beredes,
658 793 96 21 hvarföre
770 793 39 21 ock
825 793 58 21 såväl
898 793 7 21 i

84 822 130 27 kyrkolagen
229 828 44 15 som
289 822 6 20 i
311 822 83 26 nådigst
408 822 99 26 gällande
522 821 226 27 folkskoleförordning
758 822 80 26 tydliga
848 821 56 22 stad-

85 851 82 26 ganden
189 851 73 20 härom
285 851 55 27 ingå,
361 851 7 20 i
384 851 46 21 stöd
446 850 22 21 af
482 850 69 22 hvilka
566 850 130 27 stadganden
712 852 30 19 ett
757 851 65 25 något
837 852 68 19 större

85 879 58 21 antal
159 879 181 21 småbarnsskolor
354 880 27 25 på
396 885 74 15 senare
485 879 55 21 tider
554 879 6 20 i
576 878 174 27 församlingarne
761 878 105 27 inrättats,
877 880 26 19 än

84 907 55 22 hvad
155 907 135 21 härförinnan
306 908 54 21 varit
374 907 63 22 fallet.

153 936 50 21 Men
225 936 23 21 så
269 936 61 27 länge
353 936 45 21 icke
421 936 127 21 åtminstone
570 943 26 13 en
611 935 65 26 högre
691 934 104 23 folkskola
810 935 6 21 i
832 935 73 26 hvarje

83 964 100 21 kommun
206 964 73 27 finnes,
303 965 22 21 af
345 965 61 21 hvars
426 965 74 20 fordne
515 965 69 20 elever
598 963 99 27 lämplige
711 963 69 22 lärare
795 964 33 21 till
843 964 61 21 dessa

83 999 42 20 nog
147 992 103 26 behöfliga
271 993 183 22 småbarnsskolor
474 993 70 22 kunde
560 992 96 25 erhållas,
672 991 63 22 blifva
750 993 7 20 i
772 993 75 25 många
862 992 43 21 för-

83 1021 120 27 samlingar,
220 1021 31 21 till
267 1022 51 26 följd
333 1022 21 21 af
368 1021 52 22 total
436 1021 53 22 brist
504 1023 27 26 på
546 1021 98 27 lämplige
658 1021 68 21 lärare
734 1021 32 21 till
775 1021 129 21 sistnämnda

83 1049 79 26 skolor,
185 1050 72 26 lagens
280 1051 130 26 stadganden
432 1050 74 22 härom
529 1050 55 21 blott
605 1049 130 26 stadganden
759 1050 27 26 på
808 1051 95 25 pappret.

152 1079 84 20 Bristen
251 1079 27 26 på
293 1079 182 20 småbarnsskolor
491 1081 24 18 är
529 1079 47 21 åter
590 1078 6 21 i
612 1078 31 21 sin
659 1080 34 18 tur
708 1084 25 15 en
749 1078 63 21 orsak
823 1078 38 25 till,
872 1079 32 20 att

83 1113 48 14 man
147 1107 6 20 i
170 1107 25 21 de
210 1107 151 26 församlingar,
378 1107 37 21 der
430 1107 65 27 högre
509 1107 117 21 folkskolor
642 1106 67 21 blifvit
717 1106 113 25 inrättade,
838 1108 67 19 tvärt-

86 1137 56 19 emot
157 1135 176 27 folkskolelagens
349 1135 115 27 stadgande
480 1135 39 22 och
534 1135 21 22 af
569 1134 232 26 konsiderations-skäl,
816 1134 46 21 haft
872 1134 32 21 för

85 1170 59 18 vana,
168 1166 32 19 att
222 1165 6 20 i
251 1165 61 20 dessa
334 1164 71 21 skolor
420 1166 108 24 emottaga
543 1164 60 21 äfven
618 1163 78 21 sådane
712 1163 58 26 barn,
787 1169 44 15 som
848 1165 56 19 ännu

84 1192 82 27 knappt
181 1193 69 21 känna
267 1193 155 26 bokstäfverna,
437 1192 76 22 hvaraf
526 1195 44 19 stor
585 1191 107 28 ojemnhet
702 1192 63 21 bland
772 1191 131 22 folkskolans

85 1221 69 21 elever
170 1222 39 21 och
225 1224 51 18 nära
291 1222 27 26 på
334 1221 121 27 omöjlighet
470 1223 32 20 att
517 1221 70 27 uppnå
602 1221 35 20 det
652 1221 48 20 med
715 1221 41 20 den
771 1220 65 27 högre
851 1220 52 21 folk-

85 1249 74 22 skolan
174 1250 86 21 afsedda
275 1250 119 21 ändamålet
410 1250 54 21 varit
479 1257 26 14 en
520 1249 108 27 sjelffallen
643 1249 57 26 följd.

154 1279 39 25 Då,
209 1280 69 19 såsom
293 1278 62 21 häraf
368 1279 60 20 torde
443 1279 88 26 framgå,
548 1279 39 20 den
602 1277 66 26 högre
676 1277 118 22 folkskolan
804 1277 38 21 och
850 1279 54 20 små-

85 1306 170 25 barnsskolorna,
277 1307 59 26 långt
357 1307 53 22 ifrån
432 1309 33 19 att
487 1307 119 21 motarbeta
621 1306 123 26 hvarandra,
760 1308 92 19 tvärtom
868 1308 36 19 äro

85 1335 83 21 kallade
189 1337 30 20 att
241 1335 136 26 understödja
397 1336 40 21 den
458 1342 39 15 ena
513 1335 39 21 den
568 1335 71 26 andra,
656 1335 40 20 den
710 1335 57 20 förra
782 1340 75 20 genom
872 1337 33 19 att

85 1363 58 27 gifva
166 1365 25 20 de
207 1365 94 25 sednare,
317 1364 54 21 hvad
387 1364 71 27 hvarje
473 1364 61 21 skola
548 1363 74 22 främst
636 1363 105 26 behöfver,
758 1363 52 21 eller
825 1363 79 25 lärare,

85 1392 26 21 de
133 1393 89 21 sednare
238 1399 76 20 genom
329 1395 32 19 att
376 1393 54 26 gifva
446 1392 118 21 folkskolan
579 1391 128 27 tillbörligen
722 1391 126 22 förberedde
864 1392 40 21 ele-

85 1427 42 20 ver,
149 1427 61 20 synes
232 1421 42 26 mig
289 1421 62 21 häraf
363 1422 80 25 framgå
458 1421 41 20 den
515 1420 153 26 oundgängliga
682 1420 183 25 nödvändigheten
882 1420 21 20 af

85 1450 32 20 att
137 1449 7 21 i
168 1449 71 26 hvarje
259 1449 101 20 kommun
380 1449 127 21 åtminstone
522 1455 24 14 en
561 1448 64 27 högre
640 1447 109 26 folkskola,
766 1448 90 21 särskild
871 1448 32 21 för

85 1483 74 21 gossar
174 1477 39 22 och
227 1477 80 26 flickor,
323 1478 67 21 måste
405 1477 74 21 finnas.
