1053 1834
323 128 159 18 Presteståndet
495 129 52 17 1877.
572 130 14 16 4
597 128 58 22 april.
832 123 41 21 399

85 199 62 22 emot,
171 199 58 19 utom
252 198 35 20 det
302 197 64 22 redan
382 197 93 28 anförda,
490 200 32 20 att
537 198 65 22 arfvet
616 198 53 26 icke,
684 200 82 25 strängt
781 200 64 25 taget,
860 198 42 22 kan

84 226 91 26 grundas
199 226 25 26 på
247 227 70 25 någon
339 226 107 27 rättighet,
468 228 118 25 anmärkas,
602 229 31 19 att
647 233 81 15 samma
743 226 67 22 blefve
825 227 77 21 förhål-

83 254 72 22 landet
177 260 75 21 genom
274 257 31 19 ett
326 256 27 25 på
374 255 47 27 laga
435 257 39 25 väg
489 255 126 21 tillkommet
630 255 58 26 barn,
704 257 22 25 ty
740 261 75 21 genom
831 255 72 27 hvarje

83 282 60 26 barn,
164 288 45 16 som
231 282 58 22 födes
304 283 7 21 i
326 284 144 26 äktenskapet,
491 284 125 21 förminskas
636 283 35 21 det
686 283 116 21 förstfödda
816 284 87 21 barnets

83 310 33 23 arf
129 313 51 19 utan
196 313 32 19 att
243 311 36 22 det
293 312 75 21 hittills
383 314 80 20 ansetts
478 318 50 16 vara
542 312 46 22 skäl
603 314 32 20 att
649 312 63 27 klaga
727 312 100 22 deröfver.

151 368 90 22 Prosten
262 369 188 26 Rosengren:
480 369 41 27 Jag
542 370 38 21 har
601 369 75 27 begärt
694 368 60 23 ordet
769 370 47 21 med
832 369 71 21 anled-

82 398 51 26 ning
155 397 21 22 af
191 397 25 22 de
231 398 22 21 af
266 398 107 26 professor
386 398 103 22 Forsman
505 401 56 19 emot
576 398 43 22 min
633 398 130 22 reservation
778 398 73 27 gjorda
867 404 35 15 an-

82 426 169 26 märkningarna,
266 432 45 16 som
327 426 60 22 äfven
401 426 68 22 blifvit
484 427 142 22 understödda
641 427 22 21 af
675 426 105 27 professor
792 426 109 22 Ehrström

83 454 39 22 och
145 455 65 21 andra
233 455 62 21 värde
318 455 73 22 talare.
420 455 40 27 Jag
481 455 41 22 kan
542 455 104 28 nämligen
662 455 46 21 icke
722 461 52 16 anse
790 455 59 21 dessa
864 461 37 15 an-

82 483 134 27 märkningar
231 489 51 16 vara
297 483 106 27 befogade.
436 485 11 20 7
463 484 12 27 S
491 485 13 20 8
519 484 48 27 kap.
582 485 26 20 Ä.
623 484 30 25 B.,
668 484 63 21 hvars
741 483 120 27 förändring
872 489 28 15 nu

82 514 23 19 är
120 512 6 21 i
143 511 64 27 fråga,
223 511 128 22 bestämmer
366 515 32 19 att
413 513 63 21 oäkta
490 513 60 26 barn,
568 513 21 22 af
603 512 70 21 hvilka
688 512 56 21 olika
759 513 120 26 kategorier
893 513 6 19 i

81 541 125 27 paragrafen
220 541 127 26 uppräknas,
363 541 45 22 icke
424 541 61 22 hafva
500 543 68 25 någon
584 541 91 22 arfsrätt.
707 541 33 21 Nu
755 543 24 19 är
794 541 36 21 det
841 541 59 26 fråga

82 575 33 15 om
137 571 32 19 att
191 569 55 27 gifva
265 569 48 22 dem
329 569 92 22 arfsrätt.
451 571 44 20 Här
509 569 64 23 fästes
588 570 45 22 icke
648 569 98 22 afseende
761 570 27 27 på
804 569 25 21 de
844 569 57 21 olika

81 598 119 27 kategorier
216 597 25 22 de
257 598 70 21 kunna
342 598 90 25 tillhöra,
448 601 50 19 utan
514 599 55 21 blott
584 599 70 26 derpå,
670 598 67 22 under
752 597 70 22 hvilka
832 597 68 22 vilkor

82 626 63 21 oäkta
168 627 52 20 barn
242 627 72 21 kunna
334 626 64 22 ärfva.
428 627 10 21 I
458 627 58 22 detta
532 627 96 22 afseende
643 627 62 21 hafva
720 627 21 21 af
755 627 63 26 någre
834 626 67 22 talare

81 656 95 25 uttalats,
198 657 32 19 att
244 655 59 26 barn,
320 655 66 22 aflade
401 655 6 21 i
422 655 89 22 hordom
526 656 51 21 eller
591 655 110 28 förbjuden
716 655 40 27 led,
772 655 46 21 icke
833 655 68 21 skulle

81 683 21 22 få
125 683 63 22 ärfva.
217 684 42 21 Det
281 684 68 21 skulle
368 684 54 21 dock
437 685 83 22 komma
535 688 32 18 att
581 685 56 26 gifva
651 684 112 27 anledning
778 684 32 21 till
825 684 76 26 många

81 713 135 26 svärigheter.
248 713 61 21 Huru
328 713 53 21 skall
403 719 49 15 man
467 716 15 19 t.
498 719 30 16 ex.
544 715 27 26 gä
586 713 91 26 tillväga,
694 719 34 15 om
744 719 25 15 en
785 719 54 17 man,
854 718 45 15 som

81 743 24 19 är
127 741 44 27 gift,
189 741 56 21 förut
266 742 39 20 har
327 743 32 20 ett
373 741 52 22 barn
441 743 47 20 med
504 749 25 14 en
544 741 52 27 ogift
611 743 76 24 gvinna
702 741 39 21 och
757 741 35 21 vill
808 741 93 20 erkänna

82 770 51 21 det?
162 769 64 22 Detta
249 769 53 22 barn
324 771 25 20 är
370 769 45 22 födt
430 771 6 20 i
451 771 95 25 hordom,
561 771 39 21 och
615 770 73 21 fadern
703 770 33 21 får
751 769 91 22 erkänna
859 769 42 27 det,

82 798 65 27 enligt
162 798 136 27 paragrafens
314 799 85 27 lydelse,
416 805 52 20 men,
485 800 65 25 enligt
564 799 156 27 professorerne
735 798 113 21 Forsmans
861 797 39 22 och

81 827 123 21 Ehrströms
226 827 143 34 formulering,
389 827 67 22 skulle
479 828 58 22 detta
559 828 53 21 barn
633 827 46 22 icke
700 827 22 21 få
744 826 64 22 ärfva.
838 826 8 21 I
862 826 37 21 fall

82 856 68 21 denna
165 855 54 27 äsigt
234 857 39 25 gör
288 857 31 26 sig
334 855 102 28 gällande,
451 856 41 22 blir
506 857 72 26 frägan
594 863 25 15 en
634 856 44 21 helt
693 861 76 16 annan.

150 884 43 21 För
215 884 68 27 öfrigt,
305 891 34 15 om
362 885 138 27 anmärkning
520 888 62 30 göres
602 891 33 15 om
651 883 181 28 nödvändigheten
847 883 53 22 att
887 879 16 37 i

81 913 116 22 allmänhet
212 913 148 23 omformulera
374 914 131 27 paragrafen,
521 914 35 22 vill
570 914 35 27 jag
616 913 114 27 ingalunda
742 914 100 20 motsätta
852 912 48 27 mig,

81 944 32 20 att
136 942 40 22 den
199 942 70 22 kunde
288 942 70 22 bättre
377 943 123 22 formuleras
515 945 26 19 än
557 949 28 15 nu
600 942 61 28 skett,
676 948 48 16 men
740 942 68 21 denna
824 941 77 21 omfor-

81 971 104 27 mulering
207 971 39 21 bör
267 971 27 22 dä
309 972 36 21 ske
360 972 27 26 pä
403 972 35 21 det
452 974 49 25 sätt,
516 975 31 19 att
562 972 46 22 icke
622 971 49 22 hela
685 970 147 28 grundtanken
846 970 7 21 i
868 976 32 15 re-

81 1000 132 22 servationen
228 1000 117 22 förändras.

150 1057 143 32 Domprosten
307 1057 91 27 Borg:
414 1058 40 26 Jag
464 1058 92 26 begärde
567 1057 61 22 ordet
638 1057 75 21 endast
722 1057 34 21 för
766 1058 33 20 att
809 1056 92 26 tillägga,

81 1088 32 19 att
136 1086 61 21 äfven
216 1086 37 27 jag
275 1092 62 15 anser
359 1074 26 34 en
407 1074 172 34 omformulation
598 1086 22 21 af
633 1086 132 26 paragrafen,
780 1085 65 21 sädan
861 1085 38 21 den

80 1114 113 22 förefinnes
209 1115 5 21 i
231 1115 73 21 herrar
325 1115 131 27 Rosengrens
480 1115 39 22 och
540 1114 89 22 Fabritii
651 1115 137 25 reservation,
808 1120 51 15 vara
873 1113 28 27 pä

81 1144 36 21 det
139 1144 77 26 högsta
238 1144 23 21 af
281 1144 75 21 nöden.
385 1144 39 26 Jag
446 1144 40 21 har
505 1144 45 22 icke
566 1144 47 21 från
629 1143 74 27 början
718 1143 54 22 varit
788 1143 50 26 nöjd
852 1143 48 20 med

81 1172 74 27 sjelfva
176 1172 141 28 stiliseringen
340 1172 39 22 och
403 1172 100 22 behöfver
517 1173 46 21 icke
578 1178 38 16 ens
630 1173 90 25 påpeka,
735 1174 33 20 att
782 1172 36 21 det
832 1170 70 22 blefve

81 1208 25 14 en
122 1202 104 26 väsentlig
241 1202 62 20 lucka
318 1202 7 20 i
341 1201 164 27 lagstiftningen,
520 1208 33 14 om
569 1207 49 15 man
632 1201 47 21 icke
690 1201 68 21 skulle
770 1200 44 22 deri
824 1200 77 21 beröra

81 1230 59 25 barn,
164 1236 45 15 som
231 1232 38 26 äro
291 1230 69 22 aflade
382 1230 6 21 i
411 1230 88 22 hordom
515 1230 51 21 eller
581 1230 111 26 förbjuden
707 1230 41 20 led.
779 1230 41 20 Det
835 1228 65 22 stäri

82 1260 11 20 7
110 1260 11 26 &
138 1260 12 20 8
165 1259 49 27 kap.
231 1260 24 20 A.
270 1260 37 20 B.:
324 1258 71 27 ,Aflar
410 1266 48 14 man
474 1260 52 20 barn
537 1261 59 19 utom
607 1258 48 28 laga
665 1258 125 27 äktenskap,
802 1258 35 21 det
847 1258 53 20 barn

81 1287 35 22 mä
131 1288 33 21 arf
177 1289 60 26 njuta
251 1288 54 21 efter
321 1288 39 21 den
375 1288 60 21 fader
450 1288 52 22 eller
515 1288 74 21 moder
604 1294 46 15 o.s.
661 1294 19 15 v.
709 1288 61 20 Dock
781 1293 50 15 vare
841 1286 60 21 fader

81 1316 43 22 lika
145 1317 47 21 med
214 1317 74 21 moder
309 1316 83 27 skyldig
407 1319 32 18 att
454 1318 37 20 sitt
506 1316 64 22 oäkta
585 1316 53 22 barn
653 1316 125 21 underhälla
794 1316 39 21 och
847 1321 53 20 upp-

81 1345 73 25 fostra,
176 1345 32 21 till
231 1346 48 20 dess
295 1345 36 22 det
345 1346 31 26 sig
393 1346 47 26 sjelf
453 1346 90 26 försörja
558 1346 62 20 kan".
649 1345 76 21 Denna
740 1344 102 27 rättighet
857 1344 44 21 till-

81 1373 104 22 erkänner
208 1373 61 22 äfven
291 1373 38 22 vär
344 1373 97 27 gällande
456 1374 106 21 allmänna
576 1373 36 27 lag
626 1373 60 26 barn,
701 1379 45 15 som
762 1375 36 19 äro
814 1372 65 21 födda
893 1372 9 21 i

81 1402 90 21 hordom
195 1402 50 21 eller
267 1402 113 27 förbjuden
399 1402 39 27 led,
455 1402 105 27 nämligen
576 1404 32 19 att
624 1403 24 20 de
664 1402 61 21 skola
739 1401 22 22 fä
775 1401 124 27 uppfostran

81 1431 23 20 af
124 1431 47 21 icke
191 1431 91 21 allenast
304 1431 73 21 moder
399 1433 51 19 utan
472 1431 40 21 ock
526 1431 23 21 af
562 1431 64 21 fader.
656 1430 65 21 Detta
736 1430 68 21 skulle
819 1430 85 21 således.

81 1459 66 20 blifva
162 1465 25 14 en
203 1460 44 25 sak,
264 1465 45 14 som
324 1459 45 20 helt
384 1459 70 20 enkelt
469 1459 67 20 skulle
552 1459 50 20 falla
617 1459 54 24 bort,
686 1459 7 20 i
707 1458 37 21 fall
759 1465 49 14 man
824 1460 75 23 antoge

81 1489 170 19 reservanternes
273 1487 81 26 förslag
377 1487 31 21 till
430 1486 138 27 paragrafens
588 1486 142 21 formulation.
760 1486 41 26 Jag
815 1485 86 21 förenar

81 1515 42 27 mig
143 1515 70 22 derför
228 1515 47 21 med
291 1515 54 27 dem,
361 1521 46 15 som
422 1517 77 25 antaga
514 1516 170 20 reservanternes
699 1514 55 27 äsigt
768 1514 7 20 i
791 1514 47 21 dess
852 1513 49 21 huf-
