1053 1834
177 139 41 21 510
380 144 160 18 Presteständet
553 144 54 17 1877.
631 144 27 17 20
671 143 58 21 april.

148 214 47 21 3:ne
219 215 93 19 moment
334 214 70 20 såsom
426 212 174 22 hufvudmoment
622 212 7 21 i
651 212 204 26 qvinnobildningen.
891 212 75 21 Denna

148 242 124 21 distinktion
288 243 24 19 är
327 242 87 21 alldeles
430 241 71 27 riktig.
530 241 82 21 Endast
627 247 75 20 genom
718 242 33 20 att
763 240 45 27 just
822 240 58 22 hålla
895 241 5 20 i
913 241 53 26 sigte

148 271 62 21 dessa
232 271 12 20 3
267 272 93 20 moment
380 272 24 19 är
426 270 37 21 det
477 270 82 26 möjligt
575 271 32 20 att
621 270 45 21 lösa
682 270 74 23 denna,
772 269 122 27 visserligen
909 269 57 21 svår-

147 300 56 20 lösta
222 299 66 27 fråga.
319 298 49 22 Men
388 298 34 22 för
437 298 42 22 min
496 298 33 21 del
544 300 46 20 tror
603 298 42 27 jag,
661 300 32 19 att
708 304 25 15 en
749 297 122 22 återremiss
885 298 33 21 till
933 300 33 19 ut-

148 328 81 21 skottet
250 328 46 20 icke
315 330 24 18 är
354 327 105 27 påkallad.
488 327 31 27 Ty
533 333 50 15 man
597 326 68 22 måste
681 327 33 20 väl
729 327 87 25 förutse,
832 329 32 19 att
879 326 26 22 de
920 333 46 20 per-

147 362 68 20 soner,
238 356 72 21 hvilka
329 356 86 21 komma
437 358 32 19 att
491 356 50 20 sitta
563 355 7 21 i
593 356 40 20 den
654 355 105 21 blifvande
775 355 99 26 komitén,
891 361 34 15 om
941 361 25 15 en

147 385 66 21 sådan
235 384 95 22 kommer
346 384 32 21 till
393 384 69 26 stånd,
477 384 60 21 skola
553 384 45 21 inse
614 384 40 21 och
668 384 78 21 beakta
762 384 62 21 dessa
838 384 129 26 hufvudsyn-

147 414 97 26 punkter.
260 425 28 3 —
302 413 76 26 Någon
400 413 68 21 talare
490 413 39 21 har
543 414 74 25 yttrat,
632 414 33 20 att
680 418 34 16 om
729 419 49 15 man
793 414 98 20 närmare
905 418 62 21 gran-

147 442 52 21 skar
221 442 69 21 denna
311 442 96 26 petition,
429 442 96 20 kommer
546 448 48 14 man
617 442 32 20 till
672 441 36 21 det
730 441 52 21 eller
797 442 36 21 det
847 440 119 23 resultatet.

147 470 105 21 Hvarföre
274 470 54 21 skall
351 476 47 15 man
415 472 97 19 närmare
527 470 92 27 granska
634 470 74 27 sjelfva
722 469 129 27 petitionen?
881 469 46 22 Den
943 472 24 19 är

146 499 118 27 inspirerad
278 499 23 21 af
314 499 74 21 känsla
404 499 39 21 och
458 501 72 19 värme
546 499 39 21 och
596 499 33 21 väl
640 498 51 21 värd
702 498 39 21 allt
752 499 142 21 erkännande.
917 498 49 21 Men

147 527 128 22 åtminstone
288 527 37 27 jag
340 528 67 21 måste
422 534 56 20 anse,
494 529 32 19 att
541 528 41 21 den
596 527 47 22 icke
658 529 24 19 är
693 527 75 27 riktigt
777 528 34 20 väl
821 528 144 25 genomtänkt.

147 556 65 21 Detta
227 556 77 21 skadar
320 556 54 21 dock
388 556 47 21 icke
451 556 73 26 sjelfva
539 556 71 21 saken.
640 555 144 22 Petitionären
800 557 105 20 erkänner
919 556 49 26 sjelf

148 585 32 20 sin
203 584 108 27 oförmåga
326 586 32 19 att
373 585 118 21 framställa
506 585 66 21 saken
587 584 127 27 fullkomligt
729 584 93 27 allsidigt
837 585 39 20 och
891 585 75 21 konse-

148 617 69 23 qvent.
239 613 47 22 Han
302 613 104 21 erkänner
421 613 60 21 detta
495 613 87 22 alldeles
597 613 145 26 anspråkslöst
758 613 39 21 och
810 613 65 26 begär
885 614 80 23 endast,

147 644 33 19 att
202 648 25 15 en
250 641 79 22 komité
350 641 65 22 måtte
436 642 100 21 tillsättas
559 642 32 21 för
613 644 32 18 att
660 641 76 21 utreda
751 641 81 27 frågan.
861 641 51 22 Man
927 642 39 21 har

147 671 105 25 anmärkt,
274 672 33 19 att
330 677 25 14 en
377 669 79 22 komité
477 670 47 21 icke
546 670 80 21 förmår
640 672 51 24 göra
706 670 42 26 det,
763 672 32 19 att
810 671 103 21 komitéer
929 672 36 19 äro

147 699 101 27 lämpliga
269 699 56 21 blott
338 699 36 21 vid
389 699 117 22 utredande
521 699 23 21 af
557 699 155 27 specialfrågor.
742 699 41 27 Jag
797 701 45 20 tror
858 699 61 26 dock,
934 701 33 19 att

147 734 26 15 en
189 729 23 20 så
227 727 117 27 mångsidig
358 727 66 27 fråga,
439 734 45 15 som
500 729 75 24 denna,
590 727 46 22 icke
651 727 123 28 lämpligare
789 727 42 22 kan
845 728 7 21 i
868 728 97 21 afseende

147 757 12 20 å
181 757 73 20 vidare
276 756 127 27 behandling
418 756 129 27 förberedas,
565 759 26 19 än
604 757 44 26 just
662 763 76 20 genom
754 763 26 14 en
796 757 85 25 komité6,
896 757 69 21 såsom

147 785 64 22 också
226 785 65 21 redan
307 785 155 22 reservationen
478 785 127 26 framhåller,
621 787 31 19 att
667 786 7 20 i
689 786 116 21 allmänhet
817 786 148 21 företrädesvis

147 815 26 20 de
188 816 58 19 stora
262 814 39 21 och
317 813 106 22 allmänna
439 813 100 27 frågorna
554 816 37 19 äro
606 814 100 27 lämpliga
722 816 32 19 att
768 820 50 15 vara
834 814 88 21 föremål
932 814 34 21 för

147 842 247 22 komitéverksamheten.
420 842 43 21 För
479 843 62 26 öfrigt
556 846 46 18 tror
613 843 37 26 jag
665 843 67 24 äfven,
748 845 32 19 att
795 849 33 15 om
844 849 26 15 en
886 843 81 21 komité

147 871 68 22 blefve
238 871 82 27 tillsatt,
343 871 54 21 skall
420 872 39 21 den
481 872 46 21 icke
549 878 52 15 vara
623 872 23 21 så
668 871 104 27 kortsynt,
795 874 32 19 att
842 872 41 21 den
898 871 68 22 skulle

147 901 132 25 emancipera
300 901 32 25 sig
353 900 47 22 från
420 900 208 28 qvinnobildningens
643 901 7 20 i
665 900 73 22 landet
753 900 112 22 historiska
881 901 85 21 utveck-

146 929 50 27 ling,
219 932 51 18 utan
292 929 68 21 skulle
382 928 93 22 komitén
493 930 34 20 väl
542 932 49 24 taga
605 929 81 27 hänsyn
701 929 32 21 till
748 929 56 21 hvad
819 936 45 14 som
879 930 66 20 redan
960 930 7 20 i

147 958 36 21 det
205 957 107 22 afseendet
329 958 112 21 förefinnes
457 958 39 20 och
510 958 69 28 bygga
593 958 72 21 vidare
680 957 72 28 derpå,
767 960 51 19 utan
834 960 31 26 att
880 958 28 26 på
923 959 44 20 rin-

147 987 60 26 gaste
220 988 43 20 sätt
278 987 62 20 träda
355 986 32 21 för
402 988 39 19 när
455 986 54 21 hvad
525 992 45 16 som
585 986 66 22 redan
666 988 24 20 är
705 989 85 19 vunnet.
805 998 28 4 —
847 986 68 22 Äfven
930 993 37 15 an-

147 1021 34 15 ser
201 1015 37 27 jag
260 1015 35 21 det
312 1021 51 15 vara
378 1015 73 27 nödigt
466 1017 32 19 att
512 1022 109 15 reservera
636 1016 42 26 mig
693 1018 45 19 mot
753 1016 40 20 den
808 1015 157 27 förutsättning,

147 1050 45 15 som
214 1046 73 24 pastor
307 1044 136 21 Westerlund
458 1044 85 22 uttalat.
571 1045 41 26 Jag
627 1047 44 19 tror
686 1044 52 26 icke,
754 1046 33 20 att
801 1050 49 16 man
866 1045 101 21 betackar

147 1072 32 27 sig
197 1072 33 22 för
252 1073 34 21 det
302 1072 100 28 sällskap,
418 1079 44 15 som
477 1076 74 24 pastor
566 1074 134 21 Westerlund
715 1074 40 21 här
770 1074 58 21 ställt
843 1074 7 20 i
866 1074 100 26 perspek-

148 1102 34 26 tiv,
199 1103 51 19 utan
264 1103 46 20 tror
324 1102 35 26 jag
374 1103 99 25 tvärtom,
489 1104 32 19 att
536 1102 35 22 det
587 1104 24 19 är
626 1102 35 21 det
675 1102 112 27 vigtigaste
806 1102 39 22 och
859 1104 55 20 mest
930 1103 36 21 be-

147 1130 161 27 hjertansvärda
318 1136 62 16 mom.
396 1132 6 19 i
418 1130 48 22 hela
476 1130 81 27 frågan,
568 1130 96 22 hvarföre
674 1131 35 27 jag
719 1133 24 19 är
754 1131 122 27 öfvertygad
887 1131 80 27 derom,

147 1161 32 19 att
195 1165 47 15 man
257 1159 84 27 mycket
355 1166 66 20 gerna
436 1160 54 20 skall
505 1160 58 21 hålla
577 1160 33 21 till
624 1160 55 26 godo
695 1160 48 21 med
759 1160 60 21 detta
834 1160 99 27 sällskap.

214 1215 111 22 Professor
347 1216 131 22 Donner:
508 1216 34 22 Då
564 1216 25 22 de
607 1216 61 22 festa
682 1216 24 22 af
719 1217 95 21 ståndets
829 1218 138 21 medlemmar

146 1244 63 21 hafva
231 1245 78 21 uttalat
324 1244 32 27 sig
370 1245 8 20 i
393 1245 35 21 det
443 1246 61 26 syfte,
520 1248 32 18 att
568 1245 39 21 den
623 1245 145 22 betänkandet
784 1246 97 26 bifogade
897 1252 69 15 reser-

146 1273 100 21 vationen
267 1273 67 21 måtte
354 1274 129 27 godkännas,
502 1274 79 20 tillåter
596 1274 34 26 jag
644 1274 43 26 mig
704 1274 44 21 deri
762 1276 53 24 göra
830 1280 25 15 en
870 1274 96 27 ändring,

146 1307 45 15 som
214 1308 62 20 synes
298 1302 88 21 alldeles
400 1302 69 26 nödig.
498 1302 44 21 Der
556 1302 45 21 står
616 1303 104 26 nämligen
736 1305 32 19 att
782 1309 49 15 man
846 1303 66 21 måtte
928 1310 38 14 an-

146 1329 58 22 hålla
224 1336 33 14 om
279 1330 139 22 nedsättande
433 1331 24 21 af
471 1337 25 14 en
511 1331 85 25 komité,
611 1337 44 15 som
672 1331 52 27 egde
740 1330 125 28 ,öfverväga
881 1331 39 22 och
935 1332 32 25 sig

146 1358 68 22 utlåta
236 1364 40 20 om,
296 1358 39 21 och
349 1359 7 20 i
372 1358 54 21 hvad
441 1365 56 18 mon,
513 1359 105 26 åtgärder,
633 1359 110 26 åsyftande
758 1360 154 26 befrämjandet
927 1360 38 20 och

145 1386 102 25 höjandet
269 1386 22 21 af
312 1386 41 21 den
375 1386 68 21 finska
458 1387 101 26 gvinnans
575 1387 99 26 bildning,
690 1387 72 21 kunna
778 1387 39 21 och
832 1388 52 21 böra
898 1387 69 22 vidta-

145 1415 56 25 gas”.
231 1414 41 27 Jag
294 1413 114 27 förmodar,
431 1416 32 19 att
483 1415 61 25 ingen
560 1415 23 20 af
595 1415 95 21 ständets
705 1416 137 21 medlemmar
857 1416 41 21 kan
913 1415 53 27 hysa

145 1441 69 27 nägon
237 1442 78 21 tvekan
337 1443 80 26 derom,
433 1444 32 20 att
479 1443 100 27 ätgärder
594 1443 106 27 verkligen
716 1443 76 22 kunna
806 1444 104 27 vidtagas,
926 1444 39 21 och

145 1473 40 19 när
207 1477 47 16 man
276 1471 66 27 yrkar
362 1471 27 27 pä
412 1478 24 15 en
459 1472 66 21 sådan
540 1472 85 26 komité,
641 1472 125 23 förutsätter
782 1479 49 16 man
846 1474 71 26 redan,
933 1475 33 20 att

147 1500 40 21 den
206 1500 108 27 verkligen
334 1500 55 21 skall
404 1500 71 22 kunna
489 1501 79 22 föreslä
583 1501 63 27 nägot
662 1502 108 27 antagligt.
800 1503 40 26 Jag
855 1503 48 21 ville
919 1503 46 21 der-

145 1530 40 25 för,
201 1529 27 21 dä
244 1529 56 21 olika
315 1529 64 22 tanke
394 1529 42 21 kan
452 1529 62 27 hysas
529 1536 34 15 om
579 1529 40 22 den
631 1531 145 28 utsträckning
788 1531 106 22 komit6ns
905 1531 60 23 verk-
