<?xml version="1.0" encoding="UTF-8"?>
<alto xmlns="http://www.loc.gov/standards/alto/ns-v3#" xmlns:xlink="http://www.w3.org/1999/xlink" xmlns:xsi="http://www.w3.org/2001/XMLSchema-instance" xsi:schemaLocation="http://www.loc.gov/standards/alto/ns-v3# http://www.loc.gov/alto/v3/alto-3-0.xsd">
	<Description>
		<MeasurementUnit>pixel</MeasurementUnit>
		<sourceImageInformation>
			<fileName>/tmp/tess_tvmr5fpy_input.PNG</fileName>
		</sourceImageInformation>
		<OCRProcessing ID="OCR_0">
			<ocrProcessingStep>
				<processingSoftware>
					<softwareName>tesseract 5.3.4</softwareName>
				</processingSoftware>
			</ocrProcessingStep>
		</OCRProcessing>
	</Description>
	<Layout>
		<Page WIDTH="1056" HEIGHT="1811" PHYSICAL_IMG_NR="0" ID="page_0">
			<PrintSpace HPOS="0" VPOS="0" WIDTH="1056" HEIGHT="1811">
				<ComposedBlock ID="cblock_0" HPOS="184" VPOS="129" WIDTH="556" HEIGHT="26">
					<TextBlock ID="block_0" HPOS="184" VPOS="129" WIDTH="556" HEIGHT="26">
						<TextLine ID="line_0" HPOS="184" VPOS="129" WIDTH="556" HEIGHT="26">
							<String ID="string_0" HPOS="184" VPOS="129" WIDTH="43" HEIGHT="21" WC="0.96" CONTENT="490"/><SP WIDTH="171" VPOS="129" HPOS="227"/>
							<String ID="string_1" HPOS="398" VPOS="131" WIDTH="160" HEIGHT="19" WC="0.91" CONTENT="Presteståndet"/><SP WIDTH="12" VPOS="131" HPOS="558"/>
							<String ID="string_2" HPOS="570" VPOS="133" WIDTH="55" HEIGHT="18" WC="0.96" CONTENT="1877."/><SP WIDTH="23" VPOS="133" HPOS="625"/>
							<String ID="string_3" HPOS="648" VPOS="135" WIDTH="22" HEIGHT="16" WC="0.96" CONTENT="17"/><SP WIDTH="12" VPOS="135" HPOS="670"/>
							<String ID="string_4" HPOS="682" VPOS="133" WIDTH="58" HEIGHT="22" WC="0.89" CONTENT="april."/>
						</TextLine>
					</TextBlock>
				</ComposedBlock>
				<GraphicalElement ID="cblock_1" HPOS="189" VPOS="162" WIDTH="768" HEIGHT="7"></GraphicalElement >
				<ComposedBlock ID="cblock_2" HPOS="156" VPOS="203" WIDTH="821" HEIGHT="108">
					<TextBlock ID="block_1" HPOS="156" VPOS="203" WIDTH="821" HEIGHT="108">
						<TextLine ID="line_1" HPOS="224" VPOS="203" WIDTH="751" HEIGHT="27">
							<String ID="string_5" HPOS="224" VPOS="204" WIDTH="120" HEIGHT="26" WC="0.96" CONTENT="Föredrogs"/><SP WIDTH="15" VPOS="204" HPOS="344"/>
							<String ID="string_6" HPOS="359" VPOS="204" WIDTH="39" HEIGHT="21" WC="0.93" CONTENT="och"/><SP WIDTH="15" VPOS="204" HPOS="398"/>
							<String ID="string_7" HPOS="413" VPOS="203" WIDTH="113" HEIGHT="22" WC="0.91" CONTENT="bordlades"/><SP WIDTH="16" VPOS="203" HPOS="526"/>
							<String ID="string_8" HPOS="542" VPOS="203" WIDTH="214" HEIGHT="22" WC="0.92" CONTENT="ekonomiutskottets"/><SP WIDTH="10" VPOS="203" HPOS="756"/>
							<String ID="string_9" HPOS="766" VPOS="203" WIDTH="134" HEIGHT="22" WC="0.96" CONTENT="betänkande"/><SP WIDTH="10" VPOS="203" HPOS="900"/>
							<String ID="string_10" HPOS="910" VPOS="209" WIDTH="35" HEIGHT="15" WC="0.93" CONTENT="n:o"/><SP WIDTH="11" VPOS="209" HPOS="945"/>
							<String ID="string_11" HPOS="956" VPOS="204" WIDTH="19" HEIGHT="25" WC="0.96" CONTENT="6,"/>
						</TextLine>
						<TextLine ID="line_2" HPOS="156" VPOS="231" WIDTH="821" HEIGHT="28">
							<String ID="string_12" HPOS="156" VPOS="232" WIDTH="6" HEIGHT="21" WC="0.96" CONTENT="i"/><SP WIDTH="23" VPOS="232" HPOS="162"/>
							<String ID="string_13" HPOS="185" VPOS="232" WIDTH="113" HEIGHT="27" WC="0.96" CONTENT="anledning"/><SP WIDTH="22" VPOS="232" HPOS="298"/>
							<String ID="string_14" HPOS="320" VPOS="232" WIDTH="24" HEIGHT="21" WC="0.95" CONTENT="af"/><SP WIDTH="14" VPOS="232" HPOS="344"/>
							<String ID="string_15" HPOS="358" VPOS="234" WIDTH="30" HEIGHT="20" WC="0.95" CONTENT="ett"/><SP WIDTH="14" VPOS="234" HPOS="388"/>
							<String ID="string_16" HPOS="402" VPOS="232" WIDTH="57" HEIGHT="21" WC="0.96" CONTENT="inom"/><SP WIDTH="16" VPOS="232" HPOS="459"/>
							<String ID="string_17" HPOS="475" VPOS="232" WIDTH="131" HEIGHT="21" WC="0.96" CONTENT="hedervärda"/><SP WIDTH="15" VPOS="232" HPOS="606"/>
							<String ID="string_18" HPOS="621" VPOS="231" WIDTH="155" HEIGHT="22" WC="0.96" CONTENT="bondeståndet"/><SP WIDTH="15" VPOS="231" HPOS="776"/>
							<String ID="string_19" HPOS="791" VPOS="231" WIDTH="63" HEIGHT="22" WC="0.93" CONTENT="väckt"/><SP WIDTH="13" VPOS="231" HPOS="854"/>
							<String ID="string_20" HPOS="867" VPOS="232" WIDTH="110" HEIGHT="27" WC="0.92" CONTENT="petitions-"/>
						</TextLine>
						<TextLine ID="line_3" HPOS="158" VPOS="260" WIDTH="818" HEIGHT="27">
							<String ID="string_21" HPOS="158" VPOS="260" WIDTH="80" HEIGHT="27" WC="0.95" CONTENT="förslag"/><SP WIDTH="21" VPOS="260" HPOS="238"/>
							<String ID="string_22" HPOS="259" VPOS="267" WIDTH="34" HEIGHT="15" WC="0.91" CONTENT="om"/><SP WIDTH="25" VPOS="267" HPOS="293"/>
							<String ID="string_23" HPOS="318" VPOS="260" WIDTH="114" HEIGHT="27" WC="0.66" CONTENT="bevillning"/><SP WIDTH="23" VPOS="260" HPOS="432"/>
							<String ID="string_24" HPOS="455" VPOS="261" WIDTH="33" HEIGHT="21" WC="0.96" CONTENT="för"/><SP WIDTH="21" VPOS="261" HPOS="488"/>
							<String ID="string_25" HPOS="509" VPOS="263" WIDTH="59" HEIGHT="19" WC="0.94" CONTENT="utom"/><SP WIDTH="22" VPOS="263" HPOS="568"/>
							<String ID="string_26" HPOS="590" VPOS="261" WIDTH="90" HEIGHT="21" WC="0.93" CONTENT="Finland"/><SP WIDTH="22" VPOS="261" HPOS="680"/>
							<String ID="string_27" HPOS="702" VPOS="260" WIDTH="123" HEIGHT="22" WC="0.92" CONTENT="tillverkadt"/><SP WIDTH="16" VPOS="260" HPOS="825"/>
							<String ID="string_28" HPOS="841" VPOS="261" WIDTH="28" HEIGHT="24" WC="0.96" CONTENT="öl,"/><SP WIDTH="15" VPOS="261" HPOS="869"/>
							<String ID="string_29" HPOS="884" VPOS="267" WIDTH="45" HEIGHT="15" WC="0.96" CONTENT="som"/><SP WIDTH="16" VPOS="267" HPOS="929"/>
							<String ID="string_30" HPOS="945" VPOS="260" WIDTH="31" HEIGHT="22" WC="0.96" CONTENT="till"/>
						</TextLine>
						<TextLine ID="line_4" HPOS="158" VPOS="289" WIDTH="172" HEIGHT="22">
							<String ID="string_31" HPOS="158" VPOS="289" WIDTH="72" HEIGHT="22" WC="0.93" CONTENT="landet"/><SP WIDTH="14" VPOS="289" HPOS="230"/>
							<String ID="string_32" HPOS="244" VPOS="289" WIDTH="86" HEIGHT="22" WC="0.92" CONTENT="införes."/>
						</TextLine>
					</TextBlock>
				</ComposedBlock>
				<ComposedBlock ID="cblock_3" HPOS="157" VPOS="438" WIDTH="821" HEIGHT="85">
					<TextBlock ID="block_2" HPOS="157" VPOS="438" WIDTH="821" HEIGHT="84">
						<TextLine ID="line_5" HPOS="226" VPOS="438" WIDTH="751" HEIGHT="27">
							<String ID="string_33" HPOS="226" VPOS="438" WIDTH="55" HEIGHT="22" WC="0.95" CONTENT="Herr"/><SP WIDTH="22" VPOS="438" HPOS="281"/>
							<String ID="string_34" HPOS="303" VPOS="438" WIDTH="147" HEIGHT="22" WC="0.90" CONTENT="talmannen"/><SP WIDTH="24" VPOS="438" HPOS="450"/>
							<String ID="string_35" HPOS="474" VPOS="438" WIDTH="145" HEIGHT="27" WC="0.91" CONTENT="tillkännagaf,"/><SP WIDTH="19" VPOS="438" HPOS="619"/>
							<String ID="string_36" HPOS="638" VPOS="440" WIDTH="32" HEIGHT="20" WC="0.96" CONTENT="att"/><SP WIDTH="14" VPOS="440" HPOS="670"/>
							<String ID="string_37" HPOS="684" VPOS="438" WIDTH="35" HEIGHT="21" WC="0.93" CONTENT="vid"/><SP WIDTH="15" VPOS="438" HPOS="719"/>
							<String ID="string_38" HPOS="734" VPOS="438" WIDTH="243" HEIGHT="22" WC="0.87" CONTENT="talmanskonferensens"/>
						</TextLine>
						<TextLine ID="line_6" HPOS="157" VPOS="467" WIDTH="821" HEIGHT="27">
							<String ID="string_39" HPOS="157" VPOS="467" WIDTH="157" HEIGHT="22" WC="0.96" CONTENT="sammanträde"/><SP WIDTH="23" VPOS="467" HPOS="314"/>
							<String ID="string_40" HPOS="337" VPOS="467" WIDTH="67" HEIGHT="21" WC="0.95" CONTENT="denne"/><SP WIDTH="24" VPOS="467" HPOS="404"/>
							<String ID="string_41" HPOS="428" VPOS="467" WIDTH="41" HEIGHT="26" WC="0.90" CONTENT="dag"/><SP WIDTH="22" VPOS="467" HPOS="469"/>
							<String ID="string_42" HPOS="491" VPOS="467" WIDTH="197" HEIGHT="21" WC="0.90" CONTENT="öfverenskommits"/><SP WIDTH="16" VPOS="467" HPOS="688"/>
							<String ID="string_43" HPOS="704" VPOS="468" WIDTH="31" HEIGHT="20" WC="0.93" CONTENT="att"/><SP WIDTH="15" VPOS="468" HPOS="735"/>
							<String ID="string_44" HPOS="750" VPOS="467" WIDTH="63" HEIGHT="27" WC="0.91" CONTENT="plena"/><SP WIDTH="14" VPOS="467" HPOS="813"/>
							<String ID="string_45" HPOS="827" VPOS="467" WIDTH="68" HEIGHT="33" WC="0.96" CONTENT="skulle"/><SP WIDTH="16" VPOS="467" HPOS="895"/>
							<String ID="string_46" HPOS="911" VPOS="468" WIDTH="67" HEIGHT="21" WC="0.96" CONTENT="under"/>
						</TextLine>
						<TextLine ID="line_7" HPOS="157" VPOS="483" WIDTH="507" HEIGHT="40">
							<String ID="string_47" HPOS="157" VPOS="497" WIDTH="62" HEIGHT="20" WC="0.96" CONTENT="nästa"/><SP WIDTH="14" VPOS="497" HPOS="219"/>
							<String ID="string_48" HPOS="233" VPOS="496" WIDTH="66" HEIGHT="21" WC="0.96" CONTENT="vecka"/><SP WIDTH="15" VPOS="496" HPOS="299"/>
							<String ID="string_49" HPOS="314" VPOS="496" WIDTH="68" HEIGHT="21" WC="0.95" CONTENT="hållas"/><SP WIDTH="15" VPOS="496" HPOS="382"/>
							<String ID="string_50" HPOS="397" VPOS="502" WIDTH="34" HEIGHT="15" WC="0.96" CONTENT="om"/><SP WIDTH="15" VPOS="502" HPOS="431"/>
							<String ID="string_51" HPOS="446" VPOS="483" WIDTH="70" HEIGHT="40" WC="0.96" CONTENT="tisdag"/><SP WIDTH="15" VPOS="483" HPOS="516"/>
							<String ID="string_52" HPOS="531" VPOS="496" WIDTH="38" HEIGHT="21" WC="0.96" CONTENT="och"/><SP WIDTH="16" VPOS="496" HPOS="569"/>
							<String ID="string_53" HPOS="585" VPOS="496" WIDTH="79" HEIGHT="26" WC="0.96" CONTENT="fredag."/>
						</TextLine>
					</TextBlock>
				</ComposedBlock>
				<ComposedBlock ID="cblock_4" HPOS="157" VPOS="651" WIDTH="821" HEIGHT="57">
					<TextBlock ID="block_3" HPOS="157" VPOS="651" WIDTH="821" HEIGHT="57">
						<TextLine ID="line_8" HPOS="226" VPOS="651" WIDTH="751" HEIGHT="27">
							<String ID="string_54" HPOS="226" VPOS="651" WIDTH="69" HEIGHT="22" WC="0.93" CONTENT="Sedan"/><SP WIDTH="17" VPOS="651" HPOS="295"/>
							<String ID="string_55" HPOS="312" VPOS="651" WIDTH="51" HEIGHT="21" WC="0.92" CONTENT="derå"/><SP WIDTH="16" VPOS="651" HPOS="363"/>
							<String ID="string_56" HPOS="379" VPOS="653" WIDTH="61" HEIGHT="19" WC="0.96" CONTENT="nästa"/><SP WIDTH="16" VPOS="653" HPOS="440"/>
							<String ID="string_57" HPOS="456" VPOS="651" WIDTH="156" HEIGHT="22" WC="0.95" CONTENT="sammanträde"/><SP WIDTH="15" VPOS="651" HPOS="612"/>
							<String ID="string_58" HPOS="627" VPOS="652" WIDTH="79" HEIGHT="20" WC="0.95" CONTENT="utsatts"/><SP WIDTH="16" VPOS="652" HPOS="706"/>
							<String ID="string_59" HPOS="722" VPOS="651" WIDTH="32" HEIGHT="21" WC="0.96" CONTENT="till"/><SP WIDTH="15" VPOS="651" HPOS="754"/>
							<String ID="string_60" HPOS="769" VPOS="651" WIDTH="69" HEIGHT="27" WC="0.96" CONTENT="tisdag"/><SP WIDTH="11" VPOS="651" HPOS="838"/>
							<String ID="string_61" HPOS="849" VPOS="651" WIDTH="92" HEIGHT="22" WC="0.96" CONTENT="klockan"/><SP WIDTH="12" VPOS="651" HPOS="941"/>
							<String ID="string_62" HPOS="953" VPOS="651" WIDTH="24" HEIGHT="22" WC="0.96" CONTENT="11"/>
						</TextLine>
						<TextLine ID="line_9" HPOS="157" VPOS="679" WIDTH="821" HEIGHT="29">
							<String ID="string_63" HPOS="157" VPOS="680" WIDTH="45" HEIGHT="21" WC="0.96" CONTENT="före"/><SP WIDTH="22" VPOS="680" HPOS="202"/>
							<String ID="string_64" HPOS="224" VPOS="681" WIDTH="113" HEIGHT="26" WC="0.93" CONTENT="middagen"/><SP WIDTH="23" VPOS="681" HPOS="337"/>
							<String ID="string_65" HPOS="360" VPOS="680" WIDTH="101" HEIGHT="21" WC="0.92" CONTENT="ätskildes"/><SP WIDTH="23" VPOS="680" HPOS="461"/>
							<String ID="string_66" HPOS="484" VPOS="680" WIDTH="95" HEIGHT="21" WC="0.92" CONTENT="ståndets"/><SP WIDTH="15" VPOS="680" HPOS="579"/>
							<String ID="string_67" HPOS="594" VPOS="679" WIDTH="138" HEIGHT="22" WC="0.96" CONTENT="medlemmar"/><SP WIDTH="15" VPOS="679" HPOS="732"/>
							<String ID="string_68" HPOS="747" VPOS="680" WIDTH="91" HEIGHT="22" WC="0.96" CONTENT="klockan"/><SP WIDTH="16" VPOS="680" HPOS="838"/>
							<String ID="string_69" HPOS="854" VPOS="681" WIDTH="9" HEIGHT="20" WC="0.58" CONTENT="2"/><SP WIDTH="6" VPOS="681" HPOS="863"/>
							<String ID="string_70" HPOS="869" VPOS="680" WIDTH="34" HEIGHT="28" WC="0.37" CONTENT="?/,"/><SP WIDTH="16" VPOS="680" HPOS="903"/>
							<String ID="string_71" HPOS="919" VPOS="687" WIDTH="16" HEIGHT="15" WC="0.96" CONTENT="e."/><SP WIDTH="17" VPOS="687" HPOS="935"/>
							<String ID="string_72" HPOS="952" VPOS="687" WIDTH="26" HEIGHT="15" WC="0.96" CONTENT="m."/>
						</TextLine>
					</TextBlock>
				</ComposedBlock>
				<ComposedBlock ID="cblock_5" HPOS="644" VPOS="743" WIDTH="267" HEIGHT="63">
					<TextBlock ID="block_4" HPOS="644" VPOS="743" WIDTH="267" HEIGHT="63">
						<TextLine ID="line_10" HPOS="727" VPOS="743" WIDTH="96" HEIGHT="18">
							<String ID="string_73" HPOS="727" VPOS="743" WIDTH="23" HEIGHT="18" WC="0.96" CONTENT="In"/><SP WIDTH="12" VPOS="743" HPOS="750"/>
							<String ID="string_74" HPOS="762" VPOS="743" WIDTH="61" HEIGHT="18" WC="0.95" CONTENT="fidem:"/>
						</TextLine>
						<TextLine ID="line_11" HPOS="644" VPOS="777" WIDTH="267" HEIGHT="29">
							<String ID="string_75" HPOS="644" VPOS="777" WIDTH="52" HEIGHT="22" WC="0.96" CONTENT="Carl"/><SP WIDTH="15" VPOS="777" HPOS="696"/>
							<String ID="string_76" HPOS="711" VPOS="777" WIDTH="49" HEIGHT="22" WC="0.93" CONTENT="Joh."/><SP WIDTH="17" VPOS="777" HPOS="760"/>
							<String ID="string_77" HPOS="777" VPOS="778" WIDTH="134" HEIGHT="28" WC="0.89" CONTENT="Lindeqvist."/>
						</TextLine>
					</TextBlock>
				</ComposedBlock>
				<ComposedBlock ID="cblock_6" HPOS="276" VPOS="979" WIDTH="579" HEIGHT="35">
					<TextBlock ID="block_5" HPOS="276" VPOS="979" WIDTH="579" HEIGHT="35">
						<TextLine ID="line_12" HPOS="276" VPOS="979" WIDTH="579" HEIGHT="35">
							<String ID="string_78" HPOS="276" VPOS="979" WIDTH="148" HEIGHT="34" WC="0.96" CONTENT="Tisdagen"/><SP WIDTH="18" VPOS="979" HPOS="424"/>
							<String ID="string_79" HPOS="442" VPOS="979" WIDTH="58" HEIGHT="28" WC="0.96" CONTENT="den"/><SP WIDTH="18" VPOS="979" HPOS="500"/>
							<String ID="string_80" HPOS="518" VPOS="980" WIDTH="32" HEIGHT="28" WC="0.96" CONTENT="17"/><SP WIDTH="18" VPOS="980" HPOS="550"/>
							<String ID="string_81" HPOS="568" VPOS="980" WIDTH="80" HEIGHT="34" WC="0.96" CONTENT="april"/><SP WIDTH="18" VPOS="980" HPOS="648"/>
							<String ID="string_82" HPOS="666" VPOS="980" WIDTH="42" HEIGHT="28" WC="0.93" CONTENT="kl."/><SP WIDTH="18" VPOS="980" HPOS="708"/>
							<String ID="string_83" HPOS="726" VPOS="980" WIDTH="32" HEIGHT="28" WC="0.93" CONTENT="11"/><SP WIDTH="19" VPOS="980" HPOS="758"/>
							<String ID="string_84" HPOS="777" VPOS="980" WIDTH="22" HEIGHT="28" WC="0.93" CONTENT="f."/><SP WIDTH="18" VPOS="980" HPOS="799"/>
							<String ID="string_85" HPOS="817" VPOS="988" WIDTH="38" HEIGHT="20" WC="0.96" CONTENT="m."/>
						</TextLine>
					</TextBlock>
				</ComposedBlock>
				<ComposedBlock ID="cblock_7" HPOS="158" VPOS="1054" WIDTH="823" HEIGHT="51">
					<TextBlock ID="block_6" HPOS="158" VPOS="1054" WIDTH="823" HEIGHT="51">
						<TextLine ID="line_13" HPOS="225" VPOS="1054" WIDTH="756" HEIGHT="29">
							<String ID="string_86" HPOS="225" VPOS="1054" WIDTH="87" HEIGHT="22" WC="0.96" CONTENT="Plenum"/><SP WIDTH="24" VPOS="1054" HPOS="312"/>
							<String ID="string_87" HPOS="336" VPOS="1055" WIDTH="106" HEIGHT="27" WC="0.95" CONTENT="öppnades"/><SP WIDTH="23" VPOS="1055" HPOS="442"/>
							<String ID="string_88" HPOS="465" VPOS="1054" WIDTH="49" HEIGHT="22" WC="0.96" CONTENT="med"/><SP WIDTH="21" VPOS="1054" HPOS="514"/>
							<String ID="string_89" HPOS="535" VPOS="1055" WIDTH="21" HEIGHT="21" WC="0.96" CONTENT="af"/><SP WIDTH="15" VPOS="1055" HPOS="556"/>
							<String ID="string_90" HPOS="571" VPOS="1054" WIDTH="76" HEIGHT="23" WC="0.93" CONTENT="doktor"/><SP WIDTH="15" VPOS="1054" HPOS="647"/>
							<String ID="string_91" HPOS="662" VPOS="1055" WIDTH="120" HEIGHT="23" WC="0.92" CONTENT="Calamnius"/><SP WIDTH="14" VPOS="1055" HPOS="782"/>
							<String ID="string_92" HPOS="796" VPOS="1056" WIDTH="28" HEIGHT="27" WC="0.96" CONTENT="på"/><SP WIDTH="15" VPOS="1056" HPOS="824"/>
							<String ID="string_93" HPOS="839" VPOS="1055" WIDTH="68" HEIGHT="23" WC="0.93" CONTENT="finska"/><SP WIDTH="14" VPOS="1055" HPOS="907"/>
							<String ID="string_94" HPOS="921" VPOS="1056" WIDTH="60" HEIGHT="27" WC="0.92" CONTENT="språ-"/>
						</TextLine>
						<TextLine ID="line_14" HPOS="158" VPOS="1082" WIDTH="185" HEIGHT="23">
							<String ID="string_95" HPOS="158" VPOS="1083" WIDTH="36" HEIGHT="21" WC="0.96" CONTENT="ket"/><SP WIDTH="14" VPOS="1083" HPOS="194"/>
							<String ID="string_96" HPOS="208" VPOS="1082" WIDTH="72" HEIGHT="23" WC="0.96" CONTENT="hållen"/><SP WIDTH="14" VPOS="1082" HPOS="280"/>
							<String ID="string_97" HPOS="294" VPOS="1083" WIDTH="49" HEIGHT="22" WC="0.96" CONTENT="bön."/>
						</TextLine>
					</TextBlock>
				</ComposedBlock>
				<ComposedBlock ID="cblock_8" HPOS="157" VPOS="1145" WIDTH="824" HEIGHT="85">
					<TextBlock ID="block_7" HPOS="157" VPOS="1145" WIDTH="824" HEIGHT="85">
						<TextLine ID="line_15" HPOS="226" VPOS="1145" WIDTH="755" HEIGHT="29">
							<String ID="string_98" HPOS="226" VPOS="1146" WIDTH="39" HEIGHT="21" WC="0.92" CONTENT="Vid"/><SP WIDTH="17" VPOS="1146" HPOS="265"/>
							<String ID="string_99" HPOS="282" VPOS="1145" WIDTH="50" HEIGHT="22" WC="0.92" CONTENT="derå"/><SP WIDTH="15" VPOS="1145" HPOS="332"/>
							<String ID="string_100" HPOS="347" VPOS="1145" WIDTH="62" HEIGHT="22" WC="0.92" CONTENT="skedt"/><SP WIDTH="14" VPOS="1145" HPOS="409"/>
							<String ID="string_101" HPOS="423" VPOS="1152" WIDTH="83" HEIGHT="22" WC="0.93" CONTENT="upprop"/><SP WIDTH="15" VPOS="1152" HPOS="506"/>
							<String ID="string_102" HPOS="521" VPOS="1145" WIDTH="103" HEIGHT="23" WC="0.92" CONTENT="befunnos"/><SP WIDTH="14" VPOS="1145" HPOS="624"/>
							<String ID="string_103" HPOS="638" VPOS="1147" WIDTH="96" HEIGHT="26" WC="0.92" CONTENT="samtlige"/><SP WIDTH="11" VPOS="1147" HPOS="734"/>
							<String ID="string_104" HPOS="745" VPOS="1147" WIDTH="236" HEIGHT="23" WC="0.90" CONTENT="ståndsmedlemmarne"/>
						</TextLine>
						<TextLine ID="line_16" HPOS="157" VPOS="1174" WIDTH="824" HEIGHT="29">
							<String ID="string_105" HPOS="157" VPOS="1174" WIDTH="131" HEIGHT="22" WC="0.96" CONTENT="närvarande"/><SP WIDTH="24" VPOS="1174" HPOS="288"/>
							<String ID="string_106" HPOS="312" VPOS="1174" WIDTH="47" HEIGHT="22" WC="0.96" CONTENT="med"/><SP WIDTH="23" VPOS="1174" HPOS="359"/>
							<String ID="string_107" HPOS="382" VPOS="1175" WIDTH="108" HEIGHT="26" WC="0.96" CONTENT="undantag"/><SP WIDTH="19" VPOS="1175" HPOS="490"/>
							<String ID="string_108" HPOS="509" VPOS="1175" WIDTH="23" HEIGHT="21" WC="0.96" CONTENT="af"/><SP WIDTH="12" VPOS="1175" HPOS="532"/>
							<String ID="string_109" HPOS="544" VPOS="1175" WIDTH="74" HEIGHT="22" WC="0.96" CONTENT="endast"/><SP WIDTH="14" VPOS="1175" HPOS="618"/>
							<String ID="string_110" HPOS="632" VPOS="1177" WIDTH="74" HEIGHT="25" WC="0.96" CONTENT="pastor"/><SP WIDTH="14" VPOS="1177" HPOS="706"/>
							<String ID="string_111" HPOS="720" VPOS="1176" WIDTH="62" HEIGHT="27" WC="0.96" CONTENT="Lyra,"/><SP WIDTH="16" VPOS="1176" HPOS="782"/>
							<String ID="string_112" HPOS="798" VPOS="1181" WIDTH="45" HEIGHT="17" WC="0.96" CONTENT="som"/><SP WIDTH="16" VPOS="1181" HPOS="843"/>
							<String ID="string_113" HPOS="859" VPOS="1176" WIDTH="48" HEIGHT="21" WC="0.93" CONTENT="med"/><SP WIDTH="15" VPOS="1176" HPOS="907"/>
							<String ID="string_114" HPOS="922" VPOS="1177" WIDTH="59" HEIGHT="21" WC="0.92" CONTENT="stån-"/>
						</TextLine>
						<TextLine ID="line_17" HPOS="158" VPOS="1202" WIDTH="396" HEIGHT="28">
							<String ID="string_115" HPOS="158" VPOS="1203" WIDTH="46" HEIGHT="21" WC="0.93" CONTENT="dets"/><SP WIDTH="15" VPOS="1203" HPOS="204"/>
							<String ID="string_116" HPOS="219" VPOS="1202" WIDTH="123" HEIGHT="28" WC="0.91" CONTENT="begifvande"/><SP WIDTH="15" VPOS="1202" HPOS="342"/>
							<String ID="string_117" HPOS="357" VPOS="1208" WIDTH="37" HEIGHT="16" WC="0.96" CONTENT="var"/><SP WIDTH="15" VPOS="1208" HPOS="394"/>
							<String ID="string_118" HPOS="409" VPOS="1203" WIDTH="145" HEIGHT="21" WC="0.96" CONTENT="frånvarande."/>
						</TextLine>
					</TextBlock>
				</ComposedBlock>
				<ComposedBlock ID="cblock_9" HPOS="155" VPOS="1344" WIDTH="825" HEIGHT="84">
					<TextBlock ID="block_8" HPOS="155" VPOS="1344" WIDTH="825" HEIGHT="84">
						<TextLine ID="line_18" HPOS="224" VPOS="1344" WIDTH="756" HEIGHT="28">
							<String ID="string_119" HPOS="224" VPOS="1344" WIDTH="41" HEIGHT="22" WC="0.96" CONTENT="Till"/><SP WIDTH="13" VPOS="1344" HPOS="265"/>
							<String ID="string_120" HPOS="278" VPOS="1345" WIDTH="105" HEIGHT="26" WC="0.93" CONTENT="justering"/><SP WIDTH="17" VPOS="1345" HPOS="383"/>
							<String ID="string_121" HPOS="400" VPOS="1346" WIDTH="108" HEIGHT="25" WC="0.92" CONTENT="upplästes"/><SP WIDTH="15" VPOS="1346" HPOS="508"/>
							<String ID="string_122" HPOS="523" VPOS="1347" WIDTH="74" HEIGHT="19" WC="0.91" CONTENT="trenne"/><SP WIDTH="15" VPOS="1347" HPOS="597"/>
							<String ID="string_123" HPOS="612" VPOS="1345" WIDTH="203" HEIGHT="27" WC="0.90" CONTENT="protokollsutdrag,"/><SP WIDTH="15" VPOS="1345" HPOS="815"/>
							<String ID="string_124" HPOS="830" VPOS="1347" WIDTH="91" HEIGHT="21" WC="0.93" CONTENT="rörande"/><SP WIDTH="16" VPOS="1347" HPOS="921"/>
							<String ID="string_125" HPOS="937" VPOS="1350" WIDTH="43" HEIGHT="18" WC="0.92" CONTENT="sär-"/>
						</TextLine>
						<TextLine ID="line_19" HPOS="156" VPOS="1372" WIDTH="823" HEIGHT="29">
							<String ID="string_126" HPOS="156" VPOS="1372" WIDTH="69" HEIGHT="22" WC="0.96" CONTENT="skilda"/><SP WIDTH="21" VPOS="1372" HPOS="225"/>
							<String ID="string_127" HPOS="246" VPOS="1372" WIDTH="23" HEIGHT="22" WC="0.96" CONTENT="af"/><SP WIDTH="20" VPOS="1372" HPOS="269"/>
							<String ID="string_128" HPOS="289" VPOS="1372" WIDTH="85" HEIGHT="22" WC="0.96" CONTENT="ståndet"/><SP WIDTH="21" VPOS="1372" HPOS="374"/>
							<String ID="string_129" HPOS="395" VPOS="1372" WIDTH="34" HEIGHT="22" WC="0.96" CONTENT="vid"/><SP WIDTH="21" VPOS="1372" HPOS="429"/>
							<String ID="string_130" HPOS="450" VPOS="1374" WIDTH="84" HEIGHT="20" WC="0.96" CONTENT="senaste"/><SP WIDTH="22" VPOS="1374" HPOS="534"/>
							<String ID="string_131" HPOS="556" VPOS="1373" WIDTH="86" HEIGHT="26" WC="0.95" CONTENT="plenum"/><SP WIDTH="22" VPOS="1373" HPOS="642"/>
							<String ID="string_132" HPOS="664" VPOS="1373" WIDTH="80" HEIGHT="22" WC="0.95" CONTENT="fattade"/><SP WIDTH="16" VPOS="1373" HPOS="744"/>
							<String ID="string_133" HPOS="760" VPOS="1373" WIDTH="75" HEIGHT="28" WC="0.96" CONTENT="beslut,"/><SP WIDTH="16" VPOS="1373" HPOS="835"/>
							<String ID="string_134" HPOS="851" VPOS="1381" WIDTH="46" HEIGHT="15" WC="0.96" CONTENT="som"/><SP WIDTH="15" VPOS="1381" HPOS="897"/>
							<String ID="string_135" HPOS="912" VPOS="1375" WIDTH="67" HEIGHT="22" WC="0.96" CONTENT="skulle"/>
						</TextLine>
						<TextLine ID="line_20" HPOS="155" VPOS="1400" WIDTH="259" HEIGHT="28">
							<String ID="string_136" HPOS="155" VPOS="1401" WIDTH="138" HEIGHT="21" WC="0.91" CONTENT="medstånden"/><SP WIDTH="15" VPOS="1401" HPOS="293"/>
							<String ID="string_137" HPOS="308" VPOS="1400" WIDTH="106" HEIGHT="28" WC="0.88" CONTENT="delgifvas."/>
						</TextLine>
					</TextBlock>
				</ComposedBlock>
			</PrintSpace>
		</Page>
	</Layout>
</alto>
