1053 1825
313 129 160 18 Presteståndet
484 131 53 16 1877.
560 131 12 17 7
584 130 57 22 april.
817 126 42 22 415

69 197 96 21 deremot
187 197 85 22 Ekenäs
293 198 7 21 i
323 198 60 22 detta
404 198 36 22 fall
455 201 25 19 är
495 205 57 16 mera
567 200 90 21 centralt
672 200 89 27 beläget,
778 201 58 20 utom
852 200 36 22 det

69 227 32 19 att
125 226 44 25 der,
185 226 87 21 likasom
288 227 6 20 i
310 226 119 27 Jyväskylä,
444 227 67 21 finnes
526 230 31 19 ett
572 228 314 21 folkskolelärareseminarium.

69 254 62 21 Hvad
152 254 100 22 beträffar
271 254 35 22 det
319 255 77 25 jemväl
411 256 75 26 gjorda
501 256 100 26 förslaget
616 258 32 20 att
663 256 68 21 denna
746 256 59 26 fråga
819 256 68 21 skulle

68 282 167 22 återremitteras
250 282 32 27 till
298 283 105 21 allmänna
419 284 189 21 besvärsutskottet
623 284 32 21 för
670 284 188 22 åstadkommande
867 284 23 21 af

68 311 299 27 sammanjemkningsförslag,
390 314 44 19 tror
447 312 43 27 jag,
506 314 32 19 att
554 312 59 22 detta
628 312 79 22 kanske
722 312 46 21 icke
784 318 49 16 vore
848 312 39 22 all-

69 338 56 23 deles
145 339 79 27 riktigt,
246 340 128 22 åtminstone
395 340 6 21 i
420 340 84 22 formelt
520 340 125 27 hänseende,
661 342 50 20 utan
727 347 61 15 anser
801 341 36 27 jag
852 340 36 22 det

69 374 51 16 vara
135 368 77 27 bättre,
228 370 31 20 att
274 369 155 27 presteståndet
444 369 68 22 skulle
527 369 48 27 ingå
590 370 48 21 med
653 376 25 14 en
694 369 81 22 enskild
790 369 96 27 petition,

68 396 85 22 hvilken
173 396 36 28 jag
231 399 46 20 tror
301 397 67 23 blefve
390 398 42 21 lika
452 398 33 21 väl
500 398 90 22 ledande
604 398 32 22 till
651 398 126 26 ändamålet,
791 404 46 16 som
852 404 34 16 om

69 426 36 21 det
127 432 50 15 vore
200 432 25 15 en
248 426 22 21 af
290 426 42 22 alla
354 426 45 28 fyra
414 427 88 21 stånden
519 427 103 22 omfattad
637 426 94 28 petition.
762 427 65 21 Detta
841 428 46 20 tror

66 454 37 27 jag
125 454 89 26 derföre,
230 457 32 19 att
278 455 39 21 den
332 455 45 26 sak,
392 455 87 22 hvarom
494 462 29 15 nu
538 458 24 19 är
576 455 66 27 fråga,
657 457 24 19 är
696 462 26 15 en
737 456 24 20 så
777 456 110 21 ömmande

69 483 44 27 sak,
129 489 26 15 en
171 484 22 21 så
209 483 108 27 sjelffallen
333 484 45 27 sak,
394 486 32 19 att
441 485 40 20 den
496 486 67 20 måste
578 484 63 22 vinna
655 484 105 22 afseende.
789 484 40 26 Jag
841 484 46 21 tvif-

69 512 31 22 lar
121 512 54 21 dock
197 512 45 22 icke
265 513 34 27 på,
321 515 33 19 att
377 513 34 21 det
432 519 50 15 vore
496 513 82 27 möjligt
593 515 33 19 att
640 512 60 22 äfven
715 512 21 22 få
751 519 26 15 en
791 513 97 21 ständer-

68 540 89 28 petition
180 541 7 21 i
207 542 62 26 gång,
282 542 45 26 just
342 542 74 26 derför,
433 544 32 19 att
480 541 153 22 bondeståndet
649 542 48 21 med
712 541 76 21 endast
803 542 35 20 två
853 542 35 20 rö-

68 572 54 19 sters
145 569 108 27 pluralitet
276 570 39 21 har
336 570 104 22 förkastat
459 571 121 26 petitionen.
610 570 45 22 Och
678 570 58 21 detta
759 570 24 22 så
804 569 83 27 mycket

69 598 72 27 hellre,
163 604 46 16 som
232 599 35 22 det
282 598 115 23 förnämsta
412 600 86 21 motivet
514 599 32 22 för
561 598 166 23 bondeståndets
743 598 72 27 afslag,
830 600 58 20 näm-

69 627 61 27 ligen,
153 629 32 19 att
205 633 47 16 man
275 627 58 22 ställt
355 628 7 21 i
385 628 120 27 perspektiv
527 635 26 14 en
576 633 119 22 gemensam
711 627 60 22 skola
786 627 33 21 för
833 627 55 22 både

69 657 90 21 svenska
181 656 38 21 och
241 656 69 22 finska
331 656 91 27 talande,
446 657 70 22 kunde
537 656 105 22 bortfalla.
672 657 40 26 Jag
727 655 113 27 förmodar,
855 658 33 19 att

69 685 155 22 bondeståndet
244 692 50 15 vore
309 685 119 27 benägnare
443 687 32 20 att
490 686 82 21 biträda
588 685 115 28 petitionen
719 691 34 15 om
770 685 35 21 det
821 684 66 22 blefve

69 714 60 27 fråga
151 720 34 15 om
207 714 120 22 inrättande
352 714 22 21 af
387 721 26 15 en
428 715 78 21 anstalt
521 715 33 21 för
568 714 67 22 finska
650 713 91 28 talande,
757 714 52 21 eller
825 714 63 21 också

69 749 26 15 en
117 743 55 21 skild
187 743 78 22 anstalt
280 743 33 22 för
326 743 104 22 hvardera
445 744 97 26 språken.
558 755 26 4 —
600 743 49 22 Mitt
664 743 158 26 slutpåstående
837 748 50 15 vore

69 771 88 28 således,
173 773 32 20 att
221 772 35 21 det
270 771 130 28 högvördiga
415 772 85 21 ståndet
514 772 50 22 ville
578 771 97 28 behjerta
690 771 65 22 saken
771 771 39 21 och
825 770 67 31 aflåta

69 800 31 21 till
115 801 61 21 Hans
190 800 118 28 Kejserliga
321 801 99 26 Majestät
435 807 25 15 en
476 800 130 27 underdånig
620 801 89 26 petition
725 807 32 15 om
768 799 120 22 inrättande

69 829 22 22 af
111 829 99 26 antingen
232 831 76 20 tvenne
330 829 246 27 uppfostringsanstalter
600 829 32 22 för
647 829 82 25 idioter,
746 829 41 20 den
802 834 39 16 ena
855 827 33 21 för

69 859 89 21 svenska
173 857 91 27 talande,
280 857 82 28 förlagd
377 858 32 22 till
424 858 91 26 Ekenäs,
531 858 40 22 den
586 858 67 21 andra
667 857 32 22 för
714 857 67 22 finska
796 856 92 26 talande,

68 887 82 27 förlagd
166 886 32 22 till
212 887 119 28 Jyväskylä,
347 887 52 22 eller
414 887 64 22 också
492 887 56 22 blott
563 893 25 16 en
603 886 32 22 för
651 886 67 21 finska
732 885 92 26 talande,
840 885 48 21 med

69 915 120 29 tillstyrkan.
212 916 100 27 derjemte
333 922 34 15 om
390 916 115 22 understöd
527 915 23 23 åt
570 915 41 23 den
626 915 7 22 i
647 915 118 23 Jakobstad
780 913 108 23 tilltänkta

69 945 82 27 privata
166 945 106 22 anstalten
287 945 32 22 för
333 945 90 22 svenska
437 945 91 22 talande.

137 1003 141 27 Domprosten
299 1002 133 22 Renvall:
455 1002 33 22 Då
504 1002 25 22 de
544 1004 76 20 tvenne
634 1001 66 22 förste
715 1000 64 22 värde
794 1000 93 22 talarene

69 1031 54 22 hade
146 1031 65 23 slutat
232 1032 46 22 sina
300 1031 154 27 andraganden,
478 1031 74 22 trodde
565 1030 37 28 jag
617 1030 42 26 mig
673 1030 78 26 kunna,
766 1029 35 21 vid
817 1028 71 22 ordets

69 1060 128 28 erhållande,
220 1060 113 22 inskränka
355 1060 42 26 mig
419 1060 33 21 till
474 1061 31 20 att
527 1060 75 21 endast
621 1058 74 22 förena
709 1059 43 25 mig
767 1058 46 21 med
823 1056 63 33 dem;

69 1095 47 15 men
133 1089 25 22 då
173 1090 64 21 sedan
252 1095 76 22 genom
339 1088 26 22 de
375 1088 144 28 efterföljande
531 1088 104 22 talarenes
646 1086 149 27 andraganden
807 1085 80 21 diskus-

69 1117 72 23 sionen
157 1118 53 27 tagit
225 1124 26 16 en
264 1119 66 28 något
345 1117 111 22 afvikande
471 1117 99 27 riktning,
585 1116 37 22 ber
633 1116 38 26 jag
686 1116 63 21 också
759 1116 32 31 att
801 1114 21 32 få
831 1115 57 26 yttra

68 1147 43 26 mig
132 1147 7 21 i
159 1147 71 21 saken.
260 1146 67 22 Äfven
346 1147 37 27 jag
404 1146 80 27 nödgas
506 1145 96 27 beklaga,
618 1146 31 20 att
664 1144 68 22 denna
746 1144 89 26 petition
850 1142 39 22 hos

68 1176 105 22 utskottet
193 1176 46 21 icke
262 1175 71 22 vunnit
355 1175 37 21 det
407 1175 87 27 djupare
510 1174 125 26 deltagande
649 1172 40 22 och
704 1173 40 21 den
759 1172 129 31 allmännare

69 1204 191 27 uppmärksamhet,
275 1210 45 17 som
333 1204 121 22 densamma
464 1203 65 27 enligt
539 1202 42 22 min
594 1201 141 28 uppfattning,
745 1199 143 27 fullkomligen

67 1233 56 22 hade
144 1233 106 27 förtjenat.
280 1233 50 22 Man
351 1233 40 21 har
411 1233 49 22 sökt
482 1231 77 28 afspisa
580 1232 122 21 densamma
721 1230 54 21 blott
790 1229 48 33 med
854 1228 35 34 det

68 1262 106 22 allmänna
189 1262 144 22 erkännandet
348 1264 31 19 att
395 1261 41 22 den
451 1261 121 27 visserligen
586 1259 88 23 innebär
689 1261 31 20 ett
730 1257 158 34 menniskovän-

68 1291 39 27 ligt
128 1291 39 21 och
189 1291 92 26 kristligt
302 1291 61 27 syfte.
392 1291 49 21 Men
457 1290 85 22 dermed
557 1291 25 20 är
596 1295 26 16 en
637 1288 38 22 sak
690 1288 21 21 af
725 1287 24 22 så
764 1287 125 26 maktpälig-

68 1319 69 28 gande
159 1319 151 27 beskaflenhet,
328 1325 45 16 som
389 1319 40 22 den
443 1319 7 21 i
465 1319 59 26 fråga
538 1317 99 25 varande,
651 1317 47 22 icke
713 1316 95 33 afhjelpt.
838 1315 51 21 Frä-

68 1355 41 21 gan
124 1348 67 27 gäller
205 1348 45 22 icke
266 1355 26 15 en
307 1350 68 20 större
390 1348 52 21 eller
452 1348 80 21 mindre
541 1346 164 27 känslosamhet,
717 1351 17 20 ej
749 1345 65 21 heller
824 1343 64 22 huru-

69 1377 48 21 vida
139 1379 69 20 staten
230 1380 24 19 är
275 1383 26 16 en
323 1376 164 22 kärleksanstalt
509 1375 50 22 eller
576 1375 52 27 icke,
643 1377 51 19 utan
709 1374 44 21 helt
769 1373 39 32 och
823 1372 65 22 hället

67 1406 105 21 huruvida
187 1407 81 21 statens
282 1405 119 29 skyldighet
415 1405 53 21 ifrän
483 1404 113 22 rättvisans
611 1403 39 22 och
665 1403 47 22 dess
727 1404 49 25 eget
790 1403 99 32 intresses

69 1434 106 27 synpunkt
191 1436 23 19 är
229 1436 31 20 att
275 1434 60 22 äfven
346 1433 136 27 understödja
491 1431 199 29 bildningssökande
700 1431 51 22 eller
761 1431 127 21 åtminstone

69 1462 94 27 bildning
185 1462 131 22 behöfvande
339 1462 21 21 af
380 1463 40 20 den
443 1461 110 22 ömmande
576 1460 150 25 beskaffenhet,
745 1465 46 16 som
807 1459 81 21 desse
875 1455 17 38 i

68 1491 60 26 fräga
151 1491 91 21 varande
268 1490 101 27 olycklige
391 1492 43 19 äro.
464 1490 40 21 Om
523 1490 80 21 statens
618 1487 119 29 skyldighet
747 1487 12 32 i
774 1487 115 32 allmänhet

69 1521 24 20 är
108 1520 31 21 att
154 1518 101 29 befrämja
271 1519 36 22 det
321 1518 137 29 uppväxande
473 1518 87 27 slägtets
575 1517 64 22 behof
653 1516 22 23 af
686 1515 95 28 bildning
792 1515 39 22 och
841 1515 47 27 ljus,
