1053 1814
311 131 158 18 Presteståndet
481 133 53 16 1877.
559 133 26 16 20
599 132 57 21 april.
678 140 7 4 -
823 127 40 21 515

75 206 48 15 man
146 199 74 27 riktigt
242 200 52 21 rädd
314 201 31 20 för
361 203 32 19 att
407 201 44 22 låta
467 201 46 22 dem
529 201 115 22 behandlas
659 201 23 21 af
695 201 55 21 blott
764 201 126 27 pedagoger,

73 229 22 26 ja
118 234 36 15 ens
177 229 22 20 af
219 235 25 14 en
267 229 55 20 enda
344 230 100 26 pedagog.
475 231 42 19 Det
536 232 23 19 är
574 230 48 21 med
637 230 112 25 anledning
764 230 65 25 deraf,
845 236 45 14 som

75 257 36 21 det
132 257 68 20 skulle
222 257 62 21 hafva
306 257 69 27 tyckts
396 258 55 21 varit
473 257 46 22 skäl
541 258 32 21 för
594 260 33 18 att
642 259 166 25 reservanterna,
824 258 27 21 då
865 258 26 21 de

75 284 63 22 hafva
160 285 83 21 förenat
264 285 32 27 sig
318 292 33 14 om
374 286 114 26 petitionen
504 287 6 20 i
526 287 120 25 allmänhet,
662 286 61 21 äfven
738 286 54 21 hade
808 287 83 20 förenat

75 314 32 26 sig
130 314 81 23 derom,
226 316 32 19 att
273 314 93 21 komitén
382 315 67 20 skulle
466 315 59 21 bestå
540 315 21 21 af
575 315 129 26 sakkunnige
719 321 107 20 personer.
857 315 34 21 Då

75 342 117 21 emellertid
214 343 65 20 saken
303 345 23 19 är
348 343 22 21 af
391 343 23 22 så
437 345 44 20 stor
503 343 43 28 vigt
567 343 39 22 och
622 345 56 18 ännu
693 349 44 15 mer
753 343 23 21 af
789 344 23 21 så
828 343 63 22 bråd-

75 371 80 21 skande
177 371 144 22 beskaffenhet
344 372 39 21 och
405 372 27 21 då
446 373 72 20 vidare
534 372 22 21 af
569 379 25 15 en
610 371 127 27 föregående
752 372 74 26 talare,
841 378 50 21 pro-

74 400 68 21 fessor
165 399 69 28 Cleve,
256 401 122 26 förklarats,
400 401 7 21 i
431 401 81 21 hvilket
534 400 99 22 särskildt
655 401 53 26 syfte
728 401 69 20 denna
812 401 79 21 komité

75 428 68 22 skulle
167 429 80 26 arbeta,
271 429 69 21 skulle
354 429 42 27 jag,
412 429 33 22 för
460 430 42 21 min
518 430 33 21 del
567 429 55 22 helst
638 429 50 26 vilja
702 430 85 20 ansluta
802 430 41 25 mig
858 429 33 22 till

76 457 35 21 det
134 457 23 22 af
177 457 76 22 honom
277 457 144 22 framkastade
443 458 107 27 förslaget,
574 459 87 20 emedan
683 458 35 27 jag
743 459 51 24 tror,
809 460 32 19 att
857 464 34 15 om

76 486 59 21 detta
149 485 80 28 förslag
244 487 68 21 skulle
328 487 105 26 omfattas,
450 487 72 21 landet
537 486 85 22 derutaf
636 486 68 21 skulle
718 486 63 21 hafva
794 493 26 15 en
832 487 60 21 verk-

75 515 28 26 lig
119 517 66 24 nytta.

144 571 88 22 Prosten
249 571 159 28 Grönberg:
439 572 46 21 Den
500 572 127 26 föregående
642 572 64 21 värde
720 572 82 21 talaren
818 572 74 21 erkän-

76 607 37 15 ner
135 603 32 18 att
190 601 114 26 petitionen
320 602 24 19 är
360 601 53 21 stäld
429 601 27 26 på
472 607 24 14 en
512 601 80 26 ganska
607 601 110 21 obestämd
733 601 44 25 bas,
793 607 46 14 men
855 601 37 20 vill

76 629 54 21 ändå
153 629 45 21 icke
220 629 56 27 gifva
299 630 105 20 utskottet
428 631 49 19 rätt.
509 630 47 20 Han
571 629 122 27 godkänner
708 630 18 26 ej
742 629 68 21 heller
824 636 69 14 reser-

76 661 113 18 vanternas
207 658 60 26 åsigt.
298 658 43 21 För
356 658 42 20 min
414 658 33 21 del
463 657 50 27 skyr
525 658 36 27 jag
576 658 46 21 icke
636 658 33 21 för
684 660 33 19 att
730 658 114 26 godkänna
858 660 35 19 ut-

76 686 91 21 skottets
183 686 134 22 betänkande
332 686 61 21 äfven
409 692 33 16 om
457 687 116 26 petitionen
589 686 69 21 såsom
674 686 65 21 sådan
754 686 102 27 förfaller,
869 688 24 19 är

74 714 36 28 jag
132 715 102 21 förvissad
258 722 33 14 om
314 715 39 21 och
376 715 23 21 så
421 715 83 27 mycket
526 722 44 14 mer
586 715 69 27 styrkt
669 721 75 20 genom
760 715 40 21 den
816 717 77 22 värme,

76 744 46 20 med
138 742 84 22 hvilken
239 744 64 20 saken
320 744 109 20 omfattats
445 743 59 22 äfven
519 744 35 21 vid
570 744 58 20 detta
642 743 90 26 tillfälle,
748 745 32 19 att
796 744 40 20 den
845 743 47 21 icke

77 772 71 21 derför
163 772 100 21 behöfver
278 772 90 21 förfalla.
397 772 40 27 Jag
452 778 106 20 upprepar
574 774 61 24 ännu,
651 774 32 19 att
698 772 60 21 äfven
773 772 35 26 jag
824 772 69 20 anslu-

76 802 33 20 ter
124 801 43 26 mig
181 800 33 21 till
228 800 108 27 professor
351 800 74 21 Cleves
441 801 141 26 andragande,
596 801 154 21 hemställande
761 800 33 22 till
805 800 87 27 högvör-

77 830 48 26 diga
140 829 85 21 ståndet
240 829 54 21 hvad
310 828 95 28 föröfrigt
420 830 32 20 för
468 829 40 21 den
523 830 55 26 goda
593 830 65 20 saken
673 828 35 22 må
723 828 102 27 tillgöras.
849 828 44 22 Nå-

76 864 41 20 gon
133 858 73 21 remiss
221 858 31 21 till
270 858 104 21 utskottet
390 864 61 15 anser
464 858 36 26 jag
517 858 52 22 dock
584 858 47 20 icke
645 858 64 26 nödig
724 858 51 21 eller
787 857 33 21 för
829 857 64 21 ända-

77 886 64 22 målet
157 886 78 27 tjenlig,
251 887 27 21 då
294 893 25 14 en
334 886 54 27 gång
404 887 115 26 petitionen
534 887 33 21 till
582 887 31 21 sin
629 886 53 22 form
699 886 154 22 underkännes.

145 944 83 21 Doktor
242 944 155 26 Hornborg:
420 944 41 26 Jag
475 944 36 20 vill
526 946 57 19 ännu
597 943 113 21 framhålla
725 945 32 19 att
772 943 121 22 återremiss

77 972 32 22 till
130 973 106 21 utskottet
258 972 107 22 förefaller
387 972 42 28 mig
451 973 81 21 mindre
555 972 79 27 tjenlig,
656 972 71 22 derför
741 972 104 27 nämligen
861 974 32 19 att

76 1001 148 22 återremissen
246 1002 68 21 skulle
337 1001 37 22 ske
396 1001 7 21 i
421 1002 98 20 ändamål
534 1003 31 19 att
581 1003 97 19 närmare
693 1001 102 25 detaljera
809 1001 84 26 petitio-

76 1036 47 15 nen.
154 1030 46 21 Den
216 1030 38 21 har
269 1030 83 22 ändock
367 1032 31 20 ett
412 1030 24 21 så
451 1032 54 19 stort
520 1030 39 22 och
574 1030 88 21 allmänt
677 1030 59 27 syfte,
752 1032 32 19 att
792 1029 37 27 jag
841 1031 51 24 tror,

77 1062 32 18 att
132 1059 47 21 dess
202 1059 144 27 detaljerande
368 1059 67 21 skulle
452 1060 66 20 skada
533 1059 39 21 och
588 1058 95 22 försvåra
698 1058 71 22 saken.
799 1058 40 26 Jag
854 1058 39 21 har

77 1088 76 20 erkänt
173 1089 40 19 den
228 1088 132 26 fullkomliga
375 1088 128 26 riktigheten
518 1088 21 21 af
553 1088 26 21 de
594 1090 33 18 tre
642 1087 130 27 synpunkter
787 1086 106 26 professor

77 1116 63 22 Cleve
162 1116 122 25 framhållit,
304 1123 48 15 men
365 1117 36 26 jag
416 1117 39 21 har
469 1117 66 21 redan
550 1116 79 22 uttalat
644 1118 37 19 och
697 1118 45 18 tror
755 1116 138 24 fortfarande,

77 1148 32 18 att
127 1146 62 20 dessa
206 1146 131 26 synpunkter
352 1148 36 18 äro
404 1145 23 21 så
443 1145 116 27 sjelffallna,
575 1147 32 19 att
621 1145 61 26 ingen
698 1145 80 21 komité
793 1144 42 21 kan
849 1144 45 22 för-

77 1174 46 21 bise
145 1174 54 26 dem,
222 1180 47 15 men
285 1174 95 22 deremot
395 1175 42 20 kan
452 1174 36 21 det
502 1174 68 21 finnas
585 1173 106 27 åtskilliga
706 1173 68 21 andra
789 1172 105 28 synpunk-

77 1205 40 23 ter,
135 1208 45 16 som
196 1202 59 22 äfven
270 1202 72 22 kunna
357 1205 61 25 tagas
433 1203 7 21 i
455 1203 150 24 betraktande;
622 1202 40 22 och
676 1202 34 21 vid
726 1202 146 21 diskussionen
887 1201 7 21 i

79 1232 40 26 dag
141 1231 38 22 har
201 1231 127 22 framhållits
344 1238 44 15 mer
403 1234 26 18 än
445 1238 26 15 en
486 1232 72 21 sådan.
589 1231 68 22 Bland
672 1233 66 19 annat
752 1231 33 21 får
800 1230 93 21 komitén

77 1260 46 22 icke
138 1260 71 21 lemna
223 1267 25 15 ur
263 1261 53 27 sigte
332 1260 27 28 på
375 1261 54 21 hvad
444 1262 43 20 sätt
502 1260 90 28 gvinnan
607 1260 55 21 skall
676 1260 96 26 begagna
786 1259 51 21 eller
851 1258 43 22 för-

77 1289 58 21 valta
151 1289 36 21 det
201 1289 87 27 kapital,
303 1296 45 14 som
364 1290 42 20 hon
420 1295 75 21 genom
511 1290 40 20 den
566 1289 65 26 högre
646 1289 122 26 bildningen
778 1287 117 21 förvärfvat

78 1318 37 26 sig.
146 1318 45 20 Här
206 1318 66 21 måste
289 1324 47 15 man
352 1320 50 24 taga
416 1318 81 26 hänsyn
512 1318 59 20 äfven
587 1318 33 20 till
634 1318 80 20 hennes
724 1316 100 22 framtida
832 1316 62 21 verk-

78 1346 89 25 samhet,
183 1346 39 21 och
238 1346 26 21 då
280 1346 61 22 träda
356 1347 61 21 dessa
431 1346 72 26 frågor
518 1352 34 16 om
567 1346 79 21 hennes
660 1345 129 27 anställning
803 1345 8 20 i
822 1344 73 22 skolor

79 1376 51 20 eller
149 1375 28 26 på
192 1375 80 21 hvilket
287 1377 65 19 annat
368 1374 85 22 område
469 1381 45 15 som
529 1375 55 21 helst
598 1374 28 27 på
640 1376 32 19 ett
686 1374 129 26 väsendtligt
830 1374 43 20 sätt
887 1374 7 20 i

78 1403 135 26 förgrunden.
235 1404 41 26 Jag
290 1406 60 24 tager
365 1404 42 26 mig
421 1403 91 23 friheten
526 1405 33 19 att
569 1402 120 27 ödmjukast
700 1402 120 25 hemställa,
831 1402 65 20 huru-

79 1432 48 20 vida
149 1433 36 19 det
203 1432 46 19 icke
264 1437 50 15 vore
330 1432 71 20 bättre
417 1434 32 18 att
463 1431 107 26 tillstyrka
584 1431 117 25 petitionen
716 1431 7 20 i
738 1431 36 20 det
789 1430 106 21 allmänna

79 1459 60 28 syfte,
155 1459 7 21 i
176 1459 80 20 hvilket
271 1459 155 21 reservationen
441 1459 40 20 bar
494 1459 125 20 formulerat
633 1458 129 21 densamma.

147 1487 62 22 Hvad
224 1487 46 22 åter
285 1487 25 21 de
326 1487 23 21 af
362 1488 73 20 rektor
450 1487 100 20 Kihlman
565 1487 94 20 uttalade
673 1486 128 26 farhågorna
812 1486 33 21 för
857 1485 38 21 ko-

80 1516 76 22 miténs
177 1517 189 26 sammansättning
388 1515 106 28 beträffar,
517 1522 50 15 vore
590 1516 35 21 det
640 1517 76 25 ytterst
732 1514 115 27 beklagligt
862 1520 33 15 om
