1056 1764
330 117 158 19 Presteståndet
501 118 53 18 1877.
578 119 25 16 27
616 118 49 17 febr.
837 112 39 21 139

154 184 40 22 Vid
209 185 62 21 skedt
286 192 81 21 upprop
384 186 102 22 befunnos
501 186 95 22 ståndets
611 186 97 27 samtliga
719 186 135 22 medlemmar
865 186 40 20 till-

84 214 157 26 städeskomne,
257 214 48 21 med
320 215 107 25 undantag
442 216 23 20 af
477 218 85 24 prosten
599 215 145 26 Johnsson,
760 221 44 15 som
820 214 32 21 för
867 221 38 15 an-

87 242 52 20 mält
154 242 177 26 sjukdomsförfall
347 242 110 22 uteblifvit.

154 367 163 27 Tillkännagafs,
340 369 32 20 att
395 368 131 22 elektorerna
550 368 5 21 i
579 368 36 22 det
637 368 103 22 särskilda
755 368 88 26 utskott,
859 374 45 15 som

84 395 85 22 komme
195 398 31 19 att
248 396 103 22 behandla
373 396 73 27 frågan
469 404 33 14 om
526 397 135 21 anskaffande
684 397 22 22 af
726 399 32 19 ett
779 397 126 21 ständerhus

83 426 77 20 utsett:

379 483 32 21 till
427 483 181 22 ledamöter:

153 540 146 27 kyrkoherden
315 541 217 25 Fredriksson,

154 569 77 20 doktor
247 569 119 22 Geitlin
383 569 38 21 och

153 600 84 23 prosten
254 597 86 27 Hjelt
355 601 55 18 samt

357 655 31 20 till
404 655 217 26 suppleanter:

153 711 71 22 rektor
240 711 139 22 Kihlman
396 712 37 21 och

153 740 77 22 doktor
272 740 126 22 Lindelöf.

151 871 61 22 Efter
227 871 151 28 tilländalupen
394 872 87 26 liggetid
496 873 5 20 i
518 872 96 21 afseende
630 873 12 20 &
658 872 74 21 remiss
742 872 123 27 föredrogos
877 872 25 21 de

84 900 33 21 vid
140 903 82 18 senaste
237 901 156 21 sammanträde
409 900 31 21 till
456 901 84 21 ständet
556 900 115 22 aflemnade
686 901 77 26 nädiga
778 901 124 26 propositio-

83 935 72 26 nerna,
171 929 70 21 hvilka
257 929 72 21 dervid
345 929 52 21 hvar
411 929 53 22 efter
479 935 68 16 annan
563 929 147 22 remitterades
725 930 7 21 i
748 929 91 27 följande
855 929 47 21 ord-

82 964 61 20 ning:

148 1015 162 27 Propositionen
331 1022 34 14 n:o
389 1016 34 24 27,
445 1016 108 26 angående
576 1015 114 22 förändrad
712 1016 132 26 bestämning
867 1022 34 14 om

80 1043 179 26 häradsrätterna,
275 1044 32 21 till
323 1044 148 27 lagutskottet;
486 1044 38 22 och

148 1101 161 27 Propositionen
325 1108 34 14 n:o
376 1102 33 25 28,
426 1102 107 26 angående
548 1102 126 21 förändrade
685 1101 92 27 grunder
788 1100 32 23 för
831 1103 71 20 ränte-

80 1130 119 26 persedlars
215 1130 128 26 omsättning
358 1130 7 20 i
380 1130 78 26 landet,
475 1130 31 21 till
522 1130 164 25 statsutskottet;

148 1186 162 27 Propositionen
325 1192 34 15 n:o
375 1187 34 25 29,
425 1186 108 27 angående
548 1186 110 22 införande
674 1186 20 22 af
709 1186 57 21 skatt
777 1186 32 21 för
819 1186 82 21 hundar

81 1216 75 25 ansågs
171 1215 22 21 af
207 1215 104 27 åtskilliga
327 1215 136 21 medlemmar
478 1216 6 20 i
500 1216 84 21 ståndet
598 1214 53 22 böra
665 1215 120 21 remitteras
796 1215 31 21 till
838 1216 63 20 stats-

80 1244 111 24 utskottet,
208 1250 47 14 men
271 1244 27 26 på
313 1244 93 26 yrkande
421 1243 22 22 af
457 1244 105 26 professor
602 1249 124 19 Forsman,
742 1249 46 15 som
803 1242 99 22 framhöll

81 1274 32 19 att
128 1272 38 21 här
181 1272 18 26 ej
215 1278 50 15 vore
280 1272 59 26 fråga
355 1278 33 15 om
405 1273 68 25 någon
488 1272 106 22 blifvande
609 1272 154 24 statsinkomst,
780 1275 51 18 utan
846 1271 55 21 blott

82 1306 34 16 om
132 1307 25 15 en
173 1300 92 22 inkomst
279 1301 33 21 för
327 1301 134 25 kommunen,
478 1300 67 22 beslöt
560 1300 85 22 ståndet
660 1303 32 19 att
707 1300 109 22 remittera
826 1300 75 27 ifråga-

80 1329 91 21 varande
187 1329 76 27 nådiga
278 1329 130 27 proposition
423 1329 32 21 till
470 1329 202 21 ekonomiutskottet.

150 1358 39 20 Vid
211 1358 148 27 föredragning
380 1358 22 21 af
422 1359 157 26 propositionen
595 1364 34 15 n:o
646 1358 33 25 35,
695 1358 108 26 angående
818 1357 83 27 utvidg-

81 1386 49 49 ning
137 1386 37 48 nn
193 1387 78 20 valrätt
293 1386 39 21 och
351 1386 109 21 valbarhet
474 1387 33 20 till
522 1387 159 25 landtdagsman
697 1386 7 21 i
721 1386 179 26 borgareståndet,

80 1420 55 15 anhö

150 1471 110 22 Professor
282 1471 147 22 Forsman
451 1477 33 15 om
507 1471 60 22 ordet
588 1471 39 21 och
649 1471 95 26 yttrade:
775 1471 32 21 Då
823 1471 35 21 det
873 1477 28 15 nu

82 1500 66 22 första
169 1500 82 27 gången
273 1499 95 23 kommer
390 1500 7 21 i
418 1499 58 28 fråga
496 1502 32 19 att
550 1499 84 28 vidtaga
656 1505 25 16 en
700 1499 90 28 ändring
803 1499 7 21 i
825 1499 76 28 nådiga
