1053 1828
189 138 42 21 462
402 142 159 18 Presteståndet
573 143 55 17 1877.
652 143 24 16 10
689 142 57 21 april.

228 211 122 25 Anmäldes,
365 212 32 21 att
412 211 31 21 till
459 211 84 22 ståndet
557 211 111 22 inkommit
683 210 38 23 och
737 210 31 22 till
784 211 47 22 dess
841 210 138 23 medlemmar

160 235 101 36 utdelats:
856 239 2 3 |

228 297 88 28 Aftryck
338 297 22 22 af
382 297 38 22 den
443 297 31 22 till
497 296 202 23 Storfurstendömet
714 297 101 22 Finlands
828 297 25 22 år
870 297 53 22 1867
938 297 41 21 för-

159 326 94 22 samlade
275 326 86 22 ständer
381 325 78 28 afgifna
473 327 120 25 berättelse,
609 326 107 26 angående
731 327 31 20 ett
777 325 21 22 af
812 325 14 22 f.
842 327 19 20 d.
877 325 102 22 handlan-

161 355 40 21 den
222 355 53 21 Erik
296 355 70 21 Johan
388 355 108 26 Längman
517 355 124 27 upprättadt
662 356 127 20 testamente
804 354 32 22 till
850 353 82 23 förmon
947 354 32 21 för

160 383 101 22 Finlands
285 383 41 22 alla
344 384 62 21 stånd
421 384 39 21 och
475 383 132 27 folkklasser,
623 386 55 19 samt
693 390 33 14 om
742 383 26 22 de
783 383 23 22 af
818 383 102 27 styrelsen
936 382 43 22 vid-

159 414 65 25 tagna
239 412 126 28 åtgärderna
380 412 32 21 för
427 413 46 22 dess
489 412 187 28 tillgodonjutande
692 412 40 22 och
746 412 41 22 den
802 412 177 22 testamenterade

160 441 141 28 egendomens
315 441 132 27 förvaltning.

228 498 156 22 Antecknades.

229 647 40 22 Till
284 649 61 20 nästa
360 648 155 21 sammanträde
530 647 112 22 bordlades
657 647 151 27 lagutskottets
822 648 8 21 i
845 648 40 26 dag
900 648 7 21 i
921 648 57 22 stän-

161 676 35 21 det
218 675 98 22 utdelade
339 675 134 23 betänkande
495 676 40 21 N:o
551 677 12 20 6
578 676 7 21 i
600 676 112 27 anledning
727 677 22 21 af
762 676 76 27 nädiga
853 677 126 27 propositio-

160 711 41 15 nen
226 704 39 22 N:o
282 706 25 20 21
324 705 108 26 angäende
447 705 88 26 ändring
550 705 22 22 af
585 711 30 15 nu
629 705 97 26 gällande
740 705 78 27 lagbud
834 711 33 16 om
882 705 97 28 giftorätt

161 733 39 21 och
215 733 32 22 arf
260 732 54 23 efter
328 733 104 22 landsrätt
447 735 54 20 samt
517 740 33 16 om
566 734 156 27 morgongäfva.

230 889 76 23 Pastor
326 890 77 26 Lyra
425 889 71 22 anhöll
515 896 35 15 om
565 891 32 20 att
611 890 33 21 för
659 889 95 22 enskilda
768 890 176 28 angelägenheter
959 890 20 22 få

161 918 97 23 fränvara
272 918 46 22 frän
334 918 94 23 ständets
443 918 156 23 sammanträde
614 918 7 22 i
636 918 72 28 fredag
723 921 55 20 samt
794 919 105 22 eventuelt
918 919 60 23 äfven

161 954 35 15 om
210 947 75 28 tisdag,
300 947 80 22 hvilket
396 947 22 22 af
431 948 84 21 ständet
530 947 75 22 bifölls.

229 1097 69 22 Sedan
319 1099 62 20 nästa
402 1098 155 22 sammanträde
576 1099 78 21 utsatts
668 1099 32 21 att
714 1099 50 26 taga
779 1098 31 22 sin
826 1098 73 27 början
914 1098 7 21 i
936 1098 42 22 fre-

161 1126 40 26 dag
223 1126 90 22 klockan
337 1127 24 21 11
384 1126 13 22 f.
415 1132 35 21 m.,
472 1126 52 22 slöts
545 1127 106 21 sessionen
674 1126 90 23 klockan
785 1128 12 21 3
813 1127 37 23 och
869 1128 26 21 10
910 1127 67 22 minu-

161 1156 32 20 ter
209 1161 18 15 e.
242 1161 26 15 m.

740 1214 22 17 In
774 1213 58 18 fidem:

646 1246 50 22 Carl
712 1247 49 22 Joh.
778 1247 133 29 Lindegvist.
