1053 1781
304 118 160 18 Presteståndet
477 120 53 16 1877.
553 120 26 16 27
591 124 61 12 mars.
837 113 40 21 359

86 194 109 21 personer,
210 190 86 24 utgöres
311 188 70 21 såsom
397 188 78 21 bekant
490 188 24 21 af
528 194 24 15 en
568 188 130 27 kronofogde
714 188 39 21 och
767 188 13 21 4
796 187 12 21 å
824 188 11 21 5
851 187 56 21 läns-

87 218 48 20 män
151 216 48 21 med
214 216 52 21 hvar
281 216 37 20 sitt
334 216 83 21 distrikt
431 216 56 21 inom
503 216 96 24 häradet,
615 216 84 21 hvartill
714 218 57 19 ännu
786 216 85 21 komma
881 222 26 14 en

87 244 48 22 bro-
151 245 39 21 och
206 251 25 15 en
246 244 118 26 skallfogde
378 245 56 20 inom
449 245 72 26 hvarje
537 244 198 28 länsmansdistrikt,
745 251 47 15 men
804 243 103 22 huruvida

87 273 48 21 bro-
150 273 39 21 och
205 273 162 26 skallfogdarne,
384 273 70 21 hvilka
470 273 26 25 på
511 273 68 26 grund
594 273 23 21 af
630 272 100 27 kungliga
742 272 82 22 brefvet
835 272 22 21 af
867 272 40 20 den

87 302 27 20 29
130 301 113 21 november
261 302 53 20 1799
330 301 31 21 till
378 300 38 22 och
431 301 90 21 afsättas
535 301 23 21 af
571 303 131 25 guvernören
718 301 38 21 och
772 306 74 22 genom
857 300 51 26 Kej-

87 330 76 26 serliga
179 330 81 20 brefvet
275 329 23 21 af
311 330 39 20 den
368 330 24 20 12
408 330 114 20 november
539 330 53 20 1826
607 330 120 20 förordnats
742 329 31 21 till
789 328 82 22 biträde
884 328 23 21 åt

88 358 135 21 länsmannen
245 358 60 21 skola
327 358 77 21 räknas
427 358 32 21 till
481 358 200 26 kronobetjeningen
703 358 39 21 har
757 357 70 22 blifvit
842 357 65 21 satt
896 353 14 36 i

87 386 66 27 fråga,
176 386 56 21 helst
253 387 26 20 de
296 386 25 27 ej
344 386 82 26 åtnjuta
444 386 91 27 aflöning
550 387 23 21 af
586 388 69 20 staten
670 388 51 19 utan
737 386 22 21 af
772 386 133 21 kommunen.

88 414 252 27 Kronofogdetjensterna
350 421 50 15 voro
416 415 7 21 i
439 415 58 21 äldre
507 416 61 26 tider,
580 414 27 22 då
617 415 222 27 länsmanstjensterna
850 416 57 19 ännu

88 444 114 21 innehades
218 444 22 20 af
253 450 101 20 personer
369 444 47 20 med
431 444 24 21 så
471 444 125 26 bristfälliga
612 444 93 26 insigter,
721 446 32 18 att
766 444 26 20 de
802 444 105 26 knappast

87 472 71 21 kunde
178 472 66 21 inlåta
264 472 30 28 sig
309 472 7 21 i
332 472 144 27 skriftvexling
491 473 47 21 med
554 473 46 21 sina
614 472 82 21 förmän
711 472 6 20 i
733 472 173 26 tjensteärender,

88 502 23 20 af
131 503 44 19 stor
198 502 114 26 betydelse,
335 504 23 23 ty
380 501 72 26 hvarje
469 502 38 20 sak
523 507 44 15 som
582 501 62 21 rörde
660 501 94 26 häradet,
769 501 48 26 gick
832 506 75 21 genom

87 530 152 26 kronofogden,
262 530 40 21 och
323 530 53 21 intet
390 530 41 21 fick
446 530 105 27 företagas
566 530 53 21 hans
634 530 88 26 vetskap
738 530 91 20 förutan.
859 528 49 21 Han

89 565 36 15 var
148 558 126 27 fullkomligt
296 558 88 26 höfding
405 559 7 21 i
431 558 90 22 häradet
536 558 39 22 och
590 558 138 22 länsmännen
743 564 51 16 voro
810 558 52 20 hans
878 557 29 21 bi-

88 587 82 25 träden,
192 588 25 20 de
238 588 36 20 der
289 587 83 27 afgåfvo
389 588 44 20 sina
449 590 110 24 rapporter
574 586 111 28 vanligtvis
700 587 56 21 blott
770 586 137 26 mundtligen.

89 616 78 21 Länets
182 618 117 24 styresman
316 615 39 22 och
370 616 67 21 andra
453 616 125 26 tjenstemän
594 616 6 21 i
616 616 72 21 landet
702 615 79 27 ansågo
797 616 67 20 under
875 615 33 21 sin

89 645 110 27 värdighet
221 647 31 19 att
272 646 7 20 i
300 645 65 26 något
387 644 77 22 ärende
485 645 68 21 vända
573 644 31 27 sig
621 644 81 22 direkte
718 644 31 21 till
764 644 143 25 länsmannen,

88 673 91 25 hvilken,
202 674 68 20 såsom
293 674 75 26 antydt
389 676 29 23 är,
441 673 60 21 äfven
517 680 36 14 var
568 673 132 21 urständsatt
715 674 31 20 att
761 672 95 28 uppfylla
871 678 38 16 ens

89 702 26 21 de
137 702 95 21 enklaste
255 702 98 27 anspråk.
383 702 10 22 I
414 708 75 16 senare
503 702 55 22 tider
572 702 40 21 har
627 708 25 15 en
667 702 54 21 total
736 701 151 27 omsvängning
901 700 8 21 i

89 731 62 21 dessa
165 731 147 21 förhållanden
328 733 34 25 egt
377 737 53 15 rum.
457 731 185 27 Länestyrelserna
657 730 62 21 hafva
734 730 88 22 kommit
833 730 76 21 under-

89 759 52 21 fund
156 760 47 21 med
218 762 32 19 att
265 760 62 21 deras
342 760 103 21 anseende
461 760 87 21 alldeles
563 760 46 20 icke
624 759 53 21 lider
692 759 65 26 deraf,
772 761 32 19 att
819 760 26 20 de
855 758 55 22 bref-

89 789 61 21 vexla
173 788 80 22 direkte
269 789 48 21 med
332 788 143 26 länsmännen,
491 791 50 19 utan
557 790 33 20 att
605 790 90 19 tvärtom
712 788 127 21 ärendernas
854 787 55 27 gång

89 817 121 27 derigenom
233 817 120 27 påskyndas
376 817 38 21 och
437 816 136 22 länsmännen
595 817 71 21 kunna
686 817 60 21 äfven
762 815 147 23 öfverhufvud-

89 848 59 24 taget
169 852 87 15 numera
276 846 48 21 med
339 846 79 21 besked
434 846 93 26 uppfylla
543 846 45 20 sina
602 845 149 27 skyldigheter.
782 845 127 25 Härigenom

89 874 39 22 har
145 874 155 28 brefvexlingen
315 874 88 22 emellan
419 876 131 24 guvernören
566 874 38 21 och
619 874 145 26 kronofogden
774 874 84 26 mycket
868 873 41 21 för-

90 903 107 21 minskats.
234 903 81 21 Genom
340 903 289 27 kommunalförvaltningens
653 903 109 21 införande
787 902 27 26 pä
838 902 71 20 landet

90 931 64 22 hafva
165 932 75 26 många
250 932 90 21 häradet
350 933 90 20 rörande
451 932 78 26 vigtiga
539 932 182 26 angelägenheter.
734 931 7 21 i
752 930 71 22 hvilka
832 930 77 22 krono-

90 961 87 26 fogdens
193 960 109 22 utlåtande
316 960 58 22 förut
389 960 76 27 ansågs
480 960 79 27 nödigt,
579 966 28 15 nu
623 960 69 20 blifvit
707 959 155 22 öfverlemnade
878 959 33 21 till

90 990 163 20 kommunernas
269 991 48 25 eget
332 989 115 26 afgörande
480 990 34 20 All
531 991 59 19 extra
605 989 103 27 uppbörd,
723 994 45 16 som
783 988 57 21 förut
849 987 60 21 verk-

91 1018 87 21 ställdes
194 1018 22 21 af
229 1018 151 27 kronofogden,
396 1018 39 21 har
450 1024 29 15 nu
494 1018 69 21 blifvit
578 1017 142 21 öfverlemnad
736 1017 32 21 till
778 1016 133 22 kommunal-

91 1047 134 27 styrelserna.
255 1047 31 21 De
308 1049 80 24 taxera,
411 1047 96 21 debitera
529 1046 38 22 och
587 1046 96 28 uppbära
698 1046 42 20 alla
755 1044 46 22 från
816 1046 95 20 kommu-

91 1082 66 14 nerna
179 1076 104 26 utgående
306 1076 76 24 medel,
405 1076 39 20 och
467 1075 143 27 kronofogden
632 1074 82 27 uppbär
734 1080 88 15 numera
838 1073 73 21 endast

91 1104 93 21 kronans
207 1110 53 20 egna
282 1104 100 21 intrader.
414 1104 44 21 Och
477 1104 55 21 hvad
554 1103 192 27 kronouppbörden
762 1103 71 26 angår,
849 1102 23 21 så
887 1104 25 18 är

91 1133 36 21 det
142 1132 88 21 allmänt
245 1132 85 26 bekant,
346 1134 32 19 att
393 1132 144 27 kronofogden
552 1132 48 27 sjelf
614 1132 74 21 endast
703 1132 83 26 uppbär
796 1132 116 26 penningar

92 1161 22 21 af
129 1161 53 25 dem,
199 1167 44 15 som
258 1161 110 26 godvilligt
383 1161 89 21 afbörda
486 1161 46 21 sina
547 1160 115 28 utskylder,
679 1166 48 15 men
742 1159 54 21 låter
806 1160 105 20 länsmän-

92 1196 40 15 nen
155 1189 89 21 indrifva
266 1192 94 18 resterne
383 1190 107 20 äfvensom
506 1190 42 20 alla
563 1189 89 21 sakören
668 1189 38 21 och
722 1188 59 21 öfver
796 1188 47 21 dem
858 1193 54 21 upp-

93 1220 56 20 rätta
166 1218 165 26 redovisningar,
348 1224 44 14 som
408 1220 36 19 äro
460 1220 53 18 nära
527 1224 41 20 nog
583 1218 44 20 lika
642 1217 116 27 vidlyftiga,
774 1222 44 15 som
834 1217 79 20 krono-

92 1247 88 26 fogdens
196 1247 31 21 till
242 1246 158 27 länestyrelsen.
426 1241 69 26 Sedan
511 1246 218 26 kronolägenheterna
740 1251 87 15 numera
837 1246 75 19 nästan

93 1275 99 21 öfverallt
215 1275 68 21 blifvit
304 1275 78 21 inlösta
402 1275 32 21 till
451 1275 69 21 skatte
535 1274 48 22 med
599 1275 107 25 undantag
721 1274 22 21 af
758 1274 97 26 Wiborgs
870 1272 42 26 län,

92 1305 37 21 der
153 1306 55 19 ännu
231 1310 25 15 en
279 1304 76 26 mängd
377 1304 166 21 kronohemman
559 1303 87 23 återstå,
661 1303 63 20 hafva
740 1302 60 21 äfven
815 1302 25 20 de
855 1301 58 21 förut

92 1334 33 20 för
140 1333 23 21 så
178 1332 78 27 vigtiga
271 1332 94 21 ansedda
380 1334 50 24 ägo-
446 1333 39 20 och
500 1332 143 26 husesynerna
658 1332 24 20 så
696 1331 51 27 godt
762 1336 45 16 som
819 1330 44 21 helt
873 1330 40 21 och

92 1362 67 20 hållet
181 1361 98 27 upphört,
302 1367 47 15 men
372 1360 48 22 med
442 1360 47 22 dem
513 1360 60 22 äfven
590 1360 25 21 de
630 1360 123 26 inkomster,
770 1365 43 15 som
830 1358 22 21 af
866 1358 47 21 dem

92 1390 85 20 tillföllo
201 1390 174 25 kronofogdarne,
397 1389 135 26 hvarigenom
548 1389 61 20 desse
624 1388 137 26 tjenstemäns
776 1387 138 21 ekonomiska

92 1418 106 26 ställning,
221 1417 71 21 hvilka
308 1417 100 26 derjemte
424 1417 89 20 förlorat
528 1416 223 27 uppbördsprocenten
766 1416 32 20 för
813 1416 26 20 de
854 1417 61 18 extra

93 1446 75 26 medel,
191 1452 43 14 som
257 1452 29 14 nu
309 1445 105 27 uppbäras
437 1445 22 20 af
473 1444 259 23 kommunalnämnderna,
748 1443 68 21 blifvit
831 1444 83 24 mycket

93 1474 115 22 försvärad.
239 1474 10 21 I
264 1473 100 21 händelse
379 1479 28 15 nu
422 1473 217 21 kronolänsmännens
654 1472 100 27 ställning
768 1471 89 22 sålunda
872 1471 42 21 för-

92 1504 84 25 ändras,
196 1505 31 19 att
242 1503 22 21 af
278 1504 46 20 dem
342 1504 5 19 i
363 1502 113 21 framtiden
492 1502 82 21 fordras
590 1507 80 15 samma
685 1500 125 28 kompetens
826 1506 44 15 som
886 1506 28 14 nu
