1053 1811
310 129 159 18 Presteståndet
482 130 54 17 1877.
560 130 27 17 24
599 129 58 22 april.
828 123 39 21 525

78 197 71 22 tillåta
171 197 69 26 någon
255 197 119 21 diskussion
390 197 129 22 beträffadde
535 197 213 22 ekonomiutskottets
763 197 134 22 betänkande

79 225 48 22 med
148 225 112 26 anledning
276 225 21 21 af
312 232 26 14 en
353 227 56 20 inom
424 226 153 21 bondeståndet
593 227 63 20 väckt
671 226 88 26 petition
775 232 33 15 om
825 226 72 21 bevill-

79 253 50 26 ning
151 253 33 21 för
204 255 59 19 utom
284 253 90 22 Finland
397 254 120 21 tillverkadt
540 255 20 20 öl
580 261 45 14 som
641 254 33 21 till
688 253 72 22 landet
774 254 85 25 införes,
875 253 22 28 b)

78 281 86 22 ståndet
185 282 119 21 remitterat
324 282 77 26 nådiga
421 283 158 25 propositionen
593 289 35 14 n:o
643 283 34 22 45,
693 283 107 25 angående
815 288 25 15 en
855 282 42 21 för-

81 310 88 26 ordning
192 315 33 15 om
247 309 57 21 vissa
321 310 49 24 mål,
385 316 44 15 som
445 310 57 21 förut
516 310 49 20 hört
579 310 33 21 till
627 310 150 26 krigsdomstol
793 311 55 19 samt
863 316 34 14 om

78 338 63 22 straff
162 338 39 21 och
224 344 67 15 annan
312 337 79 27 påföljd
406 338 7 21 i
428 339 65 25 några
508 338 48 26 mål,
572 338 71 21 hvilka
658 340 49 19 röra
722 344 100 20 personer
838 339 59 20 utom

78 366 130 27 krigsstaten
230 368 55 20 samt
307 367 55 20 huru
384 366 103 28 häktning
504 368 35 20 mä
554 367 22 21 af
590 366 114 26 krigsbefäl
718 366 131 25 verkställas,
865 366 33 21 till

79 394 148 28 lagutskottet,
249 395 21 27 c)
293 397 33 19 att
340 396 84 20 ståndet
439 395 34 21 vid
488 396 156 26 handläggning
660 395 23 21 af
695 395 151 26 lagutskottets
861 395 36 21 be-

79 423 107 22 tänkande
207 430 35 14 n:o
263 424 20 26 6,
299 423 48 22 med
362 423 113 27 anledning
489 423 23 22 af
525 424 76 26 nädiga
615 423 159 27 propositionen
790 424 108 26 angäende

77 452 91 27 ändring
190 451 24 22 af
234 457 28 16 nu
283 452 99 26 gällande
402 452 79 27 lagbud
497 459 34 14 om
545 453 97 26 giftorätt
656 452 40 21 och
711 451 34 22 arf
759 452 53 21 efter
827 452 70 21 lands-

79 482 44 19 rätt
137 482 56 19 samt
207 480 156 27 morgongäiva,
379 481 47 21 med
441 481 154 32 godkännande
610 480 23 21 af
647 480 144 21 betänkandet
805 481 7 21 i
828 481 69 26 öfrigt,

79 509 130 21 beträffande
224 509 12 21 3
253 510 12 26 $
281 510 12 20 9
309 509 48 26 kap.
373 509 25 22 G.
414 509 23 22 B.
453 511 86 19 stannat
549 510 6 20 i
567 509 36 21 det
613 509 76 24 beslut,
700 510 32 20 att
741 509 49 21 hela
800 515 97 20 morgon-

78 537 170 32 gäfvoinstitutet
262 537 69 21 skulle
338 511 109 57 Phortfalla
462 538 39 21 och
517 538 26 20 de
559 538 71 21 derom
646 537 96 26 gällande
754 525 144 38 stadgandena

78 566 7 20 i
100 572 81 15 samma
196 566 54 27 syfte
265 566 77 20 ändras
357 567 54 20 samt
426 566 143 21 betänkandet
584 566 7 21 i
607 565 97 22 afseende
719 566 13 21 &
742 566 155 26 omredigering

78 594 72 21 häruti
165 595 167 20 äterremitteras
348 593 32 21 till
396 595 145 25 lagutskottet,
557 594 38 21 och
611 593 22 27 d)
649 595 33 20 att
696 594 85 21 ständet
796 582 102 38 enhälligt

78 622 95 26 godkänt
193 622 152 27 lagutskottets
367 606 296 48 sammanjemkningsförslag
680 622 7 21 i
708 622 61 26 fräga
791 628 34 15 om
844 628 53 20 upp-

78 650 105 22 häfvande
198 651 23 21 af
234 651 158 26 ridderskapets
408 651 39 21 och
462 651 73 21 adelns
550 653 43 19 rätt
605 650 32 22 till
649 651 128 26 utpaatning
787 650 38 22 hos
836 651 61 21 deras

77 679 147 21 frälsebönder
230 686 5 19 ;

147 737 41 21 2:0.
214 736 57 22 Från
293 736 105 27 vällofliga
419 736 181 27 borgareständet,
623 736 22 22 af
665 736 40 22 den
729 736 25 20 17
777 736 78 22 dennes
877 736 21 21 af

79 765 91 21 innehäll
194 767 32 19 att
247 766 85 21 ständet
354 766 21 26 a)
394 765 118 21 remitterat
527 765 32 21 till
574 764 140 28 lagutskottet
728 765 77 26 nädiga
820 770 77 21 propo-

77 794 92 22 sitionen
191 800 34 15 n:o
248 795 34 26 45,
305 800 34 15 om
362 794 111 26 rättegång
494 794 7 20 i
524 794 54 21 vissa
600 793 48 27 mål,
670 799 45 16 som
730 793 56 21 förut
801 793 49 21 hört
865 792 32 22 till

78 822 149 27 krigsdomsto]
250 824 39 20 etc.
313 822 39 22 och
373 822 23 26 b)
418 822 34 22 vid
475 822 126 27 behandling
623 821 22 22 af
658 822 150 26 lagutskottets
823 822 74 21 betän-

79 851 69 21 kande
170 857 34 15 n:o
226 852 20 24 6,
268 851 7 21 i
298 850 112 28 anledning
425 851 23 21 af
461 851 76 26 nådiga
552 850 157 28 propositionen
724 856 35 16 om
774 850 88 26 ändring
877 850 22 22 af

77 886 29 14 nu
128 879 96 27 gällande
246 880 78 26 lagbud
347 885 33 15 om
396 879 96 27 giftorätt
507 880 39 21 och
561 879 32 21 arf
607 879 53 21 efter
675 879 105 21 landsrätt
794 881 54 19 samt
863 885 34 15 om

79 908 150 26 morgongäfva
248 908 87 21 beslutit
358 909 32 20 att
411 908 48 21 med
475 907 124 22 anslutande
614 907 31 21 till
662 907 73 21 herrar
750 907 91 26 Nystens
858 907 39 21 och

77 936 134 27 Rosengrens
225 937 128 20 reservation
369 937 23 20 ät
407 937 13 20 3
434 937 11 26 $
462 937 13 20 9
490 937 49 26 kap.
556 936 23 21 G.
594 936 25 21 B.
633 935 55 27 gifva
703 935 92 27 följande
808 935 87 27 lydelse:

78 980 11 9 +
93 964 150 28 Morgongäfva
265 965 54 21 skall
342 967 60 24 tagas
422 965 22 21 af
465 971 100 15 mannens
581 964 95 22 enskilda
690 964 41 21 lott
745 965 7 20 i
767 964 57 21 boet.
852 964 46 21 Dör

78 993 89 22 hustrun
189 993 44 22 förr
250 995 27 20 än
292 999 90 16 mannen
398 993 51 22 eller
464 993 122 22 öfverlefves
601 999 90 15 mannen
706 992 22 22 af
742 993 58 26 barn,
817 993 27 21 dä
859 999 38 20 ege

78 1022 150 27 morgongäfva
242 1022 18 27 ej
277 1025 71 22 rum*;
364 1024 54 19 samt
433 1024 32 19 att
480 1023 6 20 i
501 1022 51 27 följd
568 1022 60 21 häraf
637 1023 19 25 4,
675 1023 6 20 5
692 1021 39 22 och
742 1023 12 20 7
766 1021 23 28 $$
804 1022 2 20 i
816 1027 81 16 samma

78 1050 79 27 kapitel
179 1051 67 22 skulle
269 1051 93 26 undergå
385 1050 66 22 sådan
473 1051 88 25 ändring
583 1052 31 20 att
632 1051 66 21 orden
714 1056 114 19 ,mannens
845 1050 52 21 barn

76 1079 53 21 eller
151 1080 67 21 andra
238 1080 119 26 arfvingar*
378 1079 7 21 i
406 1080 12 20 5
434 1079 11 28 $
461 1079 67 22 skulle
543 1079 84 26 utbytas
642 1081 45 20 mot
702 1079 65 21 orden
783 1075 18 36 ,,
797 1084 100 16 mannens

77 1107 120 28 arfvingar*
218 1108 39 21 och
280 1109 65 20 orden
368 1107 99 25 ,barnen,
492 1108 51 21 eller
557 1108 6 20 i
580 1109 11 20 7
607 1109 12 25 $
634 1107 56 27 utgå,
706 1107 111 22 hvarutom
832 1107 65 21 inled-

77 1137 76 26 ningen
169 1137 6 20 i
190 1135 236 28 författningsförslaget
441 1136 31 21 till
488 1137 138 26 lagutskottet
641 1135 193 22 äterremitterades
849 1135 48 22 med

75 1165 106 21 anmodan
205 1167 31 20 att
258 1166 104 21 utskottet
384 1165 65 21 mätte
471 1165 76 26 afgifva
568 1164 116 26 utlätande,
706 1164 103 21 huruvida
828 1164 69 27 nägon

76 1192 123 28 förändring
220 1194 7 20 i
249 1194 98 21 afseende
362 1193 13 21 ä
390 1193 121 21 densamma
526 1193 97 27 möjligen
639 1193 71 21 kunde
724 1193 94 21 befinnas
833 1192 64 27 nödig

77 1220 6 22 i
99 1222 113 26 anledning
226 1222 22 21 af
262 1222 36 21 det
314 1221 74 25 beslut,
406 1221 59 22 hvari
483 1221 260 27 borgareständet
665 1216 10 37 i
686 1216 60 37 fräga
756 1227 33 15 om
800 1226 96 21 morgon-

76 1249 61 27 gäiva
153 1252 104 20 stannat".

149 1313 40 21 3:o.
219 1312 57 22 Från
298 1312 129 22 hedervärda
451 1312 154 22 bondeståndet
623 1311 21 22 af
658 1311 40 22 den
713 1312 27 21 20
756 1312 78 20 dennes
849 1311 48 21 med

77 1340 201 27 tillkännagifvande
300 1341 18 26 a)
342 1342 31 20 att
394 1341 85 21 ståndet
501 1340 83 27 afslagit
605 1340 145 26 ridderskapet
769 1339 39 21 och
824 1339 73 21 adelns

78 1368 124 28 inbjudning
217 1371 32 20 att
263 1370 73 21 förena
350 1369 32 27 sig
396 1369 7 21 i
418 1369 97 21 bemälda
530 1369 73 21 stånds
619 1368 67 22 beslut
701 1370 39 24 att,
751 1368 63 21 innan
825 1367 72 22 defini-

77 1397 41 21 tivt
139 1397 70 22 beslut
230 1398 7 20 i
259 1398 65 21 saken
338 1398 97 26 fattades,
452 1398 107 21 remittera
575 1397 105 21 allmänna
695 1396 201 22 besvärsutskottets

79 1425 133 21 betänkande
234 1426 7 20 i
261 1426 59 26 fråga
343 1432 33 15 om
398 1426 129 21 tillsättande
542 1426 21 20 af
578 1432 25 15 en
619 1424 155 27 statsarkeolog
788 1424 32 22 till
835 1426 62 20 stats-

79 1453 105 21 utskottet
198 1453 32 21 för
245 1453 118 27 afgifvande
378 1452 21 22 af
412 1454 98 26 yttrande
526 1459 33 14 om
575 1453 40 21 den
630 1452 110 22 financiela
755 1453 61 21 delen
832 1452 64 23 deraf,

78 1480 23 22 af
115 1481 40 21 den
170 1481 27 22 20
212 1482 54 26 april
280 1482 48 21 med
343 1481 154 22 underrättelse
511 1483 32 19 att
557 1481 84 21 ståndet
656 1480 20 25 b)
692 1480 101 26 enhälligt
802 1480 95 26 godkänt

79 1509 106 22 allmänna
200 1509 201 23 besvärsutskottets
416 1509 78 28 förslag
509 1509 32 22 till
552 1508 201 27 sammanjemkning
764 1508 23 21 af
796 1508 100 22 ståndens
