1053 1784
182 128 40 22 396
392 134 158 17 Presteständet
563 135 54 17 1877.
640 135 13 16 4
666 134 57 21 april.

220 202 109 21 Professor
370 202 141 21 Ehrström:
541 202 88 21 Prosten
648 202 114 26 Grönberg,
778 208 45 15 som
838 204 24 18 är
876 202 94 21 ledamot

152 230 6 20 i
173 230 145 26 lagutskottet,
337 230 39 21 har
390 230 64 21 redan
469 230 84 28 upplyst
569 237 40 20 om,
625 231 54 20 huru
694 230 135 26 meningarna
844 230 6 20 i
865 230 104 21 utskottet

151 258 62 26 gingo
236 258 80 26 ganska
337 259 83 26 mycket
441 258 80 22 ätskils.
551 259 47 21 Han
619 259 38 21 har
679 258 39 21 ock
738 258 78 26 fritagit
831 258 31 26 sig
877 258 45 22 från
937 261 32 18 att

151 286 62 22 hafva
236 287 122 21 medverkat
380 287 32 21 till
435 287 35 21 det
493 287 94 24 resultat,
609 287 31 21 till
662 287 79 21 hvilket
755 287 104 21 utskottet
874 286 93 22 kommit.

151 314 40 26 Jag
206 315 79 21 tillåter
300 316 42 25 mig
357 315 94 27 upplysa,
468 318 31 18 att
513 315 6 21 i
535 316 104 21 utskottet
649 315 104 21 saknades
763 321 26 15 en
800 314 113 28 pluralitet,
925 320 44 16 som

151 343 69 21 kunde
243 350 88 15 ansvara
354 343 32 21 för
408 344 54 20 hvad
482 344 104 22 utskottet
601 344 112 26 föreslagit.
744 343 137 27 Meningarna
896 344 72 20 voro
954 339 18 36 i

151 371 105 22 utskottet
277 372 43 21 lika
343 372 79 26 delade,
445 378 44 16 som
513 372 24 21 de
553 379 27 15 nu
595 378 61 22 synas
672 379 48 14 vara
736 372 36 22 det
786 372 6 20 i
808 372 160 27 presteständet.

150 400 34 22 Då
203 400 49 22 flere
268 400 77 22 aktade
360 401 66 21 talare
442 400 37 22 här
494 400 61 22 hafva
571 401 96 22 omfattat
682 404 86 24 prosten
782 401 133 26 Rosengrens
931 400 38 22 och

150 429 159 26 borgmästaren
332 429 111 21 Fabritius?
466 430 135 26 reservation,
625 430 37 21 har
684 430 36 21 det
742 430 75 21 endast
837 429 21 22 af
873 429 61 27 högst
949 428 20 22 få

150 458 56 21 skett
228 457 132 27 obetingadt;
383 458 39 21 den
445 464 38 15 ene
505 458 39 21 har
566 459 55 21 velat
640 458 61 27 lägga
716 459 64 26 något
794 458 38 25 till,
849 457 39 22 den
904 458 65 21 andre

149 489 49 24 taga
213 487 64 24 något
292 486 58 21 ifrån.
374 486 27 21 Så
417 493 42 18 var,
475 487 69 21 såsom
560 487 63 22 redan
639 487 107 26 nämndes,
758 486 140 21 förhållandet
908 486 59 21 äfven

148 515 7 20 i
171 515 144 26 lagutskottet,
332 515 39 21 och
386 515 35 21 det
437 515 67 21 skulle
519 515 61 22 hafva
596 515 53 22 varit
664 515 94 27 omöjligt
774 515 32 21 för
821 516 103 21 utskottet
937 517 31 19 att

149 543 96 22 meddela
267 544 65 26 något
354 544 138 26 betänkande,
513 551 32 14 om
567 545 45 20 icke
635 545 31 24 de,
684 550 45 15 som
744 545 7 19 i
766 544 46 21 sina
826 545 79 26 åsigter
920 543 48 22 med

149 571 97 22 afseende
267 573 13 20 å
300 573 12 20 7
328 572 12 27 &
356 572 60 21 stodo
433 575 92 18 närmast
541 573 39 21 den
595 572 110 27 kejserliga
720 573 165 26 propositionen,
901 572 66 21 skulle

148 600 62 21 hafva
225 601 73 21 afstått
313 601 45 20 från
374 601 44 20 sina
433 601 127 21 individuela
575 601 127 26 önskningar
717 601 6 20 i
739 601 59 21 detta
812 601 98 21 afseende
928 601 39 21 och

148 628 82 22 förenat
244 629 32 27 sig
292 635 33 15 om
342 632 31 18 att
388 629 111 25 godkänna
515 630 155 27 propositionen
685 630 5 20 i
708 629 67 22 denna
792 629 104 27 paragraf.
927 629 39 22 Till

149 657 54 24 dem,
226 664 44 15 som
293 658 87 21 sålunda
403 658 81 21 afstodo
508 658 44 21 från
574 659 30 20 sin
620 659 60 26 åsigt,
695 658 66 21 hörde
777 659 60 20 äfven
851 659 42 26 jag.
923 658 43 21 Min

149 686 54 26 åsigt
225 686 195 22 öfverensstämmer
443 689 92 19 närmast
553 688 46 21 med
615 687 39 21 den
670 693 45 15 som
731 687 105 26 professor
852 687 62 22 Cleve
930 687 37 21 har

148 715 86 24 uttalat;
257 721 54 18 men,
334 716 68 20 såsom
425 717 68 25 sagdt,
512 715 35 27 jag
562 717 65 26 ansåg
642 715 38 22 och
696 722 62 15 anser
773 715 59 22 äfven
848 722 28 15 nu
891 716 34 20 vid
942 722 25 15 en

149 743 22 21 så
193 746 45 19 stor
260 743 105 22 dissensus
388 744 40 26 mig
451 745 17 26 ej
493 744 51 21 böra
559 745 56 20 hålla
630 745 26 26 på
672 745 40 20 den
748 744 40 26 Jag
804 748 43 17 tror
863 744 104 27 nämligen

148 774 38 22 att,
203 778 32 15 om
250 779 48 14 man
314 772 35 21 vill
365 773 84 21 komma
463 773 32 21 till
510 773 64 27 något
589 774 93 25 resultat,
699 779 48 15 man
762 773 32 21 får
809 773 31 21 lof
850 776 31 18 att
892 773 5 21 i
909 773 58 22 detta

148 801 69 21 såsom
239 801 7 20 i
268 801 65 21 andra
356 801 35 21 fall
410 801 45 22 icke
470 802 23 21 så
508 808 54 20 noga
577 802 55 21 hålla
648 803 30 25 sig
694 802 31 21 till
741 802 54 21 vissa
811 802 95 26 detaljer,
921 807 46 16 som

149 835 47 15 man
212 829 66 22 skulle
294 829 65 22 önska
374 836 22 15 se
411 830 106 27 uttryckta
532 832 27 25 på
569 833 30 18 ett
610 833 64 18 annat
683 833 44 18 sätt
737 832 26 19 än
774 831 36 21 det
820 830 67 21 blifvit
897 830 70 26 gjordt

148 857 23 21 af
191 857 74 26 andra;
290 864 47 15 man
353 858 32 21 får
399 858 30 21 lof
442 862 33 17 att
489 858 57 21 hålla
561 859 30 26 sig
607 859 30 20 till
653 859 39 20 den
708 859 61 26 åsigt,
784 865 45 15 som
845 861 23 19 är
883 861 82 19 väsent-

147 885 55 27 ligen
218 886 225 22 öfverensstämmande
460 887 47 21 med
523 894 35 15 ens
574 894 57 20 egen.
657 887 49 22 Med
722 889 69 20 denna
805 887 114 27 förklaring
931 894 35 15 an-

147 914 67 22 håller
226 915 36 27 jag
278 918 31 18 att
324 914 20 22 få
359 915 84 22 förorda
458 916 115 22 utskottets
589 916 138 21 betänkande.

215 943 29 22 Af
263 946 85 24 prosten
370 944 121 27 Rosengren
514 945 39 21 och
575 945 75 26 många
665 945 76 21 aktade
756 945 72 26 talare,
844 951 45 15 som
905 944 62 22 hafva

147 971 87 22 anslutit
248 972 31 27 sig
295 972 30 22 till
341 972 52 22 hans
409 973 60 27 åsigt,
486 973 38 21 har
539 973 68 22 blifvit
622 973 118 22 framhållet
756 974 69 21 såsom
840 974 53 26 skäl,
904 974 62 21 hvar-

147 1001 32 21 för
200 1001 58 25 barn,
281 1001 63 21 födda
359 1002 6 20 i
381 1002 112 27 anledning
511 1002 21 21 af
546 1002 192 27 äktenskapsbrott,
754 1002 66 22 borde
835 1003 131 26 undantagas

147 1029 45 21 från
215 1029 180 27 arfsberättigade,
419 1036 110 21 omsorgen
552 1038 33 14 om
601 1031 149 27 äktenskapets
766 1032 62 26 helgd
843 1032 39 20 och
897 1031 68 21 famil-

144 1058 47 26 jens
213 1058 107 22 värnande
342 1061 44 18 mot
408 1059 109 26 störingar,
533 1060 28 26 ja,
578 1064 47 16 man
641 1060 38 20 har
694 1060 59 21 äfven
769 1062 59 22 trott,
844 1063 32 19 att
891 1060 75 26 sedlig-

147 1087 62 21 heten
226 1086 120 27 derigenom
362 1087 66 22 skulle
444 1088 97 26 skyddas.
574 1089 39 20 För
629 1088 41 21 min
686 1088 34 21 del
736 1089 41 21 kan
791 1088 35 27 jag
841 1089 46 21 icke
902 1088 63 25 finna,

146 1116 27 26 på
194 1115 54 21 hvad
270 1117 43 19 sätt
336 1116 139 26 äktenskapet
495 1116 66 21 skulle
577 1119 74 19 värnas
667 1116 126 27 derigenom,
810 1120 31 18 att
856 1123 48 15 man
920 1117 45 21 icke

146 1143 137 21 tillerkänner
306 1144 59 21 dessa
383 1144 107 27 oskyldiga
506 1145 51 21 barn
573 1146 67 25 någon
657 1146 32 20 del
705 1145 23 21 af
741 1146 39 20 den
796 1146 168 27 qvarlåtenskap,

147 1178 25 14 en
195 1172 73 20 moder
290 1172 97 26 möjligen
403 1173 40 20 kan
459 1173 69 21 lemna
543 1173 52 21 efter
610 1173 37 27 sig,
678 1173 44 21 Har
738 1174 86 21 modern
840 1174 66 21 brutit
921 1176 44 20 mot

146 1200 145 26 äktenskapet,
308 1200 51 21 eller
374 1200 38 21 har
426 1201 73 21 fadern
514 1202 55 26 gjort
585 1202 40 24 det,
641 1202 23 20 så
680 1204 23 18 är
719 1202 35 21 det
769 1202 34 21 väl
818 1208 75 20 genom
907 1202 58 22 detta

146 1229 64 25 brott,
225 1234 44 15 som
286 1228 138 27 äktenskapet
440 1229 66 21 blifvit
521 1230 83 21 kränkt.

214 1256 28 21 Af
262 1262 26 16 en
310 1257 65 21 aktad
398 1258 65 20 talare
483 1258 39 21 har
537 1258 64 27 redan
617 1258 93 26 uttalats,
726 1260 32 20 att
772 1259 130 27 sedligheten
917 1260 47 20 icke

145 1284 54 22 lider
219 1286 68 26 någon
310 1285 44 21 fara
377 1286 126 26 derigenom.
534 1286 65 22 Äfven
619 1286 36 28 jag
670 1290 23 18 är
708 1286 126 28 fullkomligt
849 1288 22 21 af
885 1294 80 15 samma

145 1313 63 26 åsigt;
229 1313 36 26 jag
288 1316 46 18 tror
355 1314 46 20 icke
423 1318 32 16 att
472 1314 128 25 sedligheten
616 1315 100 25 någonsin
732 1316 41 19 kan
788 1316 42 20 lida
846 1316 71 25 derpå,
933 1319 32 17 att

147 1347 46 14 man
215 1342 44 25 gör,
282 1341 55 21 hvad
360 1344 102 19 samvetet
485 1343 104 20 erkänner
610 1349 48 14 vara
675 1345 49 23 rätt,
740 1344 39 20 och
795 1345 43 19 rätt
853 1350 60 20 synes
929 1345 36 20 det

145 1375 50 14 vara
210 1371 37 22 att,
263 1369 6 20 i
285 1369 36 21 fall
336 1369 113 21 arfsrätten
466 1369 50 27 eljes
531 1376 60 15 anses
607 1371 99 21 innebära
721 1371 69 27 någon
801 1373 49 23 rätt,
861 1378 47 15 man
919 1372 45 22 icke

144 1398 103 20 utesluter
270 1397 61 22 dessa
354 1397 107 28 oskyldiga
483 1398 52 21 barn
557 1399 45 21 från
626 1400 125 21 densamma.
782 1400 49 21 Man
849 1401 39 20 har
904 1400 60 22 äfven

145 1429 53 24 sagt,
221 1428 31 19 att
274 1426 103 27 familjens
399 1429 42 18 rätt
463 1427 6 21 i
491 1427 57 22 detta
569 1427 35 22 fall
627 1428 61 22 stode
702 1429 6 20 i
723 1428 52 25 fara;
795 1429 39 22 och
849 1429 115 27 medgifvas

145 1455 73 24 måste,
241 1457 31 19 att
295 1455 23 22 så
340 1457 24 20 är
378 1455 147 26 förhållandet,
541 1463 33 15 om
591 1463 45 15 man
653 1458 61 26 utgår
729 1457 47 22 från
791 1459 37 20 vår
843 1459 120 21 nuvarande

144 1483 130 28 lagstiftning
296 1484 39 22 och
358 1491 61 15 anser
442 1485 57 21 detta
514 1491 50 16 vara
580 1491 25 16 en
621 1488 48 24 rätt,
685 1493 44 14 som
746 1487 17 26 ej
780 1487 41 21 kan
836 1487 78 22 ändras
929 1494 35 21 ge-

145 1518 47 16 nom
216 1519 25 15 en
264 1519 27 21 ny
310 1513 40 27 lag,
367 1516 21 24 ty
404 1513 109 28 onekligen
529 1517 22 18 är
566 1514 92 28 familjen
674 1521 27 16 nu
716 1515 119 28 berättigad
850 1518 32 19 att
897 1516 20 22 fä
932 1517 32 22 ät-
