1059 1806
337 110 158 18 Presteständet
508 112 53 16 1877.
587 112 22 16 13
622 111 51 17 febr.
845 106 40 21 103

96 184 69 20 soner,
181 178 70 22 hvilka
267 179 60 27 gifvit
343 179 52 27 prof.
411 179 63 22 Cleve
489 181 7 20 i
511 180 94 27 uppdrag
618 181 31 20 att
661 180 119 21 framställa
790 180 124 26 petitionen,

94 207 48 22 icke
163 207 62 21 hafva
247 208 123 26 tillräckligt
393 208 108 27 öfvervägt
523 210 72 20 ämnet
617 209 32 21 för
672 208 127 27 densamma,
815 208 99 22 hvarföre

95 236 38 21 det
148 236 127 21 åtminstone
290 236 71 21 kunde
376 242 50 15 vara
441 237 47 20 skäl
503 237 32 21 till
549 237 123 27 ytterligare
685 236 152 27 bordläggning
851 237 63 21 deraf.

165 292 142 27 Domprosten
329 293 129 21 Renvall
481 293 39 21 och
542 295 73 25 pastor
637 293 100 21 Lilius
761 293 100 21 förenade
883 293 31 27 sig

95 321 48 21 med
165 321 50 21 herr
235 321 125 25 Ehrström;
383 322 39 20 den
443 328 74 14 senare
539 322 27 26 på
587 322 35 21 det
637 322 51 26 skäl,
704 323 32 19 att
751 322 114 21 ständerna
880 322 35 20 vid

94 352 86 18 senaste
195 350 102 26 landtdag
311 350 68 26 ingått
395 350 31 21 till
442 350 59 22 Hans
516 350 118 26 Kejserliga
649 350 100 26 Majestät
762 351 48 21 med
821 356 25 16 en
857 350 58 26 dylik

94 379 97 26 petition,
207 385 46 15 men
269 378 59 22 Hans
343 378 101 27 Majestät
459 379 27 21 då
501 379 73 21 dervid
588 379 46 21 icke
649 378 65 22 fästat
725 378 73 27 nådigt
808 379 106 21 afseende.

164 436 111 21 Professor
295 436 91 21 Cleve
408 436 125 25 hemstälde,
555 436 104 21 huruvida
679 436 34 21 det
736 436 46 21 icke
804 443 49 14 vore
869 436 46 22 skäl

93 465 35 20 att
149 465 109 21 "remittera
279 465 61 20 äfven
363 465 68 21 denna
445 465 89 27 petition
550 465 31 20 till
597 465 105 20 allmänna
715 465 199 21 besvärsutskottet.

96 493 41 21 Det
160 499 49 16 vore
232 493 33 21 väl
281 496 53 22 sant,
349 495 32 19 att
396 500 25 15 en
437 494 89 27 petition
541 494 7 21 i
564 493 75 22 sådant
654 495 68 24 ämne,
737 500 46 15 som
799 494 65 26 detta,
880 494 34 21 vid

94 525 86 18 senaste
196 522 101 27 landtdag
312 522 68 21 blifvit
395 522 23 21 af
432 523 59 21 Hans
505 523 100 26 Majestät
620 522 101 27 afslagen,
737 529 48 15 men
801 523 67 20 denna
878 529 37 20 pe-

94 551 64 20 tition
174 557 37 15 var
227 551 48 20 vida
290 557 59 15 mera
365 551 129 22 omfattande
510 553 26 19 än
552 552 40 20 den
607 557 29 15 nu
651 551 150 27 föreliggande,
813 552 5 20 i
830 551 85 22 hvilken

95 579 99 22 anhållan
217 582 62 24 göres
301 580 74 21 endast
397 581 79 26 derom,
497 583 31 19 att
544 581 59 20 Hans
619 579 117 28 Kejserliga
751 580 100 27 Majestät
867 580 47 21 ville

96 609 83 26 nådigst
199 609 52 20 höra
266 609 113 21 ständerna
393 609 7 21 i
416 609 181 27 hufvudsakligast
612 611 31 19 ett
659 609 83 26 ärende,
759 609 105 26 nämligen
879 609 36 21 be-

94 638 143 20 stämmandet
260 638 23 21 af
302 638 247 27 undervisningsspråket
569 639 6 20 i
599 638 104 20 skolorna.
734 638 42 21 Det
799 639 60 20 torde
881 638 35 20 väl

95 665 47 22 icke
157 666 72 21 kunna
243 667 72 25 nekas,
331 668 32 19 att
379 667 122 25 härigenom
517 667 98 26 ofantligt
629 666 84 27 mycket
728 667 59 21 stode
803 668 32 19 att
845 667 69 25 vinna,

95 694 25 21 så
139 695 6 20 i
164 695 35 21 det
221 701 38 15 ena
274 701 45 15 som
335 695 36 22 det
385 695 66 21 andra
466 695 65 27 fallet,
547 696 38 21 och
602 695 35 21 det
652 695 67 21 måste
735 696 33 20 väl
783 695 46 22 icke
844 696 72 21 kunna

94 723 68 22 fattas
183 724 56 21 blott
261 725 70 20 såsom
354 727 31 18 ett
406 725 55 20 tomt
483 724 44 25 ord,
551 727 31 18 att
600 724 61 21 äfven
677 724 26 20 de
719 724 136 27 svårigheter,
870 730 45 15 som

96 753 54 20 visat
172 753 32 26 sig
226 759 52 15 vara
299 752 138 27 förknippade
459 753 48 20 med
525 753 169 21 bestämmandet
709 752 23 21 af
745 753 169 21 modersmålet
904 748 14 36 i

95 781 107 25 skolorna,
226 781 68 21 skulle
313 781 77 24 kunna,
407 787 33 15 om
457 782 45 21 icke
518 781 44 22 helt
577 781 39 22 och
631 781 66 22 hållet
712 781 110 27 aflägsnas,
839 781 77 21 åtmin-

94 812 62 19 stone
171 810 63 21 vinna
249 817 26 14 en
290 810 94 27 betydlig
399 810 89 21 lättnad.
509 810 72 27 Enligt
597 810 92 21 talarens
705 810 54 27 åsigt
774 810 68 21 skulle
857 810 59 21 stån-

94 839 38 20 det
154 839 108 26 ingenting
281 839 109 26 äfventyra
405 845 75 20 genom
496 841 32 19 att
543 840 108 20 remittera
667 839 202 26 petitionsförslaget
884 838 32 21 till

94 867 108 21 allmänna
217 867 199 25 besvärsutskottet,
433 867 105 22 äfvensom
554 868 59 20 detta
628 867 83 21 utskott
725 868 46 21 icke
787 867 66 22 heller
869 867 46 21 der-

96 896 82 26 igenom
194 896 67 21 skulle
276 896 100 21 försättas
391 897 7 20 i
414 897 69 26 någon
497 896 138 27 förlägenhet,
652 896 26 20 då
694 895 36 22 det
745 896 52 26 egde
813 896 36 21 full
860 895 56 27 pröf-

95 925 105 26 ningsrätt
216 925 39 21 och
270 925 71 21 kunde
356 924 68 22 utlåta
439 925 32 26 sig
485 925 54 21 efter
554 927 99 19 samvete.
683 925 37 20 Ett
735 925 124 20 alternativt
874 924 42 21 för-

94 953 47 26 slag
164 953 47 21 med
232 953 98 22 afseende
346 953 12 21 å
373 953 247 27 undervisningsspråket
635 953 6 21 i
657 953 99 21 skolorna
772 953 60 22 torde
847 953 34 21 väl
896 953 19 26 ej

95 981 59 27 ligga
170 984 58 19 utom
244 982 146 26 möjlighetens
405 984 70 25 gräns.

164 1038 91 22 Prosten
270 1038 159 28 Grönberg
445 1039 96 21 biträdde
557 1040 106 26 professor
679 1038 70 22 Cleve.

165 1096 82 22 Doktor
262 1096 98 27 Bergh
376 1097 70 21 anhöll
463 1096 63 22 också
541 1098 32 20 att
589 1096 20 22 få
625 1096 84 22 biträda
724 1096 107 27 professor
846 1095 69 26 Cleve,

95 1125 40 21 och
159 1125 35 21 det
215 1125 24 21 så
261 1126 84 26 mycket
365 1125 59 21 helre
447 1132 45 14 som
515 1125 63 21 bland
601 1126 26 20 de
649 1125 22 21 af
692 1125 120 27 professorn
829 1125 88 21 anförda

95 1154 75 21 skälen
192 1154 95 21 förekom
311 1156 31 19 ett
364 1154 23 22 af
400 1154 75 26 högsta
490 1154 49 26 vigt,
556 1154 35 21 det
607 1154 111 27 nämligen,
734 1156 31 18 att
781 1154 76 26 många
872 1160 43 15 om-

96 1182 146 26 ständigheter
263 1182 84 26 funnos,
362 1188 44 16 som
423 1182 70 22 kunde
508 1183 111 21 föranleda
634 1184 32 19 att
681 1182 36 21 det
731 1182 46 22 icke
793 1182 61 22 alltid
869 1182 47 26 gick

96 1211 25 21 så
136 1211 87 21 alldeles
239 1213 43 20 rätt
297 1212 33 21 till
345 1212 48 20 med
408 1212 138 26 utredningen
562 1212 22 20 af
596 1211 79 26 frågan,
687 1211 133 21 hvilketdera
831 1211 86 26 språket

96 1240 28 26 på
138 1240 73 26 hvarje
226 1242 35 19 ort
275 1246 50 16 vore
341 1240 36 21 det
391 1246 45 15 som
452 1241 23 21 af
488 1240 99 22 behofvet
603 1240 38 21 och
657 1239 208 27 omständigheterna
880 1246 37 14 an-

96 1268 83 22 visades
193 1269 33 21 till
241 1268 235 28 undervisningsspräk;
492 1269 126 21 åtminstone
634 1268 55 22 hade
704 1274 49 15 man
768 1269 7 21 i
790 1274 63 15 norra
867 1268 49 21 Fin-

98 1297 49 21 land
170 1304 25 15 en
214 1298 79 26 sorglig
314 1297 120 22 erfarenhet
457 1298 72 21 derom
544 1300 33 19 att
592 1297 158 21 vederbörande
765 1303 76 21 genom
856 1297 62 22 miss-

96 1326 90 22 ledande
207 1326 106 27 uppgifter
333 1327 7 21 i
355 1326 71 27 dylika
441 1326 71 27 frågor
527 1326 69 22 blifvit
607 1326 62 21 förda
683 1326 77 21 bakom
776 1326 69 26 ljuset.
875 1326 43 20 Det

97 1354 63 22 bästa
174 1355 93 21 tillfället
281 1355 31 21 till
329 1355 118 21 utredande
463 1356 22 20 af
499 1355 35 21 det
546 1355 95 26 verkliga
651 1354 99 22 behofvet
761 1355 6 21 i
777 1354 139 22 förevarande

97 1383 100 22 afseende
219 1384 68 21 måste
307 1384 34 21 väl
361 1390 61 15 anses
437 1390 51 16 vara
503 1386 31 19 ett
549 1386 57 19 möte
621 1383 24 21 af
659 1384 23 20 så
697 1383 79 21 allmän
791 1382 126 28 omfattning

97 1419 45 15 som
158 1415 30 19 ett
203 1413 150 21 ständermöte.

166 1470 89 21 Prosten
280 1469 154 21 Johnsson
458 1468 143 22 understödde
626 1468 64 21 också
714 1468 108 26 professor
845 1467 73 21 Cleves

97 1498 96 28 yrkande
213 1498 28 28 på
256 1498 74 22 remiss
345 1498 21 21 af
381 1498 6 20 i
402 1498 153 26 frågavarande
570 1496 179 28 petitionsförslag
765 1496 32 21 till
813 1496 105 22 allmänna
