1053 1836
174 145 41 20 550
387 151 158 17 Presteståndet
559 151 54 18 1877.
637 151 27 17 24
675 150 58 21 april.

213 218 76 21 Pastor
305 218 94 22 Öller:
421 219 43 21 För
479 220 42 21 min
537 219 33 22 del
585 219 67 21 skulle
665 219 37 26 jag
718 218 62 22 också
791 217 72 22 förena
875 218 41 26 mig
928 223 33 15 om

147 247 36 21 det
205 247 115 27 utlåtande,
337 253 44 16 som
397 250 164 22 reservanterne,
577 248 73 21 herrar
665 247 126 27 Chydenius,
807 246 155 21 Nordenskiöld

145 281 28 16 m.
193 274 19 21 fl.
236 275 60 22 hafva
319 275 85 27 afgifvit,
420 277 111 26 nämligen,
547 279 32 18 att
595 276 108 25 ,stånden,
720 275 104 22 anseende
839 275 123 27 regeringen

145 303 79 21 handla
245 304 85 21 klokast
351 304 7 21 i
382 307 32 19 att
429 305 79 21 afhålla
522 305 31 27 sig
568 305 46 21 från
629 305 28 20 all
673 304 130 26 delaktighet
818 304 7 20 i
839 303 124 21 teaterföre-

146 334 42 25 tag,
211 332 67 21 skulle
300 332 94 22 förkasta
416 333 57 21 såväl
496 334 40 21 den
551 333 21 22 af
586 334 49 20 herr
648 332 162 28 Kumpulainen,
826 338 45 16 som
888 332 39 21 den
943 332 22 21 af

145 361 105 21 utskottet
272 361 120 27 föreslagna
413 362 136 26 petitionen*.
579 362 42 22 Det
642 364 24 19 är
687 361 112 27 nämligen,
818 362 69 20 såsom
903 360 61 22 äfven

145 392 159 20 reservanterne
326 390 60 22 hafva
409 390 168 27 tillkännagifvit,
601 390 84 26 bekant,
705 393 32 19 att
752 390 36 21 det
803 390 65 22 finnes
883 389 80 25 länder,

146 418 37 22 der
198 420 69 20 staten
282 419 81 21 lemnar
378 419 73 27 anslag
466 420 32 21 för
513 422 106 20 teatrarne
634 420 38 21 och
688 420 73 20 länder
776 420 46 21 åter
837 419 37 21 der
884 419 79 21 sådana

146 447 73 27 anslag
240 448 18 26 ej
282 448 84 21 komma
388 449 7 21 i
417 448 63 25 fråga.
510 450 41 20 Det
567 448 67 22 skulle
650 448 54 22 dock
719 448 74 27 tyckas
808 448 70 22 såsom
894 448 35 21 det
945 448 18 26 ej

147 476 67 21 skulle
239 483 50 15 vara
313 476 71 22 alltför
407 478 82 26 mycket
507 478 84 26 vågadt,
607 484 33 15 om
656 478 89 20 Finland
761 477 63 26 följde
840 477 24 21 de
880 476 83 22 länders

147 505 100 27 exempel,
270 506 37 20 der
330 508 106 20 teatrarne
459 508 17 25 ej
499 507 82 27 åtnjuta
603 506 115 22 understöd
733 505 23 22 af
768 506 107 21 allmänna
889 506 74 26 medel,

147 534 39 21 och
207 534 35 21 det
263 535 23 21 så
308 534 83 28 mycket
415 541 50 20 mer,
481 542 45 15 som
542 536 35 20 det
590 535 24 27 ju
629 535 41 21 kan
686 537 66 19 sättas
769 535 7 20 i
790 534 66 27 fråga,
872 540 34 16 om
923 534 41 27 det,

145 562 69 22 såsom
239 566 158 19 reservanterne
420 565 79 26 antydt,
521 566 24 19 är
567 564 67 26 billigt
656 566 32 18 att
711 564 87 21 bekosta
813 564 150 20 hufvudstads-

145 591 92 21 boarnes
258 592 48 26 nöje
329 594 46 19 med
398 592 25 22 de
439 593 74 24 medel,
529 599 45 15 som
590 593 35 21 det
641 592 67 26 öfriga
722 592 72 21 landet
809 592 32 21 får
855 592 110 25 tillskjuta.

146 619 167 22 Reservanterne
336 620 61 21 hafva
412 620 59 22 äfven
487 623 66 25 yttrat
568 621 31 26 sig
616 633 23 3 —
656 621 39 21 och
708 621 37 26 jag
760 621 41 20 kan
818 621 16 26 ej
851 622 70 24 annat,
938 622 26 19 än

147 648 110 27 medgitva,
280 650 32 20 att
328 649 35 22 det
379 655 60 21 synes
453 649 56 28 ligga
525 656 40 20 nog
581 649 89 26 sanning
684 649 44 21 deri
744 661 27 3 —
787 651 33 19 att
836 649 35 20 det
885 651 24 19 är
921 649 44 26 just

147 677 57 26 nöjet
226 677 39 21 och
287 677 157 26 tidsfördrifvet,
467 685 45 14 som
534 679 60 26 ingår
609 679 68 20 såsom
694 680 30 19 ett
739 677 92 22 särdeles
847 677 118 27 betydande

147 708 93 19 moment
263 706 7 21 i
285 707 234 22 teaterverksamheten.
549 707 49 21 Men
611 707 36 26 jag
660 713 49 15 vore
726 707 79 21 frestad
820 708 32 19 att
868 707 27 24 gå
910 708 56 19 ännu

147 734 78 27 längre,
249 737 27 18 än
296 737 163 20 reservanterne.
490 737 60 20 Huru
572 735 52 27 högt
648 741 48 15 man
719 737 27 19 än
761 736 34 21 må
811 735 114 27 uppskatta
940 735 25 21 de

147 763 66 21 sköna
237 763 121 26 konsterna,
381 764 67 21 skulle
469 765 37 26 jag
521 765 53 21 dock
588 765 53 26 våga
656 764 91 26 betvifla,
763 764 102 21 huruvida
881 764 83 21 drama-

147 791 56 22 tiska
225 792 89 21 konsten
336 793 47 21 nått
403 793 39 21 den
457 793 92 27 riktning
565 793 38 22 och
619 793 40 22 den
674 793 126 26 utveckling,
816 795 31 19 att
863 792 40 21 den
918 792 47 21 med

147 822 57 20 rätta
226 821 40 20 kan
283 827 60 15 anses
359 821 122 22 förädlande
497 822 38 21 och
551 822 93 26 sålunda,
660 823 69 20 såsom
745 828 47 15 man
808 821 78 27 påstår,
902 821 63 21 verka

147 855 46 15 som
218 851 31 20 ett
274 850 94 21 utmärkt
390 850 179 27 bildningsmedel.
601 851 41 21 Det
664 850 96 27 kristliga
782 852 103 19 samvetet
900 849 65 28 afgör,

147 877 54 22 huru
223 877 122 22 förädlande
368 879 79 21 sådana
462 880 86 25 stycken
564 879 71 21 kunna
650 885 60 15 anses
726 885 56 19 vara,
798 885 44 14 som
858 878 25 21 de
899 879 5 19 i
920 877 44 22 huf-

147 905 117 22 vudstaden
285 906 103 27 uppförda
410 907 178 27 ,Läderlappen*,
611 907 86 26 ,,Sköna
720 907 96 21 Helena"
832 907 39 21 och
888 907 76 26 dylika.

146 934 33 22 De
201 934 91 28 sorgliga
314 935 125 27 uppträden,
462 942 45 14 som
529 936 83 27 nyligen
625 936 45 26 just
684 936 40 20 här
738 935 7 21 i
760 935 154 21 hufvudstaden
930 938 35 23 egt

146 969 53 19 rum,
215 963 70 21 lemna
300 966 51 19 utan
366 963 71 22 tvifvel
453 964 120 26 berättigad
588 964 112 26 anledning
715 966 31 19 att
761 963 90 25 betvifla,
863 963 102 22 huruvida

147 994 83 19 teatern
245 992 89 22 bereder
348 992 141 22 allmänheten
505 1000 58 15 mera
577 1000 61 20 gagn,
652 995 27 19 än
694 993 158 26 tillställningar
862 992 21 22 af
892 993 73 20 konst-

146 1020 103 27 beridare,
272 1021 118 21 lindansare
414 1028 25 14 m.
463 1028 26 14 m.
519 1022 41 27 Jag
582 1022 67 22 skulle
674 1022 81 21 derföre
775 1027 55 19 anse,
850 1023 32 19 att
897 1021 68 21 denna

147 1049 89 27 petition
252 1049 17 27 ej
286 1050 66 22 måtte
367 1050 46 22 från
427 1050 124 23 ständernas
567 1051 46 21 sida
627 1050 109 22 föranleda
751 1050 30 22 till
798 1050 69 27 någon
883 1050 81 26 åtgärd.

214 1107 84 21 Doktor
339 1107 163 23 Calamnius:
526 1109 10 21 I
547 1108 38 22 den
597 1108 32 22 till
639 1108 116 22 utskottets
767 1108 134 21 betänkande
912 1107 53 21 bifo-

147 1136 54 26 gade
216 1136 155 21 reservationen
386 1136 63 22 hafva
463 1137 64 26 någre
543 1137 68 22 kände
621 1136 230 22 utskottsmedlemmar
861 1137 56 26 gjort
927 1138 38 24 ett,

147 1165 70 21 såsom
239 1164 127 22 åtminstone
389 1165 42 27 mig
451 1166 112 23 förefaller,
582 1166 36 21 illa
632 1165 83 22 utfallet
730 1166 71 21 försök
817 1167 30 19 att
863 1165 102 21 motivera

146 1199 43 21 upp
205 1192 31 27 sig
250 1193 31 21 till
297 1200 25 14 en
338 1194 136 27 ståndpunkt,
490 1194 46 22 från
552 1194 84 22 hvilken
651 1200 54 20 man,
720 1201 35 15 om
766 1194 63 22 också
839 1194 56 21 blott
905 1193 60 21 sken-

147 1221 48 21 bart
219 1222 123 26 principielt,
359 1222 69 21 kunde
443 1223 131 21 förekomma
589 1224 31 19 ett
635 1222 5 21 i
656 1225 56 24 yttre
724 1224 67 19 måtto
807 1224 96 25 gynsamt
917 1222 48 26 läge

146 1249 33 22 för
195 1249 40 22 den
252 1249 69 22 finska
335 1250 79 27 lyriska
428 1257 76 16 scenen
516 1251 7 21 i
537 1251 117 22 framtiden.
685 1251 85 22 Samma
786 1253 23 19 är
824 1250 141 22 förhållandet

147 1278 64 21 också
232 1279 48 21 med
302 1285 26 14 en
344 1285 68 15 annan
431 1279 144 22 betänkandet
590 1279 85 27 bifogad
690 1279 134 26 reservation,
840 1279 89 26 afgifven
944 1279 22 21 af

147 1313 25 16 en
195 1307 88 22 medlem
306 1307 22 22 af
351 1307 148 28 ridderskapet
521 1309 38 21 och
575 1308 67 22 adeln.
673 1309 38 20 Att
726 1308 24 21 så
764 1310 24 19 är
804 1308 57 21 fallet
878 1307 39 22 och
932 1310 33 19 att

146 1335 132 28 grundsyftet
299 1336 7 20 i
329 1337 26 21 de
378 1336 54 23 båda
453 1338 181 21 reservationerna
648 1337 6 20 i
670 1337 73 27 sjelfva
758 1337 73 21 verket
845 1337 39 27 går
898 1338 24 19 ut
937 1337 28 26 på

146 1366 33 20 att
194 1364 136 27 omöjliggöra
346 1371 25 16 en
387 1365 96 22 inhemsk
497 1366 64 26 lyrisk
576 1372 55 19 scen,
647 1367 71 24 tyckes
734 1366 42 25 mig
786 1366 102 25 påtagligt
899 1365 65 20 redan

147 1392 65 26 deraf,
234 1394 33 19 att
288 1393 101 26 förslaget
411 1399 34 15 om
467 1395 32 19 ett
513 1393 114 22 understöd
643 1393 31 20 för
689 1395 107 19 teatrarne
811 1393 46 21 från
872 1393 92 26 regerin-

146 1426 51 21 gens
219 1420 46 21 sida
286 1421 63 21 totalt
364 1421 67 21 skulle
446 1421 101 27 upphöra,
563 1422 39 21 har
617 1422 66 26 gjorts
697 1422 44 26 just
756 1427 35 21 nu,
808 1421 26 22 då
850 1421 40 21 den
905 1427 60 15 sven-

145 1449 40 21 ska
207 1455 76 15 scenen
304 1449 25 21 så
350 1449 50 27 lång
416 1449 30 22 tid
461 1449 57 22 förut
532 1450 40 22 fått
587 1450 81 27 åtnjuta
683 1450 169 22 statsunderstöd
869 1449 39 22 och
923 1449 42 22 den

146 1477 68 22 finska
228 1477 78 28 lyriska
322 1484 75 15 scenen
412 1479 7 20 i
434 1479 66 26 högre
514 1479 59 27 grad,
589 1481 26 19 än
630 1478 112 28 tillförene,
758 1479 38 22 har
808 1479 54 22 visat
872 1479 31 26 sig
914 1485 50 15 vara

145 1506 87 26 förtjent
254 1506 22 21 af
296 1506 67 27 dylikt
378 1507 121 22 understöd.
529 1508 65 21 Detta
609 1507 105 22 bekräftas
730 1507 63 22 också
808 1507 22 22 af
843 1507 58 22 såväl
917 1507 46 27 den,

145 1534 127 22 åtminstone
290 1535 7 21 i
312 1535 48 22 mitt
376 1536 66 28 tycke,
457 1536 79 26 ganska
551 1535 80 28 lösliga,
647 1535 106 23 allmänna
767 1536 196 27 argumentationen
