1050 1825
175 138 41 20 590
382 142 159 18 Presteståndet
553 144 53 17 1877.
630 144 25 16 27
666 144 59 20 april.

146 211 42 21 Det
203 212 24 19 är
243 217 26 15 en
283 211 66 21 sådan
366 211 37 23 tid,
419 217 45 15 som
480 218 27 14 nn
523 212 94 20 stundar.
648 211 38 21 Om
703 212 36 20 det
754 211 52 27 krig,
823 217 44 15 som
883 217 28 14 nu
926 211 38 20 har

146 239 98 25 utbrutit,
267 239 96 21 kommer
384 241 32 19 att
439 240 21 20 få
483 241 68 20 större
575 240 146 25 dimensioner,
742 246 33 14 om
792 239 31 21 till
839 239 51 26 följd
907 239 61 21 deraf

145 267 101 21 Finlands
261 268 74 21 kuster
349 268 86 21 komma
451 270 32 19 att
497 268 119 26 blockeras,
631 268 24 21 så
669 268 96 22 kommer
781 268 58 22 detta
851 269 32 20 att
893 268 72 21 utöfva

147 298 31 19 ett
198 296 115 27 inflytande
335 296 29 26 på
386 296 46 22 icke
455 296 60 26 blott,
531 296 70 22 såsom
617 297 39 21 den
671 296 128 28 föregående
813 297 83 20 talaren
911 298 53 25 sagt,

147 325 26 21 de
189 324 93 22 enskilde
298 325 161 25 affärsmännen,
475 327 50 19 utan
541 326 42 20 alla
599 325 26 21 de
639 325 180 25 kreditanstalter,
834 325 48 21 med
894 324 72 22 hvilka

147 354 60 20 desse
223 353 113 22 affärsmän
352 354 63 21 hafva
430 354 53 21 stått
497 354 7 21 i
519 354 134 22 förbindelse.
683 353 68 22 Deraf
764 354 97 22 kommer
871 355 32 19 att
913 356 53 19 röna

146 382 114 27 inflytande
283 382 186 26 privatbankerna,
491 382 61 22 deraf
571 383 95 21 kommer
690 385 32 19 att
739 384 7 20 i
762 384 56 20 ännu
833 383 65 27 högre
913 383 53 26 grad

146 411 63 21 hafva
230 411 115 27 inflytande
369 411 40 21 den
431 412 107 21 allmänna
559 412 51 21 eller
625 412 144 26 statsbanken,
784 412 85 21 hvilken
885 411 26 21 dä
926 410 39 23 och

145 440 45 26 just
213 439 6 21 i
241 440 96 26 krigiska
359 440 55 21 tider
436 442 23 19 är
479 440 36 22 det
529 441 52 21 sista
597 440 110 27 refugium,
723 440 32 22 dit
770 440 60 21 äfven
845 440 121 27 privatban-

147 468 66 21 kerna
228 469 67 20 måste
311 468 69 21 vända
395 469 38 25 sig.
463 469 28 21 Så
507 471 58 19 snart
580 471 101 25 exporten
696 469 76 21 blifver
787 475 75 21 genom
875 469 90 21 blockad

147 496 90 22 hindrad
252 497 79 21 förlora
346 500 166 24 exportvarorna
527 498 37 21 sitt
579 498 70 26 värde,
664 498 22 25 ja
701 504 48 14 man
764 498 43 20 kan
822 499 58 25 säga,
896 499 32 19 att
941 498 26 20 de

147 524 80 22 förlora
249 526 25 26 ej,
297 527 21 25 ty
342 525 26 21 de
391 526 62 20 hafva
473 526 66 21 redan
553 526 90 21 förlorat
659 526 65 25 detta,
740 526 28 20 all
785 526 39 21 den
839 526 64 21 stund
918 526 48 20 Fin-

147 554 61 21 lands
231 554 57 20 bank
309 560 30 15 nu
360 554 65 21 redan
440 556 76 25 vägrar
531 556 32 20 att
579 554 121 27 hypotisera
716 556 102 20 trävaror.
849 554 32 21 En
897 560 70 15 annan

148 582 75 27 olycka
244 584 24 19 är
291 582 105 27 missvext,
416 583 39 21 och
467 571 62 33 äfven
545 589 25 15 en
586 583 66 21 sådan
667 589 62 21 synes
743 583 52 21 hota
811 584 46 20 vårt
872 583 60 24 land;
947 584 20 20 vi

147 613 48 19 veta
219 611 35 22 det
276 613 57 20 ännu
356 611 26 26 ej,
405 618 47 15 men
475 612 100 27 farhågor
590 613 7 20 i
613 612 58 21 detta
686 612 120 21 hänseende
821 611 63 22 hafva
899 612 68 21 blifvit

147 640 104 25 uttalade,
275 640 70 21 hvilka
361 640 98 27 farhågor
474 629 75 38 stödja
558 641 31 26 sig
604 642 27 26 på
646 641 115 26 ingalunda
776 641 123 26 ogrundade
914 641 51 20 skäl.

148 664 73 35 Skulle
243 657 60 33 äfven
325 658 108 33 missvext
446 669 85 22 inträffa
553 658 35 33 år
601 665 59 35 1877,
668 658 35 33 då
718 670 19 21 vi
753 670 66 21 redan
835 669 62 21 hafva
913 669 52 27 krig,

147 698 96 21 kommer
266 698 90 27 olyckan
378 699 32 20 att
432 698 65 21 blifva
517 698 85 27 dubbel,
619 698 38 21 och
673 699 101 20 Finlands
789 698 67 21 banks
871 698 97 26 förmåga

148 727 33 20 att
197 726 80 21 skänka
293 727 71 20 kredit
379 726 22 21 ät
417 727 72 21 landet
503 727 96 21 kommer
613 727 6 20 i
635 727 88 21 dubbelt
733 727 120 21 hänseende
865 729 32 18 att
907 730 60 23 tagas

148 755 7 20 i
177 755 98 26 anspråk.
307 755 72 21 Skulle
401 762 28 14 nu
449 756 100 21 Finlands
572 756 56 21 bank
650 756 46 21 icke
715 756 72 21 kunna
802 755 82 22 skänka
899 756 69 21 denna

148 784 77 25 kredit,
240 783 47 22 icke
301 784 72 21 kunna
387 785 105 26 medgifva
507 784 133 27 förlängning
655 785 23 20 af
692 785 41 20 den
747 784 77 27 kredit,
841 791 46 14 som
902 784 65 21 redan

148 812 40 21 har
208 811 69 22 blifvit
300 812 97 27 beviljad,
416 813 40 20 och
471 813 68 21 skulle
554 812 101 22 Finlands
671 813 55 21 bank
742 814 18 26 ej
776 813 72 21 kunna
864 813 41 21 öka
920 813 46 26 den,

149 841 27 20 då
198 841 69 21 blefve
289 841 40 21 den
353 841 80 27 olycka,
457 847 44 16 som
525 842 99 21 missvext
647 842 38 21 och
700 841 48 27 krig
763 842 163 25 åstadkommer,
942 847 25 15 en

148 869 90 22 bråkdel
259 871 44 19 mot
327 869 40 22 den
389 869 80 28 olycka,
491 877 45 14 som
551 871 95 20 kommer
662 873 31 18 att
708 870 85 21 inträffa
808 877 75 20 genom
899 871 68 20 denna

148 898 96 21 bankens
266 898 115 27 oförmåga.
411 899 102 21 Missvext
534 899 39 21 och
595 899 47 26 krig
663 899 72 21 kunna
761 899 73 27 bäras;
859 905 49 15 men
932 905 34 15 om

149 926 61 22 äfven
232 926 101 22 Finlands
357 927 66 21 banks
445 928 96 26 förmåga
563 928 84 27 upphör
668 928 51 21 eller
734 928 133 25 förminskas,
884 928 27 20 då
926 927 40 21 blir

149 955 89 28 olyckan
259 956 131 27 fullständig.
420 956 40 22 Om
482 964 49 14 man
554 956 63 22 också
632 957 67 21 skulle
715 957 72 21 kunna
801 957 67 21 under
883 957 83 26 vanliga

149 984 147 22 förhållanden
311 985 111 27 medgifva,
438 988 32 19 att
486 992 25 15 en
527 986 133 26 användning
675 986 23 20 af
712 986 102 21 Finlands
828 985 68 22 banks
911 986 56 20 vinst

148 1019 51 16 vore
215 1014 125 26 berättigad,
357 1014 23 21 sä
395 1014 68 22 skulle
476 1014 36 27 jag
527 1015 54 21 dock
593 1021 57 19 anse,
661 1016 32 20 att
704 1015 73 26 hvarje
787 1015 97 27 försigtig
895 1014 70 22 affärs-

148 1048 50 15 man
219 1042 69 22 skulle
310 1042 68 22 under
397 1044 130 21 närvarande
542 1043 132 22 förhållande
690 1044 63 21 tveka
768 1045 33 20 att
816 1043 106 27 tillstyrka
937 1044 29 20 ett

149 1070 76 27 beslut,
242 1077 45 15 som
303 1071 54 21 dock
372 1072 80 26 äsyftar
467 1074 32 19 att
513 1074 52 24 göra
580 1079 26 15 en
621 1072 94 26 betydlig
730 1072 154 27 förminskning
899 1072 6 20 i
917 1072 49 21 Fin-

149 1100 60 20 lands
233 1100 67 20 banks
315 1099 87 22 krafter.
432 1100 140 27 Naturligtvis
587 1103 37 19 äro
640 1100 38 21 här
693 1101 107 27 äsigterna
816 1100 105 22 beroende
939 1100 28 26 af,

149 1128 42 21 kan
214 1134 47 15 man
283 1130 56 25 säga,
363 1128 68 27 lynne,
454 1130 23 20 af
497 1130 62 26 tycke
575 1130 39 20 och
629 1130 66 20 smak.
727 1130 46 20 Den
788 1130 109 26 försigtige
913 1129 54 21 skall

148 1156 62 22 alltid
225 1163 51 15 vara
291 1157 96 26 benägen
402 1159 32 19 att
448 1159 59 19 rösta
523 1158 32 21 för
571 1164 25 15 en
612 1157 96 27 försigtig
723 1158 75 26 ätgärd
814 1158 38 21 och
864 1158 40 20 den
915 1157 55 27 äter,

148 1192 46 14 som
217 1186 24 20 är
262 1192 59 14 mera
344 1186 127 26 sangvinisk,
494 1188 51 24 tror,
566 1188 32 19 att
623 1186 35 21 det
680 1192 43 20 nog
737 1186 55 22 skall
807 1186 32 27 gä,
856 1187 61 20 äfven
933 1192 34 15 om

148 1214 85 21 tiderna
254 1214 70 21 blefve
347 1214 67 27 svära,
437 1214 42 22 han
501 1215 55 21 skall
575 1216 58 20 rösta
648 1215 32 21 för
694 1215 117 22 utskottets
826 1215 140 22 betänkande.

147 1243 51 21 Men
220 1243 27 20 dä
269 1244 36 20 det
327 1243 66 27 gäller
416 1249 25 15 en
457 1244 24 21 sä
496 1245 64 26 vigtig
575 1243 66 27 fräga,
656 1250 45 15 som
717 1245 75 25 denna,
807 1244 37 21 vill
857 1244 36 27 jag
908 1243 59 22 hem-

149 1272 69 26 ställa,
242 1272 103 21 huruvida
370 1272 35 21 det
427 1273 55 20 ändä
505 1273 18 26 ej
546 1279 51 15 vore
615 1279 58 14 mera
688 1273 46 21 skäl
750 1275 32 19 att
797 1273 7 21 i
820 1273 69 21 denna
903 1273 63 20 stund

147 1307 52 14 vara
220 1300 103 27 försigtig,
346 1303 27 18 än
395 1302 32 20 att
447 1301 45 25 här,
508 1301 7 20 i
531 1301 56 27 hopp
603 1307 33 16 om
652 1303 32 19 att
699 1302 38 20 allt
752 1301 38 27 gär
805 1301 40 26 väl,
862 1303 59 20 rösta
934 1301 33 21 för

147 1329 156 21 betänkandets
325 1329 125 27 antagande.
479 1330 40 26 Jag
542 1330 37 21 ber
599 1332 32 19 att
645 1329 21 22 fä
681 1330 57 21 fästa
752 1330 215 27 uppmärksamheten

147 1357 35 21 vid
197 1359 33 20 att
245 1360 170 19 reservanternes
430 1358 79 25 förslag
525 1359 18 24 ej
558 1358 39 26 gär
612 1361 23 17 ut
650 1358 28 25 pä
688 1360 33 18 att
731 1359 100 20 förändra
842 1358 125 25 banklagen,

147 1386 54 19 utan
221 1385 32 20 att
275 1391 109 15 reservera
399 1385 82 20 vinsten
496 1385 33 20 tili
543 1385 176 22 nästkommande
735 1386 107 27 landtdag,
858 1386 28 20 dä
901 1387 66 20 denne

147 1413 113 25 landtdags
282 1413 88 21 ständer
392 1415 37 19 äro
451 1413 7 20 i
480 1413 83 21 tillfälle
585 1415 32 19 att
637 1413 112 27 disponera
765 1413 58 22 öfver
838 1414 129 21 densamma.

147 1441 41 27 Jag
209 1440 34 22 för
263 1442 44 21 min
323 1441 34 22 del
372 1441 67 21 skulle
455 1441 82 22 säledes
553 1442 88 21 oaktadt
657 1443 25 20 de
697 1443 54 26 skäl,
767 1449 45 15 som
825 1443 23 22 af
861 1443 106 26 professor

148 1471 86 20 Donner
256 1470 39 21 här
315 1470 64 21 hafva
400 1470 69 21 blifvit
486 1470 133 27 framhällna,
635 1477 50 15 anse
701 1472 36 21 det
752 1477 51 16 vara
817 1471 48 22 med
880 1471 88 22 klokhet

148 1499 39 22 och
203 1499 134 27 försigtighet
353 1499 234 28 öfverensstämmande,
602 1501 32 20 att
649 1500 68 21 under
731 1501 132 21 närvarande
875 1502 92 20 omstän-

148 1527 97 29 digheter
259 1528 19 27 ej
294 1528 85 23 besluta
393 1535 34 15 om
443 1529 150 22 bankvinstens
608 1529 145 22 användande.
783 1529 73 23 Skulle
869 1529 36 22 det
915 1530 53 27 hög-
