<?xml version="1.0" encoding="UTF-8"?>
<alto xmlns="http://www.loc.gov/standards/alto/ns-v3#" xmlns:xlink="http://www.w3.org/1999/xlink" xmlns:xsi="http://www.w3.org/2001/XMLSchema-instance" xsi:schemaLocation="http://www.loc.gov/standards/alto/ns-v3# http://www.loc.gov/alto/v3/alto-3-0.xsd">
	<Description>
		<MeasurementUnit>pixel</MeasurementUnit>
		<sourceImageInformation>
			<fileName>/tmp/tess_aan0bpb3_input.PNG</fileName>
		</sourceImageInformation>
		<OCRProcessing ID="OCR_0">
			<ocrProcessingStep>
				<processingSoftware>
					<softwareName>tesseract 5.3.4</softwareName>
				</processingSoftware>
			</ocrProcessingStep>
		</OCRProcessing>
	</Description>
	<Layout>
		<Page WIDTH="1053" HEIGHT="1753" PHYSICAL_IMG_NR="0" ID="page_0">
			<PrintSpace HPOS="0" VPOS="0" WIDTH="1053" HEIGHT="1753">
				<ComposedBlock ID="cblock_0" HPOS="179" VPOS="138" WIDTH="552" HEIGHT="24">
					<TextBlock ID="block_0" HPOS="179" VPOS="138" WIDTH="552" HEIGHT="24">
						<TextLine ID="line_0" HPOS="179" VPOS="138" WIDTH="552" HEIGHT="24">
							<String ID="string_0" HPOS="179" VPOS="138" WIDTH="41" HEIGHT="20" WC="0.92" CONTENT="570"/><SP WIDTH="164" VPOS="138" HPOS="220"/>
							<String ID="string_1" HPOS="384" VPOS="141" WIDTH="160" HEIGHT="18" WC="0.90" CONTENT="Presteståndet"/><SP WIDTH="13" VPOS="141" HPOS="544"/>
							<String ID="string_2" HPOS="557" VPOS="142" WIDTH="54" HEIGHT="17" WC="0.96" CONTENT="1877."/><SP WIDTH="24" VPOS="142" HPOS="611"/>
							<String ID="string_3" HPOS="635" VPOS="142" WIDTH="25" HEIGHT="16" WC="0.96" CONTENT="27"/><SP WIDTH="12" VPOS="142" HPOS="660"/>
							<String ID="string_4" HPOS="672" VPOS="141" WIDTH="59" HEIGHT="21" WC="0.84" CONTENT="april."/>
						</TextLine>
					</TextBlock>
				</ComposedBlock>
				<GraphicalElement ID="cblock_1" HPOS="150" VPOS="165" WIDTH="819" HEIGHT="12"></GraphicalElement >
				<ComposedBlock ID="cblock_2" HPOS="149" VPOS="208" WIDTH="823" HEIGHT="313">
					<TextBlock ID="block_1" HPOS="149" VPOS="208" WIDTH="823" HEIGHT="313">
						<TextLine ID="line_1" HPOS="218" VPOS="208" WIDTH="750" HEIGHT="28">
							<String ID="string_5" HPOS="218" VPOS="210" WIDTH="50" HEIGHT="21" WC="0.96" CONTENT="Med"/><SP WIDTH="23" VPOS="210" HPOS="268"/>
							<String ID="string_6" HPOS="291" VPOS="209" WIDTH="111" HEIGHT="25" WC="0.96" CONTENT="anledning"/><SP WIDTH="22" VPOS="209" HPOS="402"/>
							<String ID="string_7" HPOS="424" VPOS="208" WIDTH="22" HEIGHT="22" WC="0.95" CONTENT="af"/><SP WIDTH="16" VPOS="208" HPOS="446"/>
							<String ID="string_8" HPOS="462" VPOS="211" WIDTH="32" HEIGHT="19" WC="0.95" CONTENT="att"/><SP WIDTH="15" VPOS="211" HPOS="494"/>
							<String ID="string_9" HPOS="509" VPOS="209" WIDTH="25" HEIGHT="21" WC="0.96" CONTENT="de"/><SP WIDTH="16" VPOS="209" HPOS="534"/>
							<String ID="string_10" HPOS="550" VPOS="209" WIDTH="75" HEIGHT="27" WC="0.96" CONTENT="nådiga"/><SP WIDTH="15" VPOS="209" HPOS="625"/>
							<String ID="string_11" HPOS="640" VPOS="209" WIDTH="156" HEIGHT="26" WC="0.96" CONTENT="propositioner"/><SP WIDTH="16" VPOS="209" HPOS="796"/>
							<String ID="string_12" HPOS="812" VPOS="215" WIDTH="32" HEIGHT="15" WC="0.96" CONTENT="om"/><SP WIDTH="16" VPOS="215" HPOS="844"/>
							<String ID="string_13" HPOS="860" VPOS="209" WIDTH="108" HEIGHT="21" WC="0.96" CONTENT="införande"/>
						</TextLine>
						<TextLine ID="line_2" HPOS="149" VPOS="236" WIDTH="819" HEIGHT="29">
							<String ID="string_14" HPOS="149" VPOS="238" WIDTH="24" HEIGHT="22" WC="0.93" CONTENT="af"/><SP WIDTH="19" VPOS="238" HPOS="173"/>
							<String ID="string_15" HPOS="192" VPOS="237" WIDTH="141" HEIGHT="28" WC="0.90" CONTENT="guldmyntfot"/><SP WIDTH="21" VPOS="237" HPOS="333"/>
							<String ID="string_16" HPOS="354" VPOS="238" WIDTH="9" HEIGHT="20" WC="0.96" CONTENT="i"/><SP WIDTH="19" VPOS="238" HPOS="363"/>
							<String ID="string_17" HPOS="382" VPOS="238" WIDTH="71" HEIGHT="20" WC="0.96" CONTENT="landet"/><SP WIDTH="23" VPOS="238" HPOS="453"/>
							<String ID="string_18" HPOS="476" VPOS="236" WIDTH="38" HEIGHT="22" WC="0.96" CONTENT="och"/><SP WIDTH="19" VPOS="236" HPOS="514"/>
							<String ID="string_19" HPOS="533" VPOS="237" WIDTH="85" HEIGHT="21" WC="0.96" CONTENT="dermed"/><SP WIDTH="15" VPOS="237" HPOS="618"/>
							<String ID="string_20" HPOS="633" VPOS="237" WIDTH="7" HEIGHT="20" WC="0.93" CONTENT="i"/><SP WIDTH="15" VPOS="237" HPOS="640"/>
							<String ID="string_21" HPOS="655" VPOS="237" WIDTH="151" HEIGHT="26" WC="0.92" CONTENT="sammanbang"/><SP WIDTH="16" VPOS="237" HPOS="806"/>
							<String ID="string_22" HPOS="822" VPOS="238" WIDTH="86" HEIGHT="20" WC="0.93" CONTENT="stående"/><SP WIDTH="15" VPOS="238" HPOS="908"/>
							<String ID="string_23" HPOS="923" VPOS="244" WIDTH="45" HEIGHT="14" WC="0.93" CONTENT="om-"/>
						</TextLine>
						<TextLine ID="line_3" HPOS="150" VPOS="265" WIDTH="819" HEIGHT="28">
							<String ID="string_24" HPOS="150" VPOS="267" WIDTH="150" HEIGHT="26" WC="0.91" CONTENT="ständigheter,"/><SP WIDTH="21" VPOS="267" HPOS="300"/>
							<String ID="string_25" HPOS="321" VPOS="266" WIDTH="81" HEIGHT="21" WC="0.96" CONTENT="hvilkas"/><SP WIDTH="15" VPOS="266" HPOS="402"/>
							<String ID="string_26" HPOS="417" VPOS="266" WIDTH="73" HEIGHT="21" WC="0.96" CONTENT="remiss"/><SP WIDTH="15" VPOS="266" HPOS="490"/>
							<String ID="string_27" HPOS="505" VPOS="265" WIDTH="34" HEIGHT="21" WC="0.96" CONTENT="vid"/><SP WIDTH="16" VPOS="265" HPOS="539"/>
							<String ID="string_28" HPOS="555" VPOS="265" WIDTH="78" HEIGHT="27" WC="0.96" CONTENT="dagens"/><SP WIDTH="14" VPOS="265" HPOS="633"/>
							<String ID="string_29" HPOS="647" VPOS="265" WIDTH="157" HEIGHT="22" WC="0.96" CONTENT="sammanträde"/><SP WIDTH="14" VPOS="265" HPOS="804"/>
							<String ID="string_30" HPOS="818" VPOS="266" WIDTH="99" HEIGHT="25" WC="0.93" CONTENT="förestod,"/><SP WIDTH="16" VPOS="266" HPOS="917"/>
							<String ID="string_31" HPOS="933" VPOS="266" WIDTH="36" HEIGHT="21" WC="0.93" CONTENT="be-"/>
						</TextLine>
						<TextLine ID="line_4" HPOS="149" VPOS="293" WIDTH="820" HEIGHT="27">
							<String ID="string_32" HPOS="149" VPOS="295" WIDTH="62" HEIGHT="21" WC="0.96" CONTENT="rörde"/><SP WIDTH="23" VPOS="295" HPOS="211"/>
							<String ID="string_33" HPOS="234" VPOS="297" WIDTH="31" HEIGHT="19" WC="0.96" CONTENT="ett"/><SP WIDTH="20" VPOS="297" HPOS="265"/>
							<String ID="string_34" HPOS="285" VPOS="296" WIDTH="61" HEIGHT="19" WC="0.96" CONTENT="ämne"/><SP WIDTH="15" VPOS="296" HPOS="346"/>
							<String ID="string_35" HPOS="361" VPOS="294" WIDTH="21" HEIGHT="21" WC="0.96" CONTENT="af"/><SP WIDTH="15" VPOS="294" HPOS="382"/>
							<String ID="string_36" HPOS="397" VPOS="294" WIDTH="39" HEIGHT="21" WC="0.96" CONTENT="den"/><SP WIDTH="15" VPOS="294" HPOS="436"/>
							<String ID="string_37" HPOS="451" VPOS="293" WIDTH="145" HEIGHT="22" WC="0.96" CONTENT="beskaffenhet"/><SP WIDTH="15" VPOS="293" HPOS="596"/>
							<String ID="string_38" HPOS="611" VPOS="293" WIDTH="39" HEIGHT="22" WC="0.96" CONTENT="och"/><SP WIDTH="15" VPOS="293" HPOS="650"/>
							<String ID="string_39" HPOS="665" VPOS="294" WIDTH="49" HEIGHT="26" WC="0.96" CONTENT="vigt,"/><SP WIDTH="16" VPOS="294" HPOS="714"/>
							<String ID="string_40" HPOS="730" VPOS="295" WIDTH="32" HEIGHT="20" WC="0.96" CONTENT="att"/><SP WIDTH="16" VPOS="295" HPOS="762"/>
							<String ID="string_41" HPOS="778" VPOS="296" WIDTH="30" HEIGHT="19" WC="0.96" CONTENT="ett"/><SP WIDTH="15" VPOS="296" HPOS="808"/>
							<String ID="string_42" HPOS="823" VPOS="294" WIDTH="99" HEIGHT="22" WC="0.92" CONTENT="särskildt"/><SP WIDTH="15" VPOS="294" HPOS="922"/>
							<String ID="string_43" HPOS="937" VPOS="297" WIDTH="32" HEIGHT="18" WC="0.92" CONTENT="ut-"/>
						</TextLine>
						<TextLine ID="line_5" HPOS="150" VPOS="322" WIDTH="819" HEIGHT="28">
							<String ID="string_44" HPOS="150" VPOS="323" WIDTH="59" HEIGHT="22" WC="0.96" CONTENT="skott"/><SP WIDTH="14" VPOS="323" HPOS="209"/>
							<String ID="string_45" HPOS="223" VPOS="322" WIDTH="32" HEIGHT="22" WC="0.96" CONTENT="för"/><SP WIDTH="16" VPOS="322" HPOS="255"/>
							<String ID="string_46" HPOS="271" VPOS="323" WIDTH="60" HEIGHT="21" WC="0.96" CONTENT="deras"/><SP WIDTH="16" VPOS="323" HPOS="331"/>
							<String ID="string_47" HPOS="347" VPOS="322" WIDTH="155" HEIGHT="28" WC="0.96" CONTENT="handläggning"/><SP WIDTH="14" VPOS="322" HPOS="502"/>
							<String ID="string_48" HPOS="516" VPOS="325" WIDTH="71" HEIGHT="24" WC="0.93" CONTENT="syntes"/><SP WIDTH="16" VPOS="325" HPOS="587"/>
							<String ID="string_49" HPOS="603" VPOS="322" WIDTH="97" HEIGHT="27" WC="0.92" CONTENT="önskligt,"/><SP WIDTH="16" VPOS="322" HPOS="700"/>
							<String ID="string_50" HPOS="716" VPOS="322" WIDTH="54" HEIGHT="22" WC="0.96" CONTENT="hade"/><SP WIDTH="16" VPOS="322" HPOS="770"/>
							<String ID="string_51" HPOS="786" VPOS="323" WIDTH="6" HEIGHT="21" WC="0.93" CONTENT="i"/><SP WIDTH="15" VPOS="323" HPOS="792"/>
							<String ID="string_52" HPOS="807" VPOS="322" WIDTH="162" HEIGHT="22" WC="0.90" CONTENT="talmanskonfe-"/>
						</TextLine>
						<TextLine ID="line_6" HPOS="150" VPOS="351" WIDTH="820" HEIGHT="26">
							<String ID="string_53" HPOS="150" VPOS="358" WIDTH="74" HEIGHT="15" WC="0.92" CONTENT="rensen"/><SP WIDTH="16" VPOS="358" HPOS="224"/>
							<String ID="string_54" HPOS="240" VPOS="352" WIDTH="74" HEIGHT="21" WC="0.96" CONTENT="fattats"/><SP WIDTH="15" VPOS="352" HPOS="314"/>
							<String ID="string_55" HPOS="329" VPOS="351" WIDTH="70" HEIGHT="21" WC="0.96" CONTENT="beslut"/><SP WIDTH="16" VPOS="351" HPOS="399"/>
							<String ID="string_56" HPOS="415" VPOS="351" WIDTH="77" HEIGHT="26" WC="0.96" CONTENT="derom,"/><SP WIDTH="16" VPOS="351" HPOS="492"/>
							<String ID="string_57" HPOS="508" VPOS="353" WIDTH="32" HEIGHT="19" WC="0.96" CONTENT="att"/><SP WIDTH="14" VPOS="353" HPOS="540"/>
							<String ID="string_58" HPOS="554" VPOS="351" WIDTH="56" HEIGHT="20" WC="0.96" CONTENT="inom"/><SP WIDTH="17" VPOS="351" HPOS="610"/>
							<String ID="string_59" HPOS="627" VPOS="351" WIDTH="25" HEIGHT="20" WC="0.96" CONTENT="de"/><SP WIDTH="15" VPOS="351" HPOS="652"/>
							<String ID="string_60" HPOS="667" VPOS="351" WIDTH="118" HEIGHT="26" WC="0.96" CONTENT="respektive"/><SP WIDTH="15" VPOS="351" HPOS="785"/>
							<String ID="string_61" HPOS="800" VPOS="351" WIDTH="89" HEIGHT="21" WC="0.96" CONTENT="stånden"/><SP WIDTH="16" VPOS="351" HPOS="889"/>
							<String ID="string_62" HPOS="905" VPOS="351" WIDTH="65" HEIGHT="22" WC="0.96" CONTENT="väcka"/>
						</TextLine>
						<TextLine ID="line_7" HPOS="151" VPOS="379" WIDTH="821" HEIGHT="28">
							<String ID="string_63" HPOS="151" VPOS="380" WIDTH="78" HEIGHT="27" WC="0.96" CONTENT="förslag"/><SP WIDTH="22" VPOS="380" HPOS="229"/>
							<String ID="string_64" HPOS="251" VPOS="387" WIDTH="34" HEIGHT="14" WC="0.96" CONTENT="om"/><SP WIDTH="21" VPOS="387" HPOS="285"/>
							<String ID="string_65" HPOS="306" VPOS="379" WIDTH="130" HEIGHT="22" WC="0.95" CONTENT="tillsättande"/><SP WIDTH="22" VPOS="379" HPOS="436"/>
							<String ID="string_66" HPOS="458" VPOS="379" WIDTH="23" HEIGHT="21" WC="0.96" CONTENT="af"/><SP WIDTH="20" VPOS="379" HPOS="481"/>
							<String ID="string_67" HPOS="501" VPOS="381" WIDTH="31" HEIGHT="20" WC="0.96" CONTENT="ett"/><SP WIDTH="14" VPOS="381" HPOS="532"/>
							<String ID="string_68" HPOS="546" VPOS="379" WIDTH="76" HEIGHT="22" WC="0.93" CONTENT="sådant"/><SP WIDTH="14" VPOS="379" HPOS="622"/>
							<String ID="string_69" HPOS="636" VPOS="379" WIDTH="168" HEIGHT="26" WC="0.92" CONTENT="specialutskott,"/><SP WIDTH="16" VPOS="379" HPOS="804"/>
							<String ID="string_70" HPOS="820" VPOS="379" WIDTH="114" HEIGHT="22" WC="0.96" CONTENT="bestående"/><SP WIDTH="15" VPOS="379" HPOS="934"/>
							<String ID="string_71" HPOS="949" VPOS="379" WIDTH="23" HEIGHT="22" WC="0.96" CONTENT="af"/>
						</TextLine>
						<TextLine ID="line_8" HPOS="150" VPOS="407" WIDTH="821" HEIGHT="29">
							<String ID="string_72" HPOS="150" VPOS="409" WIDTH="46" HEIGHT="27" WC="0.96" CONTENT="fyra"/><SP WIDTH="22" VPOS="409" HPOS="196"/>
							<String ID="string_73" HPOS="218" VPOS="409" WIDTH="116" HEIGHT="21" WC="0.91" CONTENT="ledamöter"/><SP WIDTH="23" VPOS="409" HPOS="334"/>
							<String ID="string_74" HPOS="357" VPOS="408" WIDTH="39" HEIGHT="21" WC="0.96" CONTENT="och"/><SP WIDTH="20" VPOS="408" HPOS="396"/>
							<String ID="string_75" HPOS="416" VPOS="409" WIDTH="34" HEIGHT="20" WC="0.96" CONTENT="två"/><SP WIDTH="22" VPOS="409" HPOS="450"/>
							<String ID="string_76" HPOS="472" VPOS="408" WIDTH="134" HEIGHT="27" WC="0.96" CONTENT="suppleanter"/><SP WIDTH="19" VPOS="408" HPOS="606"/>
							<String ID="string_77" HPOS="625" VPOS="407" WIDTH="45" HEIGHT="22" WC="0.96" CONTENT="från"/><SP WIDTH="16" VPOS="407" HPOS="670"/>
							<String ID="string_78" HPOS="686" VPOS="408" WIDTH="72" HEIGHT="27" WC="0.96" CONTENT="hvarje"/><SP WIDTH="14" VPOS="408" HPOS="758"/>
							<String ID="string_79" HPOS="772" VPOS="409" WIDTH="62" HEIGHT="20" WC="0.96" CONTENT="stånd"/><SP WIDTH="15" VPOS="409" HPOS="834"/>
							<String ID="string_80" HPOS="849" VPOS="408" WIDTH="39" HEIGHT="21" WC="0.93" CONTENT="och"/><SP WIDTH="16" VPOS="408" HPOS="888"/>
							<String ID="string_81" HPOS="904" VPOS="408" WIDTH="67" HEIGHT="21" WC="0.92" CONTENT="öfver-"/>
						</TextLine>
						<TextLine ID="line_9" HPOS="151" VPOS="437" WIDTH="820" HEIGHT="26">
							<String ID="string_82" HPOS="151" VPOS="437" WIDTH="96" HEIGHT="22" WC="0.92" CONTENT="lemnade"/><SP WIDTH="22" VPOS="437" HPOS="247"/>
							<String ID="string_83" HPOS="269" VPOS="437" WIDTH="50" HEIGHT="21" WC="0.96" CONTENT="herr"/><SP WIDTH="22" VPOS="437" HPOS="319"/>
							<String ID="string_84" HPOS="341" VPOS="437" WIDTH="177" HEIGHT="21" WC="0.94" CONTENT="talmannen"/><SP WIDTH="19" VPOS="437" HPOS="518"/>
							<String ID="string_85" HPOS="537" VPOS="443" WIDTH="29" HEIGHT="15" WC="0.94" CONTENT="nu"/><SP WIDTH="14" VPOS="443" HPOS="566"/>
							<String ID="string_86" HPOS="580" VPOS="437" WIDTH="32" HEIGHT="20" WC="0.96" CONTENT="till"/><SP WIDTH="15" VPOS="437" HPOS="612"/>
							<String ID="string_87" HPOS="627" VPOS="437" WIDTH="85" HEIGHT="20" WC="0.96" CONTENT="ståndet"/><SP WIDTH="14" VPOS="437" HPOS="712"/>
							<String ID="string_88" HPOS="726" VPOS="438" WIDTH="32" HEIGHT="20" WC="0.96" CONTENT="att"/><SP WIDTH="15" VPOS="438" HPOS="758"/>
							<String ID="string_89" HPOS="773" VPOS="437" WIDTH="67" HEIGHT="21" WC="0.96" CONTENT="uttala"/><SP WIDTH="16" VPOS="437" HPOS="840"/>
							<String ID="string_90" HPOS="856" VPOS="437" WIDTH="37" HEIGHT="26" WC="0.91" CONTENT="sig,"/><SP WIDTH="15" VPOS="437" HPOS="893"/>
							<String ID="string_91" HPOS="908" VPOS="437" WIDTH="63" HEIGHT="21" WC="0.91" CONTENT="huru-"/>
						</TextLine>
						<TextLine ID="line_10" HPOS="151" VPOS="465" WIDTH="821" HEIGHT="27">
							<String ID="string_92" HPOS="151" VPOS="466" WIDTH="48" HEIGHT="21" WC="0.95" CONTENT="vida"/><SP WIDTH="25" VPOS="466" HPOS="199"/>
							<String ID="string_93" HPOS="224" VPOS="466" WIDTH="36" HEIGHT="21" WC="0.95" CONTENT="det"/><SP WIDTH="25" VPOS="466" HPOS="260"/>
							<String ID="string_94" HPOS="285" VPOS="466" WIDTH="92" HEIGHT="21" WC="0.95" CONTENT="önskade"/><SP WIDTH="24" VPOS="466" HPOS="377"/>
							<String ID="string_95" HPOS="401" VPOS="465" WIDTH="73" HEIGHT="21" WC="0.93" CONTENT="bifalla"/><SP WIDTH="22" VPOS="465" HPOS="474"/>
							<String ID="string_96" HPOS="496" VPOS="465" WIDTH="32" HEIGHT="21" WC="0.93" CONTENT="till"/><SP WIDTH="22" VPOS="465" HPOS="528"/>
							<String ID="string_97" HPOS="550" VPOS="465" WIDTH="241" HEIGHT="22" WC="0.90" CONTENT="talmanskonferensens"/><SP WIDTH="22" VPOS="465" HPOS="791"/>
							<String ID="string_98" HPOS="813" VPOS="465" WIDTH="159" HEIGHT="27" WC="0.95" CONTENT="ifrågavarande"/>
						</TextLine>
						<TextLine ID="line_11" HPOS="151" VPOS="494" WIDTH="84" HEIGHT="27">
							<String ID="string_99" HPOS="151" VPOS="494" WIDTH="84" HEIGHT="27" WC="0.95" CONTENT="förslag."/>
						</TextLine>
					</TextBlock>
				</ComposedBlock>
				<ComposedBlock ID="cblock_3" HPOS="151" VPOS="549" WIDTH="822" HEIGHT="108">
					<TextBlock ID="block_2" HPOS="151" VPOS="549" WIDTH="822" HEIGHT="108">
						<TextLine ID="line_12" HPOS="220" VPOS="549" WIDTH="753" HEIGHT="27">
							<String ID="string_100" HPOS="220" VPOS="551" WIDTH="49" HEIGHT="20" WC="0.96" CONTENT="Med"/><SP WIDTH="22" VPOS="551" HPOS="269"/>
							<String ID="string_101" HPOS="291" VPOS="549" WIDTH="101" HEIGHT="27" WC="0.96" CONTENT="enhälligt"/><SP WIDTH="14" VPOS="549" HPOS="392"/>
							<String ID="string_102" HPOS="406" VPOS="550" WIDTH="153" HEIGHT="26" WC="0.96" CONTENT="godkännande"/><SP WIDTH="15" VPOS="550" HPOS="559"/>
							<String ID="string_103" HPOS="574" VPOS="550" WIDTH="61" HEIGHT="20" WC="0.96" CONTENT="häraf"/><SP WIDTH="14" VPOS="550" HPOS="635"/>
							<String ID="string_104" HPOS="649" VPOS="549" WIDTH="69" HEIGHT="21" WC="0.91" CONTENT="beslöt"/><SP WIDTH="15" VPOS="549" HPOS="718"/>
							<String ID="string_105" HPOS="733" VPOS="551" WIDTH="156" HEIGHT="25" WC="0.91" CONTENT="presteståndet"/><SP WIDTH="15" VPOS="551" HPOS="889"/>
							<String ID="string_106" HPOS="904" VPOS="552" WIDTH="32" HEIGHT="19" WC="0.96" CONTENT="att"/><SP WIDTH="15" VPOS="552" HPOS="936"/>
							<String ID="string_107" HPOS="951" VPOS="550" WIDTH="22" HEIGHT="22" WC="0.96" CONTENT="åt"/>
						</TextLine>
						<TextLine ID="line_13" HPOS="151" VPOS="578" WIDTH="821" HEIGHT="27">
							<String ID="string_108" HPOS="151" VPOS="579" WIDTH="46" HEIGHT="21" WC="0.96" CONTENT="sina"/><SP WIDTH="15" VPOS="579" HPOS="197"/>
							<String ID="string_109" HPOS="212" VPOS="578" WIDTH="105" HEIGHT="21" WC="0.93" CONTENT="elektorer"/><SP WIDTH="15" VPOS="578" HPOS="317"/>
							<String ID="string_110" HPOS="332" VPOS="578" WIDTH="109" HEIGHT="26" WC="0.92" CONTENT="uppdraga"/><SP WIDTH="16" VPOS="578" HPOS="441"/>
							<String ID="string_111" HPOS="457" VPOS="580" WIDTH="31" HEIGHT="19" WC="0.96" CONTENT="att"/><SP WIDTH="15" VPOS="580" HPOS="488"/>
							<String ID="string_112" HPOS="503" VPOS="580" WIDTH="56" HEIGHT="19" WC="0.96" CONTENT="ännu"/><SP WIDTH="15" VPOS="580" HPOS="559"/>
							<String ID="string_113" HPOS="574" VPOS="578" WIDTH="66" HEIGHT="20" WC="0.95" CONTENT="under"/><SP WIDTH="16" VPOS="578" HPOS="640"/>
							<String ID="string_114" HPOS="656" VPOS="578" WIDTH="69" HEIGHT="21" WC="0.96" CONTENT="denna"/><SP WIDTH="16" VPOS="578" HPOS="725"/>
							<String ID="string_115" HPOS="741" VPOS="578" WIDTH="39" HEIGHT="26" WC="0.96" CONTENT="dag"/><SP WIDTH="12" VPOS="578" HPOS="780"/>
							<String ID="string_116" HPOS="792" VPOS="578" WIDTH="27" HEIGHT="26" WC="0.96" CONTENT="gå"/><SP WIDTH="13" VPOS="578" HPOS="819"/>
							<String ID="string_117" HPOS="832" VPOS="578" WIDTH="6" HEIGHT="20" WC="0.96" CONTENT="i"/><SP WIDTH="10" VPOS="578" HPOS="838"/>
							<String ID="string_118" HPOS="848" VPOS="578" WIDTH="124" HEIGHT="27" WC="0.96" CONTENT="författning"/>
						</TextLine>
						<TextLine ID="line_14" HPOS="152" VPOS="606" WIDTH="820" HEIGHT="28">
							<String ID="string_119" HPOS="152" VPOS="613" WIDTH="35" HEIGHT="15" WC="0.94" CONTENT="om"/><SP WIDTH="22" VPOS="613" HPOS="187"/>
							<String ID="string_120" HPOS="209" VPOS="607" WIDTH="100" HEIGHT="21" WC="0.94" CONTENT="utseende"/><SP WIDTH="18" VPOS="607" HPOS="309"/>
							<String ID="string_121" HPOS="327" VPOS="606" WIDTH="22" HEIGHT="22" WC="0.93" CONTENT="af"/><SP WIDTH="14" VPOS="606" HPOS="349"/>
							<String ID="string_122" HPOS="363" VPOS="606" WIDTH="72" HEIGHT="27" WC="0.91" CONTENT="nödigt"/><SP WIDTH="15" VPOS="606" HPOS="435"/>
							<String ID="string_123" HPOS="450" VPOS="606" WIDTH="58" HEIGHT="22" WC="0.96" CONTENT="antal"/><SP WIDTH="15" VPOS="606" HPOS="508"/>
							<String ID="string_124" HPOS="523" VPOS="606" WIDTH="116" HEIGHT="22" WC="0.96" CONTENT="ledamöter"/><SP WIDTH="15" VPOS="606" HPOS="639"/>
							<String ID="string_125" HPOS="654" VPOS="606" WIDTH="40" HEIGHT="22" WC="0.96" CONTENT="och"/><SP WIDTH="15" VPOS="606" HPOS="694"/>
							<String ID="string_126" HPOS="709" VPOS="606" WIDTH="135" HEIGHT="28" WC="0.96" CONTENT="suppleanter"/><SP WIDTH="15" VPOS="606" HPOS="844"/>
							<String ID="string_127" HPOS="859" VPOS="607" WIDTH="7" HEIGHT="21" WC="0.96" CONTENT="i"/><SP WIDTH="15" VPOS="607" HPOS="866"/>
							<String ID="string_128" HPOS="881" VPOS="606" WIDTH="91" HEIGHT="23" WC="0.96" CONTENT="berörda"/>
						</TextLine>
						<TextLine ID="line_15" HPOS="151" VPOS="635" WIDTH="88" HEIGHT="22">
							<String ID="string_129" HPOS="151" VPOS="635" WIDTH="88" HEIGHT="22" WC="0.96" CONTENT="utskott."/>
						</TextLine>
					</TextBlock>
				</ComposedBlock>
				<ComposedBlock ID="cblock_4" HPOS="152" VPOS="776" WIDTH="822" HEIGHT="398">
					<TextBlock ID="block_3" HPOS="152" VPOS="776" WIDTH="822" HEIGHT="398">
						<TextLine ID="line_16" HPOS="221" VPOS="776" WIDTH="752" HEIGHT="28">
							<String ID="string_130" HPOS="221" VPOS="777" WIDTH="33" HEIGHT="21" WC="0.96" CONTENT="Då"/><SP WIDTH="23" VPOS="777" HPOS="254"/>
							<String ID="string_131" HPOS="277" VPOS="777" WIDTH="35" HEIGHT="21" WC="0.95" CONTENT="det"/><SP WIDTH="20" VPOS="777" HPOS="312"/>
							<String ID="string_132" HPOS="332" VPOS="778" WIDTH="53" HEIGHT="20" WC="0.96" CONTENT="visat"/><SP WIDTH="15" VPOS="778" HPOS="385"/>
							<String ID="string_133" HPOS="400" VPOS="777" WIDTH="37" HEIGHT="27" WC="0.96" CONTENT="sig,"/><SP WIDTH="16" VPOS="777" HPOS="437"/>
							<String ID="string_134" HPOS="453" VPOS="779" WIDTH="32" HEIGHT="19" WC="0.96" CONTENT="att"/><SP WIDTH="16" VPOS="779" HPOS="485"/>
							<String ID="string_135" HPOS="501" VPOS="777" WIDTH="25" HEIGHT="21" WC="0.96" CONTENT="de"/><SP WIDTH="16" VPOS="777" HPOS="526"/>
							<String ID="string_136" HPOS="542" VPOS="777" WIDTH="97" HEIGHT="26" WC="0.96" CONTENT="ärenden,"/><SP WIDTH="16" VPOS="777" HPOS="639"/>
							<String ID="string_137" HPOS="655" VPOS="783" WIDTH="45" HEIGHT="15" WC="0.95" CONTENT="som"/><SP WIDTH="15" VPOS="783" HPOS="700"/>
							<String ID="string_138" HPOS="715" VPOS="776" WIDTH="69" HEIGHT="22" WC="0.93" CONTENT="blifvit"/><SP WIDTH="15" VPOS="776" HPOS="784"/>
							<String ID="string_139" HPOS="799" VPOS="777" WIDTH="126" HEIGHT="26" WC="0.92" CONTENT="hänskjutna"/><SP WIDTH="15" VPOS="777" HPOS="925"/>
							<String ID="string_140" HPOS="940" VPOS="777" WIDTH="33" HEIGHT="22" WC="0.96" CONTENT="till"/>
						</TextLine>
						<TextLine ID="line_17" HPOS="152" VPOS="805" WIDTH="821" HEIGHT="27">
							<String ID="string_141" HPOS="152" VPOS="805" WIDTH="124" HEIGHT="22" WC="0.91" CONTENT="ständernes"/><SP WIDTH="23" VPOS="805" HPOS="276"/>
							<String ID="string_142" HPOS="299" VPOS="805" WIDTH="120" HEIGHT="26" WC="0.91" CONTENT="afgörande,"/><SP WIDTH="23" VPOS="805" HPOS="419"/>
							<String ID="string_143" HPOS="442" VPOS="805" WIDTH="45" HEIGHT="22" WC="0.96" CONTENT="icke"/><SP WIDTH="23" VPOS="805" HPOS="487"/>
							<String ID="string_144" HPOS="510" VPOS="805" WIDTH="63" HEIGHT="21" WC="0.96" CONTENT="hinna"/><SP WIDTH="22" VPOS="805" HPOS="573"/>
							<String ID="string_145" HPOS="595" VPOS="805" WIDTH="80" HEIGHT="22" WC="0.96" CONTENT="utföras"/><SP WIDTH="22" VPOS="805" HPOS="675"/>
							<String ID="string_146" HPOS="697" VPOS="806" WIDTH="56" HEIGHT="20" WC="0.96" CONTENT="inom"/><SP WIDTH="21" VPOS="806" HPOS="753"/>
							<String ID="string_147" HPOS="774" VPOS="805" WIDTH="40" HEIGHT="22" WC="0.96" CONTENT="den"/><SP WIDTH="15" VPOS="805" HPOS="814"/>
							<String ID="string_148" HPOS="829" VPOS="805" WIDTH="7" HEIGHT="22" WC="0.92" CONTENT="i"/><SP WIDTH="15" VPOS="805" HPOS="836"/>
							<String ID="string_149" HPOS="851" VPOS="805" WIDTH="122" HEIGHT="27" WC="0.89" CONTENT="landtdags-"/>
						</TextLine>
						<TextLine ID="line_18" HPOS="153" VPOS="833" WIDTH="821" HEIGHT="28">
							<String ID="string_150" HPOS="153" VPOS="834" WIDTH="116" HEIGHT="27" WC="0.96" CONTENT="ordningen"/><SP WIDTH="19" VPOS="834" HPOS="269"/>
							<String ID="string_151" HPOS="288" VPOS="833" WIDTH="110" HEIGHT="22" WC="0.96" CONTENT="bestämda"/><SP WIDTH="22" VPOS="833" HPOS="398"/>
							<String ID="string_152" HPOS="420" VPOS="834" WIDTH="30" HEIGHT="21" WC="0.96" CONTENT="tid"/><SP WIDTH="22" VPOS="834" HPOS="450"/>
							<String ID="string_153" HPOS="472" VPOS="835" WIDTH="33" HEIGHT="20" WC="0.96" CONTENT="för"/><SP WIDTH="16" VPOS="835" HPOS="505"/>
							<String ID="string_154" HPOS="521" VPOS="834" WIDTH="71" HEIGHT="21" WC="0.93" CONTENT="dessas"/><SP WIDTH="16" VPOS="834" HPOS="592"/>
							<String ID="string_155" HPOS="608" VPOS="840" WIDTH="152" HEIGHT="19" WC="0.90" CONTENT="sammanvaro,"/><SP WIDTH="16" VPOS="840" HPOS="760"/>
							<String ID="string_156" HPOS="776" VPOS="833" WIDTH="39" HEIGHT="22" WC="0.96" CONTENT="och"/><SP WIDTH="16" VPOS="833" HPOS="815"/>
							<String ID="string_157" HPOS="831" VPOS="833" WIDTH="69" HEIGHT="22" WC="0.96" CONTENT="derför"/><SP WIDTH="15" VPOS="833" HPOS="900"/>
							<String ID="string_158" HPOS="915" VPOS="834" WIDTH="59" HEIGHT="27" WC="0.96" CONTENT="fråga"/>
						</TextLine>
						<TextLine ID="line_19" HPOS="153" VPOS="861" WIDTH="820" HEIGHT="28">
							<String ID="string_159" HPOS="153" VPOS="863" WIDTH="72" HEIGHT="20" WC="0.96" CONTENT="väckts"/><SP WIDTH="16" VPOS="863" HPOS="225"/>
							<String ID="string_160" HPOS="241" VPOS="869" WIDTH="34" HEIGHT="14" WC="0.96" CONTENT="om"/><SP WIDTH="16" VPOS="869" HPOS="275"/>
							<String ID="string_161" HPOS="291" VPOS="864" WIDTH="31" HEIGHT="19" WC="0.96" CONTENT="att"/><SP WIDTH="16" VPOS="864" HPOS="322"/>
							<String ID="string_162" HPOS="338" VPOS="861" WIDTH="38" HEIGHT="22" WC="0.96" CONTENT="hos"/><SP WIDTH="15" VPOS="861" HPOS="376"/>
							<String ID="string_163" HPOS="391" VPOS="862" WIDTH="58" HEIGHT="21" WC="0.96" CONTENT="Hans"/><SP WIDTH="15" VPOS="862" HPOS="449"/>
							<String ID="string_164" HPOS="464" VPOS="863" WIDTH="99" HEIGHT="26" WC="0.96" CONTENT="Majestät"/><SP WIDTH="15" VPOS="863" HPOS="563"/>
							<String ID="string_165" HPOS="578" VPOS="862" WIDTH="83" HEIGHT="22" WC="0.96" CONTENT="anhålla"/><SP WIDTH="16" VPOS="862" HPOS="661"/>
							<String ID="string_166" HPOS="677" VPOS="869" WIDTH="33" HEIGHT="14" WC="0.96" CONTENT="om"/><SP WIDTH="16" VPOS="869" HPOS="710"/>
							<String ID="string_167" HPOS="726" VPOS="862" WIDTH="100" HEIGHT="27" WC="0.96" CONTENT="antingen"/><SP WIDTH="14" VPOS="862" HPOS="826"/>
							<String ID="string_168" HPOS="840" VPOS="862" WIDTH="133" HEIGHT="27" WC="0.96" CONTENT="förlängning"/>
						</TextLine>
						<TextLine ID="line_20" HPOS="153" VPOS="890" WIDTH="820" HEIGHT="27">
							<String ID="string_169" HPOS="153" VPOS="890" WIDTH="22" HEIGHT="22" WC="0.93" CONTENT="af"/><SP WIDTH="20" VPOS="890" HPOS="175"/>
							<String ID="string_170" HPOS="195" VPOS="890" WIDTH="170" HEIGHT="27" WC="0.92" CONTENT="landtdagstiden"/><SP WIDTH="18" VPOS="890" HPOS="365"/>
							<String ID="string_171" HPOS="383" VPOS="891" WIDTH="51" HEIGHT="21" WC="0.93" CONTENT="eller"/><SP WIDTH="15" VPOS="891" HPOS="434"/>
							<String ID="string_172" HPOS="449" VPOS="891" WIDTH="138" HEIGHT="26" WC="0.91" CONTENT="landtdagens"/><SP WIDTH="15" VPOS="891" HPOS="587"/>
							<String ID="string_173" HPOS="602" VPOS="891" WIDTH="134" HEIGHT="26" WC="0.96" CONTENT="ajournering"/><SP WIDTH="16" VPOS="891" HPOS="736"/>
							<String ID="string_174" HPOS="752" VPOS="891" WIDTH="32" HEIGHT="20" WC="0.96" CONTENT="till"/><SP WIDTH="15" VPOS="891" HPOS="784"/>
							<String ID="string_175" HPOS="799" VPOS="891" WIDTH="174" HEIGHT="22" WC="0.95" CONTENT="nästkommande"/>
						</TextLine>
						<TextLine ID="line_21" HPOS="153" VPOS="919" WIDTH="820" HEIGHT="27">
							<String ID="string_176" HPOS="153" VPOS="919" WIDTH="55" HEIGHT="26" WC="0.95" CONTENT="höst,"/><SP WIDTH="22" VPOS="919" HPOS="208"/>
							<String ID="string_177" HPOS="230" VPOS="919" WIDTH="54" HEIGHT="22" WC="0.96" CONTENT="hade"/><SP WIDTH="23" VPOS="919" HPOS="284"/>
							<String ID="string_178" HPOS="307" VPOS="919" WIDTH="68" HEIGHT="22" WC="0.96" CONTENT="denna"/><SP WIDTH="20" VPOS="919" HPOS="375"/>
							<String ID="string_179" HPOS="395" VPOS="919" WIDTH="59" HEIGHT="27" WC="0.96" CONTENT="fråga"/><SP WIDTH="22" VPOS="919" HPOS="454"/>
							<String ID="string_180" HPOS="476" VPOS="920" WIDTH="60" HEIGHT="21" WC="0.95" CONTENT="äfven"/><SP WIDTH="25" VPOS="920" HPOS="536"/>
							<String ID="string_181" HPOS="561" VPOS="919" WIDTH="7" HEIGHT="21" WC="0.93" CONTENT="i"/><SP WIDTH="16" VPOS="919" HPOS="568"/>
							<String ID="string_182" HPOS="584" VPOS="919" WIDTH="229" HEIGHT="22" WC="0.91" CONTENT="talmanskonferensen"/><SP WIDTH="15" VPOS="919" HPOS="813"/>
							<String ID="string_183" HPOS="828" VPOS="919" WIDTH="63" HEIGHT="27" WC="0.96" CONTENT="tagits"/><SP WIDTH="15" VPOS="919" HPOS="891"/>
							<String ID="string_184" HPOS="906" VPOS="920" WIDTH="67" HEIGHT="21" WC="0.96" CONTENT="under"/>
						</TextLine>
						<TextLine ID="line_22" HPOS="154" VPOS="947" WIDTH="819" HEIGHT="28">
							<String ID="string_185" HPOS="154" VPOS="947" WIDTH="137" HEIGHT="28" WC="0.91" CONTENT="ompröfning,"/><SP WIDTH="24" VPOS="947" HPOS="291"/>
							<String ID="string_186" HPOS="315" VPOS="954" WIDTH="47" HEIGHT="15" WC="0.93" CONTENT="men"/><SP WIDTH="15" VPOS="954" HPOS="362"/>
							<String ID="string_187" HPOS="377" VPOS="947" WIDTH="230" HEIGHT="22" WC="0.91" CONTENT="talmanskonferensen"/><SP WIDTH="15" VPOS="947" HPOS="607"/>
							<String ID="string_188" HPOS="622" VPOS="950" WIDTH="86" HEIGHT="19" WC="0.94" CONTENT="stannat"/><SP WIDTH="14" VPOS="950" HPOS="708"/>
							<String ID="string_189" HPOS="722" VPOS="948" WIDTH="6" HEIGHT="21" WC="0.96" CONTENT="i"/><SP WIDTH="16" VPOS="948" HPOS="728"/>
							<String ID="string_190" HPOS="744" VPOS="948" WIDTH="36" HEIGHT="21" WC="0.96" CONTENT="det"/><SP WIDTH="14" VPOS="948" HPOS="780"/>
							<String ID="string_191" HPOS="794" VPOS="948" WIDTH="70" HEIGHT="21" WC="0.96" CONTENT="beslut"/><SP WIDTH="15" VPOS="948" HPOS="864"/>
							<String ID="string_192" HPOS="879" VPOS="950" WIDTH="31" HEIGHT="20" WC="0.96" CONTENT="att"/><SP WIDTH="15" VPOS="950" HPOS="910"/>
							<String ID="string_193" HPOS="925" VPOS="948" WIDTH="48" HEIGHT="22" WC="0.96" CONTENT="med"/>
						</TextLine>
						<TextLine ID="line_23" HPOS="153" VPOS="975" WIDTH="820" HEIGHT="29">
							<String ID="string_194" HPOS="153" VPOS="976" WIDTH="112" HEIGHT="27" WC="0.96" CONTENT="anledning"/><SP WIDTH="23" VPOS="976" HPOS="265"/>
							<String ID="string_195" HPOS="288" VPOS="975" WIDTH="61" HEIGHT="23" WC="0.96" CONTENT="deraf"/><SP WIDTH="20" VPOS="975" HPOS="349"/>
							<String ID="string_196" HPOS="369" VPOS="978" WIDTH="31" HEIGHT="20" WC="0.96" CONTENT="att"/><SP WIDTH="22" VPOS="978" HPOS="400"/>
							<String ID="string_197" HPOS="422" VPOS="977" WIDTH="35" HEIGHT="21" WC="0.96" CONTENT="det"/><SP WIDTH="15" VPOS="977" HPOS="457"/>
							<String ID="string_198" HPOS="472" VPOS="979" WIDTH="57" HEIGHT="19" WC="0.96" CONTENT="ännu"/><SP WIDTH="14" VPOS="979" HPOS="529"/>
							<String ID="string_199" HPOS="543" VPOS="983" WIDTH="49" HEIGHT="16" WC="0.95" CONTENT="vore"/><SP WIDTH="15" VPOS="983" HPOS="592"/>
							<String ID="string_200" HPOS="607" VPOS="977" WIDTH="81" HEIGHT="26" WC="0.95" CONTENT="ganska"/><SP WIDTH="15" VPOS="977" HPOS="688"/>
							<String ID="string_201" HPOS="703" VPOS="977" WIDTH="104" HEIGHT="27" WC="0.96" CONTENT="vanskligt"/><SP WIDTH="15" VPOS="977" HPOS="807"/>
							<String ID="string_202" HPOS="822" VPOS="979" WIDTH="32" HEIGHT="19" WC="0.96" CONTENT="att"/><SP WIDTH="15" VPOS="979" HPOS="854"/>
							<String ID="string_203" HPOS="869" VPOS="977" WIDTH="49" HEIGHT="21" WC="0.96" CONTENT="med"/><SP WIDTH="15" VPOS="977" HPOS="918"/>
							<String ID="string_204" HPOS="933" VPOS="977" WIDTH="40" HEIGHT="22" WC="0.96" CONTENT="den"/>
						</TextLine>
						<TextLine ID="line_24" HPOS="153" VPOS="1005" WIDTH="820" HEIGHT="22">
							<String ID="string_205" HPOS="153" VPOS="1005" WIDTH="120" HEIGHT="22" WC="0.94" CONTENT="kännedom"/><SP WIDTH="22" VPOS="1005" HPOS="273"/>
							<String ID="string_206" HPOS="295" VPOS="1005" WIDTH="149" HEIGHT="22" WC="0.94" CONTENT="konferensens"/><SP WIDTH="19" VPOS="1005" HPOS="444"/>
							<String ID="string_207" HPOS="463" VPOS="1005" WIDTH="135" HEIGHT="22" WC="0.96" CONTENT="medlemmar"/><SP WIDTH="15" VPOS="1005" HPOS="598"/>
							<String ID="string_208" HPOS="613" VPOS="1005" WIDTH="54" HEIGHT="22" WC="0.96" CONTENT="hade"/><SP WIDTH="17" VPOS="1005" HPOS="667"/>
							<String ID="string_209" HPOS="684" VPOS="1011" WIDTH="33" HEIGHT="16" WC="0.96" CONTENT="om"/><SP WIDTH="16" VPOS="1011" HPOS="717"/>
							<String ID="string_210" HPOS="733" VPOS="1005" WIDTH="25" HEIGHT="21" WC="0.96" CONTENT="de"/><SP WIDTH="16" VPOS="1005" HPOS="758"/>
							<String ID="string_211" HPOS="774" VPOS="1005" WIDTH="102" HEIGHT="22" WC="0.93" CONTENT="särskilda"/><SP WIDTH="15" VPOS="1005" HPOS="876"/>
							<String ID="string_212" HPOS="891" VPOS="1005" WIDTH="82" HEIGHT="22" WC="0.93" CONTENT="utskot-"/>
						</TextLine>
						<TextLine ID="line_25" HPOS="153" VPOS="1033" WIDTH="820" HEIGHT="28">
							<String ID="string_213" HPOS="153" VPOS="1035" WIDTH="47" HEIGHT="19" WC="0.96" CONTENT="tens"/><SP WIDTH="21" VPOS="1035" HPOS="200"/>
							<String ID="string_214" HPOS="221" VPOS="1034" WIDTH="87" HEIGHT="21" WC="0.96" CONTENT="arbeten"/><SP WIDTH="23" VPOS="1034" HPOS="308"/>
							<String ID="string_215" HPOS="331" VPOS="1033" WIDTH="90" HEIGHT="22" WC="0.95" CONTENT="bedöma"/><SP WIDTH="22" VPOS="1033" HPOS="421"/>
							<String ID="string_216" HPOS="443" VPOS="1034" WIDTH="54" HEIGHT="21" WC="0.95" CONTENT="huru"/><SP WIDTH="15" VPOS="1034" HPOS="497"/>
							<String ID="string_217" HPOS="512" VPOS="1034" WIDTH="49" HEIGHT="27" WC="0.96" CONTENT="lång"/><SP WIDTH="15" VPOS="1034" HPOS="561"/>
							<String ID="string_218" HPOS="576" VPOS="1034" WIDTH="30" HEIGHT="21" WC="0.96" CONTENT="tid"/><SP WIDTH="16" VPOS="1034" HPOS="606"/>
							<String ID="string_219" HPOS="622" VPOS="1034" WIDTH="98" HEIGHT="26" WC="0.96" CONTENT="möjligen"/><SP WIDTH="15" VPOS="1034" HPOS="720"/>
							<String ID="string_220" HPOS="735" VPOS="1034" WIDTH="71" HEIGHT="21" WC="0.94" CONTENT="kunde"/><SP WIDTH="15" VPOS="1034" HPOS="806"/>
							<String ID="string_221" HPOS="821" VPOS="1033" WIDTH="106" HEIGHT="22" WC="0.96" CONTENT="erfordras"/><SP WIDTH="14" VPOS="1033" HPOS="927"/>
							<String ID="string_222" HPOS="941" VPOS="1034" WIDTH="32" HEIGHT="21" WC="0.96" CONTENT="för"/>
						</TextLine>
						<TextLine ID="line_26" HPOS="154" VPOS="1061" WIDTH="819" HEIGHT="27">
							<String ID="string_223" HPOS="154" VPOS="1061" WIDTH="71" HEIGHT="22" WC="0.92" CONTENT="dessas"/><SP WIDTH="22" VPOS="1061" HPOS="225"/>
							<String ID="string_224" HPOS="247" VPOS="1061" WIDTH="136" HEIGHT="27" WC="0.91" CONTENT="slutförande,"/><SP WIDTH="22" VPOS="1061" HPOS="383"/>
							<String ID="string_225" HPOS="405" VPOS="1062" WIDTH="57" HEIGHT="21" WC="0.96" CONTENT="såväl"/><SP WIDTH="15" VPOS="1062" HPOS="462"/>
							<String ID="string_226" HPOS="477" VPOS="1062" WIDTH="5" HEIGHT="21" WC="0.96" CONTENT="i"/><SP WIDTH="17" VPOS="1062" HPOS="482"/>
							<String ID="string_227" HPOS="499" VPOS="1063" WIDTH="108" HEIGHT="20" WC="0.95" CONTENT="utskotten"/><SP WIDTH="15" VPOS="1063" HPOS="607"/>
							<String ID="string_228" HPOS="622" VPOS="1068" WIDTH="45" HEIGHT="15" WC="0.96" CONTENT="som"/><SP WIDTH="15" VPOS="1068" HPOS="667"/>
							<String ID="string_229" HPOS="682" VPOS="1062" WIDTH="57" HEIGHT="21" WC="0.96" CONTENT="inom"/><SP WIDTH="17" VPOS="1062" HPOS="739"/>
							<String ID="string_230" HPOS="756" VPOS="1062" WIDTH="25" HEIGHT="21" WC="0.96" CONTENT="de"/><SP WIDTH="15" VPOS="1062" HPOS="781"/>
							<String ID="string_231" HPOS="796" VPOS="1062" WIDTH="103" HEIGHT="21" WC="0.92" CONTENT="särskilda"/><SP WIDTH="16" VPOS="1062" HPOS="899"/>
							<String ID="string_232" HPOS="915" VPOS="1063" WIDTH="58" HEIGHT="20" WC="0.91" CONTENT="stån-"/>
						</TextLine>
						<TextLine ID="line_27" HPOS="154" VPOS="1090" WIDTH="819" HEIGHT="28">
							<String ID="string_233" HPOS="154" VPOS="1090" WIDTH="47" HEIGHT="26" WC="0.96" CONTENT="den,"/><SP WIDTH="15" VPOS="1090" HPOS="201"/>
							<String ID="string_234" HPOS="216" VPOS="1091" WIDTH="44" HEIGHT="20" WC="0.96" CONTENT="låta"/><SP WIDTH="15" VPOS="1091" HPOS="260"/>
							<String ID="string_235" HPOS="275" VPOS="1091" WIDTH="48" HEIGHT="21" WC="0.95" CONTENT="med"/><SP WIDTH="14" VPOS="1091" HPOS="323"/>
							<String ID="string_236" HPOS="337" VPOS="1090" WIDTH="71" HEIGHT="22" WC="0.96" CONTENT="vidare"/><SP WIDTH="15" VPOS="1090" HPOS="408"/>
							<String ID="string_237" HPOS="423" VPOS="1091" WIDTH="73" HEIGHT="26" WC="0.96" CONTENT="åtgärd"/><SP WIDTH="16" VPOS="1091" HPOS="496"/>
							<String ID="string_238" HPOS="512" VPOS="1091" WIDTH="6" HEIGHT="21" WC="0.96" CONTENT="i"/><SP WIDTH="17" VPOS="1091" HPOS="518"/>
							<String ID="string_239" HPOS="535" VPOS="1091" WIDTH="87" HEIGHT="21" WC="0.96" CONTENT="berörde"/><SP WIDTH="11" VPOS="1091" HPOS="622"/>
							<String ID="string_240" HPOS="633" VPOS="1090" WIDTH="119" HEIGHT="21" WC="0.96" CONTENT="hänseende"/><SP WIDTH="11" VPOS="1090" HPOS="752"/>
							<String ID="string_241" HPOS="763" VPOS="1091" WIDTH="60" HEIGHT="21" WC="0.96" CONTENT="anstå"/><SP WIDTH="11" VPOS="1091" HPOS="823"/>
							<String ID="string_242" HPOS="834" VPOS="1091" WIDTH="6" HEIGHT="20" WC="0.96" CONTENT="i"/><SP WIDTH="11" VPOS="1091" HPOS="840"/>
							<String ID="string_243" HPOS="851" VPOS="1091" WIDTH="122" HEIGHT="27" WC="0.95" CONTENT="ytterligare"/>
						</TextLine>
						<TextLine ID="line_28" HPOS="155" VPOS="1119" WIDTH="817" HEIGHT="27">
							<String ID="string_244" HPOS="155" VPOS="1119" WIDTH="26" HEIGHT="20" WC="0.96" CONTENT="14"/><SP WIDTH="16" VPOS="1119" HPOS="181"/>
							<String ID="string_245" HPOS="197" VPOS="1119" WIDTH="71" HEIGHT="26" WC="0.96" CONTENT="dagar,"/><SP WIDTH="17" VPOS="1119" HPOS="268"/>
							<String ID="string_246" HPOS="285" VPOS="1119" WIDTH="27" HEIGHT="21" WC="0.96" CONTENT="då"/><SP WIDTH="15" VPOS="1119" HPOS="312"/>
							<String ID="string_247" HPOS="327" VPOS="1119" WIDTH="48" HEIGHT="21" WC="0.96" CONTENT="med"/><SP WIDTH="14" VPOS="1119" HPOS="375"/>
							<String ID="string_248" HPOS="389" VPOS="1120" WIDTH="69" HEIGHT="21" WC="0.96" CONTENT="större"/><SP WIDTH="15" VPOS="1120" HPOS="458"/>
							<String ID="string_249" HPOS="473" VPOS="1119" WIDTH="98" HEIGHT="22" WC="0.96" CONTENT="säkerhet"/><SP WIDTH="15" VPOS="1119" HPOS="571"/>
							<String ID="string_250" HPOS="586" VPOS="1119" WIDTH="70" HEIGHT="21" WC="0.96" CONTENT="kunde"/><SP WIDTH="15" VPOS="1119" HPOS="656"/>
							<String ID="string_251" HPOS="671" VPOS="1119" WIDTH="128" HEIGHT="21" WC="0.96" CONTENT="bestämmas"/><SP WIDTH="15" VPOS="1119" HPOS="799"/>
							<String ID="string_252" HPOS="814" VPOS="1119" WIDTH="54" HEIGHT="21" WC="0.95" CONTENT="huru"/><SP WIDTH="15" VPOS="1119" HPOS="868"/>
							<String ID="string_253" HPOS="883" VPOS="1119" WIDTH="49" HEIGHT="27" WC="0.95" CONTENT="lång"/><SP WIDTH="10" VPOS="1119" HPOS="932"/>
							<String ID="string_254" HPOS="942" VPOS="1119" WIDTH="30" HEIGHT="22" WC="0.95" CONTENT="tid"/>
						</TextLine>
						<TextLine ID="line_29" HPOS="153" VPOS="1146" WIDTH="764" HEIGHT="28">
							<String ID="string_255" HPOS="153" VPOS="1146" WIDTH="33" HEIGHT="22" WC="0.96" CONTENT="för"/><SP WIDTH="15" VPOS="1146" HPOS="186"/>
							<String ID="string_256" HPOS="201" VPOS="1147" WIDTH="120" HEIGHT="21" WC="0.96" CONTENT="utförandet"/><SP WIDTH="15" VPOS="1147" HPOS="321"/>
							<String ID="string_257" HPOS="336" VPOS="1147" WIDTH="22" HEIGHT="21" WC="0.92" CONTENT="af"/><SP WIDTH="13" VPOS="1147" HPOS="358"/>
							<String ID="string_258" HPOS="371" VPOS="1147" WIDTH="213" HEIGHT="26" WC="0.92" CONTENT="landtdagsarbetena"/><SP WIDTH="14" VPOS="1147" HPOS="584"/>
							<String ID="string_259" HPOS="598" VPOS="1147" WIDTH="84" HEIGHT="21" WC="0.95" CONTENT="komme"/><SP WIDTH="14" VPOS="1147" HPOS="682"/>
							<String ID="string_260" HPOS="696" VPOS="1149" WIDTH="33" HEIGHT="19" WC="0.96" CONTENT="att"/><SP WIDTH="15" VPOS="1149" HPOS="729"/>
							<String ID="string_261" HPOS="744" VPOS="1147" WIDTH="63" HEIGHT="22" WC="0.93" CONTENT="blifva"/><SP WIDTH="16" VPOS="1147" HPOS="807"/>
							<String ID="string_262" HPOS="823" VPOS="1147" WIDTH="94" HEIGHT="27" WC="0.91" CONTENT="behöflig."/>
						</TextLine>
					</TextBlock>
				</ComposedBlock>
				<ComposedBlock ID="cblock_5" HPOS="154" VPOS="1289" WIDTH="823" HEIGHT="254">
					<TextBlock ID="block_4" HPOS="154" VPOS="1289" WIDTH="823" HEIGHT="254">
						<TextLine ID="line_30" HPOS="224" VPOS="1289" WIDTH="752" HEIGHT="25">
							<String ID="string_263" HPOS="224" VPOS="1289" WIDTH="49" HEIGHT="21" WC="0.96" CONTENT="Med"/><SP WIDTH="23" VPOS="1289" HPOS="273"/>
							<String ID="string_264" HPOS="296" VPOS="1289" WIDTH="111" HEIGHT="25" WC="0.96" CONTENT="anledning"/><SP WIDTH="23" VPOS="1289" HPOS="407"/>
							<String ID="string_265" HPOS="430" VPOS="1289" WIDTH="21" HEIGHT="20" WC="0.96" CONTENT="af"/><SP WIDTH="17" VPOS="1289" HPOS="451"/>
							<String ID="string_266" HPOS="468" VPOS="1289" WIDTH="39" HEIGHT="21" WC="0.96" CONTENT="den"/><SP WIDTH="18" VPOS="1289" HPOS="507"/>
							<String ID="string_267" HPOS="525" VPOS="1289" WIDTH="7" HEIGHT="20" WC="0.93" CONTENT="i"/><SP WIDTH="16" VPOS="1289" HPOS="532"/>
							<String ID="string_268" HPOS="548" VPOS="1289" WIDTH="145" HEIGHT="25" WC="0.92" CONTENT="öfvermorgon"/><SP WIDTH="16" VPOS="1289" HPOS="693"/>
							<String ID="string_269" HPOS="709" VPOS="1289" WIDTH="39" HEIGHT="20" WC="0.96" CONTENT="den"/><SP WIDTH="16" VPOS="1289" HPOS="748"/>
							<String ID="string_270" HPOS="764" VPOS="1289" WIDTH="28" HEIGHT="20" WC="0.95" CONTENT="29"/><SP WIDTH="16" VPOS="1289" HPOS="792"/>
							<String ID="string_271" HPOS="808" VPOS="1289" WIDTH="77" HEIGHT="21" WC="0.93" CONTENT="dennes"/><SP WIDTH="16" VPOS="1289" HPOS="885"/>
							<String ID="string_272" HPOS="901" VPOS="1289" WIDTH="75" HEIGHT="20" WC="0.90" CONTENT="inträf-"/>
						</TextLine>
						<TextLine ID="line_31" HPOS="154" VPOS="1316" WIDTH="821" HEIGHT="27">
							<String ID="string_273" HPOS="154" VPOS="1316" WIDTH="63" HEIGHT="21" WC="0.90" CONTENT="fande"/><SP WIDTH="22" VPOS="1316" HPOS="217"/>
							<String ID="string_274" HPOS="239" VPOS="1317" WIDTH="104" HEIGHT="26" WC="0.96" CONTENT="årsdagen"/><SP WIDTH="18" VPOS="1317" HPOS="343"/>
							<String ID="string_275" HPOS="361" VPOS="1316" WIDTH="22" HEIGHT="21" WC="0.96" CONTENT="af"/><SP WIDTH="13" VPOS="1316" HPOS="383"/>
							<String ID="string_276" HPOS="396" VPOS="1317" WIDTH="59" HEIGHT="20" WC="0.96" CONTENT="Hans"/><SP WIDTH="15" VPOS="1317" HPOS="455"/>
							<String ID="string_277" HPOS="470" VPOS="1316" WIDTH="117" HEIGHT="27" WC="0.87" CONTENT="Majestäts,"/><SP WIDTH="16" VPOS="1316" HPOS="587"/>
							<String ID="string_278" HPOS="603" VPOS="1317" WIDTH="37" HEIGHT="20" WC="0.93" CONTENT="vår"/><SP WIDTH="16" VPOS="1317" HPOS="640"/>
							<String ID="string_279" HPOS="656" VPOS="1317" WIDTH="75" HEIGHT="25" WC="0.92" CONTENT="nådige"/><SP WIDTH="15" VPOS="1317" HPOS="731"/>
							<String ID="string_280" HPOS="746" VPOS="1317" WIDTH="127" HEIGHT="21" WC="0.91" CONTENT="Storfurstes"/><SP WIDTH="16" VPOS="1317" HPOS="873"/>
							<String ID="string_281" HPOS="889" VPOS="1316" WIDTH="86" HEIGHT="25" WC="0.96" CONTENT="födelse,"/>
						</TextLine>
						<TextLine ID="line_32" HPOS="155" VPOS="1344" WIDTH="821" HEIGHT="28">
							<String ID="string_282" HPOS="155" VPOS="1344" WIDTH="74" HEIGHT="27" WC="0.96" CONTENT="skulle,"/><SP WIDTH="22" VPOS="1344" HPOS="229"/>
							<String ID="string_283" HPOS="251" VPOS="1345" WIDTH="65" HEIGHT="26" WC="0.96" CONTENT="enligt"/><SP WIDTH="20" VPOS="1345" HPOS="316"/>
							<String ID="string_284" HPOS="336" VPOS="1345" WIDTH="55" HEIGHT="21" WC="0.93" CONTENT="hvad"/><SP WIDTH="20" VPOS="1345" HPOS="391"/>
							<String ID="string_285" HPOS="411" VPOS="1345" WIDTH="58" HEIGHT="26" WC="0.92" CONTENT="öfligt"/><SP WIDTH="15" VPOS="1345" HPOS="469"/>
							<String ID="string_286" HPOS="484" VPOS="1345" WIDTH="60" HEIGHT="24" WC="0.96" CONTENT="varit,"/><SP WIDTH="16" VPOS="1345" HPOS="544"/>
							<String ID="string_287" HPOS="560" VPOS="1351" WIDTH="26" HEIGHT="14" WC="0.93" CONTENT="en"/><SP WIDTH="16" VPOS="1351" HPOS="586"/>
							<String ID="string_288" HPOS="602" VPOS="1345" WIDTH="124" HEIGHT="26" WC="0.92" CONTENT="deputation"/><SP WIDTH="15" VPOS="1345" HPOS="726"/>
							<String ID="string_289" HPOS="741" VPOS="1345" WIDTH="46" HEIGHT="21" WC="0.96" CONTENT="från"/><SP WIDTH="15" VPOS="1345" HPOS="787"/>
							<String ID="string_290" HPOS="802" VPOS="1345" WIDTH="97" HEIGHT="27" WC="0.96" CONTENT="samtliga"/><SP WIDTH="15" VPOS="1345" HPOS="899"/>
							<String ID="string_291" HPOS="914" VPOS="1345" WIDTH="62" HEIGHT="22" WC="0.96" CONTENT="stånd"/>
						</TextLine>
						<TextLine ID="line_33" HPOS="155" VPOS="1373" WIDTH="822" HEIGHT="27">
							<String ID="string_292" HPOS="155" VPOS="1373" WIDTH="47" HEIGHT="27" WC="0.91" CONTENT="afgå"/><SP WIDTH="20" VPOS="1373" HPOS="202"/>
							<String ID="string_293" HPOS="222" VPOS="1373" WIDTH="33" HEIGHT="22" WC="0.95" CONTENT="till"/><SP WIDTH="16" VPOS="1373" HPOS="255"/>
							<String ID="string_294" HPOS="271" VPOS="1373" WIDTH="52" HEIGHT="22" WC="0.95" CONTENT="hans"/><SP WIDTH="15" VPOS="1373" HPOS="323"/>
							<String ID="string_295" HPOS="338" VPOS="1373" WIDTH="110" HEIGHT="22" WC="0.93" CONTENT="Excellens"/><SP WIDTH="16" VPOS="1373" HPOS="448"/>
							<String ID="string_296" HPOS="464" VPOS="1373" WIDTH="221" HEIGHT="26" WC="0.92" CONTENT="Generalguvernören"/><SP WIDTH="15" VPOS="1373" HPOS="685"/>
							<String ID="string_297" HPOS="700" VPOS="1374" WIDTH="34" HEIGHT="21" WC="0.96" CONTENT="för"/><SP WIDTH="14" VPOS="1374" HPOS="734"/>
							<String ID="string_298" HPOS="748" VPOS="1375" WIDTH="32" HEIGHT="20" WC="0.96" CONTENT="att"/><SP WIDTH="15" VPOS="1375" HPOS="780"/>
							<String ID="string_299" HPOS="795" VPOS="1379" WIDTH="74" HEIGHT="21" WC="0.96" CONTENT="genom"/><SP WIDTH="12" VPOS="1379" HPOS="869"/>
							<String ID="string_300" HPOS="881" VPOS="1373" WIDTH="68" HEIGHT="22" WC="0.96" CONTENT="denne"/><SP WIDTH="7" VPOS="1373" HPOS="949"/>
							<String ID="string_301" HPOS="956" VPOS="1373" WIDTH="21" HEIGHT="22" WC="0.96" CONTENT="få"/>
						</TextLine>
						<TextLine ID="line_34" HPOS="155" VPOS="1401" WIDTH="822" HEIGHT="28">
							<String ID="string_302" HPOS="155" VPOS="1402" WIDTH="54" HEIGHT="21" WC="0.96" CONTENT="inför"/><SP WIDTH="22" VPOS="1402" HPOS="209"/>
							<String ID="string_303" HPOS="231" VPOS="1404" WIDTH="75" HEIGHT="19" WC="0.96" CONTENT="tronen"/><SP WIDTH="22" VPOS="1404" HPOS="306"/>
							<String ID="string_304" HPOS="328" VPOS="1402" WIDTH="103" HEIGHT="26" WC="0.96" CONTENT="nedlägga"/><SP WIDTH="22" VPOS="1402" HPOS="431"/>
							<String ID="string_305" HPOS="453" VPOS="1404" WIDTH="123" HEIGHT="19" WC="0.96" CONTENT="ständernas"/><SP WIDTH="23" VPOS="1404" HPOS="576"/>
							<String ID="string_306" HPOS="599" VPOS="1401" WIDTH="39" HEIGHT="21" WC="0.96" CONTENT="och"/><SP WIDTH="21" VPOS="1401" HPOS="638"/>
							<String ID="string_307" HPOS="659" VPOS="1401" WIDTH="77" HEIGHT="23" WC="0.93" CONTENT="folkets"/><SP WIDTH="23" VPOS="1401" HPOS="736"/>
							<String ID="string_308" HPOS="759" VPOS="1402" WIDTH="144" HEIGHT="26" WC="0.92" CONTENT="underdåniga"/><SP WIDTH="15" VPOS="1402" HPOS="903"/>
							<String ID="string_309" HPOS="918" VPOS="1402" WIDTH="59" HEIGHT="27" WC="0.90" CONTENT="lyck-"/>
						</TextLine>
						<TextLine ID="line_35" HPOS="155" VPOS="1430" WIDTH="822" HEIGHT="28">
							<String ID="string_310" HPOS="155" VPOS="1430" WIDTH="128" HEIGHT="28" WC="0.92" CONTENT="önskningar"/><SP WIDTH="15" VPOS="1430" HPOS="283"/>
							<String ID="string_311" HPOS="298" VPOS="1430" WIDTH="39" HEIGHT="22" WC="0.95" CONTENT="och"/><SP WIDTH="15" VPOS="1430" HPOS="337"/>
							<String ID="string_312" HPOS="352" VPOS="1430" WIDTH="99" HEIGHT="22" WC="0.96" CONTENT="förböner"/><SP WIDTH="15" VPOS="1430" HPOS="451"/>
							<String ID="string_313" HPOS="466" VPOS="1430" WIDTH="32" HEIGHT="22" WC="0.96" CONTENT="för"/><SP WIDTH="13" VPOS="1430" HPOS="498"/>
							<String ID="string_314" HPOS="511" VPOS="1430" WIDTH="59" HEIGHT="22" WC="0.95" CONTENT="Hans"/><SP WIDTH="15" VPOS="1430" HPOS="570"/>
							<String ID="string_315" HPOS="585" VPOS="1430" WIDTH="110" HEIGHT="26" WC="0.86" CONTENT="Majestäts"/><SP WIDTH="15" VPOS="1430" HPOS="695"/>
							<String ID="string_316" HPOS="710" VPOS="1430" WIDTH="94" HEIGHT="28" WC="0.88" CONTENT="välgång."/><SP WIDTH="31" VPOS="1430" HPOS="804"/>
							<String ID="string_317" HPOS="835" VPOS="1430" WIDTH="49" HEIGHT="22" WC="0.96" CONTENT="Med"/><SP WIDTH="15" VPOS="1430" HPOS="884"/>
							<String ID="string_318" HPOS="899" VPOS="1430" WIDTH="78" HEIGHT="28" WC="0.96" CONTENT="speciel"/>
						</TextLine>
						<TextLine ID="line_36" HPOS="155" VPOS="1458" WIDTH="821" HEIGHT="28">
							<String ID="string_319" HPOS="155" VPOS="1458" WIDTH="81" HEIGHT="28" WC="0.95" CONTENT="hänsyn"/><SP WIDTH="22" VPOS="1458" HPOS="236"/>
							<String ID="string_320" HPOS="258" VPOS="1458" WIDTH="32" HEIGHT="22" WC="0.96" CONTENT="till"/><SP WIDTH="16" VPOS="1458" HPOS="290"/>
							<String ID="string_321" HPOS="306" VPOS="1459" WIDTH="40" HEIGHT="21" WC="0.91" CONTENT="den"/><SP WIDTH="15" VPOS="1459" HPOS="346"/>
							<String ID="string_322" HPOS="361" VPOS="1458" WIDTH="181" HEIGHT="28" WC="0.91" CONTENT="vidtomfattande,"/><SP WIDTH="16" VPOS="1458" HPOS="542"/>
							<String ID="string_323" HPOS="558" VPOS="1458" WIDTH="184" HEIGHT="23" WC="0.92" CONTENT="verldshistoriska"/><SP WIDTH="14" VPOS="1458" HPOS="742"/>
							<String ID="string_324" HPOS="756" VPOS="1459" WIDTH="136" HEIGHT="26" WC="0.91" CONTENT="tilldragelse,"/><SP WIDTH="17" VPOS="1459" HPOS="892"/>
							<String ID="string_325" HPOS="909" VPOS="1466" WIDTH="45" HEIGHT="15" WC="0.96" CONTENT="som"/><SP WIDTH="15" VPOS="1466" HPOS="954"/>
							<String ID="string_326" HPOS="969" VPOS="1459" WIDTH="7" HEIGHT="21" WC="0.96" CONTENT="i"/>
						</TextLine>
						<TextLine ID="line_37" HPOS="155" VPOS="1487" WIDTH="822" HEIGHT="28">
							<String ID="string_327" HPOS="155" VPOS="1488" WIDTH="61" HEIGHT="22" WC="0.95" CONTENT="dessa"/><SP WIDTH="15" VPOS="1488" HPOS="216"/>
							<String ID="string_328" HPOS="231" VPOS="1488" WIDTH="66" HEIGHT="27" WC="0.93" CONTENT="dagar"/><SP WIDTH="17" VPOS="1488" HPOS="297"/>
							<String ID="string_329" HPOS="314" VPOS="1488" WIDTH="61" HEIGHT="21" WC="0.91" CONTENT="timat"/><SP WIDTH="16" VPOS="1488" HPOS="375"/>
							<String ID="string_330" HPOS="391" VPOS="1488" WIDTH="119" HEIGHT="25" WC="0.90" CONTENT="derigenom"/><SP WIDTH="16" VPOS="1488" HPOS="510"/>
							<String ID="string_331" HPOS="526" VPOS="1490" WIDTH="32" HEIGHT="19" WC="0.96" CONTENT="att"/><SP WIDTH="14" VPOS="1490" HPOS="558"/>
							<String ID="string_332" HPOS="572" VPOS="1487" WIDTH="59" HEIGHT="22" WC="0.96" CONTENT="Hans"/><SP WIDTH="16" VPOS="1487" HPOS="631"/>
							<String ID="string_333" HPOS="647" VPOS="1487" WIDTH="99" HEIGHT="27" WC="0.92" CONTENT="Majestät"/><SP WIDTH="15" VPOS="1487" HPOS="746"/>
							<String ID="string_334" HPOS="761" VPOS="1488" WIDTH="94" HEIGHT="26" WC="0.92" CONTENT="nödgats,"/><SP WIDTH="16" VPOS="1488" HPOS="855"/>
							<String ID="string_335" HPOS="871" VPOS="1488" WIDTH="54" HEIGHT="22" WC="0.93" CONTENT="efter"/><SP WIDTH="15" VPOS="1488" HPOS="925"/>
							<String ID="string_336" HPOS="940" VPOS="1494" WIDTH="37" HEIGHT="16" WC="0.91" CONTENT="an-"/>
						</TextLine>
						<TextLine ID="line_38" HPOS="155" VPOS="1515" WIDTH="820" HEIGHT="28">
							<String ID="string_337" HPOS="155" VPOS="1515" WIDTH="79" HEIGHT="22" WC="0.93" CONTENT="litande"/><SP WIDTH="22" VPOS="1515" HPOS="234"/>
							<String ID="string_338" HPOS="256" VPOS="1516" WIDTH="23" HEIGHT="21" WC="0.96" CONTENT="af"/><SP WIDTH="20" VPOS="1516" HPOS="279"/>
							<String ID="string_339" HPOS="299" VPOS="1516" WIDTH="42" HEIGHT="21" WC="0.96" CONTENT="alla"/><SP WIDTH="23" VPOS="1516" HPOS="341"/>
							<String ID="string_340" HPOS="364" VPOS="1516" WIDTH="103" HEIGHT="22" WC="0.95" CONTENT="tänkbara"/><SP WIDTH="22" VPOS="1516" HPOS="467"/>
							<String ID="string_341" HPOS="489" VPOS="1516" WIDTH="69" HEIGHT="22" WC="0.96" CONTENT="medel"/><SP WIDTH="22" VPOS="1516" HPOS="558"/>
							<String ID="string_342" HPOS="580" VPOS="1515" WIDTH="32" HEIGHT="22" WC="0.93" CONTENT="till"/><SP WIDTH="21" VPOS="1515" HPOS="612"/>
							<String ID="string_343" HPOS="633" VPOS="1516" WIDTH="131" HEIGHT="22" WC="0.92" CONTENT="afvändande"/><SP WIDTH="19" VPOS="1516" HPOS="764"/>
							<String ID="string_344" HPOS="783" VPOS="1516" WIDTH="22" HEIGHT="21" WC="0.96" CONTENT="af"/><SP WIDTH="13" VPOS="1516" HPOS="805"/>
							<String ID="string_345" HPOS="818" VPOS="1516" WIDTH="79" HEIGHT="27" WC="0.95" CONTENT="krigets"/><SP WIDTH="15" VPOS="1516" HPOS="897"/>
							<String ID="string_346" HPOS="912" VPOS="1516" WIDTH="63" HEIGHT="27" WC="0.96" CONTENT="fasor,"/>
						</TextLine>
					</TextBlock>
				</ComposedBlock>
			</PrintSpace>
		</Page>
	</Layout>
</alto>
