1053 1814
178 131 40 21 318
380 134 160 18 Presteståndet
552 135 55 17 1877.
631 134 26 17 23
669 138 61 13 mars.

149 204 42 26 fall,
214 210 44 16 som
280 204 65 21 redan
367 204 35 20 vid
424 204 70 20 denna
515 203 101 26 landtdag
631 202 139 26 förekommit,
785 202 46 21 icke
845 202 81 21 kunnat
941 202 27 26 gå

148 233 83 21 utöfver
252 232 40 21 den
315 232 111 26 kejserliga
448 231 169 27 propositionens
637 231 90 27 omfång.
757 231 42 21 För
814 231 43 20 min
872 231 35 21 del
922 232 46 20 tror

146 261 37 27 jag
205 260 69 26 alltså,
298 263 31 19 att
352 261 6 21 i
381 260 65 21 saken
468 261 46 21 icke
528 260 42 21 kan
586 262 61 24 göras
663 262 71 24 annat,
750 261 27 19 än
792 259 55 21 hvad
862 260 106 21 utskottet

148 290 63 26 gjort,
234 289 39 22 och
295 289 122 21 hemställer
439 289 88 26 derföre,
551 290 32 20 att
606 288 46 22 dess
675 288 136 22 betänkande
833 288 66 22 måtte
917 288 50 27 god-

149 318 86 22 kännas.

216 404 141 26 Domprosten
380 403 126 21 Renvall:
537 403 42 21 Det
600 404 23 19 är
638 402 53 26 visst
705 405 55 22 sant,
776 404 32 20 att
823 402 67 25 ,,bene
906 404 61 20 docet

149 432 35 27 qui
207 432 52 22 bene
282 432 93 24 dividit*,
397 438 47 14 men
468 438 33 14 om
524 438 48 14 man
595 431 84 27 utbyter
701 431 36 21 det
759 432 52 20 sista
827 431 80 24 ,,bene
923 434 44 19 mot

149 461 89 25 smale*,
260 460 67 22 måste
350 460 33 21 väl
406 460 38 22 ock
460 460 36 21 det
511 460 68 22 första
594 460 109 21 enahanda
719 459 101 22 adverbet
835 460 85 26 utbytas
936 460 31 22 till

148 489 31 21 sin
202 491 95 19 motsats.
326 489 31 21 En
381 488 65 22 sådan
469 489 81 21 mindre
572 488 77 27 lycklig
663 488 108 27 indelning
787 488 22 22 af
823 488 25 22 de
864 489 103 21 särskilda

148 518 137 21 kommunala
306 517 156 22 skattearterna
485 524 61 21 synes
560 517 43 27 mig
618 517 203 22 ekonomiutskottet
837 517 63 21 hafva
914 524 53 21 upp-

149 547 69 24 ställt;
234 547 60 21 deraf
308 546 39 21 den
363 545 135 28 fördunkling
512 547 6 20 i
534 546 71 21 stället
620 546 33 21 för
668 546 113 27 utredning
796 546 23 21 af
833 548 77 24 ämnet,
922 553 45 15 som

148 576 6 21 i
175 575 239 21 utskottsbetänkandet
429 575 118 26 förefinnes,
563 575 39 21 och
618 575 36 20 det
670 575 142 26 andragande,
828 581 46 15 som
889 575 78 26 profes-

149 610 35 15 sor
206 603 62 22 Cleve
290 609 49 22 nyss
361 603 79 27 gjorde,
462 603 38 21 har
514 604 47 21 icke
577 605 57 24 synts
649 604 42 25 mig
706 603 120 26 förskingra
841 603 69 21 denna
925 604 41 21 för-

149 632 106 27 dunkling.
285 631 112 22 Professor
412 631 63 22 Cleve
490 632 40 21 har
545 632 45 21 icke
606 631 80 22 kunnat
699 631 63 27 jäfva,
777 634 33 19 att
824 632 39 21 här
874 633 24 20 är
907 632 60 27 fråga

148 667 34 15 om
205 661 100 26 afgälder,
325 667 45 14 som
386 667 25 14 en
427 666 75 21 person
518 661 96 26 erlägger
629 660 27 26 på
671 660 68 26 grund
754 660 23 21 af
790 662 32 19 att
837 661 41 20 han
894 661 73 20 tillhör

149 696 25 15 en
196 689 106 21 kommun.
333 688 39 21 Om
395 689 119 20 sedermera
537 689 25 21 de
586 689 80 24 besvär,
688 689 6 20 i
715 688 71 21 hvilka
801 689 41 20 han
859 689 107 21 dessutom

149 718 95 25 deltager
263 719 37 19 äro
315 717 86 24 sådana,
417 719 31 19 att
463 717 61 21 äfven
540 724 25 14 en
580 723 69 15 annan
665 717 100 21 kommun
781 717 95 26 deltager
890 718 7 20 i
913 718 52 26 dem,

149 747 23 20 så
194 747 37 20 äro
254 747 26 20 de
298 747 6 19 i
319 746 42 21 alla
376 745 35 22 fall
428 748 31 19 ett
474 746 132 21 kommunalt
622 752 58 19 onus,
696 752 44 15 som
757 745 41 22 han
813 746 101 21 afbördar
928 746 38 27 sig.

148 775 42 22 Det
206 775 65 26 ligger
286 775 6 20 i
308 775 65 20 saken
389 775 48 26 sjelf
450 777 31 18 att
497 781 33 14 om
547 775 79 20 sådana
636 774 137 21 kommunala
785 774 100 27 afgälder,
896 775 71 21 hvilka

148 803 43 22 han
204 803 65 27 jemte
284 804 66 20 andra
365 803 124 21 kommuner
504 803 53 20 skall
573 803 91 26 erlägga,
680 803 67 22 måste
763 809 25 15 en
803 809 120 21 gemensam
937 804 30 21 öf-

149 832 190 21 verenskommelse
360 832 43 20 ske.
432 832 89 21 Derföre
543 832 67 21 måste
631 831 64 22 också
711 834 32 19 ett
757 832 69 21 forum
841 832 73 26 finnas,
930 833 38 21 der

149 862 26 20 de
197 861 68 21 skilda
288 861 161 20 kommunernas
475 860 56 21 olika
559 861 104 20 intressen
688 861 71 20 kunna
783 861 182 26 sammanjemkas.

149 889 54 22 Hela
224 889 39 21 den
284 889 96 26 petition,
395 895 45 14 som
456 889 7 20 i
478 889 154 21 bondeståndet
647 889 34 21 vid
697 892 83 19 senaste
796 889 100 28 landtdag
912 889 55 22 före-

148 925 43 18 var,
215 918 66 21 måste
304 919 78 22 säkert,
403 917 67 21 såsom
487 917 147 27 kyrkoherden
650 917 107 22 Stenbäck
772 918 116 25 anmärkte,
905 919 62 20 hafva

148 947 69 21 blifvit
239 946 124 21 framkallad
385 946 22 21 af
418 947 44 26 just
478 947 58 20 detta
552 946 111 27 kejserliga
679 946 52 25 bref,
747 953 45 14 som
809 947 39 20 den
863 948 25 20 21
907 947 59 21 okto-

149 975 38 22 ber
204 976 51 21 1871
272 975 32 21 till
319 977 130 24 guvernören
465 975 6 20 i
487 975 89 27 Viborgs
592 975 33 21 län
641 975 68 27 afläts,
725 975 39 21 och
780 975 80 21 hvilket
871 976 96 26 utgjorde

149 1010 25 15 en
197 1004 95 26 tolkning
313 1004 24 20 af
359 1004 126 20 omnämnda
506 1006 93 19 moment
614 1004 39 20 och
669 1004 99 26 paragraf
782 1004 5 21 i
804 1004 163 22 kommunalför-

148 1032 124 27 fattningen,
295 1032 39 21 och
355 1032 141 21 motiverades
517 1032 64 25 deraf,
598 1034 31 19 att
644 1032 57 22 olika
717 1033 120 26 tolkningar
851 1033 23 21 af
887 1040 80 14 samma

149 1065 92 17 moment
263 1061 55 21 hade
341 1061 62 21 skett.
434 1061 108 27 Antagligt
562 1062 30 22 är,
608 1063 31 19 att
655 1067 25 15 en
697 1061 57 27 dylik
769 1061 88 27 petition
873 1062 46 21 icke
935 1068 31 15 er-

147 1090 100 25 fordrats,
263 1090 37 20 och
317 1090 26 21 de
358 1090 162 26 bestämningar,
536 1095 45 16 som
598 1089 38 21 här
651 1090 133 25 framhållits,
799 1090 47 22 icke
861 1091 54 21 varit
931 1092 36 20 nö-

149 1118 48 27 diga
219 1118 44 22 ifall
286 1118 39 21 den
349 1118 109 22 liberalare
481 1118 96 26 tolkning
600 1118 67 22 skulle
689 1118 132 23 fortfarande
844 1119 40 21 fått
903 1119 62 27 gälla,

148 1147 84 21 hvilken
248 1147 53 21 först
315 1147 133 27 tillämpades
464 1147 26 20 då
506 1147 273 27 kommunalförfattningen
795 1148 74 21 trädde
884 1148 7 21 i
907 1149 60 21 verk-

149 1176 88 21 samhet.
266 1176 74 22 Såsom
356 1176 66 20 redan
437 1176 148 26 kyrkoherden
602 1176 106 22 Stenbäck
722 1176 122 25 framhållit,
860 1176 106 22 öfverens-

148 1206 101 20 stämmer
272 1205 40 20 den
334 1204 107 26 rättighet,
465 1210 44 15 som
529 1204 140 27 petitionären
685 1205 77 21 önskar
778 1205 39 21 och
832 1211 45 15 som
894 1206 31 20 till
941 1213 25 13 en

150 1233 33 21 del
206 1233 39 21 den
261 1233 110 26 kejserliga
387 1233 157 26 propositionen
559 1233 91 26 medger,
666 1234 129 26 fullkomligt
810 1234 47 21 med
872 1234 95 21 kommu-

149 1262 198 26 nalförfattningens
370 1262 55 20 anda
441 1261 39 21 och
495 1262 47 20 med
559 1263 39 20 den
615 1262 108 26 rättighet,
739 1262 152 22 kommunerna
907 1263 59 27 hade,

149 1293 32 19 att
203 1290 71 26 sjelfve
290 1290 98 21 beskatta
403 1290 31 26 sig
453 1290 2 20 i
470 1290 139 22 kommunens
625 1291 182 26 angelägenheter,
823 1293 55 19 samt
893 1294 33 18 att
940 1292 26 21 de

149 1318 70 22 dertill
234 1318 140 27 erforderliga
387 1319 83 21 medlen
485 1320 97 20 uttaxera
598 1318 38 22 och
652 1319 101 26 uppbära.

217 1347 62 21 Hvad
302 1347 39 21 den
363 1347 51 21 sista
436 1347 165 26 anmärkningen
622 1347 105 25 beträffar,
743 1350 33 18 att
791 1348 115 20 ständerna
920 1348 47 20 icke

149 1380 50 16 vore
214 1374 131 27 berättigade
361 1376 32 19 att
407 1374 27 26 gå
449 1374 83 21 utöfver
546 1375 42 25 det,
604 1380 44 15 som
664 1375 59 21 Hans
739 1375 118 27 Kejserliga
868 1375 99 27 Majestät

149 1404 6 20 i
177 1403 158 26 propositionen
357 1402 115 27 föreslagit,
494 1402 43 21 kan
560 1403 76 21 sådant
656 1403 37 20 ske
708 1404 6 20 i
731 1403 38 21 den
785 1403 60 27 form,
861 1406 33 18 att
909 1406 58 18 stän-

149 1431 65 22 derna
236 1432 6 20 i
265 1431 166 27 underdånighet
450 1430 91 28 anhålla,
557 1434 32 19 att
604 1432 59 21 Hans
679 1432 100 27 Majestät
794 1432 66 23 måtte
874 1432 56 28 gifva
945 1433 22 22 åt

149 1461 68 21 denna
231 1460 101 27 paragraf
345 1461 7 20 i
368 1460 272 28 kommunalförfattningen
656 1467 81 16 samma
752 1461 91 28 omfång,
854 1468 46 15 som
910 1464 56 20 stän-

149 1489 65 22 derna
229 1491 70 20 ansett
314 1490 39 21 den
369 1489 52 22 böra
436 1489 67 22 hafva.
