1056 1770
312 114 161 44 Presteståndet
486 123 62 31 1877.
564 123 12 16 2
588 126 61 13 mars.
828 116 40 21 169

78 191 65 22 rande
166 190 75 28 vigsels
264 191 134 25 inställande;
415 197 46 15 men
478 191 35 21 det
528 191 55 21 visar
599 191 37 26 sig,
652 191 53 21 huru
721 191 58 21 svårt
795 197 47 15 man
858 191 38 21 har

78 222 32 19 att
132 220 90 21 försätta
238 219 30 26 sig
283 219 20 22 in
319 220 7 20 i
342 222 30 18 ett
388 222 45 23 nytt
449 221 5 19 i
471 222 88 19 motsats
574 220 30 21 till
621 220 36 21 det
672 220 67 26 gamla
755 225 34 16 om
805 219 39 21 ock
860 219 35 21 det

78 247 69 28 gamla
162 250 24 19 är
202 248 66 26 aldrig
283 249 23 20 sä
321 247 121 27 bristfälligt
457 248 38 21 och
511 247 118 22 sväfvande.

146 304 83 22 Doktor
252 304 160 25 Hornborg
436 305 65 26 ansäg
517 304 68 24 ocksä,
602 306 32 19 att
649 305 36 20 det
700 304 21 21 af
735 305 76 20 doktor
826 303 71 27 Bergh

78 332 119 28 föreslagna
212 333 95 27 tillägget
322 333 39 21 och
376 333 115 26 ändringen
506 333 46 21 icke
568 332 39 22 alls
623 333 67 21 skulle
706 333 87 26 bidraga
808 332 32 21 till
855 333 42 20 för-

79 361 103 22 enklande
205 361 38 22 och
266 364 96 19 närmare
382 361 156 22 bestämmande
553 361 22 22 af
589 361 71 26 saken,
675 363 52 20 utan
742 363 90 19 tvärtom
848 361 49 21 leda

78 390 32 21 till
133 396 25 16 en
181 390 105 27 labyrinth
308 390 22 21 af
351 390 69 21 alltför
436 391 111 21 minutiösa
562 390 39 21 och
617 389 128 28 detaljerade
760 389 137 22 föreskrifter.

78 419 84 22 Doktor
181 419 70 26 Bergh
274 419 55 21 hade
351 421 78 23 nämnt,
446 422 32 18 att
493 420 35 21 det
543 421 24 20 är
582 418 21 22 af
617 419 69 21 nöden
701 421 32 19 att
748 418 148 22 rättssökande

79 447 62 21 hafva
156 447 89 27 ledning.
276 448 42 21 Det
334 454 36 15 var
386 447 119 27 visserligen
521 450 47 19 sant
583 448 32 20 att
631 448 74 20 sädant
721 453 49 15 vore
786 447 21 21 af
821 447 74 25 nöden;

79 482 47 14 men
148 482 34 15 om
204 482 26 15 en
246 477 65 21 sädan
326 476 84 27 ledning
425 476 46 21 icke
486 476 57 22 leder
559 482 25 15 en
600 478 43 19 rätt
658 476 59 26 fram,
733 479 50 18 utan
800 476 26 24 pä
842 476 55 20 sido-

79 505 55 25 spär,
156 506 66 25 ansäg
244 505 80 21 talaren
348 505 120 21 densamma
491 505 56 26 tjena
568 504 31 21 till
622 505 107 26 ingenting
744 506 65 20 annat
823 506 26 19 än
865 506 32 19 alt

78 532 128 22 bortblanda
227 533 78 27 frågan.
336 533 42 21 För
393 534 30 21 sin
440 533 33 21 del
489 534 92 20 önskade
596 533 87 26 talaren,
700 536 32 18 att
747 533 62 21 dessa
823 532 74 27 tillägg

80 561 38 21 och
140 562 112 26 ändringar
272 562 46 21 icke
340 562 67 21 skulle
427 561 133 27 bordläggas,
577 562 38 21 och
631 562 59 21 detta
705 562 21 20 af
741 568 48 20 nyss
805 562 91 21 nämnda

80 590 68 22 orsak.
178 590 152 28 Anledningen,
354 590 83 22 hvarför
461 591 75 21 doktor
558 590 70 27 Bergh
643 590 104 22 framstält
761 590 36 21 sitt
813 590 84 26 förslag,

79 619 75 21 trodde
178 619 80 21 talaren
282 626 50 15 vara
355 620 46 25 den,
427 622 31 19 att
473 620 48 21 herr
537 619 98 26 doktorn,
651 620 68 20 säsom
735 620 42 20 han
793 618 103 22 särskilda

79 648 78 26 gänger
177 651 52 23 sagt,
250 648 65 27 ansäg
330 648 36 21 det
380 654 50 16 vara
445 649 129 26 nödvändigt
589 650 32 19 att
637 648 83 21 bevisen
735 648 45 21 frän
796 649 100 25 guvernö-

78 682 37 15 ren
132 676 102 24 deröfver,
250 680 31 18 att
296 677 79 26 borgen
391 677 67 21 blifvit
473 677 127 27 deponerad,
619 676 38 22 och
673 676 45 22 frän
735 677 99 21 domaren
851 676 46 21 der-

80 704 56 22 öfver
163 708 31 18 att
218 706 105 26 stämning
344 705 67 22 blifvit
433 709 93 23 uttagen,
543 706 32 27 på
597 712 82 14 samma
700 707 57 26 gång
773 706 77 21 företes
865 705 33 21 för

79 733 153 27 kyrkoherden.
263 735 64 21 Detta
342 740 37 15 var
394 735 60 25 dock,
470 735 67 21 sävidt
553 734 81 22 talaren
649 734 70 21 kunde
734 735 50 26 inse,
799 734 46 22 icke
861 734 36 20 nä-

78 762 113 27 gonstädes
213 763 67 35 sagdt.
310 763 46 21 Den
375 763 98 28 jäfvande
495 763 40 21 fick
554 763 69 21 lemna
639 763 60 21 dessa
714 763 58 21 bevis
787 763 27 27 pä
829 762 68 21 skilda

79 791 55 22 tider
161 791 51 21 eller
239 792 27 26 pä
291 798 80 16 samma
390 793 61 26 gång,
475 792 38 21 allt
534 792 53 21 huru
603 792 41 21 han
660 792 115 26 behagade,
793 792 52 21 blott
862 791 35 21 det

79 820 79 22 skedde
183 820 54 28 inom
264 821 72 21 trettio
358 820 63 28 dagar
437 821 52 21 efter
505 821 33 21 det
554 821 82 26 lysning
652 820 27 21 bli
681 808 46 33 fvit
734 820 67 28 tredje
816 820 82 32 gängen

80 849 112 21 afkunnad.
222 844 91 27 Äfvensä
328 849 48 22 ville
384 837 87 34 talaren
488 852 31 19 att
533 849 86 22 alldeles
635 849 106 21 bestämdt
757 851 100 23 motsätta
867 848 31 26 sig

80 878 76 21 doktor
171 878 81 25 Berghs
267 880 83 19 senaste
365 878 99 28 yrkande,
476 881 30 18 att
519 878 80 21 beviset
609 878 45 21 från
665 878 99 21 domaren
776 878 45 21 icke
832 864 66 35 borde

79 906 89 23 behöfva
195 906 79 22 lemnas
298 907 56 21 inom
380 907 73 21 trettio
479 907 64 27 dagar
566 907 53 21 efter
634 907 66 26 tredje
716 906 114 28 lysningen,
846 908 51 19 utan

80 937 56 21 inom
161 935 180 27 stämningstiden.
372 935 128 28 Härigenom
525 935 68 22 skulle
619 935 107 28 ingenting
747 938 65 19 annat
827 935 71 22 åstad-

79 965 95 22 kommas
190 966 25 19 än
232 967 31 18 att
279 964 79 27 vigseln
374 965 67 21 skulle
457 965 65 27 draga
537 967 56 19 ännu
607 964 73 27 längre
694 967 24 18 ut
733 965 27 26 på
775 965 64 20 tiden.
865 964 33 21 Då

79 1001 28 14 nu
128 999 25 16 en
176 993 96 21 bestämd
296 994 30 21 tid
352 1000 36 15 var
403 993 124 28 föreslagen,
543 994 38 21 och
598 999 25 16 en
638 993 80 27 ganska
733 993 112 27 tillräcklig
860 992 37 26 tid,

78 1025 57 19 inom
151 1021 84 22 hvilken
251 1023 59 21 detta
325 1023 57 22 bevis
397 1023 39 21 bör
451 1023 107 26 inlemnas,
574 1022 71 27 tyckte
657 1022 88 25 talaren,
758 1025 31 18 att
802 1022 35 21 det
849 1027 49 15 vore

80 1051 97 28 temligen
194 1050 62 22 hårdt
271 1054 44 19 mot
330 1051 179 22 kontrahenterna
524 1054 31 19 att
571 1057 25 15 en
613 1051 172 26 krångelmakare
800 1050 67 21 skulle
878 1050 21 21 få

80 1080 75 21 hindra
171 1080 45 21 dem
234 1080 45 21 från
296 1081 60 20 deras
372 1079 69 28 lofliga
457 1080 121 27 äktenskap.
610 1079 87 22 Talaren
710 1079 47 22 ville
767 1079 88 26 således,
867 1081 32 18 att

80 1109 36 21 det
131 1109 67 21 skulle
213 1109 97 21 förblifva
326 1109 32 21 vid
374 1109 55 21 hvad
444 1109 143 21 betänkandet
602 1108 71 21 enkelt
688 1109 38 20 och
742 1108 106 21 bestämdt
863 1107 36 21 sti-

80 1138 84 26 pulerar
180 1137 5 21 i
202 1138 58 21 detta
275 1137 42 22 fall.

149 1195 110 21 Professor
282 1195 142 21 Forsman
448 1194 53 27 ville,
523 1195 27 20 då
567 1195 34 20 det
617 1194 100 21 förefallit
731 1194 82 21 talaren
829 1193 69 22 såsom

81 1230 33 15 om
139 1223 146 22 diskussionen
309 1229 33 16 om
366 1223 24 22 de
413 1223 76 22 hittills
512 1223 159 27 ifrågavarande
691 1223 85 21 sidorna
791 1223 22 21 af
826 1222 73 25 saken,

82 1252 66 22 skulle
164 1253 56 20 varit
234 1252 7 21 i
257 1253 35 20 det
308 1254 106 19 närmaste
429 1251 96 26 slutförd,
542 1253 76 20 beröra
633 1251 64 28 några
713 1254 80 19 smärre
808 1251 91 27 punkter

82 1287 44 15 som
149 1281 46 21 icke
218 1285 70 22 syntes
311 1281 81 21 talaren
416 1282 43 19 rätt
473 1281 34 20 väl
522 1281 123 21 stiliserade.
677 1280 89 21 Talaren
781 1280 48 21 ville
844 1279 55 22 fästa

81 1310 31 26 sig
127 1309 34 21 vid
177 1309 107 26 uttrycket
300 1325 9 9 ,
314 1309 61 21 ställe
391 1309 38 21 ock
440 1309 38 21 hos
490 1309 108 27 kejsarens
611 1308 229 27 befallningshafvande
851 1308 49 20 bor-

81 1344 40 20 gen
144 1338 32 20 för
199 1338 28 20 all
250 1338 66 20 skada
331 1338 39 20 och
385 1338 110 20 kostnad”.
525 1338 41 21 Det
582 1338 61 20 torde
658 1344 51 14 vara
723 1337 66 26 fallet,
805 1338 32 19 att
852 1336 48 21 med

82 1367 108 26 kejsarens
212 1366 229 26 befallningshafvande
465 1372 71 15 menas
558 1368 131 22 guvernören
706 1366 6 20 i
728 1366 63 25 länet,
807 1365 39 21 och
863 1367 38 19 ön-

82 1395 65 19 skade
163 1395 81 19 talaren
260 1394 125 26 upplysning
401 1395 23 19 af
437 1394 53 24 dem,
507 1400 44 14 som
564 1400 74 19 genom
650 1394 120 20 erfarenhet
780 1400 51 14 voro
842 1400 59 14 mera

82 1422 110 26 förtrogna
207 1422 47 20 med
270 1424 77 23 ämnet,
362 1421 104 21 huruvida
481 1422 36 20 det
531 1422 70 20 kunde
616 1427 61 15 anses
692 1421 107 26 oafvisligt
809 1421 92 20 nödvän-

83 1450 51 27 digt,
157 1454 32 17 att
212 1450 68 21 denna
304 1450 78 26 borgen
397 1450 55 20 skall
467 1450 74 21 ställas
555 1450 43 26 just
613 1449 38 21 hos
666 1451 131 24 guvernören
813 1449 6 20 i
835 1449 64 20 länet.

83 1479 65 22 Detta
163 1479 116 26 stadgande
294 1478 84 22 föreföll
393 1478 82 22 talaren
491 1479 6 21 i
512 1479 66 26 några
593 1478 35 21 fall
641 1478 80 21 mindre
732 1478 101 26 lämpligt,
847 1478 55 26 isyn-

83 1509 74 21 nerhet
180 1508 64 21 sedan
261 1508 25 21 de
302 1508 157 26 bestämningar
474 1508 86 26 inträdt,
576 1513 45 15 som
638 1507 39 21 den
693 1513 41 21 nya
749 1506 151 26 författningen
