<?xml version="1.0" encoding="UTF-8"?>
<alto xmlns="http://www.loc.gov/standards/alto/ns-v3#" xmlns:xlink="http://www.w3.org/1999/xlink" xmlns:xsi="http://www.w3.org/2001/XMLSchema-instance" xsi:schemaLocation="http://www.loc.gov/standards/alto/ns-v3# http://www.loc.gov/alto/v3/alto-3-0.xsd">
	<Description>
		<MeasurementUnit>pixel</MeasurementUnit>
		<sourceImageInformation>
			<fileName>/tmp/tess_wccs4ais_input.PNG</fileName>
		</sourceImageInformation>
		<OCRProcessing ID="OCR_0">
			<ocrProcessingStep>
				<processingSoftware>
					<softwareName>tesseract 5.3.4</softwareName>
				</processingSoftware>
			</ocrProcessingStep>
		</OCRProcessing>
	</Description>
	<Layout>
		<Page WIDTH="1053" HEIGHT="1828" PHYSICAL_IMG_NR="0" ID="page_0">
			<PrintSpace HPOS="0" VPOS="0" WIDTH="1053" HEIGHT="1828">
				<ComposedBlock ID="cblock_0" HPOS="184" VPOS="135" WIDTH="554" HEIGHT="25">
					<TextBlock ID="block_0" HPOS="184" VPOS="135" WIDTH="554" HEIGHT="25">
						<TextLine ID="line_0" HPOS="184" VPOS="135" WIDTH="554" HEIGHT="25">
							<String ID="string_0" HPOS="184" VPOS="135" WIDTH="41" HEIGHT="22" WC="0.96" CONTENT="496"/><SP WIDTH="168" VPOS="135" HPOS="225"/>
							<String ID="string_1" HPOS="393" VPOS="139" WIDTH="158" HEIGHT="18" WC="0.91" CONTENT="Presteståndet"/><SP WIDTH="13" VPOS="139" HPOS="551"/>
							<String ID="string_2" HPOS="564" VPOS="140" WIDTH="55" HEIGHT="17" WC="0.94" CONTENT="1877."/><SP WIDTH="21" VPOS="140" HPOS="619"/>
							<String ID="string_3" HPOS="640" VPOS="140" WIDTH="27" HEIGHT="16" WC="0.96" CONTENT="20"/><SP WIDTH="13" VPOS="140" HPOS="667"/>
							<String ID="string_4" HPOS="680" VPOS="140" WIDTH="58" HEIGHT="20" WC="0.80" CONTENT="april."/>
						</TextLine>
					</TextBlock>
				</ComposedBlock>
				<GraphicalElement ID="cblock_1" HPOS="155" VPOS="163" WIDTH="813" HEIGHT="13"></GraphicalElement >
				<ComposedBlock ID="cblock_2" HPOS="161" VPOS="205" WIDTH="812" HEIGHT="58">
					<TextBlock ID="block_1" HPOS="161" VPOS="205" WIDTH="812" HEIGHT="58">
						<TextLine ID="line_1" HPOS="224" VPOS="205" WIDTH="749" HEIGHT="26">
							<String ID="string_5" HPOS="224" VPOS="208" WIDTH="134" HEIGHT="23" WC="0.93" CONTENT="Berättelsen"/><SP WIDTH="22" VPOS="208" HPOS="358"/>
							<String ID="string_6" HPOS="380" VPOS="207" WIDTH="113" HEIGHT="22" WC="0.92" CONTENT="bordlades"/><SP WIDTH="20" VPOS="207" HPOS="493"/>
							<String ID="string_7" HPOS="513" VPOS="207" WIDTH="55" HEIGHT="22" WC="0.96" CONTENT="intill"/><SP WIDTH="23" VPOS="207" HPOS="568"/>
							<String ID="string_8" HPOS="591" VPOS="207" WIDTH="47" HEIGHT="21" WC="0.92" CONTENT="dess"/><SP WIDTH="15" VPOS="207" HPOS="638"/>
							<String ID="string_9" HPOS="653" VPOS="206" WIDTH="172" HEIGHT="22" WC="0.91" CONTENT="bankutskottets"/><SP WIDTH="16" VPOS="206" HPOS="825"/>
							<String ID="string_10" HPOS="841" VPOS="205" WIDTH="132" HEIGHT="22" WC="0.95" CONTENT="betänkande"/>
						</TextLine>
						<TextLine ID="line_2" HPOS="161" VPOS="234" WIDTH="615" HEIGHT="29">
							<String ID="string_11" HPOS="161" VPOS="237" WIDTH="57" HEIGHT="22" WC="0.89" CONTENT="öfver"/><SP WIDTH="14" VPOS="237" HPOS="218"/>
							<String ID="string_12" HPOS="232" VPOS="237" WIDTH="33" HEIGHT="22" WC="0.95" CONTENT="till"/><SP WIDTH="16" VPOS="237" HPOS="265"/>
							<String ID="string_13" HPOS="281" VPOS="237" WIDTH="117" HEIGHT="21" WC="0.93" CONTENT="detsamma"/><SP WIDTH="14" VPOS="237" HPOS="398"/>
							<String ID="string_14" HPOS="412" VPOS="236" WIDTH="127" HEIGHT="27" WC="0.90" CONTENT="hänskjutna"/><SP WIDTH="14" VPOS="236" HPOS="539"/>
							<String ID="string_15" HPOS="553" VPOS="235" WIDTH="92" HEIGHT="22" WC="0.96" CONTENT="ärenden"/><SP WIDTH="15" VPOS="235" HPOS="645"/>
							<String ID="string_16" HPOS="660" VPOS="234" WIDTH="116" HEIGHT="22" WC="0.95" CONTENT="inkommit."/>
						</TextLine>
					</TextBlock>
				</ComposedBlock>
				<ComposedBlock ID="cblock_3" HPOS="157" VPOS="376" WIDTH="818" HEIGHT="60">
					<TextBlock ID="block_2" HPOS="157" VPOS="376" WIDTH="818" HEIGHT="60">
						<TextLine ID="line_3" HPOS="225" VPOS="376" WIDTH="750" HEIGHT="28">
							<String ID="string_17" HPOS="225" VPOS="379" WIDTH="69" HEIGHT="22" WC="0.96" CONTENT="Sedan"/><SP WIDTH="23" VPOS="379" HPOS="294"/>
							<String ID="string_18" HPOS="317" VPOS="380" WIDTH="61" HEIGHT="20" WC="0.96" CONTENT="nästa"/><SP WIDTH="22" VPOS="380" HPOS="378"/>
							<String ID="string_19" HPOS="400" VPOS="379" WIDTH="155" HEIGHT="21" WC="0.96" CONTENT="sammanträde"/><SP WIDTH="23" VPOS="379" HPOS="555"/>
							<String ID="string_20" HPOS="578" VPOS="379" WIDTH="76" HEIGHT="21" WC="0.96" CONTENT="utsatts"/><SP WIDTH="16" VPOS="379" HPOS="654"/>
							<String ID="string_21" HPOS="670" VPOS="378" WIDTH="31" HEIGHT="21" WC="0.96" CONTENT="att"/><SP WIDTH="15" VPOS="378" HPOS="701"/>
							<String ID="string_22" HPOS="716" VPOS="379" WIDTH="49" HEIGHT="25" WC="0.96" CONTENT="taga"/><SP WIDTH="15" VPOS="379" HPOS="765"/>
							<String ID="string_23" HPOS="780" VPOS="377" WIDTH="32" HEIGHT="21" WC="0.96" CONTENT="sin"/><SP WIDTH="15" VPOS="377" HPOS="812"/>
							<String ID="string_24" HPOS="827" VPOS="376" WIDTH="73" HEIGHT="28" WC="0.96" CONTENT="början"/><SP WIDTH="15" VPOS="376" HPOS="900"/>
							<String ID="string_25" HPOS="915" VPOS="377" WIDTH="7" HEIGHT="21" WC="0.93" CONTENT="i"/><SP WIDTH="15" VPOS="377" HPOS="922"/>
							<String ID="string_26" HPOS="937" VPOS="376" WIDTH="38" HEIGHT="23" WC="0.92" CONTENT="fre-"/>
						</TextLine>
						<TextLine ID="line_4" HPOS="157" VPOS="406" WIDTH="692" HEIGHT="30">
							<String ID="string_27" HPOS="157" VPOS="408" WIDTH="40" HEIGHT="28" WC="0.96" CONTENT="dag"/><SP WIDTH="21" VPOS="408" HPOS="197"/>
							<String ID="string_28" HPOS="218" VPOS="408" WIDTH="90" HEIGHT="23" WC="0.96" CONTENT="klockan"/><SP WIDTH="17" VPOS="408" HPOS="308"/>
							<String ID="string_29" HPOS="325" VPOS="408" WIDTH="27" HEIGHT="21" WC="0.91" CONTENT="10"/><SP WIDTH="22" VPOS="408" HPOS="352"/>
							<String ID="string_30" HPOS="374" VPOS="407" WIDTH="12" HEIGHT="23" WC="0.88" CONTENT="f."/><SP WIDTH="17" VPOS="407" HPOS="386"/>
							<String ID="string_31" HPOS="403" VPOS="414" WIDTH="34" HEIGHT="21" WC="0.89" CONTENT="m.,"/><SP WIDTH="16" VPOS="414" HPOS="437"/>
							<String ID="string_32" HPOS="453" VPOS="408" WIDTH="51" HEIGHT="22" WC="0.96" CONTENT="slöts"/><SP WIDTH="17" VPOS="408" HPOS="504"/>
							<String ID="string_33" HPOS="521" VPOS="407" WIDTH="106" HEIGHT="22" WC="0.96" CONTENT="sessionen"/><SP WIDTH="15" VPOS="407" HPOS="627"/>
							<String ID="string_34" HPOS="642" VPOS="406" WIDTH="28" HEIGHT="22" WC="0.94" CONTENT="kl."/><SP WIDTH="19" VPOS="406" HPOS="670"/>
							<String ID="string_35" HPOS="689" VPOS="407" WIDTH="25" HEIGHT="21" WC="0.96" CONTENT="12"/><SP WIDTH="17" VPOS="407" HPOS="714"/>
							<String ID="string_36" HPOS="731" VPOS="406" WIDTH="118" HEIGHT="27" WC="0.96" CONTENT="middagen."/>
						</TextLine>
					</TextBlock>
				</ComposedBlock>
				<ComposedBlock ID="cblock_4" HPOS="642" VPOS="463" WIDTH="265" HEIGHT="62">
					<TextBlock ID="block_3" HPOS="642" VPOS="463" WIDTH="265" HEIGHT="62">
						<TextLine ID="line_5" HPOS="723" VPOS="463" WIDTH="94" HEIGHT="18">
							<String ID="string_37" HPOS="723" VPOS="463" WIDTH="22" HEIGHT="18" WC="0.96" CONTENT="In"/><SP WIDTH="11" VPOS="463" HPOS="745"/>
							<String ID="string_38" HPOS="756" VPOS="463" WIDTH="61" HEIGHT="18" WC="0.96" CONTENT="fidem:"/>
						</TextLine>
						<TextLine ID="line_6" HPOS="642" VPOS="497" WIDTH="265" HEIGHT="28">
							<String ID="string_39" HPOS="642" VPOS="497" WIDTH="51" HEIGHT="22" WC="0.96" CONTENT="Carl"/><SP WIDTH="15" VPOS="497" HPOS="693"/>
							<String ID="string_40" HPOS="708" VPOS="497" WIDTH="50" HEIGHT="22" WC="0.92" CONTENT="Joh."/><SP WIDTH="16" VPOS="497" HPOS="758"/>
							<String ID="string_41" HPOS="774" VPOS="497" WIDTH="133" HEIGHT="28" WC="0.91" CONTENT="Lindeqvist."/>
						</TextLine>
					</TextBlock>
				</ComposedBlock>
				<ComposedBlock ID="cblock_5" HPOS="277" VPOS="669" WIDTH="586" HEIGHT="35">
					<TextBlock ID="block_4" HPOS="277" VPOS="669" WIDTH="586" HEIGHT="35">
						<TextLine ID="line_7" HPOS="277" VPOS="669" WIDTH="586" HEIGHT="35">
							<String ID="string_42" HPOS="277" VPOS="670" WIDTH="154" HEIGHT="34" WC="0.96" CONTENT="Fredagen"/><SP WIDTH="19" VPOS="670" HPOS="431"/>
							<String ID="string_43" HPOS="450" VPOS="671" WIDTH="57" HEIGHT="27" WC="0.96" CONTENT="den"/><SP WIDTH="18" VPOS="671" HPOS="507"/>
							<String ID="string_44" HPOS="525" VPOS="670" WIDTH="36" HEIGHT="27" WC="0.96" CONTENT="20"/><SP WIDTH="17" VPOS="670" HPOS="561"/>
							<String ID="string_45" HPOS="578" VPOS="669" WIDTH="81" HEIGHT="35" WC="0.96" CONTENT="april"/><SP WIDTH="17" VPOS="669" HPOS="659"/>
							<String ID="string_46" HPOS="676" VPOS="670" WIDTH="40" HEIGHT="27" WC="0.95" CONTENT="kl."/><SP WIDTH="19" VPOS="670" HPOS="716"/>
							<String ID="string_47" HPOS="735" VPOS="670" WIDTH="32" HEIGHT="27" WC="0.92" CONTENT="11"/><SP WIDTH="19" VPOS="670" HPOS="767"/>
							<String ID="string_48" HPOS="786" VPOS="670" WIDTH="22" HEIGHT="27" WC="0.90" CONTENT="f."/><SP WIDTH="18" VPOS="670" HPOS="808"/>
							<String ID="string_49" HPOS="826" VPOS="677" WIDTH="37" HEIGHT="20" WC="0.91" CONTENT="m."/>
						</TextLine>
					</TextBlock>
				</ComposedBlock>
				<ComposedBlock ID="cblock_6" HPOS="159" VPOS="739" WIDTH="820" HEIGHT="51">
					<TextBlock ID="block_5" HPOS="159" VPOS="739" WIDTH="820" HEIGHT="51">
						<TextLine ID="line_8" HPOS="227" VPOS="739" WIDTH="752" HEIGHT="27">
							<String ID="string_50" HPOS="227" VPOS="739" WIDTH="89" HEIGHT="23" WC="0.96" CONTENT="Plenum"/><SP WIDTH="16" VPOS="739" HPOS="316"/>
							<String ID="string_51" HPOS="332" VPOS="740" WIDTH="107" HEIGHT="26" WC="0.96" CONTENT="öppnades"/><SP WIDTH="15" VPOS="740" HPOS="439"/>
							<String ID="string_52" HPOS="454" VPOS="740" WIDTH="48" HEIGHT="21" WC="0.96" CONTENT="med"/><SP WIDTH="15" VPOS="740" HPOS="502"/>
							<String ID="string_53" HPOS="517" VPOS="740" WIDTH="42" HEIGHT="21" WC="0.96" CONTENT="bön"/><SP WIDTH="15" VPOS="740" HPOS="559"/>
							<String ID="string_54" HPOS="574" VPOS="740" WIDTH="27" HEIGHT="26" WC="0.96" CONTENT="på"/><SP WIDTH="12" VPOS="740" HPOS="601"/>
							<String ID="string_55" HPOS="613" VPOS="739" WIDTH="67" HEIGHT="22" WC="0.96" CONTENT="finska"/><SP WIDTH="15" VPOS="739" HPOS="680"/>
							<String ID="string_56" HPOS="695" VPOS="739" WIDTH="86" HEIGHT="27" WC="0.96" CONTENT="språket"/><SP WIDTH="15" VPOS="739" HPOS="781"/>
							<String ID="string_57" HPOS="796" VPOS="739" WIDTH="22" HEIGHT="22" WC="0.97" CONTENT="af"/><SP WIDTH="13" VPOS="739" HPOS="818"/>
							<String ID="string_58" HPOS="831" VPOS="740" WIDTH="73" HEIGHT="26" WC="0.96" CONTENT="pastor"/><SP WIDTH="21" VPOS="740" HPOS="904"/>
							<String ID="string_59" HPOS="925" VPOS="739" WIDTH="16" HEIGHT="21" WC="0.91" CONTENT="W"/><SP WIDTH="12" VPOS="739" HPOS="941"/>
							<String ID="string_60" HPOS="953" VPOS="745" WIDTH="26" HEIGHT="15" WC="0.91" CONTENT="e-"/>
						</TextLine>
						<TextLine ID="line_9" HPOS="159" VPOS="768" WIDTH="151" HEIGHT="22">
							<String ID="string_61" HPOS="159" VPOS="768" WIDTH="151" HEIGHT="22" WC="0.91" CONTENT="sterlund."/>
						</TextLine>
					</TextBlock>
				</ComposedBlock>
				<ComposedBlock ID="cblock_7" HPOS="161" VPOS="910" WIDTH="820" HEIGHT="86">
					<TextBlock ID="block_6" HPOS="161" VPOS="910" WIDTH="820" HEIGHT="86">
						<TextLine ID="line_10" HPOS="228" VPOS="910" WIDTH="753" HEIGHT="28">
							<String ID="string_62" HPOS="228" VPOS="911" WIDTH="40" HEIGHT="22" WC="0.92" CONTENT="Vid"/><SP WIDTH="23" VPOS="911" HPOS="268"/>
							<String ID="string_63" HPOS="291" VPOS="911" WIDTH="52" HEIGHT="22" WC="0.91" CONTENT="härå"/><SP WIDTH="19" VPOS="911" HPOS="343"/>
							<String ID="string_64" HPOS="362" VPOS="910" WIDTH="61" HEIGHT="22" WC="0.92" CONTENT="skedt"/><SP WIDTH="22" VPOS="910" HPOS="423"/>
							<String ID="string_65" HPOS="445" VPOS="917" WIDTH="81" HEIGHT="21" WC="0.93" CONTENT="upprop"/><SP WIDTH="19" VPOS="917" HPOS="526"/>
							<String ID="string_66" HPOS="545" VPOS="910" WIDTH="102" HEIGHT="22" WC="0.92" CONTENT="befunnos"/><SP WIDTH="15" VPOS="910" HPOS="647"/>
							<String ID="string_67" HPOS="662" VPOS="911" WIDTH="94" HEIGHT="22" WC="0.89" CONTENT="ståndets"/><SP WIDTH="15" VPOS="911" HPOS="756"/>
							<String ID="string_68" HPOS="771" VPOS="911" WIDTH="96" HEIGHT="27" WC="0.92" CONTENT="samtlige"/><SP WIDTH="15" VPOS="911" HPOS="867"/>
							<String ID="string_69" HPOS="882" VPOS="912" WIDTH="99" HEIGHT="21" WC="0.90" CONTENT="medlem-"/>
						</TextLine>
						<TextLine ID="line_11" HPOS="161" VPOS="939" WIDTH="820" HEIGHT="28">
							<String ID="string_70" HPOS="161" VPOS="947" WIDTH="45" HEIGHT="15" WC="0.91" CONTENT="mar"/><SP WIDTH="22" VPOS="947" HPOS="206"/>
							<String ID="string_71" HPOS="228" VPOS="940" WIDTH="104" HEIGHT="22" WC="0.91" CONTENT="tillstädes"/><SP WIDTH="24" VPOS="940" HPOS="332"/>
							<String ID="string_72" HPOS="356" VPOS="940" WIDTH="48" HEIGHT="21" WC="0.96" CONTENT="med"/><SP WIDTH="20" VPOS="940" HPOS="404"/>
							<String ID="string_73" HPOS="424" VPOS="940" WIDTH="108" HEIGHT="27" WC="0.95" CONTENT="undantag"/><SP WIDTH="21" VPOS="940" HPOS="532"/>
							<String ID="string_74" HPOS="553" VPOS="939" WIDTH="22" HEIGHT="22" WC="0.96" CONTENT="af"/><SP WIDTH="20" VPOS="939" HPOS="575"/>
							<String ID="string_75" HPOS="595" VPOS="939" WIDTH="149" HEIGHT="28" WC="0.93" CONTENT="kyrkoherden"/><SP WIDTH="23" VPOS="939" HPOS="744"/>
							<String ID="string_76" HPOS="767" VPOS="939" WIDTH="107" HEIGHT="28" WC="0.92" CONTENT="Bäckvall,"/><SP WIDTH="15" VPOS="939" HPOS="874"/>
							<String ID="string_77" HPOS="889" VPOS="946" WIDTH="46" HEIGHT="16" WC="0.96" CONTENT="som"/><SP WIDTH="15" VPOS="946" HPOS="935"/>
							<String ID="string_78" HPOS="950" VPOS="940" WIDTH="31" HEIGHT="21" WC="0.96" CONTENT="för"/>
						</TextLine>
						<TextLine ID="line_12" HPOS="161" VPOS="969" WIDTH="408" HEIGHT="27">
							<String ID="string_79" HPOS="161" VPOS="969" WIDTH="84" HEIGHT="22" WC="0.96" CONTENT="anmäld"/><SP WIDTH="15" VPOS="969" HPOS="245"/>
							<String ID="string_80" HPOS="260" VPOS="969" WIDTH="97" HEIGHT="27" WC="0.96" CONTENT="sjukdom"/><SP WIDTH="16" VPOS="969" HPOS="357"/>
							<String ID="string_81" HPOS="373" VPOS="975" WIDTH="37" HEIGHT="14" WC="0.96" CONTENT="var"/><SP WIDTH="14" VPOS="975" HPOS="410"/>
							<String ID="string_82" HPOS="424" VPOS="969" WIDTH="145" HEIGHT="21" WC="0.96" CONTENT="frånvarande."/>
						</TextLine>
					</TextBlock>
				</ComposedBlock>
				<ComposedBlock ID="cblock_8" HPOS="162" VPOS="1110" WIDTH="820" HEIGHT="51">
					<TextBlock ID="block_7" HPOS="162" VPOS="1110" WIDTH="820" HEIGHT="51">
						<TextLine ID="line_13" HPOS="230" VPOS="1110" WIDTH="752" HEIGHT="28">
							<String ID="string_83" HPOS="230" VPOS="1110" WIDTH="39" HEIGHT="22" WC="0.96" CONTENT="Till"/><SP WIDTH="20" VPOS="1110" HPOS="269"/>
							<String ID="string_84" HPOS="289" VPOS="1110" WIDTH="103" HEIGHT="28" WC="0.93" CONTENT="justering"/><SP WIDTH="22" VPOS="1110" HPOS="392"/>
							<String ID="string_85" HPOS="414" VPOS="1110" WIDTH="108" HEIGHT="28" WC="0.92" CONTENT="upplästes"/><SP WIDTH="21" VPOS="1110" HPOS="522"/>
							<String ID="string_86" HPOS="543" VPOS="1110" WIDTH="104" HEIGHT="22" WC="0.94" CONTENT="särskilda"/><SP WIDTH="23" VPOS="1110" HPOS="647"/>
							<String ID="string_87" HPOS="670" VPOS="1110" WIDTH="76" HEIGHT="27" WC="0.96" CONTENT="utdrag"/><SP WIDTH="20" VPOS="1110" HPOS="746"/>
							<String ID="string_88" HPOS="766" VPOS="1117" WIDTH="26" HEIGHT="15" WC="0.95" CONTENT="ur"/><SP WIDTH="14" VPOS="1117" HPOS="792"/>
							<String ID="string_89" HPOS="806" VPOS="1110" WIDTH="129" HEIGHT="28" WC="0.94" CONTENT="protokollet"/><SP WIDTH="16" VPOS="1110" HPOS="935"/>
							<String ID="string_90" HPOS="951" VPOS="1110" WIDTH="31" HEIGHT="23" WC="0.96" CONTENT="för"/>
						</TextLine>
						<TextLine ID="line_14" HPOS="162" VPOS="1140" WIDTH="182" HEIGHT="21">
							<String ID="string_91" HPOS="162" VPOS="1140" WIDTH="40" HEIGHT="21" WC="0.96" CONTENT="den"/><SP WIDTH="16" VPOS="1140" HPOS="202"/>
							<String ID="string_92" HPOS="218" VPOS="1140" WIDTH="26" HEIGHT="21" WC="0.96" CONTENT="17"/><SP WIDTH="16" VPOS="1140" HPOS="244"/>
							<String ID="string_93" HPOS="260" VPOS="1140" WIDTH="84" HEIGHT="21" WC="0.96" CONTENT="dennes."/>
						</TextLine>
					</TextBlock>
				</ComposedBlock>
				<ComposedBlock ID="cblock_9" HPOS="163" VPOS="1276" WIDTH="823" HEIGHT="112">
					<TextBlock ID="block_8" HPOS="163" VPOS="1276" WIDTH="823" HEIGHT="112">
						<TextLine ID="line_15" HPOS="231" VPOS="1276" WIDTH="753" HEIGHT="28">
							<String ID="string_94" HPOS="231" VPOS="1276" WIDTH="121" HEIGHT="26" WC="0.93" CONTENT="Föredrogs"/><SP WIDTH="23" VPOS="1276" HPOS="352"/>
							<String ID="string_95" HPOS="375" VPOS="1276" WIDTH="214" HEIGHT="22" WC="0.89" CONTENT="ekonomiutskottets"/><SP WIDTH="20" VPOS="1276" HPOS="589"/>
							<String ID="string_96" HPOS="609" VPOS="1276" WIDTH="77" HEIGHT="27" WC="0.95" CONTENT="förslag"/><SP WIDTH="16" VPOS="1276" HPOS="686"/>
							<String ID="string_97" HPOS="702" VPOS="1276" WIDTH="31" HEIGHT="21" WC="0.93" CONTENT="till"/><SP WIDTH="15" VPOS="1276" HPOS="733"/>
							<String ID="string_98" HPOS="748" VPOS="1276" WIDTH="201" HEIGHT="28" WC="0.90" CONTENT="sammanjemkning"/><SP WIDTH="14" VPOS="1276" HPOS="949"/>
							<String ID="string_99" HPOS="963" VPOS="1277" WIDTH="21" HEIGHT="21" WC="0.96" CONTENT="af"/>
						</TextLine>
						<TextLine ID="line_16" HPOS="164" VPOS="1304" WIDTH="820" HEIGHT="28">
							<String ID="string_100" HPOS="164" VPOS="1305" WIDTH="26" HEIGHT="21" WC="0.96" CONTENT="de"/><SP WIDTH="16" VPOS="1305" HPOS="190"/>
							<String ID="string_101" HPOS="206" VPOS="1304" WIDTH="56" HEIGHT="22" WC="0.96" CONTENT="olika"/><SP WIDTH="14" VPOS="1304" HPOS="262"/>
							<String ID="string_102" HPOS="276" VPOS="1305" WIDTH="78" HEIGHT="24" WC="0.96" CONTENT="beslut,"/><SP WIDTH="15" VPOS="1305" HPOS="354"/>
							<String ID="string_103" HPOS="369" VPOS="1305" WIDTH="7" HEIGHT="21" WC="0.96" CONTENT="i"/><SP WIDTH="15" VPOS="1305" HPOS="376"/>
							<String ID="string_104" HPOS="391" VPOS="1305" WIDTH="71" HEIGHT="21" WC="0.96" CONTENT="hvilka"/><SP WIDTH="15" VPOS="1305" HPOS="462"/>
							<String ID="string_105" HPOS="477" VPOS="1306" WIDTH="89" HEIGHT="21" WC="0.96" CONTENT="stånden"/><SP WIDTH="15" VPOS="1306" HPOS="566"/>
							<String ID="string_106" HPOS="581" VPOS="1306" WIDTH="85" HEIGHT="21" WC="0.96" CONTENT="stannat"/><SP WIDTH="15" VPOS="1306" HPOS="666"/>
							<String ID="string_107" HPOS="681" VPOS="1305" WIDTH="34" HEIGHT="21" WC="0.96" CONTENT="vid"/><SP WIDTH="15" VPOS="1305" HPOS="715"/>
							<String ID="string_108" HPOS="730" VPOS="1305" WIDTH="155" HEIGHT="27" WC="0.96" CONTENT="behandlingen"/><SP WIDTH="10" VPOS="1305" HPOS="885"/>
							<String ID="string_109" HPOS="895" VPOS="1305" WIDTH="21" HEIGHT="22" WC="0.96" CONTENT="af"/><SP WIDTH="9" VPOS="1305" HPOS="916"/>
							<String ID="string_110" HPOS="925" VPOS="1306" WIDTH="59" HEIGHT="21" WC="0.96" CONTENT="Hans"/>
						</TextLine>
						<TextLine ID="line_17" HPOS="163" VPOS="1333" WIDTH="823" HEIGHT="28">
							<String ID="string_111" HPOS="163" VPOS="1333" WIDTH="118" HEIGHT="27" WC="0.96" CONTENT="Kejserliga"/><SP WIDTH="25" VPOS="1333" HPOS="281"/>
							<String ID="string_112" HPOS="306" VPOS="1333" WIDTH="110" HEIGHT="27" WC="0.96" CONTENT="Majestäts"/><SP WIDTH="23" VPOS="1333" HPOS="416"/>
							<String ID="string_113" HPOS="439" VPOS="1334" WIDTH="77" HEIGHT="26" WC="0.96" CONTENT="nådiga"/><SP WIDTH="22" VPOS="1334" HPOS="516"/>
							<String ID="string_114" HPOS="538" VPOS="1333" WIDTH="131" HEIGHT="28" WC="0.96" CONTENT="proposition"/><SP WIDTH="22" VPOS="1333" HPOS="669"/>
							<String ID="string_115" HPOS="691" VPOS="1334" WIDTH="109" HEIGHT="26" WC="0.95" CONTENT="angående"/><SP WIDTH="23" VPOS="1334" HPOS="800"/>
							<String ID="string_116" HPOS="823" VPOS="1334" WIDTH="116" HEIGHT="22" WC="0.95" CONTENT="ordnandet"/><SP WIDTH="24" VPOS="1334" HPOS="939"/>
							<String ID="string_117" HPOS="963" VPOS="1334" WIDTH="23" HEIGHT="22" WC="0.96" CONTENT="af"/>
						</TextLine>
						<TextLine ID="line_18" HPOS="163" VPOS="1362" WIDTH="384" HEIGHT="26">
							<String ID="string_118" HPOS="163" VPOS="1362" WIDTH="270" HEIGHT="26" WC="0.92" CONTENT="häradspostinrättningen"/><SP WIDTH="15" VPOS="1362" HPOS="433"/>
							<String ID="string_119" HPOS="448" VPOS="1362" WIDTH="7" HEIGHT="21" WC="0.96" CONTENT="i"/><SP WIDTH="14" VPOS="1362" HPOS="455"/>
							<String ID="string_120" HPOS="469" VPOS="1362" WIDTH="78" HEIGHT="22" WC="0.95" CONTENT="landet."/>
						</TextLine>
					</TextBlock>
				</ComposedBlock>
				<ComposedBlock ID="cblock_10" HPOS="231" VPOS="1418" WIDTH="123" HEIGHT="22">
					<TextBlock ID="block_9" HPOS="231" VPOS="1418" WIDTH="123" HEIGHT="22">
						<TextLine ID="line_19" HPOS="231" VPOS="1418" WIDTH="123" HEIGHT="22">
							<String ID="string_121" HPOS="231" VPOS="1418" WIDTH="123" HEIGHT="22" WC="0.92" CONTENT="Bordlades."/>
						</TextLine>
					</TextBlock>
				</ComposedBlock>
			</PrintSpace>
		</Page>
	</Layout>
</alto>
