1064 1803
326 126 159 19 Presteståndet
498 127 52 17 1877.
574 128 12 16 6
599 127 49 17 febr.
841 122 26 21 45

146 194 38 21 Till
201 200 26 15 en
242 194 75 27 början
332 195 82 21 införde
430 195 18 26 ej
464 195 68 22 heller
546 195 163 22 reformationen
724 195 47 22 häri
783 196 69 26 någon
862 197 37 20 vä-

78 223 91 26 sendtlig
188 222 129 27 förändring,
338 225 29 25 ty,
383 223 101 22 ehuruväl
499 223 182 28 nationalspråket
696 225 23 20 så
734 224 32 21 till
781 225 48 20 vida
844 230 55 15 vann

78 251 143 26 erkännande,
237 253 31 19 att
283 252 36 20 det
335 251 76 28 ansågs
426 252 72 21 kunna
513 253 39 20 och
565 253 53 20 böra
626 252 56 26 gifva
692 252 86 27 uttryck
788 253 22 20 åt
820 252 79 21 folkets

77 279 99 26 religiösa
191 280 146 25 medvetande,
353 279 79 22 förblef
446 281 54 21 dock
516 281 74 21 latinet
604 281 130 20 fortfarande
745 281 154 26 vetenskapens

79 307 39 22 och
133 307 86 21 skolans
234 307 69 27 språk.
327 308 38 21 Ett
380 309 74 26 utbyte
470 309 52 26 egde
537 309 75 21 endast
627 308 130 27 småningom
772 315 53 14 rum.
849 309 50 21 Men

78 335 6 22 i
99 342 81 15 samma
195 336 48 21 mån
259 336 97 26 svenska,
370 337 64 26 jemte
450 337 81 26 latinet,
547 343 54 15 vann
616 337 68 26 insteg
699 337 7 21 i
721 337 81 26 skolan,
817 337 81 21 försvå-

78 364 62 21 rades
162 364 135 27 naturligtvis
317 365 36 21 det
368 364 67 22 finska
450 365 87 21 barnets
552 365 94 21 tillträde
660 365 33 21 till
709 365 40 21 den
765 366 65 26 bögre
845 365 54 22 bild-

77 393 86 25 ningen;
187 394 23 25 ty
231 399 27 15 nu
281 395 74 25 tvangs
378 394 36 20 det
435 396 33 19 att
488 394 46 21 icke
555 394 91 21 allenast
660 394 72 26 afsäga
748 394 31 27 sig
794 395 36 20 det
845 400 54 20 egna

78 421 93 27 språket,
187 421 60 21 hvari
262 421 36 21 det
313 422 66 21 redan
394 422 41 21 lärt
450 422 32 27 sig
496 424 33 20 att
543 422 7 21 i
566 423 68 26 någon
644 422 49 22 mån
703 423 72 21 ikläda
785 423 31 21 sin
827 423 71 26 tanke,

78 452 52 18 utan
153 450 46 25 ock,
222 451 33 20 att
276 451 27 25 på
326 452 76 20 tvenne
417 451 63 26 olika,
496 451 129 21 fremmande
640 451 109 26 tungomål
764 452 88 25 tillegna
868 452 31 26 sig

77 478 98 22 vetande.
197 478 43 21 Det
255 478 91 27 menliga
361 480 7 20 i
383 481 31 19 ett
428 479 77 21 sådant
520 479 133 22 förhållande
668 480 106 21 erfordrar
788 480 62 26 ingen
865 482 34 18 ut-

77 506 106 28 läggning,
199 507 40 21 och
255 508 31 20 att
302 508 36 20 det
353 508 81 21 kunnat
449 508 109 26 uthärdas,
573 508 105 22 förklaras
688 508 76 21 endast
773 514 75 21 genom
858 508 40 21 den

77 535 123 21 häfdvunna
215 542 78 15 vanans
309 538 59 20 stora
383 537 64 21 makt.
470 537 72 21 Under
557 537 85 21 latinets
657 536 125 22 herravälde
796 537 54 21 hade
863 537 36 21 det

77 564 68 21 finska
160 564 67 21 folket
243 564 68 22 blifvit
327 565 61 26 bragt
404 565 86 27 derhän,
504 568 32 18 att
547 566 34 20 det
592 565 126 22 betraktade
729 566 37 20 sitt
776 569 48 23 eget
834 565 65 27 språk

78 593 75 20 endast
173 593 69 21 såsom
266 595 31 19 ett
311 593 117 27 folkidiom,
445 594 35 21 det
496 594 37 21 der
548 594 122 26 visserligen
684 594 94 21 förstods
793 594 23 21 af
829 594 70 21 barm-

77 621 70 27 hertig
163 621 54 27 Gud,
233 628 47 15 men
296 622 96 22 deremot
406 629 38 14 var
458 623 130 21 fremmande
604 623 32 21 för
648 622 68 22 denna
729 622 95 22 verldens
834 625 64 19 store.

77 650 33 21 Då
126 650 82 21 således
224 650 103 22 svenskan
343 651 53 21 efter
410 651 57 21 hand
483 659 25 14 ur
522 652 74 21 skolan
611 652 113 26 utträngde
739 652 75 21 latinet
829 651 70 22 såsom

77 679 233 27 undervisningsspråk,
323 680 62 27 fann
400 681 32 26 sig
445 680 68 21 folket
528 681 44 21 deri
588 681 23 20 så
626 681 83 26 mycket
723 686 65 20 mera,
801 687 44 14 som
856 682 43 19 tra-

78 707 93 21 ditionen
187 707 61 21 äfven
263 708 40 20 här
317 708 75 26 gjorde
406 709 32 25 sig
452 709 105 25 gällande,
573 709 6 21 i
594 709 36 21 det
642 711 32 19 att
684 709 74 21 skolan
769 709 130 21 fortfarande

79 738 94 24 emottog
189 736 36 21 det
239 736 68 22 finska
323 737 81 26 barnet,
419 740 55 18 samt
489 737 38 27 gaf
541 738 35 20 det
592 738 30 20 tid
638 739 32 19 att
684 737 46 21 lära
745 738 31 26 sig
788 737 19 27 ej
818 737 81 21 mindre

78 764 91 22 svenska
184 766 27 19 än
226 765 59 21 latin.
313 765 27 21 Så
356 765 90 27 fortgick
462 766 42 25 det,
520 766 66 21 ehuru
601 766 48 21 med
664 766 72 21 städse
751 766 55 20 ökad
821 766 79 26 svårig-

78 792 43 25 het,
137 794 38 20 allt
190 794 54 20 intill
260 794 24 20 år
301 794 60 21 1843.

147 822 62 21 Huru
230 822 143 22 förhållandet
394 822 113 22 imellertid
529 824 93 25 ändrats,
645 823 56 21 inses
723 823 48 21 bäst
786 822 65 26 deraf,
867 824 33 20 att

77 851 113 27 gymnasii-
206 851 39 21 och
261 851 163 27 skolordningen
437 852 22 21 af
470 852 127 21 sistnämnde
608 852 29 27 år,
648 854 51 19 utan
709 854 33 19 att
751 852 65 26 något
827 852 72 21 derom

78 879 143 27 uttryckligen
245 880 133 26 bestämmes,
401 880 97 22 öfverallt
519 881 125 21 förutsätter
659 880 103 22 svenskan
777 880 69 21 såsom
862 886 38 15 un-

79 908 196 27 dervisningsspråk
295 908 59 22 såväl
373 909 7 21 i
399 909 65 26 högre
480 909 183 26 elementarskola,
679 915 45 15 som
739 909 7 21 i
760 909 138 27 gymnasium.

78 936 43 22 För
143 937 60 21 detta
225 937 64 27 språk
312 938 66 20 finnes
398 938 84 21 derföre
496 938 62 26 ingen
573 938 90 21 särskild
678 938 148 26 undervisning
846 937 54 21 före-

79 965 99 26 skrifven,
201 967 51 20 utan
272 966 109 26 påbjudes
403 966 81 27 endast,
508 969 32 19 att
562 967 98 21 eleverna
681 966 60 22 skola
757 966 57 21 öfvas
830 967 6 20 i
852 967 47 21 dess

79 994 105 27 skriftliga
206 994 134 27 behandling.
370 995 102 21 Deremot
494 997 36 19 äro
548 995 34 21 för
596 995 149 27 undervisning
759 996 7 20 i
781 995 68 21 finska
864 995 35 21 be-

79 1023 84 21 stämda
178 1023 86 21 timmar
279 1024 102 26 anslagna
396 1024 24 21 så
434 1024 6 21 i
457 1024 66 26 skola,
539 1030 45 15 som
599 1024 137 26 gymnasium.

147 1052 82 21 Genom
245 1052 68 21 denna
329 1053 117 25 anordning
461 1052 67 22 skulle
544 1053 81 21 således
636 1053 35 21 det
681 1052 67 21 finska
758 1052 76 22 barnet
843 1052 56 21 varit

80 1080 44 21 helt
147 1080 40 21 och
208 1080 67 21 hållet
297 1081 101 21 uteslutet
418 1081 46 21 från
481 1082 39 20 den
536 1081 64 26 högre
616 1081 80 26 skolan,
712 1087 34 15 om
762 1082 18 26 ej
797 1081 102 26 derjemte

78 1109 59 26 lägre
153 1109 189 21 elementarskolor
358 1109 68 22 blifvit
436 1109 112 25 inrättade,
559 1109 30 22 uti
601 1109 71 21 hvilka
682 1110 148 26 undervisning
841 1109 58 22 såväl

78 1138 8 20 i
101 1138 90 21 svenska
207 1144 43 15 som
266 1138 6 21 i
288 1138 68 21 finska
372 1138 86 27 språket
472 1138 96 27 påbjöds,
584 1139 39 20 och
639 1138 26 21 de
680 1138 57 21 olika
752 1139 79 20 barnen
842 1139 58 20 dess-

79 1169 58 18 utom
154 1167 134 26 sedvanligen
303 1167 33 20 till
352 1173 25 14 en
392 1167 75 26 början
483 1167 134 26 handleddes,
636 1167 61 20 hvart
712 1167 27 26 på
754 1167 38 21 sitt
806 1167 94 21 moders-

79 1195 50 24 mål,
153 1195 66 20 ehuru
239 1197 32 19 ett
285 1195 125 26 uttryckligt
426 1195 116 26 stadganåe
557 1195 74 21 härom
646 1195 54 20 först
714 1195 60 26 ingår
789 1196 6 19 i
811 1195 89 21 nästföl-

77 1223 64 26 jande
156 1224 113 26 gymnasii-
285 1224 39 21 och
340 1224 142 26 skolordning.
510 1223 80 22 Genom
606 1225 32 19 att
654 1223 78 21 besöka
748 1230 25 15 en
788 1223 58 26 lägre
860 1224 41 20 ele-

79 1252 150 25 mentarskola,
245 1258 38 15 var
299 1253 35 20 det
350 1253 80 20 således
445 1252 34 21 för
494 1253 36 20 det
544 1252 68 21 finska
627 1252 75 21 barnet
717 1252 82 27 möjligt
813 1254 33 19 att
856 1251 45 21 lära

80 1280 32 26 sig
134 1280 23 21 så
179 1281 84 26 mycket
285 1281 97 24 svenska,
404 1282 32 19 att
460 1281 35 20 det
512 1281 70 20 kunde
597 1280 64 21 vinna
676 1281 82 20 inträde
773 1281 6 20 i
795 1287 25 14 en
836 1280 65 26 högre

81 1309 39 20 och
143 1309 91 20 derifrån
258 1308 86 27 öfvergå
359 1309 32 21 till
406 1309 137 26 gymnasium.
573 1309 31 20 De
620 1310 36 19 äro
672 1308 64 21 likväl
751 1309 46 21 icke
813 1308 27 27 få,
856 1314 45 15 som

80 1337 124 26 genomgått
225 1337 47 21 hela
288 1338 69 21 denna
372 1337 167 21 elementarkurs
555 1337 39 21 och
609 1337 54 21 dock
678 1337 19 26 ej
713 1337 74 21 vunnit
802 1337 100 20 säkerhet

81 1365 7 20 i
103 1365 90 21 svenska
207 1365 98 27 språkets
320 1365 134 27 behandling,
470 1368 61 23 samt,
547 1365 27 21 då
589 1366 26 20 de
630 1365 106 21 härunder
746 1365 78 27 jemväl
834 1365 68 21 blifvit

80 1393 129 22 fremmande
225 1394 32 21 för
272 1395 37 20 sitt
325 1396 47 25 eget
387 1394 134 25 modersmål,
537 1394 89 21 kommit
641 1393 32 22 till
688 1393 152 22 Universitetet
850 1397 52 17 utan

81 1424 33 18 att
129 1429 39 19 ega
183 1425 32 17 ett
229 1423 91 25 verkligt
334 1423 70 25 språk.
427 1423 91 25 Mången
533 1422 39 20 har
588 1423 33 19 väl
637 1422 39 20 ock
691 1422 49 20 hela
750 1422 58 21 lifvet
819 1423 83 24 igenom

82 1451 80 25 dragits
178 1451 48 20 med
242 1450 71 21 denna
329 1450 74 21 känsla
418 1451 38 20 och
474 1451 63 20 tanke
552 1450 135 21 marterande
701 1450 60 21 brist.

150 1478 117 27 Gymnasii-
290 1479 39 20 och
352 1479 164 26 skolordningen
531 1478 23 21 af
567 1478 24 21 år
608 1478 52 21 1856
676 1477 108 22 medförde
800 1477 18 27 ej
834 1477 69 27 någon

82 1507 116 21 nämnvärd
213 1507 123 27 förändring
351 1507 7 21 i
373 1508 59 20 detta
448 1507 90 26 sorgliga
553 1507 139 20 förhållande.
717 1507 41 21 Väl
772 1507 131 21 förekomma
