1053 1803
334 129 158 18 Presteståndet
506 130 52 17 1877.
582 130 27 17 20
622 130 57 21 april.
840 127 41 20 523

160 198 90 22 Ståndet
272 199 32 22 till
327 199 117 22 kännedom
460 198 134 22 meddelades
610 198 92 27 följande
717 198 46 22 från
779 199 131 22 hedervärda

91 227 154 21 bondeståndet
260 227 105 27 ingångna
380 228 194 26 protokollsutdrag
590 227 22 21 af
626 227 39 21 den
683 228 25 19 17
724 228 91 21 dennes:

159 284 21 24 a)
196 284 48 21 med
265 284 155 21 underrättelse
439 286 33 19 att
486 284 96 22 bemälde
598 284 60 21 stånd
675 284 31 21 till
721 284 140 26 lagutskottet
876 290 34 15 re-

91 312 95 21 mitterat
202 313 58 20 Hans
275 312 120 27 Kejserliga
409 313 111 26 Majestäts
535 313 77 26 nådiga
623 312 131 27 proposition
765 313 32 20 till
808 312 102 21 Finlands

90 341 87 20 ständer
199 341 109 26 angående
327 347 25 15 en
367 341 123 26 förordning
506 347 33 15 om
555 341 137 26 rättegången
708 341 6 20 i
729 341 56 21 vissa
800 341 48 25 mål,
864 347 45 16 som

90 368 58 22 förut
171 369 49 21 hört
242 369 31 21 till
296 369 156 28 krigsdomstol,
476 372 55 18 samt
546 376 33 15 om
595 368 60 22 straff
669 370 39 20 och
723 376 70 14 annan
808 369 79 27 påföljd
902 370 7 20 i

90 397 66 27 några
176 398 49 24 mål,
248 397 72 21 hvilka
334 399 49 20 röra
398 404 100 21 personer
513 401 58 18 utom
587 398 128 26 krigsstaten
732 398 106 21 äfvensom
854 398 55 21 buru

90 425 103 27 häktning
208 426 34 21 må
257 426 23 21 af
293 426 115 27 krigsbefäl
422 427 125 21 verkställas
563 427 39 21 och
618 427 21 24 b)
649 427 48 20 med
708 426 200 27 tillkännagifvande

89 456 33 19 att
137 454 84 22 ståndet
241 454 108 27 godkändt
364 455 150 27 lagutskottets
530 455 78 27 förslag
623 455 32 21 till
671 454 201 28 sammanjemkning
887 455 22 21 af

90 483 25 21 de
138 482 121 27 skiljaktiga
282 482 76 26 beslut,
381 483 59 21 hvari
462 483 89 21 stånden
567 485 86 20 stannat
667 484 35 20 vid
717 483 156 26 behandlingen
887 483 24 21 af

89 511 59 21 Hans
165 512 116 26 Kejserliga
297 512 110 26 Majestäts
418 512 76 26 nådiga
504 512 130 26 proposition
645 512 109 26 angående
763 512 146 26 upphäfvande

90 539 23 21 af
133 540 39 20 den
195 540 146 26 ridderskapet
362 540 38 21 och
417 540 61 21 adeln
492 540 82 26 jemlikt
591 542 25 19 18
631 540 94 26 punkten
740 541 7 20 i
762 540 147 26 privilegierna

89 568 23 21 af
132 568 39 21 den
197 568 24 21 16
245 568 90 21 oktober
359 569 54 20 1723
435 568 161 22 tillkommande
618 571 44 19 rätt
681 569 32 21 till
729 569 126 26 utpantning
870 568 39 21 hos

89 597 60 20 deras
165 597 152 21 frälsebönder.

158 654 85 21 Hvilket
258 654 148 22 antecknades.

157 796 56 22 Herr
245 797 162 21 talmannen
422 796 130 27 meddelade,
568 798 31 19 att
614 796 63 26 plena
692 796 66 22 under
771 798 61 19 nästa
842 796 65 22 vecka

89 825 74 27 skulle,
180 826 75 20 liksom
271 824 76 22 hittills
363 826 54 20 varit
432 825 65 24 fallet,
513 825 67 22 hållas
596 832 34 14 om
645 825 69 27 tisdag
730 824 39 22 och
784 824 79 27 fredag.

156 968 103 27 Slutligen
274 968 49 22 fann
339 968 84 22 ståndet
438 969 52 26 godt
506 968 73 22 bifalla
593 971 87 24 prosten
696 968 158 22 Borenius'
870 974 37 15 an-

87 996 72 23 hållan
174 1004 34 14 om
224 997 97 21 befrielse
337 997 46 22 från
399 1000 32 18 att
446 998 76 21 bivista
538 999 61 19 nästa
614 997 156 22 sammanträde
786 998 6 20 i
806 996 100 22 händelse

87 1025 50 22 herr
159 1028 96 24 prostens
275 1028 90 19 närvaro
384 1026 34 21 vid
434 1026 140 26 domkapitlet
588 1027 7 20 i
610 1026 70 26 Borgå
695 1026 68 22 blefve
778 1026 35 20 vid
829 1026 36 21 det
880 1026 27 20 då

88 1054 113 22 beramade
216 1054 121 22 konsistorii
353 1055 166 21 sammanträdet
534 1055 134 26 nödvändigt,
682 1054 108 22 äfvensom
801 1054 107 26 professor

88 1082 136 21 Forsmans
235 1089 33 14 om
279 1083 93 26 ledighet
382 1083 46 21 från
439 1083 173 21 nästkommande
624 1083 80 26 onsdag
714 1083 32 21 till
758 1083 89 21 veckans
857 1082 48 21 slut.

156 1226 67 21 Nästa
238 1226 157 22 sammanträde
410 1228 90 20 utsattes
515 1226 33 21 till
563 1225 96 27 tisdagen
674 1225 28 22 kl.
720 1227 23 20 11
761 1226 13 21 f.
791 1232 34 18 m.,
841 1226 65 22 hvarå

87 1254 95 22 ständets
197 1254 138 22 medlemmar
349 1255 103 21 ätskildes
467 1255 27 21 kl.
512 1257 9 19 1
539 1255 39 21 och
593 1256 27 20 40
635 1255 92 21 minuter
742 1262 18 15 e.
776 1262 27 14 m.

665 1323 20 17 In
697 1323 61 18 fidem:

573 1358 51 21 Carl
639 1358 50 21 Joh.
705 1358 133 28 Lindegvist.
