1053 1786
327 135 157 18 Presteståndet
498 136 54 17 1877.
576 135 24 17 27
613 134 56 22 april
831 125 38 22 581

82 203 41 22 den
146 205 26 20 14
195 203 53 28 april
274 204 24 21 år
322 205 52 20 1866
396 204 115 21 innehåller
527 203 101 26 nämligen
644 205 44 23 ,att
702 201 64 22 oäkta
780 201 59 25 barn,
853 205 46 16 som

81 232 47 21 icke
150 235 24 18 är
189 232 63 21 afladt
267 233 67 20 under
349 233 97 20 moderns
461 233 117 24 äktenskap
591 231 51 21 eller
656 231 7 20 i
678 229 110 27 förbjudna
803 229 40 25 led,
859 229 40 25 må,

82 261 71 21 derest
173 261 87 27 modern
283 260 48 22 låtit
354 261 68 21 såsom
444 261 38 21 sitt
496 261 53 20 barn
564 259 103 22 anteckna
682 259 42 25 det,
743 258 3 20 i
762 257 137 28 kyrkoboken

81 288 34 22 för
137 289 40 21 den
199 288 121 27 församling
340 289 6 20 i
368 289 83 21 hvilken
467 289 41 21 hon
525 289 26 20 då
565 287 54 22 varit
629 286 151 27 kyrkskrifven,
794 285 44 21 lika
852 285 48 21 med

82 317 51 21 äkta
147 316 52 22 barn
215 319 49 25 taga
279 317 33 21 arf
326 317 54 21 efter
394 318 31 21 sin
441 317 74 22 moder
529 317 6 20 i
551 316 39 22 den
607 316 107 26 egendom,
726 320 44 16 som
781 313 45 22 icke
838 314 61 25 utgör

81 345 177 27 bröstarfvingars
278 345 93 27 laglott".
401 346 68 21 Häraf
490 351 60 22 synes
568 344 34 22 väl
621 344 85 26 framgå,
722 345 32 19 att
769 342 63 22 oäkta
847 342 52 20 barn

82 374 70 22 ärfver
172 374 43 21 lika
236 374 49 21 med
307 374 51 22 äkta
372 374 58 27 barn,
445 380 47 15 men
508 374 23 21 så
545 374 42 21 kan
603 373 54 21 blott
673 372 39 21 den
728 372 54 20 fatta
798 371 41 25 det,
854 376 46 16 som

82 402 46 22 icke
150 402 77 22 förstår
242 403 55 21 hvad
312 403 62 21 ordet
388 402 102 27 ,laglott"
507 402 93 27 betyder.
630 401 79 21 Derom
723 400 41 21 blir
779 406 49 14 man
846 404 54 27 upp-

82 432 42 26 lyst
147 432 20 20 af
189 438 25 14 en
240 438 68 15 annan
324 432 121 26 förordning
460 431 21 21 af
496 432 39 20 den
551 431 23 21 21
594 429 110 23 december
718 430 24 20 år
758 428 60 25 1857,
833 434 45 15 som
893 434 7 14 i

82 460 59 26 fråga
157 466 33 15 om
205 462 125 19 testamente
346 463 69 23 säger:
431 460 31 26 ,ej
479 460 34 21 må
528 460 68 26 någon
611 464 75 21 genom
701 460 127 19 testamente
843 456 58 21 bort-

82 488 57 26 gifva
161 488 51 22 eller
234 489 124 21 annorledes
378 488 99 22 förordna
493 494 33 16 om
542 494 45 15 mer
601 490 27 18 än
643 486 79 22 hälften
738 486 21 21 af
773 486 31 20 sin
820 484 80 28 qvarlå-

83 516 96 28 tenskap,
203 517 37 21 der
260 516 154 28 bröstarfvinge
428 516 65 22 lefver
509 516 57 26 efter,
581 516 67 21 andra
662 514 79 22 hälften
757 514 60 21 faller
832 513 69 21 bröst-

83 545 93 27 arfvinge
199 545 42 27 till;
264 545 40 21 den
327 545 54 22 hälft
403 545 67 21 kallas
492 545 164 26 bröstarfvinges
667 543 96 27 laglott".
793 542 45 21 När
852 547 48 15 man

83 574 82 21 således
188 574 34 21 vid
243 575 68 21 arfvet
326 574 131 26 undantager
472 574 68 21 denna
554 572 81 27 laglott,
650 572 23 21 så
688 574 24 19 är
728 572 36 20 det
778 570 71 22 blott
842 565 11 40 i
861 569 40 22 den

83 603 66 20 andra
164 602 79 22 hälften
264 602 21 21 af
300 602 73 25 arfvet,
383 609 42 14 som
439 602 36 21 det
485 602 64 21 oäkta
561 601 76 22 barnet
646 600 32 21 får
690 602 50 25 taga
751 599 32 22 del
793 599 64 26 jemte
866 599 35 20 det

83 631 58 24 äkta,
157 631 39 21 och
212 631 131 21 undersöker
360 637 48 16 man
426 631 17 27 ej
463 630 144 22 matematiskt
620 629 32 21 till
662 629 80 21 hvilket
752 627 88 23 resultat
852 633 49 15 man

82 660 122 26 härigenom
213 660 101 26 kommer,
322 661 23 20 så
353 660 154 22 sammanfaller
516 660 35 21 det
561 658 85 22 alldeles
656 658 47 21 med
714 658 35 21 det
757 657 88 21 resultat
853 662 49 15 man

81 689 96 21 kommer
185 688 32 22 till
226 688 65 28 enligt
300 689 40 21 den
347 689 77 26 nådiga
431 689 158 27 propositionen
598 688 38 21 och
648 686 166 28 presteständets
825 684 75 22 beslut.

83 717 50 21 Men
149 718 36 20 det
201 718 88 20 oaktadt
304 718 40 21 och
359 717 66 21 ehuru
441 718 64 26 nägot
520 716 93 22 särdeles
629 715 141 22 österländskt
784 714 45 22 icke
843 714 58 21 inne-

83 746 67 27 ligger
171 746 7 20 i
194 746 39 21 den
250 746 89 21 rättvisa
354 746 85 22 ständet
454 746 65 21 redan
534 745 99 27 godkänt,
648 744 67 21 skulle
728 744 36 26 jag
779 742 76 33 föreslä
870 743 31 20 ett

83 774 118 27 antagande
224 775 22 21 af
266 774 155 28 inbjudningen.
452 774 43 22 För
516 774 41 21 min
581 774 33 21 del
632 779 62 15 anser
706 772 36 27 jag
757 772 36 21 det
807 778 7 14 i
829 770 73 27 sjelfva

82 803 74 21 verket
177 810 51 14 vara
249 803 96 27 billigare
367 806 32 18 att
415 804 35 20 det
465 803 64 21 oäkta
544 803 75 21 barnet
632 802 53 25 icke,
700 802 69 20 säsom
782 806 28 15 nu
825 802 23 19 är
862 799 39 21 fal-

82 831 36 27 let,
134 832 33 21 får
182 832 81 21 mindre
278 834 27 19 än
320 832 80 22 hälften
415 832 22 21 af
452 832 55 21 hvad
522 832 35 21 det
573 831 50 21 äkta
636 830 76 22 barnet
723 830 96 21 kommer
833 830 32 20 att
875 828 26 26 få,

81 860 56 22 helst
157 860 36 22 det
214 861 7 21 i
244 860 56 22 olika
323 860 36 22 fall
380 862 94 20 kommer
496 862 32 19 att
549 859 75 22 utfalla
639 859 62 21 olika.
732 858 40 22 Om
785 858 66 27 jemte
867 857 36 21 det

84 889 64 21 oäkta
162 889 76 21 barnet
253 889 67 22 finnes
335 890 50 21 äkta
399 889 60 24 barn,
474 889 50 21 flere
535 889 50 21 eller
595 888 61 26 färre,
670 888 40 20 blir
722 887 112 21 resultatet
843 888 59 19 näm-

83 917 56 27 ligen
161 918 80 25 ganska
266 917 63 22 olika.
360 917 39 22 Om
421 918 104 27 syskonen
541 919 37 20 äro
594 917 41 25 två,
650 917 32 21 får
697 917 36 20 det
748 916 64 21 oäkta
826 915 77 21 barnet

83 952 26 15 en
124 945 47 27 lott,
186 953 44 15 som
247 947 6 21 i
268 946 132 22 förhållande
414 947 32 21 till
462 947 35 21 det
513 946 60 21 äktas
589 947 23 20 är
627 946 69 21 såsom
712 947 31 19 ett
757 944 32 21 till
804 946 42 23 tre;
864 945 40 20 äro

83 975 26 22 de
134 975 51 22 äkta
207 975 104 28 syskonen
334 976 35 21 två
392 977 56 20 emot
471 977 30 20 ett
525 975 68 26 oäkta,
609 975 31 21 får
656 975 35 20 det
707 974 64 21 oäkta
786 974 75 20 barnet
877 978 26 15 en

82 1003 47 27 lott,
151 1010 46 16 som
219 1005 45 21 står
285 1005 7 20 i
312 1011 79 15 samma
412 1004 131 22 förhållande
559 1004 31 21 till
605 1003 52 22 hvar
672 1003 40 21 och
727 1009 26 15 en
768 1001 21 22 af
804 1003 25 20 de
845 1001 57 27 äkta,

82 1039 46 15 som
143 1034 36 20 två
194 1033 32 21 till
240 1033 48 21 fem.
320 1033 68 22 Sedan
404 1033 95 21 kommer
514 1039 48 15 man
577 1032 32 21 till
624 1032 141 21 relationerna
775 1033 33 18 tre
820 1030 32 21 till
863 1030 41 32 sju,

83 1061 46 27 fyra
145 1061 31 21 till
193 1062 39 25 nio,
248 1061 42 22 fem
306 1062 32 21 till
355 1061 59 27 elfva,
429 1068 36 15 sex
480 1061 31 22 till
527 1063 80 20 tretton
623 1067 17 14 o.
656 1067 16 14 s.
688 1067 18 14 v.
736 1060 42 21 Det
788 1065 61 21 synes
860 1065 44 20 mig

83 1096 51 15 vara
156 1090 86 21 enklare
265 1093 31 19 att
319 1090 115 22 relationen
456 1090 60 21 alltid
531 1090 40 21 blir
586 1090 69 21 säsom
670 1091 32 19 ett
716 1089 31 20 till
764 1089 36 20 tvä
815 1087 39 22 och
867 1087 37 26 jag

83 1118 68 21 skulle
178 1118 76 27 derför,
270 1120 70 20 såsom
355 1119 67 26 sagdt,
437 1119 77 21 föreslå
529 1118 118 27 antagande
662 1117 22 22 af
697 1116 150 28 inbjudningen
863 1116 39 21 och

83 1147 36 21 det
141 1147 24 21 sä
180 1147 84 27 mycket
279 1153 50 20 mer,
344 1153 45 16 som
405 1147 146 27 ridderskapet
567 1147 39 21 och
621 1147 62 20 adeln
698 1146 54 21 skall
767 1145 63 21 hafva
844 1146 59 20 anta-

82 1176 30 26 git
135 1175 150 27 inbjudningen
308 1176 39 21 och
370 1176 42 22 tills
434 1176 71 21 vidare
528 1175 82 22 säledes
629 1177 76 19 tvenne
720 1175 62 21 ständ
798 1174 33 20 stä
846 1175 57 20 emot

82 1207 83 18 tvenne.

151 1250 89 21 Prosten
263 1250 95 26 Hjelt:
381 1250 40 26 Jag
443 1249 139 22 understöder
604 1249 105 27 professor
728 1248 112 22 Ehrström
863 1249 39 21 och

84 1278 36 21 det
141 1279 24 21 sä
187 1279 83 27 mycket
286 1278 72 27 hellre,
373 1285 45 15 som
433 1285 25 15 ur
473 1278 90 22 motiven
580 1278 31 21 till
627 1278 39 21 den
682 1277 111 27 kejserliga
808 1278 94 26 proposi-

82 1306 71 22 tionen
177 1306 96 28 framgår,
294 1310 31 18 att
350 1314 48 15 man
422 1308 35 20 vid
482 1307 47 21 dess
548 1306 114 22 affattande
678 1306 60 21 tänkt
753 1306 31 26 sig
799 1306 64 22 saken
878 1307 23 21 sä

82 1341 45 15 som
151 1336 40 20 den
213 1342 28 14 nu
264 1335 68 22 blifvit
347 1336 115 26 framstäld,
477 1336 66 21 ehuru
559 1335 111 26 ordalagen
686 1334 6 21 i
708 1335 72 26 sjelfva
795 1335 107 26 lagtexten

83 1362 68 22 tilläta
167 1369 25 15 en
208 1370 68 15 annan
292 1364 100 26 tolkning.

151 1408 32 21 Pä
197 1408 49 21 herr
278 1409 179 21 talmannens
472 1408 153 26 framställning
640 1408 44 21 blef
698 1409 184 26 borgareständets
895 1409 7 20 i

82 1435 61 27 fräga
165 1437 91 20 varande
278 1437 124 26 inbjudning
425 1438 51 20 härä
499 1440 50 18 utan
572 1437 72 20 vidare
666 1436 119 22 diskussion
800 1437 102 26 enhälligt

83 1467 96 23 antagen,
201 1464 87 23 hvarom
310 1465 153 22 underrättelse
485 1465 67 22 skulle
567 1470 74 21 genom
658 1465 122 26 deputation
796 1465 105 22 meddelas

83 1492 97 22 bemälda
202 1494 68 25 ständ,
293 1493 107 22 äfvensom
423 1500 74 21 genom
520 1494 76 26 utdrag
611 1498 25 16 ur
651 1493 129 27 protokollet
795 1494 25 21 de
836 1493 65 28 öfriga

82 1521 138 23 medständen
236 1523 40 21 och
290 1522 145 28 lagutskottet.
