1050 1823
317 127 160 18 Presteståndet
490 128 53 17 1877.
567 129 27 16 24
606 128 59 22 april.
838 123 41 21 547

90 196 50 22 land
155 198 24 19 är
195 196 87 22 alldeles
297 196 126 27 nödvändig.
453 196 108 27 Föröfrigt
571 204 63 14 anser
644 197 41 27 jag,
695 196 7 21 i
713 196 67 22 likhet
792 197 47 21 med
853 196 54 27 dem,

90 232 45 14 som
157 225 64 21 hafva
243 227 66 25 yttrat
325 226 37 25 sig,
376 227 32 19 att
423 226 36 20 det
475 228 23 18 är
511 226 44 26 just
569 226 7 20 i
592 226 89 20 sanitärt
696 225 99 21 afseende
811 226 45 26 och,
869 226 37 26 jag

90 254 48 20 ville
153 253 94 27 tillägga,
263 254 126 26 preventivt
403 254 112 21 åfseeende
531 260 44 15 som
591 254 73 26 frågan
680 259 34 16 om
729 254 144 21 hundskatten
884 256 24 18 är

90 282 96 26 oafvislig
201 281 39 22 och
255 284 32 18 att
303 282 73 26 sjelfva
390 282 85 22 skatten
490 282 46 21 icke
547 282 68 21 såsom
628 282 92 22 inkomst
730 282 89 27 betyder
828 282 80 27 någon-

89 311 45 26 ting
149 310 94 22 hvarken
259 310 22 21 åt
297 311 36 20 det
347 317 40 14 ena
402 311 52 21 eller
468 311 67 21 andra
550 310 72 22 hållet.

157 362 143 26 Domprosten
322 362 88 26 Borg:
433 362 40 28 Jag
495 362 65 21 borde
583 362 80 21 kanske
686 361 45 22 icke
754 362 64 21 hafva
832 362 75 27 begärt

90 391 67 25 ordet,
180 391 27 21 då
228 391 77 21 doktor
320 391 55 27 Berg
390 392 67 25 yttrat
471 391 31 26 sig
518 391 85 24 derhän,
619 393 32 19 att
666 390 43 22 han
723 391 47 21 icke
783 397 37 15 ens
834 391 73 21 förun-

90 420 47 20 drat
153 419 31 27 sig
199 418 59 22 öfver
273 422 32 18 att
317 420 38 26 jag
369 419 39 21 har
423 419 136 22 missförstått
574 420 82 20 honom.
687 420 42 20 Det
747 419 81 21 händer
843 420 64 21 emel-

88 448 63 21 lertid
174 448 30 25 så,
219 450 32 18 att
269 454 50 14 man
333 448 41 21 lätt
388 447 109 22 förmodar
513 450 31 18 att
559 454 26 14 en
600 454 69 14 annan
684 448 47 21 icke
746 448 35 20 vill
797 448 68 21 förstå
881 455 26 15 en

88 478 50 24 rätt,
161 476 27 22 dä
203 483 49 14 man
268 476 49 26 sjelf
330 478 67 25 yttrat
412 477 32 26 sig
460 477 127 26 bristfälligt.
617 476 42 22 Det
674 476 39 21 har
728 476 66 22 händt
809 478 43 24 mig
867 477 40 21 och

86 505 36 27 jag
145 507 45 19 tror
211 507 32 19 att
264 505 35 21 det
320 505 76 27 många
417 505 78 27 gånger
515 506 67 20 händt
601 505 77 21 doktor
692 505 77 27 Bergh.
799 505 70 22 Alltså
883 507 24 19 är

88 534 72 21 derom
175 534 50 26 föga
240 536 31 18 att
287 534 92 26 tillägga.
408 534 40 26 Jag
463 534 73 27 tycker
551 534 55 21 blott
621 536 32 18 att
668 534 42 26 mig
725 533 44 22 lika
783 540 65 21 gerna
861 540 45 15 som

89 562 76 22 doktor
187 562 114 27 Hornborg
323 562 70 22 kunde
415 562 78 22 tilltros
515 563 70 21 bättre
605 562 50 27 vilja
670 562 39 22 och
725 562 71 22 bättre
811 562 96 28 förmåga

88 594 33 18 att
135 592 53 20 söka
203 591 68 21 förstå
285 592 55 20 hvad
356 591 77 21 doktor
448 592 69 26 Bergh
532 593 73 25 yttrat.
635 591 108 27 Föröfrigt
753 591 33 21 får
796 592 37 26 jag
845 592 62 21 äfven

88 620 99 27 uttrycka
201 620 43 21 min
259 623 59 19 stora
332 620 77 27 fägnad
425 620 96 22 deröfver
536 622 32 20 att
583 620 40 21 den
639 620 137 27 olämplighet
791 620 33 21 för
839 620 69 21 hund-

88 650 95 20 skattens
198 649 109 21 införande
322 650 8 20 i
345 649 154 27 Lappmarken,
513 650 87 20 hvarom
616 649 76 21 doktor
703 648 70 27 Bergh
783 650 7 20 i
800 649 108 21 allmänna

88 678 88 26 ordalag
199 678 69 20 såsom
292 678 129 26 protokollet
437 678 53 21 skall
505 678 78 26 intyga,
599 678 77 26 talade,
692 678 46 21 icke
753 679 25 19 är
792 677 24 21 af
829 677 78 22 honom

88 706 97 22 förstådd
201 706 46 21 från
263 707 41 21 den
319 706 47 21 sida
380 708 32 19 att
427 706 102 27 lapparne
541 707 67 21 skulle
619 708 39 24 äga
667 706 82 22 mindre
761 706 96 27 förmåga
867 707 40 20 och

87 735 81 21 mindre
184 735 49 27 vilja
249 738 32 18 att
296 735 72 21 betala
383 735 58 21 skatt
455 735 34 21 för
503 736 46 20 sina
564 735 82 21 hundar
661 737 26 19 än
703 735 72 26 andra,
789 737 52 19 utan
851 736 56 20 blott

86 764 34 21 för
142 764 39 21 den
203 764 37 21 der
263 764 234 24 ,länsmanshistoriens
512 764 67 21 skull"
596 770 34 15 om
646 763 84 22 hvilken
746 764 77 20 doktor
837 764 70 26 Bergh

87 794 80 25 nämnt,
181 794 33 20 att
229 792 36 22 det
280 793 104 26 nemligen
398 798 51 16 vore
464 793 6 20 i
486 793 26 21 de
527 792 89 28 lappska
631 792 152 22 kommunerna
794 792 113 28 obeqvämt

88 823 32 20 att
135 824 52 24 göra
202 822 99 20 anmälan
317 828 33 14 om
366 821 111 21 hundarna
492 822 39 21 hos
545 822 143 21 länsmannen.
719 821 49 21 Med
783 822 32 20 ett
830 821 39 21 ord
879 820 28 22 då

88 851 77 21 doktor
187 850 70 27 Bergh
282 851 7 20 i
311 851 37 21 sitt
363 856 74 16 senare
452 850 135 27 andragande
602 851 39 20 har
656 850 77 22 uttalat
749 856 81 16 samma
845 850 61 27 åsigt,

88 886 44 15 som
156 880 36 26 jag
207 880 38 20 och
262 879 77 22 doktor
354 879 120 27 Hornborg,
490 880 39 20 har
541 880 38 26 jag
593 880 54 20 intet
662 881 65 19 annat
743 880 26 20 än
785 881 32 19 att
832 880 75 20 förena

86 908 42 27 mig
142 908 49 22 med
206 909 85 21 honom.

154 961 84 21 Doktor
260 960 177 28 Hornborg:
460 960 41 27 Jag
523 960 38 21 har
583 960 20 27 ej
624 962 65 19 annat
711 962 32 19 att
758 962 58 24 säga,
832 962 27 18 än
874 962 32 19 att

85 989 70 22 uttala
174 990 43 21 min
232 989 112 27 förvåning
359 989 59 22 öfver
432 991 33 19 att
480 989 77 22 doktor
571 989 70 26 Bergh
656 992 46 18 tror
717 990 33 20 att
762 989 38 26 jag
814 989 92 20 missför-

87 1019 53 21 stått
162 1018 84 22 honom.
277 1019 40 26 Jag
339 1018 39 21 har
400 1018 68 27 aldrig
490 1018 107 21 förmodat
611 1020 33 19 att
659 1018 78 21 doktor
752 1018 69 25 Bergh
837 1017 68 22 skulle

86 1047 62 22 hafva
171 1049 46 24 sagt
240 1047 51 21 eller
317 1053 37 15 ens
374 1049 53 19 trott
441 1049 33 20 att
489 1047 84 21 skatten
589 1046 67 21 skulle
671 1047 65 20 blifva
751 1046 84 27 frivillig
851 1046 55 21 deri-

86 1082 82 20 genom,
190 1078 32 19 att
243 1075 298 27 kommunalmyndigheterna
561 1075 68 21 skulle
651 1075 52 21 bära
718 1081 43 21 upp
777 1075 128 21 densamma.

86 1105 50 21 Deri
157 1105 42 20 kan
222 1104 61 21 äfven
303 1105 36 26 jag
362 1105 61 26 vädja
444 1104 32 21 till
491 1104 136 27 protokollet,
644 1104 39 21 och
698 1104 97 26 föröfrigt
810 1107 46 17 tror
869 1103 37 27 jag

86 1135 32 19 att
133 1133 40 21 den
189 1133 159 26 ifrågavarande
364 1133 83 21 skatten
463 1135 24 19 är
501 1133 46 21 icke
562 1133 91 21 allenast
667 1132 104 27 gagnelig,
782 1134 53 19 utan
845 1132 62 21 äfven

86 1162 85 21 absolut
192 1162 127 26 nödvändig,
341 1162 44 25 just
404 1162 33 20 för
453 1161 122 27 skyddande
590 1161 23 21 af
626 1160 140 27 menniskolif,
782 1162 57 20 emot
853 1161 53 20 hvil-

85 1190 40 22 kas
147 1190 120 22 bevarande
289 1196 26 15 en
337 1190 109 26 filocynisk
462 1196 83 20 omsorg
561 1196 34 15 om
610 1189 151 27 vedervärdiga
776 1189 131 27 löphundars

87 1219 82 21 tillvaro
185 1220 64 26 väger
264 1219 82 21 mindre
362 1220 27 20 än
404 1220 59 20 intet.

154 1270 70 21 Sedan
247 1270 146 21 diskussionen
408 1270 88 21 härmed
511 1270 107 21 afstadnat
632 1268 132 22 framställde
779 1269 50 21 herr
843 1268 64 22 tal-

87 1304 102 16 mannen
225 1298 92 26 följande
333 1298 142 28 proposition:

156 1349 128 21 Godkännes
304 1349 215 22 ekonomiutskottets
533 1348 159 27 ifrågavarande
708 1348 135 22 betänkande
858 1348 49 21 med

88 1378 50 22 eller
153 1380 52 19 utan
220 1378 97 26 ändring,
333 1378 52 21 eller
399 1378 26 27 ej.
455 1378 47 21 Den
517 1384 44 15 som
571 1378 123 26 godkänner
704 1377 144 22 betänkandet
858 1377 48 21 med

88 1407 51 21 eller
161 1409 52 19 utan
234 1407 89 26 ändring
339 1412 72 16 svarar
425 1406 29 27 ja,
469 1407 41 21 den
525 1407 36 21 det
575 1406 47 22 icke
637 1408 44 24 gör,
697 1412 74 15 svarar
785 1405 41 27 nej.
856 1405 51 21 Vin-

87 1442 39 14 ner
147 1435 34 25 nej
196 1435 97 21 kommer
307 1435 89 21 ärendet
411 1437 33 20 att
457 1434 166 22 återremitteras
637 1435 7 20 i
659 1434 100 22 afseende
773 1435 13 21 å
801 1434 106 22 omarbet-

88 1463 49 27 ning
152 1464 7 20 i
175 1463 36 21 det
227 1462 21 21 af
261 1462 107 27 professor
382 1462 112 22 Ehrström
510 1462 78 26 afgifna
603 1462 61 27 syfte.

156 1514 132 22 Besvarades
303 1514 49 22 med
367 1513 152 27 öfvervägande
532 1513 29 27 ja.
