1064 1789
183 135 28 22 38
407 141 159 17 Presteståndet
579 142 53 17 1877.
657 142 12 16 2
681 141 50 17 febr.

157 209 84 21 ståndet
264 209 18 26 ej
306 209 55 21 fatta
384 209 65 26 något
471 209 115 26 afgörande
605 209 76 26 beslut,
696 209 74 21 förrän
786 215 25 14 en
826 208 117 27 beräkning
957 207 22 22 af

155 238 41 21 den
210 239 42 26 yta,
268 238 62 21 dessa
344 237 85 22 komma
444 240 32 19 att
490 240 94 25 upptaga
598 237 6 22 i
619 237 185 22 sessionsrummet
818 237 73 27 gjorts.

212 329 32 21 På
258 329 49 21 herr
330 329 196 21 talmannens
548 329 156 26 framställning
719 330 91 25 upptogs
825 328 53 21 härå
893 328 32 21 till
941 328 35 21 be-

155 357 101 27 handling
271 358 41 21 den
327 357 47 22 från
389 359 31 20 ett
434 357 126 27 föregående
576 358 155 21 sammanträde
747 357 98 21 hvilande
855 357 76 26 frågan
942 363 34 15 om

155 387 112 27 tryckning
282 386 23 21 af
319 385 95 22 ståndets
429 386 107 27 protokoll
551 386 35 21 vid
602 387 69 20 denna
685 385 108 27 landtdag.

223 443 77 22 Pastor
315 443 103 22 Lilius
428 443 72 27 ansåg,
512 445 32 20 att
554 443 26 22 de
593 443 186 27 omständigheter,
789 449 45 16 som
845 443 54 21 först
910 442 66 22 borde

155 474 61 25 tagas
230 472 8 21 i
253 472 140 22 betraktande
408 472 7 21 i
431 473 69 21 denna
510 472 66 28 fråga,
587 478 51 16 voro
649 472 103 21 huruvida
763 472 134 27 protokollen
908 471 68 22 skulle

155 501 85 27 tryckas
255 502 22 20 in
292 503 86 19 extenso
394 501 52 21 eller
461 501 6 21 i
482 501 77 27 utdrag
574 503 56 19 samt
644 500 108 22 hvarifrån
768 501 68 21 medel
852 500 33 22 till
900 500 76 22 bestri-

156 530 70 21 dande
246 530 22 21 af
282 530 267 26 tryckningskostnaderna
564 530 67 21 skulle
646 532 71 24 tagas;
733 536 34 14 om
782 529 32 21 till
830 529 106 27 äfventyrs
951 535 26 15 ur

155 558 144 22 arkivmedlen
314 558 53 22 eller
382 558 200 22 annorstädesifrån.

225 615 48 22 Med
289 616 113 26 anledning
417 615 63 21 häraf
494 616 96 26 upplyste
606 615 49 21 herr
667 616 184 24 talmannen,
867 616 32 20 att
909 614 68 22 arkiv-

156 644 89 26 medlen,
268 644 83 21 hvilkas
372 644 77 26 belopp
466 644 48 21 herr
530 644 121 21 talmannen
667 644 53 21 dock
735 644 18 26 ej
769 650 56 20 noga
839 644 70 20 kunde
925 649 52 21 upp-

155 672 62 26 gifva,
240 678 47 16 men
309 672 71 21 hvilka
403 672 18 26 ej
444 673 70 21 kunde
537 672 113 27 öfverstiga
672 672 65 26 några
760 674 62 19 tusen
843 672 68 26 mark,
926 678 50 14 vore

157 701 140 27 otillräckliga
319 701 33 21 för
375 701 131 21 bekostande
528 701 22 21 af
570 700 145 28 protokollens
737 700 118 27 tryckning,
877 700 100 22 hvarföre

156 730 69 21 medel
239 730 27 26 på
282 729 65 27 något
362 732 65 18 annat
442 731 43 20 sätt
500 730 67 21 måste
583 730 33 21 till
631 730 74 20 sådant
721 729 99 21 ändamål
835 728 113 22 anskaffas.

225 786 110 22 Professor
358 786 91 22 Cleve
471 786 66 27 ansåg
558 786 138 28 tryckningen
716 786 24 22 af
761 786 95 22 ståndets
871 786 107 28 protokoll

156 815 68 21 under
244 815 142 21 innevarande
406 815 101 27 landtdag
522 821 50 16 vara
588 815 86 21 alldeles
689 815 120 27 nödvändig
825 815 38 21 och
878 814 100 22 framhöll

157 844 69 21 såsom
250 850 25 15 en
298 844 106 27 synnerlig
419 844 69 22 fördel
506 844 142 27 möjligheten,
664 846 32 19 att
711 844 41 21 den
767 844 70 21 kunde
851 844 127 21 verkställas

157 872 55 22 efter
227 872 56 22 hand
299 873 68 21 under
381 873 139 27 landtdagens
531 873 56 27 lopp.
611 872 70 22 Också
690 873 76 21 trodde
778 873 89 24 talaren,
878 874 33 20 att
921 872 57 22 stån-

157 902 47 20 dets
226 901 122 27 uppenbara
371 902 85 26 tystnad
480 902 64 20 borde
567 902 71 21 kunna
659 902 70 20 tolkas
752 902 70 20 såsom
847 908 26 14 en
898 901 78 21 allmän

157 930 221 26 öfverenskommelse,
394 932 32 18 att
441 930 145 26 protokollens
602 930 111 26 tryckning
727 932 25 19 är
767 930 127 26 nödvändig.

225 986 89 22 Prosten
330 986 148 22 Borenius
493 986 99 22 förenade
608 987 32 26 sig
654 987 48 21 med
718 988 73 25 pastor
807 987 65 21 Lilius
883 986 52 26 deri,
947 988 31 20 att

157 1016 41 20 den
213 1015 133 27 ungefärliga
360 1016 118 20 kostnaden
494 1015 33 21 för
542 1016 143 26 protokollens
701 1015 111 27 tryckning
827 1015 66 21 borde
903 1014 76 22 beräk-

157 1050 44 20 nas,
217 1044 63 21 innan
295 1044 85 21 ståndet
395 1044 103 21 definitivt
512 1044 80 22 fattade
608 1044 70 21 beslut
691 1044 7 21 i
713 1044 82 27 frågan.
824 1043 155 27 Stenografiskt

157 1074 66 24 förda,
247 1072 71 22 kunde
338 1073 134 26 protokollen
496 1072 65 22 blifva
583 1073 24 21 så
622 1072 110 28 vidlyftiga
747 1073 39 21 och
802 1073 138 27 tryckningen
955 1072 24 22 så

157 1101 45 27 dyr,
224 1103 32 19 att
279 1102 35 20 det
336 1101 70 21 blefve
428 1102 57 20 svårt
507 1104 33 18 att
558 1102 81 21 erhålla
654 1102 77 26 nödiga
745 1102 69 21 medel
830 1101 78 22 dertill.
937 1101 42 21 Vid

158 1130 140 21 1863—1864
320 1130 36 21 års
378 1130 102 27 landtdag
501 1130 55 22 hade
578 1130 86 22 ståndet
685 1130 89 22 beslutit
796 1132 32 19 att
843 1130 46 21 låta
904 1130 75 27 trycka

157 1159 46 21 sina
225 1158 113 27 protokoll,
354 1165 47 15 men
424 1159 34 21 vid
474 1160 41 20 den
530 1159 92 27 följande
637 1159 128 27 landtdagen
780 1160 49 20 ville
845 1165 26 15 en
887 1159 91 21 medlem

158 1187 23 21 af
194 1187 84 21 ståndet
300 1188 64 20 ställa
379 1187 95 21 ståndets
494 1188 137 21 medlemmar
646 1188 34 20 vid
695 1188 41 21 den
751 1188 128 26 föregående
894 1187 33 21 till
942 1194 37 14 an-

157 1222 48 14 svar
221 1216 77 26 derför,
314 1216 39 20 och
368 1216 80 26 yrkade
463 1216 33 27 på,
512 1218 32 19 att
559 1216 33 27 de,
603 1222 45 15 som
661 1216 88 21 beslutit
759 1216 144 27 tryckningen,
917 1216 62 21 äfven

157 1244 67 21 borde
240 1244 71 21 betala
326 1244 47 21 den.

225 1301 90 21 Prosten
338 1301 84 27 Hjelt
444 1301 100 27 föreslog,
567 1303 33 20 att
615 1302 87 21 ärendet
717 1301 68 22 skulle
801 1301 140 22 öfverlemnas
956 1301 23 22 åt

157 1329 96 21 enskilda
274 1330 198 26 besvärsutskottet,
494 1332 39 18 när
555 1332 31 18 ett
608 1330 76 20 sådant
706 1330 70 20 blifvit
790 1330 83 25 tillsatt,
890 1330 89 20 emedan

158 1357 36 21 det
208 1363 50 15 vore
274 1357 76 21 lättare
366 1357 33 21 för
414 1359 31 19 ett
460 1357 82 21 utskott
557 1359 27 19 än
598 1358 33 20 för
653 1358 85 21 ståndet
760 1359 33 19 att
807 1357 124 22 införskaffa
945 1357 34 21 för

157 1384 87 28 frågans
260 1385 114 27 afgörande
389 1386 77 26 nödiga
482 1386 157 27 upplysningar.

226 1443 83 21 Doktor
324 1443 147 21 Lindelöf
484 1444 70 20 kunde
569 1443 19 27 ej
604 1444 52 25 inse,
672 1443 92 27 hvarför,
779 1443 27 23 då
817 1444 18 27 ej
847 1444 26 22 de
883 1446 96 20 närmast

157 1472 127 27 föregående
300 1472 165 26 landtdagarnas
480 1472 107 27 protokoll
597 1472 70 22 blifvit
677 1472 90 28 tryckta,
775 1472 46 28 just
831 1473 69 22 denna
911 1473 68 22 landt-

157 1501 52 27 dags
224 1501 108 27 protokoll
347 1501 69 21 skulle
430 1501 91 27 tryckas.
544 1501 114 21 Dessutom
670 1501 93 22 önskade
773 1502 82 22 talaren
865 1504 38 24 att,
914 1502 65 22 innan

157 1530 105 21 definitivt
277 1530 69 21 beslut
361 1530 7 21 i
383 1529 65 22 saken
462 1530 92 21 fattades
569 1530 21 21 få
605 1530 98 27 afgjordt,
714 1530 108 22 hvarifrån
832 1531 147 21 kostnaderna
