1053 1839
328 129 158 19 Presteståndet
501 132 54 17 1877.
579 131 26 17 28
617 136 61 12 mars.
838 126 41 21 373

156 199 20 25 a)
192 200 32 19 att
239 197 96 29 ståndets
349 198 105 22 elektorer
469 199 31 21 till
511 199 152 22 medlemmar
653 193 15 37 i
676 200 232 26 värnepligtsutskottet

89 228 65 19 utsett
176 227 74 20 herrar
265 227 129 28 Öhrnberg,
405 227 113 28 Wallgren,
542 228 99 21 Törnudd
666 228 39 21 och
720 229 116 24 Wendelin,
853 231 55 18 samt

88 254 31 21 till
141 255 136 26 suppleanter
292 255 73 22 herrar
380 255 85 28 Öhberg
482 257 38 20 och
536 257 103 26 Procopé;
656 257 107 21 äfvensom
779 257 32 21 till
825 257 81 27 ytterli-

87 288 51 21 gare
152 283 152 26 suppleanter
300 279 12 37 i
317 283 202 23 ekonomiutskottet
531 284 74 22 herrar
616 285 72 21 Olsoni
699 285 38 22 och
749 285 20 22 S.
784 285 122 27 Björkstén;

155 345 23 27 b)
206 347 31 20 att
261 345 85 22 ståndet
370 346 119 21 remitterat
513 347 76 26 nådiga
615 347 158 26 propositionen
799 347 109 26 angående

87 374 180 27 stämpelpappers
290 373 87 28 afgiften
399 375 27 27 på
446 381 81 15 samma
547 376 55 26 gång
624 375 32 21 till
671 375 133 27 bevillnings-
820 376 38 21 och
875 376 32 21 till

88 403 159 21 statsutskottet
254 410 5 18 ;

156 466 17 26 c)
189 467 38 30 att
249 465 77 28 nådiga
348 466 157 27 propositionen
528 467 109 26 angående
655 467 79 21 inlösen
750 467 23 21 af
787 467 121 21 donations-

87 494 79 27 godsen
188 500 7 15 i
213 494 100 28 Wiborgs
328 495 39 21 och
383 495 31 22 S:t
429 495 86 22 Michels
531 495 34 22 län
581 495 129 22 remitterats
725 495 32 22 till
773 496 135 21 statsutskot-

87 525 41 20 tets
143 523 119 26 utlåtande;

154 586 20 27 d)
197 588 32 19 att
250 587 91 24 ståndet,
366 587 33 21 vid
422 586 127 28 behandling
569 587 22 21 af
606 587 213 22 ekonomiutskottets
834 587 73 21 betän-

85 615 69 22 kande
176 621 34 15 n:o
233 616 20 24 3,
276 615 7 21 i
306 615 112 27 anledning
439 616 22 21 af
480 616 77 27 nådiga
572 616 157 27 propositionen
745 616 109 27 angående
869 622 39 15 an-

85 643 99 27 läggning
207 644 38 21 och
261 643 136 28 beskattning
412 644 22 21 af
448 644 143 27 mjölgvarnar
607 645 38 20 och
661 645 183 26 sädesstampverk
860 644 48 21 med

85 679 67 14 annan
169 672 97 22 drifkraft
281 675 26 19 än
324 675 77 24 vatten,
418 673 80 26 antagit
514 673 142 22 betänkandet
672 673 47 21 med
734 674 66 21 sådan
811 673 95 27 ändring,

86 703 31 19 att
141 701 40 21 den
204 701 21 21 af
246 701 105 22 utskottet
373 702 6 20 i
401 701 52 22 sista
472 704 116 19 momentet
604 702 23 21 af
640 702 47 21 dess
704 702 131 21 betänkande
851 701 56 22 före-

84 729 73 27 slagna
180 730 143 26 underdäniga
337 730 125 21 hemställan
478 730 31 21 till
524 731 59 21 Hans
599 730 117 27 Kejserliga
731 730 106 27 Majestät,
853 731 53 24 ,hu-

84 758 73 22 ruvida
180 759 58 21 Hans
263 759 117 26 Kejserliga
402 759 101 26 Majestät
525 759 62 22 funne
610 759 46 22 skäl
680 761 31 19 att
729 759 83 26 vidtaga
829 759 35 21 det
880 759 27 26 på

84 787 58 22 Hans
164 787 117 27 Kejserliga
304 788 99 25 Majestät
423 788 154 21 ankommande
592 788 89 21 initiativ
697 788 31 21 till
744 788 162 27 qvarnskattens

84 816 159 27 upphäfvande*
267 816 67 22 skulle
360 817 105 24 bortfalla,
483 823 47 16 men
546 817 65 21 första
627 819 114 19 momentet
757 817 22 22 af
791 818 115 20 utskottets

83 845 78 27 förslag
176 845 32 22 till
223 845 70 22 beslut
307 845 7 21 i
329 846 72 21 stället
417 845 80 22 erhålla
511 846 93 27 följande
620 846 125 21 förändrade
758 846 90 27 lydelse:
863 848 45 25 ,att

84 874 83 21 landets
183 874 111 27 höglofliga
309 875 86 21 ständer
410 875 65 21 måtte
490 875 100 25 förklara,
606 877 32 18 att
652 875 121 26 ständerna,
789 875 7 20 i
812 875 39 20 den
864 875 43 20 för-

84 903 108 27 hoppning
207 905 32 19 att
253 903 150 27 qvarnskatten
419 904 6 20 i
440 909 25 15 en
480 909 49 16 snar
543 903 86 22 framtid
644 903 75 22 varder
734 903 45 26 helt
792 904 38 21 och
841 903 66 21 hållet

84 931 100 28 upphäfd,
207 931 45 22 icke
275 932 135 21 oförändradt
432 932 81 27 antagit
543 933 39 20 den
605 932 119 26 föreslagna
748 931 158 28 författningen,

84 963 52 20 utan
151 960 33 22 för
198 961 31 21 sin
245 961 35 21 del
297 961 85 22 beslutit
397 961 32 21 till
444 967 26 15 en
485 961 24 21 sä
524 960 126 28 lydande:*;
667 963 54 19 samt

153 1027 18 20 e)
195 1026 31 19 att
249 1023 214 22 ekonomiutskottets
486 1023 139 22 betänkande
647 1030 33 15 n:o
703 1025 18 21 4,
738 1024 6 20 i
759 1024 113 25 anledning
888 1023 21 22 af

85 1052 76 26 nådiga
183 1053 158 26 propositionen
363 1053 108 26 angående
487 1059 24 15 en
527 1053 131 26 förordning,
675 1051 144 22 innefattande
835 1052 73 27 tillägg

85 1081 31 20 till
134 1081 76 26 nådiga
225 1081 149 26 förordningen
390 1087 33 16 om
439 1081 276 26 kommunalförvaltningen
732 1081 27 26 på
775 1081 77 26 landet,
869 1081 38 26 gif-

84 1110 101 49 naden
208 1111 12 20 6
243 1110 93 22 februari
358 1111 24 20 är
406 1111 61 24 1865,
483 1111 21 20 af
517 1110 86 21 ståndet
619 1109 66 22 blifvit
701 1110 136 21 oförändradt
852 1110 55 26 god-

99 1140 58 19 ändt.

152 1202 34 21 2:0
208 1201 46 21 från
277 1201 130 22 hedervärda
429 1201 154 22 bondeståndet
606 1200 21 22 af
648 1208 80 15 samma
744 1201 40 27 dag
801 1201 45 21 med
863 1200 45 22 till-

83 1229 167 27 kännagifvande

152 1287 21 26 a)
195 1288 32 20 att
249 1287 90 25 ständet,
363 1286 33 22 vid
418 1286 127 28 behandling
565 1287 23 21 af
602 1286 215 22 ekonomiutskottets
834 1286 74 21 betän-

83 1315 69 22 kande
167 1322 35 14 n:o
218 1316 12 20 3
246 1316 6 20 i
268 1315 113 25 anledning
396 1315 23 21 af
431 1316 77 26 nädiga
523 1316 167 26 propositionen,
702 1314 107 27 angäende
820 1315 87 25 anlägg-

83 1344 50 26 ning
156 1344 38 21 och
210 1344 135 26 beskattning
360 1344 21 20 af
395 1344 142 26 mjölavarnar
553 1344 38 21 och
608 1344 183 26 sädesstampverk
807 1343 47 21 med
870 1349 38 15 an-

83 1379 41 15 nan
141 1372 97 22 drifkraft
253 1375 26 19 än
295 1374 79 22 vatten,
389 1373 93 25 godkänt
498 1372 145 22 betänkandet
656 1372 65 26 jemte
732 1371 70 21 dertill
813 1371 93 21 hörande

83 1402 82 25 tillägg;
190 1408 47 14 men
260 1404 33 18 att
315 1400 213 23 ekonomiutskottets
551 1400 188 28 uppmärksamhet
761 1400 65 21 borde
842 1400 65 21 fästas

84 1430 78 23 dervid,
186 1431 32 19 att
241 1430 40 20 den
303 1429 67 21 finska
393 1429 178 27 öfversättningen
595 1429 23 21 af
638 1428 143 22 betänkandet
796 1429 46 21 icke
857 1434 51 16 vore

83 1458 107 20 verkstäld
206 1458 47 20 med
269 1458 102 24 tillbörlig
387 1464 82 18 omsorg
480 1458 39 20 och
530 1458 138 25 noggranhet,
681 1459 55 19 samt
749 1457 81 21 derföre
842 1457 66 21 borde

83 1492 75 20 genom
181 1486 116 20 utskottets
319 1486 82 24 försorg
423 1485 142 26 omredigeras
589 1485 40 21 och
644 1484 119 27 omtryekas
779 1484 63 21 innan
858 1485 49 20 den-

83 1520 81 15 samma
180 1514 6 21 i
202 1513 266 27 landtdagshandlingarna
483 1513 94 27 inginge;
595 1515 54 19 samt
