1050 1820
318 129 161 18 Presteståndet
491 130 53 17 1877.
567 131 25 16 27
603 134 61 13 mars.
831 125 41 21 369

149 196 40 23 Om
212 197 59 22 detta
293 197 96 22 ståndets
411 198 70 21 beslut
503 198 68 22 skulle
595 199 155 21 underrättelse
772 199 129 21 meddelas
889 192 15 37 i

81 226 196 27 protokollsutdrag
292 227 24 20 så
330 227 34 20 väl
380 227 31 20 till
426 227 138 21 medstånden
580 233 44 15 som
641 227 31 21 till
688 227 106 21 allmänna
807 227 95 21 besvärs-

80 255 111 20 utskottet.

149 397 118 27 Föredrogs
290 397 32 22 till
345 397 71 27 slutlig
437 397 130 28 behandling
590 397 216 22 ekonomiutskottets
829 398 72 21 betän-

81 426 69 21 kande
174 432 33 15 n:o
231 427 12 20 5
265 427 6 20 i
295 426 112 27 anledning
421 426 25 21 af
459 428 30 19 ett
505 427 32 21 till
553 426 133 22 hedervärda
700 426 156 22 bondeståndet
870 427 32 21 in-

81 455 95 21 lemnadt
197 455 211 27 petitionsmemorial
428 455 92 21 rörande
535 455 106 21 särskilda
656 455 99 27 åtgärder
770 455 131 22 beträffande

80 483 217 27 kronoskogsmarker
312 484 40 21 och
366 484 117 27 kronotorp
499 484 57 22 inom
572 484 114 21 desamma.

148 541 10 20 I
173 540 74 27 frågan
261 541 86 27 yttrade
362 540 40 26 sig:

149 598 111 21 Professor
274 598 122 21 Donner:
412 598 41 26 Jag
467 598 42 21 kan
525 598 19 27 ej
560 599 65 20 annat
641 596 55 22 finna
711 598 27 20 än
753 599 33 19 att
795 598 107 21 utskottet

81 626 39 21 har
141 627 34 21 för
197 628 82 26 strängt
301 626 70 22 tolkat
393 628 24 20 51
439 627 12 26 $
466 627 7 21 i
488 626 77 28 nådiga
580 626 229 27 landtdagsordningen
824 626 7 21 i
846 626 55 22 före-

81 655 92 21 varande
193 655 42 21 fall.
266 655 40 22 Om
321 656 19 20 vi
356 656 105 26 nämligen
477 655 98 27 påminna
590 661 34 16 oss
639 654 66 28 några
720 655 120 27 petitioner,
856 661 45 16 som

82 684 100 20 förevarit
201 684 7 21 i
223 684 162 26 presteståndet,
401 684 24 21 så
439 684 68 21 finnas
523 684 75 28 dylika,
613 684 6 21 i
635 684 72 21 hvilka
723 690 25 15 en
763 684 77 27 mängd
857 686 44 20 sär-

82 712 69 22 skilda
173 713 92 21 ärenden
287 714 37 20 äro
347 713 171 26 sammanstälda,
542 712 71 22 hvilka
633 712 61 22 hvart
709 712 32 22 för
757 713 31 26 sig
803 713 98 27 möjligen

81 741 72 21 kunde
175 747 61 15 anses
257 742 47 21 icke
326 742 25 21 så
372 744 53 18 nära
446 741 53 22 höra
521 742 31 21 till
575 742 26 21 de
623 742 73 23 andra,
711 747 54 21 men,
781 741 27 21 då
823 742 26 20 de
864 744 37 19 äro

82 770 165 21 sammanstälda
268 770 67 21 under
355 776 25 15 en
396 770 77 21 allmän
489 770 113 27 synpunkt,
617 770 90 21 sålunda
722 770 125 21 behandlats
862 770 39 22 och

82 799 60 21 äfven
163 799 23 21 af
199 798 85 22 ståndet
299 799 69 21 såsom
384 801 32 19 ett
430 801 131 24 gemensamt
576 798 79 22 ärende
669 799 136 21 remitterats.
836 799 66 21 Detta

82 829 24 19 är
120 828 60 20 fallet
195 828 101 20 särskildt
311 828 47 20 med
374 828 77 20 doktor
465 828 126 26 Hornborgs
606 827 96 27 petition.
731 827 52 21 Deri
792 827 49 27 ingå
851 827 50 21 flere

82 856 105 20 särskilda
208 857 105 19 moment:
329 858 38 21 ett,
382 856 73 20 såvida
467 856 37 26 jag
519 856 46 21 icke
580 856 133 20 missminner
728 855 49 27 mig,
793 856 108 26 angående

81 884 116 21 understöd
219 884 33 21 för
271 884 68 21 finska
354 884 73 21 skolor
441 884 39 21 och
496 887 31 19 ett
541 887 66 18 annat
621 884 109 27 angående
745 884 157 27 språkreskrip-

82 914 42 19 tets
139 911 170 28 genomförande.
340 912 123 21 Detsamma
478 919 37 14 var
529 912 60 21 fallet
605 913 46 20 med
668 913 31 20 ett
714 912 23 21 af
746 912 77 21 doktor
833 912 68 21 Nord-

82 943 66 19 ström
171 941 117 21 inlemnadt
309 941 185 27 petitionsförslag,
515 942 6 20 i
537 941 80 21 hvilket
631 941 119 27 påyrkades
765 940 101 27 höjandet
881 941 23 21 af

82 969 241 28 landtmannasjöfarten
345 975 74 20 genom
443 970 56 21 vissa
513 970 115 25 lättnader,
644 976 44 15 som
704 969 67 22 skulle
787 969 114 28 medgifvas

83 999 122 21 densamma
227 999 38 21 och
287 999 108 21 dessutom
410 998 217 27 navigationsskolans
642 999 7 20 i
664 998 88 27 Wiborg
767 999 134 26 utvidgande.

83 1027 62 22 Flere
168 1027 70 27 dylika
261 1028 114 26 petitioner
394 1028 61 20 torde
471 1028 62 21 hafva
548 1027 134 22 förekommit
698 1027 39 21 och
753 1033 34 15 om
803 1034 46 14 man
866 1027 35 21 be-

84 1056 83 21 traktar
183 1057 46 20 dem
244 1063 25 14 ur
285 1057 77 20 allmän
378 1056 106 27 synpunkt
499 1057 39 21 och
553 1057 73 21 ställer
642 1057 46 20 dem
705 1056 67 21 under
782 1062 25 15 en
817 1062 85 21 gemen-

84 1091 44 15 sam
152 1085 79 25 rubrik,
247 1085 41 21 kan
304 1091 49 15 man
368 1085 47 21 icke
429 1085 119 21 frånkänna
563 1086 47 20 dem
626 1087 31 19 ett
671 1085 53 20 visst
738 1085 45 20 inre
799 1091 103 15 samman-

84 1114 61 26 hang.
175 1114 41 27 Jag
231 1119 62 16 anser
308 1114 71 21 derför
394 1115 31 19 att
441 1113 130 22 beträffande
586 1113 39 21 här
640 1113 172 21 förekommande
825 1113 76 27 frågor,

83 1149 45 14 som
153 1143 105 20 utskottet
278 1142 70 22 ansett
370 1149 51 14 vara
436 1142 23 21 så
474 1143 69 20 skilda
557 1142 46 21 från
620 1142 125 25 hvarandra,
761 1141 142 23 förhållandet

83 1171 68 21 skulle
174 1170 64 22 blifva
253 1171 123 26 detsamma,
392 1177 34 14 om
442 1177 47 15 man
506 1171 114 21 benämner
636 1171 46 20 dem
698 1171 32 20 till
747 1171 104 26 exempel:
867 1177 36 20 pe-

83 1199 87 22 titioner
193 1205 33 16 om
249 1199 126 27 kronojords
396 1199 153 22 förhållanden.
580 1199 69 21 Häraf
668 1199 94 27 framgår
780 1199 65 27 enligt
859 1199 44 22 min

83 1229 70 26 tanke,
169 1230 33 19 att
217 1228 104 21 utskottet
337 1228 46 21 icke
398 1228 49 21 bort
463 1235 50 14 vara
523 1228 133 21 förhindradt
666 1230 32 19 att
709 1228 119 27 handlägga
841 1228 62 21 dessa

83 1257 114 26 petitioner
213 1257 38 21 och
267 1257 77 26 afgifva
359 1257 110 21 utlätande
485 1257 58 21 öfver
558 1257 113 26 desamma,
686 1257 123 26 isynnerhet
821 1263 45 15 som
877 1257 26 21 de

83 1286 78 26 frägor,
184 1291 45 16 som
253 1286 44 21 deri
320 1285 94 27 beröras,
439 1288 36 19 äro
499 1286 132 27 synnerligen
653 1285 79 27 vigtiga
747 1285 38 21 och
802 1285 35 21 det
852 1291 51 16 vore

84 1315 91 26 önskligt
191 1317 31 18 att
238 1314 25 22 de
279 1314 68 21 blefve
362 1315 90 20 utredda
467 1319 54 16 samt
536 1316 33 20 att
584 1315 65 26 något
662 1314 111 21 uttalande
788 1314 47 21 från
846 1314 57 21 stän-

84 1343 51 22 dens
157 1343 46 21 sida
224 1343 96 22 deröfver
342 1343 70 21 kunde
435 1343 44 21 ske.
508 1343 33 22 En
563 1343 162 26 omständighet,
748 1349 45 14 som
817 1343 86 20 dermed

84 1371 174 27 sammanhänger
279 1372 38 20 och
333 1378 45 14 som
394 1372 62 20 väckt
472 1372 83 26 mycket
570 1372 88 26 stridiga
672 1371 115 25 meningar,
803 1371 100 21 särskildt

83 1401 56 20 inom
163 1400 82 21 landets
267 1400 75 26 högsta
358 1401 94 26 styrelse,
468 1402 23 19 är
506 1400 74 26 frägan
595 1406 34 15 om
645 1400 107 26 ätskilliga
766 1400 81 20 kronan
863 1400 40 20 för-

84 1428 98 22 behällna
203 1429 168 25 impedimenter,
394 1428 71 22 hvilka
487 1428 66 22 finnas
569 1429 6 20 i
591 1435 25 15 en
633 1428 32 21 del
681 1428 90 25 trakter,
784 1428 36 26 jag
836 1430 45 19 tror
896 1428 7 21 i

84 1456 115 26 Saarijärvi
221 1457 39 20 och
282 1456 108 25 Karstula,
411 1457 71 19 hvilka
497 1457 48 25 ingä
561 1457 6 19 i
583 1456 127 26 egendomar
725 1462 45 14 som
787 1456 63 20 redan
866 1462 37 14 un-

84 1484 84 26 dergätt
190 1484 108 22 storskifte
321 1484 39 20 och
382 1490 33 15 om
435 1484 72 20 hvilka
521 1485 98 20 senatens
633 1484 94 25 justitie-
743 1483 38 21 och
797 1484 107 20 ekonomi-

84 1512 147 28 departement
246 1512 63 22 hafva
324 1512 77 22 uttalat
416 1512 33 27 sig
463 1512 63 22 olika.
548 1512 41 21 Det
604 1512 54 21 hade
673 1518 25 14 ur
714 1512 69 21 denna
797 1512 107 26 syupunkt

813 1552 22 16 24
