1056 1836
187 136 42 20 460
396 139 160 18 Presteståndet
569 139 53 16 1877.
648 139 24 16 10
686 137 58 22 april.

159 208 104 26 nämligen
279 207 164 21 bondeståndets
457 207 124 26 inbjudning
596 206 45 22 icke
656 206 52 21 böra
724 206 21 21 af
758 205 156 27 presteståndet
929 204 50 27 god-

158 238 82 20 kännas
255 236 76 25 derför,
347 238 32 19 att
393 236 7 20 i
416 236 40 21 den
471 235 72 27 frågan
559 236 66 26 ligger
640 241 25 15 en
681 234 156 26 förutsättning,
853 235 32 20 att
899 233 80 21 bonde-

159 265 85 22 ståndet
265 271 68 19 anser,
357 266 31 20 att
411 265 35 21 det
468 270 50 15 vore
539 265 83 26 mycket
637 265 78 19 vunnet
730 262 32 22 för
778 263 152 21 kommunerna
945 268 34 15 om

159 294 42 21 alla
216 294 55 26 slags
286 292 109 27 utskylder
406 292 130 21 omedelbart
547 293 106 26 uppbäras
665 291 21 22 af
698 292 152 21 kommunerna
862 290 52 27 sjelf.
930 290 49 21 Men

160 329 26 14 en
210 322 66 21 sådan
291 321 134 27 uppfattning
439 320 68 22 hvilar
521 321 27 26 på
564 321 36 21 det
615 320 125 26 antagande,
756 321 32 19 att
804 319 35 21 det
854 319 45 22 icke
915 319 66 21 finnes

159 351 69 26 någon
251 357 69 14 annan
342 349 95 27 förening
453 352 26 19 än
494 350 134 21 kommunen.
659 349 159 21 Kommunerna
832 349 34 20 stå
880 347 7 21 i
902 347 79 22 förhål-

158 379 63 21 lande
236 379 32 20 till
283 378 95 26 häradet,
394 385 44 14 som
454 378 95 26 betingas
565 378 21 21 af
600 377 66 22 andra
681 377 146 26 rättsgrunder
838 376 39 21 och
889 376 93 21 bestäm-

159 407 75 28 ningar
249 409 26 20 än
291 407 32 26 de,
339 413 45 15 som
400 407 71 21 kunna
486 413 50 15 vara
551 407 97 26 gällande
662 406 57 21 inom
734 406 157 21 kommunerna.
914 405 67 21 Hära-

159 436 37 21 det
210 438 62 24 utgör
288 442 24 15 en
328 435 95 26 förening
438 441 44 16 som
498 435 121 26 visserligen
634 435 6 20 i
657 435 73 26 många
743 434 111 21 afseenden
867 433 46 22 icke
924 440 58 15 mera

159 465 39 21 har
214 465 39 20 den
269 464 110 27 praktiska
393 464 114 27 betydelse,
523 470 45 15 som
584 465 7 19 i
605 463 62 22 forna
681 463 61 25 tider,
756 469 47 15 men
813 469 45 15 som
872 462 54 21 dock
935 462 47 22 icke

160 495 24 19 är
205 492 88 23 faktiskt
313 492 99 28 upphäfd.
442 493 77 21 Derför
541 499 61 15 anser
621 492 37 27 jag
680 492 64 21 också
766 493 31 20 att
819 491 35 22 det
870 491 41 22 kan
926 491 56 27 ligga

160 521 84 28 mycket
261 522 89 27 sanning
365 522 6 20 i
387 521 36 22 det
438 521 114 27 uttalande,
569 528 45 15 som
630 521 76 21 doktor
721 520 71 27 Bergh
806 520 40 21 har
860 519 122 27 framhållit,

160 553 22 24 ty
205 550 104 22 missbruk
331 551 72 20 kunna
421 549 67 23 finnas
504 550 96 21 öfverallt
616 549 38 22 och
667 550 36 26 jag
718 549 80 22 känner
813 549 75 26 många
904 549 79 21 sådana

160 579 22 21 af
202 580 85 21 svårare
309 582 39 23 art,
372 585 47 15 men
439 579 37 26 jag
498 585 62 16 anser
575 579 35 21 det
625 578 47 21 icke
687 585 50 14 vara
752 579 24 21 så
790 577 88 22 alldeles
892 579 44 20 rätt
952 579 32 20 att

160 608 32 20 för
208 608 141 21 missbrukens
365 608 54 20 skull
435 607 88 22 afskaffa
539 609 63 25 något
618 607 82 26 sådant,
716 613 44 15 som
776 607 6 20 i
797 607 30 26 sig
843 607 48 25 sjelf
899 608 24 20 är
933 608 49 19 rätt.

160 636 50 21 Man
226 636 42 21 kan
283 636 46 21 icke
344 636 73 26 riktigt
432 638 51 24 göra
498 636 32 20 för
545 636 30 26 sig
590 636 63 22 klart,
669 635 54 21 huru
733 635 105 26 åtskilliga
851 635 133 27 betalningar

161 664 68 22 skulle
251 664 186 27 sammanbringas,
460 671 34 15 om
517 664 152 22 kommunerna
691 664 68 21 skulle
774 664 56 20 inom
846 664 32 26 sig
892 664 90 20 förrätta

160 693 73 27 hvarje
248 693 125 27 uttaxering.
403 694 42 20 Det
461 695 23 19 är
499 695 14 19 t.
525 700 31 14 ex.
569 700 26 13 en
606 694 142 25 entreprenör,
760 698 45 16 som
816 692 38 21 har
865 698 24 15 en
901 698 81 16 summa

161 723 32 20 att
214 722 101 27 uppbära,
332 722 67 20 denna
415 722 41 20 kan
472 722 51 21 visst
537 721 90 22 fördelas
643 721 53 21 efter
711 720 88 26 mantal;
815 727 48 15 men
879 727 48 15 man
942 720 41 22 kan

160 750 47 22 icke
222 752 77 25 antaga
315 752 31 19 att
361 750 144 26 kronofogden
521 752 24 20 är
559 750 82 27 skyldig
656 752 32 19 att
703 750 80 21 fördela
798 750 61 21 dessa
877 751 51 20 utan
943 750 39 20 nä-

160 785 42 21 gon
218 780 122 26 ersättning.
357 779 42 21 För
414 785 79 15 samma
509 779 116 27 ersättning
641 779 41 20 kan
692 779 42 21 han
744 778 60 22 äfven
816 778 52 22 bära
880 784 43 21 upp
934 778 47 21 allt-

161 814 105 15 sammans
282 807 39 22 och
336 807 71 22 betala
423 808 36 21 det
473 809 22 20 åt
511 810 171 25 entreprenören,
698 814 44 14 som
759 808 6 20 i
780 809 66 19 annat
861 806 37 22 fall
913 807 68 21 skulle

160 836 22 22 få
196 842 47 15 resa
259 836 96 26 omkring
369 837 7 20 i
392 838 30 19 ett
437 836 115 22 vidsträckt
567 837 66 21 härad
648 835 46 22 från
709 836 78 21 socken
799 836 32 20 till
842 836 83 21 socken.
940 836 42 26 Jag

161 871 62 15 anser
239 864 69 22 derför
323 867 32 19 att
370 865 35 21 det
419 865 47 21 icke
481 871 50 15 vore
545 865 32 21 till
593 866 69 25 någon
677 864 80 27 verklig
772 866 66 26 nytta,
854 870 35 15 om
902 866 80 25 preste-

160 894 85 20 ståndet
267 893 68 21 skulle
355 893 74 21 förena
443 894 31 25 sig
490 894 47 21 med
552 893 161 26 bondeståndet,
730 895 51 19 utan
800 893 79 26 tycker,
896 895 32 19 att
946 893 35 21 det

160 921 77 27 beslut,
260 921 32 21 till
315 921 80 21 hvilket
415 922 155 26 presteståndet
593 922 49 21 kom
661 921 33 21 vid
711 922 35 21 det
762 921 88 26 tillfälle,
866 921 27 21 då
908 921 73 26 frågan

160 950 89 26 förevar,
265 949 39 22 bör
319 950 122 21 bibehållas.

229 1001 77 21 Pastor
321 1001 111 21 Lilius:
456 1001 160 22 Presteståndet
631 1001 65 21 borde
711 1001 47 22 icke
769 1001 75 26 frångå
854 1001 37 21 sitt
904 1001 74 21 beslut.

161 1029 40 22 Om
223 1029 84 22 ståndet
330 1032 88 24 antager
440 1030 165 21 bondeståndets
625 1029 129 28 inbjudning,
770 1031 23 20 så
808 1031 24 19 är
847 1030 36 21 det
898 1029 82 27 mycket

160 1057 80 28 troligt,
255 1059 32 20 att
303 1059 76 20 tvänne
394 1058 61 21 stånd
471 1058 84 21 komma
570 1061 32 18 att
617 1060 75 19 stanna
707 1059 45 20 mot
767 1061 83 18 tvänne.
866 1057 33 22 Då
914 1057 69 22 blefve

160 1086 46 22 icke
221 1087 70 26 någon
306 1086 65 27 laglig
386 1087 107 26 pluralitet
509 1087 39 21 och
563 1087 49 21 hela
627 1087 159 26 propositionen
801 1087 83 21 komme
900 1089 32 19 att
942 1087 40 20 för-

159 1115 57 25 falla,
232 1115 77 21 hvilket
327 1115 67 22 skulle
409 1121 51 16 vara
475 1122 26 15 en
516 1117 45 20 stor
575 1115 67 22 skada
657 1115 39 22 och
711 1116 46 21 icke
772 1116 84 21 komma
872 1117 32 20 att
914 1121 68 22 gagna

159 1143 160 22 bondeståndet.

229 1189 110 21 Professor
353 1189 131 22 Donner:
506 1189 40 27 Jag
561 1189 97 22 anmälde
674 1189 42 27 mig
731 1189 45 22 icke
791 1190 35 21 vid
841 1190 41 21 den
896 1191 84 20 senaste

160 1217 146 21 diskussionen
321 1217 33 21 för
369 1220 31 18 att
415 1217 72 22 förena
502 1219 43 25 mig
560 1224 34 14 om
610 1219 36 19 det
661 1219 109 20 uttalande
786 1224 45 15 som
846 1219 134 25 domprosten

159 1246 57 26 Borg
241 1246 27 21 då
283 1246 80 26 gjorde.
392 1246 40 26 Jag
447 1246 37 21 ber
500 1248 31 19 att
546 1246 21 22 få
581 1248 52 24 göra
649 1246 35 21 det
699 1252 28 15 nu
743 1246 39 22 och
797 1246 7 21 i
819 1246 161 22 öfverensstäm-

160 1274 65 21 melse
240 1274 86 21 dermed
341 1274 68 21 skulle
421 1274 36 27 jag
473 1280 49 15 anse
538 1275 35 20 det
588 1281 51 14 vara
654 1275 46 20 skäl
715 1277 32 18 att
762 1277 77 24 antaga
854 1274 128 22 bondestån-

160 1302 46 21 dets
221 1303 128 26 inbjudning.
381 1303 42 21 Det
438 1309 61 20 synes
510 1303 105 26 nämligen
625 1303 73 26 ligga
689 1298 12 36 i
709 1304 75 21 sakens
797 1306 62 19 natur
869 1306 32 18 att
911 1303 69 22 lands-

158 1331 154 21 kommunerna
334 1331 65 21 borde
417 1331 84 22 komma
516 1331 6 21 i
537 1331 83 22 tillfälle
634 1333 33 19 att
683 1331 119 27 ombesörja
816 1332 37 21 sitt
868 1332 113 26 penninge-

159 1359 91 22 väsende
271 1359 39 22 och
332 1360 32 21 sin
386 1359 97 27 uppbörd
503 1361 28 25 på
549 1366 81 15 samma
645 1361 43 20 sätt
703 1366 45 15 som
764 1360 216 21 stadskommunerna.

228 1403 93 22 Prosten
335 1404 96 27 Hjelt:
455 1400 66 25 Äfven
535 1405 36 26 jag
585 1403 85 22 förenar
685 1404 42 26 mig
739 1405 49 21 med
798 1405 54 25 dem,
863 1411 44 15 som
919 1404 61 22 hafva

159 1431 102 29 tillstyrkt
283 1432 128 27 antagandet
433 1432 22 21 af
470 1432 164 22 bondeståndets
650 1433 123 27 inbjudning
788 1433 39 22 och
842 1433 68 22 skulle
927 1433 53 22 blott

159 1461 50 27 vilja
228 1461 87 27 tillägga
330 1463 38 24 att,
384 1461 43 21 ifall
443 1461 40 22 den
499 1461 22 22 af
534 1461 155 27 presteståndet
704 1461 68 22 blefve
787 1464 98 25 antagen,
901 1465 79 24 preste-

159 1490 85 22 ståndet
265 1489 68 22 skulle
355 1489 68 22 tillika
438 1490 68 21 uttala
521 1490 40 21 den
576 1490 62 27 åsigt,
654 1492 31 19 att
700 1490 73 27 frågan
789 1497 49 15 vore
854 1491 22 21 af
890 1491 40 22 den
946 1491 35 22 be-

159 1518 124 26 skaffenhet,
299 1520 32 20 att
347 1519 39 21 den
401 1519 46 21 icke
462 1518 31 22 får
508 1519 89 26 förfalla,
613 1519 135 27 hvarigenom
760 1520 7 20 i
778 1520 100 21 händelse
890 1519 90 28 lagenlig
