1070 1811
196 144 12 19 4
412 147 158 18 Presteståndet
583 147 52 17 1877.
660 147 25 16 25
696 147 43 20 jan.

234 216 70 22 Sedan
326 216 85 21 ståndet
431 216 52 21 härå
505 217 70 20 ansett
597 215 31 26 sig
643 214 115 27 behörigen
773 214 157 21 konstitueradt
944 214 39 21 och

166 245 151 22 fullmakterna
337 245 34 20 för
391 245 79 21 talman
492 246 55 19 samt
569 243 45 22 vice
636 243 80 22 talman
739 243 68 22 blifvit
822 243 106 27 upplästa,
943 243 41 21 till-

166 273 108 28 kännagaf
287 273 26 22 hr
327 274 178 25 talmannen,
521 275 32 19 att
567 271 167 26 underskrifven,
750 272 129 21 öfverlärare
889 271 35 22 vid
934 277 51 16 nor-

166 303 124 27 mallyceum
312 303 6 20 i
339 302 139 27 Helsingfors,
502 301 51 21 Carl
568 301 74 21 Johan
657 301 133 27 Lindeqvist,
805 306 45 16 som
865 301 35 21 vid
914 301 71 21 landt-

166 332 68 26 dagen
250 332 55 21 1872
320 332 55 20 varit
390 331 95 21 ståndets
500 331 138 25 sekreterare,
654 330 27 26 på
695 330 108 27 förfrågan
819 330 23 21 af
855 329 26 21 hr
895 329 90 21 talman-

166 366 40 16 nen
228 360 103 22 förklarat
353 360 31 27 sig
398 359 59 27 villig
472 361 32 19 att
518 359 60 21 äfven
593 358 35 22 vid
643 358 68 22 denna
726 358 102 27 landtdag
843 358 143 21 sekreterare-

166 388 145 27 befattningen
333 389 6 21 i
362 388 84 22 ståndet
467 388 114 26 öfvertaga,
603 394 33 14 om
660 387 84 21 ståndet
762 388 49 20 ville
826 387 123 21 densamma
963 386 22 22 åt

166 418 78 21 honom
267 416 103 27 anförtro;
394 417 39 21 och
456 419 64 24 antog
541 416 85 22 ståndet
648 415 102 27 enhälligt
771 415 159 22 undertecknad
953 415 32 21 till

166 446 96 22 ståndets
278 446 131 21 sekreterare
425 445 34 21 vid
475 445 141 22 innevarande
631 444 107 27 landtdag.

234 492 32 22 Hr
281 492 163 21 talmannen
459 491 134 27 uppmanade
607 497 29 15 nu
650 490 85 22 ståndet
750 493 32 19 att
796 497 76 21 genom
887 490 34 21 val
936 490 48 22 med

166 522 71 21 slutna
258 521 69 21 sedlar
347 522 47 20 utse
416 520 143 24 medlemmar,
582 520 32 21 till
629 520 81 21 antalet
726 520 32 26 12,
774 520 8 21 i
797 520 40 21 den
852 519 131 27 deputation,

166 556 45 16 som
224 550 66 27 jemte
305 550 148 26 deputationer
467 549 46 21 från
529 549 25 21 de
571 549 67 27 öfriga
652 548 89 22 stånden
756 548 69 21 skulle
839 548 7 21 i
859 554 88 21 morgon
957 548 27 26 på

166 579 23 21 af
208 578 218 27 generalguvernören
448 578 123 21 utsättande
593 578 72 21 timme
685 577 79 21 infinna
779 577 32 27 sig
825 578 13 20 å
853 577 107 21 tronsalen
976 577 7 21 i

166 607 118 27 Kejserliga
305 607 97 26 palatset,
425 606 147 27 ridderskapet
594 605 39 22 och
656 605 59 22 adeln
739 605 67 22 under
827 605 117 22 anförande
963 605 23 22 af

165 635 195 22 landtmarskalken
376 638 56 18 samt
447 635 26 21 de
488 635 67 26 öfriga
573 635 89 21 stånden
678 634 121 21 företrädde
810 634 23 21 af
842 634 46 21 sina
898 634 85 24 talmän,

166 665 33 20 för
222 666 32 19 att
268 664 55 21 inför
338 664 58 21 Hans
412 664 50 21 Exc.
477 663 218 27 generalguvernören
711 663 76 26 betyga
807 663 125 21 ständernas
947 669 37 14 un-

167 693 115 26 derdåniga
296 692 133 21 tacksamhet
444 692 31 21 till
491 692 58 21 Hans
564 691 118 27 Kejserliga
693 691 99 27 Majestät
802 691 33 21 för
845 691 139 27 landtdagens

166 721 201 26 sammankallande,
383 721 107 21 äfvensom
505 721 34 20 för
553 722 33 19 att
598 720 90 26 anhålla,
700 720 36 21 det
746 720 59 21 Hans
815 720 110 21 Excellens
936 719 48 22 ville

165 750 118 21 bestämma
306 750 40 26 dag
368 750 40 21 och
429 750 72 21 timme
523 748 33 23 för
576 749 139 26 landtdagens
735 749 116 26 högtidliga
867 749 116 26 öppnande.

165 779 161 27 Ifrågavarande
342 778 34 21 val
391 778 61 21 utföll
467 778 94 25 sålunda,
578 779 32 20 att
624 778 32 21 till
672 777 94 22 ståndets
781 777 130 27 deputerade
926 777 59 22 utså-

165 814 49 21 gos:
238 807 135 28 domprosten
395 807 120 21 Renvall
531 807 39 21 och
586 807 76 21 doktor
678 806 153 27 Hornborg
845 806 48 22 med
909 807 27 20 30
951 808 34 19 rö-

166 839 50 25 ster,
238 839 135 24 domprosten
395 837 74 26 Borg
491 835 39 22 och
551 838 85 25 prosten
658 835 82 26 Hjelt
760 836 48 20 med
829 836 34 26 29,
878 835 106 27 professor

166 866 150 21 Ehrström
331 865 47 21 med
394 865 34 26 23,
444 865 223 27 kontraktsprostarne
682 864 147 26 Grönberg
845 864 39 21 och
896 864 88 21 Ande-

165 895 41 20 lin
226 895 48 20 med
295 895 33 22 22,
343 894 107 26 professor
465 894 132 20 Forsman
613 893 47 21 med
676 893 33 25 20,
724 893 107 26 professor
846 893 84 21 Cleve
945 893 39 20 och

166 923 142 21 öfverläraren
324 922 131 21 Kihlman
470 922 47 21 med
535 923 24 20 17
573 923 54 20 samt
637 922 199 26 kontraktsprosten
848 920 136 22 Hackzell

166 952 39 21 och
221 952 78 21 doktor
314 952 118 26 Lampén
448 951 47 21 med
512 952 25 20 16
553 952 74 20 röster.
658 950 107 27 Derjemte
781 950 80 21 beslöts
876 952 39 24 att,
926 950 7 20 i
946 950 39 21 lik-

165 981 36 21 het
216 980 48 22 med
280 980 54 21 hvad
348 980 60 21 fallet
423 980 55 21 varit
493 980 34 20 vid
542 979 126 27 föregående
683 979 132 27 landtdagar,
827 985 82 15 samma
919 978 66 28 depu-

165 1010 68 21 tation
256 1009 66 21 skulle
343 1009 67 21 under
432 1008 47 22 hela
502 1009 39 20 den
557 1009 38 25 tid,
610 1008 127 26 landtdagen
754 1014 67 20 varar,
837 1008 34 21 vid
887 1008 42 20 alla
944 1007 40 21 till-

164 1038 72 27 fällen,
252 1038 37 21 der
304 1038 76 21 sådant
394 1038 71 20 kunde
479 1037 159 27 ifrågakomma,
659 1038 146 26 representera
821 1036 163 28 presteståndet,

165 1069 55 19 samt
236 1069 37 21 att,
289 1066 33 22 för
336 1066 101 21 händelse
452 1066 23 21 af
488 1066 70 21 förfall
574 1066 33 21 för
622 1066 68 26 någon
705 1066 23 20 af
742 1066 25 20 de
778 1065 135 27 deputerade,
925 1065 59 21 desse

165 1096 69 21 skulle
256 1096 109 26 suppleras
384 1095 21 21 af
427 1096 26 20 de
474 1101 36 15 sex
532 1095 219 25 ståndsmedlemmar,
767 1100 45 16 som
827 1096 48 20 näst
891 1094 53 21 efter
959 1096 26 20 de

165 1125 61 21 valde
246 1130 50 16 voro
318 1126 95 19 närmast
433 1124 6 22 i
464 1124 93 25 röstetal,
581 1124 113 27 nämligen:
718 1125 110 25 prostarne
843 1123 142 22 Borenius

166 1154 39 21 och
226 1153 151 27 Bergroth,
398 1153 127 22 doktorerne
545 1153 135 22 Lindelöf
693 1153 40 21 och
748 1153 167 20 Nordström
930 1154 55 19 samt

165 1184 111 25 prostarne
296 1182 137 21 Bäckvall
457 1182 38 21 och
517 1182 148 21 Johnsson.
695 1181 78 21 Vidare
797 1181 67 21 beslöt
879 1181 85 21 ståndet
978 1181 7 21 i

166 1211 151 26 sammanhang
339 1210 94 26 härmed,
456 1212 32 19 att
511 1211 25 20 de
551 1211 41 20 fem
607 1210 67 21 förste
690 1210 64 20 bland
769 1210 138 20 förenämnde
922 1209 63 27 depu-

164 1240 82 24 terade,
270 1239 116 26 nämligen:
412 1239 136 26 domprosten
573 1238 126 27 Renvall,
724 1238 77 21 doktor
825 1238 159 26 Hornborg,

165 1268 135 26 domprosten
323 1268 81 25 Borg,
427 1271 86 23 prosten
536 1268 80 26 Hjelt
638 1266 40 22 och
699 1266 106 26 professor
825 1267 158 25 Ehrström,

164 1296 68 21 skulle
252 1296 57 21 bilda
326 1296 39 20 den
382 1296 128 26 deputation,
525 1302 52 19 som,
594 1295 64 26 enligt
674 1295 48 25 öflig
737 1295 43 23 sed,
796 1295 52 26 egde
864 1297 33 18 att
911 1295 32 21 till
959 1294 26 21 de

165 1324 67 26 öfriga
248 1324 87 21 stånden
350 1324 108 20 frambära
476 1324 166 26 presteståndets
658 1324 151 25 aktningsfulla
824 1323 161 21 välkomsthels-

164 1354 51 24 ning
232 1353 39 20 och
286 1353 152 25 lyckönskning
453 1352 32 20 till
500 1352 138 26 landtdagens
655 1352 119 26 öppnande;
791 1352 38 20 och
845 1352 69 20 skulle
924 1352 60 20 desse

165 1381 129 26 deputerade
309 1381 56 20 inom
382 1380 30 26 sig
424 1382 47 18 utse
487 1380 132 25 ordförande,
640 1380 100 26 antingen
756 1385 25 15 en
797 1386 121 20 gemensam
934 1379 51 21 eller

165 1415 26 15 en
207 1409 89 21 särskild
311 1408 33 22 för
359 1408 106 27 helsnings
482 1408 143 26 framsägande
641 1408 32 21 till
688 1408 73 27 hvarje
779 1408 67 21 stånd.

233 1454 59 22 Härä
313 1454 101 22 ätskildes
435 1454 84 22 ståndet
540 1454 28 22 kl.
584 1454 49 27 '/,3
649 1460 17 16 e.
682 1461 37 20 m.,
734 1454 33 21 för
781 1455 33 20 att
834 1454 2 21 i
851 1460 88 21 morgon
955 1454 28 21 kl.

166 1486 23 20 11
208 1484 13 21 f.
238 1490 27 15 m.
281 1484 53 27 ånyo
350 1483 187 22 sammankomma.

735 1511 22 17 In
768 1511 62 18 fidem:

650 1540 52 21 Carl
716 1540 49 21 Joh.
782 1540 133 29 Lindeqvist.
