1056 1825
189 124 40 21 192
400 129 159 18 Presteståndet
573 130 53 17 1877.
650 130 12 16 6
674 134 61 13 mars.

159 198 67 20 hålles
240 198 7 20 i
264 197 39 21 den
319 198 89 20 relation
425 204 33 14 om
475 198 137 21 statsverkets
628 199 101 25 tillständ,
746 205 44 15 som
807 198 105 26 delgifvits
922 200 56 18 stän-

160 226 72 20 derna.
262 226 42 21 För
326 226 24 20 år
374 226 52 20 1872
447 228 24 18 är
486 226 37 20 der
539 226 32 20 för
586 227 122 26 postverket
723 230 106 24 upptagen
845 233 25 14 en
886 227 93 20 inkomst

195 255 92 25 576,000
303 254 37 21 ech
357 261 26 14 en
399 254 64 28 utgift
478 254 22 22 af
513 256 90 22 534,000
619 255 66 23 mark,
700 256 32 21 för
748 256 23 20 år
785 256 53 20 1873
850 262 25 14 en
886 255 93 21 inkomst

160 283 22 20 af
201 283 91 26 642,000
315 283 39 21 och
378 284 62 25 utgift
461 283 22 20 af
499 284 91 26 493,000
605 284 61 20 mark
681 286 55 19 samt
751 284 32 21 för
798 284 23 21 år
840 284 52 21 1874
908 290 25 14 en
948 284 31 20 in-

159 312 71 21 komst
252 312 22 21 af
295 313 90 24 712,000
407 312 38 21 och
462 318 25 14 en
502 312 63 27 utgift
581 311 22 22 af
618 312 90 25 574,000
724 313 67 21 mark.
821 313 65 20 Detta
900 312 79 21 förhål-

160 341 68 24 lande,
245 342 32 19 att
293 341 122 26 postverket
431 341 38 20 har
484 347 25 14 en
525 341 94 26 betydlig
634 341 113 27 besparing
762 341 23 21 af
799 341 31 21 sin
846 341 98 25 inkomst,
956 343 24 18 är

159 369 65 27 något
244 370 7 20 i
273 369 76 26 högsta
368 370 52 24 grad
443 369 120 27 oegentligt,
587 370 33 25 då,
636 369 69 22 såsom
721 370 79 21 enhvar
815 370 86 25 känner,
916 372 64 18 stats-

160 399 83 20 verkets
259 398 161 25 försändningar
436 399 47 20 med
499 402 74 23 posten
589 399 37 20 ske
642 399 125 26 afgiftsfritt.
797 399 35 20 Nu
846 405 55 20 eger,
915 399 65 26 enligt

160 426 83 27 uppgift
264 426 47 21 från
327 427 23 20 år
368 427 59 24 1875,
444 427 71 21 landet
530 427 74 21 endast
620 427 26 21 85
662 428 152 26 postanstalter
829 427 39 22 och
884 433 95 15 summan

160 456 22 21 af
196 455 161 26 försändningar
373 456 22 21 af
409 456 51 25 bref,
477 456 97 26 paketter
590 462 26 14 m.
628 461 25 15 m.
667 457 18 20 d.
698 457 64 26 stiger
772 456 32 21 till
816 456 53 21 blott
881 457 11 19 2
905 455 74 21 millio-

159 491 44 14 ner.
234 484 26 21 Vi
283 490 50 15 vore
356 491 25 14 ur
403 485 61 20 stånd
484 487 31 18 att
531 487 97 18 närmare
644 484 89 21 bedöma
749 485 61 20 dessa
825 484 79 21 siffrors
920 484 60 27 bety-

160 513 64 24 delse,
247 519 33 14 om
303 513 19 20 vi
345 513 46 20 icke
405 513 6 20 i
427 513 152 26 frågavarande
596 513 118 21 hänseende
730 514 68 21 vände
813 519 34 15 oss
863 513 32 20 till
913 513 67 20 andra

159 542 82 25 länder,
257 547 45 15 som
318 542 32 20 stå
367 548 33 15 oss
416 543 99 20 närmast.
541 542 57 21 Göra
614 542 18 20 vi
649 542 65 24 detta,
730 542 21 21 få
766 543 19 20 vi
798 548 24 15 en
834 541 145 27 föreställning

160 577 33 14 om
210 571 62 20 deras
287 569 154 28 ofördelaktiga
457 571 130 21 vittnesbörd
604 576 33 15 om
650 570 46 22 vårt
708 571 56 21 land.
788 571 10 21 I
810 571 83 26 Sverige
904 571 75 20 funnos

160 599 24 21 år
200 599 55 21 1874
272 599 60 27 1,200
348 599 155 27 postanstalter.
535 599 38 22 Om
593 599 19 21 vi
628 599 80 22 fördela
725 600 58 21 detta
798 599 59 22 antal
872 599 53 21 efter
940 599 40 21 den

160 628 131 26 proportion,
307 628 6 20 i
329 628 83 21 hvilken
429 628 149 27 folkmängden
593 629 7 19 i
616 629 46 20 vårt
673 629 49 20 land
734 628 44 22 står
789 629 30 21 till
831 628 148 26 folkmängden

160 658 6 20 i
182 656 91 28 Sverige,
290 657 65 21 borde
371 657 80 21 således
467 657 90 21 Finland
573 663 38 21 ega
626 658 87 25 ungefär
729 658 41 20 500
785 657 157 27 postanstalter.
970 658 10 20 I

160 686 78 26 Norge,
261 692 45 15 som
329 686 39 20 har
389 686 88 26 ungefär
499 692 81 15 samma
595 686 122 27 folkmängd
733 686 38 22 och
787 687 6 19 i
809 686 35 21 det
859 686 48 21 hela
922 689 58 23 taget

160 721 81 15 samma
261 715 147 27 utsträckning
423 715 6 20 i
444 715 63 26 längd
529 722 44 14 som
589 716 47 20 vårt
650 716 56 26 land,
721 715 75 21 funnos
812 716 23 20 år
853 716 52 20 1872
921 717 59 25 post-

161 744 102 21 anstalter
278 744 32 20 till
326 746 31 18 ett
372 744 57 21 antal
445 744 22 20 af
482 745 39 20 719
538 744 39 21 och
593 744 55 20 bref-
663 744 39 21 och
718 744 262 26 pakettförsändningarna

161 775 59 24 stego
244 773 37 21 der
296 772 6 22 i
318 772 36 21 det
376 774 106 20 närmaste
497 772 32 22 till
546 773 48 27 71/,
610 773 100 27 miljoner.
742 773 82 26 Norges
839 772 143 27 postinkomst

161 802 90 25 uppgick
267 801 32 21 till
316 802 45 26 1'/,
377 802 71 26 miljon
465 802 78 20 kronor
559 802 39 21 och
614 801 114 27 utgifterna
743 802 32 20 till
791 802 63 26 något
871 808 44 14 mer
930 801 51 21 eller

161 831 112 26 1,586,000
288 830 84 21 kronor.

229 859 66 21 Dessa
309 858 70 22 siffror
393 858 68 22 utvisa
476 859 89 25 således,
581 860 31 20 att
628 865 48 15 man
691 859 6 21 i
714 858 70 27 Norge
800 858 71 22 anslår
881 858 33 22 för
924 861 58 24 post-

161 888 74 21 verket
257 888 64 26 något
344 887 57 21 öfver
423 890 32 19 tre
474 888 77 26 gånger
567 894 51 17 mer,
634 890 26 18 än
676 888 5 20 i
697 887 97 26 Finland,
810 888 38 21 och
864 890 32 19 att
911 887 70 27 Norge

160 916 38 21 har
215 917 35 20 det
265 918 106 19 närmaste
387 923 24 14 en
427 916 110 28 fyrdubbel
552 916 184 27 postförsändning
752 918 44 19 mot
810 916 106 21 Finlands.
940 916 41 22 Det

161 947 23 19 är
200 945 107 27 naturligt,
323 947 32 19 att
371 946 57 20 detta
444 946 88 21 resultat
547 946 6 21 i
569 945 117 26 väsendtlig
698 945 52 27 grad
762 946 81 27 uppnås
854 945 126 27 derigenom,

160 977 32 18 att
215 974 123 27 postvärket
353 974 94 22 sträcker
462 975 32 20 sin
509 975 134 21 verksamhet
659 974 31 21 till
706 974 25 21 de
746 973 126 28 aflägsnaste
887 974 59 21 delar
961 974 21 21 af

160 1003 73 22 landet
249 1003 38 22 och
302 1003 39 21 har
356 1003 250 27 upptagningsstationer,
622 1003 82 27 byråer,
721 1003 26 26 på
764 1003 75 26 många
854 1005 63 20 orter.
941 1003 40 26 Jag

160 1034 24 19 är
207 1031 126 27 fullkomligt
349 1032 122 27 öfvertygad
487 1038 40 20 om,
543 1034 38 24 att,
597 1032 43 21 ifall
657 1038 47 15 man
719 1032 103 26 fortginge
838 1031 59 22 äfven
913 1031 6 21 i
934 1033 46 20 vårt

160 1061 50 20 land
235 1060 47 21 med
305 1067 24 14 en
345 1061 119 26 utveckling
479 1061 22 21 af
515 1061 121 26 postverket
651 1061 5 20 i
673 1067 80 15 samma
768 1061 61 25 anda,
845 1060 89 21 sålunda
949 1063 31 18 att

160 1095 48 15 man
231 1089 79 27 årligen
333 1089 112 26 inrättade,
467 1089 46 22 icke
534 1091 69 25 någon
618 1089 54 22 enda
687 1089 127 26 postanstalt
829 1089 38 21 här
882 1089 38 22 och
937 1089 42 26 der,

160 1120 51 19 utan
233 1117 60 22 tiotal
317 1117 57 24 eller,
395 1117 30 22 låt
449 1124 54 20 vara,
527 1117 111 22 hundratal
654 1118 85 25 sådana,
755 1124 48 15 man
818 1118 56 21 inom
891 1118 25 21 de
932 1120 48 19 när-

160 1149 67 18 maste
242 1147 50 20 åren
311 1146 68 21 skulle
394 1146 62 21 hafva
471 1147 47 20 nått
533 1147 87 21 alldeles
635 1153 80 14 samma
730 1147 88 20 resultat
833 1147 6 20 i
854 1147 98 21 afseende
967 1147 13 20 å

159 1175 118 21 inkomster
299 1175 39 21 och
360 1175 91 26 utgifter,
475 1181 44 16 som
542 1175 6 21 i
571 1175 61 22 dessa
654 1175 54 21 båda
724 1181 34 16 oss
773 1177 94 19 närmast
882 1175 98 27 liggande

159 1204 79 21 länder.
267 1203 153 23 Erfarenheten
442 1203 46 22 från
511 1204 40 22 alla
566 1204 74 21 länder
655 1204 62 22 visar,
734 1206 32 19 att
778 1204 24 28 ju
818 1210 44 15 mer
878 1210 47 15 man
941 1210 39 15 un-

160 1233 103 21 derlättar
286 1232 135 27 möjligheten
444 1232 32 22 för
499 1233 54 21 bref-
575 1233 39 21 och
637 1232 215 27 pakettförsändning,
873 1233 47 21 dess
936 1239 44 15 mer

159 1260 65 27 stiger
246 1262 60 21 äfven
329 1262 80 20 antalet
429 1261 162 27 försändningar
613 1261 39 21 och
674 1262 6 20 i
703 1260 51 28 följd
774 1261 60 21 deraf
847 1261 59 21 äfven
922 1264 57 24 post-

158 1290 150 22 inkomsterna.
337 1290 34 21 Då
393 1296 47 15 man
463 1290 36 21 vill
520 1291 26 26 gå
568 1293 54 18 mest
644 1290 105 26 försigtigt
770 1290 92 26 tillväga,
878 1292 38 24 gör
932 1296 46 15 man

160 1318 68 22 denna
243 1318 123 27 utvidgning
381 1318 131 27 någorlunda
522 1320 7 20 i
540 1319 216 21 öfverensstämmelse
767 1319 47 21 med
825 1319 153 21 inkomsternas

158 1347 103 25 stigande.
287 1347 49 21 Men
352 1348 5 19 i
374 1347 25 21 de
414 1346 60 22 flesta
489 1347 145 21 kulturländer
650 1353 62 15 anser
727 1353 47 15 man
791 1348 35 20 det
835 1352 51 15 vara
899 1348 79 20 statens

159 1374 118 27 skyldighet
299 1376 32 19 att
352 1374 55 26 gifva
427 1377 59 18 stora
501 1374 72 26 anslag
588 1374 33 21 för
635 1374 155 26 postväsendet,
807 1374 59 21 äfven
883 1380 34 15 om
932 1374 46 21 icke

158 1402 144 21 inkomsterna
317 1404 74 24 genast
406 1402 67 21 skulle
489 1405 105 18 motsvara
611 1402 117 26 utgifterna.

227 1430 31 22 På
279 1430 68 27 grund
363 1430 65 25 häraf,
445 1430 39 22 och
499 1430 27 22 då
539 1430 36 27 jag
590 1430 6 21 i
611 1419 67 31 likhet
694 1430 47 21 med
756 1430 104 22 utskottet
876 1430 46 22 icke
937 1422 40 29 kan

158 1458 99 22 betrakta
280 1458 118 23 ordnandet
421 1447 22 33 af
461 1458 221 28 häradspostföringen
697 1459 70 21 såsom
783 1462 64 18 annat
862 1462 26 19 än
905 1466 25 14 en
945 1460 33 20 åt-

158 1488 52 26 gärd
231 1488 32 21 för
283 1489 85 20 kortare
383 1488 38 24 tid,
435 1490 61 25 tager
509 1488 36 26 jag
560 1488 42 27 mig
617 1488 89 21 friheten
721 1488 77 22 föreslå
814 1490 30 20 ett
859 1488 72 27 tillägg
946 1488 32 21 till

158 1519 73 18 svaret
254 1517 26 27 på
305 1517 39 21 den
361 1516 76 27 nådiga
452 1517 157 26 propositionen
624 1516 22 21 af
666 1516 88 27 ungefär
778 1517 39 21 den
833 1517 85 27 lydelse,
936 1519 42 25 ,att
