1053 1823
332 130 160 18 Presteståndet
504 131 55 17 1877.
581 132 28 16 20
621 131 58 21 april
840 126 40 20 501

92 199 155 27 ihogkommen,
270 200 40 21 och
332 200 28 26 på
381 200 84 21 fullaste
481 200 66 21 allvar
561 199 154 28 ihogkommen.
746 199 45 22 Här
807 200 24 20 är
847 200 64 22 också

92 228 54 21 intet
166 228 152 27 brådstörtadt,
340 228 40 21 och
403 230 84 25 omoget
508 228 80 27 förslag
609 228 135 27 uppkastadt,
767 230 52 19 utan
837 229 75 20 endast

92 256 119 26 föreslagen
233 263 25 15 en
277 256 86 26 komité,
378 263 45 15 som
439 256 52 27 egde
506 256 80 22 föreslå
600 256 100 27 lämpliga
716 256 99 26 åtgärder
829 257 7 20 i
851 256 60 22 detta

93 284 104 22 afseende.
228 284 137 22 Framförallt
380 285 67 21 borde
463 285 61 21 dessa
538 285 100 26 åtgärder
652 285 27 26 gå
694 285 87 26 derhän,
796 286 32 19 att
843 285 68 21 finska

93 312 101 27 qvinnans
216 314 96 26 bildning
333 313 27 27 på
375 314 37 20 sitt
426 315 49 24 eget
489 313 127 22 modersmål
631 313 66 21 måtte
712 312 64 22 blifva
791 313 120 27 befordrad,

92 341 80 21 hvilket
191 342 36 26 jag
241 348 63 15 anser
318 342 23 20 så
356 342 84 26 mycket
454 342 109 27 vigtigare,
578 348 45 15 som
638 341 61 22 äfven
715 342 40 21 den
770 342 67 20 finska
853 342 58 26 qvin-

91 376 42 14 nan
148 370 27 26 på
191 376 73 15 senare
280 370 56 22 tider
350 370 38 21 har
403 370 114 27 ådagalagt
531 372 32 20 ett
577 372 69 20 varmt
655 370 121 22 sträfvande
788 370 33 21 för
833 370 78 21 under-

91 398 165 27 visningskallet,
272 399 40 21 och
326 399 34 21 för
376 399 59 21 detta
449 399 187 26 undervisningens
652 400 52 26 dyra
718 399 43 21 kall
777 399 84 21 fordras
875 399 35 21 väl

91 427 127 21 framförallt
233 430 31 18 att
279 428 72 20 kunna
366 428 63 20 sköta
444 428 117 21 detsamma
575 428 28 25 på
617 428 83 20 landets
715 429 48 25 eget
775 427 134 26 modersmål,

91 455 19 21 d.
135 461 17 15 v.
175 461 16 15 s.
212 455 35 22 det
262 456 71 26 språk,
348 461 45 16 som
410 457 79 20 största
504 455 61 22 delen
580 455 22 22 af
615 456 83 21 landets
713 455 122 28 befolkning
851 456 59 21 talar.

90 483 41 28 Jag
151 483 99 22 förordar
271 484 33 21 för
325 484 43 21 min
392 484 33 21 del
446 483 27 28 på
494 485 35 21 det
544 486 104 19 varmaste
663 486 171 20 reservanternes
849 485 60 26 åsigt.

159 541 83 22 Doktor
264 541 143 26 Lampén:
428 541 11 21 I
461 541 68 22 likhet
551 541 48 22 med
617 541 77 21 doktor
708 541 70 27 Bergh
794 541 66 22 måste
873 541 38 27 jag

90 571 57 26 säga,
170 571 33 20 att
221 569 37 28 jag
280 570 48 21 med
350 570 69 27 någon
433 569 110 27 förvåning
558 570 118 27 genomläst
691 569 107 22 allmänna
813 570 96 21 besvärs-

90 598 116 22 utskottets
228 599 134 21 betänkande
384 605 34 15 n:o
442 599 31 21 10.
504 598 121 22 Utskottets
645 599 109 26 pluralitet
775 599 63 26 hyser
858 599 53 21 visst

89 626 46 22 icke
151 627 40 21 den
207 627 61 22 forna
282 627 40 22 och
336 627 66 22 fatala
418 627 87 27 äsigten,
521 629 33 20 att
569 627 91 26 gvinnan
674 628 75 21 endast
764 627 40 21 har
813 629 32 20 att
857 629 53 26 göra

90 655 47 21 med
153 655 65 22 köket
234 657 39 20 och
288 656 80 21 barnen
383 656 7 21 i
405 655 98 28 familjen,
518 662 48 15 men
581 658 88 19 stannar
684 656 54 21 dock
753 656 6 21 i
776 662 25 15 en
812 662 42 20 nog
864 657 45 20 stor

90 684 109 21 beundran
215 685 22 20 af
250 684 55 22 hvad
321 685 39 20 hos
372 691 35 15 oss
422 685 7 20 i
445 685 60 21 detta
520 685 98 21 afseende
634 684 64 21 redan
714 691 28 14 nu
758 686 25 19 är
798 684 110 27 tillgjordt.

89 712 66 21 Detta
177 713 99 21 förvånar
298 713 48 27 mig,
370 713 26 22 då
418 713 34 22 vid
475 714 67 21 denne
564 713 102 26 landtdag
680 719 78 15 annars
772 714 40 20 den
829 713 80 26 åsigten

89 741 57 26 gjort
161 741 32 27 sig
208 742 103 26 gällande,
326 744 32 19 att
374 742 90 27 qvinnan
479 742 39 21 bör
533 742 60 27 höjas
608 742 7 21 i
627 741 111 27 jembredd
754 742 48 21 med
812 748 97 19 mannen,

89 769 49 22 icke
159 770 110 22 betraktas
284 771 69 21 såsom
369 771 94 21 hörande
478 771 33 21 till
527 773 30 19 ett
573 773 65 24 svagt,
655 770 97 27 omöjligt
765 771 48 26 kön,
830 770 80 22 hvilket

88 799 47 21 icke
149 799 42 21 kan
207 799 106 22 anförtros
328 806 80 15 samma
423 800 132 26 rättigheter,
570 805 45 16 som
631 805 96 16 mannen.

158 828 95 25 Qvinnan
268 828 40 21 har
322 835 29 14 nu
366 829 65 20 redan
447 829 84 21 erhållit
546 829 6 20 i
568 829 47 20 vårt
630 828 50 21 land
694 829 45 20 rätt
754 830 32 19 att
801 828 62 21 sköta
874 834 34 15 om

89 856 32 21 sin
142 857 108 26 egendom,
272 857 39 21 och
327 857 91 22 erhåller
433 857 104 27 troligtvis
552 857 54 22 efter
621 857 67 21 denne
703 857 102 26 landtdag
819 858 43 20 rätt
876 857 33 21 till

89 885 43 22 lika
154 885 35 21 arf
203 886 6 20 i
224 885 42 22 alla
282 885 68 22 stånd.
381 886 48 21 Men
445 886 27 21 då
487 886 41 21 hon
544 885 91 22 erhåller
650 885 38 22 allt
703 885 66 27 detta,
784 885 67 22 måste
865 885 43 22 hon

90 914 60 22 äfven
173 921 51 15 vara
245 916 7 20 i
275 915 82 21 tillfälle
380 918 32 18 att
432 915 80 21 erhålla
527 921 80 15 samma
623 914 127 27 utveckling,
766 914 142 28 skolbildning

89 943 39 22 och
151 944 154 26 undervisning,
331 950 44 15 som
398 950 97 20 mannen,
518 946 50 19 nota
591 944 59 26 bene,
672 943 54 22 efter
741 944 32 21 sin
788 943 119 27 begåfning.

88 971 85 23 Sådana
198 972 160 22 förhållandena
382 979 28 15 nu
433 974 43 25 äro,
499 973 146 25 utminuteras,
668 972 69 21 såsom
760 972 20 21 vi
796 973 42 20 alla
852 974 55 25 veta,

88 1001 100 21 vetandet
210 1001 128 26 portionsvis
359 1001 8 21 i
390 1001 26 21 de
437 1000 61 22 flesta
515 1000 24 21 af
552 1000 52 22 våra
619 1000 156 27 qvinnoskolor.
804 1000 50 22 Man
869 1001 39 20 har

87 1029 48 22 icke
150 1029 57 21 velat
221 1031 50 24 taga
286 1031 69 24 steget
369 1029 49 22 fullt
433 1031 30 24 ut,
476 1029 39 21 och
525 1029 107 22 allmänna
643 1029 191 22 besvärsutskottet
844 1035 62 20 synes

87 1058 43 27 mig
153 1057 59 22 äfven
234 1058 51 27 vilja
306 1058 76 21 stadna
402 1058 35 21 vid
459 1059 35 20 det
512 1057 122 22 bestående.
665 1058 40 26 Jag
720 1057 115 28 medgifver
848 1058 60 25 visst,

89 1088 32 19 att
147 1087 36 20 det
208 1089 23 18 är
252 1087 59 21 svårt
333 1089 32 19 att
388 1087 44 21 lösa
454 1087 73 26 frågan
550 1086 55 22 huru
629 1093 24 14 en
669 1092 51 16 sann
736 1086 39 21 och
790 1086 119 27 naturenlig

88 1115 173 27 qvinnobildning
283 1115 55 22 skall
353 1116 85 25 ordnas,
454 1122 47 15 men
516 1115 57 22 klart
589 1117 30 25 är,
633 1117 32 19 att
680 1115 66 27 något
760 1115 69 21 måste
843 1117 63 24 göras

87 1144 33 21 för
141 1146 32 19 att
195 1150 47 15 man
266 1145 5 20 i
294 1144 48 21 vårt
359 1144 50 21 land
424 1144 35 21 må
474 1144 78 21 handla
566 1144 137 26 konseqvent.
734 1143 37 22 Ett
786 1143 73 22 försök
874 1145 33 20 att

87 1173 88 20 komma
197 1173 32 20 till
243 1173 65 21 målet
322 1173 119 21 innehåller
456 1173 38 21 den
510 1179 29 15 nu
554 1172 143 27 föreliggande
712 1172 124 27 petitionen.
865 1172 41 27 Jag

87 1201 42 21 kan
151 1201 52 21 visst
224 1201 60 21 äfven
301 1201 111 27 medgifva,
427 1203 32 19 att
474 1207 48 15 man
537 1201 46 22 icke
599 1201 38 21 bör
652 1203 70 24 vänta,
738 1202 32 20 att
785 1201 41 21 den
840 1200 67 22 första

87 1229 86 24 komité,
196 1235 45 16 som
264 1231 109 20 nedsättes
388 1232 33 19 att
435 1229 110 27 begrunda
559 1229 80 27 frågan,
655 1229 54 22 skall
724 1229 46 21 lösa
785 1230 122 20 densamma

87 1258 191 22 tillfredställande.
305 1258 49 21 Men
370 1259 39 20 den
424 1259 42 20 kan
482 1259 69 21 lemna
566 1260 31 19 ett
612 1259 50 26 godt
674 1257 114 28 förarbete,
798 1258 39 21 och
848 1258 59 21 detta

87 1289 24 18 är
134 1287 65 20 redan
222 1293 25 14 en
270 1289 45 19 stor
336 1287 63 21 vinst.
428 1287 41 26 Jag
491 1287 98 21 förordar
612 1287 82 20 derföre
709 1286 27 27 på
752 1287 35 21 det
801 1289 106 18 varmaste

86 1315 129 27 petitionens
237 1315 119 27 antagande
372 1315 39 21 och
426 1315 85 22 förenar
525 1316 42 25 mig
582 1315 7 21 i
604 1317 173 19 reservanternes
792 1315 115 21 utlåtande.

156 1372 77 21 Pastor
256 1367 101 26 Öller:
386 1371 43 22 För
447 1372 42 21 min
506 1372 34 21 del
555 1371 68 22 skulle
636 1371 36 26 jag
687 1371 64 22 också
766 1371 28 27 på
808 1371 36 21 det
859 1377 48 15 var-

88 1402 67 20 maste
178 1400 85 28 förorda
286 1401 158 20 reservationen
459 1401 22 20 af
495 1401 60 21 desse
571 1400 73 21 herrar
659 1399 112 27 Forselles,
787 1400 119 26 Hornborg,

87 1428 112 23 Törnroth,
224 1429 86 26 Öhberg
332 1429 39 21 och
386 1429 61 26 Lyra.
477 1429 40 26 Jag
532 1431 39 24 gör
586 1429 36 21 det
636 1428 24 22 så
674 1428 84 27 mycket
774 1428 71 26 hellre,
861 1434 45 15 som

84 1457 37 26 jag
137 1458 24 19 är
176 1456 21 21 af
213 1456 40 21 den
269 1457 159 26 öfvertygelsen,
445 1458 32 19 att
491 1457 150 20 nedsättandet
655 1457 25 20 af
692 1462 27 15 en
734 1457 80 20 komité
828 1457 7 20 i
848 1457 59 20 detta

87 1485 100 21 afseende
209 1484 68 22 skulle
299 1484 105 21 mähända
426 1484 68 21 tillika
516 1485 71 20 kunna
607 1484 81 24 utreda,
704 1484 104 21 huruvida
823 1484 26 21 de
863 1483 42 21 far-

87 1513 73 28 hägor,
183 1519 45 16 som
251 1513 61 22 torde
334 1512 62 22 hafva
418 1512 105 23 föranledt
546 1512 76 28 högsta
641 1513 103 26 styrelsen
759 1514 33 20 att
806 1511 99 23 stundom
