1053 1820
185 130 41 20 368
386 134 160 18 Presteståndet
559 135 54 17 1877.
636 135 25 16 27
673 138 62 13 mars.

157 202 85 27 förhöjd
258 202 91 27 aflöning
365 202 38 21 och
418 203 68 20 större
502 203 53 20 mått
570 202 23 21 af
606 202 93 27 bildning
709 203 7 21 i
727 202 115 21 allmänhet
852 202 47 21 icke
910 201 66 22 måtte

157 231 39 21 hos
212 231 58 20 Hans
286 230 117 27 Kejserliga
418 230 101 27 Majestät
534 230 21 22 af
570 230 115 21 ständerna
699 231 130 21 framhållas.

226 293 109 21 Professor
350 292 86 22 Cleve:
459 293 40 27 Jag
514 293 72 21 anhöll
601 299 33 15 om
651 293 61 22 ordet
724 294 75 21 endast
814 294 32 21 för
862 295 32 20 att
909 293 68 22 såvidt

156 322 37 27 jag
207 322 85 23 förmår,
308 321 66 22 väcka
389 322 214 25 uppmärksamheten
619 322 72 27 derpä,
706 324 33 20 att
754 323 36 21 det
805 323 45 21 icke
864 328 61 21 synes
936 323 43 20 rätt

159 351 96 26 lämpligt
270 352 33 19 att
317 351 7 20 i
340 357 25 14 en
382 351 87 26 petition
486 351 65 21 sådan
567 357 44 14 som
628 351 68 21 denna
711 351 117 26 framlägga
843 352 31 19 ett
889 351 24 20 så
927 351 51 26 godt

159 386 45 15 som
226 379 80 26 färdigt
329 379 79 26 förslag
429 378 32 21 till
476 379 128 26 reglemente
620 379 33 20 för
669 379 40 22 den
725 380 106 21 allmänna
846 379 132 21 administra-

159 408 71 21 tionen
253 407 39 22 och
315 407 150 27 polismagtens
480 408 28 26 på
523 408 71 21 landet
610 408 114 21 ordnande.
755 408 42 21 Det
812 414 61 21 synes
888 408 43 26 mig
945 408 34 21 för

160 437 40 20 den
223 436 55 21 skull
302 436 68 21 såsom
393 442 49 15 vore
459 436 35 21 det
510 437 199 26 ändamålsenligast
724 438 32 20 att
770 437 73 21 förena
858 438 31 25 sig
905 437 74 21 endast

161 472 34 14 om
211 467 30 19 ett
256 465 87 21 allmänt
360 465 110 21 uttalande
484 466 7 20 i
507 465 65 21 saken
588 465 39 21 och
639 465 38 27 jag
691 466 63 21 utber
769 466 42 26 mig
826 465 71 21 derför
911 467 33 19 att
958 464 21 22 få

160 494 137 26 understödja
319 493 106 27 professor
444 493 122 22 Ehrströms
582 494 65 21 redan
662 493 118 28 framlagda
795 494 85 26 förslag,
897 495 32 19 att
944 500 35 15 en-

160 523 47 21 dast
230 524 31 19 ett
282 522 89 21 allmänt
391 522 111 21 uttalande
518 522 67 22 skulle
600 522 55 27 gifva
670 523 32 25 sig
717 522 6 22 i
739 523 115 27 petitionen
870 523 109 25 tillkänna,

161 551 39 21 och
223 552 35 20 det
279 551 108 26 angående
410 550 148 22 länsmännens
573 551 108 27 ställning,
696 552 210 26 tjensteåligganden,
921 552 59 21 löne-

160 580 107 21 förmåner
290 586 27 15 m.
340 586 33 18 m.,
392 586 48 14 men
456 582 31 18 att
503 580 95 21 deremot
612 580 170 26 kronofogdarne
797 580 40 22 och
852 580 62 22 deras
929 580 51 27 ålig-

161 608 81 26 ganden
258 608 68 22 skulle
342 608 88 22 alldeles
445 608 81 22 lemnas
541 608 13 21 å
570 608 50 22 sido.

230 670 152 22 Diskussionen
397 670 132 22 förklarades
544 671 88 21 härmed
647 671 93 21 afslutad
752 671 39 22 och
801 671 50 21 herr
867 672 114 20 talman-

161 706 48 14 nen
224 699 123 21 framstälde
361 698 93 28 följande
468 700 168 26 propositioner:

230 763 40 20 N:o
294 764 18 19 1.
343 762 42 20 Vill
408 762 84 21 ståndet
514 762 114 26 godkänna
649 762 143 27 föreliggande
815 762 135 22 betänkande
974 762 7 21 i

163 791 48 21 dess
233 790 72 22 helhet
327 790 52 21 eller
396 790 61 22 icke?
487 790 53 27 Den,
556 797 45 15 som
616 790 122 27 godkänner
753 791 144 21 betänkandet
912 792 6 20 i
934 791 47 21 dess

162 819 78 24 helhet,
256 825 73 15 svarar
341 819 35 26 ja;
393 819 39 21 den
449 820 35 20 det
499 819 46 21 icke
560 821 45 25 gör,
621 826 73 14 svarar
709 820 40 26 nej.
780 820 78 21 Vinner
869 820 41 26 nej,
923 820 57 20 kom-

163 854 45 15 mer
230 848 153 21 betänkandets
405 847 103 22 särskilda
531 849 93 20 moment
644 850 55 19 samt
712 848 25 21 de
753 848 68 21 under
836 848 145 22 diskussionen

162 876 122 27 föreslagna
299 877 175 21 amendementen
490 877 99 21 särskildt
605 877 67 21 under
686 877 137 27 omröstning.

231 939 131 21 Besvarades
377 939 48 21 med
442 939 12 20 6
468 939 22 26 ja
505 939 39 21 och
561 939 25 21 18
602 939 40 26 nej.

231 1002 40 21 N:o
293 1003 19 19 2.
342 1001 128 22 Godkännas
486 1003 119 20 momenten
620 1003 21 23 a)
657 1001 38 22 och
712 1001 22 27 b)
750 1001 7 21 i
772 1001 160 26 ifrågavarande
947 1001 35 22 be-

165 1031 106 20 tänkande
294 1031 140 20 oförändrade
456 1033 56 18 samt
534 1036 62 15 mom.
615 1030 17 25 c)
649 1030 137 21 oförändradt
802 1031 51 20 eller
868 1030 7 21 i
891 1030 92 27 enlighet

164 1059 48 21 med
233 1059 147 26 kyrkoherden
403 1058 117 22 Stenbäcks
542 1059 135 21 reservation.
707 1059 46 20 Den
776 1064 45 15 som
838 1059 7 20 i
860 1059 77 20 sådant
951 1059 32 20 af-

164 1087 77 21 seende
261 1087 124 27 godkänner
407 1087 161 26 ifrågavarande
590 1088 94 20 moment
699 1093 73 14 svarar
785 1087 29 26 ja,
830 1087 40 21 den
886 1087 36 21 det
936 1087 46 21 icke

164 1117 38 26 gör
224 1121 74 16 svarar
319 1115 40 26 nej.
390 1115 78 22 Vinner
490 1116 34 26 nej
545 1116 39 21 har
606 1115 83 22 ståndet
712 1115 84 22 förenat
815 1115 31 27 sig
862 1121 34 16 om
912 1115 35 21 det
962 1115 23 21 af

164 1144 106 27 professor
285 1144 112 21 Ehrström
413 1144 75 26 gjorda
501 1145 108 26 förslaget.

232 1201 131 22 Besvarades
381 1201 47 21 med
445 1202 12 20 9
471 1201 23 26 ja
509 1201 39 21 och
566 1202 24 20 15
606 1200 46 27 nej;
668 1201 39 21 och
723 1201 76 26 ansågs
813 1201 59 26 iföljd
888 1201 23 21 af
924 1201 59 21 detta

164 1229 70 22 beslut
249 1230 25 21 de
290 1229 93 27 följande
398 1231 119 20 momenten
533 1230 22 25 d)
572 1231 19 25 e)
606 1229 14 26 f)
637 1229 51 22 böra
703 1229 91 21 förfalla.

232 1287 64 21 Emot
318 1288 33 19 att
374 1287 89 20 rörande
479 1288 116 20 momentet
610 1286 22 26 d)
648 1286 45 21 icke
709 1286 68 27 någon
793 1286 191 26 omröstningspro-

163 1315 92 26 position
270 1315 116 21 framstälts
401 1314 109 22 anmäldes
526 1315 128 21 reservation
669 1315 22 20 af
706 1315 77 20 doktor
798 1314 157 27 Hornborg.

232 1371 40 21 N:o
296 1371 17 21 3.
345 1371 129 21 Godkännes
496 1371 36 20 det
553 1370 52 21 sista
628 1372 115 19 momentet
765 1370 6 20 i
792 1370 142 26 föreliggande
950 1370 33 21 be-

164 1398 107 22 tänkande
294 1399 51 21 eller
367 1399 62 21 icke?
459 1399 52 25 Den,
529 1404 46 16 som
590 1398 123 26 godkänner
729 1400 123 24 momentet,
869 1404 73 16 svarar
953 1398 30 27 ja,

165 1427 46 25 den,
234 1434 44 15 som
300 1428 47 20 icke
362 1428 123 26 godkänner
501 1428 123 25 detsamma,
639 1433 72 15 svarar
726 1427 40 27 nej.
796 1427 80 22 Vinner
891 1427 39 27 nej,
946 1427 38 21 har

165 1456 84 22 ständet
264 1456 99 22 omfattat
379 1456 34 22 det
428 1456 23 21 af
465 1456 77 22 doktor
553 1456 126 22 Nordström
690 1456 76 28 gjorda
776 1456 207 27 ändringsförslaget.

232 1514 130 22 Besvarades
377 1514 48 22 med
441 1514 103 27 enhälligt
557 1514 28 27 ja.
