1053 1792
160 136 41 22 620
377 140 159 18 Presteståndet
549 141 52 17 1877.
625 141 25 16 27
662 139 57 21 april.

132 209 77 21 doktor
232 208 78 22 Geitlin
332 208 39 21 har
392 209 60 25 visat,
474 208 150 24 skollärarene,
643 210 26 18 än
686 208 35 20 det
737 207 104 27 egentliga
856 209 93 24 prester-

131 238 81 26 skapet.
243 237 42 21 Det
301 237 145 26 besynnerliga
461 236 95 22 inträffar
571 236 64 22 också
650 236 45 26 här,
706 238 33 19 att
749 236 143 21 skollärarene
902 235 47 22 icke

131 266 62 22 hafva
209 266 88 21 kommit
311 266 6 20 i
333 266 122 26 åtnjutande
471 266 23 20 af
506 266 58 21 detta
579 265 130 27 privilegium
726 270 74 21 genom
816 266 31 19 att
862 264 87 21 tillhöra

131 295 88 27 kyrkan,
233 296 52 19 utan
300 296 91 19 tvärtom
406 295 44 26 just
465 294 108 21 medförde
589 294 58 20 detta
663 294 131 26 privilegium
810 293 31 21 till
857 293 92 27 kyrkan;

131 325 22 25 ty
177 323 142 21 skollärarene
341 324 52 25 egde
416 322 64 22 frihet
501 322 46 22 från
571 322 108 27 utskylder
699 322 45 27 just
758 322 49 21 med
822 322 99 22 afseende
937 322 13 21 å

131 352 52 26 gård
199 352 6 21 i
220 352 47 21 stad
283 352 56 20 inom
356 352 35 20 det
406 352 108 21 romerska
529 352 155 26 kejsaredömet
699 351 65 21 redan
776 353 30 19 ett
816 357 38 20 par
867 350 83 22 hundra

131 381 24 20 år
177 380 72 22 förrän
272 380 125 22 Constantin
420 380 40 21 den
483 383 57 19 store
564 380 120 21 förklarade
707 380 156 21 kristendomen
879 379 70 21 såsom

131 409 128 27 statskyrka.
290 408 41 22 Det
355 410 23 20 är
399 409 81 21 således
496 410 49 20 utan
561 408 71 22 tvifvel
648 411 31 18 ett
694 408 102 26 gammalt
810 408 139 27 privilegium,

131 444 26 14 en
172 437 91 27 gammal
279 439 44 19 rätt
339 438 47 20 med
401 437 98 22 afseende
514 437 13 21 å
542 437 148 25 skollärarene,
706 443 44 15 som
766 436 40 22 här
823 438 24 20 är
864 437 6 20 i
882 436 67 27 fråga.

131 466 76 22 Dertill
231 467 95 20 kommer
349 466 70 26 också,
442 469 32 18 att
496 466 68 21 denna
586 466 108 26 rättighet,
718 468 31 19 att
764 466 33 21 för
812 466 45 20 sina
871 465 79 27 gårdar

131 496 83 26 åtnjuta
236 495 65 21 frihet
324 494 46 22 från
393 495 109 26 utskylder
523 495 31 21 till
579 495 165 25 stadskommun,
759 495 115 26 ingalunda
889 500 61 21 synes

131 530 50 15 vara
204 524 95 24 orättvis,
321 524 122 26 isynnerhet
465 524 6 20 i
494 524 46 20 vårt
562 523 56 26 land,
641 523 38 21 der
696 523 151 21 kommunerne
861 529 90 15 numera

131 553 40 21 och
193 554 44 20 mot
259 553 90 26 gammal
372 552 58 26 häfd,
446 558 48 15 men
509 552 33 21 till
557 552 51 26 följd
624 552 22 20 af
659 552 169 21 administrativa
843 552 106 26 åtgärder,

131 582 106 26 knappast
259 582 6 20 i
287 581 69 26 någon
371 586 49 16 mon
436 581 84 26 deltaga
535 581 6 20 i
558 581 84 21 skolans
657 580 118 27 underhåll,
790 582 56 19 ännu
861 580 88 26 mindre,

132 610 70 21 såsom
220 610 218 26 presteprivilegierna
454 611 56 25 säga,
524 609 55 21 förse
594 609 73 21 rektor
682 609 48 21 med
746 608 141 28 embetsgård.
917 609 34 21 Då

130 639 37 26 jag
189 640 60 25 tager
272 638 59 21 detta
351 638 8 21 i
374 638 146 26 betraktande,
535 644 61 21 synes
612 638 35 21 det
663 638 41 26 mig
719 638 115 26 ingalunda
849 638 101 21 omotive-

132 668 55 26 radt,
210 669 32 19 att
263 666 144 22 skollärarene
431 666 67 22 skulle
520 666 22 21 få
565 666 106 22 bibehålla
693 666 70 21 denna
781 666 31 21 sin
829 668 48 20 rätt.
908 667 43 21 Det

132 695 69 21 blefve
223 695 106 24 orättvist,
352 695 65 27 enligt
440 696 42 20 min
498 696 90 26 mening,
603 695 46 21 icke
665 695 5 20 i
686 695 133 21 förhållande
835 695 32 21 till
883 695 66 26 öfrige

132 724 123 24 stadsboar;
279 725 22 25 ty
321 723 152 21 kommunerne
492 724 66 20 borde
574 723 126 21 åtminstone
716 723 23 21 så
754 724 84 26 mycket
853 722 97 28 uppoffra

132 752 33 21 för
187 752 106 21 skolorna.
323 752 49 21 Men
394 753 35 20 det
444 752 66 21 måste
526 752 120 27 medgifvas,
661 752 37 21 det
713 752 41 20 kan
770 752 66 20 blifva
851 752 99 21 orättvist

133 784 62 24 emot,
218 782 70 20 såsom
310 781 40 20 här
365 780 63 21 också
443 781 39 20 har
496 780 133 25 framhållits,
646 780 193 22 embetsbröderne.
869 780 43 22 Det
927 782 24 20 är

133 810 54 21 dock
202 809 45 21 icke
263 809 75 22 endast
350 809 32 21 till
397 809 51 26 följd
464 809 22 21 af
500 809 68 22 denna
584 809 85 27 möjliga
680 810 109 26 orättvisa,
800 812 51 18 utan
862 810 88 21 emedan

133 838 36 22 det
191 844 60 21 synes
274 838 43 26 mig
339 838 69 21 såsom
432 838 64 21 saken
518 838 46 21 icke
586 838 70 21 kunde
677 838 111 27 afbjelpas,
804 838 18 20 d.
839 844 18 14 v.
873 845 16 14 s.
905 844 45 16 som

132 867 69 21 skulle
221 866 199 27 rättsåskådningen
441 867 7 21 i
464 866 46 22 vårt
525 867 49 21 land
590 866 61 21 hafva
665 866 90 22 kommit
770 866 87 26 derhän,
872 868 32 20 att
920 870 32 18 ett

133 896 76 21 sådant
231 895 132 22 förhållande
378 895 46 22 icke
439 896 73 27 längre
527 896 41 21 kan
585 902 24 15 ur
625 895 84 28 rättslig
724 896 106 27 synpunkt
844 896 107 21 försvaras

133 925 39 21 och
192 925 48 21 med
255 924 98 21 afseende
369 924 12 21 å
397 925 39 21 den
451 925 35 20 vid
503 925 53 20 1872
572 925 34 21 års
621 925 101 26 landtdag
738 925 74 27 gjorda
827 925 123 26 petitionen,

133 960 44 15 som
194 953 64 22 också
271 953 36 26 jag
323 953 33 21 för
371 954 42 20 min
429 953 33 22 del
478 959 28 15 nu
520 953 67 22 finner
602 954 42 25 mig
659 953 23 22 af
694 953 49 22 mitt
757 954 194 21 rättsmedvetande

132 984 92 25 tvungen
241 984 32 19 att
288 983 46 20 med
351 982 42 21 min
408 983 45 20 röst
468 981 84 22 biträda
567 982 114 21 utskottets
697 982 139 21 betänkande.
860 983 41 20 Det
912 983 39 21 har

132 1011 39 20 här
194 1010 121 25 visserligen
339 1010 125 22 framhållits
487 1023 24 2 —
534 1011 39 21 och
594 1011 36 26 jag
652 1011 135 26 respekterar
810 1011 31 21 till
856 1011 52 21 fullo
925 1011 26 21 de

133 1039 52 26 skäl,
209 1045 44 15 som
275 1039 72 21 härför
369 1039 69 21 blifvit
454 1039 114 22 framförda
584 1052 27 3 —
626 1041 32 19 att
674 1039 40 22 den
729 1039 112 27 kejserliga
855 1040 96 26 proposi-

132 1068 79 23 tionen,
233 1067 46 22 icke
302 1067 116 22 utskottets
441 1068 140 26 betänkande,
605 1068 68 21 skulle
696 1068 62 21 vinna
774 1068 94 21 ståndets
884 1068 64 22 bifall.

132 1096 43 21 För
197 1096 43 21 min
263 1096 33 21 del
317 1096 42 21 kan
371 1097 37 26 jag
424 1097 53 21 dock
491 1096 53 27 icke,
560 1097 68 21 såsom
644 1097 64 21 också
722 1097 65 27 någre
802 1098 65 20 andre
883 1097 67 22 talare

132 1125 67 21 redan
219 1125 50 21 sökt
288 1125 51 26 visa,
355 1125 56 21 finna
426 1125 65 27 något
506 1126 121 26 oegentligt,
643 1127 56 20 ännu
714 1126 82 21 mindre
811 1126 65 27 något
891 1133 59 20 rege-

133 1154 73 27 ringen
228 1154 149 21 förnärmande
395 1155 7 20 i
423 1154 36 21 det
474 1154 80 27 tillägg,
570 1161 44 15 som
630 1154 105 21 utskottet
750 1155 5 20 i
772 1155 37 21 sitt
824 1155 78 27 förslag
917 1155 32 21 till

133 1189 48 14 svar
201 1183 39 20 har
254 1182 63 27 gjort.
347 1182 30 27 Ty
393 1183 58 21 detta
466 1183 111 21 innebäres
593 1184 5 20 i
614 1183 74 27 sjelfva
703 1183 73 22 verket
792 1184 64 21 redan
871 1184 7 21 i
893 1183 57 22 stån-

133 1211 48 21 dets
202 1211 89 26 petition
313 1211 35 21 vid
373 1212 53 21 1872
450 1211 34 22 års
506 1212 106 27 landtdag.
641 1211 67 22 Afven
734 1212 40 21 den
799 1212 151 27 modifikation,

133 1246 45 15 som
201 1242 158 19 reservanterne
382 1241 63 20 hafva
466 1240 73 22 tillåtit
562 1241 31 27 sig
611 1241 46 20 med
674 1241 98 22 afseende
787 1241 13 21 å
815 1241 136 22 tidsbestäm-

133 1269 108 26 ningarna,
265 1269 48 25 kan,
330 1269 65 27 enligt
410 1269 42 21 min
468 1270 90 26 mening,
573 1269 114 27 ingalunda
701 1269 103 22 innebära
820 1271 69 26 något,
906 1276 44 15 som

133 1297 68 21 skulle
219 1297 34 22 stå
267 1297 8 21 i
290 1299 89 19 motsats
395 1297 29 21 till
441 1297 55 21 hvad
511 1297 83 22 ståndet
610 1298 23 20 år
651 1298 53 21 1872
719 1299 102 20 uttalade.
851 1299 42 21 För
908 1299 44 21 min

133 1325 34 21 del
183 1331 62 16 anser
259 1325 36 26 jag
310 1326 42 25 mig
368 1326 82 20 således
466 1326 52 20 böra
534 1326 83 20 -biträda
631 1327 117 19 utskottets
759 1327 133 20 betänkande
903 1327 48 20 med

133 1353 40 20 den
188 1353 145 21 modifikation
349 1353 66 24 deraf,
430 1359 45 15 som
490 1356 159 19 reservanterne
664 1354 84 21 uttalat.

203 1409 84 22 Doktor
302 1409 182 22 Calamnius:
500 1409 62 22 Flere
578 1411 66 21 talare
659 1410 63 22 hafva
737 1411 121 25 frambållit,
874 1412 32 21 att
917 1411 36 22 det

133 1438 76 26 beslut,
233 1444 44 16 som
301 1439 35 21 det
355 1439 130 27 högvördiga
500 1439 84 22 ståndet
600 1439 34 22 vid
648 1442 84 19 senaste
747 1440 102 26 landtdag
864 1440 88 28 fattade,

133 1467 69 22 skulle
223 1473 52 16 vara
297 1469 32 19 ett
350 1468 56 21 band
427 1468 28 27 på
478 1467 90 27 ståndet,
591 1468 75 22 sådant
688 1469 36 21 det
739 1475 29 15 nu
782 1471 24 19 är
821 1469 132 22 församladt.

133 1495 50 23 Men
205 1495 26 23 dä
251 1496 37 27 jag
309 1496 34 22 för
364 1496 43 22 min
429 1497 35 22 del
482 1497 46 21 icke
543 1497 54 22 hade
612 1499 52 19 äran
679 1500 32 19 att
726 1498 26 21 då
767 1497 63 22 hafva
843 1500 46 20 säte
905 1499 49 26 och.

134 1527 90 20 stämma
247 1525 6 21 i
276 1525 60 22 detta
358 1525 68 27 stånd,
449 1527 23 20 är
492 1526 92 21 beslutet
600 1526 127 22 åtminstone
742 1527 33 21 för
790 1527 42 27 mig
846 1527 46 22 icke
908 1528 36 22 bin
