1053 1803
177 130 41 21 316
382 134 158 19 Presteständet
553 135 54 30 1877.
631 135 26 16 28
669 138 61 13 mars.

147 204 127 25 tjenstemän
296 202 113 26 uppbäras.
439 202 43 21 Det
504 208 36 15 var
562 202 54 20 först
633 207 75 20 genom
724 201 91 21 berörda
830 200 48 22 bref
890 201 77 21 krono-

147 220 180 42 tjenstemännens
350 232 54 25 ögon
426 230 24 21 sä
472 232 32 19 att
526 232 52 24 säga
600 230 114 26 öppnades,
730 229 107 21 hvarefter
852 229 26 21 de
892 229 74 27 gjorda

147 259 91 26 anspråk
260 259 28 27 på
311 260 31 20 att
365 259 109 25 öfvertaga
496 259 40 21 den
556 258 104 27 uppbörd,
677 264 44 15 som
737 258 56 20 ända
808 257 31 21 till
855 258 76 26 början
946 257 21 21 af

149 288 118 21 1870-talet
289 288 97 26 opätaldt
408 274 54 34 hade
485 287 114 21 verkstälts
622 286 21 22 af
657 287 139 21 kommunens
811 292 54 20 egna
880 286 86 27 tjenste-

146 318 57 20 män.
234 316 34 21 Nu
291 318 24 19 är
337 316 64 26 syftet
420 316 6 21 i
448 317 40 20 den
503 316 113 26 kejserliga
631 315 159 27 propositionen
805 316 43 23 det,
864 317 32 19 att
911 314 56 22 åter-

147 345 67 21 börda
236 344 22 21 åt
280 346 127 19 kommunen
429 344 69 21 denna
518 345 106 25 naturliga
640 346 43 19 rätt
697 346 33 19 att
745 344 54 21 både
814 345 97 20 uttaxera
927 344 39 21 och

147 373 97 27 uppbära
262 374 25 21 de
303 373 74 24 medel,
393 379 44 15 som
454 373 69 21 anslås
538 373 33 21 för
586 373 47 21 dess
649 378 156 21 gemensamma
819 371 71 28 behof,
904 372 62 21 hvar-

145 403 33 20 till
201 402 61 21 alltid
284 403 39 20 bör
337 402 79 21 räknas
430 402 26 21 de
471 403 6 20 i
494 402 12 27 $
522 403 12 20 7
550 403 137 20 omnämnda:
703 401 141 27 väghållning,
860 401 106 27 brobygg-

146 431 47 27 nad,
216 431 52 21 håll-
290 431 39 21 och
344 431 176 27 fångskjutsning,
535 431 139 26 snöplogning
689 431 48 20 med
753 430 51 21 flera
819 430 71 26 dylika
906 432 59 19 ären-

146 460 47 20 den.
222 459 72 21 Skulle
317 466 28 14 nu
367 459 36 22 det
425 459 23 21 af
469 460 105 20 utskottet
596 459 113 21 förordade
725 459 164 26 lagstadgandet
903 459 63 21 vinna
990 464 2 2 '

146 488 49 27 laga
209 487 64 27 kraft,
288 490 45 19 tror
345 488 44 26 jag,
405 490 31 19 att
450 488 135 27 regeringens
601 488 53 25 syfte
670 487 5 21 i
691 487 161 26 ifrågavarande
867 487 98 22 afseende

145 516 35 21 för
202 517 62 25 inges
286 517 33 20 del
335 516 67 21 skulle
417 517 85 24 vinnas;
519 505 90 32 tvärtom
626 514 73 23 skulle
709 504 37 33 det
762 515 77 22 blanda
854 515 49 22 bort
919 516 47 21 hela

147 545 70 21 saken.
248 545 39 20 Om
303 552 26 13 en
344 545 65 21 sådan
423 545 159 26 inskränkning,
598 547 32 18 att
645 545 74 20 endast
735 544 6 21 i
757 545 26 20 de
798 544 42 25 fall,
853 545 25 20 dä
888 545 78 26 ifräga-

146 573 92 21 varande
254 574 67 20 medel
337 575 49 19 röra
401 579 25 15 en
442 573 54 21 enda
511 573 101 21 kommun
627 579 78 20 ensam,
721 560 124 40 uppbörden
861 573 68 21 skulle
945 573 21 21 fä

145 602 126 21 verkställas
287 602 22 21 af
322 602 138 21 kommunens
476 608 52 21 egna
543 602 125 26 tjenstemän
685 602 67 21 skulle
768 601 112 26 stipuleras
896 601 69 22 säsom

146 631 41 26 lag,
210 630 23 21 sä
253 631 66 21 blefve
335 631 143 21 förhällandet
492 631 43 26 det,
551 633 32 18 att
598 631 6 20 i
620 631 25 20 de
661 630 53 21 allra
729 630 61 21 flesta
805 630 36 21 fall
857 636 26 15 en
898 630 66 21 sädan

146 659 97 27 uppbörd
266 659 67 21 skulle
355 659 64 21 blifva
442 660 86 26 omöjlig
548 659 23 21 af
585 659 35 21 det
637 659 61 21 enkla
714 659 53 26 skäl,
783 661 31 18 att
830 659 7 20 i
852 659 49 20 vårt
916 659 49 21 land

145 688 67 21 finnas
234 688 62 26 högst
317 688 21 21 fä
360 688 131 26 kommuner,
514 694 45 15 som
579 690 76 24 utgöra
671 690 30 19 ett
717 688 86 21 distrikt
817 687 7 21 i
839 687 99 22 afseende
953 687 12 22 &

146 717 140 25 väghållning,
308 716 143 27 brobyggnad,
476 717 51 20 häll-
549 716 39 21 och
610 716 177 26 fängskjutsning,
807 716 22 26 ja
844 716 121 22 tillochmed

145 745 146 26 snöplogning.
320 745 11 20 I
353 745 25 21 de
399 746 60 20 flesta
474 745 36 21 fall
525 745 61 21 torde
602 744 106 22 distriktet
723 746 94 24 utgöras,
833 750 33 15 om
882 745 46 21 icke
944 744 22 22 af

146 773 89 21 häradet
251 774 51 20 eller
317 774 119 26 tingslaget,
453 773 23 21 sä
492 774 127 20 ätminstone
635 774 21 20 af
670 773 125 25 socknarna,
808 773 25 20 de
844 773 121 21 nuvarande

146 801 123 25 socknarna,
292 802 72 20 hvilka
386 808 88 14 numera
497 804 37 18 äro
556 802 97 20 indelade
672 802 6 20 i
694 801 69 21 skilda
778 802 131 20 kommuner.
939 802 25 26 Ej

147 836 36 14 ens
198 830 7 20 i
220 830 78 20 sådana
313 830 45 26 fall,
374 830 26 21 dä
416 832 30 19 ett
461 830 124 27 snöploglag
600 831 5 20 i
622 836 25 15 en
661 830 76 21 socken
754 830 86 21 beslutit
852 832 32 18 att
895 830 70 21 utföra

145 858 176 26 vägunderhället
343 859 67 20 under
432 860 81 19 vintern
537 859 27 26 pä
586 858 147 26 entreprenad,
754 858 69 22 skulle
838 859 126 21 kommunen

146 886 63 22 hafva
230 887 102 25 rättighet
354 889 32 19 att
401 887 96 27 uppbära
511 887 25 21 de
552 887 71 21 derför
639 886 138 27 erforderliga
792 887 82 21 medlen
889 894 76 20 genom

146 916 47 20 sina
209 922 51 20 egna
277 916 131 26 tjenstemän.
438 916 43 20 För
496 918 32 18 att
544 922 29 14 nu
588 916 69 20 denna
672 916 109 25 orättvisa,
793 922 44 14 som
848 922 74 20 genom
934 922 31 21 en,

145 950 46 15 som
208 944 35 26 jag
258 950 67 20 anser,
343 944 98 27 olämplig
457 944 95 27 tolkning
568 944 22 21 af
604 944 97 26 gällande
717 944 248 28 kommunalförfattning

145 972 129 26 tillkommit,
297 972 33 21 för
345 973 112 21 framtiden
473 973 66 21 mätte
554 973 103 27 upphöra,
674 972 90 22 föreslär
779 973 61 21 äfven
853 973 37 27 jag
905 974 6 20 i
928 973 37 21 lik-

145 1001 37 21 het
203 1002 47 20 med
275 1002 134 26 domprosten
432 1002 95 26 Renvall,
548 1005 32 17 att
601 1002 116 21 utskottets
740 1002 133 20 betänkande
895 1002 7 20 i
918 1002 47 21 dess

144 1029 68 21 första
234 1036 62 15 mom.
319 1030 33 20 väl
372 1030 69 21 kunde
456 1033 95 23 antagas,
566 1037 48 14 men
630 1032 32 19 att
677 1030 35 21 det
729 1036 73 15 senare
818 1037 60 15 mom.
896 1031 68 21 skulle

145 1058 21 21 få
181 1058 91 26 följande
288 1058 89 26 lydelse:
393 1059 56 23 ,För
464 1060 40 20 den
520 1060 100 20 händelse
635 1059 162 25 ofvanberörda,
813 1059 152 21 kommunerna

144 1086 110 21 tilistadde
276 1088 42 19 rätt
334 1087 100 21 omfattar
450 1087 80 21 sädana
545 1087 75 26 medel,
637 1093 43 14 som
697 1087 22 21 af
733 1087 157 21 vederbörande
907 1093 58 20 myn-

145 1115 96 26 digheter
258 1115 105 21 faststälts
378 1118 31 18 att
424 1115 22 21 af
460 1115 25 21 de
502 1115 216 27 betalningsskyldiga
733 1115 56 22 inom
805 1115 49 22 flere
869 1117 95 20 kommu-

143 1149 39 16 ner
197 1145 130 24 gemensamt
342 1144 57 26 utgä,
416 1145 59 20 skola
491 1145 71 26 dylika
577 1145 74 25 medel,
669 1145 37 20 der
721 1145 18 26 ej
755 1145 133 20 annorlunda
898 1145 67 21 finnes

143 1172 101 21 särskildt
266 1173 119 27 medgifvet,
409 1173 23 20 af
453 1179 81 15 samma
549 1157 146 52 myndigheter
710 1173 93 22 fördelas
819 1173 12 21 ä
846 1174 118 33 respektive

143 1201 125 21 kommuner
290 1202 57 20 inom
367 1196 95 29 häradet,
479 1202 32 20 för
526 1203 32 19 att
574 1203 6 19 i
596 1202 67 26 dessa,
678 1202 27 26 pä
719 1203 44 20 sätt
779 1202 60 21 ofvan
855 1202 63 26 sagdt
933 1204 30 25 är,

143 1231 108 20 uttaxeras
274 1230 39 21 och
335 1230 113 32 uppbäras.
478 1230 111 29 Likaledes
612 1218 53 33 skall
689 1231 91 20 rörande
797 1218 112 39 indrifning
928 1231 34 21 af

143 1261 38 17 ete.
206 1258 67 20 säsom
297 1259 6 19 i
319 1258 163 26 propositionen.
513 1253 117 27 Ätervinna
645 1258 18 26 ej
680 1259 152 21 kommunerna
848 1247 68 33 denna
928 1266 35 14 na-

143 1286 77 26 turliga
236 1288 44 19 rätt
295 1288 31 20 att
342 1286 73 27 sjelfva
430 1287 20 21 fä
466 1289 97 19 uttaxera
580 1287 40 21 och
635 1287 96 27 uppbära
746 1287 160 26 ifrägavarande
922 1294 41 14 me-

143 1311 39 35 del,
194 1303 34 32 "sä
243 1317 37 18 äro
296 1315 18 26 ej
330 1315 66 21 heller
411 1315 153 21 kommunerna
580 1316 5 20 i
601 1315 61 21 stånd
678 1318 32 18 att
726 1304 73 33 utöfva
815 1316 38 21 den
870 1316 93 21 kontroll

143 1344 58 20 öfver
223 1344 94 20 medlens
339 1346 56 18 rätta
411 1344 131 20 indrifvande
560 1344 38 20 och
615 1344 146 25 användande,
777 1350 44 14 som
838 1350 76 14 annars
929 1350 34 20 ge-

141 1376 48 15 nom
212 1371 40 20 den
274 1371 98 25 gällande
395 1370 274 28 kommunalförfattningen
690 1374 24 18 är
729 1372 153 21 kommunerna
898 1371 65 22 tiller-

141 1399 64 21 känd.
234 1399 72 26 Ingen,
322 1399 93 21 hvarken
431 1399 131 26 kronofogde
578 1400 52 20 eller
645 1400 188 25 häradsskrifvare,
849 1402 24 19 är
887 1406 75 20 genom

141 1427 97 26 gällande
260 1428 34 25 lag
316 1428 139 26 skyldigkänd
478 1430 32 19 att
533 1428 89 21 aflemna
644 1428 134 27 redovisning
798 1429 54 21 inför
868 1430 95 20 kommu-

141 1462 67 15 nerna
222 1456 33 21 för
270 1457 26 20 de
311 1457 67 20 medel
394 1457 26 20 de
435 1456 107 27 uppburit.
568 1457 41 21 Det
624 1463 51 15 vore
691 1457 71 22 derför
777 1458 6 20 i
800 1458 162 21 kommunernas

141 1491 67 14 sanna
230 1485 95 26 intresse,
347 1487 33 20 att
402 1485 123 27 uppbörden
548 1485 23 21 af
592 1485 42 21 alla
657 1485 61 22 dessa
736 1487 68 20 medel
820 1487 66 21 mätte
901 1487 60 22 verk-

141 1513 73 22 ställas
236 1520 75 21 genom
334 1514 25 21 de
382 1514 133 27 tjeustemän,
538 1520 43 15 som
601 1515 33 20 stä
649 1515 66 22 under
731 1515 162 22 kommunernas
909 1522 51 21 egen
