1700 1961
656 219 160 18 Presteståndet
833 220 54 16 1877.
911 220 11 16 7
935 219 58 22 april.
1162 215 40 20 429

411 287 218 22 kärleksverksamhet
651 288 40 21 och
711 288 139 27 hjelpsamhet
869 291 44 18 mot
927 288 85 21 lidande
1027 288 59 21 likar.
1117 288 37 21 Att
1170 288 60 21 äfven

408 316 37 26 jag
459 316 7 20 i
482 316 48 20 mitt
545 316 81 21 försvar
641 316 45 21 icke
700 316 39 21 har
754 317 54 20 varit
821 319 56 19 emot
889 317 82 25 sådant,
983 317 60 21 torde
1054 317 81 25 framgå
1145 316 21 21 af
1175 317 56 20 hvad

410 344 34 26 jag
466 346 46 24 sagt
532 344 39 21 och
587 350 62 15 anser
661 344 37 26 jag
713 345 41 25 mig
769 345 46 21 icke
829 344 90 22 behöfva
933 345 123 26 ytterligare
1071 346 49 25 taga
1135 344 95 22 ständets

409 372 95 22 tålamod
528 372 38 21 och
588 373 31 20 tid
641 372 6 21 i
669 373 90 26 anspråk
781 373 48 21 med
852 372 142 27 försäkringar
1015 373 74 21 härom
1112 373 31 20 vis
1165 372 13 21 &
1200 373 30 20 vis

410 401 42 26 mig
468 400 99 22 enskildt.
592 400 251 27 Hufvudanmärkningen
855 404 44 18 mot
911 402 48 20 mitt
971 401 134 26 andragande
1118 400 39 21 har
1170 400 59 25 varit,

411 431 32 19 att
462 429 37 27 jag
514 430 24 20 sä
553 430 31 20 att
599 431 51 24 säga
665 428 76 22 efterät
756 430 89 20 kommit
860 430 67 20 under
941 429 51 21 fund
1007 430 47 20 med
1070 431 31 19 ett
1115 429 53 25 skäl,
1184 435 46 15 som

410 458 104 21 utskottet
536 458 53 26 icke,
613 458 27 21 dä
661 457 74 27 frägan
758 458 37 21 der
818 458 147 25 behandlades,
989 457 140 22 observerade
1144 457 39 22 och
1198 459 32 19 att

410 486 60 22 äfven
486 486 58 22 detta
559 486 46 21 skäl
621 492 50 16 vore
686 486 22 22 af
721 486 42 27 mig
778 486 48 22 sökt
842 490 54 18 samt
911 486 115 27 petitionen
1040 486 69 21 derför
1120 486 45 21 icke
1174 492 55 20 vore,

409 515 69 21 säsom
499 515 37 26 jag
558 515 87 26 pästätt,
665 515 85 27 otydlig.
781 515 70 21 Fallet
866 517 23 19 är
905 514 122 26 emellertid,
1043 516 32 19 att
1087 514 37 27 jag
1139 515 7 20 i
1161 514 69 21 denna

409 544 63 20 stund
488 550 61 15 anser
564 543 69 21 denna
647 543 88 27 petition
751 543 42 21 lida
809 544 22 20 af
844 543 79 27 ganska
939 546 45 18 stor
999 542 123 27 otydlighet,
1136 549 47 15 men
1194 543 36 21 det

408 574 24 19 är
448 572 86 26 onödigt
549 574 32 19 att
596 572 71 21 vidare
683 574 92 24 upptaga
790 572 57 21 tiden
863 572 47 20 med
921 572 64 20 detta.
1011 570 133 22 Författaren
1157 572 73 26 pästär

409 600 51 22 visst
482 601 83 26 mycket
586 600 79 26 säkert,
688 603 32 19 att
738 601 39 21 den
793 602 24 20 är
832 600 82 27 mycket
929 600 46 21 klar
991 600 38 20 och
1045 602 60 24 säger
1120 600 32 27 sig
1166 600 63 20 hafva

408 628 68 22 blifvit
492 629 130 21 understödd
637 628 22 22 af
673 629 71 21 andra.
772 629 67 25 Hvad,
855 635 44 15 som
914 635 29 15 nu
958 630 23 20 är
996 628 23 21 sä
1029 628 127 26 fullkomligt
1166 628 62 26 klart,

408 657 66 21 borde
497 657 63 21 hafva
583 657 40 21 den
645 657 132 27 egenskapen
800 659 31 19 att
847 657 87 26 upplysa
950 657 59 20 äfven
1025 657 47 25 den,
1088 663 45 14 som
1149 657 38 20 har
1202 662 26 15 en

408 685 85 22 svårare
516 685 201 27 fattningsförmäga.
749 685 212 27 ,Bildningsanstalt*
986 687 23 18 är
1032 687 31 19 ett
1084 685 84 26 mycket
1186 685 43 20 vid-

408 715 80 20 sträckt
504 714 38 21 ord
559 714 39 21 och
613 714 141 27 petitionären
765 716 35 19 vet
810 715 53 25 bäst,
874 715 31 20 att
916 713 120 26 bildningen
1047 713 109 22 befordras
1167 713 61 21 äfven

408 749 75 19 genom
507 742 148 27 undervisning
678 742 39 21 och
739 743 34 20 det
793 743 40 20 kan
849 742 81 21 säledes
945 742 81 25 tänkas,
1042 742 122 26 isynnerhet
1179 742 27 21 dä
1221 742 6 20 i

408 771 116 26 petitionen
547 771 93 26 ständigt
657 771 53 21 talas
726 777 34 15 om
775 771 154 26 undervisning,
946 776 34 15 om
996 770 35 21 det
1046 771 67 24 svära,
1129 777 45 14 som
1190 770 38 26 lig-

407 805 37 20 ger
459 799 7 20 i
482 799 60 22 dessa
559 799 132 22 vanlottades
706 799 148 26 undervisning
869 805 27 15 m.
912 805 34 18 m.,
962 800 32 19 att
1010 799 141 26 petitionären
1167 799 60 20 tänkt

408 828 32 26 sig
460 827 70 22 desses
546 827 91 27 sorgliga
652 827 41 22 lott
708 828 51 21 böra
775 827 100 27 afhjelpas
887 828 46 25 just
948 827 39 21 och
1001 827 135 21 uteslutande
1150 833 76 20 genom

408 857 150 26 undervisning
573 855 39 22 och
628 857 31 20 att
673 857 42 20 han
731 856 70 22 derför
816 856 106 27 verkligen
937 855 61 21 tänkt
1013 856 31 26 sig
1055 856 60 21 dessa
1125 856 102 21 anstalter

408 885 55 22 blott
485 885 70 21 såsom
575 884 78 22 skolor.
683 885 75 20 Denna
779 884 134 28 uppfattning
933 884 22 21 af
969 885 126 26 petitionens
1117 884 53 27 syfte
1188 884 39 21 har

407 913 140 27 petitionären
571 913 49 21 sökt
641 913 137 27 omöjliggöra
799 919 74 21 genom
897 913 35 21 det
947 913 124 26 pästäendet
1087 915 32 19 att
1134 919 25 14 en
1174 913 53 21 idiot

408 941 67 27 aldrig
490 941 68 22 skulle
574 942 70 21 kunna
659 948 37 15 ens
711 942 76 21 tänkas
802 942 26 25 gä
843 942 7 20 i
865 941 60 22 skola
941 941 38 22 och
995 943 31 20 att
1042 941 69 22 derför
1127 948 25 15 en
1161 941 66 22 sädan

407 970 79 21 anstalt
508 970 160 26 nödvändigtvis
689 971 67 20 måste
778 977 50 14 vara
847 971 97 20 internat.
974 969 65 21 Detta
1054 970 62 20 beror
1132 970 53 21 dock
1200 970 27 26 pä

407 998 55 22 hvad
478 1004 49 15 man
542 998 77 22 förstär
633 998 48 22 med
696 998 57 21 idiot.
775 999 94 21 Gränsen
885 1000 24 19 är
924 997 43 21 ofta
983 998 83 26 mycket
1082 1004 66 20 vague
1164 998 63 21 emel-

407 1026 35 22 lan
463 1033 25 15 en
512 1028 75 20 endast
607 1027 87 21 klenare
716 1027 97 21 utrustad
835 1026 114 26 menniska,
966 1032 25 15 en
1006 1026 53 21 idiot
1074 1026 39 21 och
1128 1033 26 14 en
1170 1026 55 22 dåre.

407 1056 45 20 Allt
477 1056 62 20 beror
562 1056 53 26 häri,
641 1057 70 20 säsom
735 1056 67 26 sagdt,
826 1056 27 26 pä
878 1055 54 21 hvad
955 1061 48 15 man
1033 1054 85 22 dermed
1142 1055 84 21 förstär.

407 1084 88 22 Förstår
517 1090 47 15 man
587 1084 49 21 med
657 1084 54 21 idiot
725 1086 15 19 t.
757 1091 31 15 ex.
804 1084 55 21 hvad
874 1084 40 21 den
929 1084 7 20 i
951 1083 41 21 alla
1007 1083 219 21 ständsmedlemmars

407 1113 52 21 kära
482 1112 68 22 minne
573 1112 90 27 troligen
683 1114 56 20 ännu
754 1112 104 22 bevarade
873 1111 102 27 Strelings
991 1112 146 27 ,grammatica
1152 1112 75 22 latina*

407 1141 73 21 härom
507 1141 104 27 upplyser,
636 1142 23 21 sä
682 1144 47 19 veta
752 1142 19 20 vi
794 1144 31 18 att
848 1140 91 26 ,idiota*
961 1142 24 20 är
1000 1141 115 21 detsamma
1130 1147 45 15 som
1192 1140 35 22 det

407 1170 101 21 svenska:
531 1169 87 25 ,olärdf
641 1183 26 2 —
684 1176 47 15 men
747 1170 41 21 alla
803 1170 73 21 olärda
891 1170 32 20 får
937 1175 49 15 man
1001 1169 33 21 väl
1049 1169 46 21 icke
1110 1169 118 21 fränkänna

407 1198 108 27 förmägan
538 1201 31 19 att
590 1199 128 21 ätminstone
738 1198 85 22 komma
845 1198 32 21 till
899 1199 39 21 och
957 1197 46 22 frän
1019 1197 80 22 skolan.
1129 1198 40 26 Jag
1184 1198 42 21 vid-

407 1227 74 22 blifver
504 1228 41 21 min
568 1228 60 27 äsigt,
650 1229 33 20 att
697 1228 115 26 petitionen
828 1227 106 26 verkligen
949 1226 82 22 kunnat
1047 1226 38 22 och
1101 1226 63 22 bordt
1179 1228 47 21 när-

406 1263 58 14 mare
482 1257 123 26 preciseras,
621 1257 39 21 och
675 1257 41 20 kan
732 1256 70 22 derför
817 1257 48 20 med
878 1256 84 21 handen
977 1256 26 26 pä
1018 1255 84 26 hjertat,
1119 1255 58 22 detta
1192 1257 34 20 mä

407 1285 70 23 sedan,
500 1285 65 25 enligt
588 1291 25 15 en
636 1285 125 26 föregäende
782 1285 77 21 talares
880 1285 45 24 ord,
941 1290 50 15 vara
1006 1284 70 21 bättre
1091 1284 51 21 eller
1157 1286 68 19 sämre

406 1315 27 19 än
449 1314 25 20 de
490 1312 60 22 flesta
565 1313 66 21 andra
646 1313 137 25 menniskors,
799 1315 56 24 säga,
871 1314 32 20 att
918 1313 39 20 den
973 1314 24 19 är
1011 1314 68 25 öppen
1091 1312 33 21 för
1134 1312 92 21 missför-

406 1342 68 26 stånd,
491 1342 79 21 hvilket
585 1342 64 21 också
663 1342 82 21 bevisas
761 1342 119 26 derigenom
895 1343 38 24 att,
949 1342 58 20 utom
1022 1340 73 25 andra,
1110 1341 60 21 äfven
1186 1342 40 20 den

406 1370 123 24 auktoritet,
555 1376 46 16 som
623 1370 68 21 blifvit
713 1370 107 26 åberopad
842 1370 21 21 af
883 1371 86 25 prosten
989 1369 111 27 Bergroth,
1121 1369 104 25 nämligen

406 1400 86 25 prosten
515 1398 99 28 Alopgeus
635 1399 28 26 pä
685 1405 80 15 samma
785 1400 43 20 sätt
843 1398 135 21 missförstått
993 1398 116 26 petitionen
1125 1404 45 15 som
1183 1398 42 26 jag,

406 1427 85 21 hvarför
513 1427 42 21 han
575 1428 44 25 just
638 1428 7 20 i
665 1433 80 15 samma
760 1426 76 22 artikel
850 1426 107 26 beklagar,
973 1428 31 19 att
1019 1426 62 27 syftet
1097 1426 45 22 icke
1159 1426 67 21 blifvit

407 1457 97 20 närmare
519 1456 134 26 preciseradt.
676 1456 41 20 Det
732 1456 97 20 förvånar
845 1455 42 26 mig
901 1455 55 21 blott
971 1456 32 20 att
1017 1457 86 24 prosten
1113 1454 112 27 Bergroth,

407 1484 26 20 då
448 1484 41 20 han
505 1490 25 15 en
546 1485 55 26 gång
616 1484 47 21 med
679 1484 73 21 beröm
768 1484 124 21 omnämnde
908 1483 68 21 denna
991 1482 175 28 tidningsartikel,
1179 1483 47 21 icke

406 1512 32 20 för
460 1518 52 19 egen
537 1512 34 21 del
593 1514 97 19 närmare
710 1512 69 21 anslöt
801 1512 31 25 sig
849 1512 44 25 just
908 1512 32 20 till
955 1512 55 20 hvad
1026 1514 85 23 prosten
1126 1512 100 26 Alopaeus

407 1540 44 20 deri
471 1541 73 25 yttrat,
568 1540 39 21 och
629 1540 60 21 hvari
709 1539 36 27 jag
759 1539 7 21 i
782 1539 40 21 allo
839 1539 82 21 förenar
936 1539 48 26 mig.
1013 1539 11 21 I
1039 1539 135 26 förbigående
1190 1539 36 21 vill

404 1568 36 26 jag
462 1574 62 16 svara
546 1569 27 26 på
595 1569 64 25 några
682 1567 22 21 af
725 1568 25 20 de
765 1568 168 26 anmärkningar,
949 1573 45 15 som
1010 1567 68 21 blifvit
1093 1567 73 27 gjorda
1182 1569 44 19 mot

406 1597 49 27 mig.
477 1596 41 28 Jag
533 1596 68 22 skulle
616 1596 49 27 vilja
680 1598 49 25 taga
744 1596 54 22 fasta
813 1597 27 26 på
855 1598 31 19 ett
901 1595 39 22 ord
955 1595 22 21 af
986 1595 134 27 domprosten
1131 1595 93 25 Renvall,
