1059 1828
328 126 159 18 Presteständet
500 128 53 17 1877.
578 128 12 16 6
602 131 60 14 mars.
836 123 38 20 195

84 196 105 27 ogillande
208 195 64 26 deraf,
289 197 32 20 att
336 196 136 21 länsmannen
488 196 32 21 får
535 195 95 28 begagna
645 196 126 27 häradspost
786 197 34 21 för
834 198 33 20 att
881 197 22 22 få

85 225 45 20 sina
151 224 130 21 embetsbref
302 224 39 21 och
366 225 137 26 kungörelser
524 224 115 21 framförda
662 225 32 20 till
716 225 88 27 kyrkan,
819 225 84 28 påpeka

84 253 39 20 den
139 253 190 26 omständigheten,
345 255 32 18 att
390 253 23 26 ju
429 253 61 21 dessa
505 253 137 26 kungörelser
657 253 44 21 ofta
716 255 37 19 äro
768 255 80 25 ganska
858 254 45 21 vik-

83 281 44 26 tiga
140 281 38 21 och
200 283 32 19 att
247 281 35 20 det
298 281 97 21 stundom
411 281 83 21 fordras
509 281 133 26 påteckning,
658 283 32 19 att
705 282 25 21 de
745 281 69 22 blifvit
828 282 75 21 afkun-

83 310 60 20 nade.
174 309 40 21 Om
236 309 136 21 länsmännen
396 309 101 22 skickade
520 310 167 26 kungörelserna
702 311 47 20 med
764 311 38 20 sitt
817 311 85 26 tjenste-

83 337 50 26 folk,
154 337 71 22 kunde
240 338 26 20 de
282 344 75 21 genom
373 338 69 21 dettas
458 338 134 21 oaktsamhet
607 338 125 27 förkomma,
748 339 39 21 och
805 342 99 19 ansvaret

84 367 84 20 derföre
191 366 108 22 drabbade
322 367 144 23 länsmannen,
481 366 80 21 hvilket
576 367 46 20 icke
638 367 69 21 blefve
721 368 60 20 fallet
797 374 33 14 om
846 368 57 21 läns-

83 401 89 15 mannen
188 395 60 21 äfven
264 395 6 20 i
287 395 58 21 detta
360 395 36 21 fall
412 394 55 28 finge
483 396 95 25 begagna
594 395 31 27 sig
641 395 22 21 af
676 395 134 28 häradspost.
840 396 64 22 Dess-

83 426 59 18 utom
158 424 76 20 trodde
249 424 89 25 talaren,
354 426 32 18 att
401 425 36 20 det
452 424 46 21 icke
513 423 99 22 tillhörde
624 424 91 26 ståndet,
726 427 32 19 att
772 425 6 20 i
794 431 20 14 en
825 425 79 21 allmän

83 452 125 26 författning
224 453 71 26 intaga
310 459 25 14 en
351 452 65 21 sådan
432 453 99 21 minutiös
548 453 139 26 bestämning,
702 459 45 15 som
759 453 46 26 den,
819 453 85 22 hvilken

83 481 108 26 professor
207 481 102 21 Forsman
325 481 115 26 föreslagit,
456 483 31 19 att
502 481 6 20 i
524 481 11 26 $
552 482 9 19 1
578 481 69 21 skulle
662 481 54 27 ingå.
746 481 88 22 Talaren
848 483 56 20 hem-

84 509 75 21 ställde
176 509 89 24 derföre,
282 509 104 21 huruvida
400 510 47 20 icke
462 510 115 21 utskottets
588 510 133 21 betänkande
732 510 72 21 kunde
814 511 22 20 af
846 511 58 21 stån-

84 538 36 20 det
134 538 128 26 godkännas.

151 595 90 21 Prosten
264 594 175 27 Grönberg:
462 595 40 21 Vid
524 594 126 27 föregående
673 595 126 27 landtdagar
816 596 39 21 har
868 596 37 27 jag

84 629 50 17 mer,
158 625 26 19 än
208 630 24 14 en
248 623 61 27 gång,
325 623 73 21 tillåtit
413 624 43 25 mig
472 623 91 27 betvifla,
579 624 104 21 huruvida
699 624 40 21 den
754 625 105 20 våldsamt
873 625 31 21 af-

84 651 94 22 skaffade
194 652 176 26 klockareposten
386 658 75 20 genom
477 652 153 27 häradsposten
646 653 68 21 skulle
725 653 69 21 kunna
807 655 97 25 ersättas,

84 681 39 20 och
146 681 62 26 hyser
229 681 36 26 jag
286 680 38 21 allt
339 681 131 21 fortfarande
485 682 59 21 detta
560 681 77 22 tvifvel.
667 681 74 21 Ehuru
757 683 94 25 exempel
867 684 37 19 äro

84 709 121 27 förhatliga,
221 710 67 21 måste
301 709 37 27 jag
354 709 59 23 dock,
429 711 50 20 enär
494 713 32 18 ett
541 710 75 21 sådant
627 710 66 26 ligger
706 710 42 26 mig
760 711 81 25 ganska
852 713 53 19 nära

85 738 38 21 och
138 744 76 20 genom
233 738 122 21 erfarenhet
370 744 45 14 mer
430 740 28 19 än
474 744 24 15 en
514 738 54 27 gång
583 738 39 21 har
638 738 56 26 legat
710 739 41 26 mig
766 739 7 20 i
788 741 74 24 vägen,
878 740 26 20 be

84 768 32 20 att
137 766 21 21 få
180 767 119 26 framhålla,
322 769 33 19 att
372 766 36 26 jag
424 767 46 21 icke
485 767 40 21 kan
541 768 50 25 inse,
607 767 55 21 huru
677 768 157 26 presterskapet
850 767 54 21 skall

84 795 63 21 hafva
170 795 68 27 någon
262 798 60 24 nytta
344 796 22 20 af
387 795 127 27 häradspost
529 797 6 19 i
551 796 75 20 sådant
641 795 44 26 fall,
702 796 26 21 då
743 798 14 18 t.
775 803 31 14 ex.
822 796 82 22 moder-

84 824 217 27 kyrkoförsamlingen
324 824 66 26 ligger
411 824 56 21 inom
490 826 31 19 ett
544 824 64 21 härad
629 824 39 21 och
683 824 221 28 kapellförsamlingen

84 853 56 21 inom
164 855 31 19 ett
218 856 71 21 annat,
312 852 36 22 der
372 858 25 15 en
419 852 62 27 fattig
503 852 129 28 kapellprest
654 852 67 22 måste
740 854 76 21 enkom
831 854 74 21 skicka

84 881 72 27 hvarje
180 882 80 20 kollekt
283 881 47 21 med
346 881 92 21 enskildt
454 880 41 22 bud
511 882 31 20 till
558 884 73 24 pastor
647 888 19 14 0.
682 888 15 14 s.
714 888 18 15 v.
763 882 41 27 Jag
819 884 86 19 taxerar

84 910 46 22 icke
152 911 106 21 utskottet
280 910 38 26 för,
341 912 32 19 att
388 910 36 21 det
443 910 46 22 icke
505 911 86 21 förmått
606 911 31 20 till
654 910 51 21 fullo
721 911 45 21 lösa
782 912 59 20 detta
856 917 48 20 pro-

84 939 62 26 blem,
163 939 23 21 sä
201 939 85 27 mycket
300 939 87 26 mindre,
404 945 44 15 som
465 940 35 20 det
514 939 46 22 icke
575 945 37 15 ens
627 940 81 20 kunnat
723 946 51 15 vara
788 940 118 21 utskottets

84 968 89 27 uppgift.
204 968 160 27 Författningen
380 967 67 22 måste
463 967 33 22 väl
512 974 60 15 anses
588 974 50 15 vara
653 974 26 15 en
695 968 209 28 öfvergängsförfatt-

85 997 49 26 ning
157 997 45 24 och,
224 999 36 25 jag
280 997 37 20 vill
332 997 61 20 äfven
408 997 88 26 hoppas,
513 1003 24 14 en
554 996 120 27 utveckling
688 997 33 21 till
736 998 36 20 det
788 997 77 26 bättre,
882 997 23 21 sä

84 1027 32 19 att
141 1025 49 26 alla,
213 1032 48 15 men
283 1025 121 27 isynnerhet
427 1025 89 22 embets-
540 1026 39 21 och
600 1025 167 26 tjenstemännen
783 1026 121 27 derigenom

85 1054 64 21 blifva
164 1054 111 27 betjenade
291 1054 23 21 af
328 1054 126 27 postverket.
475 1055 41 25 Jag
529 1054 37 21 vill
582 1053 56 22 blott
652 1055 7 20 i
674 1054 136 27 förbigäende
821 1054 84 27 päpeka

85 1089 25 14 en
134 1083 162 26 omständighet,
318 1088 45 16 som
380 1083 44 20 ofta
439 1083 128 21 föresväfvat
582 1082 48 26 mig,
646 1083 106 26 nämligen
768 1085 32 18 att
815 1084 36 20 det
866 1083 39 20 har

85 1113 58 24 synts
159 1112 41 26 mig
216 1112 68 20 säsom
301 1111 67 21 skulle
384 1111 127 21 statsverket
527 1111 98 21 betrakta
640 1111 124 26 postverket
774 1111 33 21 för
818 1118 25 14 en
856 1117 48 20 pro-

86 1140 74 21 duktiv
182 1140 122 26 inrättning.
335 1139 40 22 Om
397 1140 21 21 sä
443 1141 29 24 är,
496 1146 62 15 anser
575 1140 36 26 jag
631 1140 36 21 det
682 1140 33 21 för
731 1142 31 19 ett
776 1140 129 26 fullkomligt

85 1169 93 26 misstag.
202 1181 26 3 —
251 1169 41 26 Jag
312 1168 38 22 ber
373 1168 98 26 föröfrigt
494 1171 31 18 att
540 1168 20 21 fä
576 1169 84 20 biträda
675 1169 35 21 det
726 1168 86 22 sakrika
827 1168 79 21 andra-

84 1198 76 26 gande,
176 1203 45 15 som
237 1197 107 27 professor
359 1197 87 21 Donner
461 1197 87 26 afgifvit.

154 1255 76 21 Pastor
252 1255 77 26 Lyra
352 1254 98 22 erinrade
473 1254 31 22 till
524 1253 59 27 först,
600 1255 32 19 att
647 1254 34 20 vid
697 1253 39 21 den
753 1260 28 14 nu
796 1253 108 27 pägäende

86 1283 146 22 diskussionen
248 1284 58 21 öfver
321 1283 251 21 utskottsbetänkandets
588 1284 10 19 1
613 1282 9 27 &
636 1283 22 20 de
673 1282 127 26 föregående
811 1282 95 21 talarene

86 1313 72 21 berört
181 1312 56 21 olika
260 1312 186 26 omständigheter.
477 1312 41 20 Det
540 1311 40 21 har
598 1311 56 21 varit
668 1311 30 20 tal
714 1316 34 15 om
763 1310 95 21 vilkoren
872 1310 34 21 för

86 1341 130 21 inrättandet
232 1340 22 21 af
269 1340 133 27 häradspost,
418 1346 34 15 om
468 1340 48 21 dess
530 1341 68 20 större
613 1339 52 21 eller
675 1339 81 21 mindre
767 1338 141 26 tidsenlighet

86 1369 39 21 och
148 1370 40 20 den
204 1370 68 20 större
287 1369 51 21 eller
353 1369 81 20 mindre
449 1370 65 25 nyttä,
529 1374 45 15 som
590 1368 157 26 presterskapet
762 1366 61 22 deraf
837 1366 69 22 skulle

86 1398 69 21 hafva.
186 1397 40 22 Till
248 1397 124 22 uttalanden
395 1403 34 15 om
452 1397 42 21 alla
516 1398 61 20 dessa
592 1395 181 27 omständigheter
788 1396 42 20 kan
845 1396 61 20 äfven

86 1426 126 27 paragrafen
234 1426 56 26 gifva
312 1426 118 25 anledning.
461 1425 61 21 Hvad
538 1425 52 21 först
604 1425 132 20 vidkommer
751 1423 155 27 behöfligheten

86 1455 22 19 af
122 1455 127 25 häradspost
265 1455 39 19 och
319 1455 96 19 vilkoren
429 1454 33 20 för
477 1453 121 20 inrättande
613 1453 23 19 af
650 1459 26 13 en
687 1452 66 20 sädan
763 1453 7 19 i
781 1452 57 20 olika
848 1452 59 20 kom-

87 1488 80 19 muner,
183 1481 48 22 ville
247 1482 82 20 talaren
346 1481 54 21 blott
414 1481 125 21 konstatera
554 1480 56 21 hvad
620 1480 106 26 professor
738 1480 104 20 Forsman
853 1482 54 23 sagt,

87 1510 104 27 nämligen
216 1512 31 20 att
270 1510 60 22 äfven
352 1510 7 21 i
382 1509 81 22 sädana
477 1508 153 27 församlingar,
647 1508 7 21 i
669 1508 71 22 hvilka
755 1508 153 26 postanstalter
