1067 1825
190 125 28 21 20
407 129 160 19 Presteståndet
580 130 53 18 1877.
657 131 23 16 31
691 130 43 21 jan.

230 198 51 22 Vice
303 201 88 24 pastorn
413 198 201 22 Westerlund
637 201 65 23 antog
718 200 38 23 att,
773 198 27 22 då
814 198 86 22 ståndet
916 198 66 20 redan

163 234 25 15 en
210 227 55 27 gång
284 226 58 22 förut
357 227 81 21 kunnat
453 227 53 21 bära
521 227 39 21 den
576 227 136 22 ekonomiska
728 228 80 26 tungan
824 227 22 21 af
860 232 25 16 en
900 226 82 21 notarie

162 256 40 22 och
227 256 139 27 stenografer,
383 256 59 21 detta
457 256 60 22 äfven
532 262 29 15 nu
576 256 68 21 kunde
661 255 49 26 ske,
722 256 34 20 om
772 256 39 21 ock
827 256 35 20 det
878 255 22 21 af
914 256 68 20 steno-

160 284 100 28 graferne
276 284 112 28 betingade
403 284 88 22 arvodet
506 291 28 15 nu
549 291 49 15 vore
614 284 90 28 drygare
720 286 26 20 än
762 284 63 22 förut.

230 342 83 22 Doktor
328 342 81 21 Horn
420 341 73 27 borg
508 342 98 21 biträdde
621 343 73 25 pastor
708 341 142 27 Westerlund,
866 341 69 21 såvidt
946 342 36 21 det

162 371 63 21 rörde
240 371 130 26 antagandet
385 370 23 21 af
421 370 138 28 stenografer,
576 370 87 22 emedan
678 370 26 21 de
720 370 64 27 enligt
798 370 93 21 talarens
906 370 55 27 åsigt
975 371 7 20 i

162 400 44 21 alla
228 399 37 21 fall
288 399 68 21 blefve
372 399 138 27 oumbärliga,
525 406 48 15 men
589 398 48 22 ville
652 399 48 21 med
716 399 98 21 afseende
830 398 12 22 å
857 398 125 22 biträdande

162 428 134 22 sekreterare
311 428 85 24 föreslå,
412 430 30 19 att
458 428 129 28 antagandet
602 428 23 21 af
639 434 25 14 en
680 428 66 21 sådan
757 428 69 21 skulle
835 428 22 21 få
867 427 61 22 anstå
939 428 43 21 tills

162 456 85 22 ståndet
262 457 75 21 hunnit
359 456 109 28 öfvertyga
483 458 31 26 sig
530 464 33 14 om
579 456 156 27 behöfligheten
751 457 22 21 af
786 456 52 22 hans
854 457 127 21 medverkan

161 486 35 21 vid
220 486 146 28 redigeringen
382 485 20 22 af
416 486 141 27 protokollen.
587 485 72 23 Under
675 486 40 21 den
730 485 142 27 nästföljande
888 485 58 22 tiden
961 485 23 22 af

160 515 130 27 landtdagen
313 515 71 21 kunde
404 515 105 27 nämligen
532 515 22 21 af
575 515 157 26 stenograferne
756 521 58 15 mera
833 514 31 22 tid
880 520 64 21 egnas
960 514 22 22 åt

160 544 144 27 protokollen,
321 544 88 21 emedan
424 543 183 22 sammanträdena
623 550 50 14 voro
682 544 81 21 mindre
774 543 87 27 talrika;
872 544 40 21 och
924 544 58 21 dess-

161 575 59 20 utom
244 573 54 21 hade
320 572 74 28 hvarje
414 573 163 21 ståndsmedlem
598 572 26 22 då
640 572 69 22 bättre
724 573 32 21 tid
771 574 32 20 att
818 574 103 26 genomgå
936 573 46 21 sina

160 602 114 27 yttranden
298 602 40 21 och
354 601 44 22 deri
412 604 53 25 göra
482 602 26 21 de
522 602 120 27 ändringar,
658 608 44 15 som
718 602 70 21 kunde
804 608 50 15 vara
869 602 23 21 af
905 602 76 21 nöden.

230 660 110 21 Professor
356 659 70 22 Cleve
461 659 47 22 ville
524 659 74 22 endast
612 659 56 22 fästa
683 659 213 27 uppmärksamheten
909 659 71 26 derpå,

162 690 32 20 att
214 689 135 26 egenskapen
364 688 22 21 af
401 690 32 19 att
449 695 51 14 vara
514 689 109 26 stenograf
635 688 115 26 ingalunda
766 688 42 21 kan
823 694 61 15 anses
899 688 83 27 förtaga

161 717 110 26 förmågan
294 719 32 19 att
348 717 98 27 uppfatta
468 717 174 27 sammanhanget
658 717 7 20 i
681 719 30 19 ett
726 717 31 20 tal
772 717 52 21 eller
839 717 97 26 redigera
951 719 31 19 ett

162 745 108 28 protokoll
292 746 8 21 i
321 745 102 27 tillbörlig
445 746 60 21 form.
535 746 33 21 Då
589 746 35 21 det
642 746 55 21 varit
712 745 60 27 fråga
787 751 34 16 om
837 748 32 19 att
883 746 99 21 nedsätta

162 776 32 20 ett
213 775 206 26 justeringsutskott,
442 780 46 15 som
512 775 68 21 skulle
602 775 63 21 hafva
684 775 32 26 sig
738 775 72 25 ålagdt
832 777 32 18 att
878 775 104 26 genomgå

162 804 142 27 protokollen,
327 803 72 22 förrän
424 803 25 22 de
465 803 131 22 utlemnades
612 803 32 22 till
659 804 67 26 tryck,
742 803 40 22 och
797 803 73 27 hvarje
885 804 75 24 talare,
975 804 7 20 i

162 832 93 27 enlighet
277 832 48 21 med
348 832 55 21 hvad
424 832 78 21 doktor
517 832 113 27 Hornborg
644 834 73 25 yttrat,
733 832 54 22 hade
802 832 83 22 tillfälle
900 834 33 19 att
948 838 34 21 ge-

162 867 73 16 nomse
258 861 36 22 sitt
315 861 105 27 yttrande,
444 861 65 20 borde
531 862 33 21 väl
583 861 60 22 faran
658 861 23 20 af
695 861 145 26 protokollens
852 861 88 21 förande
955 861 27 27 på

162 891 60 20 detta
246 892 44 19 sätt
314 893 52 18 utan
390 889 128 22 medverkan
540 891 21 20 af
582 890 126 21 biträdande
723 890 132 21 sekreterare
870 889 47 22 icke
932 896 50 15 vara

162 918 72 22 alltför
256 919 115 26 betänklig.
402 918 109 27 Slutligen,
527 919 26 21 då
568 918 131 27 stenografer
715 919 33 21 väl
764 919 46 21 icke
824 919 7 21 i
847 918 68 27 någon
931 918 51 21 hän-

162 948 58 21 delse
242 947 71 22 kunde
334 948 112 25 undvaras,
470 947 66 27 ansåg
557 948 89 25 talaren,
662 950 32 18 att
709 947 134 27 föreningens
858 947 75 27 vilkor,
948 954 34 15 om

162 976 40 21 ock
223 982 27 15 en
271 976 92 27 lindring
386 976 7 21 i
408 976 108 21 desamma
530 982 51 16 vore
596 976 112 27 önskvärd,
723 976 65 22 likväl
804 976 70 22 kunde
889 976 24 21 af
926 976 56 22 stån-

161 1005 36 21 det
213 1007 94 25 antagas.

230 1062 84 22 Doktor
330 1062 118 22 Geitlin
463 1063 112 22 förordade
591 1062 61 22 äfven
668 1063 129 27 antagandet
812 1063 22 21 af
842 1063 138 27 stenografer,

162 1091 89 21 emedan
274 1092 36 21 det
332 1097 50 15 vore
405 1091 62 27 högst
489 1092 121 27 beklagligt,
632 1098 34 14 om
687 1092 157 26 presteståndet
859 1098 75 21 genom
950 1094 32 19 att

161 1120 70 21 uttala
246 1122 32 20 att
292 1120 35 22 vid
343 1120 68 21 denna
426 1120 100 27 landtdag
542 1120 131 27 stenografer
688 1127 50 15 vore
752 1121 33 21 för
800 1121 118 21 detsamma
933 1121 49 21 obe-

162 1148 84 28 höfliga,
270 1149 68 21 skulle
360 1149 56 27 gifva
438 1149 122 21 dödsstöten
583 1149 23 21 åt
621 1155 25 15 en
661 1149 122 27 inrättning,
800 1156 44 14 som
861 1150 65 26 enligt
942 1150 40 20 den

162 1177 127 27 erfarenhet,
305 1184 45 15 som
366 1178 6 20 i
388 1178 66 21 andra
470 1178 73 22 länder
558 1178 90 24 vunnits,
664 1184 60 16 anses
740 1185 50 15 vara
806 1178 22 22 af
841 1178 82 27 ganska
938 1181 44 19 stor

161 1206 44 27 vigt
221 1207 39 21 och
276 1206 107 27 betydelse
398 1206 33 21 för
446 1208 36 21 det
496 1207 190 26 parlamentariska
701 1208 70 21 lifvets
786 1207 126 28 utveckling.

230 1263 110 22 Professor
365 1263 124 22 Donner
510 1264 48 21 ville
583 1264 47 21 med
646 1265 113 26 anledning
774 1264 23 21 af
810 1266 86 25 prosten
912 1265 69 26 Hjelts

160 1291 80 28 förslag
261 1299 33 14 om
318 1293 119 26 antagande
460 1293 23 21 af
504 1299 25 15 en
552 1293 125 21 biträdande
702 1293 139 25 sekreterare,
857 1294 77 25 erinra,
950 1296 32 19 att

162 1321 95 21 ståndets
272 1321 122 21 nuvarande
410 1321 132 22 sekreterare
556 1322 94 27 antagits
665 1321 27 28 på
708 1322 36 21 det
758 1322 69 21 vilkor
845 1324 33 19 att
892 1322 41 21 han
950 1329 31 14 er-

161 1349 57 22 hölle
234 1356 26 14 en
275 1349 129 22 biträdande
419 1351 137 20 sekreterare.

230 1405 89 21 Prosten
334 1405 78 21 Roos
427 1405 99 21 förenade
542 1405 30 26 sig
587 1406 6 21 i
610 1406 38 21 den
664 1406 61 26 åsigt,
742 1412 44 15 som
802 1406 89 21 uttalats
901 1407 22 20 af
933 1413 49 20 pro-

161 1435 47 20 sten
223 1433 65 27 Hjelt,
305 1433 39 22 och
360 1433 48 22 ville
424 1433 48 22 med
487 1434 112 27 anledning
614 1435 23 20 af
650 1435 41 26 det,
706 1441 46 15 som
768 1434 67 22 blifvit
850 1435 89 27 yttradt,
950 1437 32 20 att

162 1462 152 27 stenografiska
337 1462 123 27 föreningen
482 1463 99 26 möjligen
600 1463 68 22 skulle
684 1463 20 21 få
720 1464 124 21 dödsstöten
860 1465 120 26 derigenom

162 1493 32 19 att
217 1491 48 22 dess
284 1491 83 22 biträde
387 1491 34 22 vid
438 1492 68 21 denna
521 1491 101 28 landtdag
637 1492 47 21 icke
700 1492 67 22 skulle
782 1493 22 21 af
818 1493 84 22 ståndet
918 1495 61 20 anta-

160 1526 44 21 gas,
221 1521 109 27 anmärka,
346 1522 30 21 att
392 1527 24 15 en
433 1520 66 22 sådan
515 1521 79 27 utgång
610 1521 53 22 dock
679 1521 16 27 ej
712 1521 60 22 torde
788 1528 50 16 vara
854 1524 32 20 att
900 1522 80 23 befara.
