1053 1784
178 129 41 21 390
393 134 158 18 Presteståndet
567 136 54 16 1877.
644 136 14 16 4
671 135 57 21 april.

148 202 78 26 gånget
247 202 118 26 äktenskap
386 202 93 21 samlade
501 202 142 26 egendomen?
672 202 40 26 Jag
733 202 68 21 skulle
823 202 32 20 för
874 202 42 20 min
932 202 33 20 del

149 229 49 27 vilja
221 229 84 22 biträda
327 232 159 19 reservanterne
505 230 32 21 för
553 229 70 28 öfrigt,
638 236 48 15 men
702 230 92 21 önskade
810 230 114 21 inskränka
940 229 25 22 de

150 258 65 21 oäkta
230 257 90 22 barnens
335 259 86 21 arfsrätt
437 259 30 20 till
483 259 102 26 rättighet
600 260 32 20 att
647 258 59 21 ärfva
721 259 74 20 endast
807 259 39 20 den
857 258 109 26 egendom,

150 293 46 15 som
211 287 54 21 både
279 287 60 22 fader
355 287 39 22 och
410 287 72 22 moder
497 287 51 27 egde
563 287 45 22 före
624 287 60 21 deras
700 287 82 21 inträde
797 287 7 21 i
819 287 147 26 äktenskapet,

150 321 48 16 men
219 315 46 22 icke
286 315 40 22 den
344 316 107 27 egendom,
467 322 44 15 som
527 315 53 22 efter
595 316 149 26 äktenskapets
760 316 102 25 ingående
878 315 89 21 förvärf-

150 346 53 19 vats.
227 344 40 21 Om
283 345 68 21 denna
365 345 152 26 inskränkning
531 346 68 25 göres,
615 345 35 21 vill
664 345 36 26 jag
715 344 32 22 till
759 345 43 20 alla
812 345 58 21 delar
884 344 84 21 biträda

150 374 86 25 prosten
250 373 134 27 Rosengrens
399 373 134 22 reservation.

219 429 109 22 Professor
347 429 104 22 Cleve:
481 429 42 22 Det
537 431 24 20 är
577 429 133 27 naturligtvis
723 429 98 22 förenadt
836 429 48 21 med
899 429 69 26 någon

152 458 106 26 svårighet
278 459 33 20 för
325 459 43 26 mig
383 460 32 19 att
429 461 49 24 taga
493 458 32 21 till
541 459 67 23 ordet,
624 459 27 20 då
664 458 36 27 jag
715 459 18 26 ej
749 458 55 21 varit
819 459 6 20 i
840 457 82 22 tillfälle
937 460 32 19 att

151 487 66 21 ähöra
233 487 39 21 den
287 486 128 28 föregående
430 487 157 24 diskussionen;
603 493 48 14 men
666 486 27 21 dä
708 487 58 20 detta
781 486 46 21 icke
839 486 43 21 kan
895 487 21 20 af
927 487 41 26 mig

152 521 60 16 anses
235 521 50 16 vara
307 517 31 20 ett
359 515 46 22 skäl
427 517 32 19 att
474 515 86 22 alldeles
574 515 57 22 afstä
646 515 45 21 från
707 515 110 21 uttalande
832 515 22 21 af
867 515 43 21 min
926 521 42 15 me-

151 544 57 27 ning,
228 543 62 22 utber
306 544 37 27 jag
358 545 42 26 mig
415 544 94 21 ståndets
525 544 142 25 öfverseende,
682 543 44 22 ifall
740 545 36 26 jag
791 544 67 21 skulle
874 550 94 20 upprepa

152 573 81 26 sådant,
257 579 45 15 som
325 573 64 21 redan
407 575 22 18 är
445 574 68 25 sagdt.
529 586 27 3 —
570 573 57 21 Utan
643 572 71 22 tvifvel
730 575 24 18 är
769 573 40 21 den
825 572 143 27 föreliggande

152 601 74 27 frågan
247 602 81 26 ganska
349 601 71 27 vigtig.
450 601 41 22 Det
508 602 66 26 gäller
589 602 105 25 nämligen
709 604 31 19 att
756 602 93 21 erkänna
864 608 26 14 en
907 603 62 19 rätts-

152 631 119 26 grundsats,
292 636 46 15 som
360 631 119 26 visserligen
503 631 18 26 ej
544 632 24 19 är
589 630 130 21 främmande
739 629 32 22 för
787 630 183 27 lagstiftningarna

153 659 145 26 öfverhufvud,
321 659 18 26 ej
359 659 66 21 heller
440 659 32 21 för
488 660 41 20 den
543 659 169 25 skandinaviska,
729 665 46 15 men
792 665 44 15 som
852 659 64 21 likväl
932 659 38 20 har

152 694 76 20 genom
251 688 31 20 ett
301 687 125 21 förändradt
440 688 114 26 tänkesätt,
569 687 105 22 föranledt
689 688 23 20 af
725 688 78 20 sociala
817 687 153 25 förhållanden,

153 717 118 21 försvunnit
293 716 47 21 från
355 716 168 26 lagstiftningens
539 716 86 22 område
640 716 39 21 och
695 722 50 20 som,
761 716 45 21 ifall
822 716 39 21 den
878 715 92 22 befinnes

153 745 69 26 rigtig,
245 751 28 15 nu
293 744 39 22 bör
350 745 44 21 deri
410 744 45 22 åter
469 745 87 21 införas.
585 746 43 20 För
642 746 44 20 min
701 745 34 21 del
750 746 24 20 är
786 745 37 26 jag
838 744 22 21 af
873 745 41 21 den
929 750 41 15 me-

153 774 56 26 ning,
225 774 33 20 att
272 773 89 21 rättvisa
376 773 39 21 här
429 773 39 21 bör
483 774 76 26 skipas,
575 774 75 20 liksom
667 774 108 24 öfverallt;
791 773 40 21 och
845 773 91 21 rättvisa
947 774 24 19 är

154 802 45 26 här,
219 803 32 19 att
269 801 86 21 barnets
371 803 44 19 rätt
429 802 110 21 erkännes.
568 802 110 21 Utskottet
694 802 38 20 har
747 802 66 20 delvis
828 802 91 24 grundat
935 802 36 20 sitt

153 830 111 22 utlåtande
278 830 28 26 på
321 830 40 22 den
376 830 183 27 förutsättningen,
575 832 32 20 att
622 830 85 22 barnets
717 832 44 20 rätt
771 831 32 20 uti
811 830 160 26 ifrågavarande

153 859 37 21 fall
205 859 68 21 skulle
288 859 51 21 bero
355 858 22 22 af
391 859 39 21 den
442 861 68 19 större
523 859 52 21 eller
582 860 80 20 mindre
671 859 106 26 affektion,
786 865 45 15 som
839 858 131 22 föräldrarne

154 888 70 21 kunde
245 894 62 15 anses
329 887 52 28 hysa
403 887 31 22 till
453 888 123 24 detsamma,
592 888 39 21 och
646 887 24 22 af
682 888 81 21 sådana
777 888 46 21 skäl
839 887 64 22 också
918 889 53 20 trott

154 917 32 26 sig
207 917 72 21 kunna
300 917 84 24 föreslå,
400 918 31 20 att
446 917 86 21 barnets
547 917 87 22 arfsrätt
649 917 67 21 skulle
731 917 56 26 gälla
802 917 74 28 endast
891 917 80 22 moder,

155 951 48 16 men
219 945 18 27 ej
253 945 66 22 fader.
348 945 41 26 Jag
404 945 41 21 kan
460 945 18 28 ej
495 946 93 21 erkänna
603 952 26 15 en
643 945 67 22 sådan
724 945 75 26 grund.
829 946 30 21 Är
874 945 36 22 det
926 944 45 22 skäl

156 987 28 2 —
207 974 39 21 och
269 975 36 20 det
323 975 24 20 är
362 973 33 22 väl
411 974 45 21 skäl
471 987 28 2 —
514 976 33 19 att
561 975 76 21 barnet
652 977 60 24 tager
727 974 34 21 arf
775 975 54 20 efter
844 975 32 20 sin
892 974 80 25 moder,

155 1003 23 21 sä
193 1004 24 19 är
232 1003 36 21 det
283 1002 63 22 också
364 1003 52 26 skäl,
430 1005 33 18 att
477 1003 36 21 det
527 1005 60 25 tager
603 1003 33 21 arf
650 1003 53 22 efter
717 1003 32 22 sin
764 1003 65 21 fader.
859 1002 113 22 Olikheten

156 1031 71 22 häruti
249 1031 41 21 kan
314 1031 75 22 endast
411 1031 50 21 bero
485 1031 64 26 deraf,
565 1033 32 20 att
613 1032 34 21 det
662 1034 24 18 är
702 1031 84 22 svårare
802 1033 32 20 att
848 1031 124 23 bestämma,

155 1060 61 21 hvem
232 1066 44 15 som
293 1061 24 19 är
331 1059 67 21 fader.
428 1059 48 22 Men
491 1060 69 21 denna
575 1060 107 25 svårighet
696 1061 118 20 försvinner
828 1059 94 23 alldeles,
936 1059 36 21 der

155 1088 60 21 fader
230 1088 104 21 erkänner
350 1088 37 21 sitt
401 1087 112 27 faderskap
529 1089 39 20 och
583 1089 7 21 i
605 1089 38 21 och
660 1089 48 20 med
723 1088 116 21 detsamma
854 1088 73 26 åtager
942 1088 31 26 sig

157 1117 25 21 de
198 1116 76 26 pligter
290 1116 39 21 och
345 1116 36 21 det
397 1122 81 20 ansvar,
494 1122 45 16 som
555 1123 26 15 en
596 1116 59 22 fader
671 1117 134 21 tillkommer.
836 1116 43 22 Der
894 1118 32 19 ett
940 1116 34 20 så-

156 1146 52 20 dant
230 1144 135 22 erkännande
387 1146 24 19 är
432 1145 33 21 för
480 1145 91 25 handen,
586 1151 61 21 synes
662 1146 42 25 mig
719 1145 84 21 derföre
818 1145 86 21 alldeles
920 1145 54 20 intet

155 1173 73 22 tvifvel
243 1174 72 20 kunna
329 1173 128 27 uppkomma
472 1174 79 25 derom,
567 1176 32 19 att
612 1174 23 26 ju
650 1173 74 22 fadern
739 1174 46 21 står
800 1174 32 20 till
847 1174 37 20 sitt
899 1173 53 21 barn
967 1173 7 21 i

156 1202 87 22 alldeles
258 1208 81 16 samma
353 1202 138 26 förhållande,
508 1208 45 16 som
569 1203 93 23 modern,
678 1203 39 21 och
733 1204 32 20 att
779 1203 56 26 förty
850 1202 75 21 barnet
936 1201 38 21 bör

157 1233 49 25 taga
221 1231 34 21 arf
268 1230 58 22 såväl
344 1230 53 22 efter
411 1230 60 22 fader
485 1237 45 15 som
545 1232 78 21 moder.
654 1231 102 22 Deremot
770 1237 61 16 anser
844 1231 37 26 jag
895 1232 33 19 att
944 1232 30 18 ett

156 1260 77 21 sådant
247 1260 60 26 barn,
321 1259 88 21 hvarom
424 1259 39 21 här
477 1261 24 19 är
515 1260 65 26 fråga,
596 1259 19 27 ej
630 1260 95 21 tillhörer
741 1262 64 24 ätten,
820 1259 97 21 hvarföre
928 1258 46 21 icke

157 1288 67 22 heller
239 1288 40 21 den
293 1289 51 24 rätt,
360 1294 44 15 som
420 1288 93 26 grundar
525 1288 32 27 sig
567 1288 27 27 på
605 1290 69 19 ättens
685 1288 69 24 enhet,
764 1288 40 21 här
815 1287 65 21 borde
890 1288 84 20 komma

156 1319 8 20 i
186 1317 67 26 fråga.
281 1317 80 20 Barnet
383 1316 44 21 står
446 1317 7 20 i
475 1316 70 21 direkt
560 1316 131 21 förhållande
706 1317 33 20 till
755 1317 45 20 sina
815 1316 105 20 föräldrar
936 1314 39 21 och

157 1346 40 21 bör
219 1347 50 25 taga
285 1344 36 21 arf
334 1344 52 21 efter
402 1344 53 26 dem,
471 1350 48 16 men
533 1346 8 20 i
557 1347 30 18 ett
602 1344 76 21 sådant
692 1344 133 22 förhållande
840 1344 45 21 står
900 1343 75 21 barnet

158 1374 18 26 ej
200 1374 32 20 till
254 1373 143 22 föräldrarnes
419 1374 38 20 ätt.
487 1373 32 21 En
541 1373 64 21 fallen
621 1373 73 21 moder
708 1374 91 20 utstötes
814 1378 25 15 ur
854 1374 66 24 ätten,
936 1371 39 21 och

156 1409 27 15 en
205 1402 60 22 fader
287 1409 48 21 eger
357 1402 20 27 ej
399 1404 68 20 större
483 1404 43 20 rätt
541 1404 32 19 att
589 1402 87 21 tillhöra
691 1402 127 21 densamma.
848 1400 81 22 Genom
944 1402 31 19 ett

157 1431 76 22 sådant
247 1431 139 25 förhållande,
401 1437 45 16 som
461 1430 39 22 här
515 1432 23 20 är
553 1432 7 21 i
575 1430 66 27 fråga,
657 1436 61 21 synes
735 1430 43 27 mig
794 1429 37 23 allt
847 1428 91 28 anspråk
949 1429 26 27 på

157 1462 59 20 ätten
231 1467 52 15 vara
303 1461 128 21 förverkadt.
462 1460 43 22 Min
520 1460 85 27 mening
620 1461 24 19 är
659 1460 87 27 derföre,
762 1461 32 20 att
810 1459 64 21 oäkta
889 1459 53 21 barn
957 1458 17 27 ej

159 1490 51 21 harr
239 1492 66 21 ättatt
327 1492 50 26 taga
391 1490 35 22 arf
439 1490 54 21 efter
509 1490 99 21 modrens
624 1488 86 22 fränder
725 1489 51 21 eller
791 1488 85 22 fadrens
892 1487 83 27 skylde-

156 1520 56 21 män.
241 1519 48 23 Men
305 1520 62 22 häraf
380 1519 61 27 följer
457 1518 63 22 också
535 1521 32 19 att
583 1518 61 22 dessa
659 1518 13 22 å
687 1518 31 21 sin
734 1518 46 22 sida
795 1517 18 28 ej
827 1523 37 22 ega
875 1519 43 19 rätt
928 1517 47 22 med
