1056 1817
192 130 40 20 292
393 134 159 18 Presteståndet
565 134 53 18 1877.
643 134 28 17 20
682 138 62 12 mars.

232 203 54 25 Kap.
309 204 20 23 4,
349 203 13 26 8
383 203 13 20 2
411 202 123 27 godkändes
549 202 107 21 äfvensom
672 201 147 22 öfverskriften
833 201 33 21 till
881 202 13 27 &
910 202 12 21 5
938 202 48 21 med

162 230 125 26 hänvisning
308 230 33 21 till
363 230 105 21 utskottet
490 232 32 21 att
536 232 50 24 taga
599 230 119 21 kännedom
734 229 22 22 af
768 233 75 24 pastor
856 229 129 22 Wester-

162 259 73 21 lunds
275 259 85 26 förslag,
382 260 32 20 att
430 259 40 21 den
484 259 68 21 finska
566 260 70 20 texten
652 259 27 26 på
694 259 59 21 detta
767 258 63 22 ställe
844 257 67 22 borde
925 258 60 21 heta:

232 331 11 9 »
247 316 67 21 Miten
330 315 76 22 maalla
422 317 70 19 maata
507 315 82 22 sukuun
604 316 139 26 peräytetään
756 315 23 26 ja
793 314 154 22 lunastetaan*.

232 372 12 27 8
268 374 9 19 1
302 372 39 21 och
366 373 11 19 7
400 371 108 22 äfvenrom
530 372 13 21 6
563 371 47 27 kap.
626 371 12 27 8
654 372 10 20 1
681 371 124 26 godkändes
820 370 101 28 enhälligt
936 373 51 19 utan

165 400 126 21 diskussion.

232 457 99 21 Rörande
346 457 26 21 de
387 457 127 21 alternativa
529 456 105 27 förslagen
650 456 32 21 till
697 457 11 25 8
732 457 5 21 3
753 456 118 21 hemstälde

233 514 85 21 Doktor
339 513 106 27 Bergh,
466 514 65 26 jemte
553 514 36 21 det
610 513 42 22 han
674 514 34 21 för
729 514 32 21 sin
777 514 34 21 del
825 513 113 22 förordade
954 513 35 22 det

165 548 75 16 senare
264 542 140 27 alternativet,
427 542 103 22 huruvida
552 543 45 21 icke
620 549 25 14 en
668 542 65 21 sädan
754 542 61 27 börd,
829 549 46 15 som
890 543 39 21 här
945 549 44 14 om-

165 570 83 23 talades
263 571 71 21 kunde
349 573 63 24 göras
427 573 131 24 gemensamt
572 570 22 22 af
608 571 26 21 de
649 571 70 21 dertill
730 571 131 26 berättigade
872 571 39 21 och
921 571 69 21 denna

166 599 34 22 del
225 599 21 22 af
271 599 125 27 paragrafen
419 599 83 22 således
527 599 80 22 erhålla
631 599 92 26 följande
748 599 127 22 förändrade
899 599 90 27 lydelse:

168 628 103 28 »åsämjer
293 628 47 21 dem
364 628 46 21 icke
433 630 33 19 att
480 628 67 21 börda
562 630 130 25 gemensamt
707 627 52 22 eller
772 627 137 22 hvilkendera
925 627 66 22 börda

166 656 54 22 skall
244 656 26 21 då
292 656 55 21 skall
371 656 72 21 derom
466 656 85 22 lottas".
581 657 42 20 Det
645 656 70 21 kunde
734 655 34 22 väl
783 656 46 21 icke
843 656 68 22 finnas
926 657 65 25 något

166 685 53 25 skäl,
234 684 86 22 hvarför
336 685 26 21 de
377 684 46 22 icke
438 684 69 22 skulle
522 691 50 15 vara
586 684 44 22 lika
646 684 130 27 berättigade
789 686 32 20 att
831 684 66 22 börda
907 691 84 20 gemen-

167 716 56 19 samt
238 713 39 21 och
292 712 50 27 följa
358 713 40 21 den
413 715 57 19 ännu
485 714 7 20 i
507 714 76 25 många
598 712 119 23 landsorter
731 712 98 28 gällande
840 713 152 27 patriakaliska

167 742 65 21 seden
253 743 33 20 att
300 742 78 21 bröder
392 742 92 26 åsämjas
499 744 33 19 att
546 742 127 21 tillsamman
688 742 48 21 med
752 742 42 21 lika
809 743 44 20 rätt
867 742 68 22 bruka
947 742 44 26 jor-

168 771 40 21 den
224 770 39 22 och
279 770 68 28 bygga
363 770 35 22 bo.

237 827 111 22 Professor
396 827 136 22 Ehrström
552 828 116 25 anmärkte,
692 829 32 20 att
745 827 77 21 doktor
836 827 71 28 Bergh
922 830 70 25 syntes

168 856 62 22 hafva
252 856 104 27 förbisett,
380 858 32 19 att
433 856 37 21 det
489 856 47 21 icke
557 856 84 21 komme
663 856 66 27 ifråga
749 858 31 19 att
796 858 77 24 antaga
888 856 54 21 blott
957 856 36 22 det

170 892 39 14 ena
232 884 22 22 af
274 884 146 22 alternativen.
450 884 68 22 Dessa
533 886 77 20 tvänne
625 884 111 22 alternativ
751 891 52 15 vore
817 884 105 28 nämligen
938 885 54 21 före-

168 914 74 26 slagna
264 912 22 22 af
307 913 111 26 utskottet,
438 913 70 21 såsom
524 914 47 20 dess
586 913 134 22 betänkande
735 913 77 27 pagina
828 916 11 18 7
856 914 39 20 och
911 914 12 20 8
939 920 53 20 upp-

168 942 61 27 lyste,
253 942 88 21 emedan
360 942 39 21 den
415 941 85 27 slutliga
515 941 93 27 lydelsen
624 942 22 20 af
658 942 126 26 paragrafen
799 948 38 15 var
851 942 106 21 beroende
972 942 21 21 af

170 971 36 20 det
226 970 76 25 beslut,
322 970 6 21 i
350 970 81 21 hvilket
445 970 114 22 ständerna
573 970 85 21 komme
673 972 32 19 att
720 972 76 20 stanna
811 970 7 21 i
833 970 26 22 de
874 970 35 22 vid
924 970 69 22 denna

168 998 102 28 landtdag
293 998 123 27 framlagda,
440 1000 56 20 ännu
518 999 46 21 icke
586 998 174 22 slutbehandlade
778 999 101 27 frågorna
898 1005 34 15 om
949 999 44 21 dels

169 1027 43 22 lika
236 1028 86 21 arfsrätt
344 1027 32 21 för
397 1034 49 14 man
468 1028 39 21 och
530 1027 77 27 qvinna
628 1027 38 21 och
682 1028 45 21 dels
742 1028 64 21 oäkta
822 1028 63 21 barns
899 1027 92 22 arfsrätt.

168 1056 92 21 Komme
283 1056 40 21 den
345 1056 56 21 olika
421 1055 112 22 arfsrätten
548 1058 33 19 att
597 1055 115 22 bibehållas
727 1056 7 21 i
749 1057 70 26 någon
835 1056 39 26 del,
891 1057 24 21 så
928 1056 65 27 följde

170 1084 60 22 deraf
251 1086 32 20 att
306 1085 39 21 den
368 1084 78 26 nådiga
466 1085 170 27 propositionens
650 1084 78 27 förslag
743 1084 33 21 till
791 1084 79 27 lydelse
885 1084 32 22 för
931 1091 62 21 para-

170 1114 73 24 grafen
264 1113 68 21 måste
353 1115 99 24 antagas;
475 1113 83 21 komme
581 1114 95 20 deremot
695 1113 115 21 arfsrätten
825 1115 32 19 att
871 1113 65 21 blifva
951 1113 42 21 lika

170 1141 32 21 för
227 1147 48 15 man
301 1141 39 21 och
365 1141 83 26 qvinna,
472 1141 24 21 så
518 1142 66 21 måste
607 1141 113 21 utskottets
736 1141 113 22 alternativ
863 1142 130 25 godkännas.

170 1169 64 22 Hvad
248 1170 46 21 åter
310 1169 78 21 doktor
402 1169 81 27 Berghs
498 1169 78 27 förslag
591 1169 32 21 till
639 1169 70 22 vidare
724 1170 89 26 ändring
829 1170 43 26 af
862 1165 9 36 &
885 1171 12 20 3
908 1172 27 19 än
946 1170 47 25 den,

170 1204 46 15 som
232 1198 22 21 af
267 1197 106 22 utskottet
388 1197 107 22 eventuelt
509 1198 125 26 föreslagits,
650 1198 81 27 angick,
746 1201 71 24 syntes
833 1199 36 20 det
883 1199 46 20 icke
941 1198 52 21 böra

170 1226 110 21 föranleda
303 1225 31 21 till
350 1226 69 25 nägon
434 1226 82 26 ätgärd,
533 1226 26 21 dä
575 1225 39 22 här
628 1225 89 22 likasom
732 1227 6 20 i
754 1227 159 26 propositionen
929 1226 64 21 förut-

170 1256 74 24 sattes,
266 1256 33 19 att
321 1260 26 14 en
370 1253 99 27 lägenhet
487 1254 42 21 kan
544 1254 52 21 bära
610 1260 45 15 mer
670 1256 26 19 än
712 1261 26 14 en
753 1254 41 21 äbo
811 1255 38 20 och
865 1256 32 19 att
912 1255 81 21 säledes

170 1288 121 20 gemensam
314 1281 122 22 bördstalan
461 1283 42 20 kan
527 1282 79 21 utföras
629 1282 39 21 och
682 1283 92 26 lottning
796 1283 127 22 bestämmas
939 1283 54 21 blott

170 1310 34 22 för
219 1311 40 21 den
275 1311 100 20 händelse
391 1312 32 19 att
438 1311 66 26 sämja
520 1311 89 21 emellan
625 1317 89 20 egarene
729 1311 45 22 icke
790 1317 49 20 eger
853 1317 54 16 rum.

239 1366 120 24 Professor
375 1367 89 21 Cleve
487 1367 55 20 hade
568 1366 88 21 anhällit
678 1373 33 15 om
733 1367 60 21 ordet
815 1367 75 22 endast
911 1367 32 22 för
962 1369 31 20 att

171 1395 86 21 komma
257 1390 15 34 i
293 1394 83 22 tillfälle
392 1397 32 19 att
439 1395 117 25 hemställa,
573 1395 103 21 huruvida
690 1395 46 22 icke
751 1395 86 22 ständet
852 1396 70 21 kunde
937 1395 57 22 finna

172 1423 46 22 skäl
237 1424 32 20 att
289 1423 89 26 besluta,
394 1425 32 19 att
441 1423 49 21 med
505 1423 125 27 afgörandet
645 1423 22 21 af
681 1423 68 22 denna
764 1425 100 26 paragraf
877 1424 66 22 borde
958 1431 36 15 an-

172 1452 39 26 stä,
229 1451 43 22 tills
290 1452 66 21 kändt
375 1458 51 15 vore
446 1452 54 21 huru
520 1452 95 21 ständets
634 1452 70 22 beslut
724 1453 110 27 angående
849 1453 145 27 arfsrättspro-

172 1481 144 27 positionerna
337 1480 91 27 utfaller,
449 1481 27 21 dä
497 1481 128 26 antagandet
640 1481 23 22 af
676 1481 62 22 dessa
752 1482 113 22 alternativ
879 1482 7 22 i
901 1482 42 22 alla
957 1482 37 22 fall

172 1512 25 19 är
211 1509 106 24 beroende
333 1510 22 21 af
368 1509 40 23 den
424 1510 79 26 utgäng
518 1510 61 22 dessa
593 1510 71 27 frägor
679 1510 87 23 erhälla.
