1053 1836
176 142 40 20 576
394 146 160 18 Presteständet
567 146 54 17 1877.
645 146 25 17 27
683 145 58 22 april.

148 214 163 28 hällskjutsning
333 214 39 22 och
396 216 57 25 säga,
473 216 32 20 att
520 214 190 27 hällskjutsningen
726 215 7 21 i
748 214 74 27 sjelfva
836 214 75 20 verket
925 213 46 21 icke

149 245 24 19 är
188 243 68 28 nägon
272 243 122 27 bevillning,
410 250 47 14 men
474 250 33 14 om
523 244 36 21 det
574 244 41 20 blir
630 243 60 27 fräga
706 250 40 18 om,
758 244 33 20 att
801 242 90 27 utbjuda
902 242 69 21 denna

148 272 28 27 pä
199 272 140 27 entreprenad
361 273 23 21 sä
407 272 41 21 blir
463 272 42 22 hon
525 272 119 26 bevillning.
675 272 49 21 Man
741 270 118 23 föreställer
875 271 32 26 sig
922 276 50 16 van-

149 302 76 26 ligtvis,
241 303 32 19 att
288 300 163 27 häradspostens
467 301 109 21 ordnande
591 301 23 21 sä
629 307 45 15 som
690 301 40 21 den
746 300 119 27 Kejserliga
876 300 95 27 proposi-

149 330 71 21 tionen
242 329 125 27 innehåller,
391 329 42 22 blir
455 336 58 15 mera
535 330 133 26 betungande
691 329 33 22 för
739 329 79 26 landet,
835 330 26 20 än
878 329 40 21 den
933 335 39 14 nu-

149 359 94 21 varande
266 358 229 27 häradspostföringen,
518 365 47 15 men
590 358 27 21 dä
639 359 25 21 de
686 358 110 21 säkallade
810 357 162 28 postgärdarne,

150 394 45 15 som
210 387 59 22 förut
284 387 62 22 hafva
362 387 129 22 framforslat
506 387 154 28 häradsposten
674 387 64 21 hafva
752 387 56 21 varit
819 386 94 22 befriade
925 385 48 22 frän

150 417 67 20 andra
238 416 125 27 äligganden
385 417 7 20 i
414 422 81 15 samma
519 416 137 26 förhällande,
676 422 48 15 men
739 415 85 28 mycket
838 415 80 26 ojemnt
933 414 40 22 och

151 445 89 27 obilligt,
257 445 40 21 och
312 451 28 15 nu
356 445 85 26 äsyftas,
457 447 32 19 att
505 445 81 21 bördan
601 445 54 20 skall
670 445 63 21 bäras
746 445 68 26 jemnt
830 444 21 21 af
866 443 49 27 alla,
931 443 42 22 kan

149 474 36 27 jag
207 474 46 21 icke
275 473 74 26 förstä,
373 473 54 22 huru
449 480 48 15 man
520 473 54 22 skall
589 474 72 21 kunna
675 473 62 28 pästä
752 473 154 21 omordnandet
921 478 51 15 vara

149 504 31 20 ett
195 503 116 26 tryckande
327 508 59 19 onus,
403 504 56 19 ännu
474 502 88 26 mindre,
578 503 68 25 någon
663 508 26 21 ny
704 504 72 25 tunga.
799 501 42 22 Det
851 503 24 20 är
888 501 83 22 således

149 531 66 26 enligt
236 531 48 21 mitt
306 531 96 22 förstånd
424 531 7 21 i
453 531 83 22 landets
559 537 66 16 sanna
646 531 89 22 intresse
749 531 36 27 jag
800 532 46 19 tror
861 530 42 26 mig
919 529 52 22 böra

148 561 53 26 yrka
217 560 123 26 detsamma,
356 565 46 16 som
416 562 86 24 prosten
519 560 108 26 Dahlberg
642 560 39 21 och
694 559 76 22 doktor
780 560 76 26 Bergh,
866 559 105 27 nemligen

148 591 33 19 att
195 588 85 22 ståndet
295 588 115 26 ingalunda
425 588 67 22 måtte
508 589 43 21 låta
567 589 48 21 leda
630 588 32 27 sig
678 588 50 22 vilse
744 594 75 21 genom
830 589 30 21 tal
871 594 34 15 om
914 588 56 27 prin-

149 618 62 26 ciper,
235 623 45 16 som
303 617 39 21 här
364 617 6 20 i
385 618 88 26 sanning
488 619 37 20 äro
541 619 53 19 tomt
610 619 54 25 prat,
680 619 51 19 utan
748 617 44 22 helt
808 617 69 21 enkelt
893 619 78 24 antaga

148 646 116 21 utskottets
284 645 205 28 jemkningsförslag,
513 646 114 27 uppgjordt
646 645 64 28 enligt
726 646 83 21 härtills
824 645 52 27 följd
891 646 78 26 praxis,

147 675 111 21 lemnande
281 674 186 27 borgareståndets
488 675 47 21 från
556 676 25 20 de
604 677 75 19 tvenne
702 675 68 20 andra
788 676 55 20 tvärt
858 674 111 21 afvikande

148 703 70 22 beslut
244 703 88 22 alldeles
358 703 65 27 åsido,
449 703 27 28 på
499 704 35 21 det
553 703 65 22 saken
641 703 19 27 ej
682 703 35 21 må
739 703 90 27 förfalla,
853 703 46 21 vårt
921 703 49 21 land

148 731 32 22 till
195 732 77 21 förlust
287 732 39 21 och
342 732 73 21 skada.

216 788 88 22 Prosten
328 788 174 27 Grönberg:
531 789 123 21 Tvärtemot
676 788 128 27 föregående
821 789 65 21 värde
902 789 67 21 talare

147 823 63 16 anser
223 817 36 27 jag
274 819 32 20 att
322 817 117 22 ordnandet
454 818 22 21 af
489 818 224 27 häradspostföringen
728 817 6 21 i
750 817 71 22 landet
836 818 67 21 måste
917 817 52 22 hän-

147 847 57 20 föras
226 846 31 21 till
281 847 119 26 bevillning,
424 847 87 20 emedan
533 853 76 20 genom
625 847 59 21 detta
699 846 108 22 ordnande
820 847 24 26 ju
859 853 26 15 en
900 848 69 20 större

147 877 66 25 tunga
229 874 97 22 åsamkas
342 875 117 26 samhället,
475 875 40 22 och
529 875 74 22 ställer
617 876 44 26 mig
676 875 61 22 äfven
752 877 115 20 tvärtemot
883 878 86 25 prosten

147 904 119 26 Dahlbergs
289 904 41 21 fixa
352 904 34 21 idé
401 905 108 25 angående
525 907 135 24 statsposten,
676 906 32 19 att
725 905 39 20 den
780 905 105 26 nämligen
901 905 66 21 borde

147 939 61 15 anses
223 932 33 21 för
272 939 25 15 en
317 932 114 27 produktiv
446 933 115 27 inrättning
577 933 39 21 och
631 933 81 21 således
728 934 40 20 den
784 934 183 26 omständigheten

147 962 83 26 mycket
246 962 117 23 ömmande,
378 962 104 20 huruvida
497 962 128 21 statsverket
634 962 96 22 kommer
741 964 32 19 att
782 962 117 22 vidkännas
909 963 58 21 stora

147 990 87 27 utgifter
256 996 75 20 genom
354 997 26 14 en
402 991 105 21 successiv
525 990 121 28 utveckling
661 990 23 22 af
697 997 80 15 samma
793 991 111 27 postgång.
934 991 33 21 Då

146 1018 148 28 grundtanken
316 1018 55 22 både
393 1019 38 21 hos
450 1020 35 20 det
501 1020 128 26 högvördiga
644 1020 157 26 presteståndet
816 1020 39 21 och
871 1020 36 21 det
921 1019 46 21 väl-

147 1047 71 27 lofliga
240 1047 176 27 borgareståndet
433 1054 61 20 synes
509 1048 63 22 hafva
587 1049 55 20 varit
657 1049 40 20 den
712 1054 81 16 samma
809 1049 38 21 och
862 1048 105 22 hvardera

147 1075 64 21 hafva
234 1076 64 21 afsett
319 1077 122 26 detsamma,
459 1077 105 26 nämligen
581 1082 25 16 en
623 1077 40 21 viss
678 1077 176 27 tidsbestämning
869 1079 55 19 samt
940 1078 26 20 då

147 1104 71 21 dertill
240 1107 56 19 ännu
315 1105 101 28 kommer,
432 1107 31 19 att
479 1105 183 27 borgareståndets
677 1105 41 22 fem
734 1107 34 20 års
783 1106 73 27 period
872 1106 33 21 väl
920 1106 46 21 icke

146 1133 41 22 bör
208 1134 78 21 räknas
308 1134 46 21 från
377 1134 68 21 denna
467 1135 40 26 dag
523 1135 51 21 eller
590 1135 67 20 denna
674 1135 108 26 landtdag,
798 1137 50 19 utan
863 1134 46 22 från
926 1135 39 20 den

147 1162 38 27 tid,
209 1162 27 21 då
254 1163 39 21 den
310 1163 86 21 afsedda
411 1162 152 28 författningen
578 1163 96 22 kommer
689 1163 32 21 till
737 1164 61 21 stånd
814 1165 55 20 samt
884 1163 82 22 således

147 1193 31 20 ett
200 1191 56 28 slags
277 1191 127 28 förmedling
423 1192 89 21 emellan
528 1193 61 21 dessa
604 1194 75 20 tvenne
694 1193 57 21 olika
767 1193 199 27 tidsbestämningar

147 1220 120 26 derigenom
288 1221 56 26 sker,
360 1221 36 20 vill
409 1221 36 27 jag
460 1222 47 20 med
523 1221 42 21 min
579 1221 55 26 åsigt
648 1221 82 27 påyrka
746 1222 118 26 antagande
879 1222 24 20 af
917 1222 50 21 bor-

145 1250 147 25 gareståndets
306 1248 129 28 inbjudning.

214 1306 90 21 Prosten
324 1306 90 21 Roos:
444 1306 46 22 Den
506 1307 53 21 först
574 1307 147 27 uppträdande
736 1307 82 21 talaren
834 1308 85 26 yttrade
934 1308 32 26 sig

146 1336 32 20 att
193 1335 88 21 emedan
296 1335 157 26 presteståndet
468 1336 66 20 redan
549 1336 78 21 uttalat
638 1336 40 21 den
689 1336 87 26 önskan,
784 1337 33 20 att
825 1338 140 24 statspostens

145 1363 135 21 verksamhet
302 1363 67 21 måtte
391 1364 109 20 utvecklas
516 1364 38 20 och
569 1364 104 26 utvidgas,
688 1364 66 20 borde
768 1365 47 20 icke
830 1365 69 25 någon
915 1365 51 20 tids-

144 1390 134 26 bestämning
292 1390 86 22 komma
392 1391 7 20 i
414 1391 65 26 fråga.
502 1392 40 26 Jag
558 1398 61 14 anser
634 1393 91 19 tvärtom
742 1392 32 20 att
789 1392 70 21 derför
875 1394 31 19 att
917 1399 48 14 man

145 1418 63 27 hyser
223 1425 26 14 en
268 1419 64 21 sådan
349 1418 86 27 önskan,
451 1419 66 21 borde
533 1420 202 27 tidsbestämningen
750 1420 104 21 vidhållas
869 1420 40 22 och
925 1421 40 21 den

144 1447 134 27 naturligtvis
295 1447 27 21 10
338 1447 30 27 år,
384 1453 44 15 som
444 1447 27 27 på
486 1448 55 26 goda
556 1448 47 22 skäl
618 1448 67 22 blifvit
700 1449 121 21 förordnad.
847 1449 61 21 Hvad
919 1449 47 22 åter

145 1476 36 21 det
203 1476 107 26 beträffar,
334 1478 32 20 att
388 1476 128 22 statsverket
538 1477 68 22 skulle
629 1478 117 21 subvenera
760 1478 32 21 till
808 1478 120 22 inrättande
943 1479 24 21 af

144 1506 158 25 postanstalter,
318 1505 68 22 såsom
402 1506 64 21 också
481 1508 64 25 sagts,
558 1507 55 21 visar
625 1507 145 21 erfarenheten
780 1508 53 21 raka
842 1509 123 26 motsatsen,

145 1535 32 20 att
192 1534 122 27 postverket
329 1534 83 22 fordrar
427 1534 32 22 för
474 1534 131 23 inrättandet
619 1536 23 21 af
654 1536 152 26 postanstalter
817 1536 46 22 icke
875 1537 90 22 allenast
