1053 1823
187 138 41 20 580
396 142 157 17 Presteståndet
566 142 55 17 1877.
643 142 24 16 27
680 142 58 20 april.

229 210 126 22 Godkänner
379 210 85 22 ståndet
489 210 213 21 ekonomiutskottets
725 210 251 26 sammanjemkningsför-

160 240 46 26 slag
227 240 7 21 i
254 239 137 21 förevarande
406 239 66 27 punkt
488 238 50 22 eller
554 238 33 27 ej?
609 238 52 26 Den,
677 244 44 15 som
737 238 122 26 godkänner
874 244 103 16 samman-

158 267 227 28 jemkningsförslaget,
407 273 72 15 svarar
498 267 29 26 ja,
543 267 39 21 den
599 267 34 21 det
648 266 46 22 icke
709 268 44 26 gör,
769 272 73 16 svarar
857 267 39 26 nej.
926 267 50 21 Vin-

161 303 38 15 ner
213 296 39 27 nej,
268 297 38 21 har
321 296 84 22 ståndet
420 295 95 22 vidhållit
525 296 37 20 sitt
572 295 127 27 föregående
709 295 84 21 beslut
787 291 12 36 i
804 295 90 21 berörda
905 295 71 28 punkt.

228 353 130 22 Besvarades
373 353 47 21 med
436 352 154 27 öfvervägande
604 352 39 27 nej.

228 411 11 21 I
265 410 93 26 enlighet
382 410 49 21 med
452 409 56 22 hvad
529 409 89 22 sålunda
640 408 99 28 förelupit
755 409 43 21 blef
811 409 166 27 presteståndets

162 439 69 22 beslut
255 441 32 19 att
309 438 94 22 förkasta
424 438 114 22 utskottets
561 438 77 26 förslag
659 437 33 22 till
713 438 203 27 sammanjemkning
930 438 7 21 i
953 438 25 22 de

162 468 64 26 delar,
252 468 37 21 der
313 466 155 28 presteståndet
492 466 68 22 blifvit
581 466 94 27 inbjudet
697 468 32 20 att
754 466 73 26 frångå
841 467 32 21 sin
889 466 89 28 mening,

162 496 106 22 äfvensom
292 497 31 20 att
347 494 130 22 beträffande
499 494 201 27 tidsbestämningen
722 495 33 21 för
769 495 150 27 författningen
945 501 34 16 om

162 524 233 27 häradspostföringens
421 524 107 21 ordnande
550 526 76 23 antaga
649 523 184 27 borgareståndets
850 524 129 26 inbjudning,

163 560 34 15 om
212 553 71 21 hvilka
298 552 69 22 beslut
382 552 138 22 medstånden
536 552 39 21 och
590 552 202 22 ekonomiutskottet
811 558 75 20 genom
902 552 77 26 utdrag

162 588 26 15 ur
203 581 128 28 protokollet
346 586 54 16 samt
416 580 173 27 borgareståndet
604 580 6 21 i
626 581 39 20 den
674 580 39 26 del,
725 586 45 16 som
783 581 62 21 rörde
856 581 122 26 detsamma,

163 616 74 20 genom
253 610 123 26 deputation
391 609 67 21 skulle
473 609 140 21 underrättas.

231 667 65 21 Emot
311 666 95 22 ståndets
421 666 88 21 sålunda
524 665 80 22 fattade
620 665 68 22 beslut
703 665 107 22 anmäldes
820 666 130 22 reservation
960 666 21 22 af

164 696 77 21 doktor
284 694 149 26 Hornborg,
449 700 45 16 som
508 694 120 27 åberopade
643 694 55 21 hvad
713 694 41 21 han
771 694 56 21 förut
841 694 7 21 i
863 695 65 21 saken
938 696 41 26 ytt-

163 727 40 23 rat,
226 724 135 26 domprosten
383 723 92 27 Borg,
500 722 76 22 doktor
596 722 109 27 Bergh,
722 725 55 19 samt
792 726 110 24 prostarne
917 724 63 20 Wa-

163 753 100 21 relius
279 752 38 22 och
332 751 162 27 Dahlberg.

232 896 119 26 Föredrogs
373 895 184 28 borgareständets
579 894 116 28 bordlagda
714 894 123 28 inbjudning
852 895 6 21 i
874 894 58 28 fräga
947 902 34 15 om

163 925 149 26 lagutskottets
335 924 78 27 förslag
427 924 32 21 till
474 924 201 26 sammanjemkning
690 924 23 21 af
727 924 99 21 ständens
842 924 56 22 olika
913 925 68 21 beslut

164 953 130 22 beträffande
306 953 77 27 nådiga
397 953 158 27 propositionen
570 959 34 14 om
620 953 63 21 oäkta
699 953 63 21 barns
778 953 90 22 arisrätt.

232 1011 10 21 I
256 1010 74 27 frågan
345 1010 83 27 yttrade

232 1068 109 21 Professor
366 1067 172 22 Ehrström:
572 1067 43 22 När
639 1067 72 27 frågan
736 1070 72 19 senast
831 1067 150 28 behandlades,

165 1097 53 22 hade
230 1097 36 26 jag
282 1098 50 20 äran
348 1096 104 25 meddela,
468 1097 32 20 att
515 1096 114 21 utskottets
645 1096 133 22 betänkande
793 1103 37 14 var
847 1099 30 19 ett
892 1097 89 22 resultat

165 1125 22 22 af
201 1131 25 15 en
241 1124 146 27 kompromiss,
402 1127 22 25 ty
439 1125 6 20 i
461 1124 103 21 utskottet
580 1125 53 21 hade
648 1125 77 21 uttalat
740 1125 31 26 sig
786 1125 23 21 så
817 1126 75 26 många
903 1125 79 21 menin-

164 1160 45 20 gar,
231 1155 32 20 att
277 1154 69 25 någon
362 1153 107 27 pluralitet
484 1152 70 22 kunde
569 1153 72 21 vinnas
656 1153 55 21 blott
726 1154 127 26 derigenom,
869 1155 32 20 att
916 1154 66 26 några

165 1182 137 22 medlemmar
320 1182 108 26 frångingo
449 1182 32 20 sin
504 1182 56 26 åsigt
580 1182 39 21 och
639 1181 99 23 förenade
753 1182 32 27 sig
801 1188 33 15 om
851 1182 40 22 den
906 1182 75 27 nådiga

165 1210 163 27 propositionen,
345 1210 68 21 denna
427 1210 135 27 proposition,
572 1216 44 16 som
627 1210 174 26 borgareståndet
816 1216 61 16 anser
889 1217 29 15 nu
929 1210 53 23 böra

164 1240 104 20 förkastas
283 1239 39 21 och
337 1239 154 27 presteståndet
506 1238 52 22 böra
572 1238 78 27 frångå.
681 1238 43 22 För
739 1239 42 21 min
797 1239 33 22 del
840 1239 41 21 kan
889 1239 37 27 jag
936 1240 45 21 icke

167 1268 46 21 dela
236 1268 25 20 de
283 1267 71 27 motiv,
370 1273 45 15 som
430 1267 56 21 inom
503 1267 34 21 det
552 1266 104 27 vällofliga
671 1268 86 21 ståndet
771 1274 62 21 synas
848 1268 62 21 hafva
925 1268 56 26 gjort

166 1296 31 27 sig
218 1296 97 26 gällande
329 1296 8 20 i
351 1295 8 21 i
373 1296 59 26 fråga
448 1296 90 21 varande
553 1296 127 26 inbjudning.
711 1296 50 21 Man
776 1296 61 26 hade,
853 1303 34 15 om
902 1296 79 22 tidnin-

166 1331 64 20 garne
252 1324 61 22 hafva
337 1324 73 26 riktigt
432 1324 102 27 uppgifvit
550 1324 147 26 förhållandet,
713 1326 70 20 ansett
797 1325 110 21 resultatet
922 1325 59 21 inne-

165 1353 52 21 bära
239 1354 65 24 något
324 1352 93 22 särdeles
439 1353 141 21 österländskt
603 1353 47 20 med
672 1353 97 21 afseende
790 1354 13 20 å
823 1354 103 20 rättvisan
942 1354 39 20 och

166 1380 85 21 alldeles
266 1380 46 21 icke
331 1380 97 25 förenligt
444 1380 48 21 med
506 1380 26 20 de
547 1380 157 21 vesterländska
720 1380 51 21 eller
786 1381 98 21 nordiska
900 1381 80 21 kultur-

165 1408 165 22 förhållandena.
360 1408 40 26 Jag
422 1408 79 21 tillåter
522 1408 42 27 mig
586 1408 88 27 upplysa
695 1410 32 20 att
748 1408 56 22 hvad
826 1409 154 27 presteståndet

166 1437 39 21 och
225 1436 26 22 de
274 1436 65 27 öfriga
355 1436 88 22 stånden
458 1436 62 22 hafva
535 1437 93 26 godkänt
643 1436 126 28 fullkomligt
785 1437 194 23 öfverensstämmer

166 1466 47 21 med
236 1465 54 21 hvad
312 1465 33 21 för
367 1466 129 21 närvarande
518 1467 24 19 är
563 1465 35 27 lag
620 1466 8 20 i
649 1465 91 27 Sverige,
763 1466 24 22 så
804 1468 31 20 att
850 1467 24 21 så
888 1467 92 22 särdeles

165 1494 142 22 österländskt
328 1494 43 22 kan
392 1500 48 16 man
461 1494 53 22 dock
530 1494 16 27 ej
563 1494 56 22 kalla
635 1494 41 22 det.
706 1494 75 28 Kongl.
797 1495 148 28 förordningen
960 1496 21 22 af
