1053 1767
185 134 41 20 444
393 138 161 17 Presteståndet
566 138 53 16 1877.
644 137 23 17 10
680 137 58 21 april.

157 207 36 21 det
215 212 50 15 vara
287 208 49 24 rätt,
359 208 31 19 att
413 212 48 15 man
483 205 67 21 skulle
566 208 71 18 taxera
652 204 45 22 sina
711 204 159 22 kommittenter
886 204 47 22 med
948 210 26 15 en

156 235 66 21 sådan
237 240 86 20 summa,
340 240 45 15 som
400 234 67 21 skulle
482 234 49 26 åtgå
547 233 30 21 till
594 234 57 21 detta
667 233 102 21 ändamål.
793 233 42 21 Det
846 239 50 15 vore
910 234 64 20 orätt-

157 264 46 20 vist.
221 275 22 3 —
260 262 40 27 Jag
322 263 67 21 måste
411 262 82 21 derföre
516 262 82 22 ansluta
618 262 43 27 mig
683 262 31 21 till
737 264 169 19 reservanternes
920 261 55 27 åsigt

156 291 55 22 hvad
234 292 99 21 beträffar
355 291 144 21 bestridandet
518 290 23 22 af
554 291 140 21 kostnaderne
710 290 32 22 för
757 290 136 27 tryckningen
909 290 22 21 af
945 290 31 20 di-

157 320 240 27 skussionsprotokollen
420 320 39 20 och
480 319 64 27 yrkar
563 319 81 21 således
659 318 28 28 på
701 319 116 21 utskottets
831 318 145 22 betänkandes

156 348 140 22 förkastande.

224 405 89 21 Prosten
349 405 145 21 Johnsson:
517 405 40 25 Jag
572 404 39 22 har
625 404 65 21 redan
706 404 21 21 af
737 410 25 15 en
773 403 124 28 föregående
908 404 67 22 talare

157 433 67 21 blifvit
246 433 120 27 uppmanad
388 435 32 19 att
442 434 103 26 uppträda
567 433 31 21 till
614 432 80 22 försvar
709 432 32 22 för
756 433 169 21 statsutskottets
940 433 37 21 be-

157 462 113 25 tänkande,
293 462 26 21 dä
339 462 36 26 jag
397 462 39 21 har
458 462 88 26 deltagit
568 461 7 21 i
597 461 210 27 öfverläggningarna
829 461 39 21 och
891 461 84 21 också
965 457 14 36 i

156 490 73 27 sjelfva
244 490 153 21 betänkandets
413 489 121 22 affattande.
557 490 41 21 Det
614 492 23 19 är
652 492 31 19 ett
698 490 57 21 svärt
770 490 95 26 uppdrag
880 491 32 20 att
922 496 53 21 upp-

157 519 61 21 träda
232 519 33 21 för
280 520 31 20 att
325 518 94 22 försvara
434 524 25 15 en
475 518 43 27 sak,
534 524 45 16 som
594 518 39 21 har
645 518 68 21 blifvit
725 518 101 27 angripen
837 518 20 21 af
866 519 24 21 sä
901 518 74 27 mänge

157 547 39 21 och
218 548 24 20 sä
257 546 78 27 häftige
350 547 151 21 motständare.
531 547 40 27 Jag
586 552 61 16 anser
662 547 42 26 mig
719 546 54 22 dock
789 546 81 28 skyldig
885 548 37 22 att,
939 553 36 15 un-

157 576 37 21 der
216 575 137 22 medvetande
376 575 22 21 af
419 575 54 21 mina
495 575 59 27 ringa
573 575 86 26 krafter,
674 576 94 20 försvara
784 575 36 21 det
834 575 140 27 betänkande,

157 610 45 15 som
222 604 43 27 jag:
276 604 39 21 har
329 604 100 26 godkänt.
458 604 48 21 Alla
521 604 126 26 föregående
662 604 67 21 talare
745 603 61 22 hafva
821 604 77 21 uttalat
914 604 61 21 önsk-

156 632 92 27 ligheten
264 632 22 21 af
300 632 274 27 diskussionsprotokollens
589 632 110 27 tryckning
716 644 19 3 —
749 639 25 15 en
791 632 33 22 del
840 632 38 21 har
892 632 33 22 till
936 632 39 22 och

157 662 47 20 med
219 660 114 22 framhållit
348 660 180 28 nödvändigheten
544 661 21 21 af
580 661 60 21 deras
655 660 119 28 tryckning;
792 673 15 3 —
821 662 37 25 jag
868 660 108 28 uppfattar

157 690 58 21 detta
237 690 68 20 säsom
329 692 31 19 ett
381 689 58 22 bevis
462 692 32 18 att
516 690 89 25 ständet,
629 689 51 22 eller
697 690 127 21 ätminstone
840 690 25 21 de
880 690 95 21 ständets

156 718 123 25 ledamöter,
302 724 45 15 som
370 724 29 15 nu
420 718 61 22 hafva
496 718 78 22 uttalat
588 718 38 26 sig,
641 724 50 16 anse
707 718 36 22 det
757 718 32 22 för
805 725 25 15 en
845 718 69 26 gifven
930 718 44 26 sak,

157 749 32 19 att
204 747 35 21 det
255 752 49 16 vore
319 747 98 26 önskligt,
432 749 32 19 att
479 746 133 28 protokollen
624 746 67 22 skulle
702 747 89 27 tryckas.
815 747 83 26 Frågan
909 746 67 28 gäller

156 775 88 27 säledes,
265 775 106 21 hvarifrän
387 776 82 20 medlen
484 776 32 21 för
532 776 135 26 tryckningen
682 776 22 20 af
718 776 61 21 dessa
793 776 107 27 protokoll
916 775 59 22 skola

157 806 64 24 tagas.
251 804 47 21 Här
318 804 63 22 hafva
402 804 25 21 de
442 804 126 26 föregäende
583 804 94 22 talarene
693 806 85 20 stannat
792 804 7 21 i
815 806 53 20 stort
884 804 89 27 bryderi.

156 832 109 22 Professor
288 832 103 22 Forsman
413 832 39 22 har
474 835 52 24 sagt,
550 835 32 19 att
597 832 35 22 det
648 833 53 21 enda
717 833 83 27 möjliga
815 834 65 20 sättet
894 835 32 19 att
942 839 33 15 er-

156 860 57 22 hålla
235 861 74 26 medel,
332 862 24 20 är
378 863 32 19 att
432 861 97 22 beskatta
551 862 45 20 sina
618 861 164 21 kommittenter.
814 862 47 20 Han
876 861 39 21 har
929 861 47 21 icke

156 890 80 20 kunnat
258 890 92 26 äberopa
373 890 68 26 nägon
465 890 41 26 lag,
527 896 45 15 som
587 889 67 22 skulle
669 890 104 26 berättiga
788 890 89 21 ständen
892 892 32 19 att
939 890 35 20 be-

156 918 71 21 skatta
242 918 44 21 sina
302 918 167 25 kommittenter;
486 918 40 22 han
542 918 39 22 har
595 920 52 24 sagt,
664 920 31 19 att
711 919 36 20 det
761 920 24 20 är
797 918 90 28 gammal
898 918 75 27 praxis.

156 946 163 22 Statsutskottet
341 946 39 22 har
401 953 41 20 nog
457 948 59 25 känt,
532 949 31 19 att
578 947 69 27 praxis
661 947 40 21 har
716 947 54 21 varit
785 948 46 20 den.
862 946 48 22 Men
926 952 47 16 man

156 975 39 21 har
217 975 54 25 hört,
294 977 31 19 att
347 975 185 22 kommittenterne
554 975 46 22 icke
622 975 68 21 funnit
707 976 32 26 sig
753 975 6 21 i
775 982 26 15 en
816 976 66 21 sädan
897 975 76 27 praxis,

156 1003 121 27 isynnerhet
299 1010 44 15 som
366 1004 185 25 borgareständets
568 1004 159 21 kommittenter
742 1004 83 26 uttalat,
841 1006 31 19 att
888 1004 25 21 de
928 1004 46 22 icke

157 1032 64 20 tänka
236 1032 112 21 framdeles
362 1032 45 22 läta
421 1032 98 21 beskatta
534 1033 31 25 sig
580 1033 26 26 pä
622 1032 35 21 det
673 1034 64 20 sättet
752 1032 44 22 ifall
812 1039 48 15 man
875 1032 46 22 icke
931 1033 42 21 kan

157 1060 72 21 anföra
250 1061 67 25 nägon
339 1060 40 26 lag,
395 1066 45 15 som
456 1061 116 27 berättigar
586 1061 85 21 ständet
685 1062 32 19 att
732 1062 53 26 göra
799 1062 29 20 sä.
858 1061 40 26 Jag
914 1067 61 15 anser

156 1088 82 22 således
253 1089 35 21 det
303 1088 52 26 skäl,
371 1094 45 16 som
432 1088 38 22 har
486 1088 78 22 anförts
580 1088 32 22 för
626 1091 32 19 att
671 1090 88 21 stånden
775 1090 46 21 icke
835 1089 68 21 skulle
912 1089 62 21 hafva

156 1117 102 26 rättighet
280 1119 31 19 att
333 1117 97 21 beskatta
452 1117 46 21 sina
518 1117 163 25 kommittenter,
697 1117 46 21 icke
758 1124 50 15 vara
823 1119 23 20 sä
862 1118 111 25 ohällbart,

156 1151 45 15 som
224 1152 47 14 man
294 1148 47 23 sagt
363 1145 35 21 det
420 1152 56 14 vara.
491 1158 28 2 —
534 1145 51 21 Man
606 1146 39 20 har
667 1146 86 26 pästätt,
769 1148 32 19 att
816 1146 158 21 statsutskottet

156 1173 67 21 skulle
245 1173 63 21 hafva
329 1173 7 21 i
358 1173 38 21 sitt
411 1173 133 21 betänkande
560 1174 76 20 uttalat
651 1174 40 20 den
706 1174 88 26 äsisten,
810 1176 32 19 att
858 1174 26 21 de
899 1174 74 26 medel,

156 1201 101 21 hvarmed
272 1201 106 21 allmänna
393 1202 251 26 landtdagskostnaderne
660 1202 52 21 böra
729 1202 110 26 bestridas,
854 1202 70 21 kunna
939 1209 35 14 an-

156 1230 78 21 vändas
256 1230 64 20 ocksä
340 1230 32 21 för
387 1230 134 21 bestridande
537 1231 21 20 af
572 1230 140 21 kostnaderne
728 1230 32 22 för
775 1230 199 27 diskussionsproto-

155 1258 82 21 kollens
258 1258 115 27 tryckning.
404 1258 162 22 Statsutskottet
588 1258 39 21 har
649 1258 53 22 dock
725 1259 46 21 icke
793 1262 53 24 sagt,
869 1262 32 18 att
920 1260 54 27 82
963 1254 15 38 $

155 1286 76 27 tydligt
246 1288 61 24 säger
322 1286 63 26 detta,
401 1289 50 19 utan
468 1287 38 21 har
521 1287 158 21 statsutskottet
694 1287 69 22 anfört
774 1288 79 25 endast,
864 1290 31 18 att
906 1288 68 22 denna

155 1314 99 26 paragraf
267 1315 46 20 icke
328 1314 107 26 förbjuder
450 1315 81 20 sådant.
560 1315 46 21 Den
622 1314 73 25 talare,
711 1320 45 16 som
771 1315 52 21 först
839 1315 93 26 anförde,
943 1317 32 19 att

156 1342 58 21 detta
236 1341 155 27 förfaringssätt
405 1344 32 19 att
452 1342 6 20 i
474 1342 59 22 detta
547 1342 36 22 fall
598 1342 93 27 åberopa
707 1343 26 21 82
749 1344 14 26 &
779 1345 24 19 är
817 1344 86 21 alldeles
919 1344 55 20 orik-

155 1370 46 27 tigt,
224 1370 39 22 har
286 1370 53 22 dock
361 1370 113 27 medgifvit,
498 1372 32 20 att
552 1371 36 21 det
610 1372 23 20 är
648 1371 83 27 mycket
746 1372 120 22 obestämdt
880 1372 6 20 i
902 1371 72 28 sjelfva

154 1398 126 28 paragrafen
303 1398 31 22 till
356 1399 70 21 hvilka
448 1399 97 22 ändamål
568 1400 26 21 de
617 1400 73 24 medel,
713 1406 46 16 som
775 1403 36 19 äro
827 1400 100 28 anslagna
942 1400 33 22 för

155 1428 263 26 landtdagskostnadernes
440 1427 142 27 bestridande,
605 1428 60 22 skola
679 1429 113 22 användas.
822 1430 50 21 Man
887 1430 39 21 har
940 1429 34 22 vid

155 1456 69 22 denna
238 1456 102 27 landtdag
357 1469 24 3 —
395 1457 36 26 jag
446 1457 104 21 erkänner
566 1457 36 22 det
616 1469 27 3 —
659 1458 92 21 användt
767 1458 60 22 dessa
842 1458 70 22 medel
923 1458 50 22 kan-

155 1486 37 20 ske
214 1487 51 19 utan
288 1488 32 19 att
337 1492 42 20 nog
394 1485 61 22 hafva
470 1486 45 21 haft
530 1486 98 22 afseende
643 1486 27 27 på
686 1486 39 22 den
741 1488 137 26 sparsamhet,
894 1494 45 15 som
954 1488 19 20 vi

155 1514 52 22 böra
228 1514 101 27 iakttaga.
359 1514 42 22 Det
424 1516 23 19 är
468 1514 50 22 flere
541 1515 72 26 talare,
636 1521 45 15 som
699 1515 64 23 också
778 1516 61 22 hafva
854 1518 72 26 yttrat,
942 1518 32 20 att
