1053 1828
180 123 41 22 234
389 127 158 18 Presteständet
560 128 53 17 1877.
638 127 22 17 13
672 131 60 13 mars.

221 196 68 21 Sedan
312 198 61 19 nästa
395 196 156 21 sammanträde
573 197 77 20 utsatts
672 195 32 21 till
723 196 61 19 nästa
799 194 67 27 tisdag
881 194 90 21 klockan

152 225 29 21 tio
197 225 149 26 förmiddagen,
362 224 101 22 ätskildes
478 224 85 21 ständet
577 224 29 21 kl.
621 226 33 19 tre
669 223 170 26 eftermiddagen.

719 286 22 17 In
752 285 62 18 fidem:

638 321 51 20 Carl
704 321 49 20 Joh,
769 320 132 28 Lindegvist.

272 526 147 34 Tisdagen
438 526 57 27 den
514 526 32 27 13
564 533 80 20 mars
662 526 42 27 kl.
722 526 35 26 10
774 526 22 26 f.
814 534 38 18 m.

222 619 170 22 Sammanträdet
408 619 106 27 öppnades
529 619 47 21 med
593 618 41 22 bön
650 619 27 25 pä
686 618 91 22 svenska
787 618 85 26 spräket
883 618 23 22 af
918 619 53 21 dok-

154 650 34 20 tor
203 648 119 26 Hornborg.

222 705 40 21 Vid
285 704 118 22 verkstäldt
425 710 82 22 upprop
529 704 103 22 befunnos
648 704 95 21 ständets
759 704 97 27 samtlige
871 704 99 22 medlem-

154 740 45 15 mar
221 733 111 26 tillstädes,
355 733 48 21 med
425 733 108 27 undantag
556 732 22 22 af
600 734 84 25 prosten
707 733 150 26 Bergroth,
878 739 45 15 som
938 733 33 21 för

152 763 58 21 förut
232 762 116 21 annoterad
371 762 68 24 orsak,
464 764 55 19 samt
541 764 72 25 pastor
634 761 71 26 Lyra
729 761 39 22 och
787 761 105 27 professor
908 761 63 22 Ehr-

155 793 90 25 ström,
262 791 70 21 hvilka
347 791 32 20 till
394 791 51 26 följd
461 790 23 21 af
498 789 180 28 sjukdomsförfall
692 796 51 15 voro
759 790 146 21 frånvarande.

221 939 40 22 Till
281 939 104 27 justering
408 940 107 26 upplästes
538 939 77 28 utdrag
636 945 26 16 ur
684 939 129 28 protokollet
836 939 32 22 för
887 941 83 20 senaste

153 969 161 21 sammanträde.

221 1112 89 21 Ståndet
332 1111 32 21 till
387 1111 117 21 kännedom
527 1111 134 21 meddelades
676 1111 161 21 nedannämnda
852 1111 46 22 från
914 1112 56 21 med-

153 1139 88 23 stånden
256 1140 100 21 inkomna
371 1140 205 27 protokollsutdrag:

222 1197 41 26 1:0)
279 1196 56 21 Från
358 1196 112 27 höglofliga
488 1197 147 27 ridderskapet
658 1197 39 21 och
712 1197 61 21 adeln
790 1196 22 22 af
826 1197 41 21 den
883 1197 12 20 6
912 1197 58 21 inne-

152 1225 92 21 varande
259 1231 63 20 mars,
337 1225 48 21 med
401 1225 211 28 tillkännagifvande:

220 1282 22 26 a)
257 1283 32 20 att
311 1281 214 22 ekonomiutskottets
547 1281 133 23 betänkande
702 1282 7 21 i
731 1282 112 27 anledning
859 1282 21 21 af
894 1282 76 27 nådiga

152 1311 159 26 propositionen
333 1316 33 15 n:o
384 1311 31 24 16,
431 1310 108 27 angående
555 1310 95 27 grunden
664 1310 34 21 för
713 1310 167 27 tolagsafgiftens
895 1311 75 21 beräk-

152 1339 75 26 nande,
250 1338 69 22 blifvit
341 1339 23 21 af
381 1339 85 21 ståndet
481 1339 7 21 i
504 1339 64 26 öfrigt
582 1339 116 27 godkändt,
713 1339 48 21 med
776 1339 108 27 undantag
898 1339 23 22 af
934 1339 36 22 det

152 1367 7 20 i
174 1367 52 20 sista
248 1373 61 14 mom.
333 1367 118 25 föreslagna
474 1367 102 27 tillägget,
600 1367 86 24 hvilket,
707 1367 28 26 på
752 1369 43 19 sätt
811 1369 159 20 reservanterne

152 1394 109 27 tillstyrkt,
277 1394 68 21 skulle
359 1395 93 25 förfalla;
469 1395 40 21 och

219 1451 24 27 b)
259 1453 32 19 att
313 1451 86 21 ståndet
421 1451 131 22 beträffande
575 1451 214 22 ekonomiutskottets
812 1451 157 23 betänkande
959 1447 15 36 i

152 1480 112 26 anledning
287 1479 22 22 af
321 1479 77 27 nådiga
413 1480 158 27 propositionen
587 1480 109 27 angående
712 1480 119 22 ordnandet
846 1480 23 22 af
882 1481 87 21 härads-

152 1508 192 27 postinrättningen
359 1510 7 20 i
381 1508 78 27 landet,
475 1508 93 27 beslutit,
584 1511 32 19 att
631 1508 27 30 $$
676 1510 53 20 1—6
745 1509 68 22 skulle
828 1510 91 26 utgifvas
934 1516 34 16 om
