<?xml version="1.0" encoding="UTF-8"?>
<alto xmlns="http://www.loc.gov/standards/alto/ns-v3#" xmlns:xlink="http://www.w3.org/1999/xlink" xmlns:xsi="http://www.w3.org/2001/XMLSchema-instance" xsi:schemaLocation="http://www.loc.gov/standards/alto/ns-v3# http://www.loc.gov/alto/v3/alto-3-0.xsd">
	<Description>
		<MeasurementUnit>pixel</MeasurementUnit>
		<sourceImageInformation>
			<fileName>/tmp/tess_52_4ab_m_input.PNG</fileName>
		</sourceImageInformation>
		<OCRProcessing ID="OCR_0">
			<ocrProcessingStep>
				<processingSoftware>
					<softwareName>tesseract 5.3.4</softwareName>
				</processingSoftware>
			</ocrProcessingStep>
		</OCRProcessing>
	</Description>
	<Layout>
		<Page WIDTH="1053" HEIGHT="1811" PHYSICAL_IMG_NR="0" ID="page_0">
			<PrintSpace HPOS="0" VPOS="0" WIDTH="1053" HEIGHT="1811">
				<ComposedBlock ID="cblock_0" HPOS="324" VPOS="135" WIDTH="548" HEIGHT="26">
					<TextBlock ID="block_0" HPOS="324" VPOS="135" WIDTH="548" HEIGHT="26">
						<TextLine ID="line_0" HPOS="324" VPOS="135" WIDTH="548" HEIGHT="26">
							<String ID="string_0" HPOS="324" VPOS="139" WIDTH="159" HEIGHT="18" WC="0.93" CONTENT="Presteståndet"/><SP WIDTH="14" VPOS="139" HPOS="483"/>
							<String ID="string_1" HPOS="497" VPOS="140" WIDTH="52" HEIGHT="17" WC="0.96" CONTENT="1877."/><SP WIDTH="25" VPOS="140" HPOS="549"/>
							<String ID="string_2" HPOS="574" VPOS="140" WIDTH="27" HEIGHT="17" WC="0.96" CONTENT="24"/><SP WIDTH="12" VPOS="140" HPOS="601"/>
							<String ID="string_3" HPOS="613" VPOS="139" WIDTH="59" HEIGHT="22" WC="0.84" CONTENT="april"/><SP WIDTH="160" VPOS="139" HPOS="672"/>
							<String ID="string_4" HPOS="832" VPOS="135" WIDTH="40" HEIGHT="20" WC="0.92" CONTENT="539"/>
						</TextLine>
					</TextBlock>
				</ComposedBlock>
				<GraphicalElement ID="cblock_1" HPOS="108" VPOS="167" WIDTH="792" HEIGHT="3"></GraphicalElement >
				<ComposedBlock ID="cblock_2" HPOS="81" VPOS="208" WIDTH="823" HEIGHT="1253">
					<TextBlock ID="block_1" HPOS="83" VPOS="208" WIDTH="820" HEIGHT="483">
						<TextLine ID="line_1" HPOS="85" VPOS="208" WIDTH="818" HEIGHT="27">
							<String ID="string_5" HPOS="85" VPOS="208" WIDTH="38" HEIGHT="21" WC="0.96" CONTENT="och"/><SP WIDTH="22" VPOS="208" HPOS="123"/>
							<String ID="string_6" HPOS="145" VPOS="208" WIDTH="24" HEIGHT="21" WC="0.96" CONTENT="så"/><SP WIDTH="16" VPOS="208" HPOS="169"/>
							<String ID="string_7" HPOS="185" VPOS="210" WIDTH="58" HEIGHT="19" WC="0.93" CONTENT="snart"/><SP WIDTH="15" VPOS="210" HPOS="243"/>
							<String ID="string_8" HPOS="258" VPOS="208" WIDTH="203" HEIGHT="27" WC="0.92" CONTENT="kyrkobetjeningen"/><SP WIDTH="16" VPOS="208" HPOS="461"/>
							<String ID="string_9" HPOS="477" VPOS="209" WIDTH="39" HEIGHT="21" WC="0.96" CONTENT="fick"/><SP WIDTH="17" VPOS="209" HPOS="516"/>
							<String ID="string_10" HPOS="533" VPOS="209" WIDTH="61" HEIGHT="21" WC="0.93" CONTENT="dessa"/><SP WIDTH="15" VPOS="209" HPOS="594"/>
							<String ID="string_11" HPOS="609" VPOS="209" WIDTH="124" HEIGHT="21" WC="0.91" CONTENT="fridstörare"/><SP WIDTH="16" VPOS="209" HPOS="733"/>
							<String ID="string_12" HPOS="749" VPOS="208" WIDTH="92" HEIGHT="21" WC="0.90" CONTENT="utkörda"/><SP WIDTH="15" VPOS="208" HPOS="841"/>
							<String ID="string_13" HPOS="856" VPOS="209" WIDTH="47" HEIGHT="21" WC="0.96" CONTENT="från"/>
						</TextLine>
						<TextLine ID="line_2" HPOS="85" VPOS="236" WIDTH="816" HEIGHT="27">
							<String ID="string_14" HPOS="85" VPOS="243" WIDTH="25" HEIGHT="14" WC="0.96" CONTENT="en"/><SP WIDTH="16" VPOS="243" HPOS="110"/>
							<String ID="string_15" HPOS="126" VPOS="237" WIDTH="57" HEIGHT="23" WC="0.95" CONTENT="dörr,"/><SP WIDTH="15" VPOS="237" HPOS="183"/>
							<String ID="string_16" HPOS="198" VPOS="236" WIDTH="84" HEIGHT="21" WC="0.96" CONTENT="kommo"/><SP WIDTH="17" VPOS="236" HPOS="282"/>
							<String ID="string_17" HPOS="299" VPOS="237" WIDTH="25" HEIGHT="20" WC="0.95" CONTENT="de"/><SP WIDTH="15" VPOS="237" HPOS="324"/>
							<String ID="string_18" HPOS="339" VPOS="237" WIDTH="22" HEIGHT="20" WC="0.95" CONTENT="in"/><SP WIDTH="15" VPOS="237" HPOS="361"/>
							<String ID="string_19" HPOS="376" VPOS="237" WIDTH="46" HEIGHT="20" WC="0.96" CONTENT="från"/><SP WIDTH="16" VPOS="237" HPOS="422"/>
							<String ID="string_20" HPOS="438" VPOS="244" WIDTH="25" HEIGHT="14" WC="0.95" CONTENT="en"/><SP WIDTH="16" VPOS="244" HPOS="463"/>
							<String ID="string_21" HPOS="479" VPOS="243" WIDTH="75" HEIGHT="19" WC="0.96" CONTENT="annan,"/><SP WIDTH="16" VPOS="243" HPOS="554"/>
							<String ID="string_22" HPOS="570" VPOS="244" WIDTH="44" HEIGHT="14" WC="0.96" CONTENT="som"/><SP WIDTH="16" VPOS="244" HPOS="614"/>
							<String ID="string_23" HPOS="630" VPOS="237" WIDTH="33" HEIGHT="21" WC="0.96" CONTENT="för"/><SP WIDTH="15" VPOS="237" HPOS="663"/>
							<String ID="string_24" HPOS="678" VPOS="237" WIDTH="93" HEIGHT="21" WC="0.96" CONTENT="tillfället"/><SP WIDTH="13" VPOS="237" HPOS="771"/>
							<String ID="string_25" HPOS="784" VPOS="243" WIDTH="37" HEIGHT="14" WC="0.96" CONTENT="var"/><SP WIDTH="13" VPOS="243" HPOS="821"/>
							<String ID="string_26" HPOS="834" VPOS="239" WIDTH="67" HEIGHT="24" WC="0.96" CONTENT="öppen"/>
						</TextLine>
						<TextLine ID="line_3" HPOS="83" VPOS="264" WIDTH="819" HEIGHT="28">
							<String ID="string_27" HPOS="83" VPOS="264" WIDTH="33" HEIGHT="21" WC="0.96" CONTENT="till"/><SP WIDTH="20" VPOS="264" HPOS="116"/>
							<String ID="string_28" HPOS="136" VPOS="265" WIDTH="41" HEIGHT="20" WC="0.96" CONTENT="den"/><SP WIDTH="22" VPOS="265" HPOS="177"/>
							<String ID="string_29" HPOS="199" VPOS="265" WIDTH="123" HEIGHT="26" WC="0.96" CONTENT="lättsinniga"/><SP WIDTH="22" VPOS="265" HPOS="322"/>
							<String ID="string_30" HPOS="344" VPOS="265" WIDTH="71" HEIGHT="20" WC="0.96" CONTENT="delens"/><SP WIDTH="24" VPOS="265" HPOS="415"/>
							<String ID="string_31" HPOS="439" VPOS="265" WIDTH="22" HEIGHT="20" WC="0.96" CONTENT="af"/><SP WIDTH="14" VPOS="265" HPOS="461"/>
							<String ID="string_32" HPOS="475" VPOS="266" WIDTH="150" HEIGHT="26" WC="0.95" CONTENT="församlingen"/><SP WIDTH="15" VPOS="266" HPOS="625"/>
							<String ID="string_33" HPOS="640" VPOS="270" WIDTH="59" HEIGHT="16" WC="0.93" CONTENT="stora"/><SP WIDTH="15" VPOS="270" HPOS="699"/>
							<String ID="string_34" HPOS="714" VPOS="265" WIDTH="125" HEIGHT="24" WC="0.91" CONTENT="förlustelse,"/><SP WIDTH="15" VPOS="265" HPOS="839"/>
							<String ID="string_35" HPOS="854" VPOS="272" WIDTH="48" HEIGHT="13" WC="0.96" CONTENT="men"/>
						</TextLine>
						<TextLine ID="line_4" HPOS="83" VPOS="293" WIDTH="818" HEIGHT="27">
							<String ID="string_36" HPOS="83" VPOS="293" WIDTH="33" HEIGHT="19" WC="0.96" CONTENT="till"/><SP WIDTH="20" VPOS="293" HPOS="116"/>
							<String ID="string_37" HPOS="136" VPOS="293" WIDTH="43" HEIGHT="20" WC="0.95" CONTENT="alla"/><SP WIDTH="21" VPOS="293" HPOS="179"/>
							<String ID="string_38" HPOS="200" VPOS="293" WIDTH="109" HEIGHT="25" WC="0.93" CONTENT="allvarliga"/><SP WIDTH="15" VPOS="293" HPOS="309"/>
							<String ID="string_39" HPOS="324" VPOS="293" WIDTH="90" HEIGHT="21" WC="0.91" CONTENT="kristnes"/><SP WIDTH="16" VPOS="293" HPOS="414"/>
							<String ID="string_40" HPOS="430" VPOS="295" WIDTH="56" HEIGHT="19" WC="0.96" CONTENT="ännu"/><SP WIDTH="16" VPOS="295" HPOS="486"/>
							<String ID="string_41" HPOS="502" VPOS="295" WIDTH="68" HEIGHT="19" WC="0.93" CONTENT="större"/><SP WIDTH="14" VPOS="295" HPOS="570"/>
							<String ID="string_42" HPOS="584" VPOS="294" WIDTH="122" HEIGHT="25" WC="0.91" CONTENT="förargelse."/><SP WIDTH="29" VPOS="294" HPOS="706"/>
							<String ID="string_43" HPOS="735" VPOS="294" WIDTH="166" HEIGHT="26" WC="0.96" CONTENT="Församlingen,"/>
						</TextLine>
						<TextLine ID="line_5" HPOS="83" VPOS="320" WIDTH="819" HEIGHT="28">
							<String ID="string_44" HPOS="83" VPOS="326" WIDTH="46" HEIGHT="15" WC="0.96" CONTENT="som"/><SP WIDTH="22" VPOS="326" HPOS="129"/>
							<String ID="string_45" HPOS="151" VPOS="320" WIDTH="50" HEIGHT="21" WC="0.95" CONTENT="fann"/><SP WIDTH="23" VPOS="320" HPOS="201"/>
							<String ID="string_46" HPOS="224" VPOS="320" WIDTH="58" HEIGHT="22" WC="0.95" CONTENT="detta"/><SP WIDTH="22" VPOS="320" HPOS="282"/>
							<String ID="string_47" HPOS="304" VPOS="322" WIDTH="5" HEIGHT="20" WC="0.96" CONTENT="i"/><SP WIDTH="24" VPOS="322" HPOS="309"/>
							<String ID="string_48" HPOS="333" VPOS="321" WIDTH="42" HEIGHT="27" WC="0.96" CONTENT="hög"/><SP WIDTH="14" VPOS="321" HPOS="375"/>
							<String ID="string_49" HPOS="389" VPOS="322" WIDTH="52" HEIGHT="26" WC="0.93" CONTENT="grad"/><SP WIDTH="12" VPOS="322" HPOS="441"/>
							<String ID="string_50" HPOS="453" VPOS="322" WIDTH="114" HEIGHT="26" WC="0.91" CONTENT="förargelse"/><SP WIDTH="15" VPOS="322" HPOS="567"/>
							<String ID="string_51" HPOS="582" VPOS="322" WIDTH="114" HEIGHT="24" WC="0.96" CONTENT="väckande,"/><SP WIDTH="16" VPOS="322" HPOS="696"/>
							<String ID="string_52" HPOS="712" VPOS="321" WIDTH="44" HEIGHT="21" WC="0.93" CONTENT="höll"/><SP WIDTH="15" VPOS="321" HPOS="756"/>
							<String ID="string_53" HPOS="771" VPOS="322" WIDTH="131" HEIGHT="20" WC="0.92" CONTENT="kommunal-"/>
						</TextLine>
						<TextLine ID="line_6" HPOS="85" VPOS="349" WIDTH="817" HEIGHT="27">
							<String ID="string_54" HPOS="85" VPOS="351" WIDTH="90" HEIGHT="19" WC="0.95" CONTENT="stämma"/><SP WIDTH="22" VPOS="351" HPOS="175"/>
							<String ID="string_55" HPOS="197" VPOS="349" WIDTH="39" HEIGHT="21" WC="0.95" CONTENT="och"/><SP WIDTH="23" VPOS="349" HPOS="236"/>
							<String ID="string_56" HPOS="259" VPOS="349" WIDTH="65" HEIGHT="27" WC="0.95" CONTENT="ansåg"/><SP WIDTH="22" VPOS="349" HPOS="324"/>
							<String ID="string_57" HPOS="346" VPOS="349" WIDTH="31" HEIGHT="27" WC="0.95" CONTENT="sig"/><SP WIDTH="14" VPOS="349" HPOS="377"/>
							<String ID="string_58" HPOS="391" VPOS="350" WIDTH="128" HEIGHT="26" WC="0.96" CONTENT="fullkomligt"/><SP WIDTH="15" VPOS="350" HPOS="519"/>
							<String ID="string_59" HPOS="534" VPOS="350" WIDTH="119" HEIGHT="26" WC="0.96" CONTENT="berättigad"/><SP WIDTH="16" VPOS="350" HPOS="653"/>
							<String ID="string_60" HPOS="669" VPOS="352" WIDTH="32" HEIGHT="19" WC="0.96" CONTENT="att"/><SP WIDTH="15" VPOS="352" HPOS="701"/>
							<String ID="string_61" HPOS="716" VPOS="350" WIDTH="38" HEIGHT="21" WC="0.96" CONTENT="hos"/><SP WIDTH="16" VPOS="350" HPOS="754"/>
							<String ID="string_62" HPOS="770" VPOS="352" WIDTH="132" HEIGHT="24" WC="0.96" CONTENT="guvernören"/>
						</TextLine>
						<TextLine ID="line_7" HPOS="83" VPOS="378" WIDTH="820" HEIGHT="27">
							<String ID="string_63" HPOS="83" VPOS="378" WIDTH="89" HEIGHT="21" WC="0.96" CONTENT="utverka"/><SP WIDTH="23" VPOS="378" HPOS="172"/>
							<String ID="string_64" HPOS="195" VPOS="378" WIDTH="53" HEIGHT="26" WC="0.96" CONTENT="plikt"/><SP WIDTH="20" VPOS="378" HPOS="248"/>
							<String ID="string_65" HPOS="268" VPOS="378" WIDTH="34" HEIGHT="21" WC="0.92" CONTENT="för"/><SP WIDTH="22" VPOS="378" HPOS="302"/>
							<String ID="string_66" HPOS="324" VPOS="378" WIDTH="77" HEIGHT="22" WC="0.92" CONTENT="sådane"/><SP WIDTH="21" VPOS="378" HPOS="401"/>
							<String ID="string_67" HPOS="422" VPOS="378" WIDTH="127" HEIGHT="27" WC="0.91" CONTENT="hundegare,"/><SP WIDTH="22" VPOS="378" HPOS="549"/>
							<String ID="string_68" HPOS="571" VPOS="379" WIDTH="71" HEIGHT="21" WC="0.96" CONTENT="hvilka"/><SP WIDTH="19" VPOS="379" HPOS="642"/>
							<String ID="string_69" HPOS="661" VPOS="379" WIDTH="23" HEIGHT="21" WC="0.96" CONTENT="så"/><SP WIDTH="16" VPOS="379" HPOS="684"/>
							<String ID="string_70" HPOS="700" VPOS="379" WIDTH="42" HEIGHT="21" WC="0.96" CONTENT="läto"/><SP WIDTH="16" VPOS="379" HPOS="742"/>
							<String ID="string_71" HPOS="758" VPOS="379" WIDTH="47" HEIGHT="21" WC="0.96" CONTENT="sina"/><SP WIDTH="15" VPOS="379" HPOS="805"/>
							<String ID="string_72" HPOS="820" VPOS="378" WIDTH="83" HEIGHT="22" WC="0.95" CONTENT="hundar"/>
						</TextLine>
						<TextLine ID="line_8" HPOS="84" VPOS="406" WIDTH="819" HEIGHT="28">
							<String ID="string_73" HPOS="84" VPOS="407" WIDTH="49" HEIGHT="25" WC="0.96" CONTENT="löpa"/><SP WIDTH="16" VPOS="407" HPOS="133"/>
							<String ID="string_74" HPOS="149" VPOS="406" WIDTH="96" HEIGHT="27" WC="0.96" CONTENT="omkring"/><SP WIDTH="15" VPOS="406" HPOS="245"/>
							<String ID="string_75" HPOS="260" VPOS="406" WIDTH="39" HEIGHT="22" WC="0.96" CONTENT="och"/><SP WIDTH="16" VPOS="406" HPOS="299"/>
							<String ID="string_76" HPOS="315" VPOS="413" WIDTH="34" HEIGHT="14" WC="0.95" CONTENT="om"/><SP WIDTH="16" VPOS="413" HPOS="349"/>
							<String ID="string_77" HPOS="365" VPOS="407" WIDTH="106" HEIGHT="27" WC="0.95" CONTENT="söndagen"/><SP WIDTH="16" VPOS="407" HPOS="471"/>
							<String ID="string_78" HPOS="487" VPOS="409" WIDTH="58" HEIGHT="19" WC="0.93" CONTENT="störa"/><SP WIDTH="14" VPOS="409" HPOS="545"/>
							<String ID="string_79" HPOS="559" VPOS="408" WIDTH="89" HEIGHT="26" WC="0.91" CONTENT="helgden"/><SP WIDTH="15" VPOS="408" HPOS="648"/>
							<String ID="string_80" HPOS="663" VPOS="408" WIDTH="7" HEIGHT="20" WC="0.96" CONTENT="i"/><SP WIDTH="15" VPOS="408" HPOS="670"/>
							<String ID="string_81" HPOS="685" VPOS="407" WIDTH="59" HEIGHT="21" WC="0.95" CONTENT="Guds"/><SP WIDTH="16" VPOS="407" HPOS="744"/>
							<String ID="string_82" HPOS="760" VPOS="408" WIDTH="45" HEIGHT="20" WC="0.96" CONTENT="hus."/><SP WIDTH="23" VPOS="408" HPOS="805"/>
							<String ID="string_83" HPOS="828" VPOS="408" WIDTH="75" HEIGHT="20" WC="0.96" CONTENT="Denna"/>
						</TextLine>
						<TextLine ID="line_9" HPOS="84" VPOS="434" WIDTH="819" HEIGHT="27">
							<String ID="string_84" HPOS="84" VPOS="434" WIDTH="75" HEIGHT="26" WC="0.96" CONTENT="åtgärd"/><SP WIDTH="23" VPOS="434" HPOS="159"/>
							<String ID="string_85" HPOS="182" VPOS="435" WIDTH="54" HEIGHT="21" WC="0.96" CONTENT="hade"/><SP WIDTH="23" VPOS="435" HPOS="236"/>
							<String ID="string_86" HPOS="259" VPOS="435" WIDTH="18" HEIGHT="26" WC="0.96" CONTENT="ej"/><SP WIDTH="25" VPOS="435" HPOS="277"/>
							<String ID="string_87" HPOS="302" VPOS="435" WIDTH="68" HEIGHT="20" WC="0.96" CONTENT="bättre"/><SP WIDTH="16" VPOS="435" HPOS="370"/>
							<String ID="string_88" HPOS="386" VPOS="436" WIDTH="84" HEIGHT="24" WC="0.95" CONTENT="verkan,"/><SP WIDTH="17" VPOS="436" HPOS="470"/>
							<String ID="string_89" HPOS="487" VPOS="436" WIDTH="67" HEIGHT="21" WC="0.70" CONTENT="ehuru"/><SP WIDTH="15" VPOS="436" HPOS="554"/>
							<String ID="string_90" HPOS="569" VPOS="436" WIDTH="40" HEIGHT="21" WC="0.96" CONTENT="den"/><SP WIDTH="15" VPOS="436" HPOS="609"/>
							<String ID="string_91" HPOS="624" VPOS="442" WIDTH="38" HEIGHT="14" WC="0.96" CONTENT="var"/><SP WIDTH="14" VPOS="442" HPOS="662"/>
							<String ID="string_92" HPOS="676" VPOS="436" WIDTH="102" HEIGHT="25" WC="0.93" CONTENT="enhälligt"/><SP WIDTH="14" VPOS="436" HPOS="778"/>
							<String ID="string_93" HPOS="792" VPOS="436" WIDTH="68" HEIGHT="20" WC="0.93" CONTENT="fattad"/><SP WIDTH="15" VPOS="436" HPOS="860"/>
							<String ID="string_94" HPOS="875" VPOS="436" WIDTH="28" HEIGHT="25" WC="0.96" CONTENT="på"/>
						</TextLine>
						<TextLine ID="line_10" HPOS="84" VPOS="463" WIDTH="819" HEIGHT="27">
							<String ID="string_95" HPOS="84" VPOS="463" WIDTH="220" HEIGHT="26" WC="0.91" CONTENT="kommunalstämma,"/><SP WIDTH="24" VPOS="463" HPOS="304"/>
							<String ID="string_96" HPOS="328" VPOS="466" WIDTH="26" HEIGHT="19" WC="0.96" CONTENT="än"/><SP WIDTH="16" VPOS="466" HPOS="354"/>
							<String ID="string_97" HPOS="370" VPOS="465" WIDTH="32" HEIGHT="20" WC="0.96" CONTENT="att"/><SP WIDTH="14" VPOS="465" HPOS="402"/>
							<String ID="string_98" HPOS="416" VPOS="466" WIDTH="131" HEIGHT="24" WC="0.93" CONTENT="guvernören"/><SP WIDTH="16" VPOS="466" HPOS="547"/>
							<String ID="string_99" HPOS="563" VPOS="464" WIDTH="138" HEIGHT="26" WC="0.89" CONTENT="resolverade,"/><SP WIDTH="16" VPOS="464" HPOS="701"/>
							<String ID="string_100" HPOS="717" VPOS="465" WIDTH="32" HEIGHT="20" WC="0.95" CONTENT="att"/><SP WIDTH="15" VPOS="465" HPOS="749"/>
							<String ID="string_101" HPOS="764" VPOS="470" WIDTH="44" HEIGHT="15" WC="0.93" CONTENT="som"/><SP WIDTH="16" VPOS="470" HPOS="808"/>
							<String ID="string_102" HPOS="824" VPOS="464" WIDTH="79" HEIGHT="26" WC="0.90" CONTENT="kyrko-"/>
						</TextLine>
						<TextLine ID="line_11" HPOS="84" VPOS="492" WIDTH="818" HEIGHT="27">
							<String ID="string_103" HPOS="84" VPOS="492" WIDTH="60" HEIGHT="26" WC="0.95" CONTENT="lagen"/><SP WIDTH="17" VPOS="492" HPOS="144"/>
							<String ID="string_104" HPOS="161" VPOS="493" WIDTH="92" HEIGHT="26" WC="0.96" CONTENT="tydligen"/><SP WIDTH="16" VPOS="493" HPOS="253"/>
							<String ID="string_105" HPOS="269" VPOS="493" WIDTH="86" HEIGHT="26" WC="0.95" CONTENT="stadgar"/><SP WIDTH="15" VPOS="493" HPOS="355"/>
							<String ID="string_106" HPOS="370" VPOS="493" WIDTH="54" HEIGHT="20" WC="0.92" CONTENT="hvad"/><SP WIDTH="17" VPOS="493" HPOS="424"/>
							<String ID="string_107" HPOS="441" VPOS="499" WIDTH="44" HEIGHT="15" WC="0.95" CONTENT="som"/><SP WIDTH="15" VPOS="499" HPOS="485"/>
							<String ID="string_108" HPOS="500" VPOS="493" WIDTH="54" HEIGHT="21" WC="0.96" CONTENT="skall"/><SP WIDTH="11" VPOS="493" HPOS="554"/>
							<String ID="string_109" HPOS="565" VPOS="493" WIDTH="95" HEIGHT="26" WC="0.96" CONTENT="vidtagas"/><SP WIDTH="10" VPOS="493" HPOS="660"/>
							<String ID="string_110" HPOS="670" VPOS="493" WIDTH="33" HEIGHT="21" WC="0.93" CONTENT="för"/><SP WIDTH="10" VPOS="493" HPOS="703"/>
							<String ID="string_111" HPOS="713" VPOS="493" WIDTH="189" HEIGHT="21" WC="0.92" CONTENT="åstadkommande"/>
						</TextLine>
						<TextLine ID="line_12" HPOS="83" VPOS="521" WIDTH="818" HEIGHT="27">
							<String ID="string_112" HPOS="83" VPOS="521" WIDTH="24" HEIGHT="20" WC="0.95" CONTENT="af"/><SP WIDTH="21" VPOS="521" HPOS="107"/>
							<String ID="string_113" HPOS="128" VPOS="521" WIDTH="89" HEIGHT="26" WC="0.96" CONTENT="ordning"/><SP WIDTH="18" VPOS="521" HPOS="217"/>
							<String ID="string_114" HPOS="235" VPOS="521" WIDTH="7" HEIGHT="20" WC="0.96" CONTENT="i"/><SP WIDTH="16" VPOS="521" HPOS="242"/>
							<String ID="string_115" HPOS="258" VPOS="521" WIDTH="87" HEIGHT="26" WC="0.96" CONTENT="kyrkan,"/><SP WIDTH="16" VPOS="521" HPOS="345"/>
							<String ID="string_116" HPOS="361" VPOS="523" WIDTH="130" HEIGHT="25" WC="0.96" CONTENT="guvernören"/><SP WIDTH="17" VPOS="523" HPOS="491"/>
							<String ID="string_117" HPOS="508" VPOS="522" WIDTH="47" HEIGHT="21" WC="0.96" CONTENT="med"/><SP WIDTH="16" VPOS="522" HPOS="555"/>
							<String ID="string_118" HPOS="571" VPOS="524" WIDTH="30" HEIGHT="19" WC="0.96" CONTENT="ett"/><SP WIDTH="16" VPOS="524" HPOS="601"/>
							<String ID="string_119" HPOS="617" VPOS="522" WIDTH="23" HEIGHT="20" WC="0.93" CONTENT="så"/><SP WIDTH="15" VPOS="522" HPOS="640"/>
							<String ID="string_120" HPOS="655" VPOS="521" WIDTH="118" HEIGHT="22" WC="0.90" CONTENT="beskaffadt"/><SP WIDTH="16" VPOS="521" HPOS="773"/>
							<String ID="string_121" HPOS="789" VPOS="523" WIDTH="77" HEIGHT="19" WC="0.95" CONTENT="ärende"/><SP WIDTH="17" VPOS="523" HPOS="866"/>
							<String ID="string_122" HPOS="883" VPOS="522" WIDTH="18" HEIGHT="26" WC="0.96" CONTENT="ej"/>
						</TextLine>
						<TextLine ID="line_13" HPOS="84" VPOS="549" WIDTH="818" HEIGHT="28">
							<String ID="string_123" HPOS="84" VPOS="549" WIDTH="70" HEIGHT="21" WC="0.95" CONTENT="kunde"/><SP WIDTH="16" VPOS="549" HPOS="154"/>
							<String ID="string_124" HPOS="170" VPOS="551" WIDTH="49" HEIGHT="25" WC="0.96" CONTENT="taga"/><SP WIDTH="15" VPOS="551" HPOS="219"/>
							<String ID="string_125" HPOS="234" VPOS="549" WIDTH="68" HEIGHT="27" WC="0.96" CONTENT="någon"/><SP WIDTH="17" VPOS="549" HPOS="302"/>
							<String ID="string_126" HPOS="319" VPOS="550" WIDTH="117" HEIGHT="27" WC="0.93" CONTENT="befattning"/><SP WIDTH="17" VPOS="550" HPOS="436"/>
							<String ID="string_127" HPOS="453" VPOS="563" WIDTH="23" HEIGHT="2" WC="0.89" CONTENT="—"/><SP WIDTH="18" VPOS="563" HPOS="476"/>
							<String ID="string_128" HPOS="494" VPOS="551" WIDTH="67" HEIGHT="20" WC="0.96" CONTENT="ehuru"/><SP WIDTH="16" VPOS="551" HPOS="561"/>
							<String ID="string_129" HPOS="577" VPOS="553" WIDTH="29" HEIGHT="19" WC="0.96" CONTENT="ett"/><SP WIDTH="16" VPOS="553" HPOS="606"/>
							<String ID="string_130" HPOS="622" VPOS="557" WIDTH="41" HEIGHT="20" WC="0.92" CONTENT="nog"/><SP WIDTH="15" VPOS="557" HPOS="663"/>
							<String ID="string_131" HPOS="678" VPOS="550" WIDTH="127" HEIGHT="26" WC="0.91" CONTENT="detaljeradt"/><SP WIDTH="18" VPOS="550" HPOS="805"/>
							<String ID="string_132" HPOS="823" VPOS="550" WIDTH="79" HEIGHT="26" WC="0.95" CONTENT="förslag"/>
						</TextLine>
						<TextLine ID="line_14" HPOS="83" VPOS="578" WIDTH="819" HEIGHT="27">
							<String ID="string_133" HPOS="83" VPOS="584" WIDTH="38" HEIGHT="15" WC="0.96" CONTENT="var"/><SP WIDTH="22" VPOS="584" HPOS="121"/>
							<String ID="string_134" HPOS="143" VPOS="578" WIDTH="32" HEIGHT="21" WC="0.95" CONTENT="till"/><SP WIDTH="23" VPOS="578" HPOS="175"/>
							<String ID="string_135" HPOS="198" VPOS="581" WIDTH="130" HEIGHT="23" WC="0.93" CONTENT="guvernören"/><SP WIDTH="23" VPOS="581" HPOS="328"/>
							<String ID="string_136" HPOS="351" VPOS="579" WIDTH="116" HEIGHT="26" WC="0.91" CONTENT="inlemnadt"/><SP WIDTH="22" VPOS="579" HPOS="467"/>
							<String ID="string_137" HPOS="489" VPOS="591" WIDTH="24" HEIGHT="2" WC="0.92" CONTENT="—"/><SP WIDTH="16" VPOS="591" HPOS="513"/>
							<String ID="string_138" HPOS="529" VPOS="579" WIDTH="39" HEIGHT="22" WC="0.96" CONTENT="och"/><SP WIDTH="15" VPOS="579" HPOS="568"/>
							<String ID="string_139" HPOS="583" VPOS="579" WIDTH="113" HEIGHT="21" WC="0.93" CONTENT="hänvisade"/><SP WIDTH="16" VPOS="579" HPOS="696"/>
							<String ID="string_140" HPOS="712" VPOS="579" WIDTH="101" HEIGHT="26" WC="0.93" CONTENT="derjemte"/><SP WIDTH="15" VPOS="579" HPOS="813"/>
							<String ID="string_141" HPOS="828" VPOS="579" WIDTH="32" HEIGHT="20" WC="0.96" CONTENT="till"/><SP WIDTH="16" VPOS="579" HPOS="860"/>
							<String ID="string_142" HPOS="876" VPOS="579" WIDTH="26" HEIGHT="20" WC="0.97" CONTENT="de"/>
						</TextLine>
						<TextLine ID="line_15" HPOS="83" VPOS="606" WIDTH="819" HEIGHT="28">
							<String ID="string_143" HPOS="83" VPOS="606" WIDTH="124" HEIGHT="28" WC="0.66" CONTENT="paragrafer"/><SP WIDTH="21" VPOS="606" HPOS="207"/>
							<String ID="string_144" HPOS="228" VPOS="607" WIDTH="6" HEIGHT="20" WC="0.95" CONTENT="i"/><SP WIDTH="23" VPOS="607" HPOS="234"/>
							<String ID="string_145" HPOS="257" VPOS="607" WIDTH="135" HEIGHT="27" WC="0.95" CONTENT="kyrkolagen,"/><SP WIDTH="22" VPOS="607" HPOS="392"/>
							<String ID="string_146" HPOS="414" VPOS="607" WIDTH="37" HEIGHT="21" WC="0.96" CONTENT="der"/><SP WIDTH="15" VPOS="607" HPOS="451"/>
							<String ID="string_147" HPOS="466" VPOS="607" WIDTH="129" HEIGHT="27" WC="0.96" CONTENT="kyrkorådet"/><SP WIDTH="14" VPOS="607" HPOS="595"/>
							<String ID="string_148" HPOS="609" VPOS="608" WIDTH="39" HEIGHT="20" WC="0.93" CONTENT="och"/><SP WIDTH="16" VPOS="608" HPOS="648"/>
							<String ID="string_149" HPOS="664" VPOS="607" WIDTH="157" HEIGHT="27" WC="0.92" CONTENT="presterskapet"/><SP WIDTH="15" VPOS="607" HPOS="821"/>
							<String ID="string_150" HPOS="836" VPOS="607" WIDTH="66" HEIGHT="21" WC="0.96" CONTENT="borde"/>
						</TextLine>
						<TextLine ID="line_16" HPOS="83" VPOS="636" WIDTH="819" HEIGHT="26">
							<String ID="string_151" HPOS="83" VPOS="642" WIDTH="76" HEIGHT="20" WC="0.96" CONTENT="genom"/><SP WIDTH="23" VPOS="642" HPOS="159"/>
							<String ID="string_152" HPOS="182" VPOS="636" WIDTH="111" HEIGHT="26" WC="0.94" CONTENT="varningar"/><SP WIDTH="23" VPOS="636" HPOS="293"/>
							<String ID="string_153" HPOS="316" VPOS="636" WIDTH="84" HEIGHT="21" WC="0.90" CONTENT="försöka"/><SP WIDTH="21" VPOS="636" HPOS="400"/>
							<String ID="string_154" HPOS="421" VPOS="636" WIDTH="64" HEIGHT="26" WC="0.90" CONTENT="stäfja"/><SP WIDTH="22" VPOS="636" HPOS="485"/>
							<String ID="string_155" HPOS="507" VPOS="637" WIDTH="35" HEIGHT="20" WC="0.96" CONTENT="det"/><SP WIDTH="16" VPOS="637" HPOS="542"/>
							<String ID="string_156" HPOS="558" VPOS="636" WIDTH="61" HEIGHT="24" WC="0.96" CONTENT="onda,"/><SP WIDTH="17" VPOS="636" HPOS="619"/>
							<String ID="string_157" HPOS="636" VPOS="636" WIDTH="117" HEIGHT="26" WC="0.96" CONTENT="varningar,"/><SP WIDTH="16" VPOS="636" HPOS="753"/>
							<String ID="string_158" HPOS="769" VPOS="642" WIDTH="45" HEIGHT="15" WC="0.93" CONTENT="som"/><SP WIDTH="16" VPOS="642" HPOS="814"/>
							<String ID="string_159" HPOS="830" VPOS="638" WIDTH="72" HEIGHT="18" WC="0.90" CONTENT="natur-"/>
						</TextLine>
						<TextLine ID="line_17" HPOS="84" VPOS="664" WIDTH="682" HEIGHT="27">
							<String ID="string_160" HPOS="84" VPOS="664" WIDTH="69" HEIGHT="26" WC="0.91" CONTENT="ligtvis"/><SP WIDTH="16" VPOS="664" HPOS="153"/>
							<String ID="string_161" HPOS="169" VPOS="664" WIDTH="61" HEIGHT="26" WC="0.96" CONTENT="ingen"/><SP WIDTH="15" VPOS="664" HPOS="230"/>
							<String ID="string_162" HPOS="245" VPOS="665" WIDTH="63" HEIGHT="20" WC="0.96" CONTENT="visste"/><SP WIDTH="16" VPOS="665" HPOS="308"/>
							<String ID="string_163" HPOS="324" VPOS="666" WIDTH="22" HEIGHT="20" WC="0.96" CONTENT="åt"/><SP WIDTH="16" VPOS="666" HPOS="346"/>
							<String ID="string_164" HPOS="362" VPOS="664" WIDTH="60" HEIGHT="22" WC="0.96" CONTENT="hvem"/><SP WIDTH="16" VPOS="664" HPOS="422"/>
							<String ID="string_165" HPOS="438" VPOS="665" WIDTH="25" HEIGHT="21" WC="0.96" CONTENT="de"/><SP WIDTH="16" VPOS="665" HPOS="463"/>
							<String ID="string_166" HPOS="479" VPOS="666" WIDTH="118" HEIGHT="25" WC="0.95" CONTENT="egentligen"/><SP WIDTH="15" VPOS="666" HPOS="597"/>
							<String ID="string_167" HPOS="612" VPOS="665" WIDTH="68" HEIGHT="21" WC="0.93" CONTENT="skulle"/><SP WIDTH="15" VPOS="665" HPOS="680"/>
							<String ID="string_168" HPOS="695" VPOS="665" WIDTH="71" HEIGHT="26" WC="0.91" CONTENT="gifvas."/>
						</TextLine>
					</TextBlock>
					<TextBlock ID="block_2" HPOS="81" VPOS="693" WIDTH="823" HEIGHT="768">
						<TextLine ID="line_18" HPOS="153" VPOS="693" WIDTH="749" HEIGHT="27">
							<String ID="string_169" HPOS="153" VPOS="693" WIDTH="32" HEIGHT="22" WC="0.96" CONTENT="Då"/><SP WIDTH="23" VPOS="693" HPOS="185"/>
							<String ID="string_170" HPOS="208" VPOS="694" WIDTH="97" HEIGHT="26" WC="0.95" CONTENT="slutligen"/><SP WIDTH="20" VPOS="694" HPOS="305"/>
							<String ID="string_171" HPOS="325" VPOS="693" WIDTH="131" HEIGHT="27" WC="0.96" CONTENT="lagstiftning"/><SP WIDTH="14" VPOS="693" HPOS="456"/>
							<String ID="string_172" HPOS="470" VPOS="694" WIDTH="7" HEIGHT="20" WC="0.96" CONTENT="i"/><SP WIDTH="16" VPOS="694" HPOS="477"/>
							<String ID="string_173" HPOS="493" VPOS="694" WIDTH="74" HEIGHT="21" WC="0.96" CONTENT="sådant"/><SP WIDTH="16" VPOS="694" HPOS="567"/>
							<String ID="string_174" HPOS="583" VPOS="694" WIDTH="52" HEIGHT="26" WC="0.96" CONTENT="syfte"/><SP WIDTH="16" VPOS="694" HPOS="635"/>
							<String ID="string_175" HPOS="651" VPOS="693" WIDTH="6" HEIGHT="21" WC="0.96" CONTENT="i"/><SP WIDTH="16" VPOS="693" HPOS="657"/>
							<String ID="string_176" HPOS="673" VPOS="694" WIDTH="66" HEIGHT="20" WC="0.93" CONTENT="andra"/><SP WIDTH="16" VPOS="694" HPOS="739"/>
							<String ID="string_177" HPOS="755" VPOS="694" WIDTH="147" HEIGHT="20" WC="0.92" CONTENT="kulturländer"/>
						</TextLine>
						<TextLine ID="line_19" HPOS="83" VPOS="721" WIDTH="818" HEIGHT="27">
							<String ID="string_178" HPOS="83" VPOS="723" WIDTH="24" HEIGHT="19" WC="0.93" CONTENT="är"/><SP WIDTH="16" VPOS="723" HPOS="107"/>
							<String ID="string_179" HPOS="123" VPOS="721" WIDTH="90" HEIGHT="26" WC="0.92" CONTENT="bruklig,"/><SP WIDTH="17" VPOS="721" HPOS="213"/>
							<String ID="string_180" HPOS="230" VPOS="725" WIDTH="33" HEIGHT="18" WC="0.97" CONTENT="vet"/><SP WIDTH="13" VPOS="725" HPOS="263"/>
							<String ID="string_181" HPOS="276" VPOS="722" WIDTH="37" HEIGHT="26" WC="0.96" CONTENT="jag"/><SP WIDTH="17" VPOS="722" HPOS="313"/>
							<String ID="string_182" HPOS="330" VPOS="722" WIDTH="46" HEIGHT="21" WC="0.96" CONTENT="icke"/><SP WIDTH="16" VPOS="722" HPOS="376"/>
							<String ID="string_183" HPOS="392" VPOS="722" WIDTH="54" HEIGHT="21" WC="0.95" CONTENT="hvad"/><SP WIDTH="15" VPOS="722" HPOS="446"/>
							<String ID="string_184" HPOS="461" VPOS="728" WIDTH="45" HEIGHT="15" WC="0.96" CONTENT="som"/><SP WIDTH="16" VPOS="728" HPOS="506"/>
							<String ID="string_185" HPOS="522" VPOS="722" WIDTH="67" HEIGHT="21" WC="0.95" CONTENT="skulle"/><SP WIDTH="16" VPOS="722" HPOS="589"/>
							<String ID="string_186" HPOS="605" VPOS="722" WIDTH="80" HEIGHT="26" WC="0.96" CONTENT="hindra,"/><SP WIDTH="17" VPOS="722" HPOS="685"/>
							<String ID="string_187" HPOS="702" VPOS="722" WIDTH="47" HEIGHT="21" WC="0.58" CONTENT="att"/><SP WIDTH="-9" VPOS="722" HPOS="749"/>
							<String ID="string_188" HPOS="740" VPOS="717" WIDTH="10" HEIGHT="36" WC="0.58" CONTENT="i"/><SP WIDTH="10" VPOS="717" HPOS="750"/>
							<String ID="string_189" HPOS="760" VPOS="722" WIDTH="46" HEIGHT="21" WC="0.96" CONTENT="vårt"/><SP WIDTH="11" VPOS="722" HPOS="806"/>
							<String ID="string_190" HPOS="817" VPOS="722" WIDTH="49" HEIGHT="20" WC="0.96" CONTENT="land"/><SP WIDTH="9" VPOS="722" HPOS="866"/>
							<String ID="string_191" HPOS="875" VPOS="728" WIDTH="26" HEIGHT="14" WC="0.96" CONTENT="en"/>
						</TextLine>
						<TextLine ID="line_20" HPOS="84" VPOS="750" WIDTH="817" HEIGHT="27">
							<String ID="string_192" HPOS="84" VPOS="751" WIDTH="23" HEIGHT="20" WC="0.96" CONTENT="så"/><SP WIDTH="15" VPOS="751" HPOS="107"/>
							<String ID="string_193" HPOS="122" VPOS="750" WIDTH="109" HEIGHT="21" WC="0.96" CONTENT="beskaffad"/><SP WIDTH="14" VPOS="750" HPOS="231"/>
							<String ID="string_194" HPOS="245" VPOS="751" WIDTH="35" HEIGHT="25" WC="0.96" CONTENT="lag"/><SP WIDTH="10" VPOS="751" HPOS="280"/>
							<String ID="string_195" HPOS="290" VPOS="750" WIDTH="67" HEIGHT="21" WC="0.95" CONTENT="skulle"/><SP WIDTH="11" VPOS="750" HPOS="357"/>
							<String ID="string_196" HPOS="368" VPOS="750" WIDTH="71" HEIGHT="21" WC="0.92" CONTENT="kunna"/><SP WIDTH="11" VPOS="750" HPOS="439"/>
							<String ID="string_197" HPOS="450" VPOS="757" WIDTH="104" HEIGHT="15" WC="0.90" CONTENT="emanera."/><SP WIDTH="17" VPOS="757" HPOS="554"/>
							<String ID="string_198" HPOS="571" VPOS="752" WIDTH="73" HEIGHT="20" WC="0.96" CONTENT="Denne"/><SP WIDTH="10" VPOS="752" HPOS="644"/>
							<String ID="string_199" HPOS="654" VPOS="751" WIDTH="34" HEIGHT="26" WC="0.95" CONTENT="lag"/><SP WIDTH="11" VPOS="751" HPOS="688"/>
							<String ID="string_200" HPOS="699" VPOS="753" WIDTH="23" HEIGHT="18" WC="0.96" CONTENT="är"/><SP WIDTH="10" VPOS="753" HPOS="722"/>
							<String ID="string_201" HPOS="732" VPOS="750" WIDTH="114" HEIGHT="26" WC="0.93" CONTENT="ingalunda"/><SP WIDTH="10" VPOS="750" HPOS="846"/>
							<String ID="string_202" HPOS="856" VPOS="750" WIDTH="45" HEIGHT="21" WC="0.91" CONTENT="hel-"/>
						</TextLine>
						<TextLine ID="line_21" HPOS="84" VPOS="778" WIDTH="817" HEIGHT="28">
							<String ID="string_203" HPOS="84" VPOS="780" WIDTH="31" HEIGHT="20" WC="0.96" CONTENT="ler"/><SP WIDTH="16" VPOS="780" HPOS="115"/>
							<String ID="string_204" HPOS="131" VPOS="778" WIDTH="31" HEIGHT="22" WC="0.96" CONTENT="till"/><SP WIDTH="9" VPOS="778" HPOS="162"/>
							<String ID="string_205" HPOS="171" VPOS="779" WIDTH="66" HEIGHT="21" WC="0.95" CONTENT="skada"/><SP WIDTH="8" VPOS="779" HPOS="237"/>
							<String ID="string_206" HPOS="245" VPOS="780" WIDTH="32" HEIGHT="20" WC="0.93" CONTENT="för"/><SP WIDTH="11" VPOS="780" HPOS="277"/>
							<String ID="string_207" HPOS="288" VPOS="779" WIDTH="141" HEIGHT="27" WC="0.92" CONTENT="hundslägtet,"/><SP WIDTH="15" VPOS="779" HPOS="429"/>
							<String ID="string_208" HPOS="444" VPOS="782" WIDTH="55" HEIGHT="23" WC="0.96" CONTENT="utan,"/><SP WIDTH="12" VPOS="782" HPOS="499"/>
							<String ID="string_209" HPOS="511" VPOS="780" WIDTH="26" HEIGHT="26" WC="0.96" CONTENT="på"/><SP WIDTH="12" VPOS="780" HPOS="537"/>
							<String ID="string_210" HPOS="549" VPOS="781" WIDTH="43" HEIGHT="19" WC="0.96" CONTENT="sätt"/><SP WIDTH="9" VPOS="781" HPOS="592"/>
							<String ID="string_211" HPOS="601" VPOS="781" WIDTH="86" HEIGHT="25" WC="0.95" CONTENT="prosten"/><SP WIDTH="12" VPOS="781" HPOS="687"/>
							<String ID="string_212" HPOS="699" VPOS="780" WIDTH="122" HEIGHT="25" WC="0.95" CONTENT="Rosengren"/><SP WIDTH="12" VPOS="780" HPOS="821"/>
							<String ID="string_213" HPOS="833" VPOS="779" WIDTH="68" HEIGHT="21" WC="0.96" CONTENT="redan"/>
						</TextLine>
						<TextLine ID="line_22" HPOS="83" VPOS="807" WIDTH="818" HEIGHT="27">
							<String ID="string_214" HPOS="83" VPOS="807" WIDTH="123" HEIGHT="25" WC="0.48" CONTENT="framhållit,"/><SP WIDTH="16" VPOS="807" HPOS="206"/>
							<String ID="string_215" HPOS="222" VPOS="809" WIDTH="30" HEIGHT="19" WC="0.96" CONTENT="ett"/><SP WIDTH="15" VPOS="809" HPOS="252"/>
							<String ID="string_216" HPOS="267" VPOS="808" WIDTH="69" HEIGHT="21" WC="0.96" CONTENT="medel"/><SP WIDTH="16" VPOS="808" HPOS="336"/>
							<String ID="string_217" HPOS="352" VPOS="808" WIDTH="30" HEIGHT="20" WC="0.93" CONTENT="till"/><SP WIDTH="17" VPOS="808" HPOS="382"/>
							<String ID="string_218" HPOS="399" VPOS="808" WIDTH="119" HEIGHT="21" WC="0.91" CONTENT="bundarnes"/><SP WIDTH="15" VPOS="808" HPOS="518"/>
							<String ID="string_219" HPOS="533" VPOS="808" WIDTH="167" HEIGHT="26" WC="0.93" CONTENT="medborgerliga"/><SP WIDTH="15" VPOS="808" HPOS="700"/>
							<String ID="string_220" HPOS="715" VPOS="807" WIDTH="134" HEIGHT="27" WC="0.92" CONTENT="upphöjande"/><SP WIDTH="12" VPOS="807" HPOS="849"/>
							<String ID="string_221" HPOS="861" VPOS="807" WIDTH="40" HEIGHT="21" WC="0.97" CONTENT="och"/>
						</TextLine>
						<TextLine ID="line_23" HPOS="83" VPOS="836" WIDTH="818" HEIGHT="26">
							<String ID="string_222" HPOS="83" VPOS="836" WIDTH="32" HEIGHT="21" WC="0.96" CONTENT="till"/><SP WIDTH="16" VPOS="836" HPOS="115"/>
							<String ID="string_223" HPOS="131" VPOS="836" WIDTH="128" HEIGHT="26" WC="0.96" CONTENT="förbättring"/><SP WIDTH="15" VPOS="836" HPOS="259"/>
							<String ID="string_224" HPOS="274" VPOS="837" WIDTH="23" HEIGHT="20" WC="0.96" CONTENT="af"/><SP WIDTH="14" VPOS="837" HPOS="297"/>
							<String ID="string_225" HPOS="311" VPOS="837" WIDTH="61" HEIGHT="20" WC="0.96" CONTENT="deras"/><SP WIDTH="14" VPOS="837" HPOS="372"/>
							<String ID="string_226" HPOS="386" VPOS="838" WIDTH="55" HEIGHT="24" WC="0.96" CONTENT="yttre"/><SP WIDTH="17" VPOS="838" HPOS="441"/>
							<String ID="string_227" HPOS="458" VPOS="836" WIDTH="48" HEIGHT="22" WC="0.96" CONTENT="kost"/><SP WIDTH="15" VPOS="836" HPOS="506"/>
							<String ID="string_228" HPOS="521" VPOS="837" WIDTH="38" HEIGHT="21" WC="0.93" CONTENT="och"/><SP WIDTH="17" VPOS="837" HPOS="559"/>
							<String ID="string_229" HPOS="576" VPOS="836" WIDTH="156" HEIGHT="21" WC="0.91" CONTENT="lefnadsvilkor."/><SP WIDTH="17" VPOS="836" HPOS="732"/>
							<String ID="string_230" HPOS="749" VPOS="848" WIDTH="26" HEIGHT="3" WC="0.83" CONTENT="—"/><SP WIDTH="17" VPOS="848" HPOS="775"/>
							<String ID="string_231" HPOS="792" VPOS="836" WIDTH="60" HEIGHT="21" WC="0.96" CONTENT="Hvad"/><SP WIDTH="15" VPOS="836" HPOS="852"/>
							<String ID="string_232" HPOS="867" VPOS="836" WIDTH="34" HEIGHT="21" WC="0.96" CONTENT="för"/>
						</TextLine>
						<TextLine ID="line_24" HPOS="85" VPOS="865" WIDTH="815" HEIGHT="27">
							<String ID="string_233" HPOS="85" VPOS="865" WIDTH="62" HEIGHT="25" WC="0.94" CONTENT="öfrigt"/><SP WIDTH="24" VPOS="865" HPOS="147"/>
							<String ID="string_234" HPOS="171" VPOS="865" WIDTH="121" HEIGHT="21" WC="0.96" CONTENT="ändamålet"/><SP WIDTH="15" VPOS="865" HPOS="292"/>
							<String ID="string_235" HPOS="307" VPOS="865" WIDTH="48" HEIGHT="21" WC="0.95" CONTENT="med"/><SP WIDTH="16" VPOS="865" HPOS="355"/>
							<String ID="string_236" HPOS="371" VPOS="865" WIDTH="151" HEIGHT="27" WC="0.93" CONTENT="författningen"/><SP WIDTH="15" VPOS="865" HPOS="522"/>
							<String ID="string_237" HPOS="537" VPOS="866" WIDTH="136" HEIGHT="24" WC="0.90" CONTENT="vidkommer,"/><SP WIDTH="17" VPOS="866" HPOS="673"/>
							<String ID="string_238" HPOS="690" VPOS="867" WIDTH="23" HEIGHT="19" WC="0.96" CONTENT="är"/><SP WIDTH="17" VPOS="867" HPOS="713"/>
							<String ID="string_239" HPOS="730" VPOS="866" WIDTH="35" HEIGHT="20" WC="0.96" CONTENT="det"/><SP WIDTH="15" VPOS="866" HPOS="765"/>
							<String ID="string_240" HPOS="780" VPOS="865" WIDTH="120" HEIGHT="25" WC="0.96" CONTENT="visserligen"/>
						</TextLine>
						<TextLine ID="line_25" HPOS="84" VPOS="893" WIDTH="816" HEIGHT="27">
							<String ID="string_241" HPOS="84" VPOS="893" WIDTH="121" HEIGHT="20" WC="0.89" CONTENT="framhållet"/><SP WIDTH="19" VPOS="893" HPOS="205"/>
							<String ID="string_242" HPOS="224" VPOS="894" WIDTH="54" HEIGHT="19" WC="0.96" CONTENT="både"/><SP WIDTH="16" VPOS="894" HPOS="278"/>
							<String ID="string_243" HPOS="294" VPOS="894" WIDTH="7" HEIGHT="19" WC="0.96" CONTENT="i"/><SP WIDTH="17" VPOS="894" HPOS="301"/>
							<String ID="string_244" HPOS="318" VPOS="894" WIDTH="38" HEIGHT="20" WC="0.96" CONTENT="den"/><SP WIDTH="17" VPOS="894" HPOS="356"/>
							<String ID="string_245" HPOS="373" VPOS="893" WIDTH="112" HEIGHT="27" WC="0.96" CONTENT="kejserliga"/><SP WIDTH="15" VPOS="893" HPOS="485"/>
							<String ID="string_246" HPOS="500" VPOS="894" WIDTH="157" HEIGHT="26" WC="0.96" CONTENT="propositionen"/><SP WIDTH="17" VPOS="894" HPOS="657"/>
							<String ID="string_247" HPOS="674" VPOS="894" WIDTH="38" HEIGHT="20" WC="0.96" CONTENT="och"/><SP WIDTH="16" VPOS="894" HPOS="712"/>
							<String ID="string_248" HPOS="728" VPOS="894" WIDTH="6" HEIGHT="19" WC="0.96" CONTENT="i"/><SP WIDTH="16" VPOS="894" HPOS="734"/>
							<String ID="string_249" HPOS="750" VPOS="893" WIDTH="150" HEIGHT="25" WC="0.96" CONTENT="betänkandet,"/>
						</TextLine>
						<TextLine ID="line_26" HPOS="83" VPOS="921" WIDTH="818" HEIGHT="26">
							<String ID="string_250" HPOS="83" VPOS="924" WIDTH="33" HEIGHT="18" WC="0.95" CONTENT="att"/><SP WIDTH="23" VPOS="924" HPOS="116"/>
							<String ID="string_251" HPOS="139" VPOS="922" WIDTH="58" HEIGHT="20" WC="0.95" CONTENT="detta"/><SP WIDTH="22" VPOS="922" HPOS="197"/>
							<String ID="string_252" HPOS="219" VPOS="921" WIDTH="175" HEIGHT="26" WC="0.96" CONTENT="hufvudsakligen"/><SP WIDTH="16" VPOS="921" HPOS="394"/>
							<String ID="string_253" HPOS="410" VPOS="927" WIDTH="50" HEIGHT="15" WC="0.96" CONTENT="vore"/><SP WIDTH="16" VPOS="927" HPOS="460"/>
							<String ID="string_254" HPOS="476" VPOS="922" WIDTH="35" HEIGHT="21" WC="0.96" CONTENT="det"/><SP WIDTH="15" VPOS="922" HPOS="511"/>
							<String ID="string_255" HPOS="526" VPOS="923" WIDTH="100" HEIGHT="20" WC="0.95" CONTENT="sanitära."/><SP WIDTH="30" VPOS="923" HPOS="626"/>
							<String ID="string_256" HPOS="656" VPOS="921" WIDTH="100" HEIGHT="21" WC="0.96" CONTENT="Faktiskt"/><SP WIDTH="15" VPOS="921" HPOS="756"/>
							<String ID="string_257" HPOS="771" VPOS="921" WIDTH="60" HEIGHT="21" WC="0.95" CONTENT="torde"/><SP WIDTH="16" VPOS="921" HPOS="831"/>
							<String ID="string_258" HPOS="847" VPOS="921" WIDTH="54" HEIGHT="21" WC="0.96" CONTENT="dock"/>
						</TextLine>
						<TextLine ID="line_27" HPOS="83" VPOS="949" WIDTH="817" HEIGHT="28">
							<String ID="string_259" HPOS="83" VPOS="950" WIDTH="67" HEIGHT="21" WC="0.96" CONTENT="saken"/><SP WIDTH="22" VPOS="950" HPOS="150"/>
							<String ID="string_260" HPOS="172" VPOS="950" WIDTH="84" HEIGHT="21" WC="0.96" CONTENT="komma"/><SP WIDTH="22" VPOS="950" HPOS="256"/>
							<String ID="string_261" HPOS="278" VPOS="953" WIDTH="31" HEIGHT="18" WC="0.95" CONTENT="att"/><SP WIDTH="22" VPOS="953" HPOS="309"/>
							<String ID="string_262" HPOS="331" VPOS="950" WIDTH="92" HEIGHT="27" WC="0.96" CONTENT="gestalta"/><SP WIDTH="20" VPOS="950" HPOS="423"/>
							<String ID="string_263" HPOS="443" VPOS="951" WIDTH="31" HEIGHT="26" WC="0.96" CONTENT="sig"/><SP WIDTH="20" VPOS="951" HPOS="474"/>
							<String ID="string_264" HPOS="494" VPOS="951" WIDTH="29" HEIGHT="26" WC="0.96" CONTENT="så,"/><SP WIDTH="15" VPOS="951" HPOS="523"/>
							<String ID="string_265" HPOS="538" VPOS="953" WIDTH="32" HEIGHT="18" WC="0.96" CONTENT="att"/><SP WIDTH="15" VPOS="953" HPOS="570"/>
							<String ID="string_266" HPOS="585" VPOS="950" WIDTH="118" HEIGHT="21" WC="0.96" CONTENT="inkomsten"/><SP WIDTH="16" VPOS="950" HPOS="703"/>
							<String ID="string_267" HPOS="719" VPOS="949" WIDTH="41" HEIGHT="22" WC="0.92" CONTENT="blir"/><SP WIDTH="15" VPOS="949" HPOS="760"/>
							<String ID="string_268" HPOS="775" VPOS="949" WIDTH="125" HEIGHT="21" WC="0.92" CONTENT="hufvudsak."/>
						</TextLine>
						<TextLine ID="line_28" HPOS="83" VPOS="978" WIDTH="818" HEIGHT="27">
							<String ID="string_269" HPOS="83" VPOS="978" WIDTH="31" HEIGHT="26" WC="0.96" CONTENT="Ty"/><SP WIDTH="23" VPOS="978" HPOS="114"/>
							<String ID="string_270" HPOS="137" VPOS="979" WIDTH="35" HEIGHT="20" WC="0.93" CONTENT="det"/><SP WIDTH="22" VPOS="979" HPOS="172"/>
							<String ID="string_271" HPOS="194" VPOS="979" WIDTH="138" HEIGHT="20" WC="0.70" CONTENT="användande"/><SP WIDTH="16" VPOS="979" HPOS="332"/>
							<String ID="string_272" HPOS="348" VPOS="979" WIDTH="23" HEIGHT="20" WC="0.93" CONTENT="af"/><SP WIDTH="13" VPOS="979" HPOS="371"/>
							<String ID="string_273" HPOS="384" VPOS="979" WIDTH="149" HEIGHT="26" WC="0.90" CONTENT="penningarna,"/><SP WIDTH="17" VPOS="979" HPOS="533"/>
							<String ID="string_274" HPOS="550" VPOS="985" WIDTH="44" HEIGHT="15" WC="0.96" CONTENT="som"/><SP WIDTH="17" VPOS="985" HPOS="594"/>
							<String ID="string_275" HPOS="611" VPOS="979" WIDTH="5" HEIGHT="20" WC="0.96" CONTENT="i"/><SP WIDTH="16" VPOS="979" HPOS="616"/>
							<String ID="string_276" HPOS="632" VPOS="979" WIDTH="159" HEIGHT="26" WC="0.95" CONTENT="propositionen"/><SP WIDTH="16" VPOS="979" HPOS="791"/>
							<String ID="string_277" HPOS="807" VPOS="978" WIDTH="94" HEIGHT="25" WC="0.95" CONTENT="föreslås,"/>
						</TextLine>
						<TextLine ID="line_29" HPOS="83" VPOS="1007" WIDTH="818" HEIGHT="27">
							<String ID="string_278" HPOS="83" VPOS="1007" WIDTH="95" HEIGHT="21" WC="0.95" CONTENT="kommer"/><SP WIDTH="15" VPOS="1007" HPOS="178"/>
							<String ID="string_279" HPOS="193" VPOS="1007" WIDTH="34" HEIGHT="20" WC="0.96" CONTENT="väl"/><SP WIDTH="15" VPOS="1007" HPOS="227"/>
							<String ID="string_280" HPOS="242" VPOS="1008" WIDTH="66" HEIGHT="20" WC="0.96" CONTENT="sällan"/><SP WIDTH="16" VPOS="1008" HPOS="308"/>
							<String ID="string_281" HPOS="324" VPOS="1007" WIDTH="52" HEIGHT="21" WC="0.95" CONTENT="eller"/><SP WIDTH="13" VPOS="1007" HPOS="376"/>
							<String ID="string_282" HPOS="389" VPOS="1007" WIDTH="68" HEIGHT="26" WC="0.96" CONTENT="aldrig"/><SP WIDTH="14" VPOS="1007" HPOS="457"/>
							<String ID="string_283" HPOS="471" VPOS="1008" WIDTH="6" HEIGHT="20" WC="0.96" CONTENT="i"/><SP WIDTH="16" VPOS="1008" HPOS="477"/>
							<String ID="string_284" HPOS="493" VPOS="1007" WIDTH="59" HEIGHT="27" WC="0.96" CONTENT="fråga"/><SP WIDTH="15" VPOS="1007" HPOS="552"/>
							<String ID="string_285" HPOS="567" VPOS="1008" WIDTH="5" HEIGHT="20" WC="0.96" CONTENT="i"/><SP WIDTH="17" VPOS="1008" HPOS="572"/>
							<String ID="string_286" HPOS="589" VPOS="1008" WIDTH="25" HEIGHT="21" WC="0.96" CONTENT="de"/><SP WIDTH="15" VPOS="1008" HPOS="614"/>
							<String ID="string_287" HPOS="629" VPOS="1007" WIDTH="61" HEIGHT="21" WC="0.96" CONTENT="flesta"/><SP WIDTH="15" VPOS="1007" HPOS="690"/>
							<String ID="string_288" HPOS="705" VPOS="1007" WIDTH="130" HEIGHT="20" WC="0.95" CONTENT="kommuner."/><SP WIDTH="17" VPOS="1007" HPOS="835"/>
							<String ID="string_289" HPOS="852" VPOS="1007" WIDTH="49" HEIGHT="20" WC="0.96" CONTENT="Men"/>
						</TextLine>
						<TextLine ID="line_30" HPOS="82" VPOS="1035" WIDTH="818" HEIGHT="28">
							<String ID="string_290" HPOS="82" VPOS="1035" WIDTH="61" HEIGHT="22" WC="0.96" CONTENT="äfven"/><SP WIDTH="16" VPOS="1035" HPOS="143"/>
							<String ID="string_291" HPOS="159" VPOS="1035" WIDTH="46" HEIGHT="21" WC="0.96" CONTENT="från"/><SP WIDTH="11" VPOS="1035" HPOS="205"/>
							<String ID="string_292" HPOS="216" VPOS="1036" WIDTH="39" HEIGHT="21" WC="0.96" CONTENT="den"/><SP WIDTH="13" VPOS="1036" HPOS="255"/>
							<String ID="string_293" HPOS="268" VPOS="1036" WIDTH="133" HEIGHT="26" WC="0.96" CONTENT="synpunkten"/><SP WIDTH="11" VPOS="1036" HPOS="401"/>
							<String ID="string_294" HPOS="412" VPOS="1036" WIDTH="66" HEIGHT="26" WC="0.96" CONTENT="ligger"/><SP WIDTH="11" VPOS="1036" HPOS="478"/>
							<String ID="string_295" HPOS="489" VPOS="1037" WIDTH="36" HEIGHT="20" WC="0.96" CONTENT="det"/><SP WIDTH="10" VPOS="1037" HPOS="525"/>
							<String ID="string_296" HPOS="535" VPOS="1037" WIDTH="34" HEIGHT="20" WC="0.96" CONTENT="väl"/><SP WIDTH="11" VPOS="1037" HPOS="569"/>
							<String ID="string_297" HPOS="580" VPOS="1038" WIDTH="18" HEIGHT="25" WC="0.96" CONTENT="ej"/><SP WIDTH="11" VPOS="1038" HPOS="598"/>
							<String ID="string_298" HPOS="609" VPOS="1036" WIDTH="64" HEIGHT="25" WC="0.93" CONTENT="något"/><SP WIDTH="11" VPOS="1036" HPOS="673"/>
							<String ID="string_299" HPOS="684" VPOS="1036" WIDTH="51" HEIGHT="20" WC="0.89" CONTENT="oudt"/><SP WIDTH="12" VPOS="1036" HPOS="735"/>
							<String ID="string_300" HPOS="747" VPOS="1035" WIDTH="7" HEIGHT="20" WC="0.96" CONTENT="i"/><SP WIDTH="10" VPOS="1035" HPOS="754"/>
							<String ID="string_301" HPOS="764" VPOS="1038" WIDTH="32" HEIGHT="18" WC="0.93" CONTENT="att"/><SP WIDTH="10" VPOS="1038" HPOS="796"/>
							<String ID="string_302" HPOS="806" VPOS="1035" WIDTH="94" HEIGHT="21" WC="0.92" CONTENT="kommu-"/>
						</TextLine>
						<TextLine ID="line_31" HPOS="83" VPOS="1064" WIDTH="818" HEIGHT="27">
							<String ID="string_303" HPOS="83" VPOS="1071" WIDTH="62" HEIGHT="14" WC="0.90" CONTENT="nerne"/><SP WIDTH="17" VPOS="1071" HPOS="145"/>
							<String ID="string_304" HPOS="162" VPOS="1064" WIDTH="60" HEIGHT="21" WC="0.96" CONTENT="äfven"/><SP WIDTH="16" VPOS="1064" HPOS="222"/>
							<String ID="string_305" HPOS="238" VPOS="1064" WIDTH="81" HEIGHT="21" WC="0.96" CONTENT="erhålla"/><SP WIDTH="15" VPOS="1064" HPOS="319"/>
							<String ID="string_306" HPOS="334" VPOS="1064" WIDTH="67" HEIGHT="27" WC="0.93" CONTENT="några"/><SP WIDTH="15" VPOS="1064" HPOS="401"/>
							<String ID="string_307" HPOS="416" VPOS="1065" WIDTH="191" HEIGHT="21" WC="0.90" CONTENT="extra-inkomster."/><SP WIDTH="16" VPOS="1065" HPOS="607"/>
							<String ID="string_308" HPOS="623" VPOS="1076" WIDTH="26" HEIGHT="3" WC="0.91" CONTENT="—"/><SP WIDTH="16" VPOS="1076" HPOS="649"/>
							<String ID="string_309" HPOS="665" VPOS="1064" WIDTH="169" HEIGHT="21" WC="0.90" CONTENT="Vidkommande"/><SP WIDTH="15" VPOS="1064" HPOS="834"/>
							<String ID="string_310" HPOS="849" VPOS="1064" WIDTH="52" HEIGHT="25" WC="0.90" CONTENT="ålig-"/>
						</TextLine>
						<TextLine ID="line_32" HPOS="81" VPOS="1093" WIDTH="819" HEIGHT="26">
							<String ID="string_311" HPOS="81" VPOS="1093" WIDTH="79" HEIGHT="26" WC="0.89" CONTENT="gandet"/><SP WIDTH="23" VPOS="1093" HPOS="160"/>
							<String ID="string_312" HPOS="183" VPOS="1095" WIDTH="31" HEIGHT="18" WC="0.94" CONTENT="att"/><SP WIDTH="22" VPOS="1095" HPOS="214"/>
							<String ID="string_313" HPOS="236" VPOS="1093" WIDTH="45" HEIGHT="20" WC="0.96" CONTENT="föra"/><SP WIDTH="22" VPOS="1093" HPOS="281"/>
							<String ID="string_314" HPOS="303" VPOS="1093" WIDTH="133" HEIGHT="26" WC="0.96" CONTENT="förteckning"/><SP WIDTH="24" VPOS="1093" HPOS="436"/>
							<String ID="string_315" HPOS="460" VPOS="1093" WIDTH="57" HEIGHT="21" WC="0.93" CONTENT="öfver"/><SP WIDTH="22" VPOS="1093" HPOS="517"/>
							<String ID="string_316" HPOS="539" VPOS="1093" WIDTH="108" HEIGHT="21" WC="0.91" CONTENT="hundarne"/><SP WIDTH="17" VPOS="1093" HPOS="647"/>
							<String ID="string_317" HPOS="664" VPOS="1093" WIDTH="38" HEIGHT="20" WC="0.96" CONTENT="och"/><SP WIDTH="16" VPOS="1093" HPOS="702"/>
							<String ID="string_318" HPOS="718" VPOS="1093" WIDTH="57" HEIGHT="20" WC="0.96" CONTENT="förse"/><SP WIDTH="16" VPOS="1093" HPOS="775"/>
							<String ID="string_319" HPOS="791" VPOS="1093" WIDTH="46" HEIGHT="20" WC="0.96" CONTENT="dem"/><SP WIDTH="16" VPOS="1093" HPOS="837"/>
							<String ID="string_320" HPOS="853" VPOS="1093" WIDTH="47" HEIGHT="19" WC="0.96" CONTENT="med"/>
						</TextLine>
						<TextLine ID="line_33" HPOS="82" VPOS="1121" WIDTH="819" HEIGHT="27">
							<String ID="string_321" HPOS="82" VPOS="1121" WIDTH="78" HEIGHT="27" WC="0.96" CONTENT="nödiga"/><SP WIDTH="23" VPOS="1121" HPOS="160"/>
							<String ID="string_322" HPOS="183" VPOS="1122" WIDTH="92" HEIGHT="24" WC="0.96" CONTENT="märken,"/><SP WIDTH="22" VPOS="1122" HPOS="275"/>
							<String ID="string_323" HPOS="297" VPOS="1128" WIDTH="61" HEIGHT="15" WC="0.96" CONTENT="anser"/><SP WIDTH="14" VPOS="1128" HPOS="358"/>
							<String ID="string_324" HPOS="372" VPOS="1121" WIDTH="41" HEIGHT="27" WC="0.95" CONTENT="jag,"/><SP WIDTH="16" VPOS="1121" HPOS="413"/>
							<String ID="string_325" HPOS="429" VPOS="1123" WIDTH="6" HEIGHT="20" WC="0.96" CONTENT="i"/><SP WIDTH="16" VPOS="1123" HPOS="435"/>
							<String ID="string_326" HPOS="451" VPOS="1122" WIDTH="67" HEIGHT="21" WC="0.96" CONTENT="likhet"/><SP WIDTH="15" VPOS="1122" HPOS="518"/>
							<String ID="string_327" HPOS="533" VPOS="1122" WIDTH="47" HEIGHT="21" WC="0.96" CONTENT="med"/><SP WIDTH="16" VPOS="1122" HPOS="580"/>
							<String ID="string_328" HPOS="596" VPOS="1121" WIDTH="106" HEIGHT="27" WC="0.96" CONTENT="professor"/><SP WIDTH="14" VPOS="1121" HPOS="702"/>
							<String ID="string_329" HPOS="716" VPOS="1121" WIDTH="108" HEIGHT="26" WC="0.96" CONTENT="Forsman,"/><SP WIDTH="19" VPOS="1121" HPOS="824"/>
							<String ID="string_330" HPOS="843" VPOS="1121" WIDTH="58" HEIGHT="20" WC="0.96" CONTENT="detta"/>
						</TextLine>
						<TextLine ID="line_34" HPOS="82" VPOS="1149" WIDTH="819" HEIGHT="28">
							<String ID="string_331" HPOS="82" VPOS="1156" WIDTH="51" HEIGHT="15" WC="0.93" CONTENT="vara"/><SP WIDTH="22" VPOS="1156" HPOS="133"/>
							<String ID="string_332" HPOS="155" VPOS="1150" WIDTH="173" HEIGHT="27" WC="0.92" CONTENT="kronobetjentes"/><SP WIDTH="22" VPOS="1150" HPOS="328"/>
							<String ID="string_333" HPOS="350" VPOS="1151" WIDTH="44" HEIGHT="20" WC="0.93" CONTENT="sak."/><SP WIDTH="38" VPOS="1151" HPOS="394"/>
							<String ID="string_334" HPOS="432" VPOS="1151" WIDTH="124" HEIGHT="26" WC="0.89" CONTENT="Isynnerhet"/><SP WIDTH="23" VPOS="1151" HPOS="556"/>
							<String ID="string_335" HPOS="579" VPOS="1157" WIDTH="32" HEIGHT="14" WC="0.96" CONTENT="om"/><SP WIDTH="21" VPOS="1157" HPOS="611"/>
							<String ID="string_336" HPOS="632" VPOS="1150" WIDTH="66" HEIGHT="20" WC="0.96" CONTENT="saken"/><SP WIDTH="23" VPOS="1150" HPOS="698"/>
							<String ID="string_337" HPOS="721" VPOS="1150" WIDTH="111" HEIGHT="21" WC="0.96" CONTENT="betraktas"/><SP WIDTH="23" VPOS="1150" HPOS="832"/>
							<String ID="string_338" HPOS="855" VPOS="1149" WIDTH="46" HEIGHT="21" WC="0.95" CONTENT="från"/>
						</TextLine>
						<TextLine ID="line_35" HPOS="83" VPOS="1178" WIDTH="818" HEIGHT="27">
							<String ID="string_339" HPOS="83" VPOS="1179" WIDTH="80" HEIGHT="20" WC="0.91" CONTENT="sanitär"/><SP WIDTH="16" VPOS="1179" HPOS="163"/>
							<String ID="string_340" HPOS="179" VPOS="1179" WIDTH="105" HEIGHT="26" WC="0.96" CONTENT="synpunkt"/><SP WIDTH="16" VPOS="1179" HPOS="284"/>
							<String ID="string_341" HPOS="300" VPOS="1182" WIDTH="48" HEIGHT="17" WC="0.95" CONTENT="veta"/><SP WIDTH="15" VPOS="1182" HPOS="348"/>
							<String ID="string_342" HPOS="363" VPOS="1179" WIDTH="26" HEIGHT="25" WC="0.95" CONTENT="vi,"/><SP WIDTH="17" VPOS="1179" HPOS="389"/>
							<String ID="string_343" HPOS="406" VPOS="1181" WIDTH="31" HEIGHT="18" WC="0.96" CONTENT="att"/><SP WIDTH="15" VPOS="1181" HPOS="437"/>
							<String ID="string_344" HPOS="452" VPOS="1179" WIDTH="37" HEIGHT="21" WC="0.96" CONTENT="vår"/><SP WIDTH="15" VPOS="1179" HPOS="489"/>
							<String ID="string_345" HPOS="504" VPOS="1186" WIDTH="28" HEIGHT="14" WC="0.96" CONTENT="nu"/><SP WIDTH="16" VPOS="1186" HPOS="532"/>
							<String ID="string_346" HPOS="548" VPOS="1179" WIDTH="108" HEIGHT="26" WC="0.96" CONTENT="befintliga"/><SP WIDTH="15" VPOS="1179" HPOS="656"/>
							<String ID="string_347" HPOS="671" VPOS="1178" WIDTH="54" HEIGHT="26" WC="0.95" CONTENT="polis"/><SP WIDTH="16" VPOS="1178" HPOS="725"/>
							<String ID="string_348" HPOS="741" VPOS="1178" WIDTH="27" HEIGHT="27" WC="0.96" CONTENT="på"/><SP WIDTH="11" VPOS="1178" HPOS="768"/>
							<String ID="string_349" HPOS="779" VPOS="1179" WIDTH="72" HEIGHT="20" WC="0.93" CONTENT="landet"/><SP WIDTH="9" VPOS="1179" HPOS="851"/>
							<String ID="string_350" HPOS="860" VPOS="1178" WIDTH="41" HEIGHT="21" WC="0.92" CONTENT="för-"/>
						</TextLine>
						<TextLine ID="line_36" HPOS="83" VPOS="1207" WIDTH="819" HEIGHT="27">
							<String ID="string_351" HPOS="83" VPOS="1207" WIDTH="168" HEIGHT="27" WC="0.89" CONTENT="fattningsenligt"/><SP WIDTH="15" VPOS="1207" HPOS="251"/>
							<String ID="string_352" HPOS="266" VPOS="1207" WIDTH="61" HEIGHT="21" WC="0.96" CONTENT="äfven"/><SP WIDTH="15" VPOS="1207" HPOS="327"/>
							<String ID="string_353" HPOS="342" VPOS="1208" WIDTH="62" HEIGHT="25" WC="0.93" CONTENT="utgör"/><SP WIDTH="16" VPOS="1208" HPOS="404"/>
							<String ID="string_354" HPOS="420" VPOS="1207" WIDTH="112" HEIGHT="27" WC="0.91" CONTENT="helsopolis"/><SP WIDTH="16" VPOS="1207" HPOS="532"/>
							<String ID="string_355" HPOS="548" VPOS="1207" WIDTH="144" HEIGHT="21" WC="0.91" CONTENT="hvarförutom"/><SP WIDTH="16" VPOS="1207" HPOS="692"/>
							<String ID="string_356" HPOS="708" VPOS="1207" WIDTH="102" HEIGHT="20" WC="0.96" CONTENT="särskildt"/><SP WIDTH="14" VPOS="1207" HPOS="810"/>
							<String ID="string_357" HPOS="824" VPOS="1207" WIDTH="8" HEIGHT="19" WC="0.96" CONTENT="i"/><SP WIDTH="9" VPOS="1207" HPOS="832"/>
							<String ID="string_358" HPOS="841" VPOS="1207" WIDTH="61" HEIGHT="25" WC="0.96" CONTENT="fråga"/>
						</TextLine>
						<TextLine ID="line_37" HPOS="83" VPOS="1234" WIDTH="819" HEIGHT="28">
							<String ID="string_359" HPOS="83" VPOS="1236" WIDTH="93" HEIGHT="20" WC="0.93" CONTENT="varande"/><SP WIDTH="21" VPOS="1236" HPOS="176"/>
							<String ID="string_360" HPOS="197" VPOS="1236" WIDTH="110" HEIGHT="26" WC="0.91" CONTENT="åliggande"/><SP WIDTH="23" VPOS="1236" HPOS="307"/>
							<String ID="string_361" HPOS="330" VPOS="1242" WIDTH="60" HEIGHT="20" WC="0.96" CONTENT="synes"/><SP WIDTH="24" VPOS="1242" HPOS="390"/>
							<String ID="string_362" HPOS="414" VPOS="1236" WIDTH="41" HEIGHT="26" WC="0.96" CONTENT="mig"/><SP WIDTH="25" VPOS="1236" HPOS="455"/>
							<String ID="string_363" HPOS="480" VPOS="1236" WIDTH="33" HEIGHT="21" WC="0.93" CONTENT="stå"/><SP WIDTH="14" VPOS="1236" HPOS="513"/>
							<String ID="string_364" HPOS="527" VPOS="1235" WIDTH="276" HEIGHT="27" WC="0.91" CONTENT="skallfogde-befattningen"/><SP WIDTH="15" VPOS="1235" HPOS="803"/>
							<String ID="string_365" HPOS="818" VPOS="1234" WIDTH="84" HEIGHT="27" WC="0.96" CONTENT="mycket"/>
						</TextLine>
						<TextLine ID="line_38" HPOS="83" VPOS="1263" WIDTH="819" HEIGHT="28">
							<String ID="string_366" HPOS="83" VPOS="1266" WIDTH="58" HEIGHT="19" WC="0.94" CONTENT="nära."/><SP WIDTH="31" VPOS="1266" HPOS="141"/>
							<String ID="string_367" HPOS="172" VPOS="1264" WIDTH="42" HEIGHT="21" WC="0.94" CONTENT="För"/><SP WIDTH="15" VPOS="1264" HPOS="214"/>
							<String ID="string_368" HPOS="229" VPOS="1265" WIDTH="42" HEIGHT="20" WC="0.96" CONTENT="min"/><SP WIDTH="16" VPOS="1265" HPOS="271"/>
							<String ID="string_369" HPOS="287" VPOS="1264" WIDTH="33" HEIGHT="21" WC="0.96" CONTENT="del"/><SP WIDTH="17" VPOS="1264" HPOS="320"/>
							<String ID="string_370" HPOS="337" VPOS="1264" WIDTH="47" HEIGHT="22" WC="0.96" CONTENT="ville"/><SP WIDTH="14" VPOS="1264" HPOS="384"/>
							<String ID="string_371" HPOS="398" VPOS="1264" WIDTH="36" HEIGHT="26" WC="0.96" CONTENT="jag"/><SP WIDTH="16" VPOS="1264" HPOS="434"/>
							<String ID="string_372" HPOS="450" VPOS="1264" WIDTH="31" HEIGHT="21" WC="0.96" CONTENT="till"/><SP WIDTH="16" VPOS="1264" HPOS="481"/>
							<String ID="string_373" HPOS="497" VPOS="1264" WIDTH="154" HEIGHT="27" WC="0.96" CONTENT="godkännande"/><SP WIDTH="10" VPOS="1264" HPOS="651"/>
							<String ID="string_374" HPOS="661" VPOS="1264" WIDTH="87" HEIGHT="20" WC="0.96" CONTENT="förorda"/><SP WIDTH="10" VPOS="1264" HPOS="748"/>
							<String ID="string_375" HPOS="758" VPOS="1263" WIDTH="144" HEIGHT="21" WC="0.96" CONTENT="betänkandet"/>
						</TextLine>
						<TextLine ID="line_39" HPOS="83" VPOS="1291" WIDTH="819" HEIGHT="27">
							<String ID="string_376" HPOS="83" VPOS="1292" WIDTH="7" HEIGHT="20" WC="0.95" CONTENT="i"/><SP WIDTH="23" VPOS="1292" HPOS="90"/>
							<String ID="string_377" HPOS="113" VPOS="1293" WIDTH="42" HEIGHT="20" WC="0.95" CONTENT="alla"/><SP WIDTH="23" VPOS="1293" HPOS="155"/>
							<String ID="string_378" HPOS="178" VPOS="1292" WIDTH="47" HEIGHT="22" WC="0.96" CONTENT="dess"/><SP WIDTH="21" VPOS="1292" HPOS="225"/>
							<String ID="string_379" HPOS="246" VPOS="1293" WIDTH="60" HEIGHT="21" WC="0.96" CONTENT="delar"/><SP WIDTH="22" VPOS="1293" HPOS="306"/>
							<String ID="string_380" HPOS="328" VPOS="1293" WIDTH="40" HEIGHT="21" WC="0.95" CONTENT="och"/><SP WIDTH="23" VPOS="1293" HPOS="368"/>
							<String ID="string_381" HPOS="391" VPOS="1293" WIDTH="100" HEIGHT="21" WC="0.95" CONTENT="särskildt"/><SP WIDTH="16" VPOS="1293" HPOS="491"/>
							<String ID="string_382" HPOS="507" VPOS="1293" WIDTH="54" HEIGHT="21" WC="0.96" CONTENT="hvad"/><SP WIDTH="16" VPOS="1293" HPOS="561"/>
							<String ID="string_383" HPOS="577" VPOS="1294" WIDTH="40" HEIGHT="20" WC="0.96" CONTENT="den"/><SP WIDTH="15" VPOS="1294" HPOS="617"/>
							<String ID="string_384" HPOS="632" VPOS="1292" WIDTH="68" HEIGHT="20" WC="0.96" CONTENT="första"/><SP WIDTH="14" VPOS="1292" HPOS="700"/>
							<String ID="string_385" HPOS="714" VPOS="1292" WIDTH="127" HEIGHT="26" WC="0.93" CONTENT="paragrafen"/><SP WIDTH="16" VPOS="1292" HPOS="841"/>
							<String ID="string_386" HPOS="857" VPOS="1291" WIDTH="45" HEIGHT="21" WC="0.92" CONTENT="vid-"/>
						</TextLine>
						<TextLine ID="line_40" HPOS="83" VPOS="1320" WIDTH="819" HEIGHT="26">
							<String ID="string_387" HPOS="83" VPOS="1321" WIDTH="96" HEIGHT="21" WC="0.96" CONTENT="kommer"/><SP WIDTH="15" VPOS="1321" HPOS="179"/>
							<String ID="string_388" HPOS="194" VPOS="1321" WIDTH="112" HEIGHT="21" WC="0.95" CONTENT="framhålla"/><SP WIDTH="15" VPOS="1321" HPOS="306"/>
							<String ID="string_389" HPOS="321" VPOS="1322" WIDTH="36" HEIGHT="20" WC="0.96" CONTENT="det"/><SP WIDTH="15" VPOS="1322" HPOS="357"/>
							<String ID="string_390" HPOS="372" VPOS="1321" WIDTH="137" HEIGHT="21" WC="0.93" CONTENT="välbetänkta"/><SP WIDTH="15" VPOS="1321" HPOS="509"/>
							<String ID="string_391" HPOS="524" VPOS="1322" WIDTH="51" HEIGHT="24" WC="0.92" CONTENT="deri,"/><SP WIDTH="16" VPOS="1322" HPOS="575"/>
							<String ID="string_392" HPOS="591" VPOS="1324" WIDTH="32" HEIGHT="18" WC="0.96" CONTENT="att"/><SP WIDTH="16" VPOS="1324" HPOS="623"/>
							<String ID="string_393" HPOS="639" VPOS="1327" WIDTH="25" HEIGHT="15" WC="0.96" CONTENT="en"/><SP WIDTH="17" VPOS="1327" HPOS="664"/>
							<String ID="string_394" HPOS="681" VPOS="1320" WIDTH="43" HEIGHT="21" WC="0.96" CONTENT="lika"/><SP WIDTH="15" VPOS="1320" HPOS="724"/>
							<String ID="string_395" HPOS="739" VPOS="1321" WIDTH="58" HEIGHT="20" WC="0.96" CONTENT="skatt"/><SP WIDTH="15" VPOS="1321" HPOS="797"/>
							<String ID="string_396" HPOS="812" VPOS="1320" WIDTH="33" HEIGHT="21" WC="0.96" CONTENT="för"/><SP WIDTH="14" VPOS="1320" HPOS="845"/>
							<String ID="string_397" HPOS="859" VPOS="1320" WIDTH="43" HEIGHT="20" WC="0.92" CONTENT="alia"/>
						</TextLine>
						<TextLine ID="line_41" HPOS="83" VPOS="1348" WIDTH="819" HEIGHT="28">
							<String ID="string_398" HPOS="83" VPOS="1350" WIDTH="84" HEIGHT="21" WC="0.96" CONTENT="hundar"/><SP WIDTH="21" VPOS="1350" HPOS="167"/>
							<String ID="string_399" HPOS="188" VPOS="1350" WIDTH="27" HEIGHT="26" WC="0.96" CONTENT="på"/><SP WIDTH="22" VPOS="1350" HPOS="215"/>
							<String ID="string_400" HPOS="237" VPOS="1350" WIDTH="73" HEIGHT="21" WC="0.96" CONTENT="landet"/><SP WIDTH="15" VPOS="1350" HPOS="310"/>
							<String ID="string_401" HPOS="325" VPOS="1350" WIDTH="132" HEIGHT="26" WC="0.96" CONTENT="bestämmes,"/><SP WIDTH="17" VPOS="1350" HPOS="457"/>
							<String ID="string_402" HPOS="474" VPOS="1350" WIDTH="24" HEIGHT="21" WC="0.96" CONTENT="så"/><SP WIDTH="15" VPOS="1350" HPOS="498"/>
							<String ID="string_403" HPOS="513" VPOS="1352" WIDTH="30" HEIGHT="19" WC="0.96" CONTENT="att"/><SP WIDTH="16" VPOS="1352" HPOS="543"/>
							<String ID="string_404" HPOS="559" VPOS="1350" WIDTH="18" HEIGHT="26" WC="0.93" CONTENT="ej"/><SP WIDTH="16" VPOS="1350" HPOS="577"/>
							<String ID="string_405" HPOS="593" VPOS="1362" WIDTH="27" HEIGHT="2" WC="0.90" CONTENT="—"/><SP WIDTH="16" VPOS="1362" HPOS="620"/>
							<String ID="string_406" HPOS="636" VPOS="1350" WIDTH="69" HEIGHT="20" WC="0.95" CONTENT="såsom"/><SP WIDTH="16" VPOS="1350" HPOS="705"/>
							<String ID="string_407" HPOS="721" VPOS="1349" WIDTH="7" HEIGHT="21" WC="0.95" CONTENT="i"/><SP WIDTH="15" VPOS="1349" HPOS="728"/>
							<String ID="string_408" HPOS="743" VPOS="1348" WIDTH="159" HEIGHT="28" WC="0.96" CONTENT="propositionen"/>
						</TextLine>
						<TextLine ID="line_42" HPOS="83" VPOS="1376" WIDTH="819" HEIGHT="29">
							<String ID="string_409" HPOS="83" VPOS="1378" WIDTH="116" HEIGHT="26" WC="0.96" CONTENT="föreslaget"/><SP WIDTH="21" VPOS="1378" HPOS="199"/>
							<String ID="string_410" HPOS="220" VPOS="1380" WIDTH="24" HEIGHT="18" WC="0.93" CONTENT="är"/><SP WIDTH="20" VPOS="1380" HPOS="244"/>
							<String ID="string_411" HPOS="264" VPOS="1391" WIDTH="28" HEIGHT="3" WC="0.91" CONTENT="—"/><SP WIDTH="21" VPOS="1391" HPOS="292"/>
							<String ID="string_412" HPOS="313" VPOS="1385" WIDTH="25" HEIGHT="15" WC="0.95" CONTENT="en"/><SP WIDTH="17" VPOS="1385" HPOS="338"/>
							<String ID="string_413" HPOS="355" VPOS="1379" WIDTH="126" HEIGHT="26" WC="0.94" CONTENT="gruppering"/><SP WIDTH="15" VPOS="1379" HPOS="481"/>
							<String ID="string_414" HPOS="496" VPOS="1378" WIDTH="6" HEIGHT="21" WC="0.96" CONTENT="i"/><SP WIDTH="16" VPOS="1378" HPOS="502"/>
							<String ID="string_415" HPOS="518" VPOS="1378" WIDTH="56" HEIGHT="21" WC="0.96" CONTENT="olika"/><SP WIDTH="15" VPOS="1378" HPOS="574"/>
							<String ID="string_416" HPOS="589" VPOS="1378" WIDTH="126" HEIGHT="26" WC="0.95" CONTENT="kategorier,"/><SP WIDTH="15" VPOS="1378" HPOS="715"/>
							<String ID="string_417" HPOS="730" VPOS="1378" WIDTH="81" HEIGHT="20" WC="0.96" CONTENT="hvilket"/><SP WIDTH="15" VPOS="1378" HPOS="811"/>
							<String ID="string_418" HPOS="826" VPOS="1377" WIDTH="18" HEIGHT="26" WC="0.96" CONTENT="ej"/><SP WIDTH="16" VPOS="1377" HPOS="844"/>
							<String ID="string_419" HPOS="860" VPOS="1376" WIDTH="42" HEIGHT="22" WC="0.96" CONTENT="kan"/>
						</TextLine>
						<TextLine ID="line_43" HPOS="83" VPOS="1405" WIDTH="821" HEIGHT="29">
							<String ID="string_420" HPOS="83" VPOS="1407" WIDTH="96" HEIGHT="21" WC="0.93" CONTENT="medföra"/><SP WIDTH="22" VPOS="1407" HPOS="179"/>
							<String ID="string_421" HPOS="201" VPOS="1408" WIDTH="69" HEIGHT="24" WC="0.91" CONTENT="anvat,"/><SP WIDTH="24" VPOS="1408" HPOS="270"/>
							<String ID="string_422" HPOS="294" VPOS="1408" WIDTH="26" HEIGHT="20" WC="0.96" CONTENT="än"/><SP WIDTH="24" VPOS="1408" HPOS="320"/>
							<String ID="string_423" HPOS="344" VPOS="1408" WIDTH="134" HEIGHT="26" WC="0.96" CONTENT="bedrägerier"/><SP WIDTH="20" VPOS="1408" HPOS="478"/>
							<String ID="string_424" HPOS="498" VPOS="1407" WIDTH="39" HEIGHT="21" WC="0.96" CONTENT="och"/><SP WIDTH="16" VPOS="1407" HPOS="537"/>
							<String ID="string_425" HPOS="553" VPOS="1406" WIDTH="75" HEIGHT="22" WC="0.96" CONTENT="trassel"/><SP WIDTH="16" VPOS="1406" HPOS="628"/>
							<String ID="string_426" HPOS="644" VPOS="1406" WIDTH="33" HEIGHT="21" WC="0.96" CONTENT="vid"/><SP WIDTH="15" VPOS="1406" HPOS="677"/>
							<String ID="string_427" HPOS="692" VPOS="1406" WIDTH="175" HEIGHT="26" WC="0.96" CONTENT="genomförandet"/><SP WIDTH="15" VPOS="1406" HPOS="867"/>
							<String ID="string_428" HPOS="882" VPOS="1405" WIDTH="22" HEIGHT="21" WC="0.94" CONTENT="af"/>
						</TextLine>
						<TextLine ID="line_44" HPOS="84" VPOS="1435" WIDTH="524" HEIGHT="26">
							<String ID="string_429" HPOS="84" VPOS="1435" WIDTH="111" HEIGHT="23" WC="0.96" CONTENT="reformen,"/><SP WIDTH="16" VPOS="1435" HPOS="195"/>
							<String ID="string_430" HPOS="211" VPOS="1436" WIDTH="113" HEIGHT="25" WC="0.96" CONTENT="ingalunda"/><SP WIDTH="15" VPOS="1436" HPOS="324"/>
							<String ID="string_431" HPOS="339" VPOS="1436" WIDTH="67" HEIGHT="20" WC="0.96" CONTENT="måtte"/><SP WIDTH="15" VPOS="1436" HPOS="406"/>
							<String ID="string_432" HPOS="421" VPOS="1436" WIDTH="85" HEIGHT="20" WC="0.95" CONTENT="komma"/><SP WIDTH="15" VPOS="1436" HPOS="506"/>
							<String ID="string_433" HPOS="521" VPOS="1436" WIDTH="6" HEIGHT="19" WC="0.96" CONTENT="i"/><SP WIDTH="16" VPOS="1436" HPOS="527"/>
							<String ID="string_434" HPOS="543" VPOS="1435" WIDTH="65" HEIGHT="26" WC="0.95" CONTENT="fråga."/>
						</TextLine>
					</TextBlock>
				</ComposedBlock>
				<ComposedBlock ID="cblock_3" HPOS="83" VPOS="1489" WIDTH="821" HEIGHT="57">
					<TextBlock ID="block_3" HPOS="83" VPOS="1489" WIDTH="821" HEIGHT="57">
						<TextLine ID="line_45" HPOS="153" VPOS="1489" WIDTH="751" HEIGHT="23">
							<String ID="string_435" HPOS="153" VPOS="1490" WIDTH="109" HEIGHT="22" WC="0.93" CONTENT="Professor"/><SP WIDTH="41" VPOS="1490" HPOS="262"/>
							<String ID="string_436" HPOS="303" VPOS="1491" WIDTH="144" HEIGHT="21" WC="0.91" CONTENT="Ehrström:"/><SP WIDTH="24" VPOS="1491" HPOS="447"/>
							<String ID="string_437" HPOS="471" VPOS="1492" WIDTH="42" HEIGHT="20" WC="0.92" CONTENT="Det"/><SP WIDTH="15" VPOS="1492" HPOS="513"/>
							<String ID="string_438" HPOS="528" VPOS="1490" WIDTH="120" HEIGHT="21" WC="0.91" CONTENT="framhålles"/><SP WIDTH="16" VPOS="1490" HPOS="648"/>
							<String ID="string_439" HPOS="664" VPOS="1502" WIDTH="26" HEIGHT="3" WC="0.92" CONTENT="—"/><SP WIDTH="17" VPOS="1502" HPOS="690"/>
							<String ID="string_440" HPOS="707" VPOS="1490" WIDTH="37" HEIGHT="21" WC="0.96" CONTENT="och"/><SP WIDTH="15" VPOS="1490" HPOS="744"/>
							<String ID="string_441" HPOS="759" VPOS="1490" WIDTH="39" HEIGHT="20" WC="0.96" CONTENT="har"/><SP WIDTH="10" VPOS="1490" HPOS="798"/>
							<String ID="string_442" HPOS="808" VPOS="1489" WIDTH="60" HEIGHT="21" WC="0.96" CONTENT="äfven"/><SP WIDTH="13" VPOS="1489" HPOS="868"/>
							<String ID="string_443" HPOS="881" VPOS="1489" WIDTH="23" HEIGHT="21" WC="0.92" CONTENT="af"/>
						</TextLine>
						<TextLine ID="line_46" HPOS="83" VPOS="1518" WIDTH="819" HEIGHT="28">
							<String ID="string_444" HPOS="83" VPOS="1519" WIDTH="77" HEIGHT="27" WC="0.96" CONTENT="många"/><SP WIDTH="22" VPOS="1519" HPOS="160"/>
							<String ID="string_445" HPOS="182" VPOS="1519" WIDTH="67" HEIGHT="22" WC="0.95" CONTENT="talare"/><SP WIDTH="23" VPOS="1519" HPOS="249"/>
							<String ID="string_446" HPOS="272" VPOS="1519" WIDTH="68" HEIGHT="22" WC="0.93" CONTENT="blifvit"/><SP WIDTH="22" VPOS="1519" HPOS="340"/>
							<String ID="string_447" HPOS="362" VPOS="1520" WIDTH="87" HEIGHT="21" WC="0.91" CONTENT="nämndt"/><SP WIDTH="20" VPOS="1520" HPOS="449"/>
							<String ID="string_448" HPOS="469" VPOS="1531" WIDTH="27" HEIGHT="3" WC="0.91" CONTENT="—"/><SP WIDTH="20" VPOS="1531" HPOS="496"/>
							<String ID="string_449" HPOS="516" VPOS="1519" WIDTH="7" HEIGHT="21" WC="0.96" CONTENT="i"/><SP WIDTH="20" VPOS="1519" HPOS="523"/>
							<String ID="string_450" HPOS="543" VPOS="1519" WIDTH="40" HEIGHT="21" WC="0.96" CONTENT="den"/><SP WIDTH="15" VPOS="1519" HPOS="583"/>
							<String ID="string_451" HPOS="598" VPOS="1518" WIDTH="76" HEIGHT="27" WC="0.96" CONTENT="nådiga"/><SP WIDTH="16" VPOS="1518" HPOS="674"/>
							<String ID="string_452" HPOS="690" VPOS="1519" WIDTH="164" HEIGHT="26" WC="0.96" CONTENT="propositionen,"/><SP WIDTH="17" VPOS="1519" HPOS="854"/>
							<String ID="string_453" HPOS="871" VPOS="1519" WIDTH="31" HEIGHT="19" WC="0.96" CONTENT="att"/>
						</TextLine>
					</TextBlock>
				</ComposedBlock>
			</PrintSpace>
		</Page>
	</Layout>
</alto>
