1053 1828
279 135 159 18 Presteståndet
451 136 54 17 1877.
524 136 25 17 27
560 136 59 21 april.
817 130 38 21 591

68 204 86 27 vördige
175 204 85 22 ständet
281 204 71 26 likväl,
375 205 6 21 i
404 204 140 22 betraktande
566 204 23 22 af
609 205 26 21 de
657 206 59 20 stora
731 204 94 28 utgifter,
841 210 45 16 som

67 233 81 21 kanske
169 233 86 21 komma
277 234 32 20 att
331 233 65 21 blifva
419 233 139 26 nödvändiga,
580 234 49 20 ville
651 233 63 21 hafva
736 234 69 26 nägon
822 233 64 21 tanke

69 267 51 21 gvar
142 261 28 26 pä
192 261 68 21 denna
283 261 118 24 bankvinst,
422 261 67 21 skulle
507 261 36 26 jag
563 262 118 24 hemställa,
696 261 106 21 huruvida
817 261 36 21 det
867 261 19 26 ej

67 295 51 15 vore
143 289 46 21 skäl
212 291 32 19 att
266 290 127 20 ätminstone
408 290 70 20 lemna
494 290 67 20 denna
576 289 60 27 fräga
651 289 117 21 tillsvidare
784 289 103 26 oafgjord.

67 318 42 21 Det
131 317 39 22 har
192 318 7 20 i
220 318 41 26 dag
284 317 69 21 blifvit
375 323 35 16 oss
432 318 127 26 meddeladt,
580 320 32 18 att
627 318 49 20 herr
691 318 196 20 landtmarskalken

69 346 53 22 efter
144 346 37 21 tvä
199 346 77 22 veckor
292 348 73 19 ämnar
380 348 94 25 upptaga
489 346 40 21 den
544 346 80 26 frägan,
640 346 104 21 huruvida
759 346 128 26 landtdagen

67 375 69 20 skulle
151 374 72 22 kunna
238 375 86 20 komma
339 376 32 19 att
387 375 143 26 prolongeras.
553 375 43 20 Det
610 376 25 19 är
649 375 128 21 ätminstone
790 381 26 14 en
826 374 61 21 tänk-

67 403 77 21 barhet
166 405 33 19 att
218 403 130 26 landtdagen
369 403 55 21 skall
445 403 137 27 prolongeras
604 403 32 21 till
652 403 75 22 hösten
744 403 39 21 och
798 403 54 21 hade
868 403 20 20 vi

68 431 82 28 engäng
172 432 89 21 kommit
283 432 32 21 till
338 431 82 24 hösten,
439 434 46 19 tror
496 432 44 27 jag,
555 433 32 20 att
602 431 20 21 vi
637 431 67 22 skulle
720 433 49 20 veta
784 431 103 27 betydligt

67 467 59 15 mera
142 460 55 21 bäde
211 460 7 21 i
234 460 98 21 afseende
348 461 13 20 ä
375 460 69 27 kriget
456 460 40 21 och
510 460 106 27 missvext,
632 461 39 20 och
687 461 69 20 kunde
772 460 28 21 dä
810 460 79 21 handla

68 489 48 22 med
139 490 68 21 större
230 489 100 22 säkerhet
345 491 32 19 att
392 489 19 26 ej
426 489 101 27 misstaga
542 495 41 15 oss.
612 489 50 21 Mitt
676 489 80 27 förslag
770 495 50 15 vore
836 489 53 21 säle-

69 518 43 25 des,
135 519 32 20 att
189 518 35 21 det
247 517 130 27 högvördiga
400 517 84 22 ständet
506 517 69 22 skulle
598 519 99 25 antingen
719 517 73 22 förena
807 518 31 27 sig
853 523 34 16 om

68 548 171 20 reservanternes
263 546 61 27 äsigt,
347 548 32 19 att
400 547 105 26 nämligen
528 546 23 21 af
570 547 94 20 bankens
686 545 174 23 vinstöfverskott
876 547 12 20 3

68 575 98 27 miljoner
188 575 66 22 mätte
277 575 80 22 lemnas
379 575 7 20 i
409 575 83 21 banken
514 575 136 21 innestäende
665 575 33 21 till
712 575 176 21 nästkommande

67 604 103 27 landtdag
193 604 50 21 eller
263 603 65 22 ocksä
349 605 32 20 att
404 604 35 21 det
460 603 129 27 högvördiga
608 604 84 21 ständet
710 604 48 21 ville
774 603 115 28 uppskjuta

68 633 48 22 med
142 633 103 21 beslutets
266 632 96 22 fattande
378 639 26 15 en
420 633 30 21 tid
465 632 83 26 framåt,
565 633 32 20 till
613 632 47 21 dess
675 639 49 15 man
740 633 41 20 kan
796 632 22 21 få
832 634 56 22 veta,

69 662 104 21 huruvida
194 661 129 27 landtdagen
345 662 95 21 kommer
462 663 32 20 att
509 662 142 26 prolongeras.
682 662 10 21 I
708 661 96 22 afseende
820 661 13 21 ä
847 661 42 21 den

69 691 22 21 af
113 691 77 21 doktor
210 690 100 21 Lindelöf
332 690 75 27 gjorda
429 691 157 21 reservationen
608 690 37 21 ber
663 690 34 27 jag
712 691 33 20 att
760 690 22 21 fä
796 692 51 24 göra
863 696 26 15 en

69 719 145 27 anmärkning,
239 719 111 26 nämligen,
366 721 33 19 att
414 719 65 27 sagda
494 719 76 26 belopp
587 719 21 21 af
623 719 90 25 194,000
727 719 61 20 mark
803 719 7 20 i
825 719 64 20 rundt

69 748 30 21 tal
123 748 64 21 likväl
203 748 18 26 ej
237 748 66 21 borde
319 748 98 26 afdragas
432 747 46 22 frän
494 748 26 22 de
535 748 152 26 odisponerade
703 746 138 23 vinstmedlen
857 747 32 21 till

69 777 48 21 fullt
139 776 84 27 belopp,
242 778 52 19 utan
310 777 75 20 endast
400 776 31 22 till
448 782 25 15 en
489 777 40 24 del,
546 776 88 21 emedan
649 776 81 27 koppar
746 776 143 26 skiljemyntet

69 805 34 22 väl
126 805 54 22 dock
200 805 68 22 mäste
283 805 62 22 hafva
360 805 106 27 kopparns
481 805 76 25 värde;
574 805 76 21 doktor
665 805 99 21 Lindelöf
779 805 39 20 har
832 805 57 21 deri-

69 841 82 20 genom,
173 835 32 21 att
226 835 43 20 han
291 833 114 28 föreslagit,
428 835 32 20 att
482 834 48 21 hela
550 834 100 27 beloppet
664 834 66 21 borde
745 833 48 22 frän
809 833 80 22 vinsten

69 863 103 27 afdragas,
189 865 70 19 ansett
275 863 121 22 densamma
411 869 51 15 vara
477 863 103 21 värdelös.

138 921 89 21 Prosten
247 920 91 26 Hjelt:
368 920 33 21 Dä
419 920 37 27 jag
471 920 92 27 begärde
579 921 67 24 ordet,
662 920 74 21 trodde
750 920 42 27 jag,
808 921 32 20 att
853 919 36 27 jag

69 950 68 21 skulle
160 949 63 22 hafva
245 951 32 19 att
297 949 78 27 kämpa
390 951 44 20 mot
449 949 91 22 flertalet
555 949 23 21 af
590 949 96 21 ständets
701 948 123 22 ledamöter.
855 947 34 22 Nu

69 979 68 21 finner
149 978 37 27 jag
201 978 61 27 dock,
278 979 32 20 att
325 979 26 20 de
365 978 67 25 fleste,
447 984 45 16 som
508 979 78 20 uttalat
601 978 32 26 sig
642 978 91 21 rörande
744 977 68 21 denna
822 977 67 27 fräga,

69 1009 68 26 yttrat
157 1008 31 26 sig
210 1007 33 21 för
267 1007 58 21 bifall
347 1007 32 21 till
395 1007 43 21 dels
453 1006 198 27 bankfullmägtiges
667 1006 162 26 framställning,
844 1005 45 22 dels

70 1037 40 20 den
135 1036 99 27 bifogade
256 1036 163 21 reservationen.
449 1036 41 27 Jag
505 1036 39 21 har
559 1035 83 21 derföre
657 1035 119 27 egentligen
792 1035 18 26 ej
825 1035 65 26 något

69 1067 48 25 nytt
139 1068 32 18 att
194 1065 87 26 tillägga
306 1064 32 21 till
354 1066 26 19 de
395 1064 52 27 skäl,
463 1071 46 15 som
524 1064 66 21 redan
605 1066 36 25 äro
658 1063 94 25 anförda,
768 1063 121 27 isynnerhet

70 1094 23 21 af
112 1094 108 26 professor
243 1093 63 22 Cleve
329 1093 40 21 och
389 1093 73 21 rektor
480 1093 106 21 Kihlman.
617 1093 67 21 Afven
705 1092 37 27 jag
757 1092 55 21 hade
828 1092 61 21 tänkt

69 1122 120 26 framhälla,
211 1122 54 21 huru
288 1122 41 21 den
351 1122 90 21 kritiska
462 1122 79 27 period,
556 1121 20 21 vi
592 1128 30 14 nu
635 1121 27 27 gä
677 1120 33 22 till
726 1122 74 25 mötes,
815 1126 74 16 manar

70 1150 32 22 till
125 1151 40 21 den
188 1152 79 20 största
281 1150 140 27 försigtighet.
451 1150 27 22 Vi
492 1150 69 24 hafva,
577 1150 65 26 enligt
657 1150 28 21 all
700 1148 141 28 sannolikhet,
856 1151 33 19 att

70 1181 64 20 vänta
157 1180 30 21 ett
209 1179 111 21 utländskt
339 1179 55 26 krig,
409 1179 76 21 liksom
500 1179 20 21 vi
536 1178 64 22 ocksä
614 1178 98 27 möjligen
729 1178 65 21 blifva
808 1179 81 20 utsatta

70 1208 34 21 för
125 1208 106 21 missvext.
260 1208 101 21 Inträffar
384 1208 37 21 det
442 1208 64 25 förra,
522 1208 83 20 komme
621 1213 25 15 en
661 1207 91 21 hindrad
767 1208 75 26 export
857 1208 32 19 att

70 1237 70 21 starkt
161 1236 88 22 inverka
268 1237 27 25 pä
310 1236 101 22 Finlands
426 1236 68 22 banks
509 1236 106 26 ställning.
644 1236 31 20 De
691 1234 76 27 siffror,
783 1235 106 27 professor

70 1266 87 21 Donner
179 1265 39 21 här
240 1265 153 26 sammanstält,
416 1266 50 24 visa,
489 1266 33 20 att
540 1266 19 19 vi
575 1266 74 20 närma
665 1270 34 16 oss
714 1270 26 15 en
754 1264 44 21 lika
812 1264 77 20 kritisk

70 1294 107 26 tidpunkt,
199 1300 45 15 som
268 1294 51 21 åren
339 1294 53 21 1862
409 1294 38 21 och
464 1294 60 21 1866.
554 1294 42 20 Det
611 1293 42 21 kan
667 1292 47 22 icke
729 1292 112 26 bestridas,
857 1293 32 19 att

71 1322 161 28 spekulationen
254 1323 55 21 varit
331 1323 83 26 mycket
435 1322 34 22 för
490 1324 52 20 stor.
572 1322 42 21 Det
636 1321 66 21 finnes
724 1327 29 15 nu
776 1322 30 20 ett
821 1322 68 20 större

69 1351 78 27 belopp
167 1351 24 21 af
205 1352 150 20 diskonterade
370 1351 78 21 inrikes
463 1350 77 26 vexlar,
556 1352 27 20 än
598 1350 103 27 någonsin
716 1350 64 25 förut,
796 1349 40 21 och
850 1349 39 21 har

71 1380 60 22 detta
153 1380 31 22 sin
204 1380 67 26 grund
286 1380 7 21 i
309 1380 26 21 de
349 1379 164 27 spekulationer,
530 1379 44 22 ofta
588 1386 42 20 nog
645 1378 133 28 öfverdrifna,
794 1384 46 15 som
855 1379 35 25 egt

71 1415 46 15 rum
140 1409 33 21 till
194 1408 51 28 följd
267 1408 23 22 af
309 1408 40 22 den
364 1408 7 21 i
386 1408 90 22 Finland
491 1408 39 22 allt
544 1414 45 16 mer
604 1408 39 21 och
658 1414 45 15 mer
717 1407 114 26 utvidgade
845 1408 44 19 trä-

70 1439 161 24 varuexporten.
261 1437 82 21 Endast
364 1438 35 20 vid
420 1437 83 21 landets
524 1437 74 21 kuster
612 1436 68 21 finnas
696 1438 97 19 trävaror
807 1435 82 27 hypoti-

71 1465 74 21 serade
161 1465 33 20 till
209 1466 31 19 ett
254 1464 79 26 belopp
348 1465 23 20 af
383 1466 97 18 närmare
494 1465 12 18 2
517 1465 105 19 millioner
631 1464 68 25 mark,
710 1463 40 21 och
760 1463 24 20 sä
793 1463 96 25 belägna,

71 1494 32 20 att
125 1493 8 21 i
154 1492 37 22 fall
213 1492 48 26 krig
284 1492 103 26 utbryter,
403 1492 39 21 och
456 1492 21 21 vi
492 1492 63 21 hafva
570 1493 32 19 att
616 1490 74 22 befara
705 1491 123 24 detsamma,
844 1496 45 14 som

71 1521 68 23 under
154 1520 53 23 sista
220 1521 70 27 kriget
305 1520 48 22 med
368 1520 168 27 engelsmännen,
552 1519 105 27 nämligen
671 1520 34 20 att
719 1519 23 21 fä
756 1518 51 22 vära
821 1518 69 27 fartyg
