1053 1764
198 136 42 21 474
403 141 158 18 Presteståndet
574 142 55 16 1877.
653 142 22 15 18
688 141 62 21 april;

170 212 32 19 att
221 210 7 20 i
249 210 150 26 morgongåfva
414 210 31 20 till
461 210 84 26 förfång
560 210 33 20 för
608 216 102 14 mannens
725 209 106 26 arfvingar
846 212 49 24 taga
911 210 76 26 tredje-

170 238 60 21 delen
253 238 23 20 af
292 238 52 21 hans
360 239 46 21 lott.
437 238 54 21 Herr
507 241 86 24 prosten
608 238 39 21 har
663 238 52 21 dock
730 238 47 21 icke
793 238 91 26 behagat
899 238 88 27 upplysa

170 273 34 15 om
226 268 33 20 att
281 267 60 21 detta
363 267 115 26 stadgande
499 267 67 26 gäller
587 266 55 21 blott
662 266 23 21 så
701 266 86 24 tillvida,
803 269 32 19 att
850 266 90 22 hustrun
954 267 33 21 får

169 295 113 27 nyttjorätt
297 296 32 20 till
345 296 68 20 denna
428 295 109 27 tredjedel,
552 302 48 14 men
611 295 45 21 icke
667 296 125 25 eganderätt
803 295 75 21 dertill.
891 308 26 2 —
928 295 60 21 Efter

169 324 79 21 hennes
271 324 40 21 död
332 324 94 21 tillfaller
449 324 68 21 denna
537 324 103 27 tredjedel
663 330 101 15 mannens
786 324 112 26 arfvingar.
932 324 56 21 Herr

168 354 87 24 prosten
277 353 98 27 upplyste
390 366 27 2 —
431 358 47 16 men
502 353 35 21 det
560 352 60 22 torde
642 352 79 21 kanske
744 353 97 21 undfallit
856 352 65 26 någre
937 352 50 22 åhö-

169 386 47 16 rare
231 393 28 3 —
274 383 32 19 att
328 380 164 28 morgongåfvan
515 381 62 26 utgår
599 380 30 24 så,
647 388 34 14 om
696 387 91 15 mannen
802 381 39 21 har
856 382 66 20 utfäst
937 381 50 21 den-

169 415 80 15 samma
271 410 44 20 före
337 410 80 26 vigseln
434 421 24 3 —
475 412 32 18 ett
528 409 139 27 förhållande,
689 416 44 14 som
749 410 7 20 i
771 410 48 20 vårt
839 410 49 20 land
904 410 83 27 mycket

169 437 74 25 sällan,
259 444 34 14 om
308 438 108 26 någonsin,
432 438 60 20 torde
507 438 93 26 inträffa;
617 439 27 25 ty,
660 438 68 21 såvidt
744 439 42 25 mig
801 440 24 19 är
840 438 86 25 bekant,
942 438 45 26 plä-

169 472 39 20 gar
229 466 151 27 morgongåfva
401 467 46 21 icke
469 466 90 22 utfästas
582 466 45 21 före
647 467 90 26 vigseln;
753 472 74 16 senare
843 467 39 21 har
897 472 90 16 mannen

170 494 45 22 icke
230 495 69 27 någon
315 495 101 26 rättighet
431 496 31 20 att
478 495 79 21 utfästa
573 495 127 26 densamma,
718 497 50 19 utan
785 495 62 26 utgår
863 495 40 21 den
919 496 26 20 då
960 495 27 27 på

169 524 68 25 grund
252 523 23 22 af
287 524 72 27 lagens
375 524 116 27 stadgande
506 525 6 20 i
528 524 52 21 sista
595 524 124 27 paragrafen
735 525 23 20 af
771 526 12 19 9
799 524 48 27 kap.
864 523 24 22 G.
904 525 25 20 B.
940 525 48 20 med

170 552 62 26 högst
247 552 79 28 hälften
342 553 23 21 af
378 553 54 20 hvad
448 553 40 20 den
503 553 82 21 kunnat
600 555 82 24 utgöra,
701 552 44 22 ifall
761 553 40 21 den
816 553 54 21 hade
885 553 55 21 varit
955 555 33 18 ut-

169 580 48 22 fäst.
247 582 30 20 Ar
299 581 164 27 morgongäfvan
485 581 82 22 således
583 581 65 21 utfäst
662 582 6 20 i
684 581 106 26 fastighet,
807 581 62 27 utgår
884 582 40 21 den
940 582 48 21 med

170 615 25 15 en
210 610 102 26 tredjedel
328 610 24 21 af
365 616 100 15 mannens
481 605 93 36 enskilda
584 610 50 27 lott,
647 616 47 15 men
705 610 94 21 tillfaller
810 610 96 27 hustrun,
918 610 70 21 såsom

170 638 67 26 sagdt,
261 638 74 21 endast
358 639 47 20 med
427 638 118 27 nyttjorätt.
576 639 30 20 Ar
620 638 165 27 morgongåfvan
801 639 66 20 utfäst
882 639 7 20 i
904 639 83 21 lösören

170 667 52 23 åter,
244 666 39 21 har
305 673 90 15 mannen
417 667 44 21 icke
480 667 102 26 rättighet
597 669 32 19 att
644 667 6 20 i
666 667 58 20 detta
739 667 99 21 afseende
852 667 56 26 gifva
923 673 64 21 mera,

170 697 26 18 än
211 700 26 15 en
252 695 115 26 tiondedel,
383 695 84 21 hvilken
483 695 26 20 då
524 695 95 21 tillfaller
634 695 88 21 hustrun
740 696 47 20 med
803 695 37 21 full
855 696 131 25 eganderätt.

170 723 54 26 Men,
240 724 68 20 såsom
323 723 37 26 jag
375 724 95 25 nämnde,
486 725 24 18 är
526 724 35 20 det
576 723 45 21 icke
637 723 36 21 sed
689 726 31 18 att
735 723 80 22 utfästa
831 724 156 26 morgongåfva,

169 753 51 18 utan
243 751 39 21 den
305 752 63 25 utgår
390 751 27 21 då
439 751 65 26 enligt
527 751 143 27 arfvingarnes
692 752 158 21 bestämmande
865 752 122 27 antingen
977 747 14 36 i

169 779 41 21 löst
233 780 51 21 eller
306 779 48 28 fast,
377 780 26 27 på
424 780 67 26 grund
506 780 23 21 af
542 781 72 25 lagens
629 786 48 21 nyss
693 781 92 26 antydda
801 781 123 26 stadgande,
939 781 48 21 med

170 807 79 22 hälften
272 809 23 20 af
309 808 55 21 hvad
380 809 39 20 den
434 815 56 18 vore,
505 808 44 21 ifall
566 809 40 20 den
621 809 68 20 skulle
704 809 64 21 hafva
783 809 68 21 blifvit
866 809 72 26 utfäst,
955 810 32 21 så-

169 837 58 21 ledes
249 838 48 20 med
320 843 24 15 en
368 837 97 27 sjettedel
487 837 52 21 eller
562 843 25 15 en
610 837 135 27 tjugundedel
766 837 23 21 af
808 843 101 16 mannens
925 838 60 21 lott
972 833 15 36 i

168 865 56 22 boet.
255 866 46 21 Den
323 867 24 20 är
370 866 81 21 således
472 866 81 26 ganska
575 866 65 27 ringa,
664 866 111 27 möjligtvis
791 866 64 27 något
870 869 74 24 större,
960 869 26 19 än

168 894 40 21 den
231 894 120 27 obetydliga
367 895 98 20 fördelen.
496 895 40 26 Jag
551 894 80 22 tillåter
646 895 42 26 mig
704 897 32 18 att
750 895 6 20 i
773 895 151 27 sammanhang
939 895 48 21 här-

168 923 47 20 med
239 926 92 23 upptaga
353 923 32 20 till
408 923 127 21 bemötande
557 923 57 20 hvad
634 923 106 26 ätskillige
762 924 64 20 ärade
841 923 68 22 talare
924 923 63 22 hafva

170 952 79 23 nämnt,
265 951 27 21 dä
308 952 25 20 de
348 951 82 21 förenat
445 952 31 26 sig
491 958 34 15 om
540 954 135 19 reservanten
690 951 49 22 herr
746 951 91 28 Nystöns
849 952 138 22 reservation.

168 979 32 21 De
222 980 63 20 hafva
307 980 121 25 framhållit,
452 983 31 18 att
506 981 35 21 det
563 987 49 14 vore
628 980 88 27 obilligt,
733 987 33 15 om
782 987 101 15 mannens
899 981 53 21 barn
967 982 23 20 af

168 1010 31 19 ett
221 1008 90 26 tidigare
334 1008 116 26 äktenskap
473 1010 61 20 skola
554 1010 27 26 gä
601 1009 60 21 miste
678 1016 33 14 om
727 1010 40 20 den
783 1010 34 20 del
833 1009 22 21 af
869 1009 118 27 gvarläten-

168 1036 85 28 skapen,
275 1043 45 15 som
343 1037 90 21 hustrun
455 1037 66 21 skulle
545 1038 65 26 enligt
625 1036 101 28 förslaget
740 1040 50 24 taga
805 1038 69 21 säsom
890 1044 97 20 morgon-

167 1065 68 26 gäfva.
266 1065 72 21 Skulle
361 1066 61 20 dessa
442 1066 52 21 barn
509 1066 46 21 icke
571 1066 73 24 finnas,
660 1067 24 20 sä
699 1068 60 24 tager
773 1067 43 20 hon
831 1066 156 28 morgongäiva,

168 1093 69 22 säsom
252 1094 159 26 propositionen
427 1094 39 21 och
481 1094 143 22 betänkandet
639 1095 112 26 innehälla,
767 1095 56 21 blott
838 1102 32 14 om
887 1096 42 20 hon
940 1095 47 21 icke

167 1122 39 21 har
227 1123 53 21 barn
303 1123 54 21 efter
378 1129 95 15 mannen,
504 1123 61 21 Hvad
587 1124 42 20 hon
644 1124 7 20 i
667 1124 151 26 morgongäfva
836 1124 32 21 får
883 1126 63 24 utgör
961 1130 26 15 en

168 1151 67 21 henne
257 1151 125 21 tillfallande
402 1152 67 20 fördel
491 1152 28 26 pä
537 1152 117 21 bekostnad
670 1152 55 21 blott
741 1153 22 20 af
777 1153 147 26 slägtingarne,
940 1152 47 22 icke

168 1179 22 21 af
211 1179 78 21 hennes
312 1186 53 20 egna
387 1180 64 21 barns
473 1181 52 21 eller
547 1187 37 15 ens
601 1186 108 16 mannens.
738 1181 42 21 Det
795 1183 24 19 är
835 1181 74 21 endast
924 1182 6 20 i
946 1181 40 21 den

167 1208 107 25 händelse,
297 1210 33 19 att
352 1214 88 16 mannen
463 1208 46 22 från
529 1211 30 19 ett
574 1210 88 25 tidigare
678 1210 117 26 äktenskap
812 1210 38 20 har
865 1210 61 26 barn,
941 1216 45 15 som

167 1237 65 25 något
254 1243 59 15 mera
335 1238 110 20 ömmande
467 1237 131 22 förhållande
620 1238 71 21 kunde
712 1239 84 25 uppstå.
827 1238 61 21 Hvad
906 1239 80 20 detta
976 1233 14 35 i

167 1264 74 27 sjelfva
255 1265 74 21 verket
344 1265 95 27 betyder,
455 1266 81 21 tillåter
549 1266 36 26 jag
599 1266 42 26 mig
656 1269 32 18 att
703 1272 76 20 genom
795 1268 30 19 ett
840 1268 95 25 exempel
951 1267 35 21 be-

166 1293 51 26 lysa.
249 1293 39 21 Om
311 1294 20 20 vi
353 1297 84 23 antaga,
460 1296 31 18 att
514 1301 25 14 en
555 1301 48 14 man
619 1294 38 21 har
672 1295 54 20 varit
741 1294 40 26 gift
796 1295 47 20 med
859 1302 26 14 en
900 1295 86 27 qvinna,

167 1320 48 21 med
237 1320 84 21 hvilken
345 1321 41 21 han
409 1322 38 20 har
462 1322 40 20 fått
518 1324 32 18 tre
567 1322 52 20 barn
634 1322 40 20 och
689 1324 32 19 att
735 1322 54 22 hans
803 1322 75 22 hustru
894 1323 48 25 dör;
960 1323 26 21 då

167 1348 73 26 skulle,
256 1349 65 26 enligt
337 1350 40 20 den
393 1349 119 25 föreslagna
526 1356 42 21 nya
582 1350 67 26 lagen,
666 1350 79 21 hälften
761 1351 23 20 af
794 1351 49 21 boet
853 1364 28 2 —
892 1357 33 15 om
937 1358 48 14 man

166 1377 46 21 icke
227 1377 64 21 fäster
306 1377 66 27 något
386 1378 98 22 afseende
499 1379 34 21 vid
548 1378 95 22 fördelen
659 1391 27 3 —
701 1379 84 22 komma
801 1381 32 19 att
848 1380 88 22 tillhöra
948 1380 37 22 ho-

167 1412 47 15 nom
238 1407 70 21 såsom
330 1407 96 26 giftorätt
449 1407 39 22 och
511 1408 40 21 den
567 1408 67 21 andra
648 1407 81 23 hälften
744 1409 85 21 tillfalla
844 1409 62 22 dessa
921 1409 63 27 barn;

166 1435 72 27 hvarje
261 1435 52 22 barn
336 1436 90 21 erhåller
448 1436 83 22 således
546 1443 25 16 en
587 1437 97 27 sjettedel
699 1438 22 21 af
735 1437 36 22 det
786 1438 54 21 hela.
870 1439 40 26 Jag
925 1440 59 20 anta-

166 1470 43 21 ger,
224 1465 33 20 att
271 1465 42 20 han
326 1465 62 26 gifter
403 1471 33 15 om
452 1465 31 27 sig
499 1466 39 21 och
553 1468 59 19 strax
628 1466 90 22 derefter
734 1467 39 21 dör
788 1467 39 22 och
842 1469 32 20 att
887 1467 50 22 boet
947 1474 37 15 un-

167 1493 37 21 der
225 1493 58 22 tiden
305 1493 47 22 icke
375 1493 119 22 förkofrats.
523 1495 33 20 Då
579 1495 73 26 skulle,
675 1501 34 16 om
729 1495 51 22 boet
795 1498 87 25 antages
898 1499 86 24 utgöras

166 1521 55 21 blott
243 1522 47 21 utaf
311 1522 40 21 den
375 1523 57 26 hälft,
456 1529 45 15 som
523 1523 71 22 tillföll
611 1524 78 21 honom
704 1525 35 20 vid
754 1524 57 22 förra
827 1525 157 26 afvittringen
971 1517 16 38 i
