1053 1842
319 124 159 19 Presteståndet
489 126 54 18 1877.
566 127 24 17 10
602 126 59 22 april.
833 121 41 22 445

86 198 47 16 man
149 193 46 21 icke
210 194 54 22 varit
279 194 122 27 tillräckligt
416 200 100 22 sparsam.
546 195 49 21 Men
612 196 35 20 det
661 197 24 19 är
699 195 8 21 i
722 195 114 21 allmänhet
846 196 57 20 stån-

86 221 40 21 den
148 221 80 27 sjelfva,
250 228 46 16 som
318 223 56 26 gjort
389 223 30 26 sig
434 224 95 26 skyldiga
544 224 32 20 till
592 226 32 19 att
637 224 46 20 icke
699 224 54 20 varit
767 230 135 20 sparsamma,

85 249 39 21 och
147 250 159 22 statsutskottet
327 251 49 26 kan,
398 253 46 19 tror
464 252 42 26 jag,
527 252 18 26 ej
561 252 48 20 med
626 251 45 21 skäl
685 252 96 26 uppbära
797 257 25 15 en
837 252 65 20 sådan

85 277 138 28 beskyllning.
244 291 24 3 —
286 279 32 21 Då
340 285 48 15 man
411 280 78 21 önskar
510 282 32 19 att
564 279 264 27 diskussionsprotokollen
850 279 53 21 böra

84 306 90 28 tryckas,
197 308 45 20 tror
261 307 43 27 jag,
327 309 32 20 att
381 308 233 27 landtdagsordningen,
633 314 34 16 om
683 314 47 15 man
746 314 55 20 noga
816 307 88 22 efterser

85 334 48 22 dess
155 335 135 28 stadganden,
313 336 45 22 icke
380 336 66 27 gifver
461 337 34 21 vid
510 336 83 22 handen
609 336 64 28 något
687 338 66 20 annat
767 337 43 21 sätt
825 338 31 20 att
871 342 31 16 er-

84 364 57 22 hålla
156 364 116 28 penningar
287 364 78 27 härtill,
381 367 26 19 än
423 366 35 21 det
473 368 32 19 att
520 366 96 21 använda
630 366 79 21 sådana
724 365 74 26 medel,
809 371 45 15 som
866 367 36 19 äro

85 392 100 28 anslagna
193 393 31 21 till
233 393 134 23 bestridande
375 394 22 21 af
405 395 24 21 de
438 394 105 22 allmänna
551 394 258 27 landtdagskostnaderne.
821 394 81 27 Kyrko-

84 422 80 21 herden
187 422 105 22 Stenbäck
315 422 38 22 har
376 422 114 28 föreslagit,
513 430 33 14 om
567 423 36 27 jag
624 425 44 20 rätt
689 422 107 28 uppfattat
818 422 84 26 honom,

84 452 32 20 att
137 452 80 20 statens
240 451 103 22 ordinarie
365 452 73 26 medel,
454 452 35 22 det
504 454 24 20 är
543 452 74 26 medel,
633 458 44 15 som
693 452 45 21 icke
753 452 33 20 stä
801 450 32 22 till
847 453 56 19 stän-

85 479 74 22 dernas
182 480 130 26 disposition,
336 480 65 22 borde
422 480 72 22 härför
516 481 113 26 användas,
652 481 35 21 det
707 480 35 22 vill
757 482 57 24 säga,
830 482 32 19 att
877 479 26 21 de

83 508 107 22 allmänna
205 508 88 23 officiela
308 508 134 28 tidningarna
457 509 51 22 böra
524 510 88 21 bekosta
628 509 59 22 dessa
701 508 118 28 protokolls
834 508 69 28 iryck-

84 537 54 27 ning.
167 537 41 27 Jag
230 540 45 19 tror
297 538 60 26 dock,
380 540 30 20 att
433 538 102 27 styrelsen
553 538 45 22 icke
614 538 67 22 skulle
696 538 68 22 tilläta
778 538 82 26 sädant,
876 537 27 21 dä

84 566 36 22 det
135 566 66 22 finnes
216 566 74 27 medel,
306 567 47 21 med
368 566 71 22 hvilka
454 567 251 27 landtdagskostnaderne
721 566 59 22 skola
792 566 110 21 bestridas.

83 594 109 28 Styrelsen
213 595 69 22 skulle
304 595 32 22 väl
353 598 51 24 säga
420 596 39 25 ,de
475 596 73 26 medel,
564 602 45 16 som
625 596 19 21 vi
660 595 111 27 disponera
787 595 62 25 öfver,
865 596 37 19 äro

83 624 46 21 icke
153 624 134 22 användbara
308 624 32 22 för
363 625 35 21 det
419 625 125 27 ändamälet,
567 631 47 15 men
630 624 113 22 ständerna
757 624 63 21 hafva
835 622 68 23 medel

84 652 87 22 derför”.
201 652 39 22 Om
263 660 49 15 man
335 653 41 26 vill,
394 655 31 20 att
440 654 134 28 protokollen
588 654 60 21 skola
663 653 117 27 publiceras
796 653 5 21 i
818 652 25 22 de
858 651 45 22 offi-

85 682 51 21 ciela
151 682 140 26 tidningarna,
306 683 35 21 mä
356 689 47 15 man
419 684 64 21 också
499 684 87 20 bekosta
602 682 137 28 tryckningen
749 682 22 21 af
780 682 53 21 dem.
857 681 46 21 Sät-

84 712 37 25 tet,
145 712 27 26 pä
195 710 79 22 hvilket
297 712 133 26 protokollen
453 712 66 22 skulle
534 711 123 27 publiceras,
673 711 39 21 har
726 711 105 21 utskottet
846 710 57 22 dess-

84 741 59 20 utom
165 739 136 23 öfverlemnat
315 740 32 22 till
363 740 25 22 de
403 740 68 22 skilda
485 741 99 21 ständens
599 742 48 25 eget
661 740 122 26 afgörande;
799 739 105 21 utskottet

84 768 38 22 har
143 768 46 22 icke
211 768 73 22 tillätit
306 769 31 27 sig
359 775 36 15 ens
411 771 32 20 att
458 769 116 22 bestämma
588 770 28 26 pä
630 768 80 22 hvilket
724 768 63 27 spräk
803 768 26 21 de
844 767 59 22 skola

84 796 91 28 tryckas.
191 810 27 2 —
234 798 109 21 Professor
358 797 102 23 Forsman
476 798 118 27 uppträdde
608 798 7 20 i
630 797 37 22 sitt
682 796 141 27 andragande,
834 797 69 21 säsom

82 826 36 27 jag
141 826 77 27 tyckte,
241 826 93 22 särdeles
356 826 76 27 häftigt
454 829 57 19 emot
532 826 167 24 statsutskottet;
720 826 48 21 herr
783 825 120 27 professorn

85 855 82 27 pästod,
184 857 31 19 att
230 856 157 21 statsutskottet
403 856 38 21 har
456 856 56 26 gjort
526 857 32 25 sig
572 855 92 27 skyldigt
679 854 32 22 till
726 854 105 22 säkalladt
846 854 58 20 bevis

84 884 21 20 in
128 884 120 21 absurdum.
278 884 40 27 Jag
340 886 51 25 tror,
414 886 32 20 att
468 885 58 21 detta
547 890 37 15 var
599 890 44 15 mer
658 884 69 21 skämt
742 882 22 22 af
777 883 84 25 honom,
877 884 26 20 än

86 911 71 22 allvar.
187 912 49 21 Men
255 913 36 26 jag
311 912 80 22 tillåter
405 914 42 26 mig
463 915 31 20 att
510 914 62 21 också
588 914 26 25 pä
629 912 70 21 skämt
713 914 57 24 säga,
786 914 32 19 att
833 911 71 21 anled-

85 940 75 27 ningen
184 941 69 21 dertill
276 943 24 19 är
320 954 23 3 —
357 941 107 27 professor
484 942 102 21 Forsman
607 941 38 21 har
660 941 48 26 sjelf
721 941 66 21 redan
802 939 102 28 uppgifvit

86 969 40 22 den
141 982 28 3 —-
184 971 32 20 att
238 969 48 23 herr
308 970 119 27 professorn
442 971 46 22 icke
504 971 71 26 deltog
589 971 7 20 i
611 969 102 22 beslutets
727 969 101 25 fattande,
844 969 61 20 hvar-

85 997 32 22 till
139 999 90 21 orsaken
252 1005 37 15 var
308 999 57 23 hans
376 999 104 22 frånvaro.
496 1012 28 3 —
538 999 80 22 Rektor
632 998 99 22 Kihlman
747 998 38 21 har
800 997 104 26 anmärkt,

86 1028 31 19 att
132 1027 141 22 kostnaderne
288 1028 33 21 för
336 1029 136 26 tryckningen
487 1031 36 19 äro
539 1028 23 21 af
574 1027 159 22 statsutskottet
742 1026 120 22 beräknade
872 1026 32 21 för

85 1055 50 26 lägt.
165 1056 65 21 Detta
250 1057 42 21 kan
308 1063 50 15 vara
373 1057 67 25 fallet;
457 1063 47 16 men
520 1058 69 25 nägon
604 1056 67 27 grund
686 1057 67 20 mäste
769 1054 135 22 statsutskot-

86 1086 30 19 tet
139 1084 33 21 väl
195 1084 61 22 hafva
278 1085 32 22 för
331 1085 32 21 sin
385 1085 122 28 beräkning.
537 1085 92 22 Faktum
651 1087 29 22 är,
700 1087 32 19 att
747 1085 36 20 det
797 1084 66 21 finnes
878 1089 26 15 en

85 1112 147 28 boktryckare,
248 1120 44 15 som
308 1114 39 21 har
361 1115 102 26 uppgifvit
478 1115 36 21 det
528 1114 49 27 pris,
593 1114 103 21 utskottet
706 1113 66 26 anför,
783 1113 68 21 såsom
863 1112 42 24 det,

87 1141 32 21 för
133 1141 80 22 hvilket
228 1143 42 20 han
286 1142 67 23 skulle
368 1143 72 26 trycka
455 1143 139 27 protokollen.
625 1142 163 22 Statsutskottet
802 1141 39 21 har
852 1140 53 27 tagit

87 1170 59 21 detta
168 1170 32 21 till
220 1171 157 27 utgångspunkt
392 1171 32 22 för
438 1172 32 21 sin
485 1171 122 27 beräkning,
623 1177 47 16 men
685 1171 39 21 har
739 1170 68 22 tillika
821 1169 83 25 uttalat,

87 1200 32 20 att
142 1199 36 21 det
200 1199 32 22 för
253 1200 32 21 sin
308 1199 33 22 del
357 1206 67 20 anser,
440 1203 31 19 att
485 1201 65 26 priset
565 1201 41 21 kan
622 1206 49 15 vara
686 1200 32 21 för
733 1199 44 27 lägt
789 1197 117 23 beräknadt

87 1228 39 21 och
148 1228 88 21 föreslär
258 1231 57 19 ännu
337 1235 26 16 en
385 1229 64 26 högre
470 1235 87 22 summa.
588 1229 162 22 Statsutskottet
770 1228 39 21 har
823 1227 82 21 säledes

86 1256 46 21 icke
154 1256 107 22 bestämdt
283 1259 52 26 sagt,
359 1259 31 20 att
411 1259 23 20 sä
449 1258 39 21 och
503 1259 23 21 sä
541 1258 83 27 mycket
638 1259 61 25 åtgår
714 1257 33 21 till
761 1255 144 29 protokollens

87 1285 116 27 tryckning,
225 1288 52 19 utan
300 1287 38 21 har
360 1286 55 23 blott
437 1287 55 21 velat
513 1287 50 26 visa,
579 1289 31 19 att
626 1287 35 21 det
675 1287 66 21 finnes
757 1292 25 15 en
797 1284 108 27 möjlighet

87 1315 32 20 att
134 1313 21 22 få
171 1314 46 21 dem
232 1315 83 26 tryckta
330 1315 32 22 för
377 1315 36 22 det
428 1316 39 21 och
483 1315 41 27 det,
540 1321 48 16 men
603 1315 78 22 lemnat
696 1316 23 20 ät
733 1315 89 21 stånden
833 1313 73 27 sjelfva

87 1344 32 19 att
134 1343 73 26 pröfva
222 1343 38 21 och
276 1343 72 27 afgöra
363 1344 71 21 saken.
454 1357 23 2 —
492 1345 40 26 Jag
547 1345 64 25 vägar
626 1347 55 18 ännu
696 1345 51 25 göra
759 1343 83 21 ständet
853 1348 51 21 upp-

88 1371 116 22 märksamt
219 1372 71 27 derpä,
306 1374 32 20 att
353 1379 34 15 om
403 1379 47 15 man
467 1375 23 19 är
506 1379 48 16 ense
570 1379 40 20 om,
626 1375 31 19 att
668 1370 237 29 diskussionsprotokol-

87 1399 34 22 len
143 1400 52 22 böra
216 1401 89 27 tryckas,
328 1401 67 22 andra
416 1401 68 22 medel
502 1401 70 22 dertill
587 1401 103 27 svärligen
706 1401 71 21 kunna
792 1399 112 26 användas,

87 1430 26 19 än
137 1429 31 27 de,
188 1435 44 15 som
248 1431 36 20 äro
301 1430 100 26 anslagna
415 1430 31 21 för
462 1430 133 22 bestridande
610 1430 23 21 af
645 1429 259 26 landtdagskostnaderne.

87 1457 43 21 För
152 1459 32 19 att
206 1459 113 20 ständerna
334 1459 60 20 skola
408 1459 72 20 kunna
494 1459 98 20 beskatta
606 1460 45 19 sina
667 1458 158 21 kommittenter
839 1457 66 21 borde

88 1485 26 20 de
135 1485 62 21 hafva
219 1485 66 27 tydlig
307 1485 34 27 lag
357 1485 64 28 derpä
436 1486 39 21 och
490 1487 45 20 icke
551 1485 98 22 beskatta
664 1487 47 20 dem
727 1485 74 22 endast
816 1484 89 25 derföre,

87 1515 32 19 att
142 1515 36 20 det
201 1514 37 21 har
260 1514 54 21 varit
336 1520 25 15 en
383 1514 91 27 gammal
495 1515 75 26 praxis.
601 1514 49 21 Man
665 1514 38 21 har
719 1516 52 25 sagt,
788 1515 31 20 att
833 1513 72 26 hvarje
