1053 1834
313 138 160 19 Presteständet
486 140 56 17 1877.
565 140 27 16 20
604 140 57 20 april.
828 136 41 20 499

145 208 65 21 Emot
232 208 35 21 det
290 214 27 14 nu
339 208 80 21 fattade
440 208 92 21 beslutet
546 208 107 21 anmäldes
667 209 129 20 reservation
811 209 22 21 af
846 215 50 21 pro-

78 238 71 19 starne
172 236 97 27 Hjelt,
291 236 191 27 Rosengren,
505 236 155 27 Bergroth
683 236 40 22 och
744 237 76 21 Roos
840 239 56 20 samt

80 265 77 21 doktor
171 265 103 26 Bergh.

147 413 118 26 Föredrogs
287 413 105 21 allmänna
416 413 201 21 besvärsutskottets
632 413 116 26 bordlagda
762 413 133 22 betänkande

78 441 39 22 N:o
141 443 12 20 8
176 441 7 21 i
203 441 112 27 anledning
330 441 23 22 af
366 443 31 20 ett
412 442 56 21 inom
484 441 84 22 ständet
583 442 61 21 väckt
658 441 185 28 petitionsförslag,
859 449 36 14 an-

77 470 81 26 gäende
181 469 113 22 Siitoinska
316 470 130 21 folkskolans
467 469 56 22 invid
543 469 116 22 Sordavala
673 470 130 27 ombildning
818 470 31 21 till
865 473 31 19 ett

78 498 131 28 fullständigt
223 499 65 21 finskt
303 498 156 22 folskollärare-
475 499 39 21 och
528 499 257 22 lärarinne-seminarium.

146 555 50 22 Med
211 555 112 28 anledning
339 555 60 22 deraf
413 555 70 22 anhöll

145 613 84 21 Doktor
243 613 98 26 Bergh
357 619 33 15 om
406 613 62 21 ordet
482 613 39 21 och
536 613 117 21 hemstälde
667 613 103 22 huruvida
780 613 46 21 icke
837 614 58 21 stän-

79 643 34 20 det
129 641 55 26 ville,
200 641 47 22 med
262 641 113 27 anledning
391 641 20 22 af
426 641 35 21 det
476 641 157 26 sammanhang,
649 641 6 21 i
667 641 79 22 hvilket
757 642 68 21 denna
836 642 59 27 fräga

77 670 48 22 stod
150 671 33 20 till
205 671 40 20 den
268 670 76 26 nädiga
366 669 157 27 propositionen
533 676 45 23 om
600 670 73 26 anslag
695 670 31 21 till
745 670 151 26 folkskolorna,

77 699 63 21 hvars
155 698 127 27 behandling
292 699 6 20 i
309 700 151 20 sammansatta
472 700 63 19 stats-
546 698 39 22 och
596 698 202 22 ekonomiutskottet
808 705 88 15 nnmera

78 726 101 27 slutförts,
188 727 122 27 ytterligare
321 726 114 27 bordlägga
446 727 122 21 densamma
579 726 54 21 intill
641 728 47 20 dess
696 727 92 21 nämnda
795 727 101 21 utskotts-

78 755 134 22 betänkande
226 755 7 21 i
248 755 73 27 frågan
336 754 115 22 inkommit.

146 813 31 21 På
200 812 21 22 af
241 812 49 22 herr
312 812 175 22 talmannen
502 812 61 26 gjord
578 811 153 27 framställning
745 812 50 21 fann
811 812 84 22 ståndet

78 842 51 26 godt
152 844 32 19 att
205 841 122 27 ytterligare
348 840 116 28 bordlägga
486 840 137 22 förevarande
646 840 134 22 betänkande
800 840 32 22 till
848 841 47 21 dess

78 872 152 20 sammansatta
251 872 62 19 stats-
329 869 39 21 och
384 869 213 21 ekonomiutskottets
612 868 134 22 betänkande
760 870 7 20 i
783 869 112 27 anledning

79 899 22 22 af
113 899 78 27 nådiga
205 898 158 28 propositionen
379 904 34 15 om
428 898 73 27 anslag
516 898 31 21 till
563 897 143 22 folkskolorna
721 898 117 22 inkommit.

146 1059 119 26 Föredrogs
288 1058 105 22 allmänna
415 1058 201 22 besvärsutskottets
631 1057 116 28 bordlagda
762 1057 134 22 betänkande

78 1087 42 22 N:o
144 1088 12 21 9
171 1088 49 21 med
235 1087 112 26 anledning
362 1087 23 21 af
399 1093 25 15 en
440 1087 56 21 inom
511 1087 153 22 bondeståndet
679 1087 62 22 väckt
756 1087 89 26 petition
861 1092 34 16 om

78 1117 73 26 anslag
166 1117 33 20 för
214 1123 26 14 en
255 1116 163 22 nationalteater
432 1115 7 22 i
454 1115 96 22 Finland.

146 1173 110 22 Professor
299 1178 105 16 Donner:
427 1172 41 26 Jag
482 1172 68 22 skulle
565 1173 118 26 ödmjukast
698 1172 85 22 anhålla
793 1174 32 20 att
835 1172 61 23 äfven

79 1202 68 22 denna
169 1202 59 27 fråga
249 1201 68 23 blefve
338 1201 102 27 bordlagd
462 1200 31 22 till
508 1202 106 26 tisdagens
629 1201 163 27 sammanträde,
809 1201 87 23 emedan

79 1234 31 19 ett
125 1230 58 22 antal
198 1236 106 22 personer,
319 1236 46 16 som
381 1230 67 21 blifvit
464 1230 88 22 utsedde
567 1232 32 20 att
614 1232 95 24 uppgöra
725 1232 30 19 ett
770 1230 78 27 förslag
864 1230 33 22 till

79 1260 68 21 fusion
167 1260 22 21 af
202 1261 113 23 teatrarne,
330 1258 68 22 blifvit
412 1258 77 27 färdigt
504 1259 48 21 med
567 1259 58 21 detta
640 1260 37 20 sitt
691 1258 78 27 förslag
785 1259 39 21 och
839 1265 59 16 snar-

78 1289 55 27 ligen
149 1288 94 21 kommer
258 1290 32 20 att
304 1287 116 27 framlägga
436 1287 115 22 detsamma
565 1287 55 22 inför
634 1287 149 22 allmänheten.

148 1344 31 22 På
202 1345 73 21 härom
298 1344 21 22 af
333 1344 48 21 herr
396 1344 175 21 talmannen
586 1344 60 26 gjord
661 1344 154 26 framställning
830 1343 68 22 beslöt

79 1373 85 23 ståndet
184 1375 32 20 att
238 1373 116 26 bordlägga
368 1373 7 20 i
390 1372 58 27 fråga
463 1372 91 22 varande
569 1372 133 22 betänkande
717 1372 32 21 till
764 1372 48 22 dess
827 1372 36 22 det
878 1371 22 23 af

80 1402 77 22 doktor
171 1402 87 21 Donner
273 1401 126 22 omnämnda
413 1401 102 27 förslaget
529 1400 68 22 blifvit
612 1399 172 29 offentliggjordt.
