1056 1745
334 117 159 18 Presteständet
506 118 53 18 1877.
584 119 25 16 23
622 118 50 17 febr.
845 112 39 20 135

94 186 74 27 gjorda
183 186 233 26 öfverenskommelsen,
433 189 35 19 äro
484 186 132 28 berättigade
631 189 32 19 att
678 186 69 22 lemna
757 186 89 28 räkning
857 186 58 22 öfver

95 215 76 27 nödiga
193 215 85 26 utgifter
301 214 34 22 vid
357 215 134 26 landtdagen.
522 216 33 20 Nu
578 217 23 19 är
617 215 36 21 det
668 214 117 22 emellertid
800 214 65 26 fallet,
882 216 32 20 att

94 243 33 21 för
149 244 52 21 sista
220 244 134 25 landtdagen,
370 244 27 20 dä
412 249 79 15 samma
506 243 132 27 bestämning
653 243 60 27 äfven
729 243 67 26 gälde,
813 242 101 22 universi-

95 274 64 19 tetets
179 274 171 24 representanter
370 272 46 20 icke
431 271 82 26 ingäfvo
529 272 89 26 räkning
633 271 58 21 öfver
706 272 64 26 nägot
785 271 45 27 slag
845 272 22 20 af
880 272 33 20 ut-

95 300 70 26 gifter,
188 306 49 16 vare
260 300 30 27 sig
306 306 44 14 mer
365 300 50 21 eller
431 300 80 21 mindre
526 300 83 26 nödiga.
640 300 96 21 Orsaken
753 299 68 21 dertill
837 302 24 18 är
876 299 38 27 pä-

94 328 72 27 taglig,
190 328 104 27 nämligen
318 328 46 23 den,
386 330 32 19 att
441 328 36 21 det
492 330 23 19 är
531 330 73 20 nästan
621 328 94 27 omöjligt
730 328 39 21 och
784 328 7 20 i
807 328 41 21 alla
863 328 51 21 hän-

96 357 68 21 delser
186 356 130 28 synnerligen
340 356 75 26 odiöst,
438 358 32 20 att
491 357 84 21 komma
599 356 20 21 in
644 357 47 21 med
714 363 25 15 en
757 356 96 27 räkning,
868 362 46 15 som

95 385 54 21 skall
172 386 108 27 granskas,
303 385 58 21 öfver
382 384 107 27 ätskilliga
510 385 152 27 utgiftsposter,
677 387 80 19 smärre
773 384 51 22 eller
838 386 75 25 större,

95 413 81 22 hvilkas
198 416 68 19 större
289 414 51 21 eller
362 414 81 21 mindre
465 413 156 26 nödvändighet
643 413 134 26 naturligtvis
797 412 59 22 alltid
871 413 42 21 kan

96 442 138 21 underkastas
249 441 124 26 diskussion,
390 441 59 22 deraf
463 441 76 27 följden
555 441 98 28 möjligen
668 441 40 22 kan
725 441 63 22 blifva
803 444 32 19 att
845 441 69 22 saldot

94 470 22 21 af
129 471 115 26 räkningen
261 470 41 21 blir
316 470 76 21 endast
407 471 36 20 det
459 470 86 27 obehag,
561 476 45 15 som
622 476 48 15 man
685 470 45 21 haft
745 469 22 22 af
781 470 132 21 densammas

93 498 171 22 framlemnande.
295 499 41 20 Det
352 501 23 19 är
390 505 25 14 en
431 498 107 27 sjelffallen
554 498 44 25 sak,
615 500 32 19 att
662 505 25 14 en
703 498 65 21 sådan
781 498 132 27 bestämning

94 527 68 26 aldrig
183 527 54 21 skall
259 527 68 21 förmå
348 527 155 21 universitetets
523 529 169 25 representanter
708 529 31 19 att
754 529 51 24 göra
821 527 36 21 det
872 527 42 20 rin-

94 559 58 23 gaste
176 555 90 28 anspråk
289 556 27 26 på
330 555 134 28 godtgörelse
479 555 23 21 af
516 556 134 24 valmännen;
666 555 45 22 icke
728 555 65 21 heller
808 555 41 21 kan
865 561 48 15 man

93 586 57 25 säga,
174 587 32 18 att
230 587 31 18 ett
278 585 24 20 så
316 583 119 22 beskaffadt
449 586 43 19 sätt
507 586 32 19 att
553 584 105 21 honorera
673 586 24 19 är
713 583 135 27 ,tillräckligt
863 583 52 22 eller

94 613 142 26 anständigt”,
259 613 38 21 och
320 613 121 27 isynnerhet
463 619 61 14 anser
544 613 36 26 jag
603 613 35 20 det
653 613 45 20 icke
713 618 52 15 vara
780 612 132 27 anständigt;

91 641 37 27 jag
143 647 105 21 upprepar
261 641 83 22 derföre
355 642 42 20 min
408 641 60 26 åsigt,
480 643 32 19 att
524 642 145 20 universitetet
680 641 66 21 borde
755 640 34 21 för
799 641 114 26 exemplets

94 669 60 27 skull,
178 670 32 21 för
231 670 31 21 sin
278 670 76 21 heders
369 669 61 22 skull,
446 676 27 15 nu
489 669 95 22 utbetala
599 671 22 20 åt
636 669 45 22 sina
696 671 171 25 representanter
883 671 30 19 ett

94 699 122 25 anständigt
231 699 84 26 arvode,
331 699 68 21 såsom
415 698 67 27 äfven,
496 698 36 27 jag
547 701 24 18 är
586 698 47 21 fullt
649 697 120 28 öfvertygad
783 698 78 25 derom,
873 697 40 22 den

93 727 53 21 allra
164 729 78 19 största
258 727 60 21 delen
330 726 22 22 af
363 727 155 21 universitetets
528 727 83 21 valmän
623 727 7 20 i
640 726 143 27 verkligheten
794 726 66 21 önska
871 726 42 21 det.

162 800 110 22 Protessor
286 800 158 22 Ehrström:
471 801 43 21 För
529 800 42 22 min
587 800 33 22 del
636 800 41 22 kan
691 800 36 27 jag
741 800 46 22 icke
802 799 63 27 finna,
881 801 32 19 att

93 829 174 27 anständigheten
289 830 27 26 på
339 829 64 27 något
425 832 42 19 sätt
490 830 66 20 blifvit
571 829 39 21 här
625 829 107 21 åsidosatt.
764 828 33 22 All
813 828 100 28 laglighet

93 859 39 20 har
152 858 69 21 blifvit
242 858 115 27 iakttagen.
387 858 33 21 Då
442 858 229 26 landtdagsordningen
692 860 68 23 säger,
783 859 32 19 att
837 857 34 21 vid
887 857 26 21 de

92 886 154 22 förberedande
269 888 85 19 mötena
376 886 212 22 öfverenskommelse
611 886 76 21 mellan
711 885 125 22 valmännen
858 885 54 22 skall

93 914 73 23 träffas
182 915 107 26 angående
305 915 35 21 det
356 915 116 26 underhåll,
488 917 197 25 representanterne
700 914 61 22 skola
773 914 89 26 åtnjuta,
874 913 39 22 och

93 944 59 21 detta
174 943 35 22 vid
230 944 146 21 universitetet
397 943 58 22 skett
477 945 26 25 på
518 946 31 19 ett
564 943 75 22 sådant
654 945 49 24 sätt,
719 945 32 19 att
766 944 147 25 representan-

92 975 61 19 terne
168 972 126 27 berättigats
310 974 31 19 att
356 972 20 21 få
391 972 36 21 full
443 973 118 26 ersättning
576 971 32 22 för
622 972 47 21 sina
684 971 121 25 kostnader,
818 972 23 21 så
852 977 61 16 anser

90 1001 37 27 jag
150 1000 130 22 fortfarande
301 1001 75 26 frågan
397 1001 46 21 icke
460 1001 53 22 höra
527 1000 32 22 till
574 1001 95 21 ständets
684 999 96 28 pröfning
795 1000 7 21 i
818 1000 39 21 den
873 1001 40 25 väg

93 1030 41 21 den
156 1029 116 22 inkommit.
303 1029 49 22 Med
375 1030 97 21 afseende
493 1031 13 20 å
527 1030 39 21 den
582 1029 23 21 af
618 1031 73 25 pastor
706 1028 135 21 Westerlund
857 1029 56 20 utta-

92 1058 48 21 lade
155 1057 93 28 farhåga,
265 1058 45 21 dels
326 1057 32 22 för
372 1058 95 21 ståndets
482 1057 128 28 fulltalighet
625 1058 39 21 och
680 1057 43 22 dels
739 1057 32 21 för
785 1057 47 21 dess
843 1057 69 25 kassa,

92 1086 80 22 tillåter
193 1086 36 27 jag
251 1087 42 26 mig
309 1086 85 27 tillägga
411 1089 30 18 ett
456 1087 84 26 uttryck
555 1086 22 21 af
591 1086 40 21 den
646 1085 147 27 förhoppning,
809 1087 31 20 att
855 1085 57 21 stån-

92 1115 37 21 det
144 1115 66 22 måtte
225 1115 52 27 hysa
292 1115 36 21 det
342 1115 121 21 förtroende
479 1115 32 21 till
526 1115 156 21 universitetets
695 1115 175 26 representanter,
881 1115 32 20 att

92 1143 26 22 de
133 1143 46 22 icke
194 1143 60 22 skola
270 1144 114 21 desertera.
414 1144 40 26 Jag
469 1143 62 22 utber
547 1144 41 26 mig
603 1143 99 26 slutligen
717 1143 40 20 ock
772 1145 32 18 att
819 1142 20 21 få
850 1141 62 22 fram-

92 1171 63 25 hålla,
179 1172 35 21 det
236 1172 72 27 frågan
332 1174 23 19 är
375 1172 46 21 icke
445 1172 54 22 blott
521 1171 122 28 grannlaga,
664 1174 50 19 utan
730 1171 39 22 ock
785 1170 80 28 pinsam
881 1170 32 22 för

91 1201 157 21 universitetets
263 1203 175 25 representanter.

160 1274 69 22 Sedan
246 1275 145 21 diskussionen
407 1274 87 22 härmed
509 1274 103 25 afslutats,
628 1273 123 23 framstälde
764 1274 49 21 herr
824 1273 89 22 talman-

92 1309 40 15 nen
148 1303 92 27 följande
255 1303 142 27 proposition:

161 1376 81 22 «Anser
264 1376 129 25 högvördiga
414 1376 85 20 ståndet
521 1374 138 21 förevarande
681 1374 59 26 fråga
763 1374 51 20 böra
829 1374 84 20 förfalla

91 1403 53 21 eller
167 1402 63 22 icke?
259 1403 47 20 Den
328 1409 45 14 som
389 1402 42 25 vill,
447 1405 32 18 att
493 1402 74 27 frågan
583 1403 34 20 må
633 1402 89 23 förfalla,
737 1408 74 15 svarar
821 1402 35 25 ja,
873 1402 40 20 den

92 1432 36 21 det
150 1431 46 22 icke
217 1431 41 26 vill,
282 1437 74 15 svarar
376 1431 43 26 nej.
449 1430 80 22 Vinner
551 1430 40 27 nej,
613 1429 39 22 har
674 1430 85 21 ståndet
774 1429 56 22 velat
845 1429 67 22 uttala

92 1460 146 27 önskligheten
255 1459 65 28 deraf,
336 1461 32 20 att
383 1459 146 22 universitetet
544 1458 34 22 vid
593 1458 98 22 framtida
707 1458 33 22 val
757 1457 20 22 af
791 1458 122 27 landtdags-
