1056 1817
196 122 40 20 128
401 125 159 18 Presteståndet
575 126 54 17 1877.
653 126 27 16 20
692 126 50 17 febr.

166 194 131 21 Alexanders
319 193 147 22 universitetet
488 194 17 26 ej
530 193 91 27 anslagit
636 194 64 26 något
715 194 79 21 arvode
808 193 32 22 för
855 193 46 21 sina
915 200 72 20 repre-

166 224 109 19 sentanter
290 222 33 21 vid
339 222 134 26 landtdagen,
489 224 61 23 samt,
568 222 26 21 då
604 222 6 20 i
622 227 80 16 samma
713 222 11 27 $
735 222 122 26 ytterligare
867 222 119 26 stadgades,

166 251 37 21 det
224 250 32 21 för
277 251 26 21 de
319 250 31 21 till
365 249 156 28 presteståndet
536 250 94 21 hörande
645 249 131 28 fullmäktige
791 250 39 21 bör
845 256 33 15 om
895 250 93 27 uppbör-

167 280 40 21 den
230 279 192 22 öfverenskommas
445 279 6 20 i
474 279 153 26 sammanhang
649 279 48 21 med
712 279 225 22 öfverenskommelsen
953 285 34 15 om

167 308 156 26 valordningen,
340 307 156 27 presteståndet
511 307 67 22 skulle
594 308 45 21 från
652 307 146 22 universitetet
808 307 93 22 infordra
911 307 76 28 utdrag

167 344 25 14 ur
208 337 35 21 det
258 336 114 28 protokoll,
388 342 45 15 som
449 336 34 21 vid
499 336 126 22 valtillfället
640 335 58 22 förts.

236 393 111 22 Professor
361 393 144 22 Ehrström
521 393 103 25 framhöll,
641 395 32 20 att
688 393 66 21 andra
769 400 63 15 mom.
849 393 21 22 af
885 393 40 22 den
940 393 49 22 äbe-

167 423 79 26 ropade
261 422 12 27 8
288 422 117 21 innehåller
421 423 36 20 det
472 421 157 22 vederbörande
645 422 62 21 stånd
722 424 24 19 är
760 422 138 27 berättigadt,
911 424 38 23 att,
961 423 28 26 pä

168 452 72 21 derom
256 450 22 22 af
291 451 48 21 vald
355 451 161 26 landtdagsman
532 450 110 21 framstäld
657 451 84 26 klagan,
757 450 117 22 bestämma
889 450 99 27 beloppet

167 480 22 21 af
210 480 35 21 det
268 479 117 24 underhåll,
407 485 45 15 som
475 479 78 21 honom
570 479 34 21 för
619 479 59 21 detta
694 479 95 26 uppdrag
804 479 38 21 bör
857 479 130 25 tillkomma
974 475 16 34 ;

168 509 38 21 och
230 508 27 21 dä
277 508 62 26 ingen
355 507 64 22 sådan
435 507 76 27 klagan
527 507 7 21 i
550 507 59 22 detta
623 507 98 22 afseende
736 507 39 22 hos
790 508 85 21 ståndet
891 507 96 26 anmälts,

167 537 66 27 ansåg
253 536 82 22 talaren
357 537 32 26 sig
410 536 52 21 böra
483 535 124 28 ifrågasätta
629 537 95 21 ständets
746 536 124 27 behörighet
892 539 32 19 att
939 538 48 25 taga

167 566 118 26 befattning
301 565 47 21 med
365 565 35 22 det
415 565 22 22 af
451 566 86 26 prosten
553 565 58 26 Hjelt
626 565 76 22 väckta
717 564 105 27 förslaget.

237 623 89 21 Prosten
349 622 80 27 Hjelt
452 622 109 27 genmälde
584 622 77 27 härtill,
680 624 32 19 att
728 623 35 21 det
778 622 24 21 af
815 622 106 27 professor
936 623 53 21 Ehr-

168 654 67 19 ström
258 651 92 22 citerade
372 657 61 15 mom.
457 651 131 26 berättigade
608 651 39 21 den
663 651 61 21 valde
740 651 202 27 landtdagsmannen
957 653 32 20 att

168 680 74 21 anföra
257 680 76 26 klagan
349 679 38 21 hos
402 680 85 20 ståndet
502 679 75 21 endast
592 679 6 21 i
614 679 36 21 det
664 679 43 26 fall,
724 682 32 18 att
772 679 40 21 han
828 680 65 26 ansåg
909 680 35 21 det
957 680 32 21 för

168 708 78 22 honom
268 708 110 22 bestämda
401 708 87 21 arvodet
509 714 51 15 vara
575 707 33 22 för
622 708 50 26 lågt.
703 708 48 21 Men
768 708 26 21 då
809 708 66 22 första
890 715 63 15 mom.
969 709 21 21 af

168 737 11 27 &
195 737 141 27 uttryckligen
351 736 109 22 föreskref,
476 738 32 20 att
522 736 73 27 hvarje
610 736 47 21 vald
668 737 162 27 landtdagsman
840 737 57 21 skall
907 737 82 26 åtnjuta

168 765 123 27 tillräckligt
314 765 39 21 och
376 765 120 27 anständigt
518 765 120 25 underhåll,
660 764 66 22 borde
742 766 35 21 det
793 765 73 25 tillses,
882 768 31 19 att
929 766 17 26 ej
963 772 26 15 en

168 794 66 21 sådan
257 794 52 22 osed
331 794 133 27 uppkomme,
486 796 32 19 att
533 794 31 21 till
580 793 162 27 landtdagsmän
758 794 71 22 valdes
844 801 107 20 personer,
967 796 23 20 åt

168 822 73 22 hvilka
255 823 54 21 intet
324 822 111 22 underhåll
450 822 89 22 behöfde
554 822 72 28 gifvas.

240 880 109 21 Professor
371 880 113 20 Donner
504 881 65 25 ansåg
592 881 31 21 att
644 880 85 21 ståndet
749 880 46 21 icke
810 880 66 22 borde
891 880 55 22 fästa
961 881 29 21 af-

171 908 78 21 seende
272 908 33 22 vid
328 911 85 24 prosten
436 908 68 26 Hjelts
524 908 84 26 förslag,
624 910 58 24 enär,
698 908 65 28 enligt
778 909 66 21 andra
860 909 110 27 meningen
985 910 6 20 i

172 937 39 21 den
230 937 120 27 åberopade
366 937 12 27 $
394 936 21 22 af
429 937 24 21 L.
470 936 31 26 O.,
518 937 158 21 vederbörande
691 937 196 27 valkorporationer
902 940 37 19 äro
956 938 36 21 be-

170 966 106 26 rättigade
297 968 38 24 att,
358 966 63 21 innan
437 965 34 21 val
486 966 54 25 sker,
557 968 94 24 uppgöra
667 966 93 21 vilkoren
776 966 32 21 för
823 966 133 22 underhållet
971 967 22 21 af

170 994 170 26 landtdagsmän,
364 994 39 21 och
426 994 5 20 i
454 1000 28 14 nu
504 994 138 22 förevarande
664 993 36 22 fall
718 994 88 22 klander
821 995 21 21 af
856 995 55 26 dem,
927 996 64 20 saken

170 1022 77 26 gällde,
263 1022 18 26 ej
298 1022 68 21 blifvit
381 1022 90 22 anfördt.

240 1078 30 22 På
293 1078 135 28 domprosten
451 1079 135 21 Renvalls
610 1078 82 28 förslag,
716 1079 79 22 beslöts
819 1082 33 20 att
876 1080 115 27 bordlägga

170 1107 88 21 ärendet
274 1107 31 21 till
321 1109 61 19 nästa
396 1108 162 21 sammanträde.

239 1164 46 21 Mot
307 1163 92 22 beslutet
422 1171 33 14 om
478 1163 85 28 frågans
586 1165 158 27 bordläggning,
768 1171 44 16 som
828 1165 101 22 innebure
945 1165 46 22 dess

170 1193 142 26 upptagande,
328 1193 101 22 anmältes
445 1194 131 21 reservation
592 1193 21 22 af
626 1194 107 27 professor
748 1194 152 22 Ehrström.

239 1323 102 28 Följande
360 1325 155 21 sammanträde
532 1327 89 19 utsattes
637 1325 31 20 till
684 1325 175 22 nästkommande
875 1325 72 28 fredag
963 1326 27 21 kl.

171 1352 25 19 11
213 1351 14 20 f.
244 1358 33 19 m.,
294 1352 64 21 hvarä
374 1353 84 20 ståndet
473 1353 101 20 ätskildes
590 1353 28 20 kl.
635 1355 62 24 11,45
714 1354 48 20 min.
778 1354 45 20 före
839 1355 116 26 middagen.

752 1409 23 17 In
787 1409 60 17 fidem:

660 1443 50 21 Carl
725 1443 47 22 Joh.
789 1443 133 30 Lindegvist.
