1056 1814
320 123 158 17 Presteståndet
491 124 54 17 1877.
569 124 12 16 6
593 128 61 12 mars.
839 118 39 20 179

154 193 34 20 4:0
204 195 32 18 att
245 193 90 24 ståndet,
343 192 27 26 på
377 192 125 21 hemställan
512 192 22 21 af
540 193 152 21 sammansatta
700 191 43 27 lag-
751 192 39 21 och
799 193 108 21 ekonomi-

85 221 114 26 utskottet,
222 221 47 20 med
292 221 128 26 frångående
438 221 22 20 af
475 223 30 19 ett
520 220 89 26 tidigare
625 221 69 20 beslut
709 221 8 20 i
731 223 78 23 ämnet,
825 221 82 21 förord-

86 252 44 22 nat,
154 251 32 18 att
208 249 78 26 nådiga
308 249 159 26 propositionen
490 249 39 20 N:o
543 251 18 23 6,
583 249 109 26 angående
707 249 123 26 förändring
845 249 22 20 af
881 250 26 20 de

86 278 47 21 med
156 277 117 26 Kuusamo,
295 277 123 21 Kemiträsk
441 277 38 21 och
502 277 124 26 Kuolajärvi
649 277 131 21 sockneboer
800 278 106 21 afslutade

86 306 189 26 knektekontrakt,
300 305 66 22 borde
388 306 22 20 af
430 308 153 19 sammansatta
599 305 34 27 lag
649 305 38 22 och
703 306 204 21 ekonomiutskottet

86 334 123 22 behandias.

155 391 87 21 Hvilket
257 391 148 21 autecknades.

156 534 120 27 Föredrogs
292 533 53 22 efter
360 533 170 27 tilländagången
545 534 86 26 liggetid
647 534 171 21 statsutskottets
833 534 73 21 betän-

88 563 68 20 kande
179 563 40 20 N:o
244 565 8 18 1
284 563 6 20 i
313 563 112 26 anledning
447 563 22 20 af
489 563 58 20 Hans
569 562 118 27 Kejserliga
703 562 110 27 Majestäts
828 563 78 27 nådiga

89 592 131 26 proposition
236 598 33 15 om
285 591 113 26 aflyftande
414 591 23 21 af
451 591 38 21 den
505 592 6 20 i
528 592 63 20 Wasa
607 591 39 22 och
661 591 118 27 Uleåborgs
794 591 35 21 län
839 593 68 20 under

87 621 128 26 benämning
229 620 174 27 fraktpenningar
418 621 105 26 utgående
539 620 64 21 skatt.

155 677 73 21 Under
251 677 40 21 den
314 677 124 25 diskussion,
463 683 43 16 som
523 678 91 20 rörande
631 677 58 22 detta
704 677 134 22 betänkande
854 684 51 20 upp-

87 706 55 27 stod,
157 706 85 27 yttrade
257 706 32 27 sig
304 705 91 28 följande
411 706 76 21 talare:

155 763 90 22 Prosten
269 763 88 26 Hjelt:
381 763 73 22 Såsom
478 764 23 21 af
520 763 94 21 utskotts
629 763 156 22 betänkandets
801 764 76 26 pagina
892 765 13 20 3

86 792 99 27 framgår,
208 792 38 21 har
268 793 57 20 inom
345 792 105 21 utskottet
465 792 59 27 fråga
539 792 102 27 uppstått,
657 793 104 20 huruvida
775 793 46 20 icke
838 793 69 20 denna

88 821 153 27 angelägenhet
264 821 64 21 berör
345 821 167 27 presteståndets
529 821 126 27 privilegier,
672 821 39 21 och
727 821 26 21 då
769 821 36 20 det
819 827 37 16 var
869 821 36 27 jag

88 857 45 14 som
156 851 55 20 inom
232 850 106 21 utskottet
353 850 74 21 väckte
442 850 81 27 frågan,
538 850 40 21 har
590 850 37 26 jag
642 853 71 18 ansett
728 850 41 26 mig
784 856 51 15 vara
851 850 54 26 skyl-

88 879 34 28 dig
144 881 33 19 att
200 879 46 21 föra
269 879 25 21 de
317 879 52 26 skäl,
397 879 21 21 på
439 879 70 21 hvilka
522 879 37 27 jag
574 879 72 21 stöder
662 879 68 20 denna
745 879 42 20 min
803 879 61 26 äsigt.
895 879 11 21 I

88 909 64 20 slutet
168 908 22 21 af
204 908 66 27 fjerde
286 908 125 27 paragrafen
427 907 23 21 af
461 908 168 26 presteståndets
639 907 119 27 privilegier
770 907 66 22 finnes
847 909 59 20 stad-

87 937 48 25 fäst,
158 939 32 18 att
213 937 35 21 det
270 937 46 21 icke
334 937 54 20 skall

87 966 91 26 position
203 965 58 21 öfver
283 965 107 27 ,Presters

404 943 51 14 vara
473 937 94 26 tillåtligt
582 939 33 18 att
630 937 87 26 tillegna
733 937 31 26 sig
779 937 69 26 någon
864 937 42 21 dis-

399 969 67 22 kapets
489 965 85 26 Tionde,
593 965 105 26 Vederlog
713 966 39 20 och
767 965 137 22 Underhälls-

88 995 107 26 Spanmäl,
219 994 38 21 och
275 995 64 25 them,
356 1000 43 16 som
416 994 47 21 thet
477 1001 80 14 samma
572 996 24 19 är
611 994 97 27 anslagit,
723 995 68 20 under
806 1001 63 14 namn
884 995 24 20 af

89 1023 111 22 öfvermäls
223 1023 160 26 efterfrägande,

404 1023 188 26 transporterande
614 1023 24 21 til
657 1023 66 20 andra
738 1023 167 26 Kyrkioherber-

88 1055 58 24 gen”,
169 1054 48 23 etc.,
239 1051 107 22 äfvensom
368 1052 7 20 i
390 1053 26 19 14
439 1052 11 27 &
466 1051 22 21 af
502 1058 81 15 samma
598 1051 129 27 Privilegier,
745 1053 33 20 att
794 1052 51 27 ,eho
860 1058 45 15 som

89 1081 100 26 Spanmäl
209 1083 51 18 utur
282 1081 110 26 Kyrkio-H

88 1109 112 22 underhäll
222 1109 116 21 bekommit
360 1109 27 21 ha

89 1138 75 26 macht,
180 1140 23 19 at
218 1138 44 20 låta
297 1138 84 25 Aboerne,

88 1167 49 20 then
161 1168 24 20 til
205 1173 26 14 en
252 1167 52 21 eller
319 1173 68 15 annan

89 1195 54 26 stad,
160 1196 51 21 eller
226 1195 68 22 hwart
309 1195 56 21 hälst
381 1197 7 18 t

88 1224 69 21 mälen
173 1224 143 21 tilkommer*.
338 1224 34 20 Dä
386 1231 7 13 n

88 1253 215 27 skottsbetänkandet
327 1253 64 26 antyd

88 1281 105 27 allmogen
216 1281 7 20 i
246 1281 138 22 Österbotten

88 1317 47 14 rera
157 1310 185 27 räntespanmålen
364 1310 24 20 til

394 1081 101 26 erbergen
518 1081 23 20 af
559 1080 39 21 Oss
613 1081 40 20 och
669 1080 83 21 Cronan
768 1081 32 21 till
816 1081 35 20 lön
866 1081 40 20 och

398 1115 47 20 wer,
462 1109 39 21 och
516 1110 50 21 then
581 1109 94 21 härefter
690 1109 76 25 niuter,
783 1109 45 21 skal
843 1109 64 21 hafva

397 1144 45 15 som
458 1145 81 14 samma
558 1137 179 27 Kyrkio-Tijonde
757 1139 91 26 utgiöra,
858 1138 48 21 föra

403 1169 34 18 ort
453 1167 56 21 inom
525 1167 118 26 Lagsagun,
659 1169 63 18 anten
738 1166 24 21 til
778 1169 61 18 nästa
854 1167 51 26 köp-

396 1198 30 19 het
441 1195 61 21 faller
518 1196 76 20 honom
606 1195 159 26 begvämligast,
776 1201 45 15 som
832 1201 73 21 spane-

393 1231 22 14 nu
430 1224 58 21 säväl
503 1224 118 27 Kejserliga
636 1224 159 26 propositionen
811 1230 44 15 som
873 1226 33 18 ut-

393 1259 18 17 a,
434 1255 33 18 att
483 1253 68 20 denna
565 1253 70 26 afgäld
651 1253 39 20 har
705 1253 32 20 sin
752 1253 68 26 grund
835 1253 7 20 i
858 1253 47 25 den,

399 1282 64 20 sedan
479 1282 58 21 äldre
553 1281 56 21 tider
623 1281 108 26 medgifna
745 1283 44 19 rätt
804 1283 32 19 att
851 1281 54 21 leve-

419 1311 25 20 de
459 1311 7 19 i
482 1311 118 20 socknarna
614 1311 107 20 inrättade
735 1309 171 26 kronobodarna,

88 1340 6 19 i
118 1339 72 20 stället
212 1338 32 21 för
265 1341 32 19 att
319 1338 65 21 forsla
405 1339 122 21 densamma
549 1339 32 21 till
596 1339 93 21 kronans
713 1339 192 26 upplagsmagasin,

89 1369 71 24 syntes
176 1367 35 21 det
226 1368 44 26 mig
285 1367 63 26 klart,
364 1369 31 18 att
411 1368 61 27 dessa
487 1367 174 26 fraktpenningar
676 1367 97 26 utgjorde
790 1373 25 15 en
831 1369 74 19 ersätt-

88 1396 50 26 ning
160 1396 22 21 ät
205 1396 158 27 presterskapet
384 1397 8 19 i
414 1396 137 21 Österbotten
567 1396 32 21 för
615 1396 47 21 dess
678 1396 119 27 skyldighet
812 1398 32 19 att
860 1395 48 26 sjelf

88 1424 32 21 till
143 1425 37 20 sitt
200 1425 48 20 hem
269 1425 119 20 framforsla
404 1425 40 20 den
460 1425 102 26 spanmäl,
577 1425 108 25 angäende
700 1425 85 21 hvilken
801 1425 35 21 det
851 1424 55 21 hade

88 1453 44 20 rätt
156 1454 32 19 att
209 1451 78 27 fordra,
309 1454 33 19 att
357 1453 25 19 de
398 1452 67 21 skulle
477 1453 60 26 föras
553 1453 36 25 dit,
606 1453 117 20 detsamma
738 1453 99 20 önskade.
868 1453 39 19 Att

88 1480 69 21 denna
180 1480 58 21 skatt
256 1480 62 26 utgår
340 1480 75 21 endast
437 1481 5 20 i
462 1481 142 26 Österbotten,
626 1480 39 21 har
687 1481 32 20 sin
739 1481 68 26 grund
831 1481 76 22 deruti,

88 1511 33 19 att
146 1509 93 26 ständigt
262 1509 100 26 vederlag
382 1509 74 21 endast
483 1509 92 27 ätnjutes
601 1508 22 21 af
637 1511 125 24 pastorerna
788 1509 117 22 dersamma
