1059 1789
322 117 159 19 Presteståndet
494 120 53 17 1877.
572 119 22 17 16
606 124 61 12 mars.
834 113 42 21 263

88 193 48 16 svar
156 187 67 21 skulle
238 187 103 28 inryckas,
357 190 32 19 att
403 189 113 21 ständerna
532 189 6 21 i
553 189 40 21 den
608 188 144 28 öfvertygelse,
768 190 32 20 att
816 195 24 15 en
856 194 49 16 snar

89 215 177 27 omorganisation
282 216 21 21 af
316 217 122 26 postverket
453 217 53 21 skall
517 220 51 24 göra
577 217 268 27 häradspostinrättningen
856 217 48 21 obe-

87 243 71 28 höflig,
176 244 80 27 antagit
272 245 6 20 i
293 244 59 27 fråga
366 246 92 21 varande
474 245 211 27 författningsförslag
700 245 32 22 för
747 252 26 15 en
788 246 31 21 tid
834 245 22 22 af
870 251 36 15 en-

89 273 46 20 dast
150 273 41 21 fem
206 273 30 25 år,
252 273 90 21 räknadt
356 273 46 21 från
418 274 40 21 den
474 274 46 27 dag,
536 274 148 27 författningen
699 274 70 21 kunde
779 274 85 21 komma
874 275 32 20 att

88 301 62 21 träda
171 301 6 20 i
200 301 145 28 verksamhet;
366 304 32 19 att
420 303 112 26 godkänna
554 303 12 26 $
585 303 8 20 1
610 303 23 21 af
647 303 149 23 betänkandet,
812 309 47 14 men
874 304 32 19 att

88 330 213 21 ekonomiutskottets
324 331 186 26 uppmärksamhet
533 331 67 21 skulle
622 331 64 22 fästas
708 331 33 21 vid
763 331 39 22 den
819 330 86 25 olikhet,

88 365 44 16 som
154 358 106 22 förefanns
282 359 90 22 emellan
387 359 135 27 paragrafens
536 360 79 27 lydelse
630 360 6 21 i
652 360 40 21 den
707 360 89 21 svenska
812 360 38 21 och
866 360 39 21 den

88 387 68 22 finska
179 390 77 21 texten,
280 388 132 27 derutinnan,
433 391 31 18 att
479 389 35 21 det
529 390 13 20 &
557 389 89 21 raderna
662 389 12 20 2
690 389 38 21 och
744 389 12 20 3
772 389 7 20 i
795 389 39 21 den
850 388 56 21 förra

89 416 68 22 heter:
181 417 43 26 ,för
246 416 150 23 fortskaffande
418 417 20 22 af
460 417 128 22 embetsbref
609 418 55 25 från
680 417 36 21 och
733 418 35 20 till
783 417 123 22 häradshöf-

89 445 55 26 ding,
168 445 129 26 kronofogde
316 445 38 21 och
370 445 114 27 länsman”,
502 452 45 16 men
564 446 38 22 den
618 446 147 21 motsvarande
780 446 67 21 finska
862 447 43 20 tex-

88 476 36 19 ten
147 474 6 20 i
176 474 151 26 öfversättning
348 473 67 22 skulle
438 474 58 28 lyda:
518 474 46 26 ,för
578 474 150 22 fortskaffande
744 474 21 22 af
779 474 128 22 embetsbref

89 502 89 22 emellan
201 502 169 27 häradshöfding,
392 503 130 27 kronofogde
537 504 39 21 och
591 504 113 25 länsman”;
722 505 31 19 att
768 504 112 26 godkänna
894 502 12 28 $

89 532 12 20 2
124 532 6 20 i
152 531 69 27 öfrigt,
244 533 58 19 utom
325 534 31 18 att
377 532 73 26 början
469 533 22 20 af
505 534 10 25 $
531 532 31 21 till
579 532 38 22 och
633 533 46 20 med
695 532 61 21 ordet
770 534 136 25 ,upptagas*,

88 560 68 21 skulle
172 560 79 22 erhålla
266 566 80 15 samma
361 560 85 28 lydelse,
462 566 44 16 som
522 561 6 21 i
544 561 40 21 den
599 560 77 26 nådiga
690 561 168 27 propositionen;
874 562 32 20 att

89 591 76 24 antaga
181 589 11 27 $
209 591 11 19 3
237 589 47 21 med
300 588 25 22 de
341 589 103 26 rättelser,
460 592 32 18 att
507 590 60 21 ordet
582 589 124 28 ,utbjudas*
722 590 13 20 &
750 590 64 20 raden
828 590 23 20 21
865 588 41 22 för-

88 617 78 21 ändras
189 617 31 21 till
242 617 122 27 ,utbjudes"
384 618 38 21 och
438 618 60 22 ordet
513 618 147 27 ,borgeskrift*
676 619 12 20 ä
703 618 38 21 rad
757 619 27 21 33
800 618 32 21 till
847 618 60 27 ,bor-

88 646 125 26 gesskrift;"
236 649 32 18 att
291 648 77 24 antaga
385 646 29 28 $$
430 647 13 20 4
459 647 38 21 och
513 648 12 20 5
542 647 146 25 oförändrade;
705 649 31 19 att
751 647 156 21 återremittera

89 676 12 26 $
120 676 13 20 6
149 675 31 21 till
197 674 110 25 utskottet,
323 676 47 20 med
386 676 104 21 anmodan
507 677 31 20 att
553 676 110 25 utskottet,
679 675 129 22 beträffande
824 676 36 21 det
874 682 33 15 se-

89 710 50 15 nare
162 705 115 20 momentet
299 704 64 26 deraf,
387 704 65 21 måtte
474 705 84 25 vidtaga
574 705 39 21 den
628 704 92 28 rättelse,
737 707 32 19 att
783 704 125 27 hänvisning

88 732 31 22 till
142 732 26 22 de
190 732 222 27 straffbestämningar,
428 738 45 16 som
488 733 6 21 i
510 733 153 21 administrativ
678 735 38 24 väg
732 735 36 19 äro
784 733 124 21 meddelade

88 768 34 15 om
144 761 193 27 kronopostförare,
357 761 67 22 skulle
441 762 49 26 utgå
505 762 38 21 och
559 762 105 22 utskottet
678 762 106 21 inkomma
800 762 46 21 med
861 762 44 21 för-

87 791 47 23 slag
149 790 33 21 till
196 790 99 27 lämpliga
310 790 243 27 ansvarsbestämningar
568 791 32 21 för
615 790 26 22 de
657 790 55 22 olika
727 792 71 25 slagen
810 790 21 22 af
841 790 67 22 öfver-

88 819 104 21 trädelser
207 818 38 22 och
261 819 161 24 försummelser,
438 826 44 14 som
498 820 6 20 i
520 822 115 19 momentet
650 819 65 21 finnes
725 822 113 24 upptagna,
852 822 56 19 samt

88 848 104 27 slutligen,
216 848 47 21 med
286 848 154 26 godkännande
461 848 60 21 äfven
544 848 5 21 i
572 848 67 21 denna
654 848 34 21 del
703 848 21 22 af
738 851 169 18 reservanternes

88 876 86 28 förslag,
194 878 31 19 att
240 876 114 22 ständerna
368 876 46 22 icke
429 877 7 20 i
452 877 60 21 deras
527 877 144 26 underdåniga
686 883 48 15 svar
749 877 67 21 skulle
832 876 76 28 afgifva

88 906 65 26 något
175 905 98 27 yttrande
295 906 90 20 rörande
401 905 39 22 den
456 906 12 20 7
484 906 38 21 och
538 906 91 26 följande
644 906 24 26 $$
683 905 22 22 af
719 906 133 26 regeringens
868 906 40 20 för-

87 934 45 27 slag
148 934 31 22 till
194 934 123 26 förordning
332 934 108 25 angående
454 934 267 28 häradspostinrättningen
739 947 25 3 —
780 934 38 22 och

156 980 22 27 b)
202 982 32 19 att
256 981 84 21 ständet
363 980 34 21 vid
420 980 133 27 ompröfning
574 980 22 22 af
617 981 47 21 dess
679 981 95 21 enskilda
790 980 118 22 besvärsut-

87 1010 70 21 skotts
181 1009 132 22 betänkande
335 1010 6 20 i
364 1009 112 27 anledning
498 1009 22 22 af
540 1010 62 21 väckt
623 1009 77 27 förslag
714 1016 33 15 om
763 1011 111 26 tryckning
888 1010 22 21 af

88 1038 186 27 borgareständets
296 1038 106 27 protokoll
425 1038 31 21 för
479 1038 140 22 innevarande
640 1039 108 26 landtdag,
766 1039 93 26 godkänt
873 1041 35 18 ut-

89 1068 91 21 skottets
202 1067 152 27 framställning
378 1073 33 15 om
434 1067 146 27 önskligheten
603 1067 38 22 och
666 1067 98 22 behofvet
790 1067 64 26 deraf,
876 1069 33 20 att

88 1096 100 22 ständens
210 1097 128 20 diskussions
359 1096 106 27 protokoll
481 1096 66 21 blefve
563 1096 32 21 till
610 1097 61 26 tryck
687 1096 131 27 befordrade,
833 1096 75 22 liksom

88 1125 84 21 ständet
192 1125 78 26 jemväl
294 1125 32 21 för
340 1125 32 20 sin
388 1125 34 21 del
437 1125 83 22 förenat
534 1125 32 26 sig
581 1131 33 15 om
631 1125 113 21 utskottets
759 1125 61 26 äsigt,
836 1126 32 20 att
882 1125 27 21 de

88 1154 34 20 för
144 1153 119 21 ändamälet
286 1153 76 26 nödiga
383 1153 86 27 utgifter
490 1160 49 15 vore
554 1155 32 19 att
602 1153 97 22 hänföras
715 1154 31 21 till
762 1153 26 22 de
803 1153 106 22 allmänna

88 1181 116 22 kostnader
222 1182 39 21 och
277 1181 85 28 utgifter
378 1182 5 21 i
400 1182 38 21 och
454 1181 32 22 för
500 1182 134 27 landtdagen,
651 1181 71 22 hvilka
734 1182 83 26 jemlikt
832 1182 12 27 $
860 1182 26 22 82
902 1183 7 20 i

89 1210 228 27 landtdagsordningen
335 1211 65 21 borde
421 1211 47 21 med
487 1211 104 22 allmänna
607 1211 67 21 medel
688 1211 111 26 bestridas,
815 1217 47 15 men
878 1213 32 19 att

88 1239 86 22 ständet
197 1239 53 22 dock
272 1241 70 20 ansett
364 1240 32 26 sig
414 1239 46 22 icke
476 1240 70 21 kunna
561 1239 32 22 till
608 1240 159 21 statsutskottet
782 1239 128 22 öfverlemna

89 1270 32 19 att
144 1268 82 21 direkte
244 1267 45 22 frän
306 1268 26 21 de
348 1268 73 27 medel,
436 1269 105 20 utskottet
556 1268 34 21 för
605 1267 133 22 bestridande
754 1268 21 22 af
790 1268 120 27 landtdags-

89 1297 143 21 kostnaderne
254 1296 161 25 omhkänderhar,
438 1297 72 22 anvisa
532 1297 35 21 det
584 1297 32 21 för
631 1297 137 27 tryckningen
784 1297 76 26 nödiga
875 1297 35 21 be-

89 1325 78 26 loppet,
190 1327 50 19 utan
262 1325 69 22 skulle
353 1325 85 22 ständet
459 1326 7 20 i
487 1325 101 27 afgäende
610 1325 115 26 skrifvelse,
745 1325 84 22 hvilken
844 1325 66 21 borde

89 1353 83 27 åtföljas
189 1353 22 22 af
224 1354 95 21 enskilda
334 1353 201 22 besvärsutskotteis
550 1354 133 21 betänkande
697 1355 7 20 i
719 1353 89 26 afskrift,
826 1353 84 22 anhålla

90 1384 32 19 att
137 1383 159 20 statsutskottet
311 1382 47 21 ville
374 1383 6 20 i
395 1383 59 26 fräga
469 1389 34 14 om
518 1385 65 19 sättet
598 1383 33 20 för
646 1383 134 21 bestridande
796 1382 22 21 af
826 1382 26 21 de
862 1382 48 21 med

90 1411 138 25 tryckningen
248 1411 100 20 förenade
368 1411 122 24 kostnader,
506 1411 31 20 till
552 1411 97 24 samtliga
664 1411 62 20 ständ
740 1411 107 20 inkomma
862 1411 49 20 med

91 1439 36 20 det
142 1437 139 26 betänkande,
297 1438 85 21 hvartill
398 1437 104 22 utskottet
517 1439 77 24 ansäge
609 1438 95 21 ständets
716 1437 69 22 beslut
795 1437 114 22 föranleda.

158 1479 40 20 2:0.
229 1477 56 22 Från
307 1477 131 22 hedervärda
454 1477 154 22 bondeståndet
623 1477 23 22 af
658 1483 81 16 samma
755 1477 40 27 dag
810 1477 47 22 med
872 1483 39 15 un-

90 1506 132 26 derrättelse,
