1056 1811
193 141 42 21 260
377 145 8 17 4
392 145 157 18 Presteståndet
567 145 54 17 1877.
646 145 22 16 13
680 148 60 12 mars.

234 214 131 21 Besvarades
387 214 47 21 med
451 213 150 26 öfvervägaade
612 213 40 27 ja;
667 212 38 22 och
720 219 38 14 var
772 212 80 21 säledes
868 211 116 27 lagutskot-

166 245 42 20 tets
231 243 48 21 med
301 243 40 21 den
363 242 110 27 kejserliga
493 242 157 27 propositionen
670 241 226 21 öfverensstämmande
912 241 72 20 betän-

166 271 70 22 kande
251 271 116 27 godkändt;
383 271 87 21 hvarom
485 270 57 21 säväl
557 270 139 27 lagutskottet
710 276 46 15 som
769 269 137 22 medständen
917 268 67 23 skulle

166 306 76 21 genom
257 300 76 26 utdrag
348 306 25 14 ur
387 299 129 27 protokollet
531 299 140 21 underrättas.

235 442 119 27 Föredrogs
373 442 39 22 och
427 442 127 27 godkändes,
570 442 61 21 hvart
646 441 54 21 efter
714 443 71 25 annat,
801 443 50 20 utan
868 442 117 22 diskussion

168 471 105 21 allmänna
295 470 202 22 besvärsutskottets
520 470 132 22 betänkande
667 476 34 15 n:o
718 472 10 19 1
746 470 6 21 i
768 470 112 27 anledning
894 471 22 21 af
929 471 57 21 inom

167 500 156 21 bondeständet
345 499 62 21 väckt
429 498 178 28 petitionsförslag
622 505 34 14 om
671 499 119 21 inrättande
806 499 22 21 af
841 501 31 19 ett
887 500 99 26 postkon-

166 530 35 20 tor
216 528 7 21 i
238 528 75 21 Kittilä
328 527 85 26 socken;
431 528 39 21 och
485 534 79 15 samma
579 527 93 21 utskotts
682 527 133 22 betänkande
830 534 34 15 n:o
875 528 12 20 2
898 528 7 20 i
916 528 70 22 anled-

166 557 51 26 ning
232 557 21 21 af
267 559 31 19 ett
313 556 56 22 inom
385 562 79 15 samma
479 556 61 22 ständ
556 556 62 21 väckt
632 556 178 27 petitionsförslag
822 563 33 15 om
866 556 120 22 inrättande

167 585 22 21 af
210 586 31 20 ett
263 585 78 26 apotek
363 585 7 20 i
385 585 91 20 nämnda
491 585 88 24 socken;
596 584 86 21 hvarom
698 584 38 21 allt
750 585 154 21 underrättelse
918 585 68 21 skulle

166 613 7 20 i
188 613 77 26 utdrag
280 619 26 15 ur
321 613 59 21 detta
394 613 107 26 protokoll
511 613 48 26 afgä
569 612 57 22 såväl
638 612 32 21 till
680 613 106 21 allmänna
796 613 190 22 besvärsutskottet

166 648 46 15 som
227 642 143 21 medständen.

236 773 141 22 Sistbemälda
399 773 93 21 utskotts
516 773 133 21 betänkande
671 779 34 15 n:o
721 773 19 24 3,
756 779 45 15 som
817 780 87 15 numera
919 773 67 22 blifvit

166 801 33 22 till
215 802 94 21 ständets
325 801 136 22 medlemmar
475 801 102 26 utdeladt,
589 801 112 22 bordlades
711 801 32 22 till
753 804 61 19 nästa
824 803 161 21 sammanträde.

235 951 120 21 Bordlades
375 950 77 28 jemväl
474 951 168 21 statsutskottets
665 951 133 21 betänkande
816 958 34 15 n:o
867 953 11 19 2
894 952 6 21 i
916 952 69 22 anled-

168 980 50 26 ning
240 979 22 22 af
284 980 77 26 nädiga
382 979 156 27 propositionen
557 986 34 15 n:o
609 980 25 20 12
650 986 34 14 om
700 980 116 27 beviljande
832 981 22 21 af
867 981 73 26 anslag
954 980 32 22 till

168 1008 155 27 hushällnings-
339 1008 39 22 och
393 1008 245 28 landtbrukssällskapen
653 1008 6 21 i
675 1008 76 22 landet.

237 1151 89 22 Ständet
341 1151 110 27 beviljade,
467 1153 27 26 pä
510 1152 70 21 derom
597 1152 60 27 gjord
672 1151 104 26 anhällan,
792 1153 23 20 ät
830 1152 90 27 följande
930 1153 57 21 med-

167 1180 89 21 lemmar
270 1180 95 26 ledighet
379 1180 46 21 frän
440 1180 234 27 landtdagsgöromälen
689 1181 33 20 för
737 1181 159 21 nedannämnde
912 1181 41 21 tid:

235 1237 142 26 Domprosten
397 1237 120 21 Renvall
532 1237 32 21 för
579 1238 61 20 nästa
655 1237 90 27 plenum,
760 1238 7 20 i
783 1238 104 21 anseende
902 1237 32 21 till
950 1244 36 15 en-

167 1264 68 22 skilda
250 1265 184 27 angelägenheter;

235 1321 90 21 Prosten
348 1322 71 21 Roos
437 1322 33 21 för
485 1322 56 21 tiden
557 1322 46 21 från
618 1322 40 21 den
674 1323 27 20 23
716 1323 79 21 dennes
809 1322 121 22 tillochmed
946 1323 40 21 den

167 1350 12 19 3
195 1350 60 25 april,
271 1350 7 19 i
294 1350 104 20 anseende
414 1350 33 20 till
462 1350 138 26 tjenstgöring
615 1351 6 19 i
636 1350 32 20 sin
683 1350 131 26 församling;
831 1351 38 20 och

234 1405 77 21 Pastor
327 1404 100 22 Lilius'
443 1405 32 21 för
490 1411 79 15 samma
584 1405 38 26 tid,
638 1405 6 21 i
659 1406 105 21 anseende
774 1406 32 21 till
818 1406 93 22 enskilda
924 1413 61 21 ange-

164 1433 129 27 lägenheter.
