1078 1781
290 127 179 22 Borgareståndet
483 128 54 17 1877.
562 128 27 16 23
601 128 47 21 Maj.
856 124 42 20 787

69 196 86 21 ständet
175 196 62 21 hafva
252 196 70 21 säsom
338 195 67 22 Ständ
420 198 77 25 vägrat
513 196 84 27 deltaga
612 196 7 21 i
635 196 55 22 vissa
704 196 23 21 af
742 197 155 22 stadskommu-

69 231 76 15 nernas
160 225 82 21 besvär.
272 225 42 26 Jag
329 224 67 21 finner
411 225 72 21 derför
498 231 25 15 en
540 225 134 27 modifiering
688 225 33 21 för
737 226 61 21 deras
813 226 84 21 inträde

69 253 6 21 i
91 253 178 27 Borgareständet
284 259 51 16 vara
350 253 24 21 sä
388 254 85 26 mycket
489 259 46 16 mer
549 253 94 27 lämplig,
659 260 45 15 som
720 260 26 15 en
762 255 135 26 reciprocitet

69 281 89 22 emellan
178 282 42 21 alla
235 282 93 21 Ständen
344 282 47 21 icke
406 282 114 21 förefinnes
536 282 30 21 uti
582 282 7 21 i
605 282 61 27 fräga
681 283 93 20 varande
790 283 106 22 afseende.

68 311 50 21 Icke
141 311 42 21 kan
203 317 25 15 en
244 311 58 26 hvar,
318 316 45 15 som
379 312 24 19 är
418 311 158 26 valberättigad
591 311 6 20 i
613 311 186 27 Borgareständet,
815 311 82 22 erhålla

68 339 83 22 inträde
172 340 6 21 i
201 339 82 22 landets
306 339 68 21 första
397 339 38 21 och
451 339 68 22 andra
534 339 74 25 Ständ,
625 339 75 22 medan
715 339 182 27 Borgareständet

68 368 66 22 redan
156 368 45 22 stär
223 374 58 15 mera
303 370 27 19 än
352 368 66 26 nägot
439 370 66 19 annat
524 368 67 22 Ständ
608 370 64 25 öppet
687 368 33 21 för
735 368 88 22 inträde.
855 369 41 26 Jag

69 397 37 21 ber
121 397 71 22 derför
207 398 31 20 att
254 396 22 21 fä
291 397 84 21 ansluta
390 397 43 26 mig
448 397 33 21 till
497 397 116 21 utskottets
629 397 141 21 betänkande.

137 482 56 21 Herr
208 481 170 28 Chydenius:
395 482 74 21 Under
483 482 138 27 äberopande
636 481 21 22 af
667 482 51 21 min
730 483 99 26 speciella
840 483 56 22 tolk-

69 510 50 27 ning
135 511 23 21 af
172 511 252 26 Landtdagsordningens
439 511 142 21 förevarande
596 511 117 26 stadgande
728 513 109 25 angäende
848 518 47 21 per-

68 545 69 18 soner,
160 545 44 16 som
225 541 27 25 pä
266 539 69 28 grund
350 539 24 21 af
388 539 105 22 särskilda
507 539 68 27 yrken
591 541 37 19 äro
645 539 132 27 berättigade
792 543 33 19 att
840 541 55 26 välja

67 567 163 28 landtdagsman
253 568 7 21 i
282 568 188 27 Borgareständet,
487 568 36 21 vill
537 568 37 27 jag
589 568 112 21 framhälla
716 570 32 19 att
763 569 132 27 Landtdags-

68 596 115 27 ordningen
206 597 6 20 i
235 597 11 27 $
264 597 25 21 14
312 597 141 27 uttryckligen
477 597 106 21 erkänner
605 603 26 14 en
654 597 128 26 optionsrätt
805 597 89 22 emellan

68 625 57 21 olika
147 625 66 22 Stånd
236 625 39 22 och
296 625 58 22 olika
376 625 163 28 korporationer
561 626 70 21 såsom
655 625 35 22 det
709 626 114 21 allmänna.
853 627 43 20 Det

67 653 61 22 heter
143 654 7 21 i
166 654 68 21 denna
249 655 11 24 &
275 653 64 22 bland
362 657 74 18 annat:
461 655 67 27 ,dock
551 655 35 20 mä
608 653 19 28 ej
649 654 70 21 såsom
741 654 154 27 valberättigad

67 688 62 15 anses
144 695 28 2 —
187 695 28 3 —
230 695 27 3 —
273 683 40 21 den
328 689 46 15 som
390 683 65 21 redan
472 683 89 26 deltagit
577 683 7 20 i
599 682 34 22 val
648 683 23 20 af
685 683 82 22 elektor
782 683 52 21 eller
847 683 48 21 full-

67 711 82 26 mäktig
163 711 34 21 för
211 714 65 19 annat
292 711 86 22 Ständ.*
410 711 57 22 Frän
483 712 60 21 detta
559 711 135 22 erkännande
704 711 24 22 af
739 712 155 27 optionsrätten

67 739 64 22 hatva
154 740 119 27 egentligen
296 740 54 21 blott
373 739 37 22 tvä
432 740 109 27 undantag
557 739 70 22 blifvit
642 740 82 27 gjorda,
740 741 36 20 det
791 747 40 15 ena
846 741 49 21 med

67 768 99 21 afseende
181 769 14 20 &
209 769 167 24 Bondeständet,
392 769 36 20 det
443 769 68 21 andra
527 769 48 21 med
591 769 121 21 afseende
701 764 12 37 å
723 769 26 21 de
762 769 132 28 gärdsegare

67 797 7 20 i
89 797 54 27 stad,
159 797 72 21 hvilka
246 797 52 22 höra
314 797 32 22 till
362 797 163 22 Presteständet
540 797 51 22 eller
601 797 156 27 Ridderskapet
768 798 38 21 och
817 798 77 21 Adeln.

67 825 92 22 Hvilken
175 825 22 22 af
212 826 26 21 de
253 826 67 27 bägge
336 826 160 27 synpunkterna
511 828 23 19 är
551 832 28 15 nu
595 826 40 21 den
651 826 85 27 riktiga,
753 829 24 18 är
792 827 40 21 den
848 833 46 15 som

67 854 103 27 förtjenar
192 861 44 15 mer
258 857 33 18 att
313 855 77 26 hyllas;
407 855 47 24 den,
470 861 47 15 som
533 854 68 21 häller
617 855 32 26 sig
664 855 32 20 till
712 855 182 26 optionsfriheten,

68 882 51 21 eller
139 883 46 25 den,
201 889 45 15 som
261 883 127 22 inskränker
402 883 41 21 den
458 889 88 16 samma.
577 883 42 21 Det
635 883 38 21 har
688 883 121 27 visserligen
825 883 69 22 blifvit

67 911 85 22 anfördt
175 914 38 24 att,
233 913 23 20 sä
272 912 61 27 länge
348 912 20 20 vi
384 918 39 20 ega
438 918 26 15 en
481 912 255 27 Ständsrepresentation,
751 919 50 15 vore
817 919 25 15 en
859 912 35 22 be-

67 940 114 27 gränsning
204 941 90 20 emellan
316 941 95 21 Ständen
427 940 100 27 behöflig,
543 947 48 14 men
605 941 38 26 jag
657 941 39 20 har
711 941 47 21 icke
773 943 56 19 ännu
845 941 49 21 hört

67 969 65 26 nägot
148 972 111 24 argument
274 969 85 22 anföras
375 969 79 27 derför,
470 971 32 20 att
518 969 169 27 begränsningen
699 969 90 22 emellan
799 969 95 22 Ständen

67 997 40 21 bör
129 1003 50 16 vara
193 999 69 20 större
278 999 26 20 än
320 998 58 21 inom
394 997 95 22 Ständen
505 998 74 27 sjelfva
594 997 6 21 i
617 998 105 21 anseende
736 999 13 20 &
764 998 71 21 lokala
850 998 44 21 för-

67 1025 120 22 hällanden.
217 1026 42 21 Det
274 1027 62 21 säkra
352 1029 24 19 är
391 1026 36 21 det
441 1029 34 18 att
491 1027 36 21 det
542 1026 33 21 för
590 1027 132 21 närvarande
734 1027 81 21 lemnas
824 1028 70 20 större

66 1054 65 21 frihet
146 1055 35 21 vid
196 1055 124 21 utöfvandet
334 1055 23 21 af
370 1055 131 27 rättigheten
517 1057 32 19 att
564 1057 48 19 utse
627 1055 168 27 landtdagsman.
810 1068 29 3 —
851 1055 43 22 För

67 1083 63 26 öfrigt
145 1084 38 21 ber
195 1083 36 27 jag
246 1085 32 20 att
294 1084 22 21 få
330 1083 118 28 framhålla,
464 1084 40 21 och
518 1084 37 27 jag
570 1083 143 22 återkommer
725 1084 74 21 härvid
809 1083 33 22 till
853 1083 40 22 den

66 1111 97 28 tolkning
185 1112 24 21 af
223 1112 12 27 $
252 1113 32 26 12,
307 1119 46 15 som
372 1113 36 26 jag
430 1112 59 21 förut
504 1112 100 27 päpekat,
621 1114 31 20 att
668 1113 64 26 enligt
748 1113 42 26 det,
804 1118 46 16 som
865 1119 29 14 nu

66 1140 23 21 af
110 1141 106 21 utskottet
231 1141 95 26 föresläs,
342 1141 36 21 det
393 1141 46 21 icke
455 1143 26 19 är
497 1141 60 27 fräga
571 1147 35 15 om
623 1143 31 19 att
669 1141 111 22 underläta
795 1143 32 19 att
841 1143 53 24 göra

66 1171 31 19 ett
120 1169 109 27 framsteg,
250 1171 51 20 utan
324 1176 34 15 om
371 1171 32 20 att
417 1171 53 25 göra
485 1171 32 20 ett
532 1169 96 27 baksteg.
658 1169 111 28 Förslaget
784 1170 110 27 borttager

66 1197 79 22 valrätt
166 1197 33 22 till
215 1198 161 27 landtdagsman
392 1198 7 21 i
416 1198 181 27 Borgareständet
613 1198 47 21 frän
674 1205 108 20 personer,
797 1204 46 15 som
859 1204 34 15 en-

65 1226 40 28 ligt
121 1227 40 21 den
177 1227 132 21 närvarande
324 1227 159 27 förordningen,
499 1227 24 21 sä
538 1227 45 21 vidt
599 1227 69 21 denna
684 1227 69 21 tolkas
769 1227 23 21 sä
802 1233 46 15 som
860 1227 33 27 jag

66 1255 39 21 och
128 1256 78 27 mänga
225 1256 49 21 med
289 1256 43 27 mig
347 1256 57 27 gjort
419 1256 42 24 det,
478 1256 47 21 haft
540 1262 26 16 en
581 1256 67 21 sädan
664 1256 84 22 valrätt.
778 1256 42 21 Det
835 1255 59 22 bort-

65 1286 61 25 tager
148 1284 47 22 frän
216 1290 26 16 en
264 1284 114 22 frälseman
394 1284 40 22 och
449 1284 49 22 frän
514 1286 47 24 den,
578 1284 86 22 hvilken
679 1284 71 22 kunde
765 1284 56 27 välja
835 1284 58 21 inom

65 1312 168 27 Presteständet,
258 1314 39 20 den
320 1315 50 23 rätt,
394 1313 26 21 de
442 1314 29 26 pä
491 1314 69 26 grund
583 1313 25 21 af
621 1314 56 20 vissa
691 1313 57 21 inom
764 1313 129 21 kommunen

65 1341 77 22 idkade
157 1342 66 27 yrken
239 1342 58 26 egde.
328 1342 112 26 Förslaget
455 1344 26 19 är
496 1342 83 22 säledes
593 1342 8 21 i
617 1342 59 21 detta
690 1342 100 21 afseende
800 1342 31 20 ett
841 1341 52 21 bak-

65 1372 53 25 steg,
143 1370 39 22 och
205 1370 37 22 det
263 1372 24 20 är
309 1370 147 28 väsendtligen
481 1370 28 27 pä
525 1371 40 21 den
580 1370 70 27 grund
665 1376 45 16 som
724 1370 36 27 jag
775 1370 71 28 yrkar,
862 1371 32 20 att

64 1399 117 21 utskottets
197 1399 137 27 formulering
349 1399 46 21 icke
410 1400 88 20 komme
513 1401 33 19 att
560 1399 50 27 ingä
625 1399 7 21 i
647 1401 71 19 svaret
732 1399 13 21 &
760 1399 40 21 den
815 1398 78 27 nädiga

63 1428 167 26 propositionen.
260 1426 74 23 Bättre
350 1430 27 19 än
393 1428 60 21 detta
469 1428 90 26 baksteg
574 1434 51 15 vore
641 1428 39 21 det
691 1430 33 19 att
739 1427 107 22 bibehälla
857 1427 36 21 det

63 1456 71 26 gamla
157 1456 134 27 stadgandet,
308 1456 23 22 sä
353 1456 121 22 irrationelt
496 1457 36 21 det
553 1458 28 20 än
601 1458 30 22 är,
647 1456 105 27 nemligen
768 1458 31 20 att
814 1456 79 21 valrätt

63 1484 47 22 icke
133 1484 130 22 tillkommer
286 1486 40 20 den
348 1485 137 27 gärdsegare,
509 1491 46 15 som
571 1487 24 19 är
611 1484 113 22 frälseman
739 1485 52 21 eller
805 1484 40 22 hör
860 1484 33 21 till

63 1513 167 22 Presteständet.
