1078 1781
264 130 178 21 Borgareståndet
455 131 55 17 1877.
535 132 25 16 27
573 131 61 21 April.
836 128 42 20 613

48 198 42 22 ken
112 198 47 21 haft
181 205 59 14 mera
261 199 52 21 eller
329 199 83 21 mindre
427 199 119 28 penningar
561 200 55 26 inne,
632 202 51 19 utan
700 206 62 15 anser
774 200 37 28 jag
826 200 51 22 felet

49 227 58 27 ligga
129 227 76 26 deruti,
226 229 33 19 att
281 227 40 22 den
341 227 57 22 förra
413 227 135 22 direktionen
564 229 55 20 varit
633 228 33 21 för
680 229 74 20 liberal
770 229 51 22 eller
836 229 40 22 den

49 261 74 16 senare
146 255 34 22 för
203 257 72 26 sträng
290 256 40 21 och
347 257 32 20 att
394 256 83 21 således
493 257 116 26 ingendera
624 257 62 21 hållit
702 257 31 27 sig
748 257 32 21 till
797 258 80 21 medel-

50 286 73 25 vägen.
153 284 30 27 Ty
205 284 59 21 alltid
286 284 40 21 har
349 291 25 14 en
390 285 57 21 bank
462 285 25 21 så
503 286 84 26 mycket
603 286 116 27 penningar
734 287 32 20 att
778 287 40 21 den
833 287 43 21 kan

48 312 155 22 misshushålla.
234 313 130 27 Visserligen
380 314 71 21 kunna
467 314 66 21 också
547 315 66 20 andra
626 314 181 27 omständigheter
817 317 59 25 göra,

49 344 34 19 att
97 341 76 22 förlust
188 342 41 21 kan
245 342 83 26 uppstå.
358 342 40 21 Om
414 349 48 14 man
479 349 51 14 vore
546 349 25 14 en
587 343 69 26 aldrig
671 343 24 21 så
706 343 82 21 erfaren
799 344 77 21 finans-

49 377 56 19 man,
126 370 24 21 så
172 371 42 20 kan
238 377 48 14 man
301 370 46 21 icke
370 371 94 21 undvika
480 371 107 26 förluster,
604 371 88 22 emedan
708 371 62 21 dessa
786 371 49 22 bero
849 373 27 25 på

48 398 190 29 konjunkturerna.
268 399 56 21 Herr
338 399 84 27 Nybom
437 399 40 22 har
493 399 71 22 vidare
581 401 87 20 betonat
684 402 32 19 att
730 400 84 21 banken
829 401 47 21 icke

49 432 50 17 vore
115 429 32 19 att
159 434 62 15 anses
236 427 69 22 såsom
321 428 69 27 någon
406 428 268 27 barmhertighetsanstalt.
704 429 42 26 Jag
768 431 45 19 tror
829 429 47 21 icke

48 458 33 19 att
103 457 70 26 någon
193 456 22 21 af
228 457 55 25 dem,
299 462 45 15 som
359 457 63 27 yrkat
437 459 32 19 att
486 457 95 21 bankens
597 457 56 21 vinst
669 457 53 21 skall
738 457 64 21 blifva
817 458 59 21 inne-

47 485 97 24 stående,
166 484 57 22 velat
240 491 108 15 reservera
364 486 60 21 dessa
440 488 32 19 tre
489 485 105 22 millioner
610 487 69 20 såsom
695 492 25 15 en
736 486 139 27 barmhertig-

48 513 106 27 hetshjelp
181 513 22 21 åt
230 513 140 26 behöfvande,
400 517 50 18 utan
475 515 76 20 endast
580 515 33 20 för
632 517 32 19 att
686 515 73 20 stärka
781 515 94 21 bankens

49 541 70 22 kassa.
136 554 28 3 —
179 542 41 27 Jag
241 542 73 27 tycker
337 543 32 20 till
391 543 96 26 exempel
510 545 32 19 att
562 543 84 21 banken
662 543 67 21 under
744 543 131 22 närvarande

48 570 148 21 förhållanden
213 571 69 21 kunde
297 573 52 25 göra
364 571 79 27 ganska
460 572 43 26 god
519 572 62 25 vinst,
597 578 33 15 om
647 572 39 20 den
698 578 28 15 nu
740 572 64 27 köpte
815 572 61 27 ryskt

47 601 72 25 mynt;
143 600 36 20 det
201 600 42 21 kan
268 600 84 21 inträffa
374 607 25 14 en
421 601 82 26 period,
526 601 27 20 då
569 601 40 21 den
625 601 47 20 med
688 600 68 21 fördel
772 601 41 20 kan
827 607 48 20 spe-

47 627 75 22 kulera
145 628 6 21 i
176 628 110 21 utländskt
308 631 67 24 mynt;
400 635 46 15 men
463 635 35 15 om
514 630 21 20 vi
551 629 84 21 minska
650 629 95 21 bankens
758 629 117 21 rörelseka-

47 657 60 26 pital,
130 657 24 21 så
176 657 42 20 kan
242 657 83 21 banken
346 657 123 27 derigenom
494 658 88 26 betagas
605 657 136 28 möjligheten
758 660 32 19 att
804 658 71 21 utföra

47 685 81 21 sådana
151 685 141 27 operationer.
314 699 27 2 —
364 686 43 21 För
430 686 65 27 öfrigt
517 687 72 26 tyckte
610 687 36 26 jag
668 688 32 19 att
716 686 49 21 herr
780 686 94 27 Nyboms

46 714 101 26 yttrande
169 714 95 21 vittnade
287 721 34 14 om
343 717 31 18 ett
390 715 38 21 allt
442 715 34 20 för
492 715 61 26 ringa
568 715 122 21 förtroende
707 715 31 21 till
754 715 40 22 den
809 721 65 15 nuva-

47 743 66 20 rande
135 743 174 25 Bankdirektion,
333 743 27 22 då
380 743 42 21 han
438 744 51 21 sade
505 746 32 19 att
553 750 34 15 om
603 743 95 22 bankens
714 743 160 28 rörelsekapital

48 771 80 21 ökades
144 771 47 21 med
207 771 61 22 dessa
284 774 32 19 tre
332 772 38 21 och
386 778 25 15 en
428 772 46 21 half
489 772 112 27 millioner,
617 773 24 20 så
655 772 70 21 kunde
742 773 132 21 direktionen

47 800 40 21 lätt
102 800 93 21 förledas
209 802 32 19 att
256 800 48 21 låna
320 803 23 18 ut
358 801 28 26 på
402 801 77 20 osäkra
496 801 87 21 bänder.
613 801 33 21 En
662 801 66 21 sådan
739 801 135 27 uppfattning

47 829 39 20 bör
107 829 47 20 icke
176 828 21 21 få
219 829 68 26 insteg
310 829 39 21 hos
372 829 75 26 någon,
471 829 25 21 så
511 829 84 28 mycket
610 836 45 15 mer
671 835 44 15 som
728 836 49 14 man
793 836 33 14 ser
841 832 33 18 att

48 857 84 21 banken
147 858 96 20 utmärkt
258 858 33 21 väl
307 858 59 21 skött
381 858 46 21 sina
443 858 78 21 affärer
537 858 39 21 och
593 858 94 21 rörelsen
703 858 79 21 lemnat
793 858 81 27 ganska

46 885 52 26 godt
121 886 95 21 resultat.
234 899 24 2 —
275 886 49 21 Men
348 889 24 18 är
394 887 194 21 bankdirektionen
611 887 46 21 icke
678 887 90 26 kapabel
791 889 32 19 att
839 893 34 14 ur:

46 914 63 27 skilja
124 915 23 20 ät
163 914 61 21 hvem
241 915 40 21 den
296 915 42 21 kan
354 915 56 26 gifva
422 915 41 26 län,
479 915 25 21 sä
519 915 42 21 kan
577 916 40 21 den
633 915 61 22 äfven
705 918 51 19 utan
770 915 61 22 dessa
841 917 32 19 tre

46 943 40 21 och
102 949 25 15 en
144 943 45 21 half
202 943 104 22 millioner
321 945 51 25 göra
387 944 71 21 hvilka
475 944 102 21 förluster
593 950 44 15 som
654 944 62 21 helst.

115 999 56 22 Herr
192 1000 119 27 Nybom:
341 1001 42 27 Jag
403 1001 85 27 glömde
507 1001 28 27 pä
550 1001 146 27 förmiddagen
712 1003 32 19 att
760 1003 113 20 omnämna

45 1030 33 19 att
93 1028 195 28 Bankfullmäktige
304 1029 60 21 äfven
380 1029 62 22 hafva
463 1029 73 22 anfört
557 1030 119 21 kostnaden
698 1029 33 22 för
753 1029 120 22 bankhuset

45 1057 70 21 säsom
131 1060 31 18 ett
177 1057 46 21 skäl
242 1058 98 21 hvarföre
363 1058 94 21 bankens
474 1057 77 22 fonder
567 1058 65 21 borde
648 1059 58 20 ökas.
736 1058 136 21 Beträffande

46 1086 69 21 denna
137 1086 157 27 omständighet
309 1087 36 20 vill
358 1087 38 26 jag
412 1087 77 20 endast
505 1087 56 21 fästa
576 1087 215 27 uppmärksamheten
807 1087 65 26 derpä

45 1116 33 19 att
93 1114 107 21 utskottet
215 1115 53 26 tagit
284 1115 69 21 denna
368 1122 83 14 summa
467 1116 6 20 i
491 1115 140 22 betraktande
647 1115 39 22 och
702 1116 59 21 ställt
778 1115 33 21 till
821 1115 51 21 ban-

46 1143 52 21 kens
113 1143 127 26 disposition
256 1144 26 21 de
297 1143 189 22 femhundratusen
502 1144 67 26 mark,
587 1151 44 14 som
648 1144 119 22 Ständerna
786 1144 86 21 beslutit

45 1174 32 18 att
99 1171 33 21 för
155 1171 59 21 detta
229 1172 99 21 ändamål
344 1173 60 20 skola
419 1173 116 21 användas.
566 1173 31 21 De
610 1173 82 21 innestä
708 1173 66 26 enligt
789 1173 83 21 utskot-

45 1202 42 19 tets
110 1199 80 27 förslag
210 1201 6 20 i
239 1201 83 21 banken
347 1201 39 21 och
402 1201 65 22 verka
483 1201 83 22 således
581 1202 46 21 icke
641 1201 27 28 pä
683 1201 81 28 frågan.
795 1201 77 21 Likaså

45 1228 26 21 de
87 1229 77 21 osäkra
179 1229 154 27 fordringarna,
350 1229 73 22 hvilka
438 1231 72 25 uppgä
526 1230 33 22 till
575 1231 97 27 omkring
687 1237 25 15 en
728 1230 46 22 half
784 1230 87 22 million.

43 1257 136 22 Beträffande
196 1258 94 22 bankens
306 1258 82 22 valuter
404 1260 6 20 i
426 1258 50 28 guld
493 1259 42 21 kan
550 1259 70 21 såsom
636 1259 49 21 herr
705 1259 119 27 Chydenius
840 1265 32 15 re-

44 1286 42 20 dan
108 1287 104 23 anmärkt,
231 1287 123 21 framhällas
376 1289 32 19 att
423 1288 71 20 denna
509 1288 59 21 valut
583 1288 67 26 enligt
664 1288 139 26 reglementet
818 1287 53 21 bok-

43 1314 54 22 förts
113 1315 32 21 till
160 1315 130 27 inköpspris;
308 1316 39 21 och
363 1316 27 21 dä
405 1316 86 21 banken
507 1316 64 22 redan
587 1316 6 21 i
609 1317 65 21 slutet
686 1316 22 21 af
719 1316 23 22 är
756 1317 53 20 1874
819 1316 53 20 eller

43 1342 44 22 förr
102 1345 27 19 än
145 1344 105 26 prisfallet
264 1345 13 20 &
292 1345 72 21 silfver
380 1344 101 27 inträffat,
498 1346 97 26 uppköpt
610 1345 79 27 guldet,
701 1345 37 21 har
748 1344 69 22 denna
829 1344 42 21 till-

42 1372 57 26 gäng
121 1372 7 20 i
152 1372 84 22 banken
260 1373 70 21 blifvit
353 1374 80 26 ganska
457 1374 46 26 lägt
518 1374 136 27 uppskattad.
684 1374 46 21 Den
746 1374 63 25 vinst,
825 1379 45 15 som

41 1401 135 26 uppkommit
201 1407 76 21 genom
300 1402 105 26 prisfallet
428 1404 11 18 å
462 1402 81 26 silfver,
569 1402 38 22 har
630 1402 47 22 icke
692 1402 65 27 tagits
773 1402 6 21 i
796 1402 75 21 beräk-

43 1429 56 27 ning,
115 1429 40 21 och
171 1430 85 21 derföre
271 1430 97 22 kommer
382 1431 48 21 icke
445 1430 70 22 heller
529 1438 77 20 genom
617 1431 142 27 öfvergängen
770 1430 32 22 till
810 1430 60 27 guld-

42 1458 93 26 myntfot
156 1459 69 26 någon
246 1458 76 22 förlust
346 1461 32 19 att
402 1459 65 21 blifva
483 1460 76 26 synlig.
575 1472 26 3 —
618 1460 80 21 Vidare
713 1459 36 21 vill
762 1459 37 27 jag
815 1458 56 22 fästa

41 1486 218 27 uppmärksamheten
284 1488 66 26 derpå
372 1490 32 19 att
426 1494 49 15 man
499 1494 50 20 eger
571 1488 47 22 skäl
637 1490 33 19 att
685 1488 81 26 hoppas
782 1489 33 19 att
830 1488 40 20 den

41 1514 63 27 vinst,
126 1515 83 21 banken
230 1516 67 21 under
320 1516 178 22 nästkommande
520 1517 41 21 fem
580 1517 25 21 år
624 1517 54 21 skall
693 1518 59 26 göra,
768 1516 47 22 icke
830 1516 41 21 blir
