1078 1781
176 121 42 20 616
413 126 179 21 Borgareståndet
605 126 55 18 1877.
685 127 25 17 27
723 126 63 21 April.

177 195 207 27 petitionsförslaget
408 195 68 22 finnas
497 195 108 27 uppgifna,
627 195 69 22 skulle
718 195 81 22 erhälla
821 195 103 27 rättighet
946 197 33 20 att
1002 195 7 22 i

178 223 99 22 afseende
298 224 12 21 &
331 223 231 27 tjensteärsberäkning
584 223 64 22 blifva
670 224 101 21 likstälda
786 224 48 21 med
848 223 69 22 lärare
932 224 34 21 vid
983 224 27 21 de

179 252 89 27 publika
291 252 131 21 läroverken.
451 252 40 27 Jag
513 252 33 21 för
569 253 42 20 min
635 252 33 22 del
684 253 42 21 kan
742 253 18 26 ej
776 253 45 21 inse
837 255 32 18 att
884 253 26 21 de
926 253 83 26 privata

179 279 107 26 skolorna,
303 281 27 20 dä
355 281 96 21 lärarene
470 281 114 26 undergätt
598 281 201 22 filosofiekandidat-
817 281 51 22 eller
888 281 121 22 lärarekan-

177 309 165 26 didat-examen,
366 311 54 20 samt
443 309 108 22 meddelat
573 309 150 28 undervisning
746 311 64 20 minst
827 310 60 26 tjugu
902 309 106 22 timmar
992 305 18 36 i

178 337 87 26 veckan,
282 337 40 22 och
340 337 132 22 läroverkets
487 337 130 27 reglemente
633 338 67 21 blifvit
716 338 98 21 faststäld
829 338 6 21 i
851 337 47 28 laga
914 338 95 27 ordning,

176 365 9 22 1
205 365 113 27 väsentligt
340 366 49 21 män
410 366 61 26 skilja
490 367 31 26 sig
544 367 47 21 frän
613 368 81 20 statens
709 367 79 26 skolor,
804 366 45 22 ifall
864 367 18 26 ej
898 366 110 22 skilnaden

178 394 54 21 skall
248 394 62 22 bestä
326 395 44 21 deri
386 397 32 19 att
433 395 27 21 de
475 395 86 26 publika
578 395 100 22 bekostas
693 396 22 21 af
729 397 71 20 staten
817 395 39 21 och
872 395 25 22 de
913 395 96 21 enskilda

178 423 100 21 bekostas
300 423 48 22 med
369 423 75 26 medel,
464 423 129 22 försträckta
609 423 22 22 af
645 424 95 21 enskilda
756 430 106 21 personer,
878 423 64 27 bolag
956 423 53 22 eller

178 451 136 26 kommuner;
331 451 39 22 och
386 452 28 21 dä
428 451 141 22 förhällandet
585 454 24 19 är
623 452 77 22 sädant
715 455 55 19 samt
786 454 69 19 staten
871 452 22 21 af
906 452 48 21 dem
969 452 41 21 har

177 479 88 22 alldeles
286 486 82 15 samma
388 482 59 25 nyttä
467 487 45 15 som
534 480 23 22 af
577 481 46 21 sina
639 487 53 20 egna
708 481 104 25 läroverk,
828 481 23 21 sä
866 480 66 22 borde
947 480 61 21 äfven

177 508 76 25 lärare,
276 515 46 14 som
344 509 33 21 vid
400 509 82 27 privata
504 509 97 21 läroverk
617 509 96 27 uppofira
729 509 31 22 tid
776 509 39 22 och
830 509 64 21 möda
908 509 33 21 för
956 515 52 21 upp-

177 537 83 21 näende
276 537 22 21 af
312 543 81 16 samma
408 537 42 22 mäl
465 544 45 15 som
526 540 81 19 statens
623 538 68 21 lärare
706 538 64 21 hafva
786 538 31 26 sig
828 537 111 27 förelagdt,
951 544 57 15 nem-

178 565 55 26 ligen
250 568 32 19 att
298 566 72 27 sprida
386 566 93 26 bildning
495 566 39 21 och
550 567 97 26 kunskap
663 567 6 20 i
683 567 79 26 landet,
774 566 91 21 tilldelas
876 572 81 15 samma
967 565 41 22 för-

178 594 74 21 mäner
267 600 46 15 som
329 595 27 20 de
371 595 70 20 hvilka
457 594 74 22 arbeta
547 595 6 20 i
569 597 80 19 statens
666 595 64 26 tjenst
745 595 89 26 åtnjuta.
864 595 93 20 Likvisst
969 595 40 20 har

177 623 107 21 utskottet
307 623 19 26 ej
350 625 70 19 ansett
443 623 36 22 det
501 629 50 16 vara
574 623 46 21 skäl
642 625 33 20 att
697 623 70 22 lärare
790 623 35 21 vid
841 623 81 27 privata
937 623 73 21 skolor

177 651 71 21 skulle
264 651 86 22 komma
365 653 6 19 i
387 651 124 27 ätnjutande
527 651 23 22 af
563 652 81 21 sädana
659 652 113 25 förmoner,
788 651 68 22 ehuru
870 651 139 28 prejudikat
998 647 15 36 i

178 680 58 21 detta
254 679 100 22 afseende
370 681 18 26 ej
404 681 77 20 saknas
496 681 6 20 i
518 681 47 20 värt
580 680 56 21 land.

247 709 33 20 Då
304 709 36 20 det
364 708 67 27 gäller
453 711 32 19 att
508 709 57 21 bilda
586 709 31 26 sig
633 715 25 15 en
674 709 55 26 äsigt
746 709 40 22 och
801 709 55 21 fatta
872 710 30 20 ett
918 708 69 22 beslut
1002 709 7 20 i

179 737 69 21 denna
271 737 66 26 fräga,
360 738 24 21 sä
407 737 70 22 kunde
499 743 48 16 man
570 737 114 27 möjligtvis
707 737 125 27 ifrägasätta
857 743 33 15 om
914 737 96 21 enskilda

180 765 73 22 skolor
268 767 37 20 äro
322 765 111 27 behöfliga,
449 772 33 15 om
498 766 45 21 icke
560 766 25 21 de
600 766 107 21 måhända
722 766 68 21 strida
806 768 56 19 emot
878 765 40 22 den
928 766 82 27 princip

178 796 71 19 staten
272 794 70 27 följer,
358 794 27 21 dä
410 795 38 20 den
465 795 62 20 söker
543 794 93 28 uppfylla
651 795 33 21 sin
700 795 84 26 uppgift
799 795 31 20 vis
845 793 13 22 &
873 795 31 20 vis
920 794 88 21 bildnin-

178 828 52 21 gens
250 823 39 20 och
306 823 110 21 vetandets
431 823 109 26 spridning
555 824 6 20 i
577 823 79 22 landet.
687 823 39 21 Att
742 824 26 20 de
783 823 54 21 dock
852 824 36 20 äro
905 822 105 27 behöfliga

179 857 61 20 synes
257 851 31 21 till
305 857 25 15 en
347 851 33 21 del
396 851 60 21 deraf
469 853 32 20 att
518 852 76 26 mänga
609 852 80 21 sädana
701 851 69 22 finnas
781 852 54 21 bäde
847 851 47 21 med
905 852 103 21 svenskan

177 879 41 22 och
241 879 83 22 finskan
346 879 32 22 till
401 880 231 27 undervisningsspräk.
663 881 115 20 Dessutom
801 879 66 22 finnes
885 880 36 21 det
936 880 72 26 nägra,

177 914 46 15 som
244 908 96 27 begagna
363 908 108 22 utländskt
493 908 63 27 spräk
573 909 32 21 till
620 909 156 26 undervisning.
808 908 102 22 Behofvet
924 908 23 21 af
961 909 47 20 dem

178 936 82 22 bevisas
276 937 62 20 äfven
355 937 60 21 deraf
429 939 32 19 att
476 937 95 22 enskilda
587 943 101 21 personer
703 937 140 22 underkastat
864 937 31 26 sig
912 937 96 21 känbara

177 965 146 27 uppoffringar
349 966 33 20 för
406 965 199 22 ästadkommandet
629 966 23 21 af
674 966 85 27 privata
786 965 101 22 läroverk.
918 965 91 22 Derföre

177 993 75 27 tycker
263 994 38 26 jag
316 996 32 19 att
364 995 62 20 deras
441 993 129 28 behöflighet
585 995 18 26 ej
620 995 41 20 kan
677 997 69 18 sättas
762 994 6 21 i
779 995 65 25 fråga.
865 995 38 20 Att
914 994 96 21 enskilda

177 1022 75 21 skolor
268 1022 68 21 skulle
352 1023 27 26 pä
395 1023 64 26 nägot
475 1025 42 18 sätt
531 1023 68 21 strida
615 1025 56 19 emot
686 1023 40 21 den
744 1023 34 26 lag
793 1025 69 18 staten
873 1022 32 21 för
915 1023 31 26 sig
957 1029 52 20 upp-

177 1050 56 27 gjort
257 1051 30 21 vis
311 1051 13 21 ä
338 1051 32 21 vis
386 1051 181 27 undervisningen,
583 1052 42 21 kan
641 1051 17 27 ej
676 1051 67 22 heller
759 1051 141 27 ifrågasättas,
920 1051 26 21 dä
967 1051 43 21 alla

178 1079 74 21 skolor
272 1080 33 21 stä
326 1080 68 21 under
414 1082 80 19 statens
513 1080 93 21 kontroll
622 1080 39 21 och
677 1079 62 22 hafva
756 1082 31 19 ett
802 1082 104 24 noggrant
921 1080 6 20 i
944 1079 64 26 detalj

177 1108 117 26 uppgjordt
309 1108 134 27 reglemente,
453 1115 46 15 som
514 1109 102 26 granskas
627 1109 21 20 af
660 1108 210 27 skolöfverstyrelsen
882 1108 38 21 och
931 1110 77 19 staten.

176 1136 32 21 Pä
223 1136 62 22 dessa
300 1137 45 21 skäl
362 1143 62 15 anser
437 1137 37 26 jag
489 1139 31 20 att
531 1137 35 21 det
577 1137 60 27 ringa
648 1137 124 25 understöd,
784 1143 44 15 som
841 1137 67 21 denna
919 1137 88 26 petition

176 1165 56 21 afser
248 1167 32 19 att
295 1165 71 22 lemna
382 1166 26 21 de
423 1166 81 26 privata
520 1165 131 26 läroverken,
666 1166 108 21 mähända
788 1165 42 21 kan
843 1171 62 22 synas
918 1166 89 26 mängen

176 1193 34 21 för
230 1193 47 22 litet
297 1194 32 21 för
350 1197 33 18 att
403 1194 62 21 hafva
481 1194 66 21 blifvit
563 1195 88 20 föremål
666 1195 32 20 för
714 1200 26 15 en
757 1194 95 27 petition.
882 1194 43 21 Det
940 1194 68 21 skulle

175 1222 19 27 ej
218 1222 86 21 komma
327 1222 88 27 tillgodo
439 1223 65 21 andra
526 1225 27 19 än
573 1223 26 21 de
619 1223 75 25 lärare,
710 1223 36 20 vid
762 1223 26 21 de
803 1223 82 26 privata
900 1222 107 24 skolorna,

175 1256 46 16 som
237 1253 71 19 staten
324 1251 68 21 finner
408 1252 106 26 antagliga
524 1252 33 20 till
569 1252 32 21 sin
614 1252 73 26 tjenst;
700 1252 24 20 de
736 1252 67 20 andra
814 1251 68 21 skulle
893 1251 17 27 ej
922 1251 87 21 komma

176 1280 7 20 i
198 1279 126 27 ätnjutande
340 1280 65 21 deraf.
426 1280 127 26 Derigenom
569 1280 68 22 skulle
652 1282 70 20 staten
739 1280 109 26 ingenting
863 1280 81 21 riskera
959 1285 47 15 men

176 1309 52 25 göra
244 1308 41 21 den
301 1309 82 21 vinsten
399 1310 32 20 att
447 1308 46 22 frän
509 1309 62 21 dessa
586 1309 83 26 privata
684 1308 74 22 skolor
774 1308 70 22 kunde
859 1308 105 27 päräknas
972 1308 36 21 be-

175 1336 103 27 pröivade
301 1337 39 21 och
364 1336 83 22 erfarna
470 1337 68 21 lärare
553 1337 33 21 för
601 1338 47 20 dess
664 1344 54 20 egna
734 1337 105 21 läroverk.
871 1336 51 22 Helt
942 1340 66 18 annat

177 1371 49 15 vore
242 1365 144 21 förhällandet
402 1372 32 14 om
451 1372 47 15 man
515 1366 68 21 skulle
598 1368 52 24 göra
665 1366 93 27 anspräk
775 1366 26 26 pä
817 1365 122 27 penningar.
968 1364 39 22 Ut-

175 1393 83 21 skottet
283 1394 73 26 vidgär
379 1394 64 21 också
465 1394 6 21 i
495 1394 72 27 början
584 1395 21 20 af
619 1395 37 21 sitt
672 1394 136 22 betänkande
823 1396 32 19 att
870 1394 26 21 de
912 1393 95 22 enskilda

177 1422 101 22 skolorna
302 1424 38 20 äro
362 1423 88 27 nyttiga,
473 1429 47 15 men
543 1425 116 25 medgifver
681 1424 60 20 detta
764 1424 18 25 ej
804 1424 130 24 obetingadt.
965 1423 42 20 Det

178 1456 63 15 anser
257 1451 62 21 deras
335 1450 161 28 hufvudsakliga
511 1454 61 24 nyttä
587 1452 60 21 bestä
663 1452 43 20 deri
723 1453 34 20 att
773 1452 26 20 de
815 1451 131 21 konkurrera
958 1451 48 21 med

176 1480 83 20 statens
281 1479 98 21 läroverk
401 1480 38 21 och
462 1480 119 26 derigenom
601 1480 65 21 verka
682 1480 91 27 höjande
789 1480 27 26 pä
831 1479 175 27 undervisningen

176 1507 31 21 uti
224 1508 26 21 de
267 1508 106 22 allmänna
389 1508 129 22 läroverken.
550 1508 109 22 Utskottet
675 1508 117 27 medgifver
807 1508 54 21 dock
877 1508 59 21 detta
952 1508 56 22 blott
