1078 1781
187 114 41 22 520
411 120 178 20 Borgareståndet
601 121 56 17 1877.
682 121 26 17 20
720 121 63 21 April

187 189 67 22 likväl
277 190 46 21 icke
348 190 63 25 skett,
435 190 96 21 anhåller
551 191 38 26 jag
603 192 33 19 att
651 190 21 21 få
688 190 86 25 föreslå,
790 192 32 19 att
837 190 179 26 Borgareståndet

187 218 67 22 måtte
277 219 129 20 återförvisa
425 219 88 21 ärendet
529 219 32 21 till
577 219 152 26 Lagutskottet
744 219 34 21 för
793 219 131 26 vidtagande
940 219 22 20 af
976 219 40 21 den

187 247 163 26 ifrågavarande
366 247 107 21 rättelsen.

258 304 56 21 Herr
333 304 154 21 Lindelöf:
518 304 45 21 Min
587 305 69 26 afsigt,
680 304 26 21 då
726 305 38 26 jag
788 304 93 27 begärde
896 305 67 25 ordet,
980 311 38 14 var

189 334 33 19 att
244 332 56 21 fästa
321 333 101 21 Ståndets
437 333 190 26 uppmärksamhet
641 333 28 27 på
683 339 81 15 samma
780 333 55 21 brist
849 333 6 21 i
871 333 145 26 redaktionen,

189 367 46 16 som
248 361 66 21 redan
330 361 110 22 anmärkts
461 361 23 21 af
498 362 39 21 den
554 362 127 26 föregående
696 362 91 21 talaren.
817 362 42 25 Jag
873 361 36 22 vill
925 361 93 27 tillägga,

190 391 31 20 att
244 390 140 21 redaktionen
404 389 22 22 af
440 390 12 27 $
469 391 10 20 7
496 390 6 20 i
518 391 116 20 utskottets
650 391 134 20 betänkande
801 392 24 19 är
841 390 72 25 sådan,
929 392 33 19 att
977 391 40 20 den

190 419 42 20 kan
248 419 62 26 tydas
326 419 46 20 icke
390 418 54 21 blott
459 419 27 26 på
502 419 42 25 två,
560 421 51 18 utan
627 419 27 27 på
670 421 31 19 tre
718 419 58 21 olika
792 421 49 18 sätt.
872 419 42 21 För
930 420 32 19 att
975 418 42 21 för-

190 447 82 27 tydliga
295 447 41 21 min
358 447 89 27 mening,
464 447 36 21 vill
513 448 36 26 jag
565 450 83 23 antaga,
664 450 33 18 att
712 455 25 14 en
754 448 75 21 moder
843 448 55 20 skall
913 447 69 22 ärfvas
998 447 21 21 af

191 478 31 19 ett
244 475 51 21 äkta
318 476 39 21 och
373 476 35 21 två
431 476 64 21 oäkta
511 476 60 21 barn.
601 476 39 21 Om
656 483 48 14 man
720 477 69 20 håller
805 476 31 26 sig
851 476 33 21 till
900 476 117 27 ordalydel-

191 510 36 15 sen
243 505 6 20 i
266 505 12 26 &
296 507 18 22 7,
330 505 69 20 skulle
414 507 31 18 ett
460 505 22 20 af
496 505 25 20 de
537 505 64 20 oäkta
617 505 79 20 barnen
712 505 27 21 då
754 505 54 20 böra
823 504 20 21 få
860 504 52 21 halft
927 505 22 20 af
963 504 55 21 hvad

192 533 60 20 detta
275 539 81 14 samma
379 533 52 20 barn
452 533 55 20 hade
530 533 127 25 tillkommit,
682 533 6 20 i
712 533 103 22 händelse
837 533 34 20 det
891 534 54 20 varit
960 534 58 25 äkta,

192 563 52 19 utan
267 564 33 18 att
321 561 69 26 någon
409 561 132 27 supposition
563 563 61 25 göres
640 568 32 15 om
689 563 25 20 de
731 562 69 26 öfriga
813 562 87 24 barnen,
915 562 6 20 i
938 562 80 21 hvilket

192 589 37 22 fall
254 590 35 21 det
312 590 83 21 således
414 590 53 21 hade
483 590 80 21 funnits
579 591 36 20 två
629 590 50 21 äkta
696 591 37 20 och
751 593 31 18 ett
799 591 64 20 oäkta
878 590 60 21 barn.
968 591 50 20 Man

192 619 68 20 finner
283 619 39 21 lätt
345 625 75 20 genom
444 625 25 15 en
486 619 61 21 enkel
563 619 94 26 räkning,
674 621 32 19 att
722 620 36 20 det
774 619 65 21 oäkta
854 619 86 21 barnets
956 619 62 21 andel

193 647 27 21 då
235 647 55 21 hade
306 648 89 20 kommit
410 649 32 19 att
457 649 76 24 utgöra
549 647 41 21 fem
606 647 161 26 tjugufjerdelar
783 647 22 22 af
820 648 48 20 hela
881 648 74 21 arfvet.
985 648 33 20 En

193 676 66 21 sådan
283 676 93 26 tydning,
400 676 66 21 ehuru
486 677 39 20 den
549 678 24 19 är
596 676 118 27 bokstaflig,
738 679 45 18 tror
797 676 37 27 jag
856 677 53 20 dock
925 677 45 20 icke
985 678 34 19 att

193 705 69 26 någon
280 705 95 20 ledamot
392 705 7 20 i
414 705 105 20 utskottet
535 705 47 20 ville
598 705 123 20 vidkännas.
753 705 33 20 Fn
802 711 69 14 annan
888 704 61 21 friare
965 705 53 20 tolk-

193 733 51 26 ning
259 739 50 15 vore
324 734 47 24 den,
388 735 32 18 att
435 739 47 15 man
498 737 83 22 antoge,
597 735 31 19 att
645 733 34 21 det
695 734 65 21 oäkta
776 734 87 20 barnets
878 734 62 20 andel
954 733 65 21 borde

193 768 51 15 vara
259 761 80 21 hälften
356 761 22 21 af
392 761 54 21 hvad
463 762 35 20 det
513 762 68 21 skulle
597 762 117 21 tillkomma
730 769 34 14 om
777 762 46 21 alla
832 762 53 21 barn
896 762 54 21 varit
961 763 57 20 äkta.

193 790 10 21 I
226 791 60 20 detta
309 790 35 21 fall
361 790 67 21 skulle
445 791 47 20 dess
508 790 107 21 arfsandel
630 791 7 20 i
653 797 48 20 nyss
716 791 92 20 anförda
824 791 95 26 exempel
934 791 86 20 komma

194 821 32 18 att
250 821 76 24 utgöra
349 825 25 14 en
398 819 97 26 sjettedel
517 819 21 20 af
556 819 48 21 hela
619 819 73 21 arfvet.
723 819 50 21 Men
789 819 61 21 äfven
865 819 97 21 häremot
977 819 41 20 kan

193 848 121 25 anmärkas,
330 849 32 19 att
377 854 74 19 genom
469 853 25 15 en
511 847 65 22 sådan
592 847 132 27 bestämning
741 848 37 21 det
794 848 65 21 oäkta
868 848 87 21 barnets
966 847 53 21 arfs-

193 877 41 20 lott
257 876 7 20 i
287 876 132 21 förhållande
440 875 31 22 till
487 876 35 21 det
537 876 51 21 äkta
603 876 85 21 barnets
704 877 70 20 blefve
789 876 124 21 varierande
930 876 39 21 och
985 876 35 21 be-

193 905 79 20 roende
296 905 24 20 af
340 905 80 20 antalet
440 904 51 21 barn
511 905 22 21 af
552 905 103 21 hvardera
673 906 75 26 slaget.
783 905 46 21 Den
848 905 70 21 kunde
937 905 6 20 i
964 905 56 20 vissa

193 933 37 21 fall
254 933 64 21 blifva
340 939 26 15 en
385 933 108 26 fjerdedel,
517 939 25 15 en
565 933 105 26 femtedel,
693 940 24 15 en
742 933 106 27 sjettedel,
866 934 48 20 med
935 936 31 18 ett
981 933 39 21 ord

194 961 84 22 hvilken
302 961 88 21 bråkdel
410 968 44 15 som
475 961 56 22 helst
551 962 22 21 af
590 962 36 21 det
641 962 51 21 äkta
706 963 89 20 barnets
810 962 47 21 lott.
888 962 32 21 Då
936 962 35 21 det
986 968 33 21 sy-

194 997 36 14 nes
246 990 110 27 olämpligt
372 993 31 18 att
419 991 110 20 arfslotten
545 991 90 21 sålunda
649 991 68 21 skulle
737 991 67 21 blifva
819 991 130 26 varierande,
964 991 56 20 åter-

194 1019 44 21 står
252 1021 56 18 ännu
324 1025 25 14 en
365 1019 68 26 tredje
448 1018 103 28 tolkning,
566 1025 45 15 som
625 1019 36 27 jag
676 1020 33 21 för
724 1020 44 21 min
786 1019 33 21 del
836 1026 62 14 anser
913 1025 51 15 vara
979 1019 40 21 den

195 1047 95 22 enklaste
314 1048 39 21 och
376 1047 145 26 naturligaste,
543 1048 103 27 nemligen
668 1049 46 24 den,
736 1050 33 19 att
791 1048 36 21 det
849 1048 64 21 oäkta
932 1047 88 22 barnets

194 1076 88 21 arfslott
298 1076 6 21 i
320 1076 73 27 hvarje
408 1076 101 21 händelse
524 1077 66 20 borde
605 1079 76 24 utgöra
696 1077 82 21 hälften
794 1077 23 20 af
832 1077 54 20 hvad
902 1077 50 20 äkta
967 1076 53 21 barn

195 1104 21 21 af
232 1111 81 14 samma
328 1105 41 20 kön
386 1105 96 20 erhåller.
513 1105 41 26 Jag
569 1112 62 14 anser
646 1106 64 20 också
725 1108 39 24 att,
775 1112 34 14 om
821 1111 26 14 en
857 1104 163 28 sammanjemk-

194 1134 50 26 ning
267 1133 54 21 skall
342 1134 84 20 komma
445 1134 5 20 i
473 1133 66 27 fråga,
560 1134 35 21 det
616 1134 45 21 icke
683 1141 66 19 gerna
769 1134 41 21 kan
830 1134 36 20 ske
883 1133 137 27 annorlunda,

194 1164 27 19 än
243 1165 33 18 att
296 1162 128 26 stadgandet
443 1162 33 21 får
497 1169 25 14 en
543 1163 65 20 sådan
631 1163 84 26 lydelse.
746 1163 32 26 Ty
798 1163 26 20 då
840 1162 181 27 Borgareståndet

194 1190 58 21 förut
273 1191 63 26 yrkat
358 1191 26 26 på
407 1191 42 20 lika
469 1191 84 21 arfslott
574 1191 32 21 för
629 1192 64 20 oäkta
715 1191 55 21 barn
792 1197 46 15 som
853 1191 33 21 för
902 1191 50 20 äkta
967 1190 53 21 efter

194 1225 82 15 samma
291 1220 79 25 moder,
386 1226 61 14 anser
459 1219 43 27 jag,
518 1222 33 18 att
565 1220 179 26 Borgareståndet
760 1226 30 15 nu
802 1220 46 21 icke
859 1220 41 20 kan
910 1220 27 25 gå
948 1220 72 25 längre

194 1248 7 20 i
217 1248 154 27 medgifvande,
394 1250 27 19 än
443 1250 32 19 att
493 1249 68 20 denna
577 1249 40 20 lott
632 1249 109 21 nedsättes
758 1248 32 21 till
807 1248 87 26 hälften,
910 1249 111 20 hvaremot

194 1276 55 22 efter
266 1278 38 20 den
318 1277 67 21 första
402 1276 125 28 bokstafliga
543 1277 38 21 och
597 1278 60 20 äfven
674 1278 39 21 den
730 1278 69 20 andra
814 1277 65 26 något
892 1277 63 21 friare
966 1276 54 21 tolk-

195 1306 77 26 ningen
300 1306 110 20 arfslotten
437 1306 68 20 blefve
527 1306 82 21 mindre
629 1308 26 19 än
679 1306 88 21 hälften.
805 1306 41 26 Jag
866 1305 85 21 förenar
980 1304 42 26 mig

194 1334 71 21 derför
287 1334 47 21 med
358 1334 48 20 herr
425 1334 24 20 E.
471 1334 69 27 Bergh
563 1341 32 14 om
615 1335 99 21 ärendets
729 1335 124 21 återremiss
869 1334 31 20 till
916 1334 106 20 utskottet

195 1362 33 22 för
251 1370 26 14 en
300 1363 65 21 sådan
382 1362 153 27 omredigering
551 1363 21 21 af
587 1364 10 25 $
614 1364 19 24 7,
650 1365 32 19 att
697 1363 63 21 deraf
774 1364 34 20 må
824 1362 93 27 tydligen
932 1362 89 26 framgå,

194 1393 32 19 att
250 1392 64 21 oäkta
333 1391 64 21 barns
420 1392 40 20 lott
483 1392 6 20 i
511 1391 72 27 hvarje
598 1391 36 21 fall
650 1392 54 20 skall
718 1393 81 25 utgöra
815 1391 81 21 hälften
912 1394 44 18 mot
971 1390 51 22 äkta

195 1420 62 22 baros
273 1420 23 22 al
309 1426 81 16 saminä
405 1420 48 21 kön.

264 1477 56 21 Herr
340 1477 196 26 Tengström:
567 1477 40 21 Till
631 1477 35 21 det
685 1477 23 21 af
728 1476 155 27 Lagutskottet
898 1476 124 21 framstälda

194 1506 318 26 sammanjemkningsförslaget
527 1506 32 21 får
572 1506 37 26 jag
624 1506 47 21 med
688 1506 42 21 min
742 1507 46 19 röst
801 1511 62 15 svara
874 1507 31 19 ett
916 1505 107 21 bestämdt
