1078 1781
303 118 180 20 Borgareständet
496 118 55 17 1877.
571 118 11 16 7
595 118 63 20 April.
845 112 40 21 451

60 187 97 26 kristliga
179 187 151 26 äktenskapets
354 187 39 21 och
416 186 143 27 sedlighetens
582 187 89 21 intresse
694 187 61 20 sökte
778 187 109 21 motverka

60 216 133 21 konkubinat
215 215 39 21 och
269 215 67 22 andra
352 215 44 21 lösa
412 215 140 21 förbindelser
567 221 75 20 genom
658 217 32 19 att
705 217 51 24 göra
771 215 80 21 barnen
867 215 22 21 af

60 245 80 21 sådana
158 243 139 22 förbindelser
316 244 84 21 arflösa.
430 243 51 22 Man
502 243 93 26 förbisåg
616 243 105 27 nämligen
736 245 33 20 att
784 250 55 19 man,
855 244 33 21 för

59 275 33 19 att
113 273 64 21 vinna
199 275 31 18 ett
252 272 91 21 lofvärdt
365 272 104 26 ändamål,
493 272 7 21 i
523 272 72 21 stället
617 272 90 21 kränkte
727 273 35 20 det
777 272 111 27 oskyldiga

59 301 88 22 barnets
167 303 44 19 rätt
229 303 33 19 att
282 301 64 21 också
360 301 66 21 blifva
447 301 149 26 respekteradt
615 301 70 20 såsom
706 307 26 15 en
753 300 26 21 fri
800 301 39 22 och
855 301 32 21 till

60 330 114 21 samhället
196 329 94 22 hörande
312 329 149 27 personlighet,
483 329 85 21 hvilken
590 329 89 21 likasom
695 330 67 21 andra
777 329 52 22 barn
844 330 43 21 kan

60 359 62 21 hafva
137 358 92 27 anspråk
245 359 18 26 ej
280 357 55 22 blott
350 359 12 20 å
377 359 46 20 sina
438 357 116 22 föräldrars
569 358 131 21 omvårdnad
715 359 67 20 under
797 359 90 20 minder-

60 387 159 27 årighetstiden,
240 389 51 19 utan
310 387 60 20 äfven
394 389 32 18 att
449 387 54 20 efter
519 387 62 20 deras
596 386 42 21 död
653 387 22 20 få
690 390 48 23 taga
755 387 34 20 del
803 388 4 19 i
825 387 61 21 deras

61 416 170 27 qvarlåtenskap.
258 415 51 22 Man
327 415 98 21 underlät
448 415 108 21 dessutom
579 417 33 18 att
634 415 79 26 pröfva,
730 415 103 21 huruvida
851 415 36 21 det

61 445 106 25 ändamål,
189 450 44 15 som
259 451 48 14 man
332 443 48 22 ville
404 444 68 24 vinna,
497 444 64 21 också
583 443 108 27 verkligen
713 444 70 21 kunde
805 445 81 26 uppnås

61 479 76 21 genom
153 473 36 21 det
204 473 74 26 medel,
293 479 45 15 som
354 472 70 21 dertill
440 472 109 21 anlitades.

131 502 69 21 Sedan
222 501 48 21 dess
291 502 38 21 har
350 501 80 21 seklers
451 501 121 21 erfarenhet
594 501 120 26 ådagalagt,
730 503 32 19 att
782 501 25 21 de
823 501 63 21 oäkta

61 531 91 20 barnens
175 530 154 26 utestängande
351 529 46 22 från
420 529 87 21 arfsrätt
529 529 47 21 icke
597 529 81 22 kunnat
692 529 109 21 förhindra
815 529 71 27 dylika

61 559 64 21 barns
148 558 85 27 födelse,
256 565 47 14 men
326 560 31 19 att
380 558 96 21 deremot
497 558 40 21 den
553 557 96 27 kristliga
665 558 105 21 moralens
786 558 100 26 framsteg

62 587 39 22 och
117 588 26 21 de
158 587 23 21 af
195 590 30 18 ett
240 587 130 21 allmännare
385 586 98 21 välstånd
496 586 147 27 möjliggjorda
655 587 89 26 tidigare
754 586 132 27 giftermålen

61 617 49 20 vida
131 616 157 21 verksammare
311 615 111 26 befrämjat
443 615 194 26 könssedligheten.
667 615 112 26 Samtidigt
799 615 87 21 härmed

61 645 40 21 har
121 645 77 26 jemväl
221 645 39 20 den
276 644 138 27 öfvertygelse
431 643 38 22 allt
484 650 59 15 mera
558 643 57 27 gjort
630 643 32 26 sig
677 643 103 26 gällande,
796 644 18 26 ej
831 643 55 22 blott

61 675 33 19 att
115 673 139 22 omförmälda
269 673 23 21 af
307 673 67 20 andra
389 672 84 27 hyllade
490 672 133 27 uppfattning
639 672 21 21 af
674 673 27 20 de
716 673 64 20 oäkta
795 673 91 20 barnens

61 704 44 19 rätt
126 702 17 26 ej
166 701 155 22 sammanfaller
337 701 47 21 med
400 701 176 27 kristendomens,
592 701 62 21 hvars
668 701 120 26 gudomlige
803 701 83 21 stiftare

61 731 46 21 icke
130 731 108 25 undantog
260 731 26 20 de
308 730 64 21 oäkta
395 729 86 26 barnen,
497 729 26 21 då
544 729 41 21 han
601 729 121 22 förklarade
738 730 80 21 barnen
833 729 53 22 höra

61 759 142 21 himmelriket
224 759 38 25 till,
282 761 52 19 utan
355 759 61 20 äfven
435 760 32 19 att
483 759 26 20 de
524 758 65 21 oäkta
605 758 79 21 barnen
700 759 6 20 i
722 758 164 27 medborgerligt

62 788 39 21 och
123 787 97 27 politiskt
241 787 120 22 hänseende
384 789 36 18 äro
444 788 33 20 att
499 787 69 21 såsom
587 786 168 27 personligheter
769 787 61 21 aktas
846 787 39 21 och

61 817 104 21 likställas
181 816 48 21 med
244 816 65 25 öfrige
324 815 160 27 medborgare."

129 845 34 21 Då
185 845 105 21 utskottet
312 844 88 21 sålunda
422 843 56 22 talar
497 850 35 15 om
547 845 33 20 att
595 851 28 14 nu
638 844 98 27 gällande
752 843 134 27 uppfattning

61 873 22 21 af
106 874 26 21 de
155 874 64 20 oäkta
241 873 91 21 barnens
354 875 44 19 rätt
420 873 45 20 icke
481 872 158 21 sammanfaller
654 873 48 21 med
716 873 169 20 kristendomens

61 902 51 27 lära,
128 902 63 21 hvars
205 901 120 27 gudomlige
340 901 82 21 stiftare
437 901 46 21 icke
498 902 109 25 undantog
624 902 25 20 de
662 901 64 22 oäkta
736 901 87 23 barnen,
833 903 52 19 utan

61 930 121 22 förklarade
204 933 32 18 att
258 931 26 20 de
306 930 44 21 lika
372 929 33 22 väl
424 936 45 15 som
485 930 67 21 andra
566 929 53 22 höra
635 930 141 21 himmelriket
792 930 38 23 till,
846 929 39 22 och

61 959 103 26 derjemte
179 959 56 21 visar
250 961 32 19 att
297 959 54 21 slika
366 958 105 27 naturliga
487 958 53 21 barn
556 958 61 21 äfven
633 959 39 21 hos
688 965 34 14 oss
736 959 67 20 under
816 958 68 26 långa,

61 987 62 27 långa
145 987 70 22 sekler
234 988 46 21 icke
302 987 54 21 varit
373 987 90 26 betagna
479 987 26 21 de
521 987 68 26 öfriga
604 987 125 26 rättigheter
743 987 31 21 uti
790 987 96 26 politiskt

61 1017 38 20 och
115 1016 75 21 socialt
205 1016 103 25 afseende,
325 1022 45 15 som
383 1015 118 22 tillkomma
512 1015 51 21 äkta
575 1015 59 25 barn,
646 1022 50 15 vore
706 1022 48 14 man
765 1015 120 26 berättigad

60 1047 33 19 att
115 1045 62 21 häraf
197 1045 56 21 sluta
270 1047 32 18 att
317 1044 64 21 också
397 1044 40 21 den
453 1044 108 25 rättighet,
577 1043 106 22 hvarifrån
700 1044 26 21 de
740 1044 75 21 hittills
831 1044 55 21 varit

60 1073 114 26 uteslutna,
197 1074 66 21 borde
286 1073 48 21 dem
356 1073 104 26 tilläggas.
492 1072 49 21 Men
564 1073 6 20 i
594 1073 39 21 och
656 1073 48 21 med
721 1073 116 20 detsamma
853 1075 32 18 ut-

60 1102 81 21 skottet
162 1102 79 21 uttalat
264 1102 61 21 dessa
344 1101 99 27 högsinta
464 1101 39 21 ord
525 1101 38 21 och
584 1101 82 26 tankar,
682 1101 38 21 har
739 1101 37 21 det
794 1101 90 26 troligen

60 1131 61 21 tänkt
142 1132 28 25 på
185 1133 32 18 att
232 1131 109 27 ,fädernes
356 1130 165 26 missgerningar
537 1129 52 22 böra
604 1130 90 21 hämnas
709 1130 27 27 på
751 1129 80 22 barnen
847 1129 38 21 allt

59 1159 55 21 intill
137 1159 67 26 tredje
226 1159 39 21 och
288 1159 66 26 fjerde
376 1158 55 25 led",
447 1158 76 21 hvaraf
542 1158 79 27 följden
641 1159 64 20 också
720 1158 68 21 blifvit
803 1160 32 19 att
850 1160 34 19 ut-

59 1187 80 22 skottet
160 1188 88 21 kommit
267 1187 32 21 till
320 1189 30 19 ett
369 1187 96 26 resultat,
482 1193 45 15 som
549 1189 24 19 är
588 1187 23 21 af
627 1187 43 21 lika
686 1187 58 26 ringa
760 1187 64 21 värde
839 1193 45 14 som

60 1217 36 20 det
111 1216 135 21 härförinnan
262 1215 97 27 gällande
375 1215 133 27 stadgandet.
535 1215 122 22 Utskottets
673 1215 78 27 förslag
766 1221 61 20 synes
842 1215 43 26 mig

59 1245 72 21 kunna
151 1245 87 27 ungefär
253 1244 102 22 förliknas
370 1245 48 21 med
434 1247 32 19 att
481 1245 22 21 åt
519 1250 25 16 en
560 1244 59 22 hund
633 1245 87 21 utkasta
735 1251 26 14 en
777 1244 107 21 benknota

59 1274 46 21 från
123 1274 84 21 hvilken
223 1274 38 21 allt
276 1274 46 20 kött
339 1276 23 18 är
378 1273 121 27 afgnagadt.
529 1273 31 27 Ty
576 1280 33 14 om
626 1273 64 21 också
706 1276 30 18 ett
752 1273 64 21 oäkta
831 1273 53 20 barn

58 1303 34 21 får
106 1303 59 21 ärfva
181 1303 30 21 sin
228 1302 73 22 moder
316 1303 39 21 och
370 1302 45 21 sina
431 1302 64 21 oäkta
511 1302 85 26 syskon,
611 1302 23 21 så
650 1302 60 21 torde
726 1301 69 26 någon
811 1303 73 19 nämn-

59 1332 51 20 värd
130 1331 67 21 fördel
214 1331 85 21 dermed
314 1331 45 21 icke
375 1337 51 15 vara
441 1330 47 21 dem
504 1330 85 21 beredd.
619 1330 111 22 Utskottet
746 1330 38 21 bar
799 1330 85 21 baserat

59 1360 31 22 sin
106 1360 55 26 åsigt
175 1360 28 27 på
218 1359 99 21 kärleken
334 1360 38 21 och
388 1359 40 21 den
443 1359 141 26 tillgifvenhet
599 1366 46 14 som
660 1359 110 25 föräldrar,
781 1358 52 22 barn
845 1358 39 22 och

59 1388 150 22 anförvandter
227 1388 105 27 sjelffallet
352 1388 52 26 hysa
427 1388 33 20 för
478 1388 126 20 hvarandra.
634 1388 43 20 För
693 1388 41 20 min
751 1387 33 21 del
799 1387 35 21 vill
847 1387 37 26 jag

58 1417 52 21 visst
125 1417 110 26 medgifva,
251 1419 32 19 att
298 1416 179 27 förutsättningen
492 1416 22 21 af
528 1423 26 14 en
570 1416 66 21 sådan
647 1416 74 21 kärlek
731 1416 81 21 kunnat
822 1416 62 20 hafva

57 1447 70 25 någon
149 1446 101 20 inverkan
273 1446 27 26 på
323 1446 25 20 de
370 1445 203 27 lagbestämmelser,
595 1451 46 15 som
664 1445 54 21 varit
739 1444 93 21 rådande
848 1444 36 20 be-

58 1473 103 23 träffande
173 1474 119 26 arfsrätten,
303 1480 47 16 men
359 1474 37 27 jag
407 1474 41 21 kan
459 1474 46 21 icke
516 1473 129 22 tillerkänna
655 1473 68 21 denna
733 1473 74 21 kärlek
818 1472 65 22 sådan
