1078 1781
197 117 41 21 528
418 122 177 21 Borgareståndet
607 123 55 17 1877.
686 123 28 17 20
727 122 63 22 April.

198 185 59 21 hålla
272 186 28 25 på
316 191 25 15 en
356 185 159 26 inskränkning,
532 191 44 15 som
593 186 32 25 de,
640 185 71 21 hvilka
732 185 66 22 saken
814 187 94 19 närmast
924 187 41 23 rör,
981 186 46 21 icke

198 213 64 22 hafva
278 214 98 27 påyrkat.
407 213 48 21 Men
471 214 32 21 för
519 214 61 26 öfrigt
595 214 36 21 vill
645 214 35 27 jag
696 215 78 24 erinra,
790 217 32 18 att
837 214 46 27 fyra
898 214 78 21 Stånds
992 215 35 20 be-

199 243 43 20 slut
265 242 83 21 fordras
371 243 75 20 endast
465 243 7 20 i
492 243 192 26 grundlagsfrågor,
709 243 157 26 principfrågor
888 243 40 21 och
954 246 73 24 egent-

199 271 43 26 liga
258 271 205 26 bevillningsfrågor,
480 271 31 21 till
528 271 70 20 hvilka
613 271 49 21 herr
677 271 70 26 Bergh
764 271 77 21 erkänt
856 273 32 19 att
904 272 68 21 denna
981 272 46 21 icke

199 299 45 21 hör.
261 311 29 3 —
304 299 88 22 Således
414 300 83 21 fordras
519 300 46 20 icke
589 300 45 26 fyra
656 300 79 21 Ständs
760 299 130 27 enhällighet
908 301 35 20 vid
959 301 68 20 denna

200 327 72 28 frågas
288 328 122 26 afgörande.
441 328 40 26 Jag
497 328 88 21 föreslår
600 329 124 26 ytterligare
738 329 130 26 antagandet
886 329 23 20 af
922 335 104 15 samman-

198 357 228 26 jemkningsförslaget.

271 414 55 21 Herr
350 413 183 28 Chydenius:
565 414 110 21 Huruvida
694 415 39 20 den
754 414 144 27 föreliggande
915 415 73 26 frägan
1005 416 23 19 är

202 449 25 14 en
250 442 68 26 fräga,
342 449 45 14 som
411 442 99 21 behöfver
533 442 45 27 fyra
600 443 78 21 Ständs
698 443 184 26 samstämmighet
902 443 32 21 för
949 445 32 19 att
996 442 32 21 af-

202 473 69 24 göras,
295 471 35 20 vill
352 471 36 26 jag
410 471 45 21 icke
471 477 29 14 nu
515 471 96 26 företaga
626 472 30 20 till
673 472 165 26 undersökning.
869 472 47 21 Men
932 473 96 20 deremot

202 499 36 21 vill
258 499 36 26 jag
317 500 109 21 bestämdt
447 501 88 25 påpeka,
559 502 32 19 att
606 502 39 19 den
660 501 76 25 grund,
753 501 54 20 efter
823 500 84 21 hvilken
924 501 105 20 utskottet

202 528 102 26 uppgjort
319 529 37 20 sitt
371 528 80 26 förslag
467 528 31 21 till
514 529 208 26 sammanjemkning,
738 529 116 27 ingalunda
870 531 24 18 är
909 535 25 15 en
945 529 83 26 pälitlig

203 557 109 26 grundval.
342 557 111 21 Utskottet
468 557 39 20 har
522 559 67 18 rättat
604 557 32 26 sig
650 557 101 26 derefter,
768 560 33 18 att
816 557 35 21 tvä
866 557 67 22 Ständ
945 558 84 21 förenat

203 586 32 26 sig
255 592 34 13 om
309 585 148 21 betänkandet.
488 586 45 21 Här
551 586 33 21 stä
602 587 35 20 tvä
652 586 66 21 Ständ
735 588 58 19 emot
809 587 40 24 tvä,
866 593 46 14 men
929 587 40 20 den
985 593 43 14 om-

202 613 158 27 ständigheten,
381 616 31 19 att
433 614 36 21 tvä
491 615 66 20 Ständ
581 615 87 20 anslutit
688 615 32 26 sig
743 615 32 20 till
796 615 114 20 utskottets
926 615 58 20 förut
999 615 30 20 af-

203 642 58 25 gifna
277 643 141 24 betänkande,
435 643 38 20 har
487 643 66 26 gjorts
569 643 31 20 till
617 643 113 26 anledning
747 646 33 18 att
796 643 76 21 föreslå
888 643 58 21 detta
958 643 72 21 betän-

203 671 70 20 kande
293 671 32 21 till
347 671 125 27 antagande.
502 672 37 20 Att
563 673 56 20 rätta
642 672 31 26 sig
696 672 53 21 efter
773 673 23 20 sä
817 674 47 19 rent
879 672 95 21 formella
990 672 39 21 och

204 700 99 20 tekniska
325 700 53 25 skäl,
400 707 61 20 synes
484 701 53 20 dock
561 707 51 14 vara
635 703 63 18 orätt.
735 701 39 20 Att
804 700 160 21 Presteständet
990 701 39 20 och

203 728 161 22 Bondeständet
386 729 6 20 i
414 729 68 20 denna
505 729 60 26 fråga
587 729 83 21 förenat
686 729 30 27 sig
733 729 49 21 med
798 729 112 24 utskottet,
925 729 42 21 kan
982 730 48 20 här-

204 759 48 18 röra
273 757 65 24 deraf,
354 759 32 18 att
402 758 31 23 de,
450 758 88 20 likasom
555 758 104 21 utskottet
676 758 52 21 först
744 758 81 26 gjorde,
841 758 84 21 kommo
942 760 32 19 att
988 758 42 21 för-

204 785 44 21 bise
272 786 69 25 vigten
365 785 23 21 af
408 786 209 26 tidsbestämningen.
646 786 41 27 Jag
709 793 71 19 anser,
800 789 32 18 att
847 789 39 18 när
902 788 30 19 ett
946 787 24 20 så
985 787 45 26 vig-

204 815 41 26 tigt
268 817 93 18 moment
384 821 45 15 som
453 815 59 20 detta
535 815 48 20 kom
599 815 50 25 före,
665 815 55 21 hade
736 815 106 21 utskottet
858 815 48 21 bort
921 817 57 19 rätta
993 816 37 20 sitt

204 843 80 26 förslag
306 843 46 21 icke
374 843 55 21 blott
450 843 53 21 efter
518 843 95 21 formella
636 844 148 24 betraktelser,
809 847 50 18 utan
882 844 54 21 efter
954 844 76 21 sakens

205 871 100 21 innehåll.
335 872 11 21 I
368 872 39 20 den
430 872 65 27 fråga,
517 878 44 15 som
582 879 49 20 nyss
652 879 38 14 var
710 873 52 24 före,
779 873 38 20 har
830 872 24 27 ju
870 872 90 21 Ståndet
974 873 56 26 gjort

204 900 99 25 gällande
326 906 80 15 samma
428 901 119 26 grundsats,
567 903 32 18 att
615 903 30 19 ett
660 901 84 21 utskott
759 901 47 21 icke
821 901 40 21 bör
876 901 44 21 låta
936 901 46 21 leda
998 901 33 26 sig

205 929 6 20 i
234 929 38 20 sitt
294 929 70 20 beslut
383 929 23 21 af
419 935 24 15 en
459 929 75 21 formel
551 929 161 26 omständighet,
729 930 37 20 der
783 931 36 20 det
834 932 23 18 är
872 931 110 26 antagligt,
999 932 32 19 att

206 960 31 18 ett
260 957 134 21 förbiseende
410 960 34 24 egt
459 964 53 15 rum.
542 957 134 22 Beträffande
692 959 75 26 frågan
784 959 79 25 derom,
880 959 22 20 åt
917 959 54 20 hvad
987 959 44 20 håll

205 992 25 14 en
254 986 203 27 sammanjemkning
480 987 39 20 bör
541 987 27 26 gå
590 987 39 20 och
652 987 27 26 på
702 987 56 21 hvad
781 989 42 19 sätt
843 987 40 21 den
899 987 53 21 skall
968 987 63 21 hafva

205 1015 62 20 bästa
289 1015 67 25 utsigt
369 1017 32 18 att
417 1016 62 20 vinna
495 1015 115 26 framgång,
627 1017 23 19 är
666 1016 35 20 det
714 1016 33 20 för
762 1019 78 23 resten,
857 1017 37 19 när
910 1016 64 21 saken
988 1016 43 26 gäl-

204 1043 30 20 ler
250 1043 106 26 åtagande
378 1043 22 21 af
418 1050 24 14 en
459 1046 71 24 tunga,
546 1044 125 27 uppenbart,
688 1047 32 18 att
736 1051 49 14 man
801 1045 56 20 helst
872 1045 39 20 bör
926 1047 49 24 taga
991 1045 40 20 den

204 1072 77 21 minsta
308 1075 87 23 tungan.
433 1073 76 20 Derför
530 1073 140 21 understöder
689 1073 37 26 jag
749 1073 108 26 förslaget,
880 1075 32 19 att
927 1073 105 26 Borgare-

208 1100 86 21 ståndet
317 1101 111 21 fasthåller
450 1102 36 20 sitt
509 1101 70 21 beslut
599 1101 38 21 och
653 1101 98 27 inbjuder
767 1102 26 21 de
810 1102 65 26 öfriga
891 1102 93 21 Stånden
1000 1104 32 19 att

204 1129 73 20 derom
294 1129 74 21 förena
383 1130 37 26 sig.

276 1187 55 20 Herr
353 1187 188 26 Tengström:
572 1187 40 27 Jag
635 1187 35 21 vill
686 1187 96 27 tillägga,
798 1190 32 19 att
845 1188 111 25 utskottet,
973 1191 59 18 utom

206 1215 26 20 de
255 1215 47 20 skäl
325 1215 49 21 herr
390 1215 119 27 Chydenius
525 1215 94 24 anförde,
636 1216 62 21 äfven
714 1217 72 26 tillagt
802 1217 36 20 det
852 1217 80 26 ganska
948 1219 83 19 väsent-

204 1243 48 27 liga,
277 1246 33 19 att
333 1250 33 15 om
389 1244 149 28 förordningen
561 1245 6 21 i
588 1247 70 19 ämnet
676 1247 89 25 antoges
782 1248 32 18 att
829 1245 56 27 gälla
900 1246 75 20 endast
990 1245 41 21 fem

204 1272 52 21 eller
280 1273 28 21 tio
332 1273 30 26 år,
383 1280 50 14 vore
457 1274 64 20 saken
545 1274 54 20 efter
620 1274 68 21 denna
709 1274 42 21 tids
767 1274 83 26 förlopp
866 1274 107 21 sannolikt
989 1274 43 21 lika

204 1301 104 33 oafgjord
325 1308 43 14 som
392 1308 35 18 nu,
447 1302 26 21 då
495 1309 48 14 man
566 1302 46 21 icke
627 1303 42 20 kan
684 1303 122 26 förutsätta,
823 1305 31 19 att
870 1303 39 21 den
925 1303 107 21 allmänna

203 1332 77 24 posten
303 1330 56 21 inom
376 1336 24 15 en
418 1330 22 22 så
456 1332 49 20 kort
521 1331 30 21 tid
567 1332 46 20 nått
629 1332 40 20 den
685 1316 128 46 utveckling,
829 1333 33 19 att
877 1331 155 33 häradsposten

204 1358 71 22 kunde
298 1358 106 22 umbäras.
435 1360 41 26 Jag
499 1366 105 20 upprepar
619 1360 49 20 mitt
683 1360 87 26 förslag.
786 1362 32 19 att
835 1366 64 15 samm

203 1394 40 19 gen
266 1388 66 20 måtte
355 1390 95 24 antagas.
480 1388 39 22 Att
537 1388 111 25 utskottet,
668 1389 69 21 såsom
759 1388 50 21 herr
829 1388 59 22 Chyd

203 1402 69 45 bållit,
296 1422 62 15 anser
377 1405 41 37 sig
424 1422 51 16 vara
490 1417 88 26 ungefär
591 1417 111 27 jemngodt
717 1417 49 22 med
783 1419 30 19 ett
829 1417 67 21 Stånd
911 1424 7 14 i
934 1417 98 22 afseende

203 1444 13 20 å
239 1444 98 28 förmåga
360 1447 32 19 att
412 1445 111 21 bedömma
546 1446 69 20 denna
638 1446 43 25 sak,
704 1446 68 21 finner
792 1446 37 26 jag
851 1446 47 21 icke
914 1446 117 26 olämpligt.

206 1461 116 33 Utskottet
334 1474 38 20 har
388 1473 122 27 visserligen
526 1474 47 21 icke
589 1475 68 25 någon
674 1462 117 39 afgörande
807 1476 49 24 rätt,
872 1481 48 15 men
936 1475 96 27 förmåga

203 1503 33 19 att
252 1502 91 21 bedöma
358 1502 66 21 saken
439 1503 40 21 bör
494 1505 31 19 ett
541 1503 82 21 utskott
639 1503 53 21 dock
708 1509 62 15 anses
787 1504 46 20 icke
848 1504 72 21 sakna.
