1078 1781
187 118 41 22 628
432 124 179 21 Borgareståndet
624 125 54 17 1877.
704 126 8 16 1
726 125 48 20 Maj.

438 227 142 34 Tisdagen
599 227 55 27 den
672 227 14 26 1
704 227 64 34 Maj.

257 295 35 22 KI.
320 298 23 19 11
370 295 45 22 före
440 296 113 27 middagen
580 296 174 22 sammanträdde
779 296 179 28 Borgareståndet
983 297 32 21 till

187 323 92 28 plenum.

257 450 101 22 Ståndets
378 450 53 21 vice
451 450 103 21 Talman
572 450 50 21 herr
639 446 112 29 Öhrnberg
768 450 139 27 tillkännagaf
921 452 31 19 att
968 449 48 22 Tal-

189 485 91 15 mannen
303 479 130 21 fortfarande
455 485 51 15 vore
528 479 22 21 af
571 479 98 27 sjukdom
692 479 92 21 hindrad
807 481 32 19 att
854 479 47 21 leda
916 479 100 21 Ståndets

188 507 162 27 förhandlingar
365 509 6 19 i
384 507 52 27 följd
447 507 76 22 hvaraf
531 507 246 22 talmansfunktionerna
792 507 130 22 fortfarande
932 507 84 22 komme

188 537 32 20 att
235 535 23 22 af
271 536 51 21 herr
336 537 54 20 vice
406 536 152 21 Talmannen
574 536 198 21 omhänderhafvas.

258 690 40 22 Vid
321 690 93 22 anstäldt
437 697 83 20 upprop
542 690 104 21 befunnos
669 690 102 22 Ständets
794 690 67 27 öfrige
879 690 137 21 medlemmar

188 719 184 21 tillstädeskomne
394 721 57 19 utom
476 719 49 21 herr
546 719 71 26 Forss,
634 725 45 15 som
695 719 110 21 anmäldes
820 719 131 21 fortfarande
966 725 50 15 vara

189 747 53 26 sjuk,
263 747 39 21 och
324 747 49 21 herr
392 747 20 21 J.
433 748 24 21 A.
474 747 87 28 Nystén,
578 754 45 15 som
639 749 47 20 med
702 747 101 22 Ståndets
819 748 123 26 begifvande
957 747 6 21 i
980 753 36 15 en-

188 776 70 21 skilda
280 776 177 27 angelägenheter
477 776 99 27 hemrest,
597 779 55 18 samt
672 777 51 20 herr
741 776 110 21 Rissanen.
881 775 135 22 Beträffande

189 805 39 20 den
244 805 131 21 sistnämnde
391 805 96 21 anmälde
503 805 49 21 herr
567 805 54 21 vice
637 805 161 25 Talmannen,
813 807 33 19 att
857 805 48 21 herr
913 805 102 21 Rissanen

188 833 90 21 anhållit
294 839 34 16 om
344 833 94 22 tillstånd
455 835 32 20 att
503 833 32 21 för
546 834 117 25 trängande
676 833 98 22 enskilda
784 833 77 22 affärer
869 834 67 21 under
948 833 68 21 denna

188 862 42 25 dag
251 861 47 22 icke
322 861 90 22 behöfva
433 862 79 21 infinna
533 862 32 26 sig
586 862 35 21 vid
642 862 177 26 sammanträdet;
837 862 38 21 och
890 862 45 21 blef
949 862 68 21 denna

188 890 106 26 anhållan,
317 891 40 20 den
382 890 49 21 herr
453 891 56 21 vice
531 891 160 21 Talmannen
708 897 28 15 nu
753 891 145 21 underställde
913 890 100 22 Ståndets

188 919 162 26 godkännande,
367 919 22 21 af
403 919 90 22 Ständet
508 919 95 23 bifallen.

258 1061 30 22 På
304 1061 50 22 herr
369 1062 53 21 vice
437 1062 168 21 Talmannens
621 1063 71 21 derom
701 1062 76 27 gjorda
786 1062 154 27 framställning
947 1061 70 22 bifölls

186 1090 79 26 jemväl
288 1091 50 20 herr
360 1091 117 26 Lindbergs
500 1091 99 21 anhållan
622 1093 32 20 att
676 1091 33 21 för
727 1091 98 21 enskilda
840 1090 177 27 angelägenheter

188 1119 67 49 Mader
278 1119 175 22 nästkommande
478 1120 93 27 torsdag,
594 1120 74 26 fredag
690 1120 40 21 och
754 1119 75 27 lördag
851 1119 97 22 bortresa
970 1119 46 22 från

187 1149 83 20 staden.

257 1267 40 21 Till
310 1268 106 26 justering
431 1268 108 27 upplästes
554 1268 105 22 särskilda
674 1269 79 27 utdrag
764 1269 22 21 af
797 1269 100 22 Ständets
908 1268 108 28 protokoll

187 1295 34 21 för
236 1296 41 22 den
293 1297 27 21 27
337 1296 104 22 nästlidne
457 1297 65 27 April.

256 1439 11 21 I
282 1439 100 22 afseende
397 1440 12 21 å
424 1440 119 22 kännedom
559 1440 123 28 föredrogos
698 1440 49 22 från
760 1441 103 22 särskilda
874 1440 140 23 Medständen

186 1467 108 22 ankomna
309 1469 205 27 protokollsutdrag.
