1078 1781
303 120 180 21 Borgareståndet
497 119 53 17 1877.
576 120 24 16 18
612 119 48 21 Maj.
854 113 41 23 787

124 190 33 21 Då
179 189 62 26 ingen
264 189 22 21 af
300 189 101 21 Ståndets
420 188 138 21 medlemmar
573 187 73 21 vidare
661 187 93 26 begärde
770 187 67 26 ordet,
853 187 44 21 för-

66 219 88 20 klarade
177 218 49 21 herr
244 217 174 22 Talmannen
434 217 148 21 diskussionen
598 216 93 21 afslutad
706 216 40 21 och
762 215 133 22 framställde

65 247 34 21 till
115 247 90 21 Ståndet
220 246 93 27 följande

136 303 187 27 Proposition:
345 302 33 21 De
399 308 45 15 som
467 301 114 28 godkänna
601 301 224 22 Ekonomiutskottets
840 307 56 16 sam-

67 331 249 28 manjemkningsförslag
337 337 62 15 svara
418 331 29 26 ja,
472 330 73 21 vinner
568 330 41 27 nej,
632 336 61 15 anses
716 330 180 27 Borgareståndet

67 361 94 27 beslutit,
185 363 38 24 att,
247 361 47 20 med
316 359 139 22 förkastande
476 359 23 21 af
511 359 324 26 sammanjemkningsförslaget,
852 358 44 21 vid-

69 389 64 22 blifva
147 390 38 21 sitt
200 389 57 21 förut
272 389 7 20 i
295 389 66 21 saken
376 388 82 21 fattade
475 387 76 22 beslut.

139 446 161 27 Propositionen
323 445 129 22 besvarades
468 445 47 21 med
532 444 106 22 blandade
651 444 23 27 ja
689 444 39 21 och
744 445 40 27 nej,
800 443 98 22 hvarföre

69 475 97 26 votering
189 475 114 20 anställdes
326 474 40 21 och
388 473 62 22 utföll
466 474 48 20 med
530 474 27 20 26
571 473 24 27 ja
611 475 57 19 emot
685 475 25 19 14
726 473 44 26 nej;
787 473 6 21 i
809 473 51 28 följd
875 473 24 21 af

69 504 85 21 hvilken
174 503 78 27 utgång
275 503 91 21 Ståndet
386 502 133 21 förklarades
535 501 94 22 beslutat
643 503 32 20 att
690 503 78 26 antaga
784 502 114 21 Ekonomi-

69 533 118 29 utskottets
202 531 298 27 sammanjemkningsförslag
516 532 51 19 utan
582 530 129 27 förändring.

139 623 39 21 Till
201 623 71 21 vidare
295 623 76 26 åtgärd
394 624 92 25 upptogs
509 621 222 22 Ekonomiutskottets
752 621 110 22 skrifvelse
875 621 25 21 af

69 652 41 21 den
134 653 13 20 9
169 653 7 20 i
197 652 69 21 denna
281 651 77 22 månad
374 651 85 21 hvilken
475 651 71 21 såvidt
561 651 66 26 angår
643 651 36 20 det
694 651 44 20 deri
754 651 87 26 intagna
855 649 43 22 för-

70 681 45 26 slag
131 681 32 20 till
179 681 39 20 den
235 680 282 27 omröstningsproposition,
533 685 46 16 som
595 679 66 21 borde
676 679 127 22 framställas
817 679 33 20 för
862 678 36 21 det

70 709 117 22 förstärkta
202 709 215 21 Ekonomiutskottet
433 709 7 20 i
455 708 75 27 frågan
546 714 33 15 om
596 708 12 27 $
625 709 11 19 2
652 707 7 21 i
675 708 40 21 den
730 707 112 22 tillernade
857 706 41 22 för-

70 737 119 27 fattningen
213 744 32 15 om
269 737 272 27 häradspostinrättningen
565 736 7 21 i
595 737 78 25 landet,
696 736 68 21 blifvit
787 736 31 21 till
838 736 60 21 detta

70 767 158 20 sammanträde
244 766 112 27 bordlagd.
378 765 97 22 Berörda
490 765 274 27 omröstningsproposition
780 765 44 21 blef
838 770 29 15 nu
877 763 23 22 af

71 795 181 27 Borgareståndet
266 797 52 19 utan
334 794 120 21 diskussion
470 794 107 27 godkänd,
587 793 107 22 hvarefter
702 793 196 27 protokollsutdrag

70 824 7 21 i
93 824 89 21 ärendet
197 825 75 25 genast
285 823 129 27 justerades.

143 920 161 27 Lagutskottets
327 920 48 21 med
390 920 111 21 skrifvelse
517 919 22 21 af
553 919 39 22 den
610 921 25 20 17
652 919 140 21 innevarande
808 919 41 26 Maj
865 919 33 21 till

71 949 180 28 Borgareständet
272 949 128 21 öfversända
422 948 79 27 förslag
524 949 33 20 till
579 948 82 21 ändrad
684 948 80 27 lydelse
787 947 23 22 af
829 948 11 20 7
857 948 11 25 $
885 947 13 20 8

71 978 48 27 kap.
135 978 26 21 Ä.
177 977 24 21 B.
217 977 111 28 föredrogs
344 978 39 21 och
399 977 115 21 bordlades
529 977 33 21 till
578 978 62 20 nästa
655 976 91 27 plenum.

141 1069 41 21 Till
203 1075 81 15 samma
299 1069 85 27 plenum
400 1069 115 21 bordlades
531 1068 179 22 Bankutskottets
725 1068 48 21 med
788 1067 110 22 skrifvelse

71 1097 24 22 af
117 1097 39 22 den
182 1099 25 20 17
230 1098 42 26 Maj
292 1097 126 22 öfversända
433 1097 116 22 berättelse
565 1097 58 21 öfver
639 1096 115 22 verkställd
770 1096 129 27 granskning

71 1127 24 21 af
109 1126 101 22 Finlands
224 1127 72 21 Banks
312 1127 89 26 styrelse
416 1126 39 21 och
471 1126 103 21 tillstånd.

143 1217 120 27 Föredrogs
285 1224 25 15 en
333 1218 110 21 skrifvelse
466 1217 47 22 från
531 1217 167 22 Statsutskottet
713 1217 23 20 af
750 1217 40 21 den
807 1217 25 20 14
849 1216 50 27 Maj,

73 1247 46 21 deri
134 1246 164 22 Statsutskottet
318 1247 48 21 med
382 1247 115 27 anledning
513 1246 22 22 af
549 1248 32 20 ett
596 1245 48 22 utaf
658 1245 121 22 ledamoten
794 1245 6 21 i
815 1245 84 21 Preste-

72 1275 87 22 ståndet
174 1275 105 27 professor
294 1276 102 20 Donner
384 1270 13 37 i
405 1275 99 21 bemälda
513 1275 67 22 Stånd
588 1275 63 21 väckt
660 1274 78 27 förslag
747 1281 33 15 om
789 1274 112 27 tryckning

73 1304 22 21 af
110 1304 103 21 särskilda
224 1304 34 21 vid
269 1304 165 27 Landtdagarne
444 1304 142 21 1863—1864
595 1303 39 21 och
646 1304 53 20 1867
708 1302 110 22 tillkomna
833 1302 67 21 hand-

74 1332 74 28 lingar,
171 1332 80 22 hvilket
273 1332 79 27 förslag
376 1333 69 21 blifvit
466 1332 34 22 till
523 1332 106 21 utskottet
644 1332 140 24 remitteradt,
801 1330 99 22 föreslär:

74 1364 33 18 att
130 1361 120 21 Ständerna
271 1361 49 21 ville
343 1362 110 27 uppdraga
476 1362 23 20 ät
525 1360 245 27 Expeditionsutskottet
793 1361 32 19 att
848 1360 54 21 efter

74 1390 150 26 Landtdagens
240 1390 119 21 afslutande
375 1390 45 21 läta
431 1390 111 26 omtrycka
550 1389 211 22 finansrelationerna
770 1389 31 21 till
811 1388 91 22 nämnda

74 1418 144 28 Landtdagar,
234 1418 177 22 Statsutskottets
427 1418 97 22 deröfver
539 1418 79 26 afgifna
634 1418 149 21 betänkanden
798 1418 55 20 samt
862 1417 40 21 den

74 1447 23 21 af
119 1446 163 22 Statsutskottet
307 1448 34 20 vid
364 1447 147 22 förstnämnda
526 1446 112 27 Landtdag
653 1446 128 27 upprättade
796 1446 59 21 tablå
870 1445 33 21 öf-

74 1482 37 14 ver
127 1475 69 21 finska
217 1476 144 21 Statsverkets
376 1476 119 21 inkomster
510 1475 39 22 och
565 1475 89 27 utgifter
668 1475 68 21 under
750 1475 51 21 ären
818 1475 85 21 1811—

77 1506 67 24 1860;
161 1504 39 22 och
216 1510 62 16 anser
290 1504 106 22 utskottet
412 1504 33 22 för
461 1505 32 21 sin
509 1504 34 22 del
559 1504 60 21 dessa
636 1503 126 27 handlingar
770 1504 71 20 kunna
848 1505 56 25 tryc-

812 1542 23 18 47
