1078 1781
167 119 41 21 792
411 125 180 21 Borgareståndet
604 126 54 18 1877.
680 127 26 16 23
718 126 48 20 Maj.

236 194 57 21 Herr
307 193 145 22 Lindelöf:
469 194 39 21 Om
522 194 37 27 jag
575 197 44 19 rätt
635 195 81 21 erinrar
731 195 43 26 mig
789 194 116 21 innehållet
915 193 22 22 af
950 193 46 22 All-

166 224 78 20 männa
265 223 208 24 Besvärsutskottets
488 223 6 21 i
510 223 61 27 fråga
586 224 94 21 varande
695 223 118 25 skrifvelse,
829 223 117 21 innefattar
960 223 37 21 det

166 255 33 18 tre
222 251 127 21 alternativa
371 251 85 27 förslag.
487 251 10 22 I
520 251 36 22 det
578 251 67 22 första
669 252 96 25 föreslås,
788 253 32 20 att
835 254 71 19 staten
921 253 75 25 genast

166 279 69 22 skulle
256 279 111 28 öfvertaga
387 280 35 21 det
437 280 68 21 finska
520 281 140 26 privatlyceet
674 281 7 21 i
697 281 120 26 Uleåborg;
833 280 37 21 det
884 281 68 20 andra
966 280 31 21 af-

166 314 35 15 ser
223 314 26 15 en
272 308 90 27 petition
386 309 78 26 derom,
485 310 33 20 att
534 309 59 22 detta
609 309 81 27 lyceum
706 309 71 21 blefve
792 315 75 20 genom
884 310 32 19 ett
930 311 66 19 stats-

167 337 73 26 anslag
264 337 32 21 till
319 337 32 21 sin
366 337 100 22 framtida
482 337 92 22 existens
590 338 134 27 betryggadt,
741 337 40 22 och
796 337 7 21 i
819 337 36 21 det
870 337 68 27 tredje
954 337 41 21 för-

167 365 68 27 slaget
257 365 98 22 förordas
379 366 99 27 slutligen
499 372 25 15 en
540 366 91 27 petition
646 373 34 15 om
697 366 119 27 beviljande
832 365 23 22 af
869 368 32 19 ett
916 365 80 26 anslag,

167 400 46 15 som
228 394 33 21 för
276 394 130 21 åtminstone
422 396 30 20 ett
467 395 24 20 år
506 395 78 21 framåt
599 395 68 21 skulle
678 394 127 22 säkerställa
816 395 5 20 i
834 394 60 27 fråga
904 394 92 21 varande

166 422 172 27 läroinrättning.
354 436 27 2 —
397 423 61 22 Hvad
475 423 35 21 det
526 423 66 22 första
607 423 22 22 af
644 424 61 21 dessa
720 423 80 27 förslag
816 423 107 25 beträffar,
934 428 63 15 anser

164 451 39 27 jag
225 451 34 21 för
282 451 44 21 min
349 451 34 22 del
406 452 35 21 det
464 451 33 22 för
512 452 138 27 ögonblicket
665 459 50 15 vara
730 452 130 25 fullkomligt
875 451 121 27 opraktiskt

167 480 40 21 och
228 480 48 21 icke
299 480 71 21 kunna
392 480 47 21 leda
461 480 33 21 till
509 481 37 21 det
561 481 106 26 ändamål,
683 487 45 15 som
745 481 87 20 dermed
847 480 87 27 åsyftas.
965 479 31 27 Ty

166 507 50 22 ville
237 514 49 15 man
310 515 27 14 nu
360 511 75 24 genast
457 509 110 22 förvandla
590 509 59 22 detta
669 510 153 26 privatlyceum
838 509 32 20 till
886 510 32 19 ett
933 510 63 19 stats-

166 537 89 27 lyceum,
279 537 68 22 blefve
369 537 78 27 följden
468 537 65 24 deraf,
555 540 33 19 att
609 538 44 21 alla
668 538 161 27 läraretjenster
843 537 68 21 skulle
927 537 69 21 mästa

167 565 71 22 anslås
261 565 72 27 lediga
356 566 39 21 och
410 567 7 20 i
432 567 71 26 vanlig
519 567 90 26 ordning
624 567 101 21 besättas.
758 567 42 20 Det
811 572 50 15 vore
877 565 118 22 emellertid

167 594 89 21 alldeles
279 595 97 26 omöjligt
398 597 33 19 att
452 595 113 21 medhinna
589 596 59 21 detta
671 595 31 21 till
718 597 63 19 nästa
797 595 79 20 läseärs
892 594 80 27 början,
989 594 6 20 i

166 623 117 27 synnerhet
306 629 52 19 som,
382 630 33 15 om
439 624 40 21 ock
501 630 26 15 en
549 624 91 27 petition
656 625 72 20 derom
745 623 68 22 blefve
830 623 84 25 afläten,
930 623 65 21 saken

167 651 55 22 dock
238 651 47 22 icke
300 652 69 21 skulle
385 652 65 21 hinna
465 652 85 27 afgöras
567 652 44 21 förr
622 655 26 19 än
660 653 54 20 efter
725 659 27 15 en
764 652 83 25 mänad,
858 651 136 27 hvarigenom

167 681 41 20 den
230 680 136 22 återstående
382 681 57 21 tiden
456 681 69 21 blefve
541 681 87 22 alldeles
643 681 33 22 för
691 682 50 21 kort
757 682 33 19 att
804 680 57 21 finna
876 681 26 20 de
918 679 78 27 nödiga

166 709 188 21 lärarekrafterna.
371 721 27 4 —
413 709 42 22 Det
477 709 67 22 andra
565 709 136 22 alternativet
715 711 49 20 äter
780 715 61 15 anser
853 709 37 26 jag
905 707 32 22 för
953 709 42 20 min

167 737 34 22 del
224 737 46 22 icke
293 743 29 16 nu
346 738 52 21 böra
420 738 85 21 komma
527 738 6 21 i
557 738 67 27 fräga.
655 739 42 21 Det
719 740 25 19 är
760 738 46 21 icke
821 737 46 22 skäl
882 739 33 19 att
931 737 65 26 rycka

167 766 69 21 denna
260 766 60 26 fräga
343 766 46 21 frän
409 767 35 20 det
459 767 152 26 sammanhang
627 767 6 20 i
649 767 81 21 hvilket
748 767 41 20 den
804 767 45 20 stär
864 766 47 21 med
928 765 68 27 öfriga

166 795 128 26 skolfrågor.
324 795 11 20 I
355 797 31 19 ett
402 795 75 21 sådant
492 795 121 21 förfarande
629 796 47 27 läge
692 796 109 21 dessutom
818 797 31 19 ett
864 794 132 26 fullständigt

166 823 116 27 afgörande
305 823 23 22 af
342 823 69 22 denna
426 824 145 27 specialfräga,
587 827 23 24 ty
625 824 67 22 skulle
709 830 50 15 man
776 829 26 15 nu
819 823 82 21 besluta
916 823 32 27 sig
963 823 33 21 för

167 857 26 16 en
209 851 89 28 petition
315 852 79 26 derom,
409 855 32 18 att
456 853 124 26 regeringen
596 853 48 21 ville
659 859 76 20 genom
752 852 75 26 anslag
842 852 102 27 betrygga
960 852 36 20 det

166 880 84 27 privata
274 881 78 26 lyceets
375 881 100 21 framtida
491 881 98 26 existens,
605 881 24 22 sä
644 881 68 22 skulle
729 887 49 15 man
795 880 120 27 derigenom
932 880 64 21 hafva

166 909 70 26 afböjt
251 909 73 26 frågan
340 915 34 16 om
391 909 47 22 dess
453 909 134 28 förvandling
603 910 32 21 till
651 912 31 19 ett
697 912 83 19 statens
795 909 87 26 lyceum.
910 909 40 21 Vid
961 909 34 21 sä-

166 937 52 21 dant
241 937 133 22 förhällande
396 939 92 20 äterstär
503 938 66 27 enligt
584 939 44 20 min
644 939 63 21 tanke
724 938 57 21 blott
796 938 36 21 det
847 937 68 28 tredje
930 938 65 21 alter-

166 966 87 21 nativet.
285 966 50 21 Man
359 967 70 20 kunde
451 967 122 26 visserligen
596 968 96 21 deremot
714 969 54 25 göra
784 967 40 20 den
840 966 155 27 invändningen

166 996 39 25 att,
222 994 27 21 dä
266 995 36 20 det
317 995 70 21 säsom
403 998 30 18 ett
449 996 45 21 skäl
511 995 32 21 för
558 996 118 27 petitionen
692 995 124 28 uppgifvits,
832 997 32 18 att
879 995 59 21 detta
954 995 41 26 pri-

166 1023 137 21 vatläroverk
327 1025 24 20 är
374 1024 75 21 besökt
471 1024 22 21 af
514 1024 55 21 ända
593 1025 32 20 till
648 1026 26 20 77
699 1025 79 22 elever,
794 1024 47 21 dess
857 1023 137 22 ekonomiska

166 1051 102 28 ställning
284 1052 47 21 icke
346 1052 66 22 borde
428 1053 71 21 kunna
514 1059 50 15 vara
579 1054 24 20 sä
619 1053 81 25 osäker,
717 1055 34 19 att
768 1053 35 20 det
818 1053 46 20 icke
880 1053 68 26 nägon
965 1052 30 21 tid

165 1080 79 21 framåt
267 1081 69 21 skulle
360 1081 71 21 kunna
453 1081 56 22 hålla
531 1082 32 27 sig
579 1088 62 21 uppe,
657 1082 6 20 i
679 1081 119 28 synnerhet
812 1087 45 15 som
874 1081 36 21 det
925 1083 24 19 är
964 1083 32 19 att

165 1108 82 22 förutse
268 1111 32 19 att
321 1110 67 21 under
403 1111 60 20 nästa
479 1111 69 20 läseär
563 1117 42 20 nya
620 1111 70 21 elever
706 1111 88 20 komma
809 1109 32 21 till
857 1109 39 22 och
912 1112 32 18 att
959 1116 36 14 an-

166 1137 53 22 talet
234 1137 83 22 kanske
333 1138 54 21 skall
403 1140 73 20 närma
491 1139 32 26 sig
540 1141 46 19 100.
617 1140 32 20 En
665 1139 130 21 läroanstalt
810 1138 47 21 med
873 1140 31 19 ett
920 1138 74 21 sädant

165 1166 59 21 antal
246 1167 70 20 elever
331 1167 73 26 borde,
420 1167 73 27 tycker
508 1174 54 21 man,
578 1167 72 22 kunna
665 1168 131 21 åtminstone
812 1167 68 26 någon
897 1167 30 20 tid
944 1170 50 18 utan

165 1195 93 26 tilihjelp
281 1195 24 21 af
319 1195 73 27 anslag
407 1196 85 21 komma
508 1195 32 22 till
555 1198 57 19 rätta
627 1197 7 20 i
649 1197 118 26 synnerhet
782 1196 27 21 dä
825 1196 59 21 detta
899 1195 49 22 låtit
964 1195 32 27 sig

165 1225 53 24 göra
240 1223 76 26 hittils,
340 1231 47 14 men
410 1224 74 21 härvid
507 1225 38 20 bör
568 1231 49 15 man
640 1225 116 21 observera
780 1225 34 20 det
833 1224 106 21 särskilda
953 1224 42 21 för-

165 1251 107 28 hällande,
295 1259 45 15 som
364 1253 35 21 vid
423 1254 58 20 detta
503 1254 81 26 lyceum
608 1260 49 20 eger
680 1260 47 15 rum
752 1253 40 21 och
807 1253 136 27 hvarigenom
960 1253 36 21 det

165 1286 83 16 samma
270 1281 74 27 skiljer
366 1282 32 26 sig
420 1282 46 21 frän
489 1282 25 21 de
530 1282 67 21 andra
613 1282 82 26 privata
710 1282 197 26 läroinrättningar,
924 1282 72 20 hvilka

162 1309 37 26 jag
222 1309 88 27 känner,
334 1310 106 27 nemligen
463 1312 31 20 att
517 1311 114 27 afgifterna
653 1313 37 19 äro
714 1311 87 27 mycket
823 1311 49 26 läga
894 1310 40 21 och
949 1310 47 21 icke

164 1339 65 25 högre
252 1340 28 20 än
304 1339 34 21 vid
362 1338 26 22 de
411 1339 87 26 publika
521 1340 179 21 läroanstalterna
722 1341 58 20 samt
796 1341 32 19 att
843 1339 102 27 derjemte
960 1339 35 20 vid

165 1366 61 22 detta
249 1368 82 26 lyceum
354 1367 99 27 erbjudes
475 1368 39 21 den
537 1368 116 26 förmonen,
675 1371 32 19 att
729 1368 98 21 frielever
843 1369 106 25 mottagas
964 1367 32 21 till

165 1394 145 32 obegränsadt
325 1396 65 21 antal.
421 1396 42 22 Det
477 1398 24 19 är
516 1396 83 22 säledes
614 1397 46 21 icke
676 1399 32 19 att
723 1396 99 28 päräkna
837 1396 36 21 det
888 1396 108 21 elevernes

164 1423 90 27 afgifter
276 1424 62 22 skola
360 1424 7 21 i
382 1425 69 27 någon
468 1426 115 20 nämnvärd
599 1426 53 26 grad
668 1426 74 21 kunna
759 1425 89 26 bidraga
862 1424 33 22 tili
910 1424 87 22 skolans

164 1452 199 27 upprätthällande.
