1078 1781
192 114 41 20 526
416 119 179 21 Borgareståndet
609 120 53 17 1877.
687 120 27 16 20
728 120 64 21 April.

261 188 217 27 Proposition:
508 188 39 25 De,
569 195 44 14 som
641 188 48 27 vilja
714 191 33 18 att
774 189 115 21 utskottets
914 189 104 22 särskilda

193 217 295 26 sammanjemkningsförslag
510 217 91 21 rörande
623 217 135 32 inledningen
782 217 60 22 skola
866 218 121 27 föredragas
1013 218 6 21 i

192 247 31 20 ett
245 246 159 25 sammanhang,
419 251 60 16 svara
493 245 32 27 ja;
545 246 74 20 vinner
634 247 40 25 nej,
690 246 86 21 komma
793 247 106 21 desamma
914 249 32 19 att
960 247 54 21 före-

193 274 75 26 dragas
284 274 72 27 hvarje
372 274 31 21 för
418 274 37 27 sig.

260 332 164 26 Propositionen
446 331 127 22 besvarades
599 331 53 22 efter
674 331 85 22 anstäld
782 333 96 25 votering
895 333 46 20 med
959 333 24 20 19
998 332 22 27 ja

193 360 38 21 och
247 361 28 20 20
290 360 39 27 nej.

261 418 10 21 I
287 417 51 28 följd
354 418 62 21 häraf
429 418 108 27 föredrogs
553 425 28 14 nu
597 418 66 21 första
680 420 118 19 momentet
812 418 30 21 uti
859 418 160 27 sammanjemk-

192 446 168 27 ningsförslaget,
377 446 80 22 hvilket
472 449 94 18 moment
581 447 22 21 af
617 447 89 22 Ståndet
722 449 52 19 utan
789 447 118 21 diskussion
919 446 101 28 enhälligt

191 475 113 26 godkänts.

260 618 100 21 Härefter
381 620 90 25 upptogs
494 619 65 21 andra
583 621 115 19 momentet
722 619 22 21 af
758 619 257 26 sammanjemkningsför-

191 647 73 26 slaget,
286 653 45 15 som
355 647 75 26 angick
451 647 79 27 frågan,
554 647 102 22 huruvida
675 648 57 21 tiden
750 648 32 21 för
798 648 40 20 den
854 647 104 22 blifvande
974 647 41 21 för-

190 675 130 27 fattningens
342 676 97 26 giltighet
459 676 68 21 skulle
543 676 32 21 till
591 677 51 20 visst
656 677 59 20 antal
731 676 25 21 år
771 676 131 26 inskränkas,
919 676 39 21 och
973 678 42 25 ytt-

191 704 50 21 rade
256 704 32 26 sig
303 705 81 20 härvid:

260 761 56 21 Herr
338 761 24 21 E.
386 761 106 27 Bergh:
529 761 35 22 Uti
588 762 199 27 bevillningsfrågor
810 761 40 22 har
871 761 7 21 i
902 761 116 22 allmänhet

191 789 77 28 hyllats
291 791 40 20 den
355 790 88 27 princip,
459 793 32 18 att
507 791 36 20 det
558 791 77 20 Stånds
651 791 60 26 åsigt,
727 797 47 14 som
791 790 77 21 uttalat
884 791 30 26 sig
929 790 33 21 för
978 790 40 21 den

190 819 77 20 minsta
283 818 121 27 bevillning,
421 819 52 21 skall
489 819 64 21 blifva
572 820 40 20 den
628 819 104 26 gällande,
749 819 28 26 på
793 819 35 20 det
843 819 47 21 icke
908 825 24 15 en
950 819 32 21 del
999 819 21 20 af

189 847 101 20 nationen
313 847 7 21 i
346 847 58 22 detta
425 847 97 22 afseende
545 848 54 21 skall
622 847 63 22 blifva
701 847 136 22 öfverröstad
852 848 22 21 af
889 848 39 21 den
945 847 72 21 andra.

191 875 93 22 Sålunda
307 875 39 22 har
365 876 32 21 till
420 877 93 26 exempel
537 876 6 21 i
566 877 61 20 karta
643 876 177 27 sigillata-frågan
843 876 75 21 endast
932 876 86 21 Bonde-

190 904 98 21 ståndets
309 905 104 21 särskilda
435 905 55 26 åsigt
512 905 7 20 i
541 907 88 19 motsats
652 905 33 20 till
701 905 25 20 de
744 905 68 26 öfriga
828 905 105 21 Ståndens
949 904 69 21 beslut

191 932 77 21 befriat
284 933 118 21 detsamma
417 934 45 20 från
479 940 24 14 en
519 933 120 27 förhöjning
654 933 22 22 af
690 934 62 21 karta
763 933 198 27 sigillata-afgiften.
986 933 32 21 Då

191 961 35 21 det
248 961 31 21 uti
301 962 138 21 förevarande
461 962 37 21 fall
520 962 67 27 gäller
602 962 114 26 åtagandet
732 962 22 21 af
769 968 26 15 en
811 962 77 21 allmän
905 965 65 23 tunga
986 961 33 22 för

191 989 122 22 landsorten
338 991 38 20 och
400 991 68 20 denna
491 993 64 24 tunga
578 993 23 19 är
624 991 80 26 ganska
728 991 101 26 betydlig,
852 997 62 14 anser
927 990 43 26 jag,
986 992 32 19 att

192 1024 81 16 samma
295 1019 89 26 princip,
401 1026 44 14 som
461 1020 6 20 i
484 1019 196 26 bevillningsfrågor
695 1019 76 21 hittills
789 1019 67 21 blifvit
872 1022 90 23 antagen
979 1019 39 21 och

191 1047 58 27 följd,
274 1047 61 22 äfven
354 1048 39 20 bär
419 1048 38 21 bör
472 1048 117 27 tillämpas;
611 1049 39 20 och
666 1048 26 21 då
708 1048 182 26 Borgareståndet
904 1047 67 26 åtagit
986 1047 32 27 sig

192 1076 39 21 den
248 1076 161 26 ifrågavarande
425 1080 78 23 tungan
523 1077 75 21 endast
613 1077 27 26 på
655 1077 41 21 fem
712 1078 30 25 år,
759 1077 61 26 följer
836 1077 64 23 deraf,
917 1079 31 18 att
964 1082 52 15 sam-

191 1105 185 26 manjemkningen
398 1105 53 21 hade
475 1105 48 21 bort
541 1107 62 24 göras
620 1105 94 27 sålunda,
730 1108 32 19 att
778 1105 189 26 Borgareståndets
983 1105 35 20 be-

191 1133 43 21 slut
250 1133 6 21 i
272 1134 65 21 saken
353 1133 68 22 blifvit
436 1134 49 27 lagd
502 1134 31 21 till
549 1135 68 24 grund
633 1134 32 21 för
681 1134 130 21 densamma.

260 1191 56 21 Herr
339 1191 166 21 Molander:
537 1192 33 21 Då
589 1191 36 26 jag
648 1191 88 26 deltagit
757 1191 7 21 i
789 1191 59 21 detta
870 1191 87 21 ärendes
981 1191 36 20 be-

191 1219 102 27 handling
315 1221 6 20 i
346 1220 217 25 Ekonomiutskottet,
587 1220 37 21 ber
643 1220 36 26 jag
694 1222 32 19 att
741 1219 22 22 få
779 1220 90 25 anmäla,
885 1221 33 20 att
930 1220 36 26 jag
982 1219 37 21 der

191 1248 69 27 hyllat
282 1255 80 15 samma
385 1249 54 27 åsigt
465 1255 45 15 som
530 1249 48 21 herr
593 1249 70 26 Bergh
680 1251 54 19 samt
752 1250 33 20 att
798 1249 36 26 jag
849 1247 129 23 fortfarande
994 1250 23 19 är

191 1278 22 20 af
227 1284 81 15 samma
323 1278 89 26 mening.

260 1336 56 20 Herr
334 1335 153 25 Ignatius:
517 1335 40 26 Jag
581 1335 36 21 ber
640 1337 31 19 att
694 1334 21 22 få
738 1334 75 21 förena
831 1335 43 25 mig
897 1334 48 20 med
968 1334 49 20 herr

191 1364 76 27 Bergh.
298 1364 32 21 De
346 1364 52 25 skäl,
414 1370 44 14 som
475 1364 122 20 föranledde
618 1364 35 38 det
668 1359 107 36 vällofliga
791 1359 179 45 Borgareståndet
985 1364 32 20 att

215 1400 9 4 N
277 1395 23 9 Rv
652 1392 71 10 Felacat
989 1391 17 9 sc

191 1393 56 21 blott
268 1393 28 21 för
323 1399 25 15 en
372 1376 78 47 fixerad
473 1392 31 21 tid
526 1394 78 24 antaga
625 1392 99 26 förslaget
740 1398 36 14 Om
792 1392 163 26 häradspostens
970 1397 47 15 ora-

191 1422 75 25 nande,
282 1421 62 21 hafva
359 1421 46 21 icke
420 1422 27 25 pä
463 1422 65 25 nägot
543 1423 44 19 sätt
602 1420 68 22 blifvit
685 1409 104 32 rubbade.
805 1420 10 20 I
830 1420 66 20 likhet
908 1420 47 20 med
968 1419 50 21 herr

190 1450 71 26 Bergh
284 1456 63 15 anser
368 1450 35 26 jag
426 1450 35 20 det
485 1456 50 14 vara
557 1456 24 14 en
604 1449 190 26 bevillningsfråga,
811 1448 39 22 och
866 1448 70 21 derför
952 1450 24 18 är
991 1454 25 15 en

191 1479 166 25 tidbestämning
380 1478 126 26 nödvändig,
530 1478 39 21 och
585 1478 68 21 denna
670 1478 166 26 tidbestämning
852 1477 38 21 bör
906 1477 46 21 icke
968 1483 49 15 vara

191 1506 74 28 längre
288 1510 27 18 än
338 1508 40 20 den
394 1507 37 26 tid,
448 1513 45 15 som
509 1506 94 27 förflyter
619 1506 89 22 emellan
724 1509 77 19 tvenne
815 1506 133 26 landtdagar.
978 1506 40 26 Jag
