1078 1781
179 115 41 21 548
418 120 181 21 Borgareståndet
611 120 55 18 1877.
688 121 27 17 24
726 120 64 21 April.

179 189 47 22 icke
242 191 64 25 utgör
322 190 70 26 någon
408 189 90 21 särskild
514 189 125 22 ekonomisk
654 189 126 26 inrättning,
796 191 51 19 utan
858 189 153 21 omkostnaden

180 218 34 21 för
229 217 155 28 fattigvårdens
396 218 168 27 tillgodoseende
574 217 81 28 årligen
667 218 61 26 ingår
743 218 1 21 i
756 218 138 21 kommunens
906 217 107 21 allmänna

180 246 88 27 budget,
289 247 24 20 så
337 252 62 15 anser
417 247 37 26 jag
475 247 35 20 det
529 247 46 20 icke
590 246 68 21 finnas
674 247 66 26 något
755 245 46 22 skäl
817 247 32 20 att
864 252 28 15 nu
906 246 40 21 här
961 247 52 25 göra

181 281 26 15 en
230 275 108 21 åtskilnad
361 275 90 21 emellan
474 275 143 26 fattigvården
641 275 39 21 och
696 275 140 21 kommunens
851 275 68 26 öfriga
934 274 78 21 ekono-

181 303 69 22 miska
270 303 148 27 inrättningar.
447 303 81 22 Sådant
549 303 39 21 har
605 303 90 27 troligen
711 304 59 21 skett
785 303 22 21 af
818 303 139 25 förbiseende,
974 302 39 22 och

182 331 90 22 föreslår
287 332 38 27 jag
340 331 84 22 derföre
439 334 33 19 att
487 333 66 20 orden
569 332 37 25 ,de
622 332 75 27 fattige
712 332 21 21 i”
750 332 69 21 skulle
834 332 51 27 utgå
900 331 40 22 och
955 333 33 20 att
1002 332 11 25 $

182 361 7 20 i
205 361 70 21 denna
287 361 34 21 del
337 361 69 21 skulle
420 361 22 21 få
457 360 92 27 följande
564 361 86 26 lydelse:
668 355 17 37 ,,
682 360 90 22 emellan
789 360 113 27 åklagaren
918 359 39 22 och
973 360 40 21 den

182 389 124 26 kommun",
322 395 18 16 o.
357 395 16 16 s.
390 395 18 15 v.

252 446 57 21 Herr
330 446 140 27 Procop6:
493 446 112 21 Utskottet
620 446 39 21 har
674 446 117 27 ingalunda
805 445 56 27 gjort
876 445 31 27 sig
922 445 92 27 skyldigt

183 474 34 22 till
233 475 65 25 nägot
313 474 134 22 förbiseende
460 475 7 20 i
480 475 35 20 det
525 475 101 21 afseende
637 475 49 21 herr
696 474 85 27 Nybom
793 473 121 26 framhällit,
926 473 88 22 emedan

185 504 35 20 det
242 503 6 21 i
272 503 26 21 de
314 503 61 21 flesta
393 503 37 21 fall
447 503 7 21 i
469 503 127 27 föregäende
612 503 195 26 lagbestämningar
823 503 66 26 heter,
905 504 31 19 att
951 503 63 20 vites-

184 531 63 22 böter
268 532 60 21 delas
349 531 89 22 emellan
459 533 81 20 kronan
559 532 40 21 och
621 532 116 27 äklagaren
762 531 51 22 eller
828 531 89 22 emellan
933 531 81 21 kronan

186 561 39 20 och
250 560 26 21 de
292 560 81 27 fattige.
403 561 10 20 I
428 561 137 21 konformitet
580 561 87 20 dermed
682 561 40 20 har
738 560 64 21 också
817 560 39 21 här
871 560 88 27 intagits
974 560 41 20 den

185 589 135 26 bestämning
335 591 31 19 att
383 595 25 15 en
424 589 34 21 del
474 589 22 22 af
509 590 53 20 vitet
577 589 55 22 skall
645 589 85 21 tillfalla
741 589 26 21 de
778 589 74 26 fattige
869 589 1 20 i
880 589 134 20 kommunen.

186 617 42 22 Det
252 618 100 21 inverkar
375 617 65 22 heller
464 618 108 27 ingenting
594 620 65 19 annat
679 619 26 20 än
722 620 33 19 att
770 617 35 21 vid
820 617 147 26 uttaxeringen
982 617 34 20 för

186 646 144 27 fattigvården
352 653 26 14 en
400 647 91 26 lindring
513 647 157 20 ästadkommes
689 646 33 21 för
739 646 27 21 de
781 645 171 28 skattdragande.
982 645 34 22 Då

186 681 49 15 man
257 675 24 26 ju
304 675 6 20 i
333 675 43 21 alla
397 675 36 21 fall
449 675 34 21 vid
499 675 147 27 uppgörandet
662 675 22 21 af
697 675 142 21 kommunens
854 674 79 27 budget
948 675 68 20 mäste

187 705 95 26 upptaga
304 703 57 21 hvad
383 709 45 16 som
451 704 83 21 fordras
557 704 32 21 till
611 704 25 21 de
652 703 87 27 fattiges
756 703 116 26 underhäll,
888 703 23 21 sä
927 703 39 20 har
980 703 36 20 det

187 734 82 19 ansetts
291 731 98 28 lämpligt
412 734 31 19 att
466 731 89 22 böterna
577 732 84 21 tillfalla
684 733 71 20 denna
776 732 51 21 fond
850 732 7 20 i
878 732 139 21 kommunens

187 761 70 20 kassa.

257 817 71 22 Sedan
352 818 144 21 diskussionen
522 818 88 21 härmed
633 817 116 22 förklarats
772 817 99 26 afslutad,
894 817 123 21 framstälde

188 846 50 21 herr
253 847 54 20 vice
323 846 153 22 Talmannen
491 846 32 21 till
540 847 89 21 Ständet
645 846 94 27 följande

258 903 175 27 Proposition:
464 904 31 21 De
518 910 44 15 som
583 904 69 21 direkt
675 904 50 27 vilja
743 903 114 27 godkänna
872 903 14 26 $
895 898 13 37 5
930 902 31 21 till
978 902 40 21 den

189 931 80 28 lydelse
292 933 106 20 utskottet
419 933 32 20 för
475 933 121 21 densamma
618 933 102 26 förordat,
742 938 63 15 svara
829 931 32 27 ja;
887 931 73 21 vinner
985 931 33 26 nej

190 960 86 21 komma
292 961 72 20 vidare
380 961 157 27 propositioner
552 963 32 19 att
599 961 117 27 uppställas
732 961 28 26 pä
773 961 68 26 grund
855 959 23 22 af
887 960 55 21 hvad
952 960 68 21 under

191 989 148 22 diskussionen
355 989 107 28 förelupit.

260 1046 33 21 Dä
314 1046 158 27 propositionen
495 1046 126 21 besvarades
644 1047 47 20 med
715 1045 156 27 öfvervägande
890 1045 29 26 ja,
935 1045 86 21 anteck-

191 1075 65 20 nades
272 1075 70 21 såsom
358 1075 100 22 Ständets
474 1075 76 26 beslut,
566 1078 31 18 att
613 1075 12 27 &
636 1076 11 20 5
658 1076 7 20 i
676 1075 120 21 utskottets
806 1074 134 21 betänkande
952 1073 70 22 blifvit

190 1105 99 24 antagen.

261 1160 40 21 Till
324 1161 127 26 behandling
472 1161 92 26 företogs
580 1160 94 22 härefter
690 1161 14 26 &
720 1161 20 24 6,
758 1160 71 21 dervid
846 1160 60 21 ordet
922 1160 32 21 till
970 1159 52 22 först

192 1189 104 26 begärdes
310 1190 23 20 af

262 1246 56 22 Herr
338 1246 156 28 Lindberg,
515 1253 45 15 som
576 1246 94 28 yttrade:
700 1247 53 21 Man
769 1252 50 16 vore
834 1247 76 20 nästan
926 1246 50 26 böjd
992 1247 32 20 att

193 1280 51 16 anse
259 1275 107 21 utskottet
381 1276 34 20 vid
431 1275 154 27 behandlingen
601 1276 23 20 af
638 1276 59 20 detta
712 1276 81 20 ärende
803 1281 58 15 mera
871 1274 64 22 hafva
946 1276 78 20 ömmat

192 1304 32 20 för
240 1303 112 21 hundarna
368 1306 26 18 än
409 1304 32 20 för
456 1304 132 21 menniskors
604 1304 25 21 lif
643 1304 38 21 och
697 1304 67 21 helsa.
792 1304 49 20 Med
856 1303 98 21 afseende
969 1304 13 20 å
998 1303 26 21 de

193 1332 6 20 i
214 1332 48 21 värt
284 1332 50 21 land
354 1338 89 15 numera
457 1333 24 21 sä
497 1332 42 22 ofta
554 1333 175 21 äterkommande
746 1332 66 21 fallen
827 1332 24 21 af
864 1332 70 21 rabies
950 1332 76 20 canina

193 1361 50 21 med
266 1361 48 21 dess
337 1361 78 27 rysliga
438 1361 76 27 följder
535 1368 62 14 anser
616 1361 37 27 jag
671 1362 49 20 dei
736 1360 161 28 propositionen
913 1360 90 21 likasom
1018 1360 8 21 i

193 1389 117 21 utskottets
332 1389 135 22 betänkande
482 1390 120 27 föreslagna
616 1390 131 27 åtgärderna
763 1396 51 15 vara
829 1390 87 20 alldeles
932 1389 32 21 för
979 1389 47 21 litet

194 1417 104 26 radikala,
315 1417 33 22 för
363 1420 33 19 att
411 1418 71 22 kunna
497 1418 63 22 vinna
576 1419 35 21 det
627 1418 97 27 äsyftade
741 1418 129 21 ändamälet.
902 1418 42 20 Det
960 1417 66 21 borde

194 1446 45 21 helt
262 1446 72 22 enkelt
356 1446 60 22 heta:
439 1448 62 26 ingen
517 1448 32 20 lös
565 1447 57 21 hund
638 1447 27 27 pä
679 1449 51 25 gata
746 1447 54 21 eller
815 1447 52 26 gärd
883 1446 6 21 i
905 1446 58 22 stad!
994 1446 32 21 De

195 1475 55 21 enda
272 1476 84 20 hundar
378 1476 7 20 i
408 1476 54 26 stad,
486 1482 45 15 som
554 1476 71 21 kunna
645 1482 53 14 vara
712 1476 25 20 af
751 1476 70 26 någon
837 1477 66 25 nytta,
919 1477 37 19 äro
970 1475 57 27 jagt-

196 1503 119 27 hundarna,
332 1504 40 21 och
388 1510 34 15 om
437 1504 120 27 respektive
572 1504 73 22 herrar
658 1504 128 27 jagtvänner
796 1504 46 21 icke
853 1504 48 27 vilja
911 1503 58 21 hålla
979 1504 48 21 dem
