1078 1781
181 116 41 21 786
422 120 179 22 Borgareståndet
613 122 56 17 1877.
693 122 27 17 23
732 122 48 20 Maj.

180 190 128 27 positionen,
332 196 46 15 som
401 189 70 22 blifvit
493 190 24 21 af
537 190 106 22 utskottet
665 190 129 33 föreslagen.
823 191 42 27 Jag
885 191 37 22 ber
942 193 32 20 att
989 191 23 22 få

180 224 97 22 upprepa
292 219 43 20 min
352 218 119 28 tillstyrkan
488 218 22 22 af
525 218 58 22 bifall
599 219 33 21 till
647 220 166 21 reservationen.

250 275 56 21 Herr
322 275 32 22 W.
370 275 107 28 Nystén:
493 276 10 21 I
519 276 114 27 anledning
647 277 23 20 af
684 277 56 20 Herr
756 276 103 32 Chydenii
874 277 137 26 andragande

182 305 38 20 ber
240 304 37 27 jag
299 306 33 19 att
354 303 22 22 få
399 307 76 19 nämna
497 305 66 32 några
585 305 44 21 ord.
660 305 42 26 Jag
717 305 70 27 hyllar
802 305 5 21 i
825 305 41 22 allo
881 306 81 27 åsigten
978 308 32 19 att

182 339 49 15 man
254 332 39 21 bör
316 333 83 21 sträfva
419 333 32 21 till
473 333 109 27 principen
598 339 35 16 om
648 333 78 22 allmän
743 333 78 22 valrätt
837 334 38 21 och
891 337 32 19 att
938 334 73 27 hvarje

182 364 45 23 steg
248 361 82 22 derhän
346 363 64 26 utgör
426 364 31 19 ett
471 362 103 26 framsteg
589 362 6 21 i
611 362 37 21 vår
663 362 101 27 politiska
780 363 127 26 utveckling,
923 369 48 15 men
986 363 26 20 så

182 391 62 26 länge
267 390 233 27 fyrkammarsystemet
524 378 49 34 hos
585 397 34 15 oss
635 391 79 25 består,
730 391 24 21 så
770 391 62 26 länge
847 391 62 22 hvart
924 391 39 22 och
979 393 31 18 ett

183 419 23 21 af
227 419 25 21 de
275 419 47 26 fyra
337 419 135 21 riksstånden
487 426 50 20 eger
552 419 140 27 en-fjerdedel
708 419 22 21 af
744 419 83 22 landets
843 420 101 27 politiska
958 421 52 24 röst,

181 447 69 22 skulle
271 447 37 27 jag
332 447 33 21 för
388 447 42 22 min
453 447 34 22 del
510 450 33 19 tro
559 449 40 20 och
615 448 57 21 hålla
688 448 47 21 före
750 450 33 19 att
799 448 61 21 dessa
876 449 66 21 Stånd
959 449 53 20 böra

182 475 98 28 afskiljas
300 476 47 21 från
370 476 125 25 bvarandra,
519 477 65 21 eburu
600 477 34 20 väl
650 483 49 14 man
716 477 54 21 både
786 477 42 21 kan
844 477 40 21 och
899 477 39 22 bör
953 477 56 21 inom

182 505 62 21 hvart
266 504 39 21 och
327 506 31 20 ett
379 505 23 21 af
422 505 93 22 Stånden
537 505 110 22 utsträcka
662 505 107 21 valrätten
785 506 23 21 så
823 506 60 27 långt
898 512 44 15 som
958 506 52 26 möj-

182 533 44 27 ligt.
256 533 43 22 Det
321 535 24 19 är
360 533 62 22 äfven
437 535 30 24 så,
483 540 44 15 som
543 534 34 27 jag
592 536 52 23 tror,
660 536 33 19 att
705 534 40 21 den
762 540 29 15 nu
806 534 98 27 gällande
920 534 90 27 lagstift-

183 563 78 26 ningen
277 562 39 21 bör
332 561 85 27 förstås,
432 563 40 21 och
488 564 32 19 att
535 562 41 21 den
592 563 103 26 tolkning,
712 563 57 20 Herr
784 562 120 27 Chydenius
916 563 61 27 gitvit
990 563 23 20 af

183 591 11 26 8
208 591 24 20 12
244 591 6 20 i
262 591 239 26 Landtdagsordningen
517 591 6 21 i
538 591 116 21 allmänhet
669 591 130 21 åtminstone
815 593 24 20 är
854 592 93 21 hvarken
958 591 52 27 följd

183 619 51 22 eller
250 619 91 26 erkänd;
358 625 25 15 en
399 621 58 25 prest
472 619 51 22 eller
538 619 114 22 frälseman
669 619 39 21 har
723 619 90 28 troligen
830 620 46 21 icke
889 620 67 21 hittils
967 620 43 21 del-

183 648 54 26 tagit
247 648 7 21 i
267 647 34 22 val
309 647 22 22 af
339 647 161 28 landtdagsman
512 648 32 21 till
560 648 188 27 Borgareständet,
762 649 82 21 mindre
855 649 61 21 suttit
927 649 6 20 i
944 649 67 26 sagda

183 676 73 21 Stånd.
283 677 48 20 Men
347 683 49 14 vore
412 677 65 21 också
491 677 69 21 denna
572 677 96 26 tolkning
684 677 71 26 riktig,
772 677 68 21 skulle
856 677 117 22 emellertid
984 677 26 20 de

182 705 25 21 af
227 705 106 22 utskottet
356 705 127 22 framhållna
504 705 160 28 svårigheterna
680 706 48 20 med
744 705 99 22 afseende
859 707 12 20 å
887 705 120 27 landtdags-

183 734 209 27 mannaaflöningens
415 734 116 27 utgörande
554 734 134 21 förekomma
706 734 86 27 mycket
807 734 69 21 oftare
892 734 38 21 och
947 734 64 21 blifva

182 764 69 19 större
266 769 77 19 genom
359 763 40 20 den
415 763 122 26 förändring
553 763 22 20 af
589 763 248 26 Landtdagsordningen,
849 763 82 21 hvilken
943 769 67 14 reser-

182 793 102 19 vanterne
300 791 110 27 tillstyrkt.
440 791 42 21 Det
497 793 24 19 är
535 791 76 22 endast
625 791 155 27 undantagsvis
795 798 45 15 som
856 798 25 15 en
894 791 116 22 skollärare

182 819 52 22 eller
256 819 115 22 frälseman
392 821 25 20 är
437 820 138 27 yrkesidkare
598 819 51 22 eller
672 820 121 26 affärsman,
817 827 45 14 men
878 826 76 21 genom
970 821 40 20 den

182 848 130 27 förändring,
336 854 46 15 som
405 850 158 20 reservanterne
587 848 102 26 förordat,
713 849 70 20 skulle
806 849 72 26 hvarje
893 849 118 20 skollärare

183 877 51 21 eller
254 877 121 26 frälseman,
390 883 45 15 som
450 879 25 19 är
490 877 71 22 bosatt
576 877 6 21 i
598 877 54 26 stad,
668 877 66 21 blifva
749 877 76 22 valbar
840 877 32 22 till
888 877 122 27 landtdags-

183 912 48 15 man
255 905 7 21 i
283 905 185 27 Borgareståndet.
498 906 33 21 En
553 905 94 28 naturlig
670 906 53 27 följd
746 906 62 21 deraf
825 912 49 15 vore
890 906 64 21 också
969 906 41 21 den

182 937 33 18 att
230 934 130 21 åtminstone
374 936 80 19 största
469 934 60 22 delen
545 934 24 22 af
582 934 153 26 skollärarene,
752 935 72 21 hvilka
836 935 32 21 för
879 934 132 22 närvarande

182 965 37 19 äro
241 963 24 20 så
286 963 51 26 godt
353 969 45 15 som
414 963 133 21 uteslutande
563 963 84 21 bosatte
662 964 6 20 i
684 963 106 25 städerne,
807 963 68 22 skulle
890 963 72 21 utöfva
977 963 32 21 sin

182 991 80 22 valrätt
280 991 58 22 inom
354 991 185 28 Borgareståndet.
569 993 41 26 Jag
625 992 124 27 medgifver,
766 995 32 18 att
813 992 59 21 detta
887 991 122 28 visserligen

182 1020 69 21 skulle
267 1020 64 21 lända
346 1020 181 27 Borgareståndet
539 1020 35 25 till
589 1021 97 26 fromma,
703 1027 47 15 men
768 1021 35 20 det
819 1021 68 20 blefve
902 1021 31 20 för
949 1021 25 20 de
989 1020 22 21 få

181 1049 138 21 återstående
342 1049 144 21 skollärarene
509 1050 58 20 svårt
582 1051 33 19 att
631 1049 90 22 bekosta
737 1049 79 22 ombud
832 1050 6 20 i
854 1049 157 27 presteståndet

182 1077 87 22 hvartill
292 1077 26 21 de
342 1077 53 22 dock
418 1078 66 27 enligt
499 1077 11 28 8
527 1079 23 20 11
568 1078 7 21 i
591 1078 243 27 Landtdagsordningen
856 1080 36 19 äro
909 1077 101 27 skyldige.

182 1106 43 21 För
248 1106 43 21 min
315 1106 33 21 de!
372 1112 62 15 anser
454 1107 37 26 jag
506 1107 89 20 sålunda
610 1107 36 21 det
661 1107 119 21 tillsvidare
796 1113 50 15 vara
862 1107 101 26 rådligast
978 1108 34 19 att

181 1135 47 21 icke
251 1135 111 21 utsträcka
384 1135 105 22 valrätten
510 1135 73 27 längre
606 1137 27 20 än
657 1135 40 21 den
721 1135 67 26 enligt
804 1136 116 20 utskottets
936 1135 74 21 betän-

182 1164 71 21 kande
276 1163 72 21 blifvit
370 1164 125 26 föreslagen.
525 1164 42 27 Jag
583 1164 36 21 vill
635 1164 69 21 tillika
720 1163 115 22 framhålla
851 1166 31 19 att
898 1164 63 21 bland
977 1166 34 19 ut-

182 1192 93 21 skuttets
290 1192 119 21 ledamöter
424 1195 198 24 representanterne
637 1193 33 21 för
680 1193 163 21 Presteständet
856 1199 51 15 voro
917 1193 95 27 afgjordt

182 1223 58 19 emot
256 1227 25 15 en
298 1221 66 21 sädan
380 1221 152 26 utsträckning.

251 1278 57 22 Herr
322 1278 139 28 Wallgren:
477 1278 40 28 Jag
533 1278 37 22 ber
582 1280 33 20 att
625 1279 47 21 med
684 1278 115 27 anledning
810 1278 23 22 af
842 1278 56 21 Herr
908 1278 103 26 Chydenii

181 1308 139 32 andragande
343 1306 21 22 få
380 1309 51 25 göra
447 1307 64 26 några
526 1308 172 27 anmärkningar.
729 1307 63 21 Klart
808 1309 24 19 är
845 1307 30 27 ju,
892 1309 32 19 att
939 1307 73 27 hvarje

181 1336 91 22 medlem
294 1336 58 21 inom
375 1336 80 21 hvilket
478 1336 66 21 Stånd
566 1336 37 21 det
622 1342 50 15 vara
688 1336 35 21 må
739 1338 158 30 representerar
912 1336 48 20 hela
976 1336 36 21 det

181 1364 70 22 finska
274 1364 75 35 folket,
371 1364 39 22 och
426 1364 131 22 annorlunda
573 1364 41 21 kan
630 1365 46 21 icke
692 1364 11 28 $
722 1366 8 20 1
748 1364 7 21 i
770 1364 241 28 Landtdagsordningen

181 1392 85 22 förstås.
296 1393 42 27 Jag
360 1393 40 21 har
422 1394 46 21 icke
490 1393 67 21 heller
572 1394 117 27 någonting
704 1395 66 25 emot,
785 1395 32 19 att
833 1393 179 27 Borgareständet

181 1428 59 15 mera
263 1424 27 18 än
306 1422 26 20 de
348 1422 66 26 öfrige
430 1422 93 22 Ständen
538 1422 46 21 stär
599 1424 64 25 öppet
678 1422 35 21 för
728 1412 85 31 inträde
829 1422 57 21 inom
902 1427 110 21 represen-

182 1451 102 27 tationen,
308 1456 48 15 men
376 1450 37 27 jag
435 1450 68 22 skulle
525 1450 54 22 dock
601 1450 6 21 i
629 1450 115 28 synnerhet
760 1450 28 27 pä
803 1450 26 22 de
845 1450 95 27 motiver,
956 1450 56 22 Herr

181 1479 113 27 Öhrnberg
316 1479 124 26 framhållit,
464 1479 49 27 vilja
532 1479 85 21 ansluta
632 1480 43 26 mig
690 1479 34 21 till
741 1479 41 21 den
798 1479 23 21 af
836 1479 104 21 utskottet
956 1478 54 22 före-

181 1508 74 26 slagna
279 1508 174 26 begränsningen.
483 1508 157 26 Ridderskapet
663 1508 39 21 och
719 1508 69 21 Adeln
804 1508 108 21 äfvensom
928 1508 83 21 Preste-
