1078 1781
172 108 42 20 814
413 114 178 20 Borgareständet
603 114 55 17 1877.
680 114 28 17 24
720 114 48 21 Maj.

172 183 52 20 äran
247 183 84 25 nämna,
354 185 46 20 tror
421 182 34 28 jag
478 184 32 20 att
529 182 54 22 efter
602 182 146 28 guldmyntets
763 182 112 22 införande
891 189 25 15 en
932 185 68 20 större

173 211 106 26 qvantitet
294 211 118 22 metalliskt
435 214 59 24 mynt
509 211 96 22 kommer
621 213 31 19 att
668 211 85 21 befinna
769 211 32 28 sig
816 211 7 21 i
839 212 40 21 den
894 212 107 21 enskildes

172 245 45 20 ego,
234 241 27 18 än
277 239 61 22 fallet
352 246 29 15 nu
397 242 30 21 är,
443 240 76 21 hvaraf
533 239 62 28 följer
609 242 33 19 att
658 242 30 19 ett
704 240 84 21 mindre
803 240 59 22 antal
877 241 70 21 sedlar
962 242 38 19 äro

171 268 7 20 i
194 267 92 27 omlopp.
317 268 66 22 Detta
405 275 36 20 ger
464 269 44 26 mig
531 275 25 14 en
578 269 125 27 ytterligare
718 269 116 26 anledning
849 270 33 20 att
898 275 50 15 anse
964 269 37 21 det

173 296 61 27 tjugu
249 296 107 22 millioner
371 299 24 19 är
410 304 25 15 en
457 297 33 22 för
509 297 52 27 högt
583 297 97 27 tilltagen
704 303 89 20 summa,
808 299 23 26 ty
847 297 27 22 då
889 297 20 21 vi
924 297 77 22 hittills

172 325 46 21 haft
234 325 6 20 i
253 325 101 22 medeltal
378 326 99 27 omkring
496 327 27 20 56
543 326 107 21 millioner
669 326 71 21 sedlar
755 326 7 21 i
778 327 92 26 omlopp,
887 326 23 21 så
926 327 24 20 är
965 326 36 21 det

171 353 84 27 möjligt
271 355 33 20 att
320 355 59 21 detta
394 355 100 21 medeltal
518 354 34 21 vid
575 354 145 27 guldmyntets
743 354 112 22 införande
873 354 80 27 nedgår
968 355 32 20 till

171 383 28 20 40
215 382 113 22 millioner.
359 383 126 22 Emellertid
507 383 69 21 skulle
591 383 20 21 vi
627 389 29 15 nu
672 385 57 19 emot
752 383 62 22 dessa
830 384 28 21 40
873 383 105 21 millioner
994 383 6 20 i

171 410 71 21 sedlar
257 411 82 27 nödgas
358 412 63 21 ställa
443 413 28 20 20
489 412 105 21 millioner
609 412 7 21 i
631 412 79 25 metall,
731 412 68 21 under
815 412 36 21 det
865 412 21 21 vi
901 413 57 20 emot
973 412 27 21 56

172 439 107 22 millioner
294 440 7 21 i
316 440 71 21 sedlar
409 441 76 20 endast
506 440 72 21 behöft
596 440 64 21 ställa
678 441 24 20 10
719 441 113 20 millioner.
863 441 81 21 Sådant
958 440 42 21 kan

169 468 45 27 just
236 468 47 21 icke
309 469 69 21 kallas
400 469 106 22 rationelt.
536 469 42 26 Jag
601 469 68 21 skulle
693 469 56 22 helst
771 469 45 21 helt
831 469 39 21 och
886 469 66 21 hållet
967 471 33 19 ut-

172 496 74 27 stryka
262 497 26 21 de
304 498 36 21 två
355 498 52 21 sista
428 501 119 18 momenten
568 504 25 15 ur
609 497 12 28 &
637 499 11 20 7
664 498 7 21 i
687 498 149 26 Reglementet
852 498 32 21 för
899 497 101 22 Finlands

171 525 67 26 Bank,
255 525 27 22 då
294 525 24 28 ju
334 527 6 20 i
356 526 12 27 8
384 527 12 20 8
412 527 86 26 stadgas
513 528 32 19 att
567 526 98 27 ,Banken
686 528 24 19 är
725 527 85 26 skyldig
826 528 37 23 att,
880 527 34 20 vid
930 526 70 21 anfor-

173 554 59 26 dran,
255 556 76 25 genast
352 555 48 21 med
423 555 64 21 finskt
509 555 111 27 guldmynt
643 554 68 22 inlösa
739 556 47 21 sina
808 555 82 27 utgifna
913 555 86 21 sedlar".

172 583 67 20 Detta
254 585 24 19 är
290 583 25 26 ju
331 589 25 15 en
373 583 124 28 tillräckligt
511 583 67 28 tydlig
600 583 151 28 fingervisning
766 585 23 20 åt
804 583 94 22 bankens
912 583 88 27 styrelse

173 613 32 19 att
221 611 57 22 tillse
293 613 33 20 att
342 612 40 21 den
398 612 60 21 alltid
479 613 38 20 har
537 611 124 28 tillräckligt
675 612 52 27 guld
743 615 33 18 att
791 612 91 27 fullgöra
896 613 47 20 sina
958 612 42 21 för-

173 640 113 24 bindelser;
310 640 39 21 och
369 641 123 26 visserligen
515 641 67 20 måste
605 647 48 15 man
678 641 65 20 tänka
758 641 33 27 sig
806 643 32 19 att
853 641 147 21 erfarenheten

173 668 84 27 mycket
273 669 69 21 bättre
358 669 55 21 skall
429 669 68 21 utvisa
518 669 55 21 hvad
589 669 7 21 i
611 669 40 21 den
670 671 68 26 vägen
754 669 108 25 behöfves,
879 671 26 19 än
922 671 30 20 ett
967 669 33 21 så-

173 697 51 21 dant
240 704 12 14 a
267 698 66 26 priori
348 697 67 22 infört
430 698 123 27 stadgande.
584 698 114 21 Dessutom
722 698 74 27 ligger,
819 698 49 21 med
883 699 37 20 vår
935 704 65 15 nuva-

173 726 66 21 rande
255 726 196 27 banklagstiftning,
475 727 39 20 den
537 728 80 19 största
640 727 100 26 trygghet
763 727 33 20 för
812 733 40 19 oss,
868 728 33 19 att
917 726 82 21 banken

173 754 54 21 skall
243 754 93 27 fullgöra
352 755 46 20 sina
413 755 147 25 förbindelser,
577 755 69 21 deruti
662 757 33 19 att
710 756 20 20 vi
747 755 62 21 hafva
820 761 25 15 en
858 755 142 27 begränsning

172 783 23 20 af
211 783 40 20 den
268 790 82 15 summa
366 784 6 20 i
388 783 70 22 sedlar
480 784 82 21 banken
584 783 33 22 får
635 783 83 28 utgifva
733 784 83 21 utöfver
831 784 33 21 sin
880 783 119 22 metalliska

172 812 64 20 kassa
252 812 39 21 och
308 812 46 21 sina
369 813 13 20 å
397 812 71 21 metall
491 813 90 24 lydande
604 813 146 26 obligationer.
782 813 41 26 Jag
837 812 64 27 yrkar
918 812 81 21 derföre

172 842 39 23 att,
227 847 34 14 om
278 841 69 26 någon
363 841 122 26 förändring
500 841 30 20 uti
547 841 40 20 den
603 841 123 21 nuvarande
742 841 93 27 lydelsen
852 841 23 20 af
889 841 11 27 &
917 842 11 20 7
945 841 53 20 skall

173 869 43 24 ske,
235 869 40 21 den
290 869 68 22 måtte
380 870 37 20 ske
439 869 88 22 sålunda
551 872 32 19 att
598 870 25 21 de
640 870 35 21 två
691 870 53 21 sista
760 872 120 19 momenten
896 870 6 21 i
918 875 81 15 samma

172 897 103 27 paragraf
288 897 45 22 helt
349 898 39 21 och
404 898 65 21 hållet
484 898 57 27 utgå.

240 955 57 21 Herr
314 954 170 28 Chydenius:
515 955 33 21 Dä
561 955 36 26 jag
613 961 49 20 nyss
684 955 120 27 uppträdde
820 955 74 27 gjorde
906 955 37 27 jag
958 956 40 21 den

172 983 140 27 anmärkning
334 985 58 20 emot
414 984 122 27 regeringen
559 984 38 20 och
613 985 55 24 dem,
684 989 45 16 som
746 984 44 21 ledt
808 984 68 21 denna
892 983 58 27 affär,
966 987 33 18 att

172 1012 25 21 de
213 1012 65 21 hafva
293 1013 77 20 försatt
386 1018 35 15 oss
435 1013 6 20 i
457 1012 159 27 nödvändighet
632 1014 32 19 att
679 1014 53 25 göra
748 1013 70 20 denna
842 1013 114 26 öfvergång
971 1013 27 26 på

171 1043 31 18 ett
217 1042 50 25 sätt,
282 1047 46 15 som
342 1041 37 27 jag
394 1047 62 15 anser
472 1047 51 15 vara
539 1041 94 27 olägligt.
663 1041 45 21 Här
724 1041 39 21 har
779 1041 122 21 sedermera
916 1041 82 22 anförts

171 1072 32 17 att
219 1069 51 27 inga
291 1069 67 22 andra
380 1071 44 20 sätt
445 1069 68 22 skulle
537 1069 68 22 finnas
621 1069 39 22 och
673 1069 37 27 jag
726 1076 63 15 anser
805 1071 42 26 mig
860 1070 90 24 derföre,
965 1070 33 21 för

171 1100 32 18 att
218 1097 48 22 icke
281 1104 61 15 anses
358 1098 63 21 hafva
436 1098 95 21 framfört
547 1098 163 27 beskyllningar,
726 1099 48 20 dem
788 1099 37 26 jag
841 1099 18 26 ej
871 1099 127 21 åtminstone

171 1126 68 21 skulle
255 1127 52 21 söka
322 1129 32 19 att
370 1127 101 26 försvara,
487 1133 51 15 vara
559 1127 84 26 skyldig
662 1128 33 19 att
710 1127 90 26 uppvisa
816 1127 36 21 det
867 1127 39 21 här
922 1127 76 21 verkli-

170 1161 40 20 gen
226 1155 55 22 hade
297 1156 82 21 funnits
394 1156 67 21 andra
477 1157 42 20 sätt
535 1157 32 19 att
581 1156 28 27 gå
624 1155 31 21 till
671 1157 61 25 väga,
748 1155 73 22 hvilka
843 1155 71 22 bättre
930 1156 68 21 skulle

171 1185 117 20 motsvarat
304 1184 135 27 billighetens
454 1184 53 21 kraf.
539 1184 59 21 Skall
619 1190 26 15 en
665 1184 115 27 öfvergång
796 1184 47 21 från
859 1186 31 19 ett
905 1187 93 25 myntsy-

171 1214 54 19 stem
241 1212 32 21 till
289 1215 31 18 ett
336 1215 65 19 annat
424 1219 37 20 ega
482 1219 53 18 rum,
557 1213 24 21 så
599 1213 40 20 har
654 1219 49 14 man
719 1213 77 21 endast
810 1213 36 21 två
861 1215 89 25 utvägar
966 1215 32 19 att

170 1241 56 26 välja
241 1241 7 21 i
264 1241 99 21 afseende
379 1243 11 20 å
406 1242 25 21 de
447 1241 147 26 förbindelser,
618 1247 45 16 som
679 1243 37 20 äro
732 1242 120 27 uppgjorda
867 1242 6 20 i
890 1242 35 21 det
940 1241 58 22 förra

170 1270 136 27 myntslaget.
336 1270 107 28 Antingen
467 1270 68 22 håller
557 1276 48 15 man
628 1270 41 22 fast
685 1270 74 22 dervid
779 1272 32 20 att
826 1270 70 28 gamla
911 1270 87 22 skulder

170 1298 62 22 skola
246 1298 116 27 liqvideras
379 1299 47 21 med
441 1305 80 15 samma
534 1299 79 26 metall,
629 1300 7 20 i
651 1298 85 22 hvilken
749 1300 25 20 de
786 1301 37 19 äro
834 1299 162 21 kontraherade.

170 1327 66 21 Detta
251 1330 25 18 är
290 1330 32 18 ett
337 1330 85 24 system,
437 1334 45 15 som
498 1328 150 26 obestridligen
664 1328 40 20 har
720 1328 41 21 den
776 1330 120 24 strängaste
909 1328 89 21 rättvisa

169 1355 34 21 för
218 1356 39 27 sig,
274 1358 29 25 ty,
320 1362 48 15 man
391 1357 35 21 må
445 1358 50 24 säga
517 1356 55 21 hvad
591 1362 45 16 som
652 1356 62 26 helst,
730 1358 83 25 myntet
829 1358 24 19 är
868 1356 39 21 och
924 1356 74 21 förblir

171 1384 55 22 dock
247 1385 111 27 ingenting
380 1387 65 19 annat
468 1387 26 19 än
515 1392 25 14 en
561 1391 56 15 vara.
647 1385 51 20 Man
713 1385 43 21 kan
772 1391 71 21 gerna,
860 1391 34 15 om
910 1391 48 15 man
974 1386 24 20 så

169 1412 44 26 vill,
229 1413 7 21 i
252 1413 68 21 likhet
335 1414 48 20 med
399 1420 25 14 en
440 1413 127 27 föregående
590 1413 68 21 talare
681 1419 51 16 anse
756 1416 91 25 myntets
868 1413 64 21 värde
947 1419 51 15 vara

170 1447 26 15 en
219 1442 87 26 chim&r,
328 1448 48 15 men
400 1448 24 15 en
448 1448 50 16 vara
519 1444 24 19 är
563 1442 40 21 och
619 1442 75 21 förblir
709 1442 37 22 det
761 1442 6 21 i
782 1442 43 22 alla
841 1441 43 25 fall,
900 1442 39 21 och
955 1442 43 21 alla

170 1470 102 22 kontrakt
288 1470 50 28 lyda
353 1471 75 21 endast
448 1472 27 26 på
493 1471 147 21 levererandet
655 1470 22 22 af
692 1471 40 21 den
749 1477 71 20 varan,
837 1471 40 21 och
892 1471 18 26 ej
927 1470 70 28 någon

169 1505 77 15 annan.
277 1500 39 20 Att
340 1505 48 15 man
412 1506 131 21 supponerar
563 1500 36 20 det
615 1500 68 21 deruti
700 1500 69 21 skulle
784 1500 49 27 ingå
849 1501 31 20 ett
895 1499 102 22 kontrakt
