1078 1781
293 126 179 21 Borgareständet
484 127 55 16 1877.
564 126 26 16 22
603 126 40 16 Maj

67 196 76 25 sedlar,
167 201 61 15 anser
249 195 37 26 jag
308 201 52 15 vara
381 195 25 20 de
429 194 142 27 stadganden,
586 200 45 15 som
648 196 53 19 mest
717 193 39 22 och
772 193 122 22 tillochmed

67 226 82 19 ensamt
165 223 89 27 bidraga
268 223 32 22 till
316 225 33 19 att
364 223 58 27 gifva
436 223 101 21 säkerhet
553 223 22 21 åt
591 223 82 20 landets
690 223 203 26 penningeväsende.

67 253 33 21 Då
115 251 191 28 bankfullmäktige
322 251 90 27 vidtagit
427 251 93 22 nämnda
535 251 76 26 åtgärd
626 253 32 19 att
673 251 52 21 söka
742 251 105 27 upphäfva
859 251 35 22 det

67 287 40 16 ena
122 281 23 21 af
159 281 62 21 dessa
242 281 139 26 stadganden,
404 280 24 21 så
450 286 63 15 anser
535 280 38 26 jag
593 280 48 21 dem
657 279 62 22 hafva
734 279 88 22 handlat
837 282 58 19 tvärt

68 312 57 19 emot
148 309 56 22 hvad
227 309 47 22 dem
298 309 91 27 enligt
382 304 12 36 $
408 311 7 19 1
433 309 6 20 i
456 309 141 27 reglementet
619 308 77 27 älegat.
726 308 168 27 Uppfattningen

67 338 23 21 af
103 339 69 21 denna
187 337 39 22 sak
241 339 42 20 kan
298 337 22 27 ju
335 343 51 16 vara
402 337 63 22 olika.
495 337 41 26 Jag
548 337 79 21 uttalar
643 337 40 21 den
697 337 36 26 jag
748 337 90 21 kommit
854 337 40 26 till,

69 367 39 22 och
124 367 35 27 jag
174 369 45 19 tror
241 369 38 22 att,
303 372 34 15 om
360 366 42 21 min
424 365 136 28 uppfattning
575 365 68 26 följes,
660 365 23 22 så
698 365 52 21 reda
764 365 32 27 sig
810 366 43 21 alla
868 366 28 21 de

68 395 140 28 svårigheter,
230 401 46 15 som
298 394 190 27 bankfullmäktige
511 395 68 20 under
600 394 26 21 de
642 394 42 21 fem
699 394 51 21 sista
766 394 50 21 åren
832 394 39 21 och
887 394 8 21 i

67 424 115 27 synnerhet
198 423 66 22 under
280 423 36 22 det
331 423 53 22 sista
406 423 45 21 haft
472 425 33 19 att
521 423 122 21 öfvervinna
659 422 130 22 beträffande
805 423 40 21 den
861 425 33 18 ut-

68 453 90 21 ländska
173 451 161 27 vexelrörelsen,
351 451 98 28 ofantligt
465 451 84 24 lättare,
565 453 27 19 än
607 458 35 14 om
658 457 47 16 man
722 451 62 26 utgår
799 451 47 22 från
857 458 37 15 an-

69 481 38 21 dra
123 481 183 26 förutsättningar.
337 481 32 20 Då
385 481 36 20 det
436 482 24 19 är
477 481 64 26 öppet
557 480 32 21 för
605 480 79 21 enhvar
694 481 32 20 att
736 479 46 22 från
792 480 104 21 Finlands

68 510 61 21 Bank
151 511 57 20 emot
229 509 47 21 dess
296 508 81 28 utgifna
393 509 69 21 sedlar
478 509 27 26 på
521 509 113 21 anfordran
651 509 45 21 utfå
711 508 70 21 silfver
796 509 51 21 eller
862 511 33 19 att

68 540 45 19 mot
136 539 68 26 qvitto
220 538 12 21 å
248 538 32 21 till
303 537 134 28 myntverket
458 537 118 22 inlemnadt
597 537 72 21 siifver
690 537 44 22 utfå
758 539 30 20 ett
803 540 91 19 motsva-

69 567 65 21 rande
150 567 76 26 belopp
242 567 76 24 sedlar,
340 567 24 20 sä
384 568 24 19 är
426 566 37 21 det
479 565 106 28 sjelffallet
600 567 33 20 att
645 565 92 26 Banken,
754 565 32 22 för
800 569 33 18 att
848 566 48 21 icke

69 596 63 21 ställa
147 596 32 26 sig
195 595 105 21 beroende
316 595 22 22 af
352 601 25 15 en
393 594 71 21 alltför
487 597 46 18 stor
548 595 112 26 uttagning
676 594 22 21 af
712 594 70 21 silfver
798 595 50 21 eller
863 597 32 18 ett

68 624 73 21 alltför
163 625 56 20 stort
238 623 133 22 inlemnande
387 623 22 22 af
423 623 82 25 sädant,
515 623 39 21 bör
569 623 163 21 tillhandahälla
752 623 142 21 allmänheten

69 653 72 21 vexlar
156 653 27 26 pä
199 652 95 21 utlandet
317 652 51 21 eller
389 652 56 27 köpa
460 651 23 21 af
498 651 143 22 allmänheten
659 651 71 22 vexlar
746 652 151 21 motsvarande

69 681 49 22 dess
141 681 119 26 fordringar
284 681 26 26 pä
335 681 103 21 utlandet.
469 680 94 22 Sälunda
586 680 69 21 kunde
676 680 88 21 Banken
780 680 115 27 förebygga

69 716 26 15 en
110 711 69 20 större
203 710 112 26 uttagning
331 710 52 21 eller
398 715 25 15 en
439 711 69 19 större
532 709 119 27 insättning
668 709 24 20 af
706 709 78 21 metall.
815 709 42 21 Det
872 711 26 18 är

69 739 83 21 således
173 739 45 27 just
237 739 33 20 till
290 738 51 27 följd
365 738 21 21 af
408 738 39 21 den
464 737 67 22 första
547 739 46 25 8:en
609 744 44 15 som
669 738 102 20 Finlands
786 738 60 21 Bank
862 737 36 21 för

69 767 37 21 sitt
122 770 48 23 eget
185 767 101 21 intresses
301 767 55 21 skull
372 769 24 19 är
412 769 92 24 tvungen
520 769 32 18 att
568 766 78 22 handla
668 767 47 20 med
731 766 114 21 utländska
860 773 35 14 va-

69 796 64 25 lutor,
149 802 48 15 men
211 795 45 22 icke
273 795 73 22 derför
368 797 32 20 att
422 795 103 21 Finlands
546 795 60 21 Bank
622 795 40 21 har
678 795 124 26 berättigats
818 797 32 19 att
863 798 32 17 ut-

69 824 58 27 gifva
142 824 77 26 sedlar,
236 824 60 21 äfven
312 824 28 27 pä
356 824 99 27 beloppet
469 824 23 21 af
505 824 47 21 sina
567 824 80 27 egande
664 824 102 26 ostridiga
777 823 121 27 fordringar

69 853 7 20 i
92 853 104 24 utlandet,
222 855 31 19 ett
275 853 86 26 uttryck
384 859 45 15 som
450 852 143 21 förekommer
608 853 6 20 i
630 852 116 22 utskottets
761 852 137 21 betänkande

69 881 13 28 8
98 877 33 36 4.
149 881 39 22 Om
212 881 71 22 vexlar
304 881 90 28 lydande
417 882 13 20 ä
453 881 111 21 utländskt
587 883 58 25 mynt
670 881 99 26 erbjudes
793 881 102 21 Finlands

70 910 60 21 Bank
155 910 32 21 till
210 912 68 19 större
300 910 76 27 belopp
402 912 27 19 än
451 909 90 22 Banken
557 909 33 22 för
605 909 94 22 tillfället
714 909 67 22 finner
796 910 36 20 det
845 916 51 14 vara

69 939 47 21 med
141 939 32 20 sin
197 938 68 21 fördel
287 939 101 26 förenligt
410 940 31 19 att
465 939 63 26 köpa,
552 938 23 21 så
598 938 39 21 har
651 938 88 21 Banken
756 938 39 21 den
811 939 85 26 mycket

69 967 64 21 enkla
147 969 91 25 utvägen
252 969 32 19 att
299 968 99 20 nedsätta
414 967 84 25 kursen,
515 967 39 21 och
571 967 27 21 då
613 967 44 21 står
668 967 36 21 det
715 967 46 21 dem
773 973 45 14 som
832 967 64 20 hafva

70 995 121 28 fordringar
205 996 6 21 i
228 996 97 21 utlandet
340 996 47 21 fritt
402 997 33 20 att
450 1002 35 15 om
502 995 25 22 de
543 995 57 21 finna
616 996 36 21 det
667 996 47 20 med
730 995 32 21 sin
774 995 69 22 fördel
854 995 41 21 för-

71 1025 67 26 enligt
153 1024 94 21 inhemta
262 1024 71 22 silfver
349 1025 39 20 och
403 1024 92 21 aflemna
510 1025 36 20 det
562 1024 32 21 till
611 1024 133 27 myntverket
755 1024 90 21 likasom
857 1025 39 20 ock

70 1053 12 21 å
98 1053 67 21 andra
179 1053 68 25 sidan,
263 1053 7 20 i
286 1053 100 21 händelse
402 1053 103 21 Finlands
520 1053 61 20 Bank
596 1053 47 20 icke
656 1053 64 26 säljer
735 1053 70 21 vexlar
820 1053 27 26 på
863 1055 33 18 ut-

70 1081 72 22 landet
158 1081 31 22 till
205 1088 26 14 en
246 1082 52 21 kurs
313 1088 45 15 som
374 1082 132 21 konvenerar
529 1081 101 27 köparen,
652 1082 68 20 denna
736 1083 24 19 är
775 1081 122 27 berättigad

69 1112 32 19 att
116 1112 75 25 uttaga
207 1110 72 21 silfver
294 1110 33 21 för
342 1112 32 19 att
386 1110 56 21 föras
463 1110 32 21 till
517 1110 97 21 utlandet
635 1110 40 21 och
694 1111 36 20 der
746 1109 89 22 betäcka
851 1110 45 20 sina

70 1138 148 23 förbindelser.
248 1139 112 21 Hvardera
381 1139 22 20 af
425 1139 62 21 dessa
511 1139 100 26 åtgärder
631 1139 69 26 åsyfta
716 1139 133 26 naturligtvis
864 1140 32 19 att

70 1167 57 21 hålla
139 1167 78 21 kursen
233 1167 28 27 på
276 1168 98 21 utlandet
389 1168 6 20 i
410 1173 39 16 ena
466 1167 60 22 fallet
542 1167 65 27 högre
623 1169 26 19 än
666 1167 99 22 Finlands
781 1167 61 21 Bank
858 1166 39 21 har

70 1197 85 20 noterat
171 1196 38 21 och
225 1196 7 21 i
248 1197 66 20 andra
330 1196 59 21 fallet
404 1196 69 27 lägre;
494 1196 18 21 d.
529 1202 18 14 v.
563 1202 24 20 s.,
603 1197 26 20 de
645 1196 79 21 sträfva
739 1195 33 22 till
785 1196 111 26 jemnvigt.

69 1225 32 21 De
118 1225 52 20 böra
193 1224 71 22 derför
287 1225 46 21 icke
357 1224 120 22 förhindras
494 1225 38 21 och
548 1225 122 21 underlätta
686 1224 133 27 naturligtvis
835 1223 63 22 äfven

69 1254 102 20 Finlands
193 1254 71 20 Banks
287 1254 141 21 verksamhet.
459 1254 34 21 Då
513 1254 167 21 Bankutskottet
702 1256 68 24 yttrat
786 1253 31 27 sig
832 1254 64 25 angå-

69 1282 54 22 ende
139 1282 40 21 den
195 1283 23 21 af
231 1282 42 26 mig
288 1283 112 21 anmärkta
420 1282 104 26 åtgärden
540 1282 39 21 har
594 1282 178 21 Bankutskottets
788 1281 109 27 pluralitet

69 1311 66 27 enligt
151 1311 42 21 min
210 1311 55 27 åsigt
280 1311 73 27 begått
369 1312 29 20 ett
415 1313 66 19 annat
497 1311 34 21 fel.
563 1310 111 22 Utskottet
692 1310 112 22 anmärker
820 1310 77 21 visser-

70 1340 55 26 ligen
141 1346 34 14 om
192 1339 144 27 fullmäktiges
352 1340 81 26 åtgärd,
450 1346 48 14 men
515 1339 104 27 tillägger:
638 1339 79 28 ,under
732 1338 165 26 undantagsför-

70 1368 113 21 hållanden
207 1368 38 21 och
268 1369 70 21 såsom
362 1375 24 14 en
410 1368 144 21 förberedelse
576 1368 33 21 för
632 1368 140 27 öfvergången
788 1367 32 21 till
835 1366 61 28 guld-

69 1397 98 27 myntfot,
184 1396 84 22 hvilken
284 1403 75 20 genom
375 1396 78 22 silfrets
474 1396 124 26 fortgående
613 1396 82 27 prisfall
710 1396 132 22 försvårades
858 1396 40 20 och

69 1425 141 27 invecklades,
225 1426 55 21 hade
295 1426 33 20 väl
345 1432 25 14 en
386 1426 57 26 dylik
456 1425 119 27 Styrelsens
589 1426 155 25 mellankomst,
761 1425 137 26 hvarigenom

68 1454 88 21 Banken
173 1454 101 21 försattes
289 1455 6 20 i
311 1454 83 22 tillfälle
410 1456 32 19 att
458 1454 50 26 höja
521 1454 40 21 den
572 1453 68 22 finska
650 1453 171 22 silfvermarkens
832 1453 65 21 värde

69 1482 60 21 öfver
145 1482 48 22 dess
209 1482 123 28 metallpris,
349 1483 81 21 kunnat
446 1488 63 16 anses
525 1482 94 26 tillåten;
636 1489 47 15 men
694 1482 127 22 tvifvelsmål
833 1482 65 21 hafva

70 1511 65 21 likväl
150 1511 57 21 inom
223 1511 107 22 utskottet
353 1511 69 21 blifvit
444 1511 95 21 uttaladt
564 1511 72 22 derom
652 1511 102 21 huruvida
771 1510 128 28 tidpunkten
