1078 1781
182 124 41 20 716
429 128 180 22 Borgareständet
622 129 54 17 1877.
701 130 22 16 15
735 128 48 21 Maj.

181 197 62 22 äfven
266 197 98 26 orsaken,
379 197 85 22 hvarför
479 197 7 21 i
501 197 118 22 utskottets
642 197 134 22 betänkande
796 197 60 27 ingår
874 203 26 16 en
915 197 97 28 vidlyftig

182 225 90 22 relation
288 226 22 21 af
324 226 106 21 komiténs
445 232 154 21 resonnemang
615 226 6 21 i
637 226 71 21 saken.

252 254 62 21 Hvad
329 254 66 21 sedan
412 254 101 21 beträffar
528 255 69 26 tredje
612 256 116 20 momentet
744 255 7 20 i
762 255 116 21 utskottets
890 254 78 27 förslag
978 254 33 21 till

182 282 70 21 beslut
268 282 110 27 angående
392 283 185 26 nödvändigheten
593 283 24 21 af
629 283 141 27 sparsamhet,
781 283 24 21 så
815 283 111 21 framhölls
936 283 76 22 visser-

182 311 55 26 ligen
253 310 61 22 äfven
330 312 6 20 i
352 311 104 22 utskottet
471 311 101 22 hurusom
588 318 49 15 man
648 312 23 21 af
685 314 32 19 ett
732 311 111 22 uttalande
855 312 6 21 i
872 311 77 22 sådant
957 311 55 28 syfte

182 339 46 22 icke
254 339 48 22 med
325 340 79 21 visshet
426 340 70 21 kunde
519 340 96 27 påräkna
638 341 64 26 något
722 340 107 21 bestämdt
844 340 96 21 resultat.
971 341 42 20 Det

182 370 62 24 säges
266 368 81 26 ganska
365 368 108 22 bestämdt
492 369 30 20 uti
539 369 119 21 motiverna
672 371 33 19 att
720 369 93 21 komfort
829 368 53 22 skall
898 369 112 24 undvikas;

183 403 48 14 men
258 396 39 21 den
321 397 35 26 lyx
378 403 44 15 som
445 403 26 15 ur
494 397 110 27 hygienisk
623 397 107 27 synpunkt
746 397 54 22 låter
815 397 94 22 försvara
925 397 32 26 sig
972 397 39 21 och

183 425 62 21 deraf
258 427 24 19 är
298 425 101 27 betingad
414 428 24 19 är
453 432 26 15 en
495 432 69 15 annan
579 426 45 21 sak.

253 481 57 22 Herr
332 483 127 26 Ignatius:
490 483 42 21 Det
554 483 72 21 kunde
648 483 114 21 anmärkas
785 484 32 20 att
832 482 142 27 beräkningen
990 482 24 21 af

183 511 27 21 de
234 511 144 26 sinnessjukas
394 511 57 21 antal
469 511 6 21 i
494 511 73 21 landet
589 513 24 19 är
629 511 64 26 något
708 511 114 22 sväfvande
837 513 55 19 samt
907 513 32 19 att
954 511 36 21 det
1006 511 6 21 i

183 539 77 21 sådant
280 539 99 22 afseende
394 539 53 22 hade
463 540 54 21 varit
533 539 93 27 önskligt
641 542 31 19 att
688 546 40 20 ega
742 539 90 28 tillgång
846 539 32 22 till
894 539 63 21 säkra
972 539 40 22 och

184 567 96 27 pålitliga
296 568 112 27 uppgifter.
434 568 72 27 Enligt
517 568 289 27 Medicinalöfverstyrelsens
817 568 114 21 berättelse
944 568 68 21 skulle

184 596 25 21 år
228 597 56 20 1870
298 597 6 20 i
321 596 73 21 landet
408 597 63 21 hafva
489 597 79 21 funnits
585 598 63 24 3,143
664 597 140 27 sinnessjuka,
820 597 83 21 således
918 598 31 19 ett
964 597 49 20 vida

185 625 57 20 färre
264 625 58 21 antal
341 627 27 19 än
391 626 105 21 utskottet
512 625 111 22 beräknat.
653 626 10 21 I
678 625 43 22 alla
736 625 37 22 fall
789 627 24 19 är
829 625 35 21 det
880 627 31 19 ett
926 625 87 21 konsta-

185 653 71 21 teradt
281 653 81 21 faktum
378 656 33 18 att
426 654 194 27 sinnessjukdomar
635 656 37 19 äro
689 654 130 21 allmännare
835 655 6 19 i
857 653 96 26 nordliga
968 653 44 21 län-

185 682 38 21 der
238 682 49 21 med
302 682 54 21 kallt
372 682 39 21 och
426 682 77 27 fuktigt
518 682 75 21 klimat
610 683 39 21 och
664 683 89 26 skogiga
769 683 88 24 trakter,
868 682 85 21 hvarför
964 688 48 15 man

185 710 61 21 äfven
270 711 42 20 kan
335 713 78 24 antaga
428 713 33 19 att
475 711 90 21 Finland
582 711 23 21 af
619 711 133 27 sinnessjuka
767 711 40 21 har
821 713 31 19 ett
868 710 146 27 proportions-

185 739 31 21 vis
232 741 55 19 stort
307 740 65 20 antal.
402 739 74 22 Likväl
491 742 24 18 är
531 740 36 21 det
583 740 86 21 osäkert
685 740 54 21 huru
755 739 88 22 härmed
859 739 99 21 förhåller
974 739 37 26 sig.

185 780 27 2 —
227 767 41 26 Jag
291 767 55 22 hade
367 768 72 21 vidare
455 769 56 20 velat
527 768 103 21 anmärka
645 771 31 18 att
691 769 117 21 utskottets
823 768 55 26 åsigt
894 767 72 22 derom
982 769 32 20 att

185 796 26 21 de
228 796 143 26 sinnessjukas
387 797 57 20 antal
461 797 5 20 i
482 797 73 21 landet
570 797 80 26 årligen
666 798 72 25 stiger,
755 799 24 18 är
794 799 32 19 ett
839 796 119 27 antagande
968 802 45 15 som

184 825 48 21 icke
248 825 27 26 på
290 825 66 26 något
370 827 44 19 sätt
429 825 66 22 håller
510 825 71 21 streck
597 825 52 22 eller
664 825 130 22 åtminstone
808 825 46 21 icke
870 824 41 21 kan
924 824 90 22 bevisas.

185 853 32 21 De
232 853 72 21 siffror
319 860 48 15 man
384 853 31 22 till
430 854 47 21 stöd
493 853 71 22 derför
580 853 76 27 anfört,
672 854 71 21 utvisa
753 854 123 27 visserligen
887 860 26 14 en
924 853 89 25 tillväxt,

185 888 47 15 men
257 882 60 21 detta
338 882 106 21 skenbara
465 882 132 21 förhållande
621 883 61 20 torde
701 883 51 21 bero
769 883 65 26 derpå
849 884 33 19 att
897 882 26 21 de
938 888 75 15 senare

185 909 136 28 uppgifterna
343 912 37 19 äro
402 911 109 26 grundade
526 911 27 26 på
569 917 147 21 noggrannare
732 911 40 21 och
787 911 87 21 säkrare
890 910 122 26 beräkning.

184 938 59 22 Visst
258 941 24 19 är
298 941 32 19 att
345 939 47 22 icke
406 940 65 27 något
486 945 28 15 nu
529 940 48 21 med
593 940 101 21 säkerhet
709 940 5 21 i
730 940 60 21 detta
799 939 99 22 afseende
909 939 42 21 kan
961 939 53 20 kon-

185 969 99 19 stateras.
300 980 28 3 —
344 967 49 22 Men
414 969 36 26 jag
473 968 94 26 förbigår
589 968 38 21 allt
647 970 66 25 detta,
730 969 36 20 det
781 974 37 15 var
833 968 46 21 icke
895 967 69 22 derför
978 967 36 27 jag

187 996 93 26 begärde
304 996 67 27 ordet,
394 999 49 18 utan
467 997 76 21 endast
558 997 33 21 för
606 999 33 19 att
654 998 47 20 med
718 997 114 26 anledning
847 997 22 20 af
883 996 49 21 herr
947 995 66 22 Snell-

184 1031 60 14 mans
259 1023 79 28 förslag
353 1027 58 25 yttra
423 1026 66 26 några
503 1026 45 20 ord.

253 1053 41 27 Jag
317 1053 60 22 delar
399 1053 128 28 fullkomligt
543 1054 50 21 herr
609 1054 119 21 Snellmans
744 1054 81 21 önskan
841 1054 73 21 derom
930 1055 32 18 att
980 1053 34 20 vid

183 1081 144 27 uppförandet
352 1082 24 21 af
396 1083 61 20 dessa
479 1083 122 27 byggnader
625 1083 39 20 den
684 1084 81 20 största
780 1083 86 26 möjliga
881 1081 134 28 sparsamhet

184 1110 68 21 borde
267 1111 118 26 iakttagas;
402 1117 46 15 men
463 1111 35 27 jag
513 1111 84 21 befarar
613 1113 32 19 att
661 1111 132 26 antagandet
803 1111 22 21 af
835 1111 49 21 herr
895 1110 119 21 Snellmans

184 1138 80 28 förslag
286 1145 88 16 snarare
396 1139 59 22 leder
474 1139 32 22 till
521 1142 118 19 motsatsen
654 1140 24 21 af
691 1140 56 21 hvad
763 1140 41 21 han
820 1139 86 27 åsyftar.
936 1139 31 27 Ty
982 1141 33 18 att

183 1167 94 22 undvika
298 1168 27 21 all
344 1168 34 27 lyx
393 1168 68 21 såsom
477 1168 50 21 herr
543 1168 106 21 Snellman
665 1170 67 25 yttrat
748 1170 24 19 är
787 1168 116 27 någonting
918 1168 44 21 helt
977 1174 37 15 an-

183 1197 38 19 nat
236 1197 28 20 än
279 1199 33 18 att
327 1197 96 26 iakttaga
438 1197 27 21 all
482 1197 73 27 möjlig
569 1197 139 26 sparsamhet.
739 1197 41 26 Jag
795 1196 119 21 föreställer
926 1197 43 26 mig
982 1198 32 19 att

183 1224 118 22 utskottets
326 1225 137 27 formulering
477 1225 6 21 i
499 1225 39 22 och
565 1225 32 21 för
619 1226 31 26 sig
673 1226 67 21 redan
762 1225 89 21 innebär
869 1227 32 19 att
917 1225 35 21 det
967 1225 47 21 icke

183 1253 43 21 kan
246 1253 66 21 blifva
327 1254 61 26 fråga
403 1260 33 15 om
453 1255 68 26 någon
537 1254 107 28 synnerlig
660 1254 33 27 lyx
709 1254 36 21 vid
760 1254 141 27 uppförandet
917 1253 21 22 af
953 1253 62 21 dessa

183 1281 131 27 byggnader.
344 1282 10 21 I
369 1282 37 22 fall
422 1283 36 21 det
473 1283 82 21 således
571 1283 67 26 gäller
653 1289 25 15 en
694 1282 139 27 formulering
849 1283 22 21 af
886 1282 67 21 denna
968 1282 45 26 sak,

183 1310 70 21 skulle
268 1311 36 27 jag
319 1310 112 28 föredraga
446 1312 116 21 utskottets
577 1311 139 27 formulering
732 1311 87 21 framför
830 1311 49 21 herr
890 1310 125 26 Snellmans,

183 1339 68 21 ehuru
266 1340 36 26 jag
318 1339 121 27 visserligen
455 1342 23 18 är
493 1340 66 27 villig,
575 1342 38 23 att,
629 1346 34 15 om
679 1346 50 15 man
745 1340 41 21 kan
799 1340 54 20 hitta
864 1340 27 26 på
902 1341 31 19 ett
944 1339 70 21 bättre

183 1367 40 21 och
251 1368 116 26 kraftigare
392 1370 43 20 sätt
460 1370 31 19 att
514 1368 98 28 uttrycka
635 1369 69 21 denna
725 1368 45 28 sak,
786 1368 75 22 förena
876 1368 42 26 mig
934 1368 80 20 derom.

182 1395 11 21 I
209 1396 77 26 själfva
308 1396 145 22 hufvudsaken
472 1397 85 21 förenar
569 1397 38 27 jag
622 1398 42 26 mig
680 1397 83 21 således
778 1397 48 21 med
842 1397 49 21 herr
907 1396 107 22 Snellman

182 1424 40 21 och
246 1430 63 16 anser
332 1426 75 20 endast
422 1425 132 22 beträffande
569 1425 75 27 sjelfva
660 1426 167 26 formuleringen
842 1427 116 19 utskottets
972 1424 42 22 för-

181 1452 46 28 slag
243 1456 33 18 att
291 1454 128 26 föredragas.
