1078 1781
166 124 42 22 868
416 128 179 21 Borgareståndet
607 128 54 17 1877.
685 128 27 16 26
724 128 48 21 Maj.

166 198 118 22 framhållit
299 204 35 15 om
350 197 40 22 den
406 197 61 26 ringa
482 198 74 26 nyttan
572 196 23 22 af
609 197 36 21 det
660 195 34 22 till
712 196 87 21 domare
815 196 39 21 och
870 196 127 27 tjenstemän

166 227 84 26 utgifna
265 233 17 14 s.
298 227 20 20 k.
341 226 69 21 finska
433 225 90 22 arvodet
545 225 67 22 borde
634 225 55 21 ifrån
712 225 120 21 motiverna
855 225 32 21 till
909 225 88 27 petitio-

166 262 42 15 nen
222 255 58 27 utgå.

236 312 58 21 Herr
314 311 131 28 Ignatius:
475 311 42 28 Jag
538 311 68 21 måste
621 310 87 21 anhålla
722 316 36 16 om
774 311 36 21 det
825 310 103 27 vällofliga
945 310 53 22 Bor-

167 341 149 27 gareståndets
338 340 122 21 undseende
481 339 79 27 derför,
583 341 33 20 att
634 339 37 27 jag
686 338 32 22 får
733 339 33 21 lof
779 341 32 20 att
827 341 51 20 nära
894 345 41 21 nog
950 339 7 20 i
972 345 26 15 en

166 369 110 27 personlig
298 369 155 26 angelägenhet
469 371 50 25 taga
534 368 33 21 till
583 368 67 21 ordet.
680 368 43 26 Jag
739 368 39 21 har
793 367 22 22 af
829 374 26 15 en
870 367 128 27 föregående

167 398 69 21 talare
251 397 72 22 blifvit
338 397 39 22 allt
388 397 34 22 för
437 397 148 27 ögonskenligt
597 396 98 27 päpekad
708 396 33 21 för
756 398 33 19 att
801 396 38 27 jag
849 396 68 21 skulle
926 396 72 21 kunna

167 427 49 21 med
238 426 88 28 tystnad
348 426 71 21 lemna
441 427 31 20 ett
491 426 52 21 slikt
558 425 116 22 uttalande.
706 425 51 21 Man
772 425 39 21 har
826 425 81 27 ganska
922 425 76 26 tydligt

169 455 97 21 utmärkt
288 455 44 27 mig
354 455 71 21 säsom
446 461 26 14 en
493 455 63 20 ultra.
586 454 65 21 Detta
664 453 112 22 uttalande
791 454 34 21 mä
841 454 6 20 i
862 453 40 22 och
918 453 32 22 för
965 453 32 28 sig

167 484 58 27 gälla
240 483 56 22 hvad
312 484 36 21 det
363 483 49 21 kan.
442 483 65 22 Detta
523 484 24 20 är
562 483 65 26 nägot
645 482 59 22 hvari
717 482 39 27 jag
771 482 133 27 naturligtvis
920 484 24 19 är
956 482 40 27 jäf-

167 513 35 26 vig
217 514 33 19 att
265 513 70 20 uttala
350 512 49 27 mig,
416 512 39 21 och
475 511 81 22 kanske
575 512 37 26 jag
627 511 61 22 äfven
704 513 24 19 är
741 511 67 27 jäfvig
823 512 32 20 att
870 511 69 21 uttala
954 511 43 26 mig

169 547 34 15 om
219 541 41 21 den
276 540 100 27 ställning
392 541 41 21 den
448 540 65 21 ärade
529 540 140 21 medlemmen
684 539 23 22 af
715 539 181 27 Borgareständet
906 545 44 16 som
961 539 37 26 gaf

168 570 44 27 mig
227 570 60 21 detta
302 569 68 27 epitet
385 569 49 26 sjelf
446 569 7 21 i
469 569 69 22 denna
553 568 60 27 fräga
628 569 89 25 intager.
748 568 42 27 Jag
800 568 68 21 skulle
879 568 118 22 emellertid

168 598 72 21 lemna
255 598 69 21 denna
340 597 60 28 fräga
416 597 88 27 derhän,
519 597 45 21 ifall
579 603 49 15 man
644 597 46 21 icke
706 597 40 21 här
761 596 55 22 hade
832 596 69 22 tillika
911 596 47 21 fällt
970 603 26 14 en

168 627 132 21 insinuation
315 626 23 21 af
352 627 40 21 den
408 627 94 20 sväraste
517 625 153 22 beskaffenhet.
702 625 51 22 Man
768 625 39 21 har
822 625 104 27 nemligen
943 628 53 24 sagt,

168 657 33 20 att
215 655 49 22 frän
280 655 60 22 detta
354 655 66 27 läger,
435 654 33 22 till
487 654 81 22 hvilket
587 655 44 26 jag,
654 655 130 20 ätminstone
807 654 65 26 enligt
894 653 103 22 vederbö-

168 685 78 20 randes
261 684 139 21 förmenande
416 683 54 22 skall
487 683 60 26 höra,
559 683 71 26 utgått
641 683 109 21 motstånd
761 685 57 19 emot
829 683 57 20 Herr
896 683 101 26 Chydenii

169 713 24 21 sä
208 713 49 21 ädla
273 713 39 21 och
328 712 163 26 fosterländska,
508 712 39 21 och
561 712 37 27 jag
612 713 35 20 vet
662 712 47 21 icke
727 711 73 22 hvilka
815 711 78 21 vackra
907 712 90 25 epiteter

169 747 46 16 som
231 741 62 21 derät
308 741 79 26 gäfvos,
403 741 136 26 reservation,
555 740 40 21 och
610 742 33 19 att
659 741 59 20 detta
728 740 110 21 motständ
849 739 68 22 hlifvit
926 740 71 27 gjordt

169 770 77 21 endast
270 769 84 22 derföre
377 771 33 19 att
431 775 50 15 man
503 769 37 21 vill
555 769 90 22 fortfara
660 769 49 21 med
724 769 139 27 agitationen,
880 769 70 20 derför
965 770 32 20 att

169 805 49 14 man
234 798 38 21 vill
287 797 115 28 uppehålla
418 805 25 14 en
458 798 53 21 strid
527 799 6 19 i
549 797 59 22 detta
623 797 56 21 land.
710 797 41 27 Jag
762 797 93 22 önskade
866 797 60 26 fråga
937 797 61 22 desse

169 827 65 22 värde
250 827 76 25 talare,
341 826 56 22 hvad
414 827 25 20 de
454 827 67 21 förstä
536 826 48 21 med
600 826 103 27 agitation
718 826 41 21 och
773 826 118 27 uppretade
906 825 90 26 lidelser;

169 857 56 20 samt
248 862 36 15 om
306 855 47 21 icke
372 855 46 27 just
439 855 36 22 det
489 857 24 19 är
529 856 32 20 att
576 857 90 25 uppreta
688 854 115 22 lidelserna
817 856 40 19 när
871 860 47 15 man
934 854 64 21 fram-

169 885 74 21 kastar
259 884 80 21 sådana
354 883 171 28 beskyllningar?
555 883 44 22 Tro
615 884 27 21 de
657 883 41 26 väl,
714 885 34 20 att
764 883 71 27 dylika
845 883 91 27 uttryck,
952 889 46 15 som

170 913 26 21 de
211 913 67 21 riktat
293 914 45 19 mot
353 913 74 26 andra,
443 914 37 19 äro
495 912 84 21 riktade
602 913 44 20 mot
668 911 130 27 fullkomligt
812 911 122 22 känslolösa
949 918 49 20 per-

169 941 74 22 soner?
273 941 41 22 Tro
338 941 27 21 de
385 941 54 26 icke,
461 942 31 20 att
515 941 64 20 ocksä
602 941 60 21 desse
685 940 65 21 hafva
768 941 87 20 känslor
869 940 40 21 och
925 942 32 19 att
972 940 25 22 de

169 971 69 20 måste
254 969 100 22 betrakta
370 969 72 28 dylika
457 969 84 27 uttryck
557 969 70 22 såsom
642 969 52 21 fulla
710 969 22 21 af
747 969 105 22 smädelse
867 969 40 21 och
917 968 80 22 lidelse.

169 993 137 27 Åtminstone
320 999 43 20 kan
378 999 46 20 icke
437 999 37 26 jag
488 997 98 28 uppfatta
602 998 47 21 dem
665 997 139 27 annorlunda,
820 1003 48 16 men
884 997 27 21 då
924 997 36 27 jag
970 998 28 26 på

170 1029 32 20 ett
216 1027 79 22 sådant
310 1029 44 19 sätt
370 1027 69 21 blifvit
453 1026 149 22 missförstådd
623 1026 48 21 med
695 1026 101 21 afseende
810 1027 13 21 å
839 1027 25 20 de
881 1026 118 27 betänklig-

169 1056 63 21 heter
245 1056 38 27 jag
298 1056 62 27 hyste
376 1057 57 20 emot
449 1055 130 27 antagandet
595 1055 22 21 af
631 1055 55 21 Herr
702 1054 104 28 Chydenii
821 1055 139 26 reservation,
976 1054 24 21 så

170 1084 39 21 ber
220 1084 39 27 jag
274 1086 34 19 att
323 1084 21 21 få
359 1083 89 28 upplysa
464 1090 34 15 om
513 1085 33 20 att
559 1084 37 27 jag
611 1083 67 27 ansåg
694 1084 70 21 denna
780 1084 130 21 reservation
925 1083 28 26 gå
967 1085 33 19 ett

170 1115 46 25 steg
231 1113 75 27 längre
321 1115 26 19 än
364 1113 123 27 petitionen.
517 1113 41 26 Jag
573 1113 66 26 ansåg
653 1114 33 19 att
702 1111 209 28 petitionsförslagen
925 1111 75 22 endast

170 1148 51 15 voro
238 1148 26 15 en
280 1141 131 27 påminnelse
427 1147 34 16 om
477 1142 32 21 att
520 1141 181 26 författningarna
711 1141 23 20 af
746 1141 55 21 1863
813 1141 39 21 och
867 1141 53 20 1865
932 1141 68 20 skulle

170 1170 88 27 bringas
274 1170 32 21 till
322 1169 167 28 verkställighet,
511 1176 26 15 en
559 1169 131 27 påminnelse
714 1176 46 15 som
780 1170 37 26 jag
832 1169 66 27 ansåg
913 1169 87 22 berätti-

170 1199 48 26 gad,
235 1199 28 21 då
276 1199 36 26 jag
327 1198 47 21 icke
388 1199 7 20 i
411 1198 68 21 likhet
501 1198 48 21 med
565 1204 27 15 en
606 1198 128 27 föregående
758 1198 67 21 talare
847 1198 41 21 kan
907 1198 93 21 erkänna

171 1229 32 20 att
218 1227 135 28 Regeringen
368 1227 56 27 gjort
439 1227 39 21 allt
493 1227 56 21 hvad
565 1227 40 21 den
617 1227 6 21 i
634 1227 59 21 detta
708 1227 99 21 afseende
818 1227 54 20 hade
884 1226 48 21 bort
942 1227 57 27 göra.

170 1256 164 27 Förordningen
349 1256 24 21 af
388 1256 55 21 1865
465 1255 94 22 utlofvar
574 1258 32 19 att
621 1256 125 26 ytterligare
765 1255 101 27 åtgärder
882 1255 60 21 skola
956 1255 43 21 vid-

171 1287 61 25 tagas
245 1285 35 21 för
294 1286 34 20 att
348 1286 58 20 sätta
424 1284 119 27 Kejserliga
564 1284 124 22 Manifestet
703 1284 23 21 af
741 1284 55 22 1863
811 1284 8 21 i
833 1283 167 27 verkställighet.

171 1314 50 21 Med
237 1314 110 26 undantag
362 1313 23 21 af
399 1319 26 15 en
440 1313 125 27 förordning
581 1313 22 21 af
617 1313 55 21 1868
688 1313 40 21 har
744 1312 118 22 emellertid
873 1312 47 22 icke
930 1313 70 26 någon

171 1348 71 15 annan
258 1342 75 26 åtgärd
350 1342 87 21 blifvit
434 1337 12 36 i
453 1342 60 21 detta
535 1341 99 22 afseende
655 1342 100 26 vidtagen
770 1343 27 20 än
812 1341 152 27 förordningen
979 1341 24 21 af

171 1371 41 20 den
234 1372 28 20 30
285 1370 42 27 Maj
350 1371 54 21 1871
428 1376 45 16 som
489 1372 24 20 är
527 1370 23 22 af
563 1376 27 16 en
605 1370 129 26 fullkomligt
752 1369 119 23 retroaktiv
886 1369 114 28 betydelse.

171 1398 43 22 Det
229 1401 25 19 är
270 1398 84 22 derföre
369 1405 46 15 som
428 1400 37 26 jag
479 1405 63 15 anser
557 1405 26 15 en
597 1398 91 28 petition
700 1399 24 21 af
733 1398 139 22 förevarande
884 1398 118 22 beskailen-

171 1427 38 22 het
230 1434 52 16 vara
305 1427 99 28 behöflig.
434 1428 43 21 Vill
497 1434 50 15 man
569 1427 28 27 gå
619 1429 31 20 ett
669 1430 46 24 steg
730 1427 81 27 längre,
827 1427 24 21 sä
866 1427 39 21 har
918 1427 36 27 jag
968 1426 34 22 för

171 1456 44 21 min
231 1456 99 22 enskilda
352 1456 34 22 del
402 1456 18 27 ej
437 1456 65 28 något
525 1456 101 22 deremot.
656 1456 41 27 Jag
719 1458 47 20 tror
788 1456 33 21 för
837 1456 64 26 öfrigt
915 1457 32 19 att
962 1457 40 20 när

171 1490 49 16 man
242 1485 56 21 talar
319 1491 34 15 om
370 1491 26 15 en
411 1485 53 22 strid
479 1485 6 21 i
501 1485 60 21 detta
583 1484 49 22 land
648 1486 23 20 så
686 1484 57 22 talar
758 1491 49 15 man
822 1484 66 27 något
903 1484 97 28 ologiskt,

171 1519 35 15 om
222 1520 49 15 man
286 1520 74 15 menar
375 1515 33 20 att
424 1514 36 21 det
475 1516 24 19 är
514 1514 56 21 blott
585 1515 32 20 ett
632 1514 55 26 parti
699 1519 46 16 som
756 1513 42 22 kan
809 1513 114 27 uppehålla
932 1514 70 21 denna
