1078 1781
179 115 43 21 696
418 119 181 23 Borgareståndet
612 120 53 17 1877.
688 120 19 17 11
720 120 48 20 Maj.

176 189 42 22 och
242 189 79 21 önskar
344 189 74 21 dervid
439 189 76 21 endast
536 188 95 27 tillägga,
650 191 33 19 att
698 189 28 22 då
742 189 58 21 såväl
815 188 66 27 enligt
897 189 113 21 Allmänna

175 217 213 22 Besvärsutskottets
403 217 143 26 betänkande,
562 223 46 16 som
624 217 64 22 också
704 217 66 26 enligt
786 217 127 26 petitionens
924 217 86 27 lydelse,

176 247 71 26 någon
270 246 93 27 egentlig
386 245 163 22 konstakademi
573 245 52 22 eller
640 246 66 27 högre
721 245 127 22 konstskola
863 245 46 22 icke
925 246 33 21 för
973 246 36 21 det

176 275 135 20 närvarande
334 276 24 19 är
380 274 102 26 utförbar,
497 274 36 27 jag
555 280 64 15 anser
633 277 33 18 att
688 274 146 27 åtgörandena
854 274 7 21 i
876 275 66 21 saken
957 274 53 22 böra

177 302 129 22 inskränkas
332 303 36 22 tils
391 302 202 22 åstadkommandet
615 303 22 21 af
659 303 57 21 hvad
736 309 49 15 man
809 303 71 21 kunde
903 303 58 21 kalla
983 309 26 15 en

176 331 61 27 lägre
253 331 178 22 elementarskola
447 331 34 22 för
496 331 133 26 konstnärlig
644 331 127 27 utbildning.
801 331 11 21 I
827 331 100 22 afseende
942 331 13 22 å
968 331 40 21 den

177 359 157 22 intellektuella
356 360 123 27 bildningen
502 366 61 15 anses
584 366 25 15 en
626 360 78 21 allmän
722 359 143 27 bottenskola,
882 360 36 21 det
932 359 35 22 må
982 359 27 22 då

176 395 53 14 vara
253 395 25 14 en
301 389 61 26 folk-,
378 389 59 26 lägre
461 388 127 21 elementar-
611 388 51 22 eller
684 395 69 15 annan
777 388 68 26 skola,
870 388 86 27 lämplig
976 388 34 21 för

177 417 151 22 meddelandet
346 417 24 22 af
388 417 155 26 vetenskapens
571 417 122 25 elementer,
722 417 41 21 och
787 423 82 15 samma
895 417 114 26 grundsats

176 451 64 21 synes
264 445 66 28 enligt
352 446 44 21 min
420 445 56 27 åsigt
498 445 61 22 äfven
583 445 71 22 kunna
670 445 108 27 tillämpas
794 445 27 26 på
837 445 73 27 frågan
926 451 34 16 om
975 449 33 17 ut-

176 474 124 27 bildningen
316 474 23 21 af
353 475 134 20 konstnärer.
518 473 33 22 Då
565 473 136 28 begynnelse-
714 474 52 21 eller
779 473 152 28 primärskolor
941 473 69 22 finnas

176 502 33 21 för
229 503 42 20 den
294 502 108 22 blifvande
416 502 220 27 vetenskapsmannen
652 503 52 21 eller
719 502 222 21 universitetsläraren
957 502 51 21 lika-

176 537 46 15 som
245 531 33 21 för
302 531 171 22 handtverkaren
492 531 52 21 eller
559 531 190 26 industriidkaren,
766 531 24 21 sä
804 530 40 22 bör
860 531 36 21 det
911 531 45 20 icke
973 531 36 20 be-

177 559 69 22 finnas
262 560 112 27 anstötligt
390 562 33 19 att
437 565 49 16 man
502 565 63 16 anser
580 566 26 15 en
622 559 126 22 konstskola
763 559 23 21 af
799 559 44 21 lika
858 559 103 22 universel
973 558 35 21 be-

177 587 126 27 skaffenhet,
327 588 27 22 dä
377 589 40 20 den
440 589 62 26 utgör
525 594 25 15 en
572 588 148 27 primärskola,
736 588 73 21 kunna
824 587 51 28 fylla
891 590 31 19 ett
937 587 71 22 behof.

177 617 43 21 Det
236 616 68 22 finnes
319 617 7 21 i
342 617 76 26 sjelfva
433 617 74 21 verket
523 617 65 21 redan
604 617 6 20 i
627 616 159 22 hufvudstaden
801 623 26 14 en
843 617 65 21 sädan
925 616 85 26 anstalt,

177 644 73 22 kallad
273 645 243 26 konstflitsföreningens
539 645 121 27 slöjäskola,
683 645 87 21 hvarest
786 645 150 26 undervisning
951 644 59 21 med-

177 673 60 22 delas
261 674 7 21 i
292 674 143 21 elementerna
451 673 23 21 af
487 673 100 22 bildande
602 674 69 25 konst,
685 673 69 27 jemte
770 674 36 20 det
822 673 83 22 tillfälle
921 673 89 21 beredes

177 702 34 21 till
233 701 74 28 öfning
322 705 33 18 att
370 702 82 21 afbilda
467 702 58 21 såväl
541 702 55 21 efter
612 705 89 18 naturen
717 709 47 14 som
781 702 54 21 efter
851 701 158 28 konstproduk-

177 732 39 19 ter.
248 730 66 21 Detta
338 733 63 24 utgör
424 737 25 14 en
465 731 78 21 allmän
559 730 141 22 bottenskola.
732 731 83 21 Genom
832 733 31 19 att
879 730 67 21 förses
961 730 48 21 med

177 759 130 21 Statsmedel
328 759 40 21 och
389 759 104 27 utvidgas,
509 759 71 21 kunde
596 760 41 20 den
652 759 65 22 blifva
734 765 26 16 en
776 759 67 21 sädan
860 759 82 21 botten-
958 759 52 20 eller

176 788 144 26 primärskola
343 787 33 22 för
398 787 135 22 utbildandet
559 787 23 22 af
604 788 57 21 säväl
684 787 169 22 industriidkare
876 793 44 15 som
944 787 66 27 högre

177 816 136 21 konstnärer.
343 816 49 21 Men
417 816 65 27 nägot
497 817 77 21 sädant
589 816 39 21 har
643 816 46 21 icke
704 817 60 26 legat
779 817 6 20 i
801 816 128 27 petitionens
944 816 66 27 syfte;

177 845 37 20 det
230 844 88 21 anförda
334 844 39 21 har
389 845 119 21 framstälts
524 845 75 21 endast
615 845 69 21 säsom
700 847 32 19 ett
746 845 126 26 ytterligare
887 845 52 24 skäl,
948 844 61 21 hvar-

177 873 45 21 före
242 873 37 26 jag
302 873 86 21 förenar
412 873 42 27 mig
474 880 34 15 om
525 874 35 21 det
575 874 43 21 slut
633 873 87 22 hvartill
735 876 163 19 reservanterne
913 873 95 21 kommit.

250 930 56 21 Herr
322 930 154 21 Cronvall:
507 930 61 21 Huru
585 930 93 27 önskligt
694 931 35 20 det
746 932 27 19 än
789 937 50 14 vore
855 932 32 19 att
899 937 25 14 en
936 931 73 20 konst-

176 959 98 20 akademi
298 959 69 21 blefve
390 959 92 21 inrättad
506 959 7 20 i
536 960 48 20 vårt
603 959 56 26 land,
676 965 64 15 anser
753 959 38 26 jag
807 959 53 21 dock
876 961 32 19 att
923 959 87 22 Statens

177 987 115 27 tillgängar
314 987 33 21 för
370 993 25 16 en
417 988 72 26 längre
509 987 30 21 tid
563 987 78 22 framät
663 989 61 25 tagas
741 987 90 27 kraftigt
847 988 6 20 i
868 987 92 27 anspräk
974 987 35 21 för

176 1017 107 26 nyttigare
307 1016 40 21 och
370 1016 32 21 för
425 1016 72 21 landet
520 1022 59 15 mera
601 1015 106 28 behöfliga
723 1016 151 26 inrättningar,
890 1017 69 20 säsom
975 1016 33 21 för

174 1044 224 27 jernvägsbyggnader
414 1045 47 20 med
477 1051 68 19 mera;
576 1045 95 21 äfvensä.
682 1045 115 26 föreligger
812 1045 40 20 den
868 1047 56 18 ännu
938 1046 70 19 större

176 1073 126 25 kostnaden,
330 1079 46 15 som
399 1073 157 27 värnepligtens
582 1073 167 27 genomförande
776 1073 90 21 kräfver.
902 1073 58 21 Skall
980 1079 27 14 en

176 1101 163 22 konstakademi
355 1101 95 28 uppiylla
465 1102 38 21 sitt
519 1101 106 27 ändamål,
641 1104 45 19 tror
695 1102 37 27 jag
746 1101 123 22 densamma
879 1101 46 22 icke
936 1101 72 22 kunna

175 1130 91 21 inrättas
290 1130 40 21 och
354 1130 137 21 underhållas
513 1133 66 18 annat
601 1132 27 19 än
644 1131 48 20 med
708 1130 87 27 mycket
811 1133 58 18 stora
884 1130 122 21 kostnader.

176 1158 42 21 Det
240 1160 25 19 är
287 1159 27 26 på
335 1159 68 26 grund
423 1159 62 21 häraf
502 1165 45 15 som
564 1159 60 21 äfven
637 1159 37 26 jag
690 1159 88 21 förenar
792 1159 43 26 mig
851 1165 33 14 om
900 1165 107 15 reservan-

176 1189 71 19 ternes
262 1187 81 27 förslag
358 1189 32 20 att
406 1188 116 25 petitionen
537 1188 6 20 i
560 1187 60 27 fråga
635 1187 46 22 icke
693 1188 69 21 borde
774 1187 109 22 föranleda
893 1187 31 21 till
937 1188 69 26 någon

175 1215 76 27 åtgärd
267 1215 46 22 från
330 1216 191 26 Borgareståndets
536 1216 52 21 sida.

244 1272 58 22 Herr
320 1272 150 22 Jansson:
501 1273 10 21 I
532 1275 90 19 motsats
638 1273 31 21 till
685 1274 26 20 de
728 1273 67 21 ärade
811 1273 67 21 talare
894 1279 44 15 som
954 1279 52 20 upp-

174 1300 59 22 trädt
248 1304 58 19 emot
322 1302 147 20 betänkandet
483 1301 38 22 ber
533 1302 38 26 jag
586 1304 32 19 att
633 1302 22 21 få
670 1302 108 26 tillstyrka
793 1302 115 20 utskottets
920 1301 86 27 förslag.

175 1330 125 21 Detsamma
322 1330 40 21 har
384 1330 24 21 af
428 1330 105 22 utskottet
555 1330 69 22 blifvit
639 1330 23 21 så
678 1330 137 27 fullständigt
830 1330 134 26 motiveradt,
980 1336 26 14 en

174 1358 138 22 konstskolas
336 1359 108 27 betydelse
467 1358 32 22 för
521 1359 73 21 landet
617 1359 37 21 har
676 1359 70 21 blifvit
765 1359 23 21 så
804 1358 123 27 tillräckligt
942 1358 64 22 fram-

174 1386 78 28 hållen,
274 1390 32 19 att
328 1386 66 28 något
414 1388 71 20 vidare
502 1388 47 20 med
565 1387 98 22 afseende
680 1388 52 20 derå
748 1387 47 21 icke
811 1387 21 21 af
847 1387 41 27 mig
904 1386 104 22 behöfver

173 1416 93 21 anföras.

243 1473 57 21 Herr
315 1473 24 21 E.
356 1473 108 27 Bergh:
494 1468 68 26 Äfven
576 1472 37 27 jag
628 1479 61 15 anser
704 1473 46 27 mig
766 1472 75 28 pligtig
856 1475 32 19 att
903 1474 104 21 motsätta

173 1501 44 27 mig
239 1502 27 20 de
288 1502 75 26 talare,
387 1508 45 15 som
454 1502 63 27 yrkat
536 1502 27 26 på
585 1502 149 21 förkastandet
756 1502 24 21 af
801 1502 115 21 utskottets
932 1502 74 21 betän-
