1078 1781
177 124 42 20 660
425 128 178 22 Borgareståndet
619 129 53 16 1877.
697 129 14 16 4
723 128 48 20 Maj.

248 197 96 22 Härmed
359 197 118 22 afslutades
493 197 148 22 diskussionen
657 197 111 27 angående
777 191 13 37 $
814 198 9 19 1
838 196 6 21 i
857 195 149 28 lagförslaget
997 191 13 37 ;

177 231 49 16 men
247 227 6 20 i
275 226 106 21 anseende
400 225 71 22 dertill
487 228 32 19 att
534 226 93 21 klockan
643 226 65 21 redan
724 225 77 22 skridit
817 225 59 21 öfver
891 225 19 24 2,
926 225 81 21 beslöts

177 255 29 26 på
220 254 50 21 herr
285 255 59 21 vice
360 254 181 21 Talmannens
557 255 157 26 framställning
729 256 33 19 att
776 254 115 27 uppskjuta
902 253 48 22 med
961 259 45 15 om-

177 283 126 26 röstningen
327 283 90 21 rörande
440 289 80 16 samma
531 278 17 37 $
571 283 33 21 till
618 283 7 21 i
641 283 41 27 dag
697 282 148 28 eftermiddag,
860 282 28 22 då
902 288 105 16 samman-

178 311 72 22 trädet
265 311 69 22 skulle
350 311 112 22 fortsättas
478 312 91 21 klockan
586 311 27 28 !/,
630 313 18 20 6.

507 585 62 26 Den
587 585 19 26 4
623 585 56 35 Maj

180 654 29 21 kl.
230 656 12 19 6
266 654 167 27 eftermiddagen
455 655 111 21 fortsattes
590 654 192 28 Borgareståndets
800 653 33 22 till
848 654 7 21 i
871 654 41 27 dag
927 655 81 20 utsatta

180 683 226 27 plenisammanträde;
423 683 39 22 och
485 683 74 21 leddes
577 683 191 28 förhandlingarne
782 683 86 27 härvid,
881 679 66 37 såsom
970 689 38 14 un-

181 711 37 22 der
240 711 156 26 förmiddagen,
418 713 21 20 af
457 711 96 23 ståndets
569 713 57 20 vice
641 711 118 27 Talman,
776 712 69 21 Herr
860 711 148 26 Öhrnberg.

250 769 43 21 Vid
316 769 94 21 anstäldt
431 775 83 22 upprop
531 769 103 21 befunnos
649 769 67 27 öfrige
732 768 137 22 medlemmar
884 768 22 21 af
920 767 88 22 Ståndet

180 797 192 26 tillstädeskomne,
388 800 58 19 utom
462 798 81 21 Herrar
557 797 114 27 Lindberg,
688 797 129 27 Helsingius,
833 797 63 21 Forss
912 797 38 21 och
966 797 43 26 Ny-

180 826 54 25 stön,
250 826 20 21 J.
287 827 32 25 A.,
336 826 72 21 hvilka
423 826 22 21 af
459 826 94 26 orsaker,
569 833 45 14 som
630 826 6 21 i
652 825 132 28 protokollet
799 826 33 21 för
842 825 167 22 sammanträdet

180 855 7 20 i
211 854 41 27 dag
274 855 120 26 förmiddag
416 857 37 19 äro
476 855 139 26 antecknade,
639 855 45 21 icke
708 855 84 20 kunnat
807 854 79 21 infinna
902 854 36 27 sig,
954 856 55 19 samt

180 883 57 21 Herr
252 883 106 27 Dunajeff,
374 884 33 21 för
422 883 85 22 hvilken
522 883 71 22 förfall
609 883 47 22 icke
671 883 71 22 blifvit
758 883 99 21 anmäldt.

251 939 121 22 Fortsattes
388 941 47 21 med
450 941 155 27 behandlingen
622 941 22 22 af
657 941 158 22 Sammansatta
831 940 55 26 Lag-
902 939 38 22 och
953 939 56 22 Eko-

181 968 177 22 nomiutskottets
380 969 134 22 betänkande
537 970 40 21 N:o
601 971 11 19 2
629 970 6 21 i
651 969 115 26 anledning
782 969 23 21 af
817 969 60 20 Hans
892 968 118 27 Kejserliga

181 997 113 26 Majestäts
318 997 77 27 nådiga
416 998 131 27 proposition
571 999 109 26 angående
703 997 124 22 lösdrifvare
843 997 39 22 och
899 997 61 21 deras
975 996 35 21 be-

180 1025 110 27 handling,
307 1026 81 21 hvilket
404 1027 88 21 ärendes
507 1027 159 26 handläggning
681 1027 34 20 vid
731 1026 138 27 afbrytandet
881 1025 19 22 af
906 1025 104 22 samman-

181 1054 72 21 trädet
276 1055 7 20 i
306 1055 42 26 dag
366 1055 131 27 föremiddag
512 1055 24 22 så
551 1055 60 27 långt
627 1055 122 22 fortskridit
764 1056 32 19 att
811 1055 146 20 diskussionen
973 1060 36 15 an-

180 1082 83 27 gående
285 1083 15 27 &
325 1085 9 19 1
358 1083 6 21 i
387 1083 136 28 lagförslaget
546 1084 104 26 afslutats,
674 1090 49 15 men
747 1083 64 27 något
834 1083 70 21 beslut
920 1083 90 21 rörande

181 1117 81 15 samma
285 1111 12 28 $
313 1113 57 20 ännu
392 1112 45 21 icke
453 1113 68 21 blifvit
538 1113 22 21 af
574 1113 90 21 Ståndet
679 1112 88 26 fattadt,
782 1112 65 21 sedan
863 1112 49 21 herr
928 1111 81 26 Teng-

181 1141 89 20 ström
294 1147 28 14 nu
342 1140 102 22 förklarat
459 1141 32 26 sig
506 1141 50 27 vilja
572 1141 75 27 frångå
662 1142 36 21 det
714 1140 107 22 särskilda
836 1140 79 26 förslag
930 1140 32 21 till
978 1146 32 15 re-

181 1168 90 21 daktion
288 1169 22 21 af
324 1169 91 21 berörda
430 1170 19 27 S,
465 1176 44 15 som
525 1170 41 21 han
583 1171 67 20 under
665 1169 158 27 förmiddagens
836 1169 50 26 lopp
897 1169 113 25 framstält,

181 1199 56 19 samt
253 1197 6 21 i
276 1198 161 27 ifrägavarande
453 1199 33 20 del
502 1198 85 21 ansluta
601 1199 32 26 sig
648 1198 32 21 till
696 1199 41 20 den
754 1198 76 26 nädiga
845 1198 165 27 propositionen,

180 1225 126 22 framstälde
317 1227 49 20 herr
377 1227 57 21 vice
450 1227 174 25 Talmannen,
636 1227 27 27 pä
673 1227 69 27 grund
754 1226 24 21 af
786 1226 56 21 hvad
852 1226 7 21 i
871 1226 63 27 öfrigt
943 1225 68 22 under

181 1254 149 22 diskussionen
352 1255 69 21 blifvit
435 1256 48 21 med
498 1256 100 22 afseende
614 1256 13 21 å
643 1256 11 27 $
672 1258 9 19 1
699 1255 93 25 anfördt,
807 1255 34 21 till
857 1255 99 22 Ständets
975 1254 36 21 be-

181 1284 105 21 svarande
301 1284 94 26 följande
410 1285 170 27 propositioner:

251 1340 172 28 Proposition
445 1342 48 21 N:o
519 1343 20 20 1:
570 1342 38 24 De,
623 1348 46 15 som
684 1341 86 21 direkte
785 1341 49 27 vilja
849 1340 113 28 godkänna
977 1342 34 19 ut-

181 1369 93 21 skottets
290 1369 80 27 förslag
386 1370 31 20 till
433 1370 80 27 lydelse
529 1370 33 21 för
577 1370 12 27 $
606 1371 18 25 1,
645 1372 58 20 rösta
718 1370 36 26 ja;
772 1370 73 20 vinner
860 1370 40 26 nej,
915 1369 97 21 kommer

181 1399 33 19 att
236 1404 77 20 genom
337 1398 104 22 särskilda
464 1398 120 27 voteringar
599 1399 93 25 utredas,
708 1398 84 21 hvilket
807 1398 22 21 af
843 1398 27 21 de
885 1398 69 21 under
970 1398 41 21 dis-

180 1426 116 21 kussionen
312 1426 114 28 uppstälda
441 1428 124 26 motförslag
581 1427 53 22 skall
649 1427 72 21 såsom
732 1426 210 28 kontraproposition
954 1428 58 20 emot

181 1455 119 21 detsamma
315 1456 123 26 uppställas.

250 1512 163 28 Propositionen
429 1513 127 21 besvarades
572 1513 47 21 med
636 1512 159 27 öfvervägande
811 1512 40 27 nej.
