1078 1781
185 120 41 21 768
421 126 180 21 Borgareståndet
614 127 54 17 1877.
693 128 26 16 22
731 127 48 21 Maj.

253 194 162 28 Propositionen
431 195 126 22 besvarades
574 196 47 21 med
637 196 153 26 öfvervägande
803 196 33 26 ja.

254 254 199 27 Propositionen
470 254 45 21 N:o
532 256 21 19 2:
585 254 31 21 De
635 261 45 14 som
699 254 113 27 godkänna
835 254 177 21 Bankutskottets

185 282 86 26 förslag,
288 285 31 18 att
335 283 118 21 Ständerna
472 283 35 21 vid
527 283 141 21 innevarande
692 283 113 27 Landtdag
820 283 67 21 skulle
903 285 47 19 utse
966 282 45 21 åtta

185 311 198 26 bankfullmäktige,
406 312 35 20 två
463 311 32 21 för
518 311 73 27 hvarje
613 311 69 22 stånd.
705 311 38 22 och
767 312 46 26 fyra
828 312 136 26 suppleanter
979 311 33 20 för

185 339 55 24 dem,
255 339 103 22 likaledes
374 341 33 20 för
422 340 71 26 hvarje
509 341 69 25 stånd,
598 346 62 15 svara
673 341 37 26 ja;
727 340 73 21 vinner
815 340 49 27 nej,
881 345 60 16 anses
957 339 55 22 Bor-

185 369 137 25 gareståndet
338 368 63 21 hafva
417 368 86 21 beslutit
519 371 32 18 att
566 368 80 21 antalet
665 368 191 27 bankfullmäktige
872 369 39 20 och
927 368 83 26 supple-

185 399 61 18 anter
261 397 54 21 skall
332 397 96 21 förblifva
444 397 118 21 detsamma
577 403 45 15 som
639 397 137 21 härförinnan
792 397 51 21 eller
855 403 25 14 en
891 396 121 26 fullmäktig

185 425 38 21 och
240 427 32 19 tre
288 426 136 26 suppleanter
439 425 33 22 för
487 425 72 27 hvarje
576 425 72 22 Stånd.

253 482 162 27 Propositionen
438 483 127 21 besvarades
589 483 46 20 med
656 483 108 20 blandade
777 482 25 26 ja
818 482 39 21 och
873 482 48 27 nej;
938 482 6 21 i
960 481 50 27 följd

185 511 76 20 hvaraf
280 511 116 21 anställdes
416 512 130 26 omröstning
562 517 45 15 som
629 511 61 21 utföll
710 511 48 21 med
774 512 27 20 28
816 511 26 26 ja
858 513 44 18 mot
919 511 25 20 10
960 511 50 26 nej;

185 539 39 21 och
248 540 142 21 antecknades
406 540 6 21 i
429 540 55 26 förty
508 541 68 20 såsom
605 540 193 26 Borgareståndets
819 539 75 24 beslut,
918 541 32 19 att
966 540 46 19 åtta

185 567 201 27 Bankfullmäktige,
408 569 35 20 två
465 569 32 20 för
521 569 72 26 hvarje
617 568 73 26 Stånd,
714 568 68 21 skulle
803 568 21 21 af
838 568 117 21 Ständerne
979 567 33 21 för

185 597 176 20 nästkommande
376 596 151 28 femårsperiod
543 600 63 18 utses.

254 653 205 27 Propositionen
476 654 47 21 N:o
541 655 22 20 3:
595 654 42 21 Vill
660 654 180 27 Borgareståndet
863 656 32 19 att
918 653 94 21 Bankut-

185 682 92 21 skottets
293 682 154 27 framställning
462 683 6 20 i
484 683 114 26 anledning
613 683 22 20 af
644 683 35 20 det
694 683 23 20 af
726 683 156 26 Ridderskapet
893 682 39 21 och
944 681 66 22 Adeln

184 717 76 20 genom
277 711 196 26 protokollsutdrag
487 711 32 21 för
535 712 40 20 den
591 712 26 19 27
635 711 59 27 April
706 711 105 21 utskottet
824 711 123 21 meddelade
958 717 53 20 upp-

185 739 52 26 drag
253 740 54 20 skall
323 740 31 20 till
371 739 104 21 utskottet
489 740 169 21 återremitteras
674 740 47 21 med
737 740 130 26 uppmaning
882 741 32 19 att
930 740 82 20 utskot-

185 769 31 19 tet
240 769 66 20 måtte
328 768 77 26 afgifva
427 768 132 26 fullständigt
581 769 99 26 yttrande
704 769 39 20 och
768 769 78 25 förslag
869 774 33 15 om
924 768 38 21 och
979 767 32 21 till

185 796 55 21 hvad
257 797 77 26 belopp
350 797 69 26 någon
435 797 33 20 del
485 798 22 19 af
521 798 39 19 den
577 797 68 21 under
668 797 176 20 nästkommande
860 796 152 27 femårsperiod

185 825 125 21 emotsedda
325 826 82 20 vinsten
429 825 40 21 kan
492 825 30 21 till
544 825 136 21 bestridande
696 825 22 21 af
734 825 85 21 Statens
836 825 64 21 behof
914 825 98 26 dispone-

185 853 51 21 ras?
267 854 45 21 Den
330 854 36 20 det
381 853 35 21 vill
430 860 61 15 svare
504 854 36 26 ja;
558 854 39 21 den
612 854 35 21 det
663 854 45 21 icke
724 853 37 21 vill
778 859 60 16 svare
855 853 47 26 nej.
933 853 79 21 Vinner

185 882 40 27 nej
242 888 62 15 anses
327 883 158 26 ifrågavarande
507 883 154 26 framställning
679 883 46 20 icke
742 883 31 20 till
791 883 67 26 någon
874 882 75 27 åtgärd
966 881 46 22 från

185 911 101 21 Ståndets
302 911 46 21 sida
364 911 114 21 föranleda.

254 968 162 27 Propositionen
431 967 126 22 besvarades.
573 968 47 21 med
637 967 155 27 öfvervägande
807 967 47 27 nej.

254 1025 100 21 Härefter
370 1025 68 21 beslöt
449 1025 95 26 Ständet,
556 1025 27 26 pä
596 1025 56 21 Herr
662 1025 179 21 Talmannens
852 1025 72 21 derom
936 1024 76 28 gjorda

184 1053 160 27 framställning,
369 1056 31 19 att
422 1054 176 21 Bankutskottets
622 1055 116 20 berättelse
762 1054 5 20 i
792 1054 66 25 öfriga
880 1054 59 21 delar
966 1053 45 21 icke

184 1082 68 21 skulle
268 1082 32 21 till
317 1083 68 26 nägon
401 1082 74 27 ätgärd
491 1082 45 21 frän
553 1083 101 20 Ständets
670 1083 45 21 sida
732 1082 117 21 föranleda.

254 1213 56 22 Herr
325 1213 99 22 Lindelöf
437 1214 70 21 anhöll
524 1215 52 21 härä
591 1217 32 19 att
639 1215 32 21 för
687 1214 99 22 enskilda
801 1213 179 27 angelägenheter
992 1213 20 22 fä

185 1241 94 27 ledighet
303 1242 45 22 frän
372 1242 175 27 eftermiddagens
569 1244 163 25 sammanträde,
762 1243 84 21 hvilken
869 1242 99 22 anhällan
993 1242 23 22 af

185 1270 91 22 Ständet
291 1271 79 22 bifölls.

254 1328 173 22 Sammanträdet
449 1329 109 27 upphörde
581 1329 28 21 kl.
629 1329 27 27 !/,
668 1330 12 20 3
696 1336 18 14 e.
731 1335 28 15 m.
781 1329 66 26 jemte
870 1328 144 26 tillkännagif-

184 1356 68 22 vande
268 1359 32 19 att
316 1357 117 21 detsamma
448 1358 67 21 skulle
531 1358 109 21 fortsättas
656 1357 27 21 kl.
701 1358 29 26 1/,
747 1358 6 20 6
771 1364 18 14 e.
806 1364 27 14 m.
