1078 1781
275 115 180 21 Borgareståndet
468 116 55 17 1877.
547 116 12 16 7
572 116 64 20 April.
835 111 41 20 471

49 185 37 20 det
109 185 64 20 oäkta
197 184 75 21 barnet
291 184 130 27 berättigadt
437 186 32 19 att
484 184 59 21 ärfva
559 184 75 21 endast
649 184 39 21 den
705 184 110 27 egendom,
831 191 45 14 som

49 213 46 21 utaf
115 213 88 21 modren
226 213 46 21 icke
294 213 32 21 får
344 212 221 22 borttestamenteras,
589 212 69 21 skulle
680 219 47 15 man
744 213 85 21 komma
844 213 32 20 till

50 248 27 14 en
99 241 80 22 olikhet
203 241 88 21 emellan
314 241 67 21 lands-
400 241 39 22 och
455 241 110 26 stadsrätt,
581 241 40 21 och
637 241 59 21 detta
711 241 49 21 ville
771 241 106 22 utskottet

49 270 26 27 ej.
106 269 73 28 Enligt
199 269 102 22 stadsrätt
320 269 32 22 får
367 269 105 27 nemligen
488 270 76 21 endast
579 276 26 15 en
621 269 97 27 sjettedel
734 269 23 22 af
770 269 28 22 all
814 276 62 20 egen-

49 299 49 20 dom
121 299 217 25 borttestamenteras,
362 299 27 20 dä
412 299 52 20 barn
487 298 40 22 och
550 298 167 27 bröstarfvingar
739 297 54 22 lefva
815 298 61 21 efter.

48 327 95 22 Sälunda
163 327 96 22 äterstod
280 327 32 20 för
333 327 105 21 utskottet
458 327 47 21 icke
529 329 66 19 annat
613 329 27 18 än
662 329 32 19 att
716 327 105 21 fastställa
839 327 37 22 det

49 356 64 21 oäkta
128 356 86 21 barnets
226 355 87 22 arfsrätt
328 355 31 21 till
376 361 26 16 en
417 355 42 22 viss
475 355 82 22 mindre
573 355 34 22 del
622 357 44 20 mot
682 355 36 22 det
733 355 51 22 äkta
794 355 82 26 barnet,

48 384 39 21 och
103 385 69 21 denna
187 385 40 20 lott
242 384 120 21 bestämdes
378 384 32 21 till
427 384 87 21 hälften.

116 459 56 20 Herr
194 458 170 21 Fabritius:
395 459 41 26 Jag
458 459 40 21 har
520 458 75 28 begärt
618 459 62 20 ordet
700 459 76 21 endast
796 459 32 21 för
843 461 32 19 att

48 487 85 21 bemöta
155 487 41 21 den
212 487 20 21 af
247 487 49 21 herr
310 487 32 21 W.
358 487 79 27 Nystön
453 487 76 27 gjorda
544 487 166 27 anmärkningen
726 489 57 20 emot
798 487 76 22 stilise-

49 516 72 26 ringen
145 516 22 21 af
188 516 48 21 herr
259 516 133 26 Rosengrens
418 515 37 22 och
480 516 42 21 min
540 516 138 21 reservation.
714 516 49 21 Han
783 517 91 26 antydde

47 545 104 26 nemligen
174 546 32 19 att
228 545 107 26 uttrycket
357 543 64 28 ,aflar
436 551 48 15 man
501 545 52 20 barn
569 548 60 17 utom
651 545 132 26 äktenskap*
807 545 68 21 skulle

49 573 72 21 kunna
142 572 106 27 tillämpas
272 573 61 20 äfven
358 574 28 25 pä
404 573 53 21 barn
477 573 66 21 aflade
559 573 6 21 i
581 573 67 21 fästor
663 573 39 21 och
718 573 66 21 under
799 574 76 20 äkten-

48 601 122 27 skapslöfte.
201 601 71 26 Nägot
287 601 75 22 sädant
378 601 39 22 bör
432 602 46 21 icke
494 602 71 21 kunna
581 602 85 21 komma
681 601 6 21 i
703 602 64 26 fräga,
783 602 26 21 dä
825 601 49 22 häfd

49 629 22 22 af
92 630 133 27 fästegvinna
246 630 65 26 enligt
341 631 5 20 9
370 630 10 27 $
405 632 11 19 3
441 631 49 26 kap.
513 632 24 19 är
554 633 31 18 ett
601 631 124 26 äktenskap.
755 631 44 20 Der
814 630 61 21 heter

49 658 36 21 det
106 659 114 26 nemligen:
245 659 89 24 ,höfdar
355 665 48 15 man
425 659 31 21 sin
480 659 139 26 fästegvinna,
643 659 25 21 dä
690 661 23 19 är
734 659 36 21 det
790 661 31 19 ett
836 659 38 21 äk-

47 687 108 27 tenskap*.

115 761 56 21 Herr
191 761 146 22 Boström:
370 761 40 27 Jag
426 761 35 22 vill
478 762 75 21 endast
568 763 51 25 göra
635 768 25 15 en
676 761 139 27 anmärkning
830 764 44 19 mot

49 790 36 21 det
105 790 161 27 räkneexempel
281 796 45 15 som
342 790 39 21 här
396 790 70 21 blifvit
481 790 122 21 framstäldt
618 789 130 22 beträffande
764 790 109 21 uträknin-

47 825 40 19 gen
110 818 21 21 af
154 819 40 20 den
213 819 40 20 lott
268 825 45 15 som
329 819 67 21 skulle
413 819 120 21 tillkomma
549 821 30 19 ett
595 819 65 21 oäkta
675 819 52 21 barn
743 819 27 21 dä
785 819 88 21 modren

47 847 103 26 derjämte
173 847 39 22 har
234 847 51 22 äkta
307 848 58 20 barn.
397 847 85 22 Sädana
504 847 36 22 fall
564 848 71 21 kunna
655 848 102 27 jämföras
781 847 48 22 med
845 853 28 16 nu

47 875 99 26 gällande
167 876 131 26 stadganden
322 877 109 25 angäende
447 877 34 20 arf
495 877 54 20 efter
565 877 111 25 landsrätt,
692 877 37 20 där
744 876 130 27 arfsdelning

47 904 90 21 emellan
156 911 38 14 son
214 905 39 21 och
269 905 71 21 dotter
355 905 47 21 icke
417 907 38 19 äro
471 905 98 26 ovanliga
585 905 39 21 och
640 905 18 26 ej
674 905 66 21 heller
756 905 60 21 torde
832 905 42 21 för-

47 933 73 20 anledt
135 933 70 26 nägon
221 933 119 22 osäkerhet.

115 1001 56 22 Herr
193 1001 32 22 W.
247 1001 127 28 Nystön:
406 1001 47 22 Mot
475 1001 50 22 herr
547 1002 99 21 Boström
666 1001 34 22 vill
716 1002 35 27 jag
765 1003 52 26 göra
833 1001 40 22 den

50 1030 174 27 anmärkningen,
239 1032 32 19 att
287 1030 36 21 vär
338 1037 27 14 nu
376 1031 101 26 gällande
492 1031 35 26 lag
541 1030 109 27 uttrycker
660 1030 141 21 förhällandet
811 1030 63 21 emel-

47 1058 33 21 lan
103 1059 89 27 syskons
215 1058 106 22 arfslotter
344 1059 66 26 enligt
432 1059 107 22 landsrätt
561 1059 48 21 med
628 1059 92 26 följande
738 1059 47 21 ord:
803 1058 70 29 ,ärfve

47 1093 38 15 son
106 1088 35 20 tvä
157 1087 59 21 delar
231 1089 39 20 och
286 1087 71 22 dotter
372 1087 113 27 tridiung*.
516 1088 65 21 Detta
596 1088 84 27 uttryck
696 1088 81 21 lemnar
792 1088 17 26 ej
827 1093 45 15 rum

46 1115 32 21 för
100 1117 65 25 något
185 1116 152 27 missförstånd,
361 1116 112 21 hvaremot
491 1116 108 27 uttrycket
615 1117 5 20 i
636 1116 158 27 propositionen
810 1133 9 8 ,
824 1118 49 24 tage

46 1143 54 22 halft
116 1147 44 18 mot
175 1144 54 21 hvad
245 1144 74 22 barnet
335 1144 119 21 tillkomma
470 1145 49 21 bort
535 1151 34 15 om
585 1145 37 21 det
637 1146 6 19 i
659 1145 72 26 laggift
746 1147 52 24 säng
808 1144 65 22 afladt

45 1173 64 21 varit"
125 1173 68 21 måste
208 1173 127 21 missförstås
350 1173 40 22 och
406 1173 45 22 ledt
467 1173 32 22 till
515 1179 26 16 en
557 1175 58 20 orätt
629 1173 140 27 uppfattning.

113 1241 57 22 Herr
184 1241 181 27 Tengström:
396 1241 84 23 Endast
495 1243 66 26 några
577 1242 39 21 ord
631 1241 67 22 skulle
713 1242 35 26 jag
763 1242 27 21 be
805 1243 32 20 att
851 1242 22 22 få

44 1270 93 27 tillägga.
168 1270 40 26 Jag
222 1270 86 22 förenar
323 1271 42 26 mig
380 1270 48 22 med
444 1270 77 22 herrar
536 1270 100 22 Lindelöf
649 1270 39 22 och
704 1270 79 28 Nystén
799 1270 73 22 derom

44 1301 32 19 att
98 1299 117 21 utskottets
237 1300 83 26 mening
342 1299 46 21 icke
403 1299 42 21 kan
462 1299 63 22 hafva
541 1300 54 20 varit
610 1300 24 20 så
648 1305 45 15 som
709 1306 48 14 man
774 1299 22 21 af
809 1299 62 21 orda-

44 1326 93 28 lydelsen
159 1328 6 20 i
189 1328 10 26 $
216 1329 12 19 7
243 1328 68 21 skulle
327 1330 85 24 antaga,
428 1330 53 19 utan
497 1328 39 21 har
551 1328 105 21 utskottet
672 1328 155 26 otvifvelaktigt
843 1328 28 21 af-

44 1358 43 19 sett
111 1358 32 20 att
163 1356 36 21 det
214 1356 64 22 oäkta
293 1356 76 22 barnet
385 1356 54 22 skall
456 1359 51 24 taga
522 1356 47 22 half
582 1357 41 21 lott
638 1358 44 20 mot
697 1357 36 21 det
748 1357 57 24 äkta,
821 1356 51 22 eller

43 1386 92 20 tvärtom
159 1384 35 22 det
215 1385 49 21 äkta
280 1385 77 21 dubbel
373 1387 45 19 mot
433 1385 38 21 det
487 1386 70 20 oäkta.
587 1385 41 27 Jag
643 1385 95 21 anhåller
753 1386 72 20 derför
841 1386 31 20 att

43 1413 6 20 i
68 1412 101 22 händelse
188 1414 47 20 mitt
256 1413 100 27 yrkande,
378 1416 33 18 att
433 1413 50 22 hela
505 1414 90 23 tiraden,
611 1420 45 15 som
672 1414 113 21 innefattas
800 1414 7 21 i
823 1414 20 25 3,
859 1415 13 19 4

43 1441 40 21 och
105 1443 12 20 5
141 1442 89 21 raderne
252 1442 6 20 i
282 1442 34 27 &:n
340 1442 44 22 helt
408 1442 39 22 och
467 1442 68 22 hållet
549 1442 69 21 skulle
634 1443 56 26 utgå,
706 1442 45 22 icke
768 1442 68 22 blefve
851 1442 22 21 af

43 1469 90 23 Ständet
157 1470 115 27 godkändt,
296 1471 40 21 den
358 1471 91 26 ändring
472 1471 129 21 ätminstone
622 1472 66 20 mätte
702 1471 44 27 ske,
762 1477 45 15 som
823 1470 49 22 herr

42 1498 100 22 Lindelöf
156 1499 112 27 föreslagit.
