1078 1781
282 116 180 22 Borgareståndet
475 118 54 16 1877.
555 117 20 16 11
588 117 49 21 Maj.
851 113 39 22 701

133 186 43 21 Det
196 188 23 19 är
234 185 53 22 visst
302 187 69 24 sannt,
387 187 33 20 att
434 185 69 22 skulle
519 186 19 21 vi
553 192 76 20 genom
643 192 25 15 en
683 186 120 27 statsutgift
819 186 72 21 kunna

63 214 98 22 försäkra
182 221 34 14 oss
238 220 34 15 om
292 220 63 15 namn
374 214 86 26 sådana,
477 221 45 14 som
538 215 131 26 Runebergs,
685 215 52 21 eller
752 215 7 21 i
774 215 116 21 allmänhet

63 243 80 21 sådana
162 245 58 19 stora
239 249 69 20 namn,
329 249 45 14 som
391 244 76 25 utgöra
483 243 136 21 nationernas
635 245 43 23 ära,
694 243 23 22 så
732 249 51 15 vore
798 244 37 21 det
850 250 42 21 nog

65 271 46 22 skäl
133 273 33 20 att
187 271 53 22 offra
260 271 42 21 fast
322 271 106 21 millioner
446 271 73 27 derpå.
550 271 49 22 Men
620 278 75 20 genom
710 272 182 22 statselementar-

64 300 73 21 skolor
160 301 27 26 på
209 300 100 21 konstens
332 299 86 22 område
441 300 61 21 skola
523 300 20 21 vi
562 300 47 21 icke
624 302 52 25 göra
693 300 77 26 vidare,
787 302 26 20 än
830 301 62 22 locka

65 329 46 20 folk
132 331 33 19 att
185 328 85 21 försöka
291 328 38 26 sig,
351 329 40 20 och
412 328 69 21 ehuru
499 328 123 27 visserligen
644 328 81 27 möjligt
745 331 25 19 är
785 329 36 21 det
837 329 54 22 dock

65 357 85 27 mycket
165 357 91 25 osäkert,
273 363 33 14 om
323 357 61 21 deraf
396 357 61 21 skola
473 357 78 27 uppstå
568 357 71 22 såsom
654 357 100 27 produkt,
766 357 44 27 just
825 358 67 27 några

66 388 69 19 större
150 386 72 21 andar.
272 385 114 22 Åtminstone
402 385 63 22 hafva
481 385 75 22 hittills
572 386 25 21 de
613 388 59 19 stora
686 386 68 21 andar
769 387 6 20 i
791 387 101 21 konstens

65 415 66 25 verld,
153 421 45 14 som
222 413 114 22 framträdt
358 414 38 21 hos
420 420 34 15 oss
473 415 39 20 och
528 415 6 20 i
550 414 67 21 andra
634 414 79 25 länder,
729 415 97 26 uppstått
841 415 50 21 obe-

66 443 78 21 roende
171 442 60 21 deraf
253 444 32 20 att
308 442 72 27 dylika
402 442 190 22 elementarskolor
614 443 33 21 för
669 443 63 21 konst
754 443 138 22 understödts

65 471 24 22 af
103 471 81 22 Staten.

135 500 40 26 Jag
198 499 95 22 anhåller
311 499 83 22 derföre
410 501 32 20 att
458 500 145 21 betänkandet
618 500 66 21 måtte
699 499 112 27 förkastas,
827 499 64 22 intill-

66 529 49 21 dess
136 530 20 19 vi
178 528 72 21 kunna
265 528 66 21 tänka
346 528 27 27 på
388 530 32 19 att
435 529 63 26 lägga
513 529 96 26 grunden
623 528 32 21 till
670 535 26 14 en
712 529 91 26 egentlig
819 528 73 21 konst-

65 557 106 21 akademi.
194 569 27 3 —
240 557 41 26 Jag
303 557 55 20 hade
380 557 130 27 visserligen,
533 557 27 21 då
577 557 37 26 jag
630 557 6 20 i
652 557 105 21 utskottet
772 557 120 27 uppträdde

66 587 58 20 emot
146 585 150 26 betänkandet,
320 585 34 21 för
375 585 63 27 afsigt
454 588 33 19 att
502 585 84 26 föreslå,
603 586 36 21 det
654 585 19 21 vi
690 585 69 22 såsom
776 592 25 15 en
818 585 73 27 början

67 614 72 21 dertill
155 613 67 22 skulle
237 617 94 24 upptaga
346 616 32 19 ett
393 614 128 26 förfarande,
538 614 80 21 hvilket
634 614 106 21 användes
754 614 57 21 inom
827 614 65 26 några

67 643 74 21 länder
164 643 39 21 och
219 648 45 15 som
280 642 72 21 består
370 643 76 26 deruti,
463 645 33 19 att
511 643 75 21 Staten
601 643 71 21 anslår
687 649 64 20 gager
766 643 51 21 eller
833 643 60 20 löner

67 671 23 21 åt
113 671 141 22 framstående
269 671 132 24 konstnärer,
417 671 87 22 skalder
519 671 40 22 och
574 672 137 21 litteratörer.
741 671 49 21 Men
803 671 38 27 jag
856 677 38 15 var

67 699 47 22 icke
137 700 6 21 i
165 699 82 22 tillfälle
262 701 32 20 att
310 699 123 27 tillräckligt
447 700 102 21 utarbeta
565 702 31 19 ett
612 699 76 22 sådant
702 699 86 27 förslag,
803 699 40 22 och
856 700 37 26 jag

68 728 39 21 har
130 735 28 14 nu
181 729 55 20 blott
258 729 56 20 velat
335 730 113 19 omnämna
464 729 57 21 detta
539 728 80 27 förslag
633 728 69 21 såsom
718 730 32 19 ett
765 729 127 25 förfarande,

69 757 80 21 hvilket
171 757 7 21 i
199 757 31 26 sig
251 757 70 21 kunde
341 757 102 21 innebära
462 763 26 15 en
504 757 155 27 tillstymmelse
675 757 32 21 till
722 757 170 21 konstakademi.

69 786 49 21 Mitt
133 785 94 27 yrkande
242 785 38 26 går
295 785 85 22 derföre
395 785 33 22 för
443 786 133 21 närvarande
591 785 7 22 i
614 786 86 21 korthet
716 785 54 22 blott
786 788 23 19 ut
820 785 72 27 derpå,

68 816 33 19 att
115 814 201 27 petitionsförslaget
332 814 40 21 och
385 814 146 21 betänkandet
547 815 65 21 måtte
628 814 112 21 förkastas.

138 871 55 21 Herr
209 871 23 20 E.
249 871 105 26 Bergh:
385 871 56 21 Herr
464 871 103 27 Chydenii
589 871 116 21 anförande
728 873 24 19 är
771 877 25 15 en
811 871 82 27 ganska

69 899 87 27 lämplig
179 899 128 22 illustration
330 900 32 21 till
386 900 36 20 det
444 899 88 22 franska
550 899 126 22 ordstäfvet:
708 900 55 24 ,Det
784 900 56 25 goda
856 899 39 22 har

69 928 46 21 icke
131 928 68 27 någon
215 928 85 21 svårare
315 928 68 21 fiende
399 930 27 19 än
440 929 49 20 idén
500 935 34 14 om
545 931 31 18 ett
587 929 91 20 bättre."
709 929 55 20 Herr
774 928 121 27 Chydenius

69 959 25 18 är
117 957 49 26 böjd
186 957 32 20 för
240 959 32 18 att
287 957 69 21 lemna
372 959 32 19 ett
419 960 56 18 stort
491 957 74 26 anslag
580 957 23 21 åt
619 963 26 15 en
661 957 168 26 konstakademi,
847 963 46 14 men

69 985 42 21 han
127 985 36 20 vill
179 985 46 21 icke
240 985 70 21 lemna
325 988 31 19 ett
372 986 59 25 ringa
447 985 76 26 anslag
538 985 22 22 åt
576 991 25 15 en
618 985 54 22 efter
686 985 51 21 våra
747 985 146 21 förhållanden

69 1014 99 27 afpassad
188 1014 80 21 mindre
284 1014 250 26 undervisningsanstalt.
565 1014 48 21 Han
630 1014 104 21 erkänner
749 1016 32 19 att
796 1014 7 21 i
818 1014 77 21 konse-

69 1049 65 20 qvens
150 1042 86 21 dermed
246 1042 66 21 borde
323 1042 75 22 Staten
409 1043 140 26 understödja
559 1042 56 21 blott
626 1049 25 14 en
662 1042 233 26 vetenskapsakademi,

69 1077 48 15 men
133 1073 32 18 att
180 1071 57 21 såväl
253 1071 147 21 universitetet
415 1077 45 15 som
477 1071 101 21 skolorna
593 1071 66 22 borde
675 1071 124 27 uppehållas
814 1070 23 21 af
848 1071 47 20 sina

69 1099 102 21 alumner.
201 1099 65 22 Detta
281 1101 24 19 är
321 1099 122 27 visserligen
459 1107 26 14 en
501 1100 57 27 åsigt
571 1106 33 14 om
613 1099 85 22 hvilken
709 1099 60 22 äfven
779 1099 36 27 jag
826 1099 70 21 skulle

69 1128 74 21 förena
166 1128 43 27 mig
228 1128 72 21 såvida
320 1128 36 21 det
376 1128 75 21 funnes
468 1130 32 20 ett
515 1128 102 22 samhälle
632 1135 46 14 som
692 1128 34 26 jag
741 1128 55 27 finge
811 1128 85 26 organi-

70 1163 47 14 sera
138 1156 55 21 efter
214 1163 52 20 egen
286 1157 60 20 smak
366 1157 46 20 från
432 1157 69 21 första
525 1157 80 26 början,
627 1163 47 15 men
693 1159 71 24 tyvärr
780 1156 68 22 finnes
864 1156 32 21 till

69 1184 85 27 förfång
169 1184 33 21 för
216 1185 42 21 min
275 1185 213 26 organisationslusta
503 1185 108 26 åtskilliga
627 1185 57 22 förut
694 1185 115 22 bestående
820 1185 76 21 inrätt-

70 1214 81 26 ningar,
172 1213 53 21 efter
245 1213 70 22 hvilka
328 1213 37 28 jag
380 1214 33 21 får
428 1214 31 21 lof
473 1216 32 19 att
520 1216 57 19 rätta
593 1214 49 27 mig,
657 1214 39 21 och
712 1214 34 21 vid
762 1214 77 21 sådant
854 1213 42 21 för-

70 1242 99 22 hållande
185 1242 76 26 drager
274 1242 36 27 jag
324 1243 47 21 icke
387 1243 6 20 i
410 1243 136 21 betänkande
562 1245 38 23 att,
617 1243 27 21 då
659 1249 26 15 en
700 1243 55 27 gång
770 1243 43 21 alla
827 1242 69 21 andra

69 1271 74 21 skolor
165 1271 39 21 och
225 1271 265 27 undervisningsanstalter
516 1271 141 22 understödas
679 1272 22 20 af
722 1271 79 26 Staten,
824 1271 72 21 afvika

70 1299 47 21 från
141 1300 61 20 dessa
217 1300 147 26 aprioristiska
378 1300 239 21 nationalekonomiska
632 1301 137 26 grundsatser
784 1300 40 21 och
840 1302 57 19 rätta

69 1328 44 27 mig
135 1328 54 21 efter
212 1328 166 22 förhållandena.
408 1329 41 26 Jag
471 1329 86 25 sticker,
581 1329 69 21 såsom
668 1331 30 19 ett
714 1328 64 22 finskt
794 1328 104 26 ordspråk

68 1358 68 25 säger,
152 1356 75 27 fingret
242 1357 6 21 i
264 1357 87 21 marken
368 1357 39 21 och
423 1357 82 21 känner
521 1357 54 21 efter
591 1358 52 20 hvar
657 1358 37 26 jag
708 1359 24 19 är
748 1357 39 21 och
803 1359 46 19 tror
864 1359 33 19 att

69 1385 63 22 äfven
148 1386 42 20 alla
205 1386 61 20 dessa
282 1386 48 20 herr
345 1385 103 28 Chydenii
465 1386 133 21 theoretiska
613 1386 137 26 funderingar
765 1385 68 21 måste
849 1385 49 21 vika

69 1414 34 21 för
119 1414 36 21 det
170 1414 22 21 af
207 1414 41 26 mig
262 1414 110 27 påpekade
389 1414 80 27 vigtiga
486 1414 100 22 behofvet
601 1417 33 19 att
650 1414 136 26 understödja
802 1414 40 21 den
859 1414 39 21 all-

70 1444 78 19 männa
168 1442 144 26 konstnärliga
327 1442 123 27 bildningen
465 1443 7 21 i
489 1444 79 20 landet.
598 1443 41 27 Jag
653 1443 97 21 förordar
766 1442 83 22 derföre
865 1444 33 19 ut-

69 1471 93 21 skottets
185 1471 133 21 betänkande
342 1471 40 21 och
405 1472 35 20 vill
461 1472 58 21 blott
537 1472 70 20 erinra
627 1474 32 18 att
675 1472 59 21 detta
749 1472 75 20 endast
839 1472 7 20 i
862 1471 38 21 all-

70 1499 87 22 mänhet
179 1500 95 27 påpekar
295 1500 185 26 nödvändigheten
497 1500 22 22 af
533 1506 26 16 en
575 1500 79 22 anstalt
669 1500 33 21 för
716 1499 133 27 konstnärlig
864 1502 36 18 ut-
