1078 1781
175 122 41 20 562
408 120 179 22 Borgareståndet
600 120 54 20 1877,
678 121 28 17 24
718 120 64 22 April

174 196 43 21 kan
238 195 46 22 inse
307 195 108 22 hvarifrån
430 197 161 20 reservanterne
606 195 64 22 hafva
687 195 40 22 fått
744 195 68 22 denna
826 195 95 28 farhåga.
951 195 54 22 För-

174 224 85 27 gångna
274 224 66 21 tiders
355 223 122 22 erfarenhet
491 223 39 22 har
545 224 46 21 icke
606 223 62 28 gifvit
680 224 116 27 anledning
805 224 33 21 till
849 224 68 28 någon
928 225 76 25 sådan,

174 254 52 19 utan
249 254 93 20 tvärtom
358 252 40 22 har
412 252 70 22 denna
503 252 124 22 erfarenhet
642 252 55 22 visat
712 254 34 20 att
760 253 38 21 der
813 254 83 21 teatern
912 253 92 21 öfverlå-

175 281 39 21 tits
228 281 24 20 åt
266 281 41 21 den
330 280 96 22 enskilda
448 280 163 28 spekulationen
634 281 40 21 och
696 281 98 22 nedsatts
810 281 33 22 till
859 287 27 16 en
901 281 56 22 blott
972 281 30 22 af-

174 309 188 27 färsverksamhet,
378 310 38 21 der
431 310 74 21 endast
521 309 40 22 den
577 309 107 22 enskildes
706 309 56 22 vinst
778 311 63 26 utgör
856 310 40 21 den
912 309 92 22 ledande

176 338 92 26 faktorn,
282 338 46 27 just
343 340 32 19 ett
390 338 76 21 sådant
482 338 133 22 förhållande
630 339 55 20 varit
700 339 33 20 för
748 339 48 20 dess
808 345 66 15 sanna
887 338 63 22 frihet
962 339 41 21 och

175 366 122 27 utveckling
312 366 78 27 farligt.
414 367 41 21 För
470 367 65 27 öfrigt
552 366 107 23 förefaller
675 367 37 21 det
727 367 39 21 bra
777 367 141 28 förunderligt
928 369 32 20 att
970 367 33 21 uti

175 397 32 20 ett
221 395 57 27 land,
293 401 46 15 som
355 396 53 25 vårt,
424 395 38 22 der
476 395 107 26 skolorna,
600 395 58 22 detta
674 395 36 22 det
723 395 155 26 otvifvelaktigt
890 396 114 27 vigtigaste

176 424 192 27 bildningsmedlet,
392 424 190 21 omhänderhafvas
603 423 22 22 af
642 426 77 24 staten,
735 430 27 15 en
778 424 23 21 så
817 426 45 20 stor
876 424 128 27 ömtålighet

175 453 80 21 uttalas
277 452 34 21 för
332 454 94 19 teaterns
446 452 70 22 frihet.
547 453 42 21 Det
604 453 110 22 förefaller
729 452 43 27 mig
788 459 45 16 som
849 459 33 16 om
899 459 48 15 man
963 453 41 20 här

176 481 68 21 skulle
260 480 40 22 sila
315 487 63 21 mygg
393 481 39 21 och
447 481 66 27 svälja
528 481 101 22 kameler.
659 481 44 21 För
718 481 66 27 öfrigt
798 482 45 21 står
858 481 64 22 också
934 482 70 21 denna

175 511 171 20 reservanternes
369 509 88 27 farhåga
479 510 44 21 helt
545 510 40 21 och
607 510 67 21 hållet
692 512 60 19 utom
768 510 131 21 närvarande
915 509 89 28 förslag,

175 544 45 15 som
237 538 47 21 icke
298 538 39 27 går
352 541 24 18 ut
392 538 65 27 derpå
471 540 32 19 att
518 540 71 20 staten
605 538 55 21 skall
676 538 110 28 öfvertaga
800 542 90 23 teatern,
906 540 51 19 utan
968 545 35 14 en-

176 567 48 21 dast
240 569 32 19 att
288 567 40 21 den
344 567 71 21 såsom
438 567 75 21 hittills
534 567 55 21 varit
607 567 60 21 fallet
688 567 56 22 skall
759 567 138 27 understödja
912 569 91 19 teatern.

176 595 74 22 Skulle
265 595 61 21 äfven
342 597 171 20 reservanternes
536 596 54 21 teori
613 595 62 22 hafva
690 596 56 21 varit
762 596 43 21 lika
820 596 66 26 riktig
901 602 45 15 som
962 595 41 22 den

175 630 29 15 nu
219 626 25 19 är
258 624 85 27 oriktig,
360 624 23 21 så
398 623 67 22 skulle
481 625 40 20 den
537 625 54 21 dock
606 625 46 20 icke
668 624 7 21 i
691 625 61 21 detta
767 624 37 22 fall
819 630 51 15 vara
882 624 122 27 tillämplig.

176 652 33 22 Då
231 659 48 15 man
298 653 96 21 kommer
410 653 54 21 fram
486 653 47 21 med
550 660 25 14 en
591 653 79 22 allmän
693 653 103 22 teoretisk
812 653 57 27 regel
884 653 39 21 och
938 653 66 27 yrkar

174 681 30 26 på
218 684 33 19 att
266 681 40 21 den
322 681 54 22 skall
392 681 61 27 följas
468 681 7 21 i
490 681 89 28 princip,
595 682 24 21 så
634 681 32 22 får
682 688 48 15 man
747 682 46 21 icke
808 682 86 27 lösgöra
908 681 32 27 sig
955 681 48 22 från

176 710 26 21 de
217 709 115 22 bestående
352 709 168 27 förhållandena;
544 713 22 25 ty
581 711 61 27 eljest
658 710 122 27 äfventyrar
795 717 48 14 man
859 711 40 20 lätt
914 712 32 19 att
958 710 47 27 just

176 739 27 20 då
219 745 47 15 man
283 738 35 21 vill
335 738 36 21 det
386 740 57 19 rätta
466 738 125 22 framkallar
612 745 48 15 man
679 741 93 19 tvärtom
788 739 39 21 den
841 740 80 20 största
936 741 66 19 orätt-

175 767 50 21 visa.
256 767 28 21 Så
299 767 41 21 blir
355 767 110 27 verkligen
480 767 144 22 törhållandet
639 768 45 21 här.
714 768 42 27 Jag
771 767 42 22 kan
829 767 46 22 icke
891 767 113 22 underlåta

175 798 33 18 att
222 795 125 28 ytterligare
366 796 68 22 uttala
455 796 42 21 min
518 796 111 27 förvåning
645 796 98 21 deröfver
758 798 32 19 att
805 797 159 20 reservanterne
979 795 25 22 så

175 824 45 21 helt
243 823 40 22 och
304 824 67 21 hållet
394 824 63 21 hafva
479 825 30 21 uti
527 825 33 21 sin
579 825 131 21 reservation
733 825 99 21 förbisett
847 825 27 21 de
888 824 116 22 bestående

176 852 168 22 förhållandena.
375 853 31 20 De
430 855 47 19 veta
499 853 83 22 således
603 854 47 21 icke
672 855 33 20 att
724 853 56 22 både
801 853 42 22 den
858 853 90 21 svenska
962 853 41 21 och

175 880 69 23 finska
262 883 84 20 teatern
364 881 7 21 i
390 881 67 22 denna
475 882 48 21 stad
541 882 84 27 åtnjuta
641 882 179 25 statsunderstöd,
837 881 39 22 och
892 884 33 19 att
940 881 64 22 dessa

175 909 117 22 understöd
305 910 45 27 just
366 910 33 21 till
415 916 25 15 en
455 912 45 19 stor
515 910 35 22 del
565 911 147 26 upprätthålla
727 917 26 15 en
769 911 139 26 konkurrens,
922 916 45 15 som
979 912 25 19 är

176 938 201 27 förderfbringande
393 939 46 20 icke
455 939 54 21 blott
525 939 71 22 derför
611 941 32 20 att
658 939 103 22 konstens
776 945 67 15 sanna
858 939 40 21 och
908 939 95 26 verkliga

176 967 91 21 intresse
290 967 122 27 derigenom
429 967 58 27 löper
503 967 46 22 fara
564 970 33 19 att
612 968 27 26 gå
654 968 110 27 förloradt,
780 970 51 19 utan
847 967 62 22 äfven
925 973 77 21 genom

176 997 33 20 att
224 995 26 22 de
264 995 88 27 bidraga
368 997 32 20 att
415 996 104 27 upphetsa
542 997 172 26 partilidelserna
728 996 41 21 hos
784 1003 25 14 en
825 996 66 21 redan
908 995 56 22 förut
980 995 26 22 af

175 1024 203 27 språkstridigheter
393 1025 93 26 upprörd
502 1025 123 22 allmänhet.
654 1025 46 21 När
715 1026 161 20 reservanterne
886 1025 28 26 på
924 1024 40 21 sid.
976 1025 27 20 16

175 1054 68 25 yttra:
267 1053 53 24 (Att
335 1053 80 21 inrätta
430 1059 26 15 en
472 1055 125 20 statsteater
612 1054 51 21 eller
678 1060 70 15 annan
760 1053 93 22 likartad
860 1053 80 22 anstalt
952 1059 51 15 vore

175 1083 34 19 att
224 1065 108 47 uppställa
348 1081 40 22 den
409 1087 82 16 samma
505 1082 32 21 till
553 1084 32 19 ett
601 1082 116 28 stridsbyte
733 1082 34 21 för
782 1082 26 21 de
823 1081 128 22 härutinnan
966 1081 37 22 be-

175 1109 85 27 fintliga
275 1109 57 22 olika
347 1110 115 27 partierna,
483 1110 73 22 hvilka
571 1117 25 15 en
613 1111 52 21 hvar
680 1105 70 27 skulle
765 1111 52 21 söka
833 1112 32 19 att
880 1110 124 33 bemäktiga

175 1139 34 26 sig
224 1127 70 33 denna
309 1139 172 26 statsinrättning
497 1139 34 21 för
545 1141 33 20 att
593 1139 97 28 begagna
706 1140 124 21 densamma
845 1139 33 21 till
889 1139 45 21 sina
948 1142 54 18 mot-

175 1167 113 22 ståndares
310 1167 118 26 kufvande;
453 1167 36 22 det
508 1174 50 15 vore
573 1171 33 18 att
621 1168 70 27 hänga
705 1175 44 20 upp
766 1171 31 18 ett
809 1169 48 26 nytt
872 1167 132 28 täflingspris

175 1195 29 26 på
218 1198 82 19 statens
316 1196 60 21 deraf
392 1196 64 21 redan
472 1203 41 20 nog
529 1197 110 27 uppfyllda
654 1196 186 27 klättringsstäng.
871 1196 80 22 Sådant
964 1197 40 20 hör

174 1225 48 20 icke
238 1224 33 21 till
286 1231 25 15 en
328 1225 51 20 klok
394 1225 129 25 statskonst;
540 1227 92 20 tvärtom
648 1225 39 22 hör
702 1225 34 21 till
752 1231 26 15 en
793 1225 32 21 vis
840 1225 77 26 politik
932 1226 32 20 att
979 1225 26 21 så

175 1253 85 26 mycket
284 1260 45 14 som
353 1253 83 27 möjligt
458 1254 133 27 undanrödja
613 1254 39 22 och
675 1254 95 27 aflägsna
789 1253 166 27 anledningarne
970 1254 33 21 till

175 1282 51 21 tvist
242 1282 40 21 och
298 1282 124 26 förbittring
436 1282 57 22 inom
509 1282 121 26 nationen",
646 1295 28 3 —
688 1283 25 21 så
730 1282 80 22 förbise
826 1282 26 22 de
867 1282 89 22 alldeles
971 1284 33 19 att

172 1311 46 26 just
234 1310 36 22 det
286 1311 26 21 de
328 1310 66 22 önska
409 1313 33 19 att
456 1311 47 21 icke
518 1312 67 21 måtte
601 1312 44 25 ske,
661 1312 7 20 i
683 1311 77 27 sjelfva
775 1311 74 21 verket
863 1311 66 21 redan
945 1310 60 22 förut

175 1339 110 21 existerar.
316 1340 42 20 Det
381 1338 66 22 finnes
463 1340 65 21 redan
544 1346 26 15 en
586 1342 75 25 teater,
676 1340 33 21 till
725 1342 81 20 största
821 1339 61 22 delen
899 1339 105 22 bekostad

174 1367 22 21 af
210 1368 109 21 allmänna
342 1368 75 26 medel,
441 1368 40 21 och
501 1368 44 27 just
569 1369 70 21 denna
661 1371 69 19 teater
749 1370 64 26 utgör
828 1370 31 20 ett
874 1368 130 25 stridsäpple

174 1396 91 22 emellan
282 1397 39 21 den
338 1397 90 21 svenska
450 1397 41 21 och
513 1398 40 20 den
568 1397 69 22 finska
652 1403 75 15 scenen
744 1399 7 19 i
767 1398 60 20 detta
842 1396 56 26 land,
914 1396 40 22 och
966 1396 39 27 jag

174 1425 39 22 ber
236 1427 32 19 att
290 1425 7 21 i
317 1425 59 21 detta
399 1425 98 22 afseende
522 1426 21 21 få
567 1432 93 21 upprepa
683 1426 75 21 herrar
787 1427 145 20 reservanters
954 1425 50 21 ord:

172 1453 59 25 »Det
246 1454 40 20 hör
302 1453 32 22 till
350 1460 26 15 en
392 1454 31 21 vis
438 1454 77 26 politik
529 1456 32 20 att
577 1455 23 21 så
616 1454 84 28 mycket
715 1460 46 16 som
777 1454 83 27 möjligt
871 1453 134 27 undanrödja

173 1482 41 20 och
230 1482 94 27 aflägsna
340 1482 165 28 anledningarne
521 1482 32 22 till
567 1483 50 21 tvist
627 1483 39 21 och
678 1482 124 27 förbittring
813 1483 56 21 inom
881 1482 123 22 nationen.*

173 1510 44 22 Det
232 1512 25 20 är
270 1512 44 26 just
330 1511 27 27 på
374 1511 65 21 sådan
462 1512 68 26 grund
548 1512 38 27 jag
609 1518 61 15 anser
685 1512 120 26 petitionen
821 1511 183 26 behjertansvärd.
