1078 1781
186 118 41 20 546
426 122 178 21 Borgareständet
616 122 54 18 1877.
694 124 27 16 24
733 122 63 23 April.

186 191 37 20 der
245 190 68 22 finnes
336 191 37 20 det
395 191 128 22 åtminstone
539 191 67 22 fiskal.
636 191 137 22 Beträffande
788 191 49 21 herr
853 191 105 27 Procop6s
973 193 42 25 ytt-

187 219 65 21 rande
275 220 81 25 derom,
379 222 32 19 att
433 220 214 25 kronolänsmannen,
670 221 91 20 oaktadt
786 219 97 22 anmälan
906 220 48 21 sker
976 220 40 21 hos

186 247 84 25 honom,
292 248 54 21 dock
368 248 46 21 icke
433 249 82 26 uppbär
531 249 92 23 skatten,
640 248 36 21 ber
690 249 36 26 jag
743 251 32 18 att
791 249 20 20 få
827 248 112 21 framhålla
956 249 59 21 detta

185 277 69 21 såsom
279 278 31 19 ett
331 277 124 27 ytterligare
477 277 46 21 skäl
546 277 32 21 för
601 279 32 19 att
650 277 100 22 anmälan
766 277 67 21 borde
848 277 37 21 ske
901 277 39 21 hos
956 277 58 21 kom-

187 305 190 22 munalnämndens
398 305 127 22 ordförande
546 306 39 21 och
601 306 46 21 icke
663 306 39 21 hos
717 306 214 25 kronolänsmannen,
948 305 67 22 hvari-

185 339 75 20 genom
280 339 82 16 samma
378 334 122 26 auktoritet,
517 334 39 21 hos
572 334 84 22 hvilken
672 335 99 20 anmälan
786 337 69 24 göres,
870 334 60 21 äfven
946 334 69 21 skulle

185 361 106 22 utskrifva
307 363 39 20 och
362 363 96 26 uppbära
473 363 95 26 afgiften.

254 419 56 21 Herr
332 420 24 21 A.
378 419 172 28 Björkstén:
581 420 43 21 Det
645 420 39 21 har
708 420 136 21 tvifvelsutan
860 420 70 21 berott
946 419 26 27 på
988 425 26 15 en

185 447 129 27 missägning
330 448 22 21 af
366 448 49 21 herr
424 448 65 26 Julin,
499 448 27 21 då
537 449 41 20 han
589 448 71 21 anfört
671 451 32 18 att
713 449 57 20 förre
781 455 77 20 egaren
871 455 47 14 vore
930 447 82 28 skyldig

185 478 31 19 att
230 478 54 24 göra
298 476 100 21 anmälan
412 477 57 21 inom
485 483 25 15 en
526 477 71 21 vecka.
628 477 112 27 Förslaget
756 477 122 24 innehåller,
895 479 31 19 att
937 477 75 21 sådant

184 504 54 21 skall
260 505 38 21 ske
321 506 57 20 inom
402 512 25 14 en
449 506 84 21 månad.
564 506 32 21 De
619 505 23 22 af
662 506 51 21 herr
732 506 59 21 Julin
807 505 40 22 och
862 506 67 21 andra
945 505 67 22 talare

184 533 127 22 framhållna
331 533 118 22 motskälen
471 534 64 21 hafva
555 534 64 21 också
641 535 45 20 icke
702 535 23 21 af
739 535 42 26 mig
797 534 69 21 blifvit
881 534 130 25 förbisedda;

185 568 48 15 men
254 562 6 20 i
281 562 73 27 hvarje
375 562 101 22 händelse
496 562 113 22 förefinnes
624 563 7 21 i
646 563 12 27 $
675 563 13 21 3
704 569 25 15 en
746 563 117 27 otydlighet
878 563 6 20 i
900 563 23 21 så
939 563 73 25 måtto,

184 592 32 19 att
236 591 40 20 den
298 597 45 15 som
365 591 90 22 afhändt
473 591 30 27 sig
519 598 25 15 en
560 592 64 25 hund,
641 593 27 20 då
683 592 42 21 han
742 594 51 19 utan
808 591 73 22 tvifvel
896 591 47 21 icke
958 591 53 21 skall

184 619 112 21 underlåta
318 622 33 19 att
374 619 72 22 derom
469 620 6 21 i
498 620 31 21 tid
551 621 84 20 anmäla
656 620 32 21 för
704 623 32 18 att
752 621 67 27 under
834 620 36 21 det
885 620 127 21 kommande

183 648 47 21 året
252 654 51 15 vara
325 648 25 21 fri
374 648 48 21 från
445 649 141 26 beskattning,
609 649 46 21 icke
674 651 24 18 är
713 649 84 26 skyldig
812 651 32 19 att
859 649 105 26 redogöra
979 649 33 20 för

184 676 62 21 hvart
268 676 68 21 denna
358 677 58 20 hund
437 677 53 26 tagit
505 679 72 24 vägen.
609 677 33 22 Då
662 677 66 22 borde
744 678 34 20 väl
794 677 76 21 sådant
885 677 70 26 åligga
971 677 39 21 den

183 711 41 20 nya
247 705 136 26 hundegaren
406 705 24 22 så
452 706 84 27 mycket
558 712 45 15 mer
622 713 45 14 som
690 706 41 21 han
748 706 112 25 sannolikt,
877 707 68 20 såsom
962 706 50 21 herr

183 733 56 21 Julin
261 733 61 21 äfven
344 735 117 24 anmärkte,
485 735 112 26 emottagit
619 735 85 20 hunden
725 735 48 21 med
790 734 221 27 beskattningsmärke

183 767 34 16 om
234 762 80 21 halsen.
344 762 40 21 Till
400 769 25 14 en
441 763 65 21 sådan
522 763 98 21 anmälan
637 764 78 21 saknar
731 763 42 21 han
789 763 54 21 dock
853 763 119 27 anledning,
984 763 26 21 då

182 790 152 27 författningen
358 791 141 27 uttryckligen
522 792 96 21 frikallar
640 792 78 21 honom
742 791 98 26 derifrän,
857 792 89 21 oaktadt
958 792 52 21 hans

183 819 58 21 hund
264 819 48 21 med
335 819 37 22 sitt
396 820 220 27 beskattningsmärke
640 827 34 14 om
697 821 74 21 halsen
793 823 23 18 är
839 821 117 26 oätkomlig
978 821 32 20 för

182 848 89 26 polisen.
302 849 56 20 Herr
377 848 56 21 Julin
455 849 39 20 har
516 849 72 22 vidare
610 849 109 27 uppfattat
738 851 13 24 S
767 849 12 22 3
795 849 89 21 sålunda
899 855 45 15 som
960 855 49 15 vore

183 876 84 21 skatten
289 876 33 21 för
342 877 59 21 hund
420 877 73 27 erlagd
515 877 64 22 redan
595 878 28 21 dä
639 878 39 21 den
695 878 97 26 öfvergär
807 877 33 22 till
856 884 25 15 en
898 884 26 20 ny
940 884 68 19 egare.

181 905 10 21 I
207 905 60 21 detta
282 905 99 22 afseende
397 906 38 21 har
447 906 38 27 jag
500 913 25 14 en
541 906 45 21 från
602 907 50 21 herr
667 906 58 21 Julin
741 906 112 21 afvikande
868 906 140 27 uppfattning,

183 934 89 21 emedan
292 934 36 27 jag
348 934 85 21 förstätt
453 935 150 26 författningen
623 935 89 21 sälunda
727 937 33 19 att
775 935 84 21 skatten
875 935 53 20 först
943 935 67 21 under

182 962 121 27 päföljande
326 963 24 20 är
372 963 83 21 komme
478 965 31 19 att
524 964 113 26 uppbäras.
669 964 33 21 Dä
720 964 38 27 jag
776 963 95 26 sälunda,
886 964 46 21 icke
948 963 21 22 af
983 963 26 22 de

181 991 53 24 skäl,
253 997 45 15 som
320 991 68 22 blifvit
410 992 93 26 anförda,
520 992 69 21 funnit
608 993 41 26 mig
664 993 28 26 pä
708 993 65 24 nägot
788 994 43 19 sätt
847 992 82 21 rubbad
944 992 6 21 i
966 993 42 20 min

182 1019 147 27 öfvertygelse,
351 1020 37 21 ber
408 1020 37 27 jag
467 1023 32 18 att
519 1021 130 21 fortfarande
665 1021 21 21 få
701 1021 95 21 vidhålla
811 1021 48 21 mitt
872 1021 95 26 yrkande
982 1021 28 26 pä

181 1049 124 22 återremiss
320 1049 22 20 af
357 1049 88 22 ärendet
460 1049 6 21 i
483 1049 36 22 det
533 1049 22 22 af
570 1050 42 26 mig
627 1049 121 27 föreslagna
764 1049 69 28 syftet.

250 1105 56 22 Herr
325 1106 142 21 Boström:
498 1106 41 21 Till
559 1107 26 20 de
605 1107 46 21 skäl
672 1107 108 21 utskottet
800 1107 7 20 i
823 1107 37 21 sitt
875 1107 134 20 betänkande

180 1133 60 22 anför
261 1135 33 20 för
314 1137 32 18 att
366 1135 97 21 anmälan
486 1135 54 21 skall
561 1137 63 25 göras
643 1135 38 22 hos
697 1135 211 22 Kronolänsmannen
925 1135 35 21 vill
972 1135 37 27 jag

180 1162 88 27 tillägga
293 1165 31 19 att
347 1163 59 21 detta
428 1166 24 19 är
473 1164 24 21 sä
511 1164 84 27 mycket
611 1171 45 14 mer
671 1164 131 27 nödvändigt
817 1170 45 15 som
878 1165 36 20 det
930 1164 79 26 äligger

182 1191 145 27 länsmannen,
343 1192 7 21 i
366 1193 105 26 egenskap
487 1193 23 20 af
524 1193 148 24 krono-aktor,
688 1195 33 19 att
736 1193 71 21 utföra
823 1192 50 26 ätal,
886 1193 7 20 i
909 1192 100 21 händelse

180 1225 25 15 en
227 1220 66 21 sädan
314 1221 100 21 anmälan
433 1221 132 21 försummas.
596 1221 50 22 Man
668 1222 41 21 kan
730 1221 47 22 icke
798 1227 65 21 gerna
883 1221 78 26 begära
976 1223 32 18 att

179 1248 241 23 kommunalnämndens
435 1250 127 22 ordförande
578 1250 54 22 skall
647 1257 51 15 vara
713 1257 26 15 en
755 1250 66 22 sädan
837 1249 122 26 auktoritet,
970 1249 38 21 hos

181 1277 85 21 hvilken
282 1278 99 22 anmälan
398 1278 53 22 skall
466 1279 37 21 ske
519 1279 39 21 och
574 1281 32 19 att
621 1279 41 21 han
679 1279 27 27 pä
722 1285 81 15 samma
819 1279 55 26 gäng
888 1279 54 21 skall
958 1284 51 15 vara

179 1306 108 26 angifvare
310 1307 38 20 der
370 1307 98 21 anmälan
491 1308 133 24 försummas,
643 1308 27 21 då
690 1308 36 21 det
735 1307 76 27 likväl
831 1307 45 21 icke
892 1309 24 19 är
931 1307 77 21 honom

179 1334 79 22 tillätet
274 1337 32 19 att
322 1336 106 32 uppträda
443 1337 69 21 såsom
527 1336 107 32 åklagare.
659 1336 56 22 Herr
731 1336 97 26 Ohbergs
843 1336 115 26 påstående
974 1341 34 15 om

181 1362 140 27 Magistraten
344 1364 7 20 i
374 1365 99 21 städerna
495 1371 62 15 anser
573 1365 36 27 jag
625 1365 46 21 icke
686 1365 93 32 förtjena
794 1365 65 26 något
874 1364 134 26 bemötande,

179 1391 28 21 då
229 1392 37 21 det
281 1393 61 21 torde
357 1399 51 15 vara
424 1394 31 20 för
471 1400 26 14 on
513 1393 52 21 hvar
582 1394 86 26 bekant,
683 1396 33 19 att
731 1394 6 20 i
754 1394 26 20 de
795 1393 78 27 städer,
890 1393 38 21 der
942 1392 67 22 Polis-

179 1419 109 23 kammare
305 1421 46 21 icke
367 1421 72 25 finnes,
455 1422 148 27 Magistraten
610 1424 24 19 är
649 1406 245 52 öfverpolismyndighet.
924 1421 34 21 Då
973 1421 35 21 det

177 1449 101 27 möjligen
298 1450 71 21 kunde
390 1450 115 22 intressera
521 1450 49 22 herr
590 1446 91 32 Öhberg,
696 1450 32 22 får
741 1451 38 26 jag
794 1450 102 26 derjemte
911 1449 97 27 upplysa,

177 1479 32 19 att
230 1484 26 15 en
279 1478 77 27 mängd
378 1479 66 21 andra
460 1479 65 27 högre
541 1479 203 27 polismyndigheter
760 1478 61 22 äfven
836 1478 77 27 finnas;
929 1478 79 22 sådane

177 1507 38 20 äro
232 1508 14 19 t.
264 1513 38 15 ex.:
318 1509 140 25 guvernören,
474 1508 218 26 generalguvernören
708 1514 18 16 o.
744 1514 16 15 s.
776 1514 19 14 v.
