1078 1781
181 118 42 24 504
415 126 178 21 Borgareståndet
606 126 54 18 1877.
686 126 22 17 17
719 126 64 21 April.

181 195 125 21 återstoden
321 194 22 21 af
358 195 42 20 284
416 194 65 22 mark.
497 195 41 26 Jag
553 195 123 21 hemställer
691 195 33 21 till
740 195 96 26 Ståndet,
853 201 33 15 om
902 195 58 21 detta
970 195 42 22 kan

182 229 62 16 anses
260 223 189 22 öfverensstämma
464 224 48 21 med
527 223 94 27 naturlig
635 223 97 28 billighet
748 223 39 22 och
803 223 83 22 fadrens
904 230 108 21 presume-

182 252 52 21 rade
250 251 54 27 vilja.

252 280 41 21 Till
315 280 26 21 de
364 281 66 20 redan
445 280 22 21 af
481 280 42 27 mig
538 280 89 21 anförda
645 280 303 27 redaktionsförändringarna
964 281 21 21 af
999 282 14 19 4

183 309 40 21 och
246 310 12 19 5
274 309 28 26 $$
318 309 13 21 9
346 309 50 26 kap.
412 309 24 22 G.
452 309 31 26 B.,
500 309 70 21 hvilka
585 309 69 21 blefve
669 309 85 26 nödiga,
774 309 6 21 i
797 309 99 22 händelse
912 309 100 22 hustruns

182 339 45 20 rätt
250 337 32 21 till
304 337 151 27 morgongäfva
475 337 130 22 utsträektes
624 337 32 22 till
672 338 26 21 de
714 337 45 26 fall,
776 338 26 21 då
818 344 90 15 mannen
923 337 45 22 icke
984 338 28 21 ef-

182 365 118 22 terlemnar
322 366 60 25 barn,
406 366 67 22 skulle
491 366 124 27 ytterligare
630 367 85 20 komma
730 373 27 14 en
773 366 66 21 sådan
854 367 32 20 uti
902 369 11 18 7
930 366 46 27 &:en
992 366 23 21 af

182 401 82 15 samma
279 394 87 27 kapitel,
382 394 85 22 hvarest
483 395 66 21 orden
564 395 91 26 ,barnen
670 395 63 21 eller"
749 395 67 21 borde
831 395 58 26 utgå.
910 395 50 21 Med
975 401 37 14 an-

183 423 87 26 ledning
291 423 21 21 af
334 423 40 21 den
395 423 23 21 af
437 426 76 19 tvenne
534 423 67 22 talare
616 423 74 27 gjorda
705 423 142 27 anmärkning
862 426 56 19 emot
933 423 79 27 Lagut-

183 451 93 22 skottets
299 451 85 27 förslag,
400 454 32 19 att
448 452 39 21 den
509 452 43 21 lika
567 452 123 27 giftorätten
706 452 68 21 skulle
790 452 83 21 inträda
889 453 60 20 äfven
964 453 6 20 i
986 451 28 22 de

183 480 127 27 äktenskap,
327 487 45 14 som
388 480 68 21 blifvit
472 480 104 22 afslutade
591 481 45 21 förr
651 483 26 18 än
694 481 40 21 den
746 481 107 21 blifvande
861 480 151 27 författningen

183 509 59 20 trädt
265 509 6 20 i
294 509 98 26 gällande
415 509 62 26 kraft,
501 509 36 21 ber
547 509 37 26 jag
600 512 31 18 att
646 509 21 22 fä
683 509 76 24 erinra,
775 511 33 19 att
823 510 37 20 det
875 509 38 22 här
928 509 45 22 icke
988 511 25 20 är

183 537 61 27 fräga
260 543 34 16 om
310 540 32 19 att
357 538 75 26 utbyta
447 544 26 15 en
489 537 112 27 olägenhet
617 540 56 19 emot
689 544 25 15 en
731 544 76 15 annan.
822 538 33 21 En
867 538 65 21 sädan
944 539 69 20 retro-

183 565 59 22 aktiv
266 566 147 27 utsträckning
428 566 22 21 af
463 566 73 25 lagens
552 566 132 27 tillämpning
700 573 50 14 vore
767 573 26 14 en
809 566 109 27 uppenbar
934 566 78 21 kränk-

184 594 50 27 ning
257 595 23 20 af
300 595 66 21 redan
382 601 69 15 vunna
467 595 126 26 rättigheter
609 595 38 22 och
664 595 67 21 skulle
747 595 107 21 förnärma
869 595 67 26 tredje
952 601 60 15 mans

183 625 51 19 rätt.
252 623 49 22 Man
318 623 41 21 kan
376 623 94 22 deremot
486 623 45 21 icke
547 624 43 21 tala
605 630 34 15 om
656 630 24 15 en
696 623 41 22 slik
754 623 119 27 kränkning
885 630 74 18 genom
972 624 39 20 den

183 651 125 27 förändring
328 652 7 21 i
359 653 83 20 makars
465 652 102 26 giftorätt,
592 658 44 15 som
653 652 68 21 blefve
738 659 26 14 en
780 652 52 27 följd
848 653 22 20 af
880 653 60 20 deras
954 651 57 28 flytt-

183 681 51 26 ning
250 679 46 22 frän
312 681 68 20 stads-
396 681 32 20 till
444 680 161 21 landskommun
625 681 52 21 eller
698 683 100 22 tvärtom,
821 683 23 24 ty
859 681 69 21 denna
943 680 69 21 förän-

184 709 61 26 dring
261 709 39 21 har
315 709 22 21 af
352 715 25 15 en
393 709 51 21 hvar
460 709 48 21 bort
521 709 38 21 och
576 709 80 22 kunnat
671 709 98 22 förutses.
792 709 10 22 I
818 710 60 21 detta
893 709 35 21 fall
944 709 68 21 skulle

185 737 104 26 deremot,
300 737 70 22 sävidt
383 737 37 27 jag
434 737 79 22 förmär
528 738 50 27 inse,
592 744 68 15 vunna
676 738 127 27 rättigheter
812 738 106 27 verkligen
927 738 85 21 komma

184 767 32 20 att
231 766 95 21 kränkas
340 773 77 19 genom
432 767 40 20 den
488 766 118 27 föreslagna
621 767 131 21 retroaktiva
763 767 159 27 tillämpningen
934 766 21 21 af
962 766 50 21 ifrä-

184 795 120 26 gavarande
320 795 119 26 lagförslag.

254 851 56 22 Herr
325 852 132 21 Boström:
488 852 46 21 Den
551 853 107 25 orättvisa,
674 852 139 27 lagförslaget
829 852 55 21 afser
894 854 32 19 att
933 852 79 21 undan-

184 880 68 26 rödja,
274 880 60 21 torde
358 887 50 15 vara
429 882 24 20 sä
474 881 88 21 allmänt
583 881 72 21 insedd
676 884 31 18 att
723 881 75 21 derom
814 881 48 26 föga
876 883 24 19 är
915 882 32 19 att
962 883 51 24 säga

185 909 39 21 och
240 909 54 21 allra
314 909 63 21 minst
392 909 60 22 torde
471 909 145 22 ledamöterna
631 910 6 20 i
653 910 59 21 detta
728 910 75 23 Ständ,
819 915 45 16 som
880 909 65 22 redan
960 909 53 21 kän-

184 944 38 15 ner
237 937 27 22 de
272 937 98 25 fördelar,
384 937 71 22 hvilka
471 938 39 21 den
527 937 42 22 lika
584 938 62 27 gifto-
662 939 38 21 och
716 938 115 21 arfsrätten
848 938 86 24 medför,
951 937 63 22 hafva

184 968 33 19 att
232 967 104 20 anmärka
352 967 64 26 nägot
431 967 102 20 deremot.
559 967 40 25 Jag
615 967 80 26 hoppas
712 967 78 24 derför,
807 969 32 18 att
854 967 64 26 nägot
934 969 78 22 votum,

183 995 130 21 ätminstone
328 995 55 20 hvad
399 995 107 27 principen
522 995 105 26 beträffar,
643 996 45 21 icke
704 995 54 22 skall
774 995 57 21 inom
856 995 89 22 Ständet
968 995 46 21 der-

185 1025 61 19 emot
261 1023 66 27 höjas.
343 1023 42 21 Det
400 1025 24 19 är
439 1025 64 20 också
518 1024 75 21 endast
608 1024 47 21 med
670 1024 100 21 afseende
786 1025 13 20 å
813 1023 115 22 utskottets
937 1023 78 27 förslag

185 1058 34 15 om
235 1052 157 26 morgongäfva,
408 1058 44 15 som
469 1053 66 26 nägra
550 1053 162 26 anmärkningar
725 1053 69 20 blifvit
805 1052 81 27 gjorda,
897 1052 71 21 hvilka
976 1052 38 27 jag

184 1080 65 21 likväl
266 1081 32 20 för
313 1081 42 20 min
372 1080 34 21 del
422 1081 46 21 icke
483 1081 41 21 kan
540 1081 118 26 godkänna.
678 1081 32 21 De
720 1081 55 26 skäl,
787 1081 153 27 Lagutskottet
951 1081 63 21 fram-

184 1109 75 21 ställer
275 1109 32 21 för
323 1109 176 26 morgongäfvans
514 1109 148 22 bibehällande
677 1111 6 20 i
700 1110 25 21 de
742 1110 24 21 af
777 1110 107 21 utskottet
895 1109 119 27 föreslagna

184 1137 72 28 fallen,
278 1144 62 15 anser
356 1138 36 26 jag
408 1144 50 15 vara
473 1138 47 21 fullt
536 1138 148 27 öfvertygande
700 1139 40 20 och
757 1139 27 20 dä
797 1139 36 26 jag
849 1138 70 21 dertill
934 1138 80 27 ytterli-

185 1172 51 21 gare
260 1167 72 26 lägger
354 1167 40 20 den
416 1167 83 26 dagliga
518 1166 152 25 erfarenheten,
687 1167 41 21 kan
742 1167 38 26 jag
796 1167 45 21 icke
857 1169 71 24 annat,
944 1169 26 18 än
986 1167 28 26 pä

185 1195 36 20 det
243 1195 75 26 högsta
338 1195 107 26 tillstyrka
466 1195 175 26 morgongäfvans
663 1195 151 22 bibehållande
830 1196 6 20 i
853 1195 40 21 den
908 1195 105 21 utsträck-

184 1223 50 26 ning
249 1223 105 22 utskottet
370 1223 113 26 föreslagit.
505 1224 103 26 Dagligen
623 1230 35 15 ser
673 1231 47 14 man
737 1224 106 27 nemligen
859 1224 53 21 huru
923 1230 25 15 en
960 1224 54 21 enka

184 1252 82 22 lemnas
287 1252 5 21 i
316 1252 73 21 armod
410 1252 39 22 och
471 1252 110 27 fattigdom
598 1255 38 19 när
651 1253 79 21 hennes
747 1260 49 14 man
811 1253 61 21 faller
888 1253 70 21 undan
974 1252 39 22 och

184 1280 102 22 hurusom
302 1280 131 27 arfvingarne
448 1284 52 18 utan
516 1281 40 21 näd
572 1281 39 21 och
627 1282 107 21 misskund
753 1282 139 26 undandraga
907 1287 25 15 en
948 1281 65 21 sädan

185 1309 54 21 enka
261 1310 38 20 allt
321 1309 198 33 underhällsbidrag
537 1310 7 20 i
560 1310 99 21 händelse
675 1310 106 22 dödsboet
797 1316 49 21 eger
862 1312 14 18 t.
892 1316 30 15 ex.
940 1310 74 21 endast

184 1338 114 27 arfvejord,
313 1338 60 21 hvari
389 1338 68 22 enkan
473 1339 61 26 ingen
550 1338 96 26 giftorätt
655 1338 38 22 fär.
710 1340 45 24 Att,
772 1339 69 21 sävidt
854 1338 37 22 ske
902 1339 48 26 kan,
960 1338 53 21 före-

184 1366 70 28 bygga
276 1367 76 21 sädant
375 1372 62 16 anser
459 1367 36 27 jag
516 1373 51 15 vara
587 1368 48 20 med
656 1368 40 20 den
712 1368 78 26 högsta
806 1368 88 20 rättvisa
909 1351 105 47 förenadt.

184 1395 41 27 Jag
249 1396 41 20 kan
311 1395 45 21 icke
379 1395 66 21 heller
468 1395 56 22 finna
546 1398 32 18 att
599 1396 179 26 morgongäfvans
793 1396 105 26 utgäende
914 1395 6 21 i
936 1395 25 21 de
977 1395 37 21 fall

184 1407 108 47 utskottet
314 1423 110 27 föresiagit
445 1424 68 22 skulie
532 1424 62 22 träda
611 1425 81 26 någons
707 1426 45 20 rätt
767 1424 34 22 för
816 1427 44 19 när.
892 1424 43 21 För
950 1424 64 27 öfrigi

184 1451 40 21 har
232 1452 152 27 Lagutskottet
392 1452 45 22 icke
453 1455 70 19 ansett
538 1453 31 27 sig
584 1453 52 21 böra
645 1453 61 27 ingäi
716 1454 72 26 någon
797 1453 153 21 vidsträcktare
958 1452 56 28 pröf-

184 1480 53 27 ning
257 1482 23 20 af
299 1482 80 26 frågan,
403 1481 88 21 emedan
514 1481 36 21 det
573 1481 26 21 då
621 1482 54 21 hade
690 1481 72 21 blifvit
778 1481 22 21 af
815 1482 75 26 nöden,
906 1483 32 19 att
952 1482 6 20 i
974 1481 40 21 och

185 1509 48 21 med
257 1510 117 21 detsamma
397 1509 100 22 förändra
519 1510 143 27 hvarjehanda
677 1510 87 27 lagbud,
781 1510 85 22 hvartill
882 1510 40 22 den
938 1510 77 27 nådiga
