<?xml version="1.0" encoding="UTF-8"?>
<alto xmlns="http://www.loc.gov/standards/alto/ns-v3#" xmlns:xlink="http://www.w3.org/1999/xlink" xmlns:xsi="http://www.w3.org/2001/XMLSchema-instance" xsi:schemaLocation="http://www.loc.gov/standards/alto/ns-v3# http://www.loc.gov/alto/v3/alto-3-0.xsd">
	<Description>
		<MeasurementUnit>pixel</MeasurementUnit>
		<sourceImageInformation>
			<fileName>/tmp/tess_5vzpej1b_input.PNG</fileName>
		</sourceImageInformation>
		<OCRProcessing ID="OCR_0">
			<ocrProcessingStep>
				<processingSoftware>
					<softwareName>tesseract 5.3.4</softwareName>
				</processingSoftware>
			</ocrProcessingStep>
		</OCRProcessing>
	</Description>
	<Layout>
		<Page WIDTH="1078" HEIGHT="1781" PHYSICAL_IMG_NR="0" ID="page_0">
			<PrintSpace HPOS="0" VPOS="0" WIDTH="1078" HEIGHT="1781">
				<ComposedBlock ID="cblock_0" HPOS="182" VPOS="166" WIDTH="583" HEIGHT="27">
					<TextBlock ID="block_0" HPOS="182" VPOS="166" WIDTH="583" HEIGHT="27">
						<TextLine ID="line_0" HPOS="182" VPOS="166" WIDTH="583" HEIGHT="27">
							<String ID="string_0" HPOS="182" VPOS="166" WIDTH="41" HEIGHT="21" WC="0.96" CONTENT="758"/><SP WIDTH="184" VPOS="166" HPOS="223"/>
							<String ID="string_1" HPOS="407" VPOS="170" WIDTH="180" HEIGHT="23" WC="0.92" CONTENT="Borgareståndet"/><SP WIDTH="13" VPOS="170" HPOS="587"/>
							<String ID="string_2" HPOS="600" VPOS="172" WIDTH="53" HEIGHT="17" WC="0.95" CONTENT="1877."/><SP WIDTH="25" VPOS="172" HPOS="653"/>
							<String ID="string_3" HPOS="678" VPOS="172" WIDTH="26" HEIGHT="17" WC="0.96" CONTENT="22"/><SP WIDTH="13" VPOS="172" HPOS="704"/>
							<String ID="string_4" HPOS="717" VPOS="172" WIDTH="48" HEIGHT="21" WC="0.96" CONTENT="Maj."/>
						</TextLine>
					</TextBlock>
				</ComposedBlock>
				<GraphicalElement ID="cblock_1" HPOS="199" VPOS="199" WIDTH="534" HEIGHT="5"></GraphicalElement >
				<ComposedBlock ID="cblock_2" HPOS="179" VPOS="239" WIDTH="831" HEIGHT="1343">
					<TextBlock ID="block_1" HPOS="179" VPOS="239" WIDTH="831" HEIGHT="1343">
						<TextLine ID="line_1" HPOS="251" VPOS="239" WIDTH="757" HEIGHT="28">
							<String ID="string_5" HPOS="251" VPOS="240" WIDTH="33" HEIGHT="21" WC="0.96" CONTENT="Då"/><SP WIDTH="20" VPOS="240" HPOS="284"/>
							<String ID="string_6" HPOS="304" VPOS="240" WIDTH="37" HEIGHT="27" WC="0.96" CONTENT="jag"/><SP WIDTH="23" VPOS="240" HPOS="341"/>
							<String ID="string_7" HPOS="364" VPOS="239" WIDTH="93" HEIGHT="22" WC="0.96" CONTENT="härefter"/><SP WIDTH="26" VPOS="239" HPOS="457"/>
							<String ID="string_8" HPOS="483" VPOS="239" WIDTH="38" HEIGHT="26" WC="0.96" CONTENT="går"/><SP WIDTH="22" VPOS="239" HPOS="521"/>
							<String ID="string_9" HPOS="543" VPOS="241" WIDTH="32" HEIGHT="20" WC="0.96" CONTENT="att"/><SP WIDTH="22" VPOS="241" HPOS="575"/>
							<String ID="string_10" HPOS="597" VPOS="240" WIDTH="77" HEIGHT="21" WC="0.96" CONTENT="beröra"/><SP WIDTH="16" VPOS="240" HPOS="674"/>
							<String ID="string_11" HPOS="690" VPOS="241" WIDTH="39" HEIGHT="20" WC="0.97" CONTENT="den"/><SP WIDTH="17" VPOS="241" HPOS="729"/>
							<String ID="string_12" HPOS="746" VPOS="240" WIDTH="34" HEIGHT="21" WC="0.96" CONTENT="del"/><SP WIDTH="16" VPOS="240" HPOS="780"/>
							<String ID="string_13" HPOS="796" VPOS="240" WIDTH="21" HEIGHT="21" WC="0.93" CONTENT="af"/><SP WIDTH="14" VPOS="240" HPOS="817"/>
							<String ID="string_14" HPOS="831" VPOS="241" WIDTH="177" HEIGHT="21" WC="0.91" CONTENT="Bankutskottets"/>
						</TextLine>
						<TextLine ID="line_2" HPOS="182" VPOS="268" WIDTH="826" HEIGHT="27">
							<String ID="string_15" HPOS="182" VPOS="269" WIDTH="122" HEIGHT="24" WC="0.96" CONTENT="berättelse,"/><SP WIDTH="22" VPOS="269" HPOS="304"/>
							<String ID="string_16" HPOS="326" VPOS="275" WIDTH="43" HEIGHT="14" WC="0.95" CONTENT="som"/><SP WIDTH="24" VPOS="275" HPOS="369"/>
							<String ID="string_17" HPOS="393" VPOS="268" WIDTH="118" HEIGHT="21" WC="0.95" CONTENT="innehåller"/><SP WIDTH="22" VPOS="268" HPOS="511"/>
							<String ID="string_18" HPOS="533" VPOS="268" WIDTH="107" HEIGHT="27" WC="0.96" CONTENT="åtskilliga"/><SP WIDTH="22" VPOS="268" HPOS="640"/>
							<String ID="string_19" HPOS="662" VPOS="269" WIDTH="126" HEIGHT="21" WC="0.96" CONTENT="uttalanden"/><SP WIDTH="15" VPOS="269" HPOS="788"/>
							<String ID="string_20" HPOS="803" VPOS="269" WIDTH="6" HEIGHT="20" WC="0.96" CONTENT="i"/><SP WIDTH="16" VPOS="269" HPOS="809"/>
							<String ID="string_21" HPOS="825" VPOS="269" WIDTH="98" HEIGHT="22" WC="0.93" CONTENT="afseende"/><SP WIDTH="17" VPOS="269" HPOS="923"/>
							<String ID="string_22" HPOS="940" VPOS="269" WIDTH="11" HEIGHT="21" WC="0.92" CONTENT="&amp;"/><SP WIDTH="16" VPOS="269" HPOS="951"/>
							<String ID="string_23" HPOS="967" VPOS="270" WIDTH="41" HEIGHT="21" WC="0.93" CONTENT="för-"/>
						</TextLine>
						<TextLine ID="line_3" HPOS="182" VPOS="297" WIDTH="826" HEIGHT="28">
							<String ID="string_24" HPOS="182" VPOS="297" WIDTH="122" HEIGHT="26" WC="0.89" CONTENT="valtningen"/><SP WIDTH="23" VPOS="297" HPOS="304"/>
							<String ID="string_25" HPOS="327" VPOS="297" WIDTH="22" HEIGHT="20" WC="0.96" CONTENT="af"/><SP WIDTH="20" VPOS="297" HPOS="349"/>
							<String ID="string_26" HPOS="369" VPOS="297" WIDTH="102" HEIGHT="21" WC="0.95" CONTENT="Finlands"/><SP WIDTH="20" VPOS="297" HPOS="471"/>
							<String ID="string_27" HPOS="491" VPOS="297" WIDTH="65" HEIGHT="26" WC="0.95" CONTENT="Bank,"/><SP WIDTH="24" VPOS="297" HPOS="556"/>
							<String ID="string_28" HPOS="580" VPOS="297" WIDTH="24" HEIGHT="21" WC="0.96" CONTENT="så"/><SP WIDTH="21" VPOS="297" HPOS="604"/>
							<String ID="string_29" HPOS="625" VPOS="298" WIDTH="41" HEIGHT="21" WC="0.96" CONTENT="kan"/><SP WIDTH="22" VPOS="298" HPOS="666"/>
							<String ID="string_30" HPOS="688" VPOS="298" WIDTH="37" HEIGHT="27" WC="0.96" CONTENT="jag"/><SP WIDTH="15" VPOS="298" HPOS="725"/>
							<String ID="string_31" HPOS="740" VPOS="298" WIDTH="48" HEIGHT="20" WC="0.96" CONTENT="icke"/><SP WIDTH="13" VPOS="298" HPOS="788"/>
							<String ID="string_32" HPOS="801" VPOS="299" WIDTH="58" HEIGHT="25" WC="0.96" CONTENT="yttra"/><SP WIDTH="15" VPOS="299" HPOS="859"/>
							<String ID="string_33" HPOS="874" VPOS="298" WIDTH="42" HEIGHT="27" WC="0.96" CONTENT="mig"/><SP WIDTH="16" VPOS="298" HPOS="916"/>
							<String ID="string_34" HPOS="932" VPOS="298" WIDTH="76" HEIGHT="27" WC="0.96" CONTENT="tydligt"/>
						</TextLine>
						<TextLine ID="line_4" HPOS="183" VPOS="325" WIDTH="824" HEIGHT="27">
							<String ID="string_35" HPOS="183" VPOS="327" WIDTH="51" HEIGHT="19" WC="0.96" CONTENT="utan"/><SP WIDTH="17" VPOS="327" HPOS="234"/>
							<String ID="string_36" HPOS="251" VPOS="327" WIDTH="33" HEIGHT="19" WC="0.96" CONTENT="att"/><SP WIDTH="15" VPOS="327" HPOS="284"/>
							<String ID="string_37" HPOS="299" VPOS="325" WIDTH="57" HEIGHT="21" WC="0.96" CONTENT="förut"/><SP WIDTH="22" VPOS="325" HPOS="356"/>
							<String ID="string_38" HPOS="378" VPOS="325" WIDTH="82" HEIGHT="27" WC="0.93" CONTENT="påpeka"/><SP WIDTH="22" VPOS="325" HPOS="460"/>
							<String ID="string_39" HPOS="482" VPOS="325" WIDTH="165" HEIGHT="27" WC="0.92" CONTENT="olämpligheten"/><SP WIDTH="16" VPOS="325" HPOS="647"/>
							<String ID="string_40" HPOS="663" VPOS="327" WIDTH="62" HEIGHT="20" WC="0.96" CONTENT="deraf"/><SP WIDTH="13" VPOS="327" HPOS="725"/>
							<String ID="string_41" HPOS="738" VPOS="327" WIDTH="32" HEIGHT="20" WC="0.96" CONTENT="att"/><SP WIDTH="17" VPOS="327" HPOS="770"/>
							<String ID="string_42" HPOS="787" VPOS="327" WIDTH="19" HEIGHT="20" WC="0.96" CONTENT="vi"/><SP WIDTH="17" VPOS="327" HPOS="806"/>
							<String ID="string_43" HPOS="823" VPOS="326" WIDTH="61" HEIGHT="21" WC="0.96" CONTENT="hafva"/><SP WIDTH="15" VPOS="326" HPOS="884"/>
							<String ID="string_44" HPOS="899" VPOS="333" WIDTH="25" HEIGHT="14" WC="0.92" CONTENT="en"/><SP WIDTH="17" VPOS="333" HPOS="924"/>
							<String ID="string_45" HPOS="941" VPOS="327" WIDTH="66" HEIGHT="20" WC="0.91" CONTENT="Stats-"/>
						</TextLine>
						<TextLine ID="line_5" HPOS="184" VPOS="353" WIDTH="823" HEIGHT="28">
							<String ID="string_46" HPOS="184" VPOS="353" WIDTH="57" HEIGHT="22" WC="0.96" CONTENT="bank"/><SP WIDTH="17" VPOS="353" HPOS="241"/>
							<String ID="string_47" HPOS="258" VPOS="353" WIDTH="38" HEIGHT="22" WC="0.96" CONTENT="och"/><SP WIDTH="17" VPOS="353" HPOS="296"/>
							<String ID="string_48" HPOS="313" VPOS="356" WIDTH="32" HEIGHT="19" WC="0.96" CONTENT="att"/><SP WIDTH="16" VPOS="356" HPOS="345"/>
							<String ID="string_49" HPOS="361" VPOS="354" WIDTH="68" HEIGHT="21" WC="0.96" CONTENT="denna"/><SP WIDTH="15" VPOS="354" HPOS="429"/>
							<String ID="string_50" HPOS="444" VPOS="354" WIDTH="71" HEIGHT="21" WC="0.93" CONTENT="Banks"/><SP WIDTH="16" VPOS="354" HPOS="515"/>
							<String ID="string_51" HPOS="531" VPOS="354" WIDTH="219" HEIGHT="27" WC="0.91" CONTENT="sedelutgifningsrätt"/><SP WIDTH="16" VPOS="354" HPOS="750"/>
							<String ID="string_52" HPOS="766" VPOS="357" WIDTH="24" HEIGHT="18" WC="0.93" CONTENT="är"/><SP WIDTH="15" VPOS="357" HPOS="790"/>
							<String ID="string_53" HPOS="805" VPOS="355" WIDTH="55" HEIGHT="21" WC="0.91" CONTENT="stäld"/><SP WIDTH="12" VPOS="355" HPOS="860"/>
							<String ID="string_54" HPOS="872" VPOS="355" WIDTH="25" HEIGHT="26" WC="0.96" CONTENT="på"/><SP WIDTH="13" VPOS="355" HPOS="897"/>
							<String ID="string_55" HPOS="910" VPOS="357" WIDTH="42" HEIGHT="19" WC="0.96" CONTENT="sätt"/><SP WIDTH="11" VPOS="357" HPOS="952"/>
							<String ID="string_56" HPOS="963" VPOS="361" WIDTH="44" HEIGHT="15" WC="0.96" CONTENT="som"/>
						</TextLine>
						<TextLine ID="line_6" HPOS="181" VPOS="382" WIDTH="826" HEIGHT="28">
							<String ID="string_57" HPOS="181" VPOS="382" WIDTH="34" HEIGHT="21" WC="0.96" CONTENT="för"/><SP WIDTH="16" VPOS="382" HPOS="215"/>
							<String ID="string_58" HPOS="231" VPOS="383" WIDTH="133" HEIGHT="20" WC="0.96" CONTENT="närvarande"/><SP WIDTH="16" VPOS="383" HPOS="364"/>
							<String ID="string_59" HPOS="380" VPOS="385" WIDTH="24" HEIGHT="18" WC="0.96" CONTENT="är"/><SP WIDTH="15" VPOS="385" HPOS="404"/>
							<String ID="string_60" HPOS="419" VPOS="383" WIDTH="64" HEIGHT="20" WC="0.93" CONTENT="fallet."/><SP WIDTH="30" VPOS="383" HPOS="483"/>
							<String ID="string_61" HPOS="513" VPOS="382" WIDTH="171" HEIGHT="27" WC="0.92" CONTENT="Olägenheterna"/><SP WIDTH="15" VPOS="382" HPOS="684"/>
							<String ID="string_62" HPOS="699" VPOS="384" WIDTH="23" HEIGHT="21" WC="0.96" CONTENT="af"/><SP WIDTH="14" VPOS="384" HPOS="722"/>
							<String ID="string_63" HPOS="736" VPOS="383" WIDTH="60" HEIGHT="21" WC="0.96" CONTENT="detta"/><SP WIDTH="15" VPOS="383" HPOS="796"/>
							<String ID="string_64" HPOS="811" VPOS="385" WIDTH="77" HEIGHT="25" WC="0.95" CONTENT="system"/><SP WIDTH="17" VPOS="385" HPOS="888"/>
							<String ID="string_65" HPOS="905" VPOS="384" WIDTH="55" HEIGHT="21" WC="0.96" CONTENT="visar"/><SP WIDTH="9" VPOS="384" HPOS="960"/>
							<String ID="string_66" HPOS="969" VPOS="384" WIDTH="38" HEIGHT="25" WC="0.96" CONTENT="sig,"/>
						</TextLine>
						<TextLine ID="line_7" HPOS="182" VPOS="411" WIDTH="826" HEIGHT="28">
							<String ID="string_67" HPOS="182" VPOS="411" WIDTH="75" HEIGHT="21" WC="0.95" CONTENT="liksom"/><SP WIDTH="17" VPOS="411" HPOS="257"/>
							<String ID="string_68" HPOS="274" VPOS="411" WIDTH="5" HEIGHT="20" WC="0.96" CONTENT="i"/><SP WIDTH="16" VPOS="411" HPOS="279"/>
							<String ID="string_69" HPOS="295" VPOS="411" WIDTH="117" HEIGHT="21" WC="0.96" CONTENT="allmänhet"/><SP WIDTH="16" VPOS="411" HPOS="412"/>
							<String ID="string_70" HPOS="428" VPOS="411" WIDTH="27" HEIGHT="21" WC="0.96" CONTENT="då"/><SP WIDTH="16" VPOS="411" HPOS="455"/>
							<String ID="string_71" HPOS="471" VPOS="411" WIDTH="73" HEIGHT="21" WC="0.96" CONTENT="Staten"/><SP WIDTH="23" VPOS="411" HPOS="544"/>
							<String ID="string_72" HPOS="567" VPOS="411" WIDTH="92" HEIGHT="22" WC="0.96" CONTENT="befattar"/><SP WIDTH="16" VPOS="411" HPOS="659"/>
							<String ID="string_73" HPOS="675" VPOS="413" WIDTH="31" HEIGHT="26" WC="0.96" CONTENT="sig"/><SP WIDTH="16" VPOS="413" HPOS="706"/>
							<String ID="string_74" HPOS="722" VPOS="411" WIDTH="48" HEIGHT="22" WC="0.94" CONTENT="med"/><SP WIDTH="23" VPOS="411" HPOS="770"/>
							<String ID="string_75" HPOS="793" VPOS="411" WIDTH="81" HEIGHT="25" WC="0.93" CONTENT="affärer,"/><SP WIDTH="17" VPOS="411" HPOS="874"/>
							<String ID="string_76" HPOS="891" VPOS="412" WIDTH="69" HEIGHT="21" WC="0.91" CONTENT="deruti"/><SP WIDTH="16" VPOS="412" HPOS="960"/>
							<String ID="string_77" HPOS="976" VPOS="413" WIDTH="32" HEIGHT="19" WC="0.96" CONTENT="att"/>
						</TextLine>
						<TextLine ID="line_8" HPOS="181" VPOS="439" WIDTH="827" HEIGHT="27">
							<String ID="string_78" HPOS="181" VPOS="439" WIDTH="165" HEIGHT="27" WC="0.91" CONTENT="ansvarigheten"/><SP WIDTH="24" VPOS="439" HPOS="346"/>
							<String ID="string_79" HPOS="370" VPOS="442" WIDTH="24" HEIGHT="19" WC="0.96" CONTENT="är"/><SP WIDTH="21" VPOS="442" HPOS="394"/>
							<String ID="string_80" HPOS="415" VPOS="440" WIDTH="47" HEIGHT="20" WC="0.96" CONTENT="vida"/><SP WIDTH="17" VPOS="440" HPOS="462"/>
							<String ID="string_81" HPOS="479" VPOS="440" WIDTH="86" HEIGHT="21" WC="0.94" CONTENT="mindre."/><SP WIDTH="32" VPOS="440" HPOS="565"/>
							<String ID="string_82" HPOS="597" VPOS="440" WIDTH="38" HEIGHT="21" WC="0.95" CONTENT="Om"/><SP WIDTH="17" VPOS="440" HPOS="635"/>
							<String ID="string_83" HPOS="652" VPOS="447" WIDTH="25" HEIGHT="14" WC="0.95" CONTENT="en"/><SP WIDTH="17" VPOS="447" HPOS="677"/>
							<String ID="string_84" HPOS="694" VPOS="441" WIDTH="83" HEIGHT="20" WC="0.96" CONTENT="enskild"/><SP WIDTH="17" VPOS="441" HPOS="777"/>
							<String ID="string_85" HPOS="794" VPOS="440" WIDTH="55" HEIGHT="21" WC="0.95" CONTENT="bank"/><SP WIDTH="16" VPOS="440" HPOS="849"/>
							<String ID="string_86" HPOS="865" VPOS="441" WIDTH="52" HEIGHT="21" WC="0.95" CONTENT="eller"/><SP WIDTH="15" VPOS="441" HPOS="917"/>
							<String ID="string_87" HPOS="932" VPOS="440" WIDTH="76" HEIGHT="22" WC="0.95" CONTENT="bankir"/>
						</TextLine>
						<TextLine ID="line_9" HPOS="182" VPOS="468" WIDTH="825" HEIGHT="27">
							<String ID="string_88" HPOS="182" VPOS="470" WIDTH="38" HEIGHT="25" WC="0.96" CONTENT="gör"/><SP WIDTH="16" VPOS="470" HPOS="220"/>
							<String ID="string_89" HPOS="236" VPOS="468" WIDTH="78" HEIGHT="21" WC="0.96" CONTENT="förlust"/><SP WIDTH="21" VPOS="468" HPOS="314"/>
							<String ID="string_90" HPOS="335" VPOS="469" WIDTH="27" HEIGHT="26" WC="0.96" CONTENT="på"/><SP WIDTH="23" VPOS="469" HPOS="362"/>
							<String ID="string_91" HPOS="385" VPOS="470" WIDTH="31" HEIGHT="19" WC="0.96" CONTENT="ett"/><SP WIDTH="16" VPOS="470" HPOS="416"/>
							<String ID="string_92" HPOS="432" VPOS="468" WIDTH="51" HEIGHT="21" WC="0.93" CONTENT="eller"/><SP WIDTH="15" VPOS="468" HPOS="483"/>
							<String ID="string_93" HPOS="498" VPOS="468" WIDTH="182" HEIGHT="22" WC="0.91" CONTENT="tvåhundratusen"/><SP WIDTH="17" VPOS="468" HPOS="680"/>
							<String ID="string_94" HPOS="697" VPOS="469" WIDTH="67" HEIGHT="26" WC="0.95" CONTENT="mark,"/><SP WIDTH="18" VPOS="469" HPOS="764"/>
							<String ID="string_95" HPOS="782" VPOS="469" WIDTH="66" HEIGHT="21" WC="0.96" CONTENT="under"/><SP WIDTH="16" VPOS="469" HPOS="848"/>
							<String ID="string_96" HPOS="864" VPOS="476" WIDTH="24" HEIGHT="14" WC="0.96" CONTENT="en"/><SP WIDTH="17" VPOS="476" HPOS="888"/>
							<String ID="string_97" HPOS="905" VPOS="469" WIDTH="53" HEIGHT="22" WC="0.93" CONTENT="enda"/><SP WIDTH="16" VPOS="469" HPOS="958"/>
							<String ID="string_98" HPOS="974" VPOS="475" WIDTH="33" HEIGHT="20" WC="0.91" CONTENT="pe-"/>
						</TextLine>
						<TextLine ID="line_10" HPOS="183" VPOS="497" WIDTH="825" HEIGHT="27">
							<String ID="string_99" HPOS="183" VPOS="497" WIDTH="53" HEIGHT="24" WC="0.92" CONTENT="riod,"/><SP WIDTH="18" VPOS="497" HPOS="236"/>
							<String ID="string_100" HPOS="254" VPOS="497" WIDTH="24" HEIGHT="20" WC="0.97" CONTENT="så"/><SP WIDTH="15" VPOS="497" HPOS="278"/>
							<String ID="string_101" HPOS="293" VPOS="497" WIDTH="82" HEIGHT="20" WC="0.96" CONTENT="känner"/><SP WIDTH="15" VPOS="497" HPOS="375"/>
							<String ID="string_102" HPOS="390" VPOS="497" WIDTH="41" HEIGHT="20" WC="0.94" CONTENT="ban"/><SP WIDTH="14" VPOS="497" HPOS="431"/>
							<String ID="string_103" HPOS="445" VPOS="497" WIDTH="50" HEIGHT="20" WC="0.93" CONTENT="eller"/><SP WIDTH="17" VPOS="497" HPOS="495"/>
							<String ID="string_104" HPOS="512" VPOS="497" WIDTH="149" HEIGHT="21" WC="0.91" CONTENT="aktionärerne"/><SP WIDTH="16" VPOS="497" HPOS="661"/>
							<String ID="string_105" HPOS="677" VPOS="498" WIDTH="73" HEIGHT="26" WC="0.90" CONTENT="sjelfve"/><SP WIDTH="16" VPOS="498" HPOS="750"/>
							<String ID="string_106" HPOS="766" VPOS="497" WIDTH="22" HEIGHT="22" WC="0.96" CONTENT="af"/><SP WIDTH="14" VPOS="497" HPOS="788"/>
							<String ID="string_107" HPOS="802" VPOS="498" WIDTH="41" HEIGHT="20" WC="0.96" CONTENT="det."/><SP WIDTH="31" VPOS="498" HPOS="843"/>
							<String ID="string_108" HPOS="874" VPOS="498" WIDTH="48" HEIGHT="21" WC="0.95" CONTENT="Men"/><SP WIDTH="12" VPOS="498" HPOS="922"/>
							<String ID="string_109" HPOS="934" VPOS="498" WIDTH="38" HEIGHT="20" WC="0.95" CONTENT="här"/><SP WIDTH="12" VPOS="498" HPOS="972"/>
							<String ID="string_110" HPOS="984" VPOS="499" WIDTH="24" HEIGHT="19" WC="0.96" CONTENT="är"/>
						</TextLine>
						<TextLine ID="line_11" HPOS="182" VPOS="525" WIDTH="825" HEIGHT="28">
							<String ID="string_111" HPOS="182" VPOS="525" WIDTH="36" HEIGHT="21" WC="0.95" CONTENT="det"/><SP WIDTH="16" VPOS="525" HPOS="218"/>
							<String ID="string_112" HPOS="234" VPOS="525" WIDTH="86" HEIGHT="21" WC="0.96" CONTENT="Statens"/><SP WIDTH="16" VPOS="525" HPOS="320"/>
							<String ID="string_113" HPOS="336" VPOS="525" WIDTH="63" HEIGHT="22" WC="0.96" CONTENT="kassa"/><SP WIDTH="16" VPOS="525" HPOS="399"/>
							<String ID="string_114" HPOS="415" VPOS="532" WIDTH="44" HEIGHT="15" WC="0.96" CONTENT="som"/><SP WIDTH="16" VPOS="532" HPOS="459"/>
							<String ID="string_115" HPOS="475" VPOS="525" WIDTH="32" HEIGHT="22" WC="0.96" CONTENT="får"/><SP WIDTH="15" VPOS="525" HPOS="507"/>
							<String ID="string_116" HPOS="522" VPOS="526" WIDTH="71" HEIGHT="20" WC="0.97" CONTENT="känna"/><SP WIDTH="15" VPOS="526" HPOS="593"/>
							<String ID="string_117" HPOS="608" VPOS="526" WIDTH="22" HEIGHT="21" WC="0.96" CONTENT="af"/><SP WIDTH="15" VPOS="526" HPOS="630"/>
							<String ID="string_118" HPOS="645" VPOS="526" WIDTH="71" HEIGHT="21" WC="0.94" CONTENT="saken."/><SP WIDTH="30" VPOS="526" HPOS="716"/>
							<String ID="string_119" HPOS="746" VPOS="526" WIDTH="42" HEIGHT="27" WC="0.96" CONTENT="Jag"/><SP WIDTH="14" VPOS="526" HPOS="788"/>
							<String ID="string_120" HPOS="802" VPOS="528" WIDTH="45" HEIGHT="19" WC="0.96" CONTENT="tror"/><SP WIDTH="12" VPOS="528" HPOS="847"/>
							<String ID="string_121" HPOS="859" VPOS="529" WIDTH="31" HEIGHT="18" WC="0.96" CONTENT="att"/><SP WIDTH="12" VPOS="529" HPOS="890"/>
							<String ID="string_122" HPOS="902" VPOS="533" WIDTH="46" HEIGHT="14" WC="0.96" CONTENT="man"/><SP WIDTH="14" VPOS="533" HPOS="948"/>
							<String ID="string_123" HPOS="962" VPOS="526" WIDTH="45" HEIGHT="21" WC="0.96" CONTENT="icke"/>
						</TextLine>
						<TextLine ID="line_12" HPOS="182" VPOS="553" WIDTH="826" HEIGHT="27">
							<String ID="string_124" HPOS="182" VPOS="553" WIDTH="102" HEIGHT="21" WC="0.93" CONTENT="behöfver"/><SP WIDTH="16" VPOS="553" HPOS="284"/>
							<String ID="string_125" HPOS="300" VPOS="553" WIDTH="114" HEIGHT="22" WC="0.96" CONTENT="observera"/><SP WIDTH="16" VPOS="553" HPOS="414"/>
							<String ID="string_126" HPOS="430" VPOS="554" WIDTH="81" HEIGHT="26" WC="0.96" CONTENT="mycket"/><SP WIDTH="16" VPOS="554" HPOS="511"/>
							<String ID="string_127" HPOS="527" VPOS="554" WIDTH="32" HEIGHT="21" WC="0.96" CONTENT="för"/><SP WIDTH="16" VPOS="554" HPOS="559"/>
							<String ID="string_128" HPOS="575" VPOS="557" WIDTH="32" HEIGHT="18" WC="0.96" CONTENT="att"/><SP WIDTH="11" VPOS="557" HPOS="607"/>
							<String ID="string_129" HPOS="618" VPOS="561" WIDTH="22" HEIGHT="14" WC="0.95" CONTENT="se"/><SP WIDTH="10" VPOS="561" HPOS="640"/>
							<String ID="string_130" HPOS="650" VPOS="555" WIDTH="55" HEIGHT="20" WC="0.96" CONTENT="huru"/><SP WIDTH="13" VPOS="555" HPOS="705"/>
							<String ID="string_131" HPOS="718" VPOS="555" WIDTH="61" HEIGHT="21" WC="0.96" CONTENT="äfven"/><SP WIDTH="12" VPOS="555" HPOS="779"/>
							<String ID="string_132" HPOS="791" VPOS="555" WIDTH="38" HEIGHT="20" WC="0.93" CONTENT="här"/><SP WIDTH="10" VPOS="555" HPOS="829"/>
							<String ID="string_133" HPOS="839" VPOS="555" WIDTH="169" HEIGHT="21" WC="0.91" CONTENT="embetsmanna-"/>
						</TextLine>
						<TextLine ID="line_13" HPOS="181" VPOS="583" WIDTH="827" HEIGHT="26">
							<String ID="string_134" HPOS="181" VPOS="583" WIDTH="135" HEIGHT="26" WC="0.95" CONTENT="synpunkten"/><SP WIDTH="17" VPOS="583" HPOS="316"/>
							<String ID="string_135" HPOS="333" VPOS="584" WIDTH="39" HEIGHT="25" WC="0.96" CONTENT="gör"/><SP WIDTH="15" VPOS="584" HPOS="372"/>
							<String ID="string_136" HPOS="387" VPOS="583" WIDTH="31" HEIGHT="26" WC="0.96" CONTENT="sig"/><SP WIDTH="15" VPOS="583" HPOS="418"/>
							<String ID="string_137" HPOS="433" VPOS="583" WIDTH="98" HEIGHT="26" WC="0.93" CONTENT="gällande"/><SP WIDTH="24" VPOS="583" HPOS="531"/>
							<String ID="string_138" HPOS="555" VPOS="583" WIDTH="68" HEIGHT="21" WC="0.91" CONTENT="deruti"/><SP WIDTH="23" VPOS="583" HPOS="623"/>
							<String ID="string_139" HPOS="646" VPOS="585" WIDTH="32" HEIGHT="19" WC="0.96" CONTENT="att"/><SP WIDTH="16" VPOS="585" HPOS="678"/>
							<String ID="string_140" HPOS="694" VPOS="590" WIDTH="48" HEIGHT="14" WC="0.96" CONTENT="man"/><SP WIDTH="17" VPOS="590" HPOS="742"/>
							<String ID="string_141" HPOS="759" VPOS="585" WIDTH="44" HEIGHT="19" WC="0.96" CONTENT="tror"/><SP WIDTH="16" VPOS="585" HPOS="803"/>
							<String ID="string_142" HPOS="819" VPOS="583" WIDTH="30" HEIGHT="26" WC="0.96" CONTENT="sig"/><SP WIDTH="15" VPOS="583" HPOS="849"/>
							<String ID="string_143" HPOS="864" VPOS="586" WIDTH="50" HEIGHT="23" WC="0.95" CONTENT="taga"/><SP WIDTH="16" VPOS="586" HPOS="914"/>
							<String ID="string_144" HPOS="930" VPOS="584" WIDTH="25" HEIGHT="19" WC="0.93" CONTENT="de"/><SP WIDTH="17" VPOS="584" HPOS="955"/>
							<String ID="string_145" HPOS="972" VPOS="583" WIDTH="36" HEIGHT="21" WC="0.92" CONTENT="bä-"/>
						</TextLine>
						<TextLine ID="line_14" HPOS="183" VPOS="611" WIDTH="824" HEIGHT="27">
							<String ID="string_146" HPOS="183" VPOS="614" WIDTH="33" HEIGHT="17" WC="0.94" CONTENT="sta"/><SP WIDTH="16" VPOS="614" HPOS="216"/>
							<String ID="string_147" HPOS="232" VPOS="612" WIDTH="54" HEIGHT="20" WC="0.95" CONTENT="mått"/><SP WIDTH="16" VPOS="612" HPOS="286"/>
							<String ID="string_148" HPOS="302" VPOS="611" WIDTH="39" HEIGHT="21" WC="0.96" CONTENT="och"/><SP WIDTH="17" VPOS="611" HPOS="341"/>
							<String ID="string_149" HPOS="358" VPOS="613" WIDTH="52" HEIGHT="24" WC="0.94" CONTENT="steg,"/><SP WIDTH="16" VPOS="613" HPOS="410"/>
							<String ID="string_150" HPOS="426" VPOS="613" WIDTH="38" HEIGHT="19" WC="0.96" CONTENT="när"/><SP WIDTH="16" VPOS="613" HPOS="464"/>
							<String ID="string_151" HPOS="480" VPOS="617" WIDTH="47" HEIGHT="15" WC="0.96" CONTENT="man"/><SP WIDTH="17" VPOS="617" HPOS="527"/>
							<String ID="string_152" HPOS="544" VPOS="612" WIDTH="76" HEIGHT="20" WC="0.96" CONTENT="endast"/><SP WIDTH="16" VPOS="612" HPOS="620"/>
							<String ID="string_153" HPOS="636" VPOS="611" WIDTH="67" HEIGHT="22" WC="0.96" CONTENT="håller"/><SP WIDTH="16" VPOS="611" HPOS="703"/>
							<String ID="string_154" HPOS="719" VPOS="613" WIDTH="31" HEIGHT="25" WC="0.95" CONTENT="sig"/><SP WIDTH="17" VPOS="613" HPOS="750"/>
							<String ID="string_155" HPOS="767" VPOS="612" WIDTH="31" HEIGHT="21" WC="0.96" CONTENT="till"/><SP WIDTH="17" VPOS="612" HPOS="798"/>
							<String ID="string_156" HPOS="815" VPOS="612" WIDTH="137" HEIGHT="26" WC="0.96" CONTENT="reglementet"/><SP WIDTH="16" VPOS="612" HPOS="952"/>
							<String ID="string_157" HPOS="968" VPOS="611" WIDTH="39" HEIGHT="22" WC="0.96" CONTENT="och"/>
						</TextLine>
						<TextLine ID="line_15" HPOS="182" VPOS="639" WIDTH="824" HEIGHT="28">
							<String ID="string_158" HPOS="182" VPOS="640" WIDTH="81" HEIGHT="20" WC="0.95" CONTENT="mindre"/><SP WIDTH="17" VPOS="640" HPOS="263"/>
							<String ID="string_159" HPOS="280" VPOS="639" WIDTH="68" HEIGHT="21" WC="0.93" CONTENT="håller"/><SP WIDTH="16" VPOS="639" HPOS="348"/>
							<String ID="string_160" HPOS="364" VPOS="640" WIDTH="64" HEIGHT="26" WC="0.91" CONTENT="derpå"/><SP WIDTH="15" VPOS="640" HPOS="428"/>
							<String ID="string_161" HPOS="443" VPOS="642" WIDTH="33" HEIGHT="19" WC="0.96" CONTENT="att"/><SP WIDTH="14" VPOS="642" HPOS="476"/>
							<String ID="string_162" HPOS="490" VPOS="642" WIDTH="51" HEIGHT="24" WC="0.96" CONTENT="göra"/><SP WIDTH="16" VPOS="642" HPOS="541"/>
							<String ID="string_163" HPOS="557" VPOS="640" WIDTH="54" HEIGHT="21" WC="0.96" CONTENT="hvad"/><SP WIDTH="22" VPOS="640" HPOS="611"/>
							<String ID="string_164" HPOS="633" VPOS="647" WIDTH="45" HEIGHT="14" WC="0.95" CONTENT="som"/><SP WIDTH="19" VPOS="647" HPOS="678"/>
							<String ID="string_165" HPOS="697" VPOS="641" WIDTH="83" HEIGHT="20" WC="0.95" CONTENT="kunnat"/><SP WIDTH="15" VPOS="641" HPOS="780"/>
							<String ID="string_166" HPOS="795" VPOS="642" WIDTH="67" HEIGHT="25" WC="0.95" CONTENT="göras."/><SP WIDTH="33" VPOS="642" HPOS="862"/>
							<String ID="string_167" HPOS="895" VPOS="641" WIDTH="58" HEIGHT="20" WC="0.93" CONTENT="Hvad"/><SP WIDTH="17" VPOS="641" HPOS="953"/>
							<String ID="string_168" HPOS="970" VPOS="647" WIDTH="36" HEIGHT="14" WC="0.91" CONTENT="an-"/>
						</TextLine>
						<TextLine ID="line_16" HPOS="182" VPOS="668" WIDTH="825" HEIGHT="27">
							<String ID="string_169" HPOS="182" VPOS="668" WIDTH="37" HEIGHT="25" WC="0.96" CONTENT="går"/><SP WIDTH="16" VPOS="668" HPOS="219"/>
							<String ID="string_170" HPOS="235" VPOS="668" WIDTH="166" HEIGHT="26" WC="0.95" CONTENT="bestämningar,"/><SP WIDTH="17" VPOS="668" HPOS="401"/>
							<String ID="string_171" HPOS="418" VPOS="675" WIDTH="43" HEIGHT="14" WC="0.96" CONTENT="som"/><SP WIDTH="18" VPOS="675" HPOS="461"/>
							<String ID="string_172" HPOS="479" VPOS="669" WIDTH="54" HEIGHT="26" WC="0.96" CONTENT="gälla"/><SP WIDTH="17" VPOS="669" HPOS="533"/>
							<String ID="string_173" HPOS="550" VPOS="669" WIDTH="47" HEIGHT="20" WC="0.96" CONTENT="med"/><SP WIDTH="22" VPOS="669" HPOS="597"/>
							<String ID="string_174" HPOS="619" VPOS="669" WIDTH="99" HEIGHT="21" WC="0.93" CONTENT="afseende"/><SP WIDTH="16" VPOS="669" HPOS="718"/>
							<String ID="string_175" HPOS="734" VPOS="669" WIDTH="12" HEIGHT="21" WC="0.90" CONTENT="å"/><SP WIDTH="16" VPOS="669" HPOS="746"/>
							<String ID="string_176" HPOS="762" VPOS="669" WIDTH="100" HEIGHT="21" WC="0.96" CONTENT="Finlands"/><SP WIDTH="15" VPOS="669" HPOS="862"/>
							<String ID="string_177" HPOS="877" VPOS="669" WIDTH="71" HEIGHT="21" WC="0.96" CONTENT="Banks"/><SP WIDTH="16" VPOS="669" HPOS="948"/>
							<String ID="string_178" HPOS="964" VPOS="671" WIDTH="43" HEIGHT="19" WC="0.96" CONTENT="rätt"/>
						</TextLine>
						<TextLine ID="line_17" HPOS="182" VPOS="697" WIDTH="824" HEIGHT="27">
							<String ID="string_179" HPOS="182" VPOS="697" WIDTH="32" HEIGHT="20" WC="0.93" CONTENT="till"/><SP WIDTH="15" VPOS="697" HPOS="214"/>
							<String ID="string_180" HPOS="229" VPOS="697" WIDTH="164" HEIGHT="26" WC="0.90" CONTENT="sedelutgifning"/><SP WIDTH="15" VPOS="697" HPOS="393"/>
							<String ID="string_181" HPOS="408" VPOS="697" WIDTH="38" HEIGHT="21" WC="0.96" CONTENT="ber"/><SP WIDTH="14" VPOS="697" HPOS="446"/>
							<String ID="string_182" HPOS="460" VPOS="697" WIDTH="36" HEIGHT="26" WC="0.96" CONTENT="jag"/><SP WIDTH="17" VPOS="697" HPOS="496"/>
							<String ID="string_183" HPOS="513" VPOS="699" WIDTH="31" HEIGHT="19" WC="0.95" CONTENT="att"/><SP WIDTH="15" VPOS="699" HPOS="544"/>
							<String ID="string_184" HPOS="559" VPOS="699" WIDTH="59" HEIGHT="25" WC="0.95" CONTENT="yttra"/><SP WIDTH="16" VPOS="699" HPOS="618"/>
							<String ID="string_185" HPOS="634" VPOS="698" WIDTH="41" HEIGHT="26" WC="0.96" CONTENT="mig"/><SP WIDTH="15" VPOS="698" HPOS="675"/>
							<String ID="string_186" HPOS="690" VPOS="698" WIDTH="74" HEIGHT="21" WC="0.96" CONTENT="derom"/><SP WIDTH="17" VPOS="698" HPOS="764"/>
							<String ID="string_187" HPOS="781" VPOS="698" WIDTH="46" HEIGHT="20" WC="0.95" CONTENT="med"/><SP WIDTH="16" VPOS="698" HPOS="827"/>
							<String ID="string_188" HPOS="843" VPOS="698" WIDTH="120" HEIGHT="23" WC="0.95" CONTENT="anslutning"/><SP WIDTH="11" VPOS="698" HPOS="963"/>
							<String ID="string_189" HPOS="974" VPOS="698" WIDTH="32" HEIGHT="20" WC="0.95" CONTENT="till"/>
						</TextLine>
						<TextLine ID="line_18" HPOS="182" VPOS="725" WIDTH="825" HEIGHT="28">
							<String ID="string_190" HPOS="182" VPOS="725" WIDTH="53" HEIGHT="21" WC="0.93" CONTENT="hvad"/><SP WIDTH="17" VPOS="725" HPOS="235"/>
							<String ID="string_191" HPOS="252" VPOS="725" WIDTH="168" HEIGHT="21" WC="0.92" CONTENT="Bankutskottet"/><SP WIDTH="15" VPOS="725" HPOS="420"/>
							<String ID="string_192" HPOS="435" VPOS="726" WIDTH="6" HEIGHT="20" WC="0.96" CONTENT="i"/><SP WIDTH="16" VPOS="726" HPOS="441"/>
							<String ID="string_193" HPOS="457" VPOS="726" WIDTH="68" HEIGHT="21" WC="0.96" CONTENT="denna"/><SP WIDTH="21" VPOS="726" HPOS="525"/>
							<String ID="string_194" HPOS="546" VPOS="726" WIDTH="37" HEIGHT="21" WC="0.96" CONTENT="sak"/><SP WIDTH="16" VPOS="726" HPOS="583"/>
							<String ID="string_195" HPOS="599" VPOS="728" WIDTH="71" HEIGHT="24" WC="0.95" CONTENT="yttrat."/><SP WIDTH="32" VPOS="728" HPOS="670"/>
							<String ID="string_196" HPOS="702" VPOS="726" WIDTH="112" HEIGHT="21" WC="0.94" CONTENT="Utskottet"/><SP WIDTH="15" VPOS="726" HPOS="814"/>
							<String ID="string_197" HPOS="829" VPOS="728" WIDTH="61" HEIGHT="25" WC="0.96" CONTENT="säger"/><SP WIDTH="16" VPOS="728" HPOS="890"/>
							<String ID="string_198" HPOS="906" VPOS="728" WIDTH="31" HEIGHT="19" WC="0.93" CONTENT="att"/><SP WIDTH="16" VPOS="728" HPOS="937"/>
							<String ID="string_199" HPOS="953" VPOS="726" WIDTH="54" HEIGHT="21" WC="0.91" CONTENT="Ban-"/>
						</TextLine>
						<TextLine ID="line_19" HPOS="181" VPOS="754" WIDTH="827" HEIGHT="27">
							<String ID="string_200" HPOS="181" VPOS="754" WIDTH="41" HEIGHT="21" WC="0.96" CONTENT="ken"/><SP WIDTH="17" VPOS="754" HPOS="222"/>
							<String ID="string_201" HPOS="239" VPOS="755" WIDTH="24" HEIGHT="20" WC="0.96" CONTENT="är"/><SP WIDTH="15" VPOS="755" HPOS="263"/>
							<String ID="string_202" HPOS="278" VPOS="754" WIDTH="120" HEIGHT="26" WC="0.96" CONTENT="berättigad"/><SP WIDTH="16" VPOS="754" HPOS="398"/>
							<String ID="string_203" HPOS="414" VPOS="756" WIDTH="31" HEIGHT="19" WC="0.93" CONTENT="att"/><SP WIDTH="15" VPOS="756" HPOS="445"/>
							<String ID="string_204" HPOS="460" VPOS="754" WIDTH="79" HEIGHT="26" WC="0.91" CONTENT="utgifva"/><SP WIDTH="16" VPOS="754" HPOS="539"/>
							<String ID="string_205" HPOS="555" VPOS="755" WIDTH="69" HEIGHT="20" WC="0.96" CONTENT="sedlar"/><SP WIDTH="16" VPOS="755" HPOS="624"/>
							<String ID="string_206" HPOS="640" VPOS="757" WIDTH="56" HEIGHT="18" WC="0.96" CONTENT="emot"/><SP WIDTH="23" VPOS="757" HPOS="696"/>
							<String ID="string_207" HPOS="719" VPOS="755" WIDTH="152" HEIGHT="26" WC="0.96" CONTENT="motsvarighet"/><SP WIDTH="16" VPOS="755" HPOS="871"/>
							<String ID="string_208" HPOS="887" VPOS="755" WIDTH="5" HEIGHT="20" WC="0.96" CONTENT="i"/><SP WIDTH="18" VPOS="755" HPOS="892"/>
							<String ID="string_209" HPOS="910" VPOS="755" WIDTH="39" HEIGHT="21" WC="0.93" CONTENT="den"/><SP WIDTH="17" VPOS="755" HPOS="949"/>
							<String ID="string_210" HPOS="966" VPOS="761" WIDTH="42" HEIGHT="14" WC="0.93" CONTENT="me-"/>
						</TextLine>
						<TextLine ID="line_20" HPOS="182" VPOS="782" WIDTH="826" HEIGHT="23">
							<String ID="string_211" HPOS="182" VPOS="782" WIDTH="86" HEIGHT="21" WC="0.92" CONTENT="talliska"/><SP WIDTH="21" VPOS="782" HPOS="268"/>
							<String ID="string_212" HPOS="289" VPOS="783" WIDTH="92" HEIGHT="21" WC="0.95" CONTENT="valutan."/><SP WIDTH="33" VPOS="783" HPOS="381"/>
							<String ID="string_213" HPOS="414" VPOS="782" WIDTH="67" HEIGHT="22" WC="0.89" CONTENT="Saken"/><SP WIDTH="24" VPOS="782" HPOS="481"/>
							<String ID="string_214" HPOS="505" VPOS="783" WIDTH="33" HEIGHT="20" WC="0.95" CONTENT="får"/><SP WIDTH="23" VPOS="783" HPOS="538"/>
							<String ID="string_215" HPOS="561" VPOS="783" WIDTH="37" HEIGHT="21" WC="0.95" CONTENT="sitt"/><SP WIDTH="21" VPOS="783" HPOS="598"/>
							<String ID="string_216" HPOS="619" VPOS="785" WIDTH="55" HEIGHT="19" WC="0.96" CONTENT="rätta"/><SP WIDTH="23" VPOS="785" HPOS="674"/>
							<String ID="string_217" HPOS="697" VPOS="783" WIDTH="102" HEIGHT="21" WC="0.96" CONTENT="utseende"/><SP WIDTH="16" VPOS="783" HPOS="799"/>
							<String ID="string_218" HPOS="815" VPOS="790" WIDTH="34" HEIGHT="14" WC="0.96" CONTENT="om"/><SP WIDTH="16" VPOS="790" HPOS="849"/>
							<String ID="string_219" HPOS="865" VPOS="790" WIDTH="48" HEIGHT="15" WC="0.95" CONTENT="man"/><SP WIDTH="16" VPOS="790" HPOS="913"/>
							<String ID="string_220" HPOS="929" VPOS="783" WIDTH="79" HEIGHT="21" WC="0.96" CONTENT="vänder"/>
						</TextLine>
						<TextLine ID="line_21" HPOS="183" VPOS="811" WIDTH="825" HEIGHT="27">
							<String ID="string_221" HPOS="183" VPOS="817" WIDTH="33" HEIGHT="14" WC="0.96" CONTENT="om"/><SP WIDTH="17" VPOS="817" HPOS="216"/>
							<String ID="string_222" HPOS="233" VPOS="811" WIDTH="111" HEIGHT="26" WC="0.96" CONTENT="yttrandet"/><SP WIDTH="22" VPOS="811" HPOS="344"/>
							<String ID="string_223" HPOS="366" VPOS="811" WIDTH="39" HEIGHT="21" WC="0.96" CONTENT="och"/><SP WIDTH="16" VPOS="811" HPOS="405"/>
							<String ID="string_224" HPOS="421" VPOS="814" WIDTH="61" HEIGHT="24" WC="0.96" CONTENT="säger"/><SP WIDTH="15" VPOS="814" HPOS="482"/>
							<String ID="string_225" HPOS="497" VPOS="813" WIDTH="31" HEIGHT="19" WC="0.96" CONTENT="att"/><SP WIDTH="16" VPOS="813" HPOS="528"/>
							<String ID="string_226" HPOS="544" VPOS="811" WIDTH="41" HEIGHT="21" WC="0.96" CONTENT="alla"/><SP WIDTH="17" VPOS="811" HPOS="585"/>
							<String ID="string_227" HPOS="602" VPOS="811" WIDTH="25" HEIGHT="22" WC="0.96" CONTENT="de"/><SP WIDTH="16" VPOS="811" HPOS="627"/>
							<String ID="string_228" HPOS="643" VPOS="812" WIDTH="79" HEIGHT="26" WC="0.96" CONTENT="kapital"/><SP WIDTH="17" VPOS="812" HPOS="722"/>
							<String ID="string_229" HPOS="739" VPOS="818" WIDTH="46" HEIGHT="15" WC="0.96" CONTENT="som"/><SP WIDTH="16" VPOS="818" HPOS="785"/>
							<String ID="string_230" HPOS="801" VPOS="812" WIDTH="85" HEIGHT="21" WC="0.92" CONTENT="Banken"/><SP WIDTH="18" VPOS="812" HPOS="886"/>
							<String ID="string_231" HPOS="904" VPOS="812" WIDTH="104" HEIGHT="26" WC="0.91" CONTENT="upplånar"/>
						</TextLine>
						<TextLine ID="line_22" HPOS="181" VPOS="839" WIDTH="827" HEIGHT="28">
							<String ID="string_232" HPOS="181" VPOS="839" WIDTH="23" HEIGHT="21" WC="0.96" CONTENT="af"/><SP WIDTH="13" VPOS="839" HPOS="204"/>
							<String ID="string_233" HPOS="217" VPOS="839" WIDTH="143" HEIGHT="22" WC="0.95" CONTENT="allmänheten"/><SP WIDTH="24" VPOS="839" HPOS="360"/>
							<String ID="string_234" HPOS="384" VPOS="846" WIDTH="75" HEIGHT="20" WC="0.96" CONTENT="genom"/><SP WIDTH="24" VPOS="846" HPOS="459"/>
							<String ID="string_235" HPOS="483" VPOS="843" WIDTH="31" HEIGHT="18" WC="0.93" CONTENT="att"/><SP WIDTH="22" VPOS="843" HPOS="514"/>
							<String ID="string_236" HPOS="536" VPOS="840" WIDTH="81" HEIGHT="26" WC="0.92" CONTENT="utgifva"/><SP WIDTH="22" VPOS="840" HPOS="617"/>
							<String ID="string_237" HPOS="639" VPOS="841" WIDTH="69" HEIGHT="20" WC="0.95" CONTENT="sedlar"/><SP WIDTH="16" VPOS="841" HPOS="708"/>
							<String ID="string_238" HPOS="724" VPOS="843" WIDTH="24" HEIGHT="18" WC="0.96" CONTENT="är"/><SP WIDTH="17" VPOS="843" HPOS="748"/>
							<String ID="string_239" HPOS="765" VPOS="841" WIDTH="39" HEIGHT="20" WC="0.96" CONTENT="den"/><SP WIDTH="16" VPOS="841" HPOS="804"/>
							<String ID="string_240" HPOS="820" VPOS="841" WIDTH="82" HEIGHT="26" WC="0.96" CONTENT="skyldig"/><SP WIDTH="15" VPOS="841" HPOS="902"/>
							<String ID="string_241" HPOS="917" VPOS="843" WIDTH="31" HEIGHT="18" WC="0.93" CONTENT="att"/><SP WIDTH="15" VPOS="843" HPOS="948"/>
							<String ID="string_242" HPOS="963" VPOS="841" WIDTH="45" HEIGHT="26" WC="0.88" CONTENT="pla-"/>
						</TextLine>
						<TextLine ID="line_23" HPOS="181" VPOS="868" WIDTH="826" HEIGHT="28">
							<String ID="string_243" HPOS="181" VPOS="874" WIDTH="48" HEIGHT="15" WC="0.91" CONTENT="cera"/><SP WIDTH="17" VPOS="874" HPOS="229"/>
							<String ID="string_244" HPOS="246" VPOS="868" WIDTH="6" HEIGHT="21" WC="0.96" CONTENT="i"/><SP WIDTH="17" VPOS="868" HPOS="252"/>
							<String ID="string_245" HPOS="269" VPOS="868" WIDTH="114" HEIGHT="21" WC="0.96" CONTENT="utländska"/><SP WIDTH="15" VPOS="868" HPOS="383"/>
							<String ID="string_246" HPOS="398" VPOS="869" WIDTH="88" HEIGHT="20" WC="0.93" CONTENT="valutor."/><SP WIDTH="32" VPOS="869" HPOS="486"/>
							<String ID="string_247" HPOS="518" VPOS="869" WIDTH="74" HEIGHT="20" WC="0.91" CONTENT="Deruti"/><SP WIDTH="17" VPOS="869" HPOS="592"/>
							<String ID="string_248" HPOS="609" VPOS="869" WIDTH="65" HEIGHT="26" WC="0.96" CONTENT="ligger"/><SP WIDTH="16" VPOS="869" HPOS="674"/>
							<String ID="string_249" HPOS="690" VPOS="869" WIDTH="40" HEIGHT="21" WC="0.96" CONTENT="den"/><SP WIDTH="17" VPOS="869" HPOS="730"/>
							<String ID="string_250" HPOS="747" VPOS="869" WIDTH="132" HEIGHT="27" WC="0.93" CONTENT="synnerligen"/><SP WIDTH="17" VPOS="869" HPOS="879"/>
							<String ID="string_251" HPOS="896" VPOS="869" WIDTH="111" HEIGHT="26" WC="0.92" CONTENT="egendom-"/>
						</TextLine>
						<TextLine ID="line_24" HPOS="183" VPOS="896" WIDTH="825" HEIGHT="28">
							<String ID="string_252" HPOS="183" VPOS="896" WIDTH="41" HEIGHT="27" WC="0.95" CONTENT="liga"/><SP WIDTH="18" VPOS="896" HPOS="224"/>
							<String ID="string_253" HPOS="242" VPOS="897" WIDTH="106" HEIGHT="26" WC="0.95" CONTENT="ställning,"/><SP WIDTH="17" VPOS="897" HPOS="348"/>
							<String ID="string_254" HPOS="365" VPOS="903" WIDTH="44" HEIGHT="14" WC="0.95" CONTENT="som"/><SP WIDTH="17" VPOS="903" HPOS="409"/>
							<String ID="string_255" HPOS="426" VPOS="897" WIDTH="60" HEIGHT="21" WC="0.96" CONTENT="dessa"/><SP WIDTH="16" VPOS="897" HPOS="486"/>
							<String ID="string_256" HPOS="502" VPOS="897" WIDTH="131" HEIGHT="27" WC="0.96" CONTENT="stadganden"/><SP WIDTH="16" VPOS="897" HPOS="633"/>
							<String ID="string_257" HPOS="649" VPOS="897" WIDTH="79" HEIGHT="22" WC="0.96" CONTENT="bereda"/><SP WIDTH="17" VPOS="897" HPOS="728"/>
							<String ID="string_258" HPOS="745" VPOS="898" WIDTH="23" HEIGHT="20" WC="0.96" CONTENT="åt"/><SP WIDTH="14" VPOS="898" HPOS="768"/>
							<String ID="string_259" HPOS="782" VPOS="898" WIDTH="93" HEIGHT="21" WC="0.92" CONTENT="Banken."/><SP WIDTH="31" VPOS="898" HPOS="875"/>
							<String ID="string_260" HPOS="906" VPOS="898" WIDTH="44" HEIGHT="21" WC="0.93" CONTENT="När"/><SP WIDTH="12" VPOS="898" HPOS="950"/>
							<String ID="string_261" HPOS="962" VPOS="898" WIDTH="46" HEIGHT="20" WC="0.91" CONTENT="der-"/>
						</TextLine>
						<TextLine ID="line_25" HPOS="182" VPOS="925" WIDTH="826" HEIGHT="26">
							<String ID="string_262" HPOS="182" VPOS="925" WIDTH="33" HEIGHT="20" WC="0.96" CONTENT="för"/><SP WIDTH="16" VPOS="925" HPOS="215"/>
							<String ID="string_263" HPOS="231" VPOS="925" WIDTH="106" HEIGHT="21" WC="0.93" CONTENT="utskottet"/><SP WIDTH="22" VPOS="925" HPOS="337"/>
							<String ID="string_264" HPOS="359" VPOS="926" WIDTH="118" HEIGHT="25" WC="0.91" CONTENT="uppställer"/><SP WIDTH="21" VPOS="926" HPOS="477"/>
							<String ID="string_265" HPOS="498" VPOS="926" WIDTH="67" HEIGHT="21" WC="0.96" CONTENT="såsom"/><SP WIDTH="24" VPOS="926" HPOS="565"/>
							<String ID="string_266" HPOS="589" VPOS="933" WIDTH="24" HEIGHT="14" WC="0.96" CONTENT="en"/><SP WIDTH="26" VPOS="933" HPOS="613"/>
							<String ID="string_267" HPOS="639" VPOS="927" WIDTH="75" HEIGHT="20" WC="0.95" CONTENT="maxim"/><SP WIDTH="23" VPOS="927" HPOS="714"/>
							<String ID="string_268" HPOS="737" VPOS="928" WIDTH="32" HEIGHT="19" WC="0.96" CONTENT="att"/><SP WIDTH="16" VPOS="928" HPOS="769"/>
							<String ID="string_269" HPOS="785" VPOS="926" WIDTH="97" HEIGHT="21" WC="0.96" CONTENT="Bankens"/><SP WIDTH="16" VPOS="926" HPOS="882"/>
							<String ID="string_270" HPOS="898" VPOS="926" WIDTH="110" HEIGHT="21" WC="0.95" CONTENT="inhemska"/>
						</TextLine>
						<TextLine ID="line_26" HPOS="181" VPOS="954" WIDTH="827" HEIGHT="27">
							<String ID="string_271" HPOS="181" VPOS="955" WIDTH="69" HEIGHT="19" WC="0.92" CONTENT="vexel-"/><SP WIDTH="17" VPOS="955" HPOS="250"/>
							<String ID="string_272" HPOS="267" VPOS="954" WIDTH="38" HEIGHT="21" WC="0.93" CONTENT="och"/><SP WIDTH="17" VPOS="954" HPOS="305"/>
							<String ID="string_273" HPOS="322" VPOS="954" WIDTH="128" HEIGHT="21" WC="0.91" CONTENT="länerörelse"/><SP WIDTH="23" VPOS="954" HPOS="450"/>
							<String ID="string_274" HPOS="473" VPOS="954" WIDTH="175" HEIGHT="27" WC="0.96" CONTENT="hufvudsakligen"/><SP WIDTH="24" VPOS="954" HPOS="648"/>
							<String ID="string_275" HPOS="672" VPOS="955" WIDTH="39" HEIGHT="20" WC="0.93" CONTENT="bör"/><SP WIDTH="23" VPOS="955" HPOS="711"/>
							<String ID="string_276" HPOS="734" VPOS="955" WIDTH="45" HEIGHT="20" WC="0.92" CONTENT="afse"/><SP WIDTH="21" VPOS="955" HPOS="779"/>
							<String ID="string_277" HPOS="800" VPOS="957" WIDTH="30" HEIGHT="19" WC="0.95" CONTENT="ett"/><SP WIDTH="16" VPOS="957" HPOS="830"/>
							<String ID="string_278" HPOS="846" VPOS="955" WIDTH="72" HEIGHT="21" WC="0.91" CONTENT="säkert"/><SP WIDTH="15" VPOS="955" HPOS="918"/>
							<String ID="string_279" HPOS="933" VPOS="955" WIDTH="75" HEIGHT="20" WC="0.92" CONTENT="förval-"/>
						</TextLine>
						<TextLine ID="line_27" HPOS="181" VPOS="983" WIDTH="826" HEIGHT="27">
							<String ID="string_280" HPOS="181" VPOS="983" WIDTH="64" HEIGHT="20" WC="0.96" CONTENT="tande"/><SP WIDTH="17" VPOS="983" HPOS="245"/>
							<String ID="string_281" HPOS="262" VPOS="983" WIDTH="22" HEIGHT="20" WC="0.93" CONTENT="af"/><SP WIDTH="14" VPOS="983" HPOS="284"/>
							<String ID="string_282" HPOS="298" VPOS="983" WIDTH="98" HEIGHT="20" WC="0.95" CONTENT="Bankens"/><SP WIDTH="23" VPOS="983" HPOS="396"/>
							<String ID="string_283" HPOS="419" VPOS="985" WIDTH="47" HEIGHT="21" WC="0.95" CONTENT="eget"/><SP WIDTH="22" VPOS="985" HPOS="466"/>
							<String ID="string_284" HPOS="488" VPOS="983" WIDTH="117" HEIGHT="27" WC="0.96" CONTENT="disponibla"/><SP WIDTH="16" VPOS="983" HPOS="605"/>
							<String ID="string_285" HPOS="621" VPOS="983" WIDTH="87" HEIGHT="27" WC="0.80" CONTENT="kapital."/><SP WIDTH="18" VPOS="983" HPOS="708"/>
							<String ID="string_286" HPOS="726" VPOS="983" WIDTH="24" HEIGHT="21" WC="0.95" CONTENT="sä"/><SP WIDTH="15" VPOS="983" HPOS="750"/>
							<String ID="string_287" HPOS="765" VPOS="986" WIDTH="24" HEIGHT="18" WC="0.96" CONTENT="är"/><SP WIDTH="16" VPOS="986" HPOS="789"/>
							<String ID="string_288" HPOS="805" VPOS="983" WIDTH="57" HEIGHT="22" WC="0.94" CONTENT="detta"/><SP WIDTH="17" VPOS="983" HPOS="862"/>
							<String ID="string_289" HPOS="879" VPOS="990" WIDTH="44" HEIGHT="15" WC="0.96" CONTENT="mer"/><SP WIDTH="17" VPOS="990" HPOS="923"/>
							<String ID="string_290" HPOS="940" VPOS="985" WIDTH="25" HEIGHT="19" WC="0.96" CONTENT="än"/><SP WIDTH="17" VPOS="985" HPOS="965"/>
							<String ID="string_291" HPOS="982" VPOS="989" WIDTH="25" HEIGHT="15" WC="0.96" CONTENT="en"/>
						</TextLine>
						<TextLine ID="line_28" HPOS="181" VPOS="1011" WIDTH="827" HEIGHT="28">
							<String ID="string_292" HPOS="181" VPOS="1011" WIDTH="83" HEIGHT="26" WC="0.92" CONTENT="maxim,"/><SP WIDTH="19" VPOS="1011" HPOS="264"/>
							<String ID="string_293" HPOS="283" VPOS="1011" WIDTH="35" HEIGHT="20" WC="0.96" CONTENT="det"/><SP WIDTH="15" VPOS="1011" HPOS="318"/>
							<String ID="string_294" HPOS="333" VPOS="1013" WIDTH="24" HEIGHT="18" WC="0.96" CONTENT="är"/><SP WIDTH="16" VPOS="1013" HPOS="357"/>
							<String ID="string_295" HPOS="373" VPOS="1017" WIDTH="25" HEIGHT="15" WC="0.92" CONTENT="en"/><SP WIDTH="16" VPOS="1017" HPOS="398"/>
							<String ID="string_296" HPOS="414" VPOS="1011" WIDTH="156" HEIGHT="26" WC="0.92" CONTENT="nödvändighet"/><SP WIDTH="22" VPOS="1011" HPOS="570"/>
							<String ID="string_297" HPOS="592" VPOS="1011" WIDTH="33" HEIGHT="21" WC="0.96" CONTENT="för"/><SP WIDTH="15" VPOS="1011" HPOS="625"/>
							<String ID="string_298" HPOS="640" VPOS="1012" WIDTH="87" HEIGHT="21" WC="0.93" CONTENT="Banken"/><SP WIDTH="18" VPOS="1012" HPOS="727"/>
							<String ID="string_299" HPOS="745" VPOS="1014" WIDTH="33" HEIGHT="19" WC="0.92" CONTENT="ait"/><SP WIDTH="16" VPOS="1014" HPOS="778"/>
							<String ID="string_300" HPOS="794" VPOS="1013" WIDTH="22" HEIGHT="20" WC="0.96" CONTENT="sä"/><SP WIDTH="15" VPOS="1013" HPOS="816"/>
							<String ID="string_301" HPOS="831" VPOS="1014" WIDTH="57" HEIGHT="25" WC="0.96" CONTENT="göra,"/><SP WIDTH="16" VPOS="1014" HPOS="888"/>
							<String ID="string_302" HPOS="904" VPOS="1015" WIDTH="22" HEIGHT="24" WC="0.93" CONTENT="ty"/><SP WIDTH="16" VPOS="1015" HPOS="926"/>
							<String ID="string_303" HPOS="942" VPOS="1012" WIDTH="66" HEIGHT="26" WC="0.92" CONTENT="regle-"/>
						</TextLine>
						<TextLine ID="line_29" HPOS="181" VPOS="1039" WIDTH="827" HEIGHT="28">
							<String ID="string_304" HPOS="181" VPOS="1041" WIDTH="81" HEIGHT="20" WC="0.92" CONTENT="mentet"/><SP WIDTH="15" VPOS="1041" HPOS="262"/>
							<String ID="string_305" HPOS="277" VPOS="1039" WIDTH="136" HEIGHT="22" WC="0.91" CONTENT="föreskrifver"/><SP WIDTH="23" VPOS="1039" HPOS="413"/>
							<String ID="string_306" HPOS="436" VPOS="1040" WIDTH="41" HEIGHT="21" WC="0.92" CONTENT="det."/><SP WIDTH="30" VPOS="1040" HPOS="477"/>
							<String ID="string_307" HPOS="507" VPOS="1040" WIDTH="168" HEIGHT="21" WC="0.90" CONTENT="Bankutskottet"/><SP WIDTH="21" VPOS="1040" HPOS="675"/>
							<String ID="string_308" HPOS="696" VPOS="1041" WIDTH="40" HEIGHT="21" WC="0.91" CONTENT="har"/><SP WIDTH="23" VPOS="1041" HPOS="736"/>
							<String ID="string_309" HPOS="759" VPOS="1041" WIDTH="117" HEIGHT="21" WC="0.91" CONTENT="emellertid"/><SP WIDTH="16" VPOS="1041" HPOS="876"/>
							<String ID="string_310" HPOS="892" VPOS="1041" WIDTH="68" HEIGHT="26" WC="0.90" CONTENT="tillagt"/><SP WIDTH="16" VPOS="1041" HPOS="960"/>
							<String ID="string_311" HPOS="976" VPOS="1042" WIDTH="32" HEIGHT="19" WC="0.97" CONTENT="att"/>
						</TextLine>
						<TextLine ID="line_30" HPOS="180" VPOS="1068" WIDTH="827" HEIGHT="28">
							<String ID="string_312" HPOS="180" VPOS="1068" WIDTH="84" HEIGHT="21" WC="0.92" CONTENT="utöfver"/><SP WIDTH="15" VPOS="1068" HPOS="264"/>
							<String ID="string_313" HPOS="279" VPOS="1068" WIDTH="93" HEIGHT="21" WC="0.93" CONTENT="berörda"/><SP WIDTH="14" VPOS="1068" HPOS="372"/>
							<String ID="string_314" HPOS="386" VPOS="1069" WIDTH="81" HEIGHT="25" WC="0.92" CONTENT="kapital"/><SP WIDTH="17" VPOS="1069" HPOS="467"/>
							<String ID="string_315" HPOS="484" VPOS="1069" WIDTH="69" HEIGHT="21" WC="0.96" CONTENT="kunde"/><SP WIDTH="9" VPOS="1069" HPOS="553"/>
							<String ID="string_316" HPOS="562" VPOS="1069" WIDTH="67" HEIGHT="21" WC="0.93" CONTENT="under"/><SP WIDTH="9" VPOS="1069" HPOS="629"/>
							<String ID="string_317" HPOS="638" VPOS="1070" WIDTH="84" HEIGHT="25" WC="0.91" CONTENT="tryckta"/><SP WIDTH="16" VPOS="1070" HPOS="722"/>
							<String ID="string_318" HPOS="738" VPOS="1069" WIDTH="56" HEIGHT="21" WC="0.96" CONTENT="tider"/><SP WIDTH="16" VPOS="1069" HPOS="794"/>
							<String ID="string_319" HPOS="810" VPOS="1069" WIDTH="33" HEIGHT="21" WC="0.93" CONTENT="för"/><SP WIDTH="15" VPOS="1069" HPOS="843"/>
							<String ID="string_320" HPOS="858" VPOS="1070" WIDTH="95" HEIGHT="26" WC="0.92" CONTENT="utläning"/><SP WIDTH="14" VPOS="1070" HPOS="953"/>
							<String ID="string_321" HPOS="967" VPOS="1069" WIDTH="40" HEIGHT="21" WC="0.91" CONTENT="till-"/>
						</TextLine>
						<TextLine ID="line_31" HPOS="180" VPOS="1097" WIDTH="828" HEIGHT="26">
							<String ID="string_322" HPOS="180" VPOS="1097" WIDTH="72" HEIGHT="26" WC="0.92" CONTENT="gripas"/><SP WIDTH="17" VPOS="1097" HPOS="252"/>
							<String ID="string_323" HPOS="269" VPOS="1097" WIDTH="25" HEIGHT="20" WC="0.93" CONTENT="de"/><SP WIDTH="16" VPOS="1097" HPOS="294"/>
							<String ID="string_324" HPOS="310" VPOS="1097" WIDTH="60" HEIGHT="26" WC="0.92" CONTENT="tjugu"/><SP WIDTH="16" VPOS="1097" HPOS="370"/>
							<String ID="string_325" HPOS="386" VPOS="1097" WIDTH="110" HEIGHT="26" WC="0.92" CONTENT="millioner,"/><SP WIDTH="16" VPOS="1097" HPOS="496"/>
							<String ID="string_326" HPOS="512" VPOS="1097" WIDTH="100" HEIGHT="22" WC="0.92" CONTENT="hvarmed"/><SP WIDTH="17" VPOS="1097" HPOS="612"/>
							<String ID="string_327" HPOS="629" VPOS="1098" WIDTH="185" HEIGHT="21" WC="0.92" CONTENT="sedelemissionen"/><SP WIDTH="17" VPOS="1098" HPOS="814"/>
							<String ID="string_328" HPOS="831" VPOS="1098" WIDTH="31" HEIGHT="21" WC="0.92" CONTENT="fär"/><SP WIDTH="16" VPOS="1098" HPOS="862"/>
							<String ID="string_329" HPOS="878" VPOS="1098" WIDTH="130" HEIGHT="21" WC="0.92" CONTENT="öfverskrida"/>
						</TextLine>
						<TextLine ID="line_32" HPOS="181" VPOS="1125" WIDTH="827" HEIGHT="28">
							<String ID="string_330" HPOS="181" VPOS="1125" WIDTH="40" HEIGHT="20" WC="0.91" CONTENT="den"/><SP WIDTH="26" VPOS="1125" HPOS="221"/>
							<String ID="string_331" HPOS="247" VPOS="1125" WIDTH="121" HEIGHT="21" WC="0.91" CONTENT="metalliska"/><SP WIDTH="24" VPOS="1125" HPOS="368"/>
							<String ID="string_332" HPOS="392" VPOS="1126" WIDTH="91" HEIGHT="21" WC="0.91" CONTENT="valutan."/><SP WIDTH="31" VPOS="1126" HPOS="483"/>
							<String ID="string_333" HPOS="514" VPOS="1126" WIDTH="167" HEIGHT="21" WC="0.91" CONTENT="Bankutskottet"/><SP WIDTH="21" VPOS="1126" HPOS="681"/>
							<String ID="string_334" HPOS="702" VPOS="1127" WIDTH="40" HEIGHT="20" WC="0.93" CONTENT="har"/><SP WIDTH="20" VPOS="1127" HPOS="742"/>
							<String ID="string_335" HPOS="762" VPOS="1127" WIDTH="107" HEIGHT="26" WC="0.93" CONTENT="dervidlag"/><SP WIDTH="16" VPOS="1127" HPOS="869"/>
							<String ID="string_336" HPOS="885" VPOS="1129" WIDTH="123" HEIGHT="19" WC="0.90" CONTENT="resonnerat"/>
						</TextLine>
						<TextLine ID="line_33" HPOS="180" VPOS="1153" WIDTH="828" HEIGHT="29">
							<String ID="string_337" HPOS="180" VPOS="1153" WIDTH="70" HEIGHT="21" WC="0.92" CONTENT="säsom"/><SP WIDTH="19" VPOS="1153" HPOS="250"/>
							<String ID="string_338" HPOS="269" VPOS="1154" WIDTH="68" HEIGHT="21" WC="0.96" CONTENT="skulle"/><SP WIDTH="17" VPOS="1154" HPOS="337"/>
							<String ID="string_339" HPOS="354" VPOS="1154" WIDTH="36" HEIGHT="21" WC="0.93" CONTENT="det"/><SP WIDTH="16" VPOS="1154" HPOS="390"/>
							<String ID="string_340" HPOS="406" VPOS="1154" WIDTH="50" HEIGHT="21" WC="0.91" CONTENT="bero"/><SP WIDTH="25" VPOS="1154" HPOS="456"/>
							<String ID="string_341" HPOS="481" VPOS="1154" WIDTH="53" HEIGHT="21" WC="0.89" CONTENT="blott"/><SP WIDTH="16" VPOS="1154" HPOS="534"/>
							<String ID="string_342" HPOS="550" VPOS="1156" WIDTH="27" HEIGHT="25" WC="0.96" CONTENT="pä"/><SP WIDTH="15" VPOS="1156" HPOS="577"/>
							<String ID="string_343" HPOS="592" VPOS="1155" WIDTH="87" HEIGHT="21" WC="0.96" CONTENT="Banken"/><SP WIDTH="17" VPOS="1155" HPOS="679"/>
							<String ID="string_344" HPOS="696" VPOS="1157" WIDTH="32" HEIGHT="19" WC="0.93" CONTENT="att"/><SP WIDTH="16" VPOS="1157" HPOS="728"/>
							<String ID="string_345" HPOS="744" VPOS="1156" WIDTH="84" HEIGHT="26" WC="0.92" CONTENT="placera"/><SP WIDTH="16" VPOS="1156" HPOS="828"/>
							<String ID="string_346" HPOS="844" VPOS="1159" WIDTH="23" HEIGHT="17" WC="0.96" CONTENT="ut"/><SP WIDTH="16" VPOS="1159" HPOS="867"/>
							<String ID="string_347" HPOS="883" VPOS="1156" WIDTH="61" HEIGHT="21" WC="0.93" CONTENT="dessa"/><SP WIDTH="16" VPOS="1156" HPOS="944"/>
							<String ID="string_348" HPOS="960" VPOS="1155" WIDTH="48" HEIGHT="21" WC="0.90" CONTENT="sed-"/>
						</TextLine>
						<TextLine ID="line_34" HPOS="180" VPOS="1183" WIDTH="827" HEIGHT="27">
							<String ID="string_349" HPOS="180" VPOS="1183" WIDTH="38" HEIGHT="20" WC="0.87" CONTENT="lar."/><SP WIDTH="34" VPOS="1183" HPOS="218"/>
							<String ID="string_350" HPOS="252" VPOS="1183" WIDTH="64" HEIGHT="20" WC="0.93" CONTENT="Detta"/><SP WIDTH="23" VPOS="1183" HPOS="316"/>
							<String ID="string_351" HPOS="339" VPOS="1184" WIDTH="23" HEIGHT="19" WC="0.95" CONTENT="är"/><SP WIDTH="24" VPOS="1184" HPOS="362"/>
							<String ID="string_352" HPOS="386" VPOS="1183" WIDTH="52" HEIGHT="21" WC="0.93" CONTENT="dock"/><SP WIDTH="22" VPOS="1183" HPOS="438"/>
							<String ID="string_353" HPOS="460" VPOS="1183" WIDTH="46" HEIGHT="21" WC="0.95" CONTENT="icke"/><SP WIDTH="24" VPOS="1183" HPOS="506"/>
							<String ID="string_354" HPOS="530" VPOS="1190" WIDTH="25" HEIGHT="14" WC="0.96" CONTENT="en"/><SP WIDTH="22" VPOS="1190" HPOS="555"/>
							<String ID="string_355" HPOS="577" VPOS="1184" WIDTH="38" HEIGHT="20" WC="0.96" CONTENT="sak"/><SP WIDTH="23" VPOS="1184" HPOS="615"/>
							<String ID="string_356" HPOS="638" VPOS="1190" WIDTH="44" HEIGHT="15" WC="0.96" CONTENT="som"/><SP WIDTH="22" VPOS="1190" HPOS="682"/>
							<String ID="string_357" HPOS="704" VPOS="1185" WIDTH="64" HEIGHT="20" WC="0.95" CONTENT="beror"/><SP WIDTH="20" VPOS="1185" HPOS="768"/>
							<String ID="string_358" HPOS="788" VPOS="1184" WIDTH="26" HEIGHT="26" WC="0.96" CONTENT="pä"/><SP WIDTH="16" VPOS="1184" HPOS="814"/>
							<String ID="string_359" HPOS="830" VPOS="1184" WIDTH="39" HEIGHT="21" WC="0.93" CONTENT="den"/><SP WIDTH="17" VPOS="1184" HPOS="869"/>
							<String ID="string_360" HPOS="886" VPOS="1184" WIDTH="121" HEIGHT="26" WC="0.92" CONTENT="sedelutgif-"/>
						</TextLine>
						<TextLine ID="line_35" HPOS="180" VPOS="1211" WIDTH="826" HEIGHT="28">
							<String ID="string_361" HPOS="180" VPOS="1211" WIDTH="68" HEIGHT="20" WC="0.96" CONTENT="vande"/><SP WIDTH="16" VPOS="1211" HPOS="248"/>
							<String ID="string_362" HPOS="264" VPOS="1211" WIDTH="94" HEIGHT="22" WC="0.80" CONTENT="Banken."/><SP WIDTH="33" VPOS="1211" HPOS="358"/>
							<String ID="string_363" HPOS="391" VPOS="1211" WIDTH="35" HEIGHT="21" WC="0.95" CONTENT="Uti"/><SP WIDTH="16" VPOS="1211" HPOS="426"/>
							<String ID="string_364" HPOS="442" VPOS="1211" WIDTH="71" HEIGHT="27" WC="0.96" CONTENT="hvarje"/><SP WIDTH="16" VPOS="1211" HPOS="513"/>
							<String ID="string_365" HPOS="529" VPOS="1212" WIDTH="113" HEIGHT="27" WC="0.95" CONTENT="ögonblick"/><SP WIDTH="16" VPOS="1212" HPOS="642"/>
							<String ID="string_366" HPOS="658" VPOS="1214" WIDTH="23" HEIGHT="19" WC="0.96" CONTENT="är"/><SP WIDTH="16" VPOS="1214" HPOS="681"/>
							<String ID="string_367" HPOS="697" VPOS="1213" WIDTH="41" HEIGHT="20" WC="0.93" CONTENT="den"/><SP WIDTH="17" VPOS="1213" HPOS="738"/>
							<String ID="string_368" HPOS="755" VPOS="1213" WIDTH="105" HEIGHT="26" WC="0.92" CONTENT="gvantitet"/><SP WIDTH="15" VPOS="1213" HPOS="860"/>
							<String ID="string_369" HPOS="875" VPOS="1213" WIDTH="75" HEIGHT="25" WC="0.96" CONTENT="sedlar,"/><SP WIDTH="13" VPOS="1213" HPOS="950"/>
							<String ID="string_370" HPOS="963" VPOS="1219" WIDTH="43" HEIGHT="15" WC="0.97" CONTENT="som"/>
						</TextLine>
						<TextLine ID="line_36" HPOS="181" VPOS="1239" WIDTH="826" HEIGHT="28">
							<String ID="string_371" HPOS="181" VPOS="1239" WIDTH="73" HEIGHT="21" WC="0.92" CONTENT="trifves"/><SP WIDTH="16" VPOS="1239" HPOS="254"/>
							<String ID="string_372" HPOS="270" VPOS="1241" WIDTH="6" HEIGHT="19" WC="0.93" CONTENT="i"/><SP WIDTH="17" VPOS="1241" HPOS="276"/>
							<String ID="string_373" HPOS="293" VPOS="1239" WIDTH="100" HEIGHT="25" WC="0.93" CONTENT="rörelsen,"/><SP WIDTH="22" VPOS="1239" HPOS="393"/>
							<String ID="string_374" HPOS="415" VPOS="1243" WIDTH="102" HEIGHT="24" WC="0.93" CONTENT="noggrant"/><SP WIDTH="22" VPOS="1243" HPOS="517"/>
							<String ID="string_375" HPOS="539" VPOS="1241" WIDTH="68" HEIGHT="26" WC="0.92" CONTENT="gifven"/><SP WIDTH="18" VPOS="1241" HPOS="607"/>
							<String ID="string_376" HPOS="625" VPOS="1241" WIDTH="38" HEIGHT="21" WC="0.96" CONTENT="och"/><SP WIDTH="16" VPOS="1241" HPOS="663"/>
							<String ID="string_377" HPOS="679" VPOS="1241" WIDTH="104" HEIGHT="21" WC="0.91" CONTENT="bestämd."/><SP WIDTH="31" VPOS="1241" HPOS="783"/>
							<String ID="string_378" HPOS="814" VPOS="1242" WIDTH="45" HEIGHT="21" WC="0.96" CONTENT="Den"/><SP WIDTH="17" VPOS="1242" HPOS="859"/>
							<String ID="string_379" HPOS="876" VPOS="1241" WIDTH="40" HEIGHT="21" WC="0.93" CONTENT="kan"/><SP WIDTH="16" VPOS="1241" HPOS="916"/>
							<String ID="string_380" HPOS="932" VPOS="1242" WIDTH="75" HEIGHT="21" WC="0.92" CONTENT="visser-"/>
						</TextLine>
						<TextLine ID="line_37" HPOS="180" VPOS="1268" WIDTH="828" HEIGHT="29">
							<String ID="string_381" HPOS="180" VPOS="1268" WIDTH="55" HEIGHT="26" WC="0.92" CONTENT="ligen"/><SP WIDTH="18" VPOS="1268" HPOS="235"/>
							<String ID="string_382" HPOS="253" VPOS="1268" WIDTH="87" HEIGHT="27" WC="0.92" CONTENT="variera,"/><SP WIDTH="24" VPOS="1268" HPOS="340"/>
							<String ID="string_383" HPOS="364" VPOS="1275" WIDTH="46" HEIGHT="15" WC="0.96" CONTENT="men"/><SP WIDTH="23" VPOS="1275" HPOS="410"/>
							<String ID="string_384" HPOS="433" VPOS="1276" WIDTH="74" HEIGHT="20" WC="0.93" CONTENT="genom"/><SP WIDTH="22" VPOS="1276" HPOS="507"/>
							<String ID="string_385" HPOS="529" VPOS="1270" WIDTH="98" HEIGHT="20" WC="0.90" CONTENT="Bankens"/><SP WIDTH="15" VPOS="1270" HPOS="627"/>
							<String ID="string_386" HPOS="642" VPOS="1270" WIDTH="76" HEIGHT="26" WC="0.92" CONTENT="ätgärd"/><SP WIDTH="17" VPOS="1270" HPOS="718"/>
							<String ID="string_387" HPOS="735" VPOS="1270" WIDTH="41" HEIGHT="21" WC="0.96" CONTENT="kan"/><SP WIDTH="17" VPOS="1270" HPOS="776"/>
							<String ID="string_388" HPOS="793" VPOS="1270" WIDTH="46" HEIGHT="21" WC="0.93" CONTENT="dess"/><SP WIDTH="16" VPOS="1270" HPOS="839"/>
							<String ID="string_389" HPOS="855" VPOS="1270" WIDTH="77" HEIGHT="27" WC="0.92" CONTENT="belopp"/><SP WIDTH="16" VPOS="1270" HPOS="932"/>
							<String ID="string_390" HPOS="948" VPOS="1270" WIDTH="60" HEIGHT="20" WC="0.92" CONTENT="hvar-"/>
						</TextLine>
						<TextLine ID="line_38" HPOS="180" VPOS="1296" WIDTH="828" HEIGHT="29">
							<String ID="string_391" HPOS="180" VPOS="1296" WIDTH="40" HEIGHT="22" WC="0.93" CONTENT="ken"/><SP WIDTH="18" VPOS="1296" HPOS="220"/>
							<String ID="string_392" HPOS="238" VPOS="1297" WIDTH="52" HEIGHT="21" WC="0.91" CONTENT="ökas"/><SP WIDTH="16" VPOS="1297" HPOS="290"/>
							<String ID="string_393" HPOS="306" VPOS="1297" WIDTH="52" HEIGHT="21" WC="0.93" CONTENT="eller"/><SP WIDTH="16" VPOS="1297" HPOS="358"/>
							<String ID="string_394" HPOS="374" VPOS="1298" WIDTH="99" HEIGHT="21" WC="0.92" CONTENT="minskas."/><SP WIDTH="31" VPOS="1298" HPOS="473"/>
							<String ID="string_395" HPOS="504" VPOS="1298" WIDTH="44" HEIGHT="21" WC="0.93" CONTENT="När"/><SP WIDTH="15" VPOS="1298" HPOS="548"/>
							<String ID="string_396" HPOS="563" VPOS="1298" WIDTH="83" HEIGHT="22" WC="0.91" CONTENT="säledes"/><SP WIDTH="11" VPOS="1298" HPOS="646"/>
							<String ID="string_397" HPOS="657" VPOS="1299" WIDTH="169" HEIGHT="21" WC="0.92" CONTENT="Bankutskottet"/><SP WIDTH="11" VPOS="1299" HPOS="826"/>
							<String ID="string_398" HPOS="837" VPOS="1301" WIDTH="61" HEIGHT="24" WC="0.97" CONTENT="säger"/><SP WIDTH="13" VPOS="1301" HPOS="898"/>
							<String ID="string_399" HPOS="911" VPOS="1301" WIDTH="32" HEIGHT="19" WC="0.93" CONTENT="att"/><SP WIDTH="10" VPOS="1301" HPOS="943"/>
							<String ID="string_400" HPOS="953" VPOS="1299" WIDTH="55" HEIGHT="20" WC="0.93" CONTENT="Ban-"/>
						</TextLine>
						<TextLine ID="line_39" HPOS="180" VPOS="1325" WIDTH="828" HEIGHT="29">
							<String ID="string_401" HPOS="180" VPOS="1325" WIDTH="40" HEIGHT="21" WC="0.96" CONTENT="ken"/><SP WIDTH="17" VPOS="1325" HPOS="220"/>
							<String ID="string_402" HPOS="237" VPOS="1325" WIDTH="39" HEIGHT="21" WC="0.95" CONTENT="bör"/><SP WIDTH="16" VPOS="1325" HPOS="276"/>
							<String ID="string_403" HPOS="292" VPOS="1326" WIDTH="4" HEIGHT="20" WC="0.95" CONTENT="i"/><SP WIDTH="17" VPOS="1326" HPOS="296"/>
							<String ID="string_404" HPOS="313" VPOS="1326" WIDTH="35" HEIGHT="21" WC="0.96" CONTENT="fall"/><SP WIDTH="17" VPOS="1326" HPOS="348"/>
							<String ID="string_405" HPOS="365" VPOS="1326" WIDTH="21" HEIGHT="20" WC="0.93" CONTENT="af"/><SP WIDTH="16" VPOS="1326" HPOS="386"/>
							<String ID="string_406" HPOS="402" VPOS="1326" WIDTH="63" HEIGHT="21" WC="0.92" CONTENT="behof"/><SP WIDTH="15" VPOS="1326" HPOS="465"/>
							<String ID="string_407" HPOS="480" VPOS="1326" WIDTH="71" HEIGHT="22" WC="0.93" CONTENT="kunna"/><SP WIDTH="14" VPOS="1326" HPOS="551"/>
							<String ID="string_408" HPOS="565" VPOS="1327" WIDTH="61" HEIGHT="27" WC="0.92" CONTENT="gripa"/><SP WIDTH="15" VPOS="1327" HPOS="626"/>
							<String ID="string_409" HPOS="641" VPOS="1328" WIDTH="31" HEIGHT="20" WC="0.93" CONTENT="till"/><SP WIDTH="18" VPOS="1328" HPOS="672"/>
							<String ID="string_410" HPOS="690" VPOS="1328" WIDTH="161" HEIGHT="25" WC="0.91" CONTENT="ifrägavarande"/><SP WIDTH="12" VPOS="1328" HPOS="851"/>
							<String ID="string_411" HPOS="863" VPOS="1328" WIDTH="58" HEIGHT="26" WC="0.88" CONTENT="tjugo"/><SP WIDTH="12" VPOS="1328" HPOS="921"/>
							<String ID="string_412" HPOS="933" VPOS="1327" WIDTH="75" HEIGHT="21" WC="0.91" CONTENT="millio-"/>
						</TextLine>
						<TextLine ID="line_40" HPOS="180" VPOS="1354" WIDTH="828" HEIGHT="28">
							<String ID="string_413" HPOS="180" VPOS="1360" WIDTH="44" HEIGHT="20" WC="0.91" CONTENT="ner,"/><SP WIDTH="17" VPOS="1360" HPOS="224"/>
							<String ID="string_414" HPOS="241" VPOS="1355" WIDTH="24" HEIGHT="20" WC="0.95" CONTENT="sä"/><SP WIDTH="16" VPOS="1355" HPOS="265"/>
							<String ID="string_415" HPOS="281" VPOS="1354" WIDTH="35" HEIGHT="21" WC="0.96" CONTENT="vill"/><SP WIDTH="17" VPOS="1354" HPOS="316"/>
							<String ID="string_416" HPOS="333" VPOS="1355" WIDTH="36" HEIGHT="20" WC="0.93" CONTENT="det"/><SP WIDTH="15" VPOS="1355" HPOS="369"/>
							<String ID="string_417" HPOS="384" VPOS="1357" WIDTH="57" HEIGHT="24" WC="0.92" CONTENT="säga,"/><SP WIDTH="16" VPOS="1357" HPOS="441"/>
							<String ID="string_418" HPOS="457" VPOS="1357" WIDTH="32" HEIGHT="19" WC="0.96" CONTENT="att"/><SP WIDTH="14" VPOS="1357" HPOS="489"/>
							<String ID="string_419" HPOS="503" VPOS="1355" WIDTH="87" HEIGHT="21" WC="0.93" CONTENT="Banken"/><SP WIDTH="23" VPOS="1355" HPOS="590"/>
							<String ID="string_420" HPOS="613" VPOS="1356" WIDTH="85" HEIGHT="26" WC="0.91" CONTENT="älägges"/><SP WIDTH="21" VPOS="1356" HPOS="698"/>
							<String ID="string_421" HPOS="719" VPOS="1359" WIDTH="33" HEIGHT="17" WC="0.96" CONTENT="att"/><SP WIDTH="21" VPOS="1359" HPOS="752"/>
							<String ID="string_422" HPOS="773" VPOS="1356" WIDTH="66" HEIGHT="21" WC="0.93" CONTENT="under"/><SP WIDTH="16" VPOS="1356" HPOS="839"/>
							<String ID="string_423" HPOS="855" VPOS="1356" WIDTH="84" HEIGHT="26" WC="0.93" CONTENT="vanliga"/><SP WIDTH="15" VPOS="1356" HPOS="939"/>
							<String ID="string_424" HPOS="954" VPOS="1356" WIDTH="54" HEIGHT="20" WC="0.96" CONTENT="tider"/>
						</TextLine>
						<TextLine ID="line_41" HPOS="179" VPOS="1382" WIDTH="828" HEIGHT="28">
							<String ID="string_425" HPOS="179" VPOS="1382" WIDTH="86" HEIGHT="26" WC="0.92" CONTENT="placera"/><SP WIDTH="16" VPOS="1382" HPOS="265"/>
							<String ID="string_426" HPOS="281" VPOS="1385" WIDTH="56" HEIGHT="19" WC="0.93" CONTENT="ännu"/><SP WIDTH="16" VPOS="1385" HPOS="337"/>
							<String ID="string_427" HPOS="353" VPOS="1383" WIDTH="59" HEIGHT="27" WC="0.90" CONTENT="tjugo"/><SP WIDTH="17" VPOS="1383" HPOS="412"/>
							<String ID="string_428" HPOS="429" VPOS="1384" WIDTH="103" HEIGHT="20" WC="0.92" CONTENT="millioner"/><SP WIDTH="16" VPOS="1384" HPOS="532"/>
							<String ID="string_429" HPOS="548" VPOS="1384" WIDTH="5" HEIGHT="20" WC="0.96" CONTENT="i"/><SP WIDTH="13" VPOS="1384" HPOS="553"/>
							<String ID="string_430" HPOS="566" VPOS="1384" WIDTH="114" HEIGHT="21" WC="0.93" CONTENT="utländska"/><SP WIDTH="16" VPOS="1384" HPOS="680"/>
							<String ID="string_431" HPOS="696" VPOS="1385" WIDTH="92" HEIGHT="25" WC="0.92" CONTENT="valutor,"/><SP WIDTH="17" VPOS="1385" HPOS="788"/>
							<String ID="string_432" HPOS="805" VPOS="1386" WIDTH="81" HEIGHT="19" WC="0.92" CONTENT="utöfver"/><SP WIDTH="16" VPOS="1386" HPOS="886"/>
							<String ID="string_433" HPOS="902" VPOS="1384" WIDTH="54" HEIGHT="21" WC="0.92" CONTENT="hvad"/><SP WIDTH="12" VPOS="1384" HPOS="956"/>
							<String ID="string_434" HPOS="968" VPOS="1384" WIDTH="39" HEIGHT="21" WC="0.96" CONTENT="den"/>
						</TextLine>
						<TextLine ID="line_42" HPOS="180" VPOS="1411" WIDTH="829" HEIGHT="29">
							<String ID="string_435" HPOS="180" VPOS="1411" WIDTH="66" HEIGHT="26" WC="0.93" CONTENT="enligt"/><SP WIDTH="16" VPOS="1411" HPOS="246"/>
							<String ID="string_436" HPOS="262" VPOS="1412" WIDTH="140" HEIGHT="25" WC="0.91" CONTENT="reglementet"/><SP WIDTH="23" VPOS="1412" HPOS="402"/>
							<String ID="string_437" HPOS="425" VPOS="1412" WIDTH="98" HEIGHT="21" WC="0.92" CONTENT="behöfver"/><SP WIDTH="20" VPOS="1412" HPOS="523"/>
							<String ID="string_438" HPOS="543" VPOS="1415" WIDTH="58" HEIGHT="24" WC="0.92" CONTENT="göra."/><SP WIDTH="32" VPOS="1415" HPOS="601"/>
							<String ID="string_439" HPOS="633" VPOS="1413" WIDTH="113" HEIGHT="27" WC="0.91" CONTENT="Meningen"/><SP WIDTH="17" VPOS="1413" HPOS="746"/>
							<String ID="string_440" HPOS="763" VPOS="1420" WIDTH="49" HEIGHT="14" WC="0.92" CONTENT="vore"/><SP WIDTH="16" VPOS="1420" HPOS="812"/>
							<String ID="string_441" HPOS="828" VPOS="1414" WIDTH="133" HEIGHT="26" WC="0.91" CONTENT="naturligtvis"/><SP WIDTH="16" VPOS="1414" HPOS="961"/>
							<String ID="string_442" HPOS="977" VPOS="1415" WIDTH="32" HEIGHT="19" WC="0.96" CONTENT="att"/>
						</TextLine>
						<TextLine ID="line_43" HPOS="257" VPOS="1440" WIDTH="752" HEIGHT="27">
							<String ID="string_443" HPOS="257" VPOS="1456" WIDTH="11" HEIGHT="4" WC="0.95" CONTENT="n"/><SP WIDTH="24" VPOS="1456" HPOS="268"/>
							<String ID="string_444" HPOS="292" VPOS="1447" WIDTH="68" HEIGHT="14" WC="0.93" CONTENT="skulle"/><SP WIDTH="22" VPOS="1447" HPOS="360"/>
							<String ID="string_445" HPOS="382" VPOS="1440" WIDTH="65" HEIGHT="22" WC="0.94" CONTENT="hafva"/><SP WIDTH="21" VPOS="1440" HPOS="447"/>
							<String ID="string_446" HPOS="468" VPOS="1442" WIDTH="60" HEIGHT="20" WC="0.92" CONTENT="dessa"/><SP WIDTH="19" VPOS="1442" HPOS="528"/>
							<String ID="string_447" HPOS="547" VPOS="1442" WIDTH="84" HEIGHT="20" WC="0.95" CONTENT="valutor"/><SP WIDTH="15" VPOS="1442" HPOS="631"/>
							<String ID="string_448" HPOS="646" VPOS="1442" WIDTH="6" HEIGHT="20" WC="0.91" CONTENT="i"/><SP WIDTH="16" VPOS="1442" HPOS="652"/>
							<String ID="string_449" HPOS="668" VPOS="1448" WIDTH="73" HEIGHT="19" WC="0.96" CONTENT="reserv"/><SP WIDTH="16" VPOS="1448" HPOS="741"/>
							<String ID="string_450" HPOS="757" VPOS="1442" WIDTH="33" HEIGHT="20" WC="0.93" CONTENT="för"/><SP WIDTH="15" VPOS="1442" HPOS="790"/>
							<String ID="string_451" HPOS="805" VPOS="1442" WIDTH="127" HEIGHT="19" WC="0.96" CONTENT="kommande"/><SP WIDTH="16" VPOS="1442" HPOS="932"/>
							<String ID="string_452" HPOS="948" VPOS="1442" WIDTH="61" HEIGHT="20" WC="0.96" CONTENT="svåra"/>
						</TextLine>
						<TextLine ID="line_44" HPOS="179" VPOS="1468" WIDTH="830" HEIGHT="29">
							<String ID="string_453" HPOS="179" VPOS="1468" WIDTH="62" HEIGHT="25" WC="0.96" CONTENT="tider,"/><SP WIDTH="17" VPOS="1468" HPOS="241"/>
							<String ID="string_454" HPOS="258" VPOS="1475" WIDTH="48" HEIGHT="14" WC="0.96" CONTENT="men"/><SP WIDTH="14" VPOS="1475" HPOS="306"/>
							<String ID="string_455" HPOS="320" VPOS="1475" WIDTH="37" HEIGHT="20" WC="0.93" CONTENT="jag"/><SP WIDTH="15" VPOS="1475" HPOS="357"/>
							<String ID="string_456" HPOS="372" VPOS="1472" WIDTH="71" HEIGHT="18" WC="0.92" CONTENT="tvitlar"/><SP WIDTH="13" VPOS="1472" HPOS="443"/>
							<String ID="string_457" HPOS="456" VPOS="1470" WIDTH="37" HEIGHT="26" WC="0.96" CONTENT="jag"/><SP WIDTH="15" VPOS="1470" HPOS="493"/>
							<String ID="string_458" HPOS="508" VPOS="1470" WIDTH="27" HEIGHT="26" WC="0.96" CONTENT="pä"/><SP WIDTH="14" VPOS="1470" HPOS="535"/>
							<String ID="string_459" HPOS="549" VPOS="1472" WIDTH="33" HEIGHT="19" WC="0.93" CONTENT="att"/><SP WIDTH="15" VPOS="1472" HPOS="582"/>
							<String ID="string_460" HPOS="597" VPOS="1470" WIDTH="71" HEIGHT="21" WC="0.91" CONTENT="derest"/><SP WIDTH="20" VPOS="1470" HPOS="668"/>
							<String ID="string_461" HPOS="688" VPOS="1476" WIDTH="24" HEIGHT="15" WC="0.93" CONTENT="en"/><SP WIDTH="18" VPOS="1476" HPOS="712"/>
							<String ID="string_462" HPOS="730" VPOS="1470" WIDTH="44" HEIGHT="21" WC="0.92" CONTENT="kris"/><SP WIDTH="16" VPOS="1470" HPOS="774"/>
							<String ID="string_463" HPOS="790" VPOS="1471" WIDTH="94" HEIGHT="26" WC="0.93" CONTENT="uppstär,"/><SP WIDTH="17" VPOS="1471" HPOS="884"/>
							<String ID="string_464" HPOS="901" VPOS="1476" WIDTH="25" HEIGHT="15" WC="0.96" CONTENT="en"/><SP WIDTH="17" VPOS="1476" HPOS="926"/>
							<String ID="string_465" HPOS="943" VPOS="1470" WIDTH="66" HEIGHT="26" WC="0.96" CONTENT="Bank,"/>
						</TextLine>
						<TextLine ID="line_45" HPOS="179" VPOS="1496" WIDTH="830" HEIGHT="29">
							<String ID="string_466" HPOS="179" VPOS="1496" WIDTH="24" HEIGHT="21" WC="0.92" CONTENT="sä"/><SP WIDTH="15" VPOS="1496" HPOS="203"/>
							<String ID="string_467" HPOS="218" VPOS="1497" WIDTH="64" HEIGHT="21" WC="0.96" CONTENT="ställd"/><SP WIDTH="20" VPOS="1497" HPOS="282"/>
							<String ID="string_468" HPOS="302" VPOS="1504" WIDTH="45" HEIGHT="14" WC="0.96" CONTENT="som"/><SP WIDTH="23" VPOS="1504" HPOS="347"/>
							<String ID="string_469" HPOS="370" VPOS="1498" WIDTH="101" HEIGHT="21" WC="0.96" CONTENT="Finlands"/><SP WIDTH="22" VPOS="1498" HPOS="471"/>
							<String ID="string_470" HPOS="493" VPOS="1498" WIDTH="67" HEIGHT="26" WC="0.96" CONTENT="Bank,"/><SP WIDTH="17" VPOS="1498" HPOS="560"/>
							<String ID="string_471" HPOS="577" VPOS="1498" WIDTH="53" HEIGHT="21" WC="0.93" CONTENT="skall"/><SP WIDTH="17" VPOS="1498" HPOS="630"/>
							<String ID="string_472" HPOS="647" VPOS="1498" WIDTH="53" HEIGHT="27" WC="0.96" CONTENT="våga"/><SP WIDTH="16" VPOS="1498" HPOS="700"/>
							<String ID="string_473" HPOS="716" VPOS="1499" WIDTH="43" HEIGHT="21" WC="0.96" CONTENT="öka"/><SP WIDTH="16" VPOS="1499" HPOS="759"/>
							<String ID="string_474" HPOS="775" VPOS="1499" WIDTH="31" HEIGHT="21" WC="0.93" CONTENT="sin"/><SP WIDTH="16" VPOS="1499" HPOS="806"/>
							<String ID="string_475" HPOS="822" VPOS="1499" WIDTH="104" HEIGHT="26" WC="0.96" CONTENT="utlåning,"/><SP WIDTH="16" VPOS="1499" HPOS="926"/>
							<String ID="string_476" HPOS="942" VPOS="1498" WIDTH="67" HEIGHT="22" WC="0.96" CONTENT="måste"/>
						</TextLine>
						<TextLine ID="line_46" HPOS="180" VPOS="1525" WIDTH="829" HEIGHT="27">
							<String ID="string_477" HPOS="180" VPOS="1525" WIDTH="84" HEIGHT="21" WC="0.91" CONTENT="banken"/><SP WIDTH="16" VPOS="1525" HPOS="264"/>
							<String ID="string_478" HPOS="280" VPOS="1526" WIDTH="64" HEIGHT="21" WC="0.92" CONTENT="hafva"/><SP WIDTH="15" VPOS="1526" HPOS="344"/>
							<String ID="string_479" HPOS="359" VPOS="1533" WIDTH="25" HEIGHT="14" WC="0.93" CONTENT="en"/><SP WIDTH="17" VPOS="1533" HPOS="384"/>
							<String ID="string_480" HPOS="401" VPOS="1527" WIDTH="93" HEIGHT="21" WC="0.92" CONTENT="särdeles"/><SP WIDTH="15" VPOS="1527" HPOS="494"/>
							<String ID="string_481" HPOS="509" VPOS="1527" WIDTH="60" HEIGHT="21" WC="0.92" CONTENT="intim"/><SP WIDTH="16" VPOS="1527" HPOS="569"/>
							<String ID="string_482" HPOS="585" VPOS="1527" WIDTH="119" HEIGHT="21" WC="0.91" CONTENT="kännedom"/><SP WIDTH="18" VPOS="1527" HPOS="704"/>
							<String ID="string_483" HPOS="722" VPOS="1534" WIDTH="35" HEIGHT="14" WC="0.96" CONTENT="om"/><SP WIDTH="17" VPOS="1534" HPOS="757"/>
							<String ID="string_484" HPOS="774" VPOS="1527" WIDTH="45" HEIGHT="21" WC="0.93" CONTENT="sina"/><SP WIDTH="16" VPOS="1527" HPOS="819"/>
							<String ID="string_485" HPOS="835" VPOS="1528" WIDTH="89" HEIGHT="24" WC="0.92" CONTENT="kunder,"/><SP WIDTH="16" VPOS="1528" HPOS="924"/>
							<String ID="string_486" HPOS="940" VPOS="1534" WIDTH="47" HEIGHT="14" WC="0.96" CONTENT="men"/><SP WIDTH="15" VPOS="1534" HPOS="987"/>
							<String ID="string_487" HPOS="1002" VPOS="1528" WIDTH="7" HEIGHT="21" WC="0.95" CONTENT="i"/>
						</TextLine>
						<TextLine ID="line_47" HPOS="179" VPOS="1554" WIDTH="831" HEIGHT="28">
							<String ID="string_488" HPOS="179" VPOS="1554" WIDTH="40" HEIGHT="21" WC="0.95" CONTENT="den"/><SP WIDTH="16" VPOS="1554" HPOS="219"/>
							<String ID="string_489" HPOS="235" VPOS="1554" WIDTH="101" HEIGHT="26" WC="0.96" CONTENT="ställning"/><SP WIDTH="24" VPOS="1554" HPOS="336"/>
							<String ID="string_490" HPOS="360" VPOS="1555" WIDTH="101" HEIGHT="21" WC="0.96" CONTENT="Finlands"/><SP WIDTH="20" VPOS="1555" HPOS="461"/>
							<String ID="string_491" HPOS="481" VPOS="1556" WIDTH="60" HEIGHT="20" WC="0.96" CONTENT="Bank"/><SP WIDTH="22" VPOS="1556" HPOS="541"/>
							<String ID="string_492" HPOS="563" VPOS="1556" WIDTH="94" HEIGHT="20" WC="0.96" CONTENT="befinner"/><SP WIDTH="20" VPOS="1556" HPOS="657"/>
							<String ID="string_493" HPOS="677" VPOS="1557" WIDTH="31" HEIGHT="25" WC="0.96" CONTENT="sig"/><SP WIDTH="16" VPOS="1557" HPOS="708"/>
							<String ID="string_494" HPOS="724" VPOS="1556" WIDTH="63" HEIGHT="21" WC="0.93" CONTENT="torde"/><SP WIDTH="16" VPOS="1556" HPOS="787"/>
							<String ID="string_495" HPOS="803" VPOS="1556" WIDTH="75" HEIGHT="21" WC="0.93" CONTENT="sädant"/><SP WIDTH="16" VPOS="1556" HPOS="878"/>
							<String ID="string_496" HPOS="894" VPOS="1556" WIDTH="53" HEIGHT="21" WC="0.93" CONTENT="dock"/><SP WIDTH="17" VPOS="1556" HPOS="947"/>
							<String ID="string_497" HPOS="964" VPOS="1557" WIDTH="46" HEIGHT="21" WC="0.93" CONTENT="icke"/>
						</TextLine>
					</TextBlock>
				</ComposedBlock>
				<Illustration ID="cblock_3" HPOS="179" VPOS="1439" WIDTH="17" HEIGHT="15"></Illustration>
			</PrintSpace>
		</Page>
	</Layout>
</alto>
