1078 1781
324 136 179 22 Borgareståndet
515 136 55 18 1877.
595 136 24 16 31
631 136 48 20 Maj.
875 128 41 22 929

158 208 57 20 Herr
232 207 135 21 Höckert:
398 205 66 22 Afven
477 205 38 27 jag
530 205 122 21 instämmer
668 206 6 20 i
690 205 50 22 herr
755 206 107 27 Procopés
874 208 43 25 ytt-

90 237 66 21 rande
172 236 40 21 och
227 241 63 16 anser
304 237 33 19 att
352 234 165 21 Statsutskottet
533 233 60 22 äfven
607 234 39 21 här
661 234 49 21 bort
724 235 79 21 föreslå
816 235 101 21 ärendets

90 265 157 27 hänskjutande
269 263 32 22 till
324 263 102 21 förstärkt
449 262 148 22 Statsutskott.
628 263 48 20 Men
693 263 26 21 dä
735 263 59 21 tiden
810 264 67 21 redan
893 265 24 19 är

91 294 59 26 långt
168 293 143 21 framskriden
326 291 27 28 pä
369 291 85 22 aftonen
470 291 40 21 och
526 291 19 20 vi
561 291 80 21 kanske
657 291 19 27 ej
692 297 45 16 mer
752 294 38 19 äro
805 292 65 27 böjda
885 291 33 22 för

91 328 26 15 en
140 322 73 26 längre
236 321 126 24 diskussion,
384 321 24 20 så
428 320 89 21 föreslår
529 320 37 26 jag
581 322 33 19 att
629 321 69 20 denna
714 320 60 27 fråga
790 321 127 26 bordlägges

90 350 34 21 till
148 351 82 24 hösten,
254 350 27 21 då
296 349 20 21 vi
339 349 46 21 åter
405 349 70 20 kunna
491 350 94 25 upptaga
601 349 127 21 densamma.
760 349 81 21 Genom
858 349 60 21 detta

90 379 93 27 uppskof
197 381 24 19 är
233 379 24 26 ju
273 379 107 26 ingenting
396 377 109 21 förloradt.

159 436 81 21 Herrar
262 435 138 26 Rissanen,
423 435 138 26 Wallgren,
582 434 27 21 K.
631 435 66 26 Berg
720 435 40 21 och
783 435 135 27 Liljeroos

91 465 103 21 förenade
209 464 33 27 sig
257 464 48 21 med
320 464 49 21 herr
384 463 101 22 Höckert.

161 521 55 21 Herr
236 521 26 20 A.
280 521 152 26 Björkstén:
462 521 71 20 Jemte
549 520 35 21 det
597 520 38 27 jag
650 521 38 20 ber
702 522 32 19 att
751 520 20 21 få
787 521 74 21 förena
873 521 45 26 mig

92 551 46 20 med
158 550 49 21 herr
227 549 95 22 Höckert
337 549 38 21 ber
388 549 37 27 jag
440 551 32 19 att
487 549 70 21 tillika
571 549 21 21 få
608 549 68 21 uttala
692 549 38 21 den
747 549 55 27 åsigt
817 551 33 19 att
864 549 55 22 före-

93 579 98 26 liggande
213 578 60 26 fråga
288 580 36 19 rör
340 580 31 19 ett
387 578 83 25 ärende,
487 583 44 16 som
547 577 6 21 i
569 577 105 28 betydligt
689 577 65 28 högre
770 578 53 26 grad
839 578 80 27 åligger

93 607 120 22 Ständerna
236 609 32 18 att
288 609 48 24 taga
359 606 52 21 vård
433 613 40 19 om,
493 608 26 19 än
539 607 47 25 den,
603 612 44 15 som
663 609 71 18 senast
750 607 55 20 varit
820 606 22 21 af
857 607 61 20 Stän-

93 636 67 21 derna
179 635 126 25 behandlad,
321 635 106 27 nemligen
443 635 74 26 frågan
533 641 34 15 om
583 637 31 18 ett
630 635 74 26 bidrag
719 635 32 20 till
768 635 51 21 röda
835 636 83 21 korsets

93 664 103 26 förening.
228 664 32 21 Då
282 663 61 22 äfven
359 664 6 20 i
381 664 132 21 sistnämnda
532 664 60 26 fråga
607 663 81 27 förelåg
704 664 35 21 två
755 664 78 21 Stånds
850 664 69 21 beslut

93 695 58 19 emot
166 693 42 26 två,
223 699 63 14 anser
298 692 37 27 jag
351 692 164 21 Statsutskottet
530 692 63 21 hafva
609 692 87 21 handlat
711 693 7 20 i
729 693 42 26 hög
781 692 53 26 grad
843 693 76 20 inkon-

93 724 88 24 segvent
202 728 75 20 genom
301 723 32 19 att
349 721 33 21 för
397 721 65 27 sagda
477 721 59 27 fråga
551 721 86 21 förorda
652 721 102 21 förstärkt
770 721 148 26 Statsutskott,

93 757 48 14 men
157 751 44 20 låta
217 751 69 20 denna
301 749 61 27 fråga
376 750 89 21 förfalla.

163 808 55 21 Herr
241 807 149 21 Lindblom:
421 807 40 26 Jag
486 807 38 20 ber
547 806 54 21 blott
624 809 32 18 att
676 809 45 19 mot
741 807 49 21 herr
805 807 114 27 Björkstén

94 836 21 21 få
139 836 103 21 anmärka
264 838 32 19 att
312 836 165 21 Statsutskottet
492 836 7 20 i
515 835 60 21 detta
590 836 78 20 ärende
684 835 96 21 utfärdat
795 842 25 14 en
836 835 83 28 inbjud-

94 865 50 26 ning
167 865 32 20 till
223 865 25 20 de
272 864 68 27 öfriga
364 864 92 21 Ständen
475 866 32 19 att
523 864 74 21 förena
612 864 32 27 sig
659 870 34 15 om
709 864 155 27 Ridderskapet
880 864 39 21 och

93 893 80 21 Adelns
197 896 55 18 samt
274 893 193 26 Borgareständets
489 893 76 25 beslut,
589 899 47 14 men
656 895 32 18 att
710 893 69 21 denna
795 893 125 27 inbjudning

93 921 102 28 afslagits.
225 922 32 21 En
283 922 83 21 skilnad
389 922 77 21 mellan
488 921 61 22 dessa
566 921 71 26 frågor
652 921 106 22 förefanns
774 921 83 21 således
873 922 46 21 der-

93 951 31 20 uti
146 953 33 18 att
199 951 6 20 i
225 951 39 20 den
288 951 66 20 andra
370 951 128 20 omnämnda
514 950 74 26 frågan
604 949 80 28 förelåg
700 953 32 18 tre
748 950 79 21 Ständs
842 950 76 21 beslut.

93 979 41 26 Jag
158 979 114 21 anmärker
295 979 65 24 detta,
384 979 68 21 ehuru
473 979 42 26 jag,
532 985 45 14 som
591 979 36 26 jag
643 979 64 20 redan
723 979 98 25 nämnde,
837 979 19 26 ej
872 979 47 21 med

94 1008 41 20 min
152 1009 45 20 röst
213 1008 91 25 bidragit
320 1008 31 21 till
367 1007 39 22 den
422 1007 79 27 utgäng
516 1007 74 26 frägan
605 1008 56 20 inom
677 1007 105 21 utskottet
798 1007 44 21 fätt.

163 1065 56 20 Herr
235 1065 139 21 Boström:
404 1065 10 20 I
430 1065 113 26 anledning
559 1065 23 20 af
595 1065 50 20 herr
660 1064 122 21 Lindbloms
794 1064 126 27 upplysning

93 1095 33 18 att
149 1093 36 21 två
201 1093 65 21 Stånd
284 1093 6 20 i
306 1093 137 21 förevarande
459 1094 79 20 ärende
553 1095 86 19 stannat
655 1095 57 18 emot
727 1093 41 26 två,
784 1093 35 20 vill
830 1093 37 26 jag
882 1099 38 14 an-

94 1121 75 21 märka
192 1125 32 18 att
248 1128 33 15 om
305 1122 164 21 Statsutskottet
492 1122 88 21 handlat
599 1122 137 26 konseqvent,
751 1128 46 14 som
813 1121 36 21 det
864 1121 56 25 bort,

94 1150 55 21 hade
173 1151 61 20 äfven
258 1151 68 20 denna
349 1151 60 26 fråga
430 1151 48 20 bort
500 1150 140 21 öfverlämnas
661 1150 32 21 till
712 1150 103 21 förstärkt
830 1149 90 22 utskott.

94 1179 33 49 a
143 1179 120 49 nuksädant
278 1180 19 26 ej
314 1180 63 25 skett,
393 1179 96 21 anhåller
505 1179 62 21 äfven
577 1179 37 27 jag
626 1185 33 15 om
671 1179 85 26 frågans
766 1178 155 27 bordläggning

95 1208 24 20 till
159 1209 66 20 hösten.

164 1265 56 21 Herr
235 1265 133 27 Lindberg
384 1265 101 21 förenade
500 1266 31 25 sig
547 1265 47 21 med
611 1265 48 21 herr
674 1265 105 21 Boström.

164 1322 56 21 Herr
246 1322 160 21 Snellman:
436 1322 10 21 I
469 1322 114 26 anledning
605 1322 21 20 af
647 1322 49 21 herr
714 1322 111 20 Boströms
838 1322 84 20 senaste

94 1350 117 22 anförande
227 1350 35 21 vill
276 1351 37 27 jag
329 1351 55 21 fästa
400 1351 53 20 hans
468 1350 188 28 uppmärksamhet
672 1350 65 27 derpå
750 1352 33 19 att
793 1350 65 21 sedan
870 1350 52 20 Rid-

95 1379 115 27 derskapet
225 1380 39 20 och
280 1379 69 21 Adeln
365 1381 55 19 samt
431 1379 179 27 Borgareståndet
621 1379 53 21 hade
687 1379 83 21 förenat
780 1379 32 26 sig
826 1378 3 21 i
841 1384 81 15 samma

96 1407 69 21 beslut
188 1408 110 26 angående
320 1408 146 26 protokollens
488 1408 117 26 tryckning,
626 1408 23 20 så
665 1408 55 20 hade
736 1407 186 21 Statsutskottet
911 1403 14 36 i

95 1436 74 26 sjelfva
185 1437 74 21 verket
281 1436 91 26 inbjudit
388 1437 25 20 de
429 1436 68 26 öfriga
512 1436 94 22 Stånden
622 1438 32 19 att
670 1436 83 21 biträda
770 1436 59 21 detta
844 1435 78 26 beslut,

95 1465 67 21 ehuru
185 1467 51 19 utan
258 1465 116 27 framgång.
405 1465 138 21 Annorlunda
564 1471 37 15 var
624 1465 140 21 förhållandet
784 1464 48 21 med
847 1464 75 26 frågan

95 1499 34 15 om
145 1493 109 27 miljonen,
270 1496 22 24 ty
308 1494 38 20 der
362 1494 54 21 hade
432 1496 32 18 tre
481 1494 67 21 Stånd
563 1496 86 19 stannat
664 1494 5 20 i
686 1496 32 18 ett
733 1493 69 21 beslut
814 1494 109 25 gentemot

95 1524 38 24 ett,
157 1522 39 21 och
218 1522 65 21 sedan
302 1522 74 27 frågan
392 1522 90 22 kommit
497 1522 24 21 så
541 1522 65 27 långt,
621 1522 69 21 beslöt
706 1522 164 21 Statsutskottet
891 1522 32 20 att

832 1560 22 18 59
