1078 1781
179 117 43 21 852
405 122 179 22 Borgareståndet
596 123 54 17 1877.
675 124 26 16 25
714 123 48 21 Maj.

179 191 158 28 profanerande
358 191 23 22 af
400 191 35 21 det
457 191 70 27 heliga
549 193 33 20 att
600 191 114 22 underlåta
729 191 49 22 dess
794 191 144 28 begagnande.
969 192 38 21 Att

181 220 54 21 dock
259 220 40 21 den
319 219 69 22 finska
412 219 85 22 talande
516 219 150 28 befolkningen
682 220 47 21 lidit
744 220 91 27 mången
851 221 103 21 orättvisa
970 221 38 21 och

179 249 7 20 i
197 249 76 25 många
283 247 113 23 afseenden
404 248 71 22 blifvit
485 248 131 22 förfördelad
624 255 76 20 genom
708 249 48 21 dess
765 249 75 26 språks
849 249 159 26 eftersättande,

180 277 32 21 till
235 277 94 26 exempel
353 277 7 21 i
383 277 151 28 rättskipning,
557 277 172 22 administration
745 277 40 22 och
800 278 157 27 undervisning,
974 277 35 22 det

181 308 24 19 är
225 305 37 27 jag
282 305 40 21 den
345 305 67 22 första
435 308 34 19 att
489 306 100 26 erkänna,
613 306 39 21 och
669 306 79 21 önskar
763 306 28 27 på
806 306 36 21 det
857 309 105 19 varmaste
977 308 32 19 att

181 334 77 21 sådant
273 335 67 20 måtte
354 335 24 26 ju
393 334 44 21 förr
451 335 49 21 dess
515 335 66 21 hellre
597 334 111 27 afhjelpas.
739 335 50 21 Som
803 335 62 27 sagdt
880 335 48 22 mitt
937 337 71 19 votum

181 362 115 22 innefattas
312 363 7 21 i
334 363 50 21 herr
399 363 164 27 Pippingskölds
577 363 137 22 reservation.

250 420 56 21 Herr
336 420 131 21 Kurtén:
505 420 56 21 Herr
583 420 97 27 Ignatius
701 421 91 26 begynte
815 421 38 20 sitt
873 419 135 27 andragande

181 449 49 20 med
250 449 38 20 det
307 450 33 19 att
354 449 42 20 han
412 449 46 21 icke
474 450 73 19 ämnat
562 449 105 27 uppträda
682 449 6 21 i
704 450 71 20 denna
790 449 59 26 fråga
864 449 87 21 emedan
967 448 42 21 han

181 477 47 21 icke
252 477 65 27 ansåg
339 479 33 19 att
394 477 37 21 det
451 477 69 21 skulle
535 483 70 21 gagna
620 477 32 22 till
668 477 66 28 något
750 477 27 22 då
793 477 40 21 han
849 478 67 21 under
931 477 78 22 Landt-

182 506 68 26 dagen
273 505 74 22 vunnit
367 505 121 22 erfarenhet
503 512 34 15 om
553 508 32 19 att
600 507 31 20 uti
646 506 73 27 frågor
734 506 91 21 rörande
840 505 68 22 finska
923 505 87 27 språket

182 535 36 20 två
235 534 67 22 Stånd
318 535 61 20 alltid
396 536 86 19 stannat
497 537 57 18 emot
569 535 43 21 två.
642 535 42 27 Jag
699 535 40 21 har
754 535 34 21 för
798 534 41 21 min
853 534 33 21 del
896 535 46 20 icke
953 536 56 19 ännu

181 563 91 21 kommit
296 563 31 21 till
350 563 70 27 någon
435 563 66 21 sådan
518 563 127 22 erfarenhet.
675 563 41 27 Jag
731 563 112 27 påminner
858 563 42 27 mig
915 563 46 21 icke
977 564 32 20 att

182 592 23 21 af
225 592 72 26 frågor
320 592 91 21 rörande
433 591 87 28 språket
543 591 68 28 någon
630 599 70 14 annan
716 592 70 21 blifvit
801 592 110 21 förkastad
926 593 26 20 än
968 591 40 22 den

182 626 45 15 som
244 622 36 19 rör
296 622 94 24 teatern;
408 621 95 20 deremot
521 621 81 20 erinrar
614 621 37 26 jag
666 621 43 26 mig
724 623 34 19 att
773 623 72 19 senast
860 621 6 20 i
881 621 38 26 går
934 622 75 25 antogs

185 649 24 21 af
228 649 182 26 Borgareståndet
432 655 26 15 en
479 649 62 26 högst
565 649 37 21 illa
624 649 114 22 förberedd
755 649 60 27 fråga
830 649 90 21 rörande
936 648 73 27 anslag

181 678 24 21 åt
219 677 120 26 Uleåborgs
354 678 68 21 skola.
452 677 77 22 Vidare
550 680 76 25 antogs
641 677 5 22 i
663 679 38 26 går
717 677 103 27 enhälligt
836 679 31 20 ett
881 677 79 26 förslag
975 683 34 15 om

182 706 118 21 understöd
316 707 22 20 åt
353 706 79 21 Finska
447 706 242 27 Litteratursällskapet.
719 707 57 21 Herr
791 706 95 27 Ignatius
901 706 39 21 har
954 706 55 21 före-

183 735 70 26 dragit
276 737 32 18 att
330 735 46 21 icke
399 735 116 27 framlägga
536 735 67 26 några
626 736 58 21 bevis
707 735 35 21 för
756 735 39 21 sitt
810 735 116 26 påstående
941 735 69 20 likaså

182 765 33 19 att
236 764 48 21 icke
306 763 67 22 heller
396 763 117 28 framlägga
527 764 58 21 bevis
601 764 33 21 för
649 764 37 21 sitt
702 764 90 21 klander
807 763 22 22 af
843 764 50 21 herr
908 763 101 27 Chydenii

183 792 65 27 enligt
271 792 43 21 min
337 792 64 21 tanke
421 792 34 21 väl
472 793 109 26 grundade
597 793 137 21 reservation.
766 793 79 21 Vidare
860 793 39 20 har
914 793 41 20 han
971 799 38 14 an-

182 820 42 21 fört
246 822 33 20 att
294 821 36 21 det
345 823 24 19 är
385 821 101 26 naturligt
501 823 33 19 att
549 821 182 26 Borgareståndet
747 821 90 21 likasom
853 821 157 26 Ridderskapet

183 849 39 22 och
245 850 75 25 Adeln,
344 849 71 22 derför
437 851 32 20 att
492 850 26 21 de
533 852 36 19 äro
585 850 91 21 svenska
692 850 87 21 talande
795 849 67 22 skulle
878 850 6 21 i
900 849 59 27 fråga
974 855 35 15 om

182 877 70 22 finska
267 878 87 27 språket
369 878 32 21 stå
417 878 7 21 i
439 879 120 26 opposition
575 881 58 19 emot
649 879 26 21 de
690 879 36 21 två
742 879 68 20 andra
825 878 101 25 Stånden,
937 877 73 22 hvilka

182 906 42 21 han
251 913 63 15 anser
337 907 182 27 hufvudsakligast
543 913 50 15 vara
616 906 68 23 finska
706 907 93 22 talande.
835 907 41 26 Jag
898 907 42 20 kan
962 906 48 21 icke

182 935 57 22 finna
261 936 36 21 det
319 935 93 27 ringaste
434 935 46 22 skäl
503 938 32 19 att
557 942 49 15 man
626 936 33 21 för
682 936 36 21 det
734 938 32 19 att
782 942 48 15 man
847 935 38 21 har
900 937 31 20 ett
946 935 63 27 språk

183 963 33 22 till
238 964 130 21 modersmål
390 964 47 21 icke
458 965 40 20 kan
522 971 51 14 vara
591 965 81 21 rättvis.
703 965 42 26 Jag
764 964 71 27 frågar
850 964 49 21 herr
914 964 96 27 Ignatius

183 999 33 14 om
241 993 26 20 de
290 999 45 15 som
360 993 33 21 stå
414 993 8 21 i
444 995 84 25 spetsen
551 993 33 21 för
607 993 63 22 dessa
688 993 138 21 sträfvanden
842 993 33 20 för
891 993 36 21 det
941 992 69 21 finska

182 1021 94 27 språket,
298 1028 34 15 om
355 1022 25 21 de
402 1028 45 15 som
469 1022 154 21 verksammast
644 1022 86 21 arbetat
751 1021 33 22 för
807 1022 119 21 detsamma
943 1021 67 21 under

183 1056 75 16 senare
280 1050 62 25 tider,
365 1050 62 21 hafva
447 1051 70 26 utgått
534 1051 46 21 från
596 1051 68 21 finska
679 1051 53 20 eller
746 1051 91 21 svenska
853 1050 85 21 talande
954 1050 55 21 hem.

183 1079 40 26 Jag
243 1079 36 21 vill
300 1079 61 21 äfven
377 1079 59 26 fråga
451 1079 77 21 honom
545 1082 24 18 är
584 1079 101 22 Finlands
700 1079 140 22 Prestestånd
856 1079 154 20 finskatalande

183 1114 59 14 mera
265 1110 27 18 än
314 1108 48 21 dess
378 1107 162 27 Borgarestånd.
569 1109 42 26 Jag
627 1108 38 21 har
680 1108 48 21 icke
744 1108 7 21 i
767 1107 161 22 Presteståndet
942 1107 68 21 funnit

182 1136 70 27 någon
275 1143 51 14 vara
346 1138 93 25 tvungen
462 1139 32 19 att
516 1137 96 27 begagna
635 1137 83 21 finskan
742 1137 68 21 under
825 1136 148 21 diskussionen
990 1136 22 21 af

183 1165 110 26 oförmåga
316 1167 32 19 att
370 1165 97 27 begagna
491 1166 36 21 det
543 1166 89 21 svenska
648 1165 93 27 språket.
773 1165 42 21 Det
830 1165 39 21 har
884 1165 34 20 vid
934 1168 76 18 tvenne

183 1194 137 26 Landtdagar
343 1195 95 20 deremot
459 1194 66 21 händt
544 1195 6 20 i
565 1194 184 27 Borgareståndet
764 1196 32 19 att
809 1194 36 21 det
860 1193 78 22 funnits
953 1193 58 22 med-

183 1223 89 21 lemmar
295 1228 45 15 som
360 1222 22 21 af
396 1223 109 26 oförmåga
521 1225 32 19 att
568 1223 99 27 uttrycka
682 1223 31 27 sig
729 1223 29 26 på
772 1223 90 21 svenska
877 1222 63 21 hafva
955 1222 55 21 före-

183 1251 71 27 dragit
275 1253 32 19 att
322 1252 99 26 uttrycka
435 1252 33 26 sig
483 1252 27 26 på
525 1251 73 22 finska.
630 1252 61 21 Hvad
707 1251 77 27 sjelfva
798 1252 65 21 saken
880 1251 131 21 vidkommer

183 1281 24 20 så
229 1280 40 21 har
288 1280 37 26 jag
348 1280 47 21 icke
418 1281 81 20 kunnat
519 1280 58 21 finna
599 1281 69 26 någon
690 1281 58 21 vinst
769 1280 62 21 deraf
845 1281 32 19 att
892 1279 77 27 afgifva
985 1286 25 14 en

183 1309 91 27 petition
290 1309 66 21 sådan
372 1315 45 15 som
433 1309 112 21 Allmänna
560 1309 198 21 Besvärsutskottet
768 1308 126 22 formulerat
904 1308 47 24 den,
963 1314 48 15 men

183 1338 97 21 deremot
302 1338 39 20 har
360 1337 37 27 jag
419 1340 70 19 ansett
513 1338 42 26 mig
570 1338 57 20 finna
642 1338 96 27 betydlig
753 1338 57 20 vinst
825 1336 48 22 utaf
886 1339 32 19 att
933 1336 78 27 afgifva

183 1372 27 15 en
232 1366 90 26 petition
344 1366 7 21 i
372 1366 35 21 det
428 1366 54 27 syfte
505 1366 50 21 herr
569 1366 122 28 Chydenius
706 1366 103 27 uppstält.
839 1366 41 26 Jag
895 1366 42 20 kan
953 1366 57 20 med-

183 1394 59 28 gifva
258 1397 32 19 att
306 1395 37 21 der
357 1395 43 21 kan
415 1395 68 21 finnas
498 1396 85 20 uttryck
598 1401 45 15 som
659 1395 46 21 icke
720 1397 39 19 äro
771 1395 26 21 de
808 1394 53 22 allra
872 1394 139 27 lämpligaste,

180 1423 38 27 jag
239 1424 43 21 kan
302 1423 107 27 medgifva
431 1426 32 19 att
485 1423 41 22 den
547 1424 39 20 har
608 1423 84 27 brister,
707 1430 50 15 men
780 1422 84 22 derföre
888 1422 67 22 skulle
974 1422 38 28 jag

183 1452 64 27 tycka
269 1454 32 20 att
323 1452 180 27 Borgareståndet
523 1452 68 22 måtte
611 1452 161 22 återremittera
795 1452 40 21 den
858 1451 32 22 till
906 1452 105 21 utskottet

183 1481 48 21 med
240 1482 97 26 uppdrag
350 1483 31 19 att
392 1481 105 21 utskottet
507 1481 67 21 måtte
584 1481 76 21 affatta
670 1482 40 21 och
721 1480 81 28 afgifva
810 1480 134 22 betänkande
952 1480 60 22 öfver

183 1516 26 15 en
232 1510 90 27 petition
346 1510 5 20 i
368 1510 36 21 det
424 1510 55 27 syfte
494 1510 49 21 herr
559 1510 121 26 Chydenius
694 1510 126 22 framhållit.
851 1509 32 21 En
899 1509 112 27 ovilkorlig
