1078 1781
175 112 41 21 926
415 116 178 21 Borgareständet
607 117 53 17 1877.
684 118 23 16 31
720 117 48 21 Maj.

175 186 83 21 kunnat
281 185 113 22 underläta
416 188 33 19 att
464 185 87 27 inbjuda
566 185 120 22 Ständerna
701 187 33 20 att
749 185 54 26 välja
818 185 138 22 medlemmar
971 185 32 22 till

175 215 103 20 förstärkt
304 214 150 26 Statsutskott,
478 214 75 21 liksom
577 214 64 21 också
663 216 32 19 att
716 213 117 22 framställa
849 215 154 26 proposition
990 209 15 36 i

175 245 79 19 ämnet.
286 243 39 20 Om
342 243 64 21 ocksä
419 249 25 14 en
460 242 51 21 liten
527 242 102 21 afvikelse
644 243 5 20 i
666 242 74 27 sjelfva
756 242 80 21 formen
852 242 64 27 skett,
932 244 24 19 är
968 243 36 20 det

176 271 87 22 alldeles
285 271 103 27 naturligt
409 273 31 20 att
456 277 25 15 en
497 277 69 15 annan
583 271 154 26 framställning
754 273 26 19 än
797 271 46 26 den,
860 277 45 15 som
921 271 39 21 här
976 277 28 15 nu

176 300 69 21 blifvit
268 300 132 27 föredragen,
424 300 46 21 icke
493 300 67 21 skulle
576 300 88 21 kommit
680 300 90 21 Ständet
786 299 50 22 eller
852 299 94 22 Ständen
962 299 43 22 till-

175 329 77 24 handa,
269 329 61 21 äfven
346 335 33 14 om
396 329 165 21 Statsutskottet
575 328 56 21 hade
646 329 155 20 sammanträdt
817 330 26 19 än
860 335 24 14 en
900 328 62 27 gäng.

245 385 70 22 Sedan
332 386 146 21 diskussionen
494 385 114 22 förklarats
623 385 98 26 afslutad,
738 385 122 21 framstälde
875 385 55 21 Herr
946 384 58 21 Tal-

176 421 99 14 mannen
311 414 92 27 följande

246 471 190 26 Proposition:
459 471 31 20 De
505 477 45 14 som
567 470 50 27 vilja
632 473 32 18 att
679 471 160 26 ifrägavarande
855 471 79 20 ärende
948 470 54 21 skall

177 499 33 22 till
233 499 103 22 förstärkt
361 499 153 22 Statsutskotts
530 499 115 27 afgörande
660 499 125 27 hänskjutas
800 505 62 15 svara
875 499 39 26 ja;
930 499 74 20 vinner

177 529 49 26 nej,
250 535 63 14 anses
336 528 181 26 Borgareständet
540 528 86 21 beslutit
648 530 38 22 att,
709 529 67 20 under
797 527 109 22 uttalande
926 527 22 21 af
962 527 40 21 den

177 557 61 26 äsigt,
255 559 33 18 att
303 556 74 27 frågan
394 557 45 21 icke
455 558 24 19 är
494 556 23 21 af
531 557 40 20 den
587 556 152 26 beskaffenhet,
755 558 32 19 att
802 556 40 21 den
859 556 38 21 bör
913 555 32 22 till
962 555 41 22 för-

177 585 69 21 stärkt
270 585 154 22 Statsutskotts
447 585 115 26 afgörande
578 585 130 26 hänskjutas,
722 585 138 26 undandraga
876 585 30 25 sig
922 584 78 27 väljan-

177 613 37 22 det
236 613 22 21 af
281 613 118 22 ledamöter
415 613 31 22 till
463 614 35 20 det
513 613 117 22 förstärkta
646 613 105 22 utskottet
766 614 6 20 i
788 614 36 20 det
839 613 54 27 syfte
909 613 94 21 Statsut-

177 642 92 21 skottets
284 642 110 21 skrifvelse
410 642 193 26 vidhandengifver.

246 671 76 21 Denna
337 671 132 26 proposition
485 671 128 20 besvarades
629 671 46 20 med
689 671 105 20 obestridt
804 670 198 27 öfvervägande
962 666 45 35 ja;

177 699 32 21 till
224 699 52 27 följd
293 699 75 21 hvaraf
378 699 55 21 Herr
443 699 164 21 Talmannen
619 699 121 21 förklarade
750 699 180 26 Borgareständet
939 698 65 21 hafva

176 728 96 26 godkänt
294 727 101 27 förslaget
418 734 33 15 om
475 728 98 21 ärendets
596 727 155 27 hänskjutande
771 727 31 21 till
818 727 102 22 förstärkt
936 727 67 21 Stats-

177 756 94 21 utskotts
287 757 120 26 afgörande.

247 785 70 21 Sedan
340 785 53 21 härä
411 785 77 26 jemväl
511 785 175 21 Statsutskottets
709 785 79 25 förslag
810 785 30 20 till
857 785 40 20 den
913 786 91 19 omröst-

178 813 202 27 ningsproposition,
396 820 44 15 som
454 813 65 22 borde
530 813 32 22 till
573 814 35 20 det
618 813 116 22 förstärkta
745 813 116 21 utskottets
872 813 132 21 besvarande

177 842 138 27 framställas,
339 842 68 21 blifvit
429 842 22 21 af
473 842 181 27 Borgareständet
675 842 105 27 godkänd,
797 842 74 21 skreds
886 841 32 22 till
934 841 33 21 val
982 841 22 21 af

178 870 54 22 elfva
247 870 119 22 ledamöter
381 871 7 20 i
404 871 165 21 Statsutskottet
584 871 32 20 till
633 871 46 20 dess
695 871 146 21 förstärkande
852 871 6 20 i
869 869 135 22 förenämndt

177 899 60 27 syfte.

247 927 50 22 Som
321 928 203 26 hopsummerandet
545 928 22 21 af
588 928 25 21 de
629 927 79 28 afgifna
723 929 102 24 rösterna,
840 927 80 21 hvilket
936 927 68 21 måste

177 959 90 24 antagas
291 956 99 27 medtaga
412 956 49 27 läng
477 957 38 25 tid,
531 957 46 20 icke
592 956 112 27 päkallade
719 956 48 21 hela
783 956 100 21 Ständets
899 962 103 14 samman-

178 991 58 20 varo,
253 985 99 26 upplöste
373 985 55 21 Herr
448 985 174 21 Talmannen
639 985 172 25 sammanträdet,
828 985 47 20 med
891 984 113 21 tillkänna-

177 1013 99 26 gifvande
292 1016 32 19 att
341 1014 118 21 detsamma
474 1013 67 22 skulle
557 1013 28 22 kl.
601 1014 47 26 1/,2
665 1021 17 14 e.
699 1020 26 15 m.
743 1013 115 22 fortsättas.
