1078 1781
195 120 41 20 260
432 125 179 21 Borgareståndet
624 126 52 16 1877.
702 126 27 16 24
742 125 64 21 April.

193 195 53 25 göra
262 194 36 21 det
314 201 39 14 ena
369 195 52 20 eller
436 195 36 20 det
487 195 72 25 andra,
576 195 23 21 så
615 192 75 24 anstår
704 195 36 21 det
756 195 46 21 icke
818 195 67 20 heller
901 195 74 21 Staten
990 197 33 19 att

195 223 61 26 börja
279 223 69 28 bygga
370 229 43 21 upp
436 229 25 15 en
485 223 171 22 nationalteater.
687 223 49 21 Men
760 223 36 21 det
819 225 23 19 är
864 230 26 14 nu
914 223 40 22 här
976 224 47 21 icke

194 251 61 26 fråga
275 258 34 14 om
330 254 32 19 att
383 253 52 26 göra
458 257 25 16 en
506 251 109 22 statsaffär
630 252 23 21 af
666 254 91 21 teatern,
773 252 36 21 det
824 252 39 21 har
878 252 75 21 endast
969 252 55 21 varit

195 279 61 26 fråga
279 286 34 15 om
337 282 33 19 att
393 280 92 25 försöka,
509 281 27 20 då
559 281 151 21 subventioner
732 281 6 20 i
762 280 42 21 alla
828 280 37 21 fall
888 280 72 27 gifvits
983 281 40 21 och

193 308 110 21 sannolikt
326 309 61 20 äfven
408 309 113 21 framdeles
542 310 86 20 komma
648 311 32 19 att
698 309 77 27 gifvas,
796 309 59 27 gifva
874 309 47 21 dem
940 310 22 20 åt
982 310 41 21 den

195 336 103 28 förening,
314 343 46 16 som
379 337 100 27 möjligen
494 337 69 22 skulle
578 338 72 21 kunna
666 338 149 21 åstadkomma
831 338 39 21 den
887 340 78 19 största
980 338 43 21 för-

194 365 83 28 soning.
308 366 41 27 Jag
370 368 24 19 är
416 366 124 27 öfvertygad
560 373 34 14 om
616 370 32 17 att
664 367 62 20 dessa
743 366 74 21 herrar
832 369 132 18 reservanter
979 367 44 20 lika

195 395 23 20 så
233 397 69 18 varmt
322 401 46 15 som
382 395 37 26 jag
434 395 41 20 ifra
491 395 33 22 för
539 401 25 15 en
580 395 109 27 försoning
704 395 40 21 och
761 395 41 20 frid
818 395 28 26 på
860 395 104 27 språkligt
979 401 44 15 om-

194 423 58 21 råde.
275 423 48 21 Men
339 430 34 14 om
390 430 47 14 man
453 423 69 22 skulle
537 424 100 21 betrakta
647 424 65 21 saken
724 430 27 15 ur
761 423 170 28 partisynpunkt,
943 424 81 21 hvilket

192 451 37 27 jag
245 451 33 21 för
294 452 65 27 öfrigt
374 452 115 27 ingalunda
505 453 42 25 vill,
565 452 23 21 så
604 459 50 14 vore
670 453 34 20 det
720 458 43 21 nog
778 452 51 26 godt
845 455 32 18 att
892 459 27 14 nu
930 455 49 24 säga
991 454 32 19 att

194 480 135 27 Regeringen
351 481 47 21 icke
421 481 54 20 skall
498 481 67 21 inlåta
580 481 32 27 sig
627 481 27 26 på
670 481 126 21 subvention
813 481 22 21 af
849 481 151 27 teaterföretag
1016 481 7 21 i

195 508 69 27 någon
280 511 70 19 större
366 509 65 27 skala,
447 510 27 21 då
489 510 41 21 den
545 510 91 21 svenska
651 515 76 16 scenen
744 510 66 20 redan
825 509 40 21 fått
880 516 25 15 en
921 516 42 20 nog
978 513 45 18 stor

194 537 64 27 hjelp.

264 566 32 21 På
318 567 25 20 de
364 567 46 20 skäl
427 566 36 27 jag
479 573 28 14 nu
522 567 55 20 varit
592 567 7 20 i
615 566 84 22 tillfälle
714 568 33 19 att
763 566 125 27 framställa,
904 567 68 20 skulle
985 567 38 27 jag

195 595 33 20 för
244 595 42 20 min
303 595 33 21 del
352 595 52 27 vilja
419 595 86 21 förorda
521 595 129 27 antagandet
666 596 22 21 af
702 595 117 22 utskottets
835 595 139 22 betänkande.

265 651 57 21 Herr
336 652 155 27 Ignatius:
521 652 56 21 Herr
595 652 108 27 Lindberg
719 653 40 20 har
774 652 123 27 visserligen
914 653 44 20 helt
975 659 49 20 nyss

195 680 79 21 uttalat
290 681 39 20 den
347 681 88 26 önskan,
450 683 32 18 att
497 681 63 26 ingen
576 681 73 21 vidare
665 681 7 20 i
688 681 70 21 denna
774 681 61 27 fråga
850 681 68 21 skulle
928 684 50 24 taga
991 681 33 21 till

197 709 68 24 ordet,
282 709 20 20 d.
319 715 18 14 v.
355 715 15 15 s.
388 709 42 21 han
445 709 38 21 har
499 710 83 25 önskat,
597 712 33 19 att
645 709 53 22 hans
714 709 75 28 åsigt
785 705 12 37 i
805 710 59 21 detta
876 709 66 22 Stånd
956 709 68 22 skulle

195 739 97 25 antagas,
316 740 51 19 utan
391 740 32 19 att
445 738 70 27 någon
537 740 83 25 protest
644 739 96 20 deremot
756 738 45 21 från
817 738 65 27 något
897 738 43 21 håll
956 738 68 21 skulle

195 767 70 24 göras.
296 766 40 26 Jag
362 767 102 26 beklagar
483 769 33 18 att
535 767 38 26 jag
596 767 47 20 icke
658 767 6 20 i
678 768 60 20 detta
760 766 38 21 fall
813 767 42 20 kan
871 767 84 21 villfara
970 767 54 21 hans

195 795 90 23 önskan,
309 795 89 21 emedan
419 795 36 27 jag
477 795 47 21 icke
547 796 41 20 kan
605 795 69 21 lemna
690 795 110 26 åtskilliga
816 795 22 26 af
853 796 26 20 de
894 796 130 25 uttalanden,

197 829 44 15 som
259 823 38 21 här
313 823 70 21 blifvit
406 824 80 27 gjorda,
509 825 51 20 utan
576 826 33 19 att
624 826 44 19 mot
692 825 47 20 dem
756 825 84 26 inlägga
855 826 87 25 protest.
972 824 51 21 Man

195 851 39 21 har
257 851 85 22 försökt
364 853 99 20 nedsätta
477 853 124 26 betydelsen
617 852 23 21 af
653 853 69 20 denna
742 853 61 26 fråga
818 853 55 20 ända
889 853 85 24 derhän,
991 855 33 19 att

196 886 49 15 man
262 881 33 20 för
310 883 32 18 att
358 881 93 26 förringa
475 881 122 21 densamma
619 882 93 26 uppsökt
736 881 101 21 liknelser
860 881 46 21 från
922 881 102 22 bomulls-

196 909 118 26 spinnerier
330 909 40 21 och
386 909 44 22 från
447 910 96 21 enskilda
558 916 112 20 personers
686 910 148 21 förhållanden
849 910 33 21 till
897 910 126 21 hvarandra.

195 937 105 27 Slutligen
325 937 40 22 har
387 945 49 14 man
451 939 46 20 icke
516 941 72 24 sparat
604 939 27 26 på
646 939 85 26 uttryck
748 939 80 20 sådana
843 945 44 14 som
904 955 9 8 ,
918 939 104 26 komisk",

196 966 168 27 »tragikomisk*
388 969 39 19 etc.
458 967 49 21 Alla
529 967 62 21 dessa
613 969 42 19 sätt
676 974 63 15 anser
756 968 37 26 jag
813 973 51 15 vara
879 967 46 21 icke
941 967 83 21 tillbör-

196 994 48 27 liga,
262 995 27 21 dä
305 995 36 21 det
356 995 68 27 gäller
449 998 31 19 att
503 995 106 22 behandla
625 998 30 19 ett
671 996 88 26 förslag,
776 1002 52 20 som,
845 1002 33 15 om
894 996 66 21 ocksä
976 996 47 21 icke

195 1023 59 21 inom
278 1023 58 21 detta
360 1024 70 24 ständ,
445 1025 55 20 dock
522 1025 57 20 inom
598 1025 41 20 den
654 1026 58 20 stora
728 1025 144 21 allmänheten
888 1025 8 20 i
911 1025 47 20 värt
972 1025 52 20 land

195 1051 39 21 har
250 1059 26 14 en
292 1052 148 27 otvifvelaktig
463 1053 109 27 pluralitet
592 1053 33 21 för
641 1054 35 25 sig.
708 1053 150 22 Förevarande
880 1053 143 26 petitionsför-

195 1080 46 27 slag
257 1081 81 26 åsyftar
353 1083 33 19 att
402 1082 22 20 åt
439 1082 41 20 den
496 1081 110 22 inhemska
629 1082 133 21 dramatiska
784 1081 39 22 och
839 1082 78 27 lyriska
932 1081 92 22 konsten

195 1109 79 21 bereda
290 1116 25 14 en
332 1109 80 22 fastare
433 1110 73 21 botten
523 1112 26 19 än
565 1110 83 25 hittills,
665 1111 35 21 det
716 1110 82 27 äsyftar
813 1112 32 19 att
855 1110 63 27 lägga
928 1111 96 26 grunden

195 1137 33 21 till
244 1144 26 15 en
286 1138 98 21 inhemsk
400 1145 55 15 scen.
486 1139 49 20 Men
551 1145 48 15 man
615 1139 73 26 tyckes
704 1140 51 26 vilja
771 1139 132 26 ifrägasätta,
919 1139 105 21 huruvida

195 1168 83 19 teatern
295 1169 24 18 är
334 1174 26 14 en
376 1168 79 21 anstalt
471 1167 22 22 af
507 1168 40 21 den
563 1168 109 27 betydelse
688 1168 39 21 och
743 1168 52 27 vigt,
811 1169 32 19 att
854 1168 40 21 den
905 1168 41 21 kan
957 1167 67 22 blifva

197 1195 90 21 föremål
304 1195 33 22 för
352 1203 26 14 en
395 1196 119 21 diskussion
536 1197 57 20 inom
610 1203 25 14 en
652 1197 213 26 ständerförsamling
880 1196 40 21 och
935 1199 32 18 att
983 1197 41 20 den

196 1223 7 20 i
219 1229 26 15 en
262 1224 65 21 sädan
344 1225 55 20 skall
414 1225 73 20 kunna
507 1225 96 27 päräkna
625 1225 122 21 understöd.
778 1225 75 20 Denna
869 1225 60 27 fräga
944 1227 24 19 är
982 1225 42 21 vis-

194 1252 91 27 serligen
302 1254 64 20 redan
383 1254 5 20 i
405 1254 71 26 praxis
491 1254 84 26 afgjord
591 1254 129 27 derigenom,
736 1256 40 24 att,
793 1254 128 21 ätminstone
937 1254 42 26 mig
989 1260 35 15 ve-

195 1281 98 27 terligen,
310 1282 54 20 intet
379 1282 45 21 folk
440 1283 6 20 i
462 1283 86 21 verlden
568 1282 73 28 finnes,
656 1289 44 15 som
716 1283 48 21 icke
780 1282 70 21 direkt
865 1282 51 22 eller
931 1282 93 22 indirekt

195 1310 140 22 understöder
351 1313 89 19 teatern.
471 1311 48 21 Men
541 1318 49 14 man
606 1312 70 20 kunde
694 1312 100 22 invända,
811 1313 32 19 att
858 1312 66 20 andra
938 1311 85 21 länders

195 1339 96 27 exempel
314 1339 46 21 icke
384 1339 90 21 behöfva
495 1346 51 15 vara
561 1340 107 21 bindande
683 1340 33 21 för
732 1346 42 18 oss,
791 1340 108 21 äfvensom
915 1346 49 14 man
979 1343 45 18 mot

195 1367 76 26 sjelfva
287 1368 60 20 fakta
366 1368 71 21 kunde
453 1368 99 27 äberopa,
569 1371 32 18 att
617 1369 61 21 dessa
693 1369 7 20 i
716 1368 134 22 främmande
866 1371 67 18 stater
948 1368 75 21 under-

195 1395 73 21 hållna
284 1398 82 19 teatrar
382 1399 37 19 äro
435 1397 118 27 kejserliga,
568 1398 108 26 kungliga,
692 1397 116 27 hertigliga
824 1404 19 14 o.
854 1404 16 14 5.
881 1404 27 20 v.,
924 1399 56 19 samt
992 1399 33 19 att

195 1424 27 20 de
236 1426 78 26 utgöra
337 1427 31 19 ett
391 1426 106 20 luxuriöst
519 1426 80 27 bihang
613 1426 33 21 till
664 1425 104 27 hoflifvet,
785 1426 62 20 hvars
870 1426 60 26 glans
946 1426 25 20 de
986 1427 38 19 äro

195 1452 89 22 afsedda
299 1455 33 19 att
346 1454 82 25 föröka,
444 1454 99 21 hvarföre
561 1455 66 21 också
642 1461 25 15 en
683 1455 34 21 del
733 1454 23 21 af
771 1454 26 21 de
813 1454 73 27 anslag
902 1454 26 21 de
943 1454 81 21 erhålla

194 1481 52 27 utgå
261 1488 25 15 ur
302 1485 113 24 regentens
431 1483 99 21 civillista
545 1483 40 21 och
600 1483 46 21 icke
662 1490 24 14 ur
702 1484 109 20 allmänna
827 1483 75 21 medel.
932 1483 40 26 Jag
985 1483 40 21 hör

193 1510 126 27 visserligen
342 1510 48 22 icke
413 1511 32 21 till
468 1512 54 26 dem,
543 1518 45 15 som
610 1518 50 15 anse
676 1512 68 21 andra
760 1511 85 22 länders
861 1512 94 26 exempel
970 1512 54 22 nöd-
