1078 1781
296 133 180 22 Borgareståndet
488 134 57 17 1877.
569 134 27 17 24
609 134 47 21 Maj.
849 130 42 22 835

63 203 72 26 slutlig
150 202 135 27 behandling.
315 203 29 20 Af
358 203 66 21 sådan
439 203 116 27 anledning
570 202 81 22 tillåter
663 203 37 27 jag
715 204 43 26 mig
770 203 79 22 föreslå
859 205 33 20 att

63 231 58 22 detta
139 231 135 22 betänkande
290 231 127 27 bordlägges
432 231 33 22 till
480 231 71 27 någon
569 231 30 22 tid
615 231 53 22 efter
683 232 40 21 den
740 233 33 20 1:a
789 232 102 23 Oktober.

132 288 69 22 Sedan
217 288 50 21 herr
282 288 158 22 Talmannen
457 289 86 26 upplyst
555 290 33 20 att
598 288 157 28 Ridderskapet
766 289 39 22 och
816 289 76 28 Adeln,

63 317 65 27 enligt
143 317 56 22 hvad
215 317 41 21 den
271 317 33 21 till
319 317 181 27 Borgareståndet
515 317 68 21 under
599 317 109 28 gårdagen
723 317 47 22 från
786 317 53 23 först
854 319 36 21 be-

63 345 70 22 mälda
156 345 66 22 Stånd
244 346 107 21 ankomna
371 345 151 27 deputationen
538 345 112 26 meddelat,
668 346 94 21 beslutat
777 348 32 19 att
824 347 67 22 under

63 374 152 27 förutsättning
234 374 23 21 af
270 374 151 27 Landtdagens
436 375 145 27 prorogation,
598 375 117 26 bordlägga
730 375 160 26 ifrågavarande

63 403 135 22 betänkande
216 403 33 21 till
264 403 84 26 hösten,
364 402 43 22 blef
421 402 50 22 herr
485 403 107 22 Höckerts
607 403 79 27 förslag
700 403 28 27 på
744 404 72 21 derom
827 403 63 22 fram-

63 431 64 22 ställd
141 431 132 28 proposition
288 431 116 27 godkändt.

133 619 60 22 Efter
217 620 67 21 skedd
306 619 152 28 föredragning
480 620 114 21 bordlades
620 620 32 21 till
674 620 111 28 lördagens
805 620 84 27 plenum

65 649 175 21 Statsutskottets
259 648 66 27 jemte
348 649 110 21 skrifvelse
481 649 34 21 för
538 649 41 21 den
597 650 26 20 14
641 649 142 22 innevarande
798 649 43 28 Maj
857 649 32 21 till

65 677 88 21 Ståndet
170 677 126 22 öfversända
311 677 134 22 betänkande
461 677 41 22 N:o
518 678 13 21 6
547 678 6 21 i
569 677 114 27 anledning
698 678 23 21 af
735 678 59 21 Hans
806 678 84 27 Kejser-

64 706 43 27 liga
122 705 110 28 Majestäts
248 705 78 27 nådiga
340 706 133 27 proposition
486 706 109 27 angående
610 705 127 23 förändrade
754 707 92 27 grunder
857 706 33 21 för

64 734 316 27 räntepersedelomsättningen
396 735 6 20 i
418 735 79 21 landet.

133 791 174 22 Sammanträdet
322 791 83 22 slutade
420 791 29 22 kl.
465 792 48 27 1/,4
529 798 19 15 e.
564 798 26 15 m.
