1078 1781
182 112 42 21 804
422 116 179 21 Borgareständet
613 116 55 16 1877.
693 116 27 16 24
732 115 49 21 Maj.

183 186 84 27 belopp,
284 192 26 15 en
324 185 82 27 ganska
422 184 95 28 vidlyftig
532 184 91 27 räkning
639 186 31 20 att
686 184 78 27 utföra,
780 184 105 27 nemligen
896 186 32 20 att
941 185 72 22 multi-

183 215 80 26 plicera
279 214 27 21 de
321 214 57 21 båda
392 214 57 21 talen
468 215 53 24 17,14
531 213 39 22 och
586 213 84 26 5,18288?
685 213 32 21 En
728 212 99 27 främling
838 213 54 21 skall
907 213 105 27 svårligen

182 244 72 20 kunna
269 242 68 21 förstå
351 243 56 20 huru
423 248 48 15 man
487 242 6 21 i
508 247 27 16 en
557 242 171 27 lagbestämning
751 241 83 22 kunnat
857 241 107 28 uppställa
981 243 31 20 så-

184 273 55 20 dana
254 270 77 22 siffror.
361 271 87 21 Räknar
463 276 49 15 man
529 270 54 21 dock
599 269 61 28 efter,
676 270 24 21 så
715 270 68 21 finner
799 276 48 15 man
860 272 32 19 att
904 271 40 20 den
954 271 59 21 med-

183 299 59 28 gifna
264 299 115 22 afvikelsen
394 299 8 21 i
416 299 75 27 sjelfva
513 299 76 21 verket
611 301 119 19 motsvarar
753 299 32 21 för
807 299 146 27 markstycket
977 300 36 21 två

183 328 53 25 doli;
253 327 36 22 det
304 330 24 19 är
344 328 82 21 således
441 334 76 21 genom
534 333 25 16 en
576 327 113 22 reduktion
704 327 22 22 af
740 327 51 27 doli,
807 333 46 16 som
865 334 48 15 man
924 328 90 21 kommit

183 357 33 22 till
232 357 60 21 detta
307 357 37 21 tal.
375 357 42 21 Det
439 357 55 21 hade
509 356 56 21 varit
580 356 49 21 vida
645 355 131 27 naturligare
792 358 33 19 att
840 356 40 21 här
894 356 68 21 införa
977 355 35 22 be-

184 385 138 28 stämningar,
344 386 91 25 analoga
449 385 47 21 med
513 385 54 26 dem,
583 391 45 15 som
644 385 57 26 gälla
715 385 34 20 för
764 385 140 27 guldmyntet,
920 385 19 21 d.
954 391 20 14 v.
989 391 23 19 s.,

183 417 33 19 att
230 416 83 19 utsätta
328 415 40 20 den
384 413 83 22 tillåtna
483 413 116 22 afvikelsen
614 413 5 21 i
637 413 44 27 vigt
697 413 7 21 i
720 413 64 22 enkla
798 414 120 26 procenttal
934 413 22 22 af
966 413 48 22 hela

185 443 78 27 vigten,
280 443 127 27 exempelvis
422 441 95 26 sålunda,
533 443 32 20 att
581 442 40 21 den
637 441 56 27 finge
708 443 77 25 utgöra
800 442 34 21 för
849 443 163 26 tvåmark-styc-

184 472 36 21 ket
238 471 90 27 1!/,9/,,
352 471 34 21 för
409 471 182 26 enmark-stycket
614 471 90 26 12/,9/,,
722 471 34 20 för
771 470 241 29 femtio-penni-stycket

183 499 87 28 21/29,
286 501 40 26 och
341 499 33 22 för
387 499 271 27 tjugufem-penni-stycket
674 500 9 20 5
695 499 28 27 /,
739 499 59 22 öfver
813 499 51 22 eller
877 499 67 22 under
956 501 57 20 rätta

184 529 78 26 vigten.
292 529 69 21 Äfven
384 529 48 20 med
455 528 62 21 dessa
539 528 166 27 anmärkningar
725 527 81 28 åsyftar
818 528 38 27 jag
872 528 18 26 ej
906 531 64 18 annat
986 530 26 19 än

185 560 32 19 att
230 557 22 21 få
268 557 31 22 till
316 557 100 22 Ståndets
438 556 108 27 protokoll
569 557 129 21 antecknadt
720 557 44 20 min
787 557 97 21 enskilda
907 557 105 26 mening
1000 552 16 36 i

185 587 69 20 denna
270 586 34 21 del
320 585 22 22 af
354 585 82 28 frågan,
459 585 38 22 och
520 591 62 15 anser
595 585 36 27 jag
646 587 32 19 att
694 585 6 21 i
716 585 73 26 hvarje
805 585 36 22 fall
858 585 36 21 det
908 585 104 25 klokaste,

185 621 45 15 som
246 615 42 20 kan
304 616 69 25 göras,
389 616 24 19 är
428 616 32 19 att
475 615 78 26 antaga
576 614 159 27 propositionen
758 614 49 21 med
830 614 26 21 de
878 614 78 21 brister
974 614 38 21 och

185 643 162 27 oformligheter
362 643 38 21 der
415 645 26 18 än
457 642 100 27 möjligen
572 642 72 21 kunna
659 642 73 21 finnas.

254 700 57 21 Herr
333 699 169 28 Chydenius:
532 699 68 21 Innan
619 699 37 27 jag
678 699 38 26 går
738 701 31 20 att
785 699 77 22 beröra
877 699 74 32 sjelfva
966 699 47 22 huf-

186 729 163 26 vudpunkterna
371 729 23 21 af
414 729 40 21 den
477 730 58 19 stora
556 728 67 27 fråga,
638 735 46 14 som
700 734 28 15 nu
744 727 120 28 föreligger,
880 728 38 21 ber
931 728 36 27 jag
982 731 32 18 att

185 757 21 21 få
221 759 53 24 göra
296 757 66 26 några
384 757 165 27 anmärkningar
571 756 131 22 beträffande
725 757 36 20 två
784 757 94 27 detaljer,
901 763 46 15 som
965 763 49 21 nyss

186 785 70 22 blifvit
272 785 39 22 här
326 785 135 22 framhållna.

255 814 47 21 Den
318 821 41 14 ena
374 816 36 19 rör
425 814 74 27 frågan
522 820 34 15 om
577 813 224 28 silfverskiljemyntet.
831 814 49 21 Alla
895 814 26 21 de
936 814 24 21 af
974 814 39 21 den

185 843 129 27 föregående
330 843 82 21 talaren
435 843 72 21 derom
528 843 75 26 gjorda
625 843 166 26 anmärkningar
806 849 63 20 synas
885 843 43 26 mig
942 843 72 20 kunna

186 871 40 22 och
249 872 53 21 böra
327 871 84 22 förfalla
433 871 54 22 inför
510 871 41 21 den
571 871 62 21 enkla
656 871 152 26 betraktelsen,
824 873 32 19 att
871 871 143 28 skiljemyntet

185 901 69 26 aldrig
270 902 24 19 är
309 900 40 21 och
364 899 67 28 aldrig
447 900 41 21 kan
503 899 111 22 betraktas
635 899 69 22 såsom
720 900 66 26 något
801 902 65 19 annat
881 902 27 19 än
923 906 44 15 som
984 901 30 20 ett

186 929 143 27 mynttecken,
346 928 80 22 hvilket
441 929 39 20 har
494 929 38 20 sitt
547 929 64 20 värde
635 929 129 26 derigenom,
780 930 31 20 att
827 928 36 22 det
878 929 41 20 kan
936 928 31 22 fås
982 929 33 20 in-

186 957 86 22 vexladt
294 957 33 21 till
350 957 115 26 fullhaltigt
485 959 64 24 mynt.
579 957 43 21 Det
645 959 23 19 är
690 957 88 26 tillföljd
802 957 60 21 deraf
878 957 101 27 likgiltigt
994 957 23 20 af

185 986 57 21 hvad
258 987 33 20 art
306 985 40 22 och
362 985 145 22 beskaffenhet
530 986 36 21 det
589 987 30 24 är,
635 986 32 21 till
683 986 32 21 sin
731 986 108 27 qvantitet
854 986 39 21 och
910 992 104 15 samman-

185 1015 102 26 sättning,
302 1015 100 26 antingen
419 1015 35 21 det
469 1014 118 21 innehåller
610 1020 44 15 mer
673 1015 52 21 eller
741 1015 82 20 mindre
838 1014 28 21 fin
882 1014 80 26 metall,
978 1021 36 14 an-

187 1043 75 27 tingen
280 1044 48 20 dess
350 1043 93 27 legering
465 1045 24 19 är
504 1043 23 21 af
541 1043 40 21 den
593 1043 51 21 eller
660 1043 41 21 den
716 1045 79 23 sorten,
811 1043 48 22 dess
874 1043 65 22 värde
954 1043 59 21 kom-

188 1079 45 14 mer
250 1072 55 21 dock
327 1071 53 22 altid
400 1074 31 19 att
452 1072 51 21 bero
527 1071 71 28 derpå,
619 1073 32 20 att
672 1077 49 16 man
740 1071 95 26 ständigt
850 1072 32 21 för
898 1072 118 21 detsamma

186 1101 42 20 kan
245 1101 81 20 erhålla
349 1100 116 27 fullhaltigt
488 1102 65 25 mynt.
584 1100 57 21 Vore
657 1100 35 21 det
708 1101 18 26 ej
743 1101 99 26 möjligen
859 1102 31 20 ett
906 1101 109 26 olämpligt

186 1129 92 28 uttryck,
301 1129 69 21 skulle
388 1129 38 27 jag
449 1129 50 27 vilja
513 1131 59 24 säga,
588 1130 32 20 att
635 1129 145 27 skiljemyntet
796 1131 24 19 är
837 1129 117 22 detsamma
969 1135 45 15 som

186 1165 26 14 en
229 1157 69 26 sedel;
313 1158 112 21 skilnaden
447 1159 25 20 är
494 1157 54 22 blott
568 1159 33 20 att
623 1157 145 28 skiljemyntet
783 1158 18 26 ej
817 1158 70 21 såsom
903 1158 72 21 sedeln
991 1159 24 19 är

186 1187 25 20 af
224 1192 88 21 papper,
336 1188 50 19 utan
409 1186 22 21 af
453 1186 78 26 metall,
553 1193 26 14 en
602 1193 70 14 annan
694 1187 75 21 metall
784 1188 27 19 än
827 1186 187 22 hufvudmetallen.

186 1216 42 26 Jag
243 1215 36 21 vill
294 1215 7 21 i
317 1215 60 21 detta
392 1215 100 22 afseende
507 1217 56 19 ännu
580 1215 70 27 bifoga
666 1221 26 15 en
707 1215 50 21 kort
772 1217 106 24 parentes.
910 1215 40 22 Om
966 1221 49 15 man

187 1244 111 21 betraktar
320 1243 145 28 skiljemyntet
486 1244 69 21 såsom
579 1243 56 22 blott
656 1245 32 20 ett
706 1243 142 27 mynttecken,
864 1245 24 21 så
902 1250 62 21 synes
980 1244 36 21 det

186 1272 98 22 enklaste
302 1278 52 15 vara
369 1274 31 20 att
416 1272 71 22 dertill
509 1273 98 21 använda
622 1278 26 16 en
664 1273 24 21 så
702 1272 60 28 billig
778 1273 73 21 metall
866 1279 46 15 som
927 1272 89 27 möjligt.

186 1302 106 20 Hvarföre
316 1301 54 21 dock
382 1301 19 26 ej
417 1301 24 21 så
455 1303 24 19 är
497 1301 143 21 förhållandet
661 1301 67 27 ligger
749 1301 45 22 helt
816 1301 40 21 och
876 1301 66 22 hållet
957 1302 7 20 i
979 1301 36 21 be-

187 1330 115 22 mödandet
324 1331 33 20 att
379 1329 109 22 förhindra
510 1330 141 26 efterapning.
682 1330 49 22 Men
754 1330 65 28 ingen
841 1330 22 22 af
884 1331 26 21 de
925 1330 39 21 här
979 1336 36 15 an-

187 1359 85 31 märkta
288 1358 197 33 oegentligheterna
500 1359 7 20 i
522 1358 99 22 afseende
637 1358 13 21 å
664 1358 167 27 silfvermyntets
851 1359 43 27 vigt
905 1359 39 21 och
960 1359 56 26 lege-

186 1386 47 28 ring
256 1393 62 21 synes
341 1387 44 27 mig
406 1393 51 16 vara
479 1386 23 23 af
523 1387 70 27 någon
615 1387 109 27 betydelse
750 1388 34 18 för
806 1388 41 20 den
872 1387 144 27 föreliggande

186 1415 82 27 frågan.

258 1445 102 21 Deremot
374 1446 25 19 är
414 1444 36 21 det
467 1450 25 15 en
507 1444 165 26 omständighet,
688 1450 46 16 som
747 1446 25 19 är
784 1444 21 21 af
817 1445 69 21 större
899 1444 115 27 betydelse,

187 1472 107 28 nemligen
310 1473 41 21 den
366 1474 33 20 att
415 1473 35 21 det
467 1473 30 21 uti
513 1472 40 22 den
569 1472 121 27 föreslagna
706 1473 152 26 förordningen
873 1473 19 27 ej
908 1473 44 21 står
968 1473 48 21 fullt

187 1501 77 28 tydligt
280 1502 69 26 sagdt,
365 1503 32 20 att
416 1508 49 15 man
486 1501 33 22 för
539 1501 122 27 skiljemynt
676 1503 24 19 är
716 1502 120 26 berättigad
853 1504 33 19 att
900 1502 60 21 alltid
976 1502 39 22 och
