1078 1781
291 106 178 20 Borgareständet
483 107 54 16 1877.
562 106 27 17 20
601 106 63 21 April.
850 100 42 22 529

134 175 56 21 Herr
211 174 157 27 Ignatius:
399 174 56 21 Herr
478 174 126 28 Tengström
627 180 62 21 synes
710 174 63 22 hafva
792 174 100 22 förbisett

66 203 25 22 de
115 203 52 26 skäl,
192 210 44 14 som
260 203 125 21 föranledde
408 203 180 26 Borgareståndet
609 206 32 18 att
664 204 118 20 bestämma
798 209 25 15 en
839 204 53 21 tids-

65 233 73 25 period
155 232 22 21 af
191 232 41 21 fem
248 233 31 24 år,
295 235 22 23 ty
332 232 44 26 just
392 231 39 22 den
447 232 89 27 farhåga
552 239 43 14 som
608 232 49 21 herr
668 232 125 26 Tengström
806 232 85 25 uttalat,

65 263 33 18 att
113 261 154 26 häradsposten
284 260 52 21 efter
352 260 41 21 fem
409 261 24 20 år
448 261 68 20 skulle
533 261 82 21 befinna
631 261 47 26 sig
675 256 14 36 i
691 267 81 14 samma
784 261 107 21 oordnade

66 289 58 22 skick
147 295 45 16 som
214 289 82 25 hittills,
319 289 39 20 och
382 289 40 21 den
437 289 55 27 åsigt
508 295 45 16 som
569 289 50 21 herr
634 289 124 27 Tengström
774 290 61 21 äfven
850 291 41 25 ytt-

65 320 40 23 rat,
129 320 32 19 att
184 324 47 15 man
253 318 47 21 icke
321 318 41 20 kan
384 318 65 21 tänka
465 319 32 25 sig
512 325 37 14 ens
565 319 67 20 under
647 318 41 21 fem
704 318 24 21 år
743 325 25 14 en
784 319 23 20 så
823 318 68 21 snabb

65 347 122 26 utveckling
206 347 22 21 af
244 349 138 24 statsposten,
397 349 33 18 att
445 347 40 20 den
502 347 69 20 skulle
585 349 53 24 göra
653 347 153 26 häradsposten
823 347 69 21 öfver-

65 375 64 28 flödig
144 389 28 2 —
185 376 45 27 just
244 375 7 21 i
268 375 61 20 dessa
344 375 182 26 omständigheter
542 376 54 20 hade
612 375 180 26 Borgareståndet
807 382 26 14 en
847 375 45 21 helt

65 411 70 14 annan
157 405 59 26 äsist.
250 404 180 26 Borgareståndet
453 404 100 21 befarade
578 404 110 27 nemligen,
712 406 32 19 att
762 403 131 26 antagandet

65 433 24 21 af
113 433 151 26 författningen
285 433 32 20 för
338 433 131 26 obegränsad
490 433 31 21 tid
543 433 68 21 skulle
628 433 115 27 föranleda,
760 435 31 18 att
807 432 84 21 utveck-

67 462 70 26 lingen
153 462 23 20 af
189 463 129 25 statsposten
336 461 82 21 komme
435 464 32 18 att
483 461 37 21 ske
535 462 24 21 så
575 461 111 27 långsamt,
703 464 32 18 att
751 468 47 14 man
814 467 78 15 sanno-

65 490 41 21 likt
127 490 53 21 efter
201 490 40 21 fem
265 490 24 21 år
308 489 92 22 befunne
416 490 32 26 sig
464 491 27 25 på
507 497 81 14 samma
603 490 67 27 punkt
686 496 45 15 som
747 497 34 18 nu,
797 490 95 25 oaktadt,

66 519 70 21 såsom
158 519 59 20 äfven
240 519 8 20 i
264 518 89 21 Ståndet
368 519 118 26 framhölls,
503 521 129 24 statsposten
649 519 40 20 kan
705 519 98 20 utveckla
818 519 32 26 sig
865 519 28 26 på

66 547 85 27 mycket
173 547 81 21 mindre
277 548 30 20 tid
328 549 26 18 än
378 547 41 21 fem
435 547 32 26 år,
483 548 66 25 enligt
565 547 54 21 hvad
636 547 63 21 bland
716 550 65 18 annat
796 547 97 26 Sveriges

66 577 95 25 exempel
177 576 119 27 ådagalagt.
327 576 48 21 Alla
392 576 60 21 dessa
468 576 121 27 åberopade
601 576 181 26 omständigheter
794 575 98 27 utgjorde

65 605 44 26 just
131 605 191 26 Borgareståndets
343 604 47 21 skäl
414 607 31 18 att
469 605 108 21 bibehålla
601 605 68 20 denna
692 605 62 20 korta
769 605 122 26 tidsperiod.

66 633 77 21 Derför
159 640 61 14 anser
238 633 43 27 jag,
298 635 31 19 att
344 633 181 26 Borgareståndet
540 634 45 21 icke
602 633 39 21 har
656 633 46 21 skäl
718 635 33 19 att
766 633 73 26 frångå
855 633 37 21 sitt

66 661 75 26 beslut,
157 665 50 18 utan
223 664 91 19 tvärtom
331 662 68 21 skulle
412 662 36 27 jag
464 662 60 27 yrka,
541 665 33 18 att
589 662 179 26 Borgareståndet
781 662 65 21 borde
856 668 36 20 ge-

66 697 48 14 nom
139 691 122 26 deputation
285 691 87 26 inbjuda
395 691 60 20 äfven
480 691 140 21 Medstånden
643 693 32 18 att
698 691 85 26 deltaga
803 691 6 20 i
833 691 59 20 detta

67 719 76 26 beslut,
167 719 27 21 då
215 719 36 21 det
274 721 23 18 är
316 721 32 19 att
371 719 122 26 förutsätta,
510 722 33 18 att
558 720 67 25 dessa,
640 726 45 15 som
701 721 36 19 äro
753 719 48 21 med
817 725 34 14 om
866 725 26 14 en

66 750 69 19 större
158 751 72 24 tunga,
253 747 112 27 oändligen
388 754 66 20 gerna
476 749 61 20 skola
560 748 73 21 förena
655 749 31 26 sig
706 754 32 15 om
756 748 40 21 den
811 747 81 22 mindre

66 779 73 24 tunga,
155 783 44 14 som
216 783 25 14 en
256 777 66 21 sådan
338 776 185 27 tidsbegränsning
539 777 66 21 måste
622 777 101 21 medföra.

135 834 69 21 Sedan
228 834 146 21 diskussionen
396 834 95 21 härefter
513 835 116 20 förklarats
650 834 98 25 afslutad,
770 833 123 22 framstälde

67 863 49 21 herr
132 864 44 20 vice
191 863 185 21 Talmannen
392 863 33 20 till
441 863 101 21 Ståndets
558 863 130 21 besvarande
704 863 91 26 följande

135 920 210 27 Proposition:
376 920 39 26 De,
437 927 46 14 som
507 921 112 26 godkänna
636 927 61 14 mom.
714 921 12 18 2
742 919 23 22 af
779 919 114 22 Ekonomi-

69 949 115 20 utskottets
200 949 79 26 förslag
301 949 31 20 till
349 949 75 25 beslut,
441 949 109 26 behagade
566 951 58 19 rösta
637 949 34 26 ja;
687 949 73 20 vinner
775 948 41 27 nej,
832 954 62 15 anses

67 977 179 26 Borgareståndet
267 978 6 20 i
296 978 69 21 denna
388 978 34 21 del
441 977 90 21 beslutit
551 979 39 23 att,
607 977 47 22 med
670 977 133 21 vidhållande
819 977 22 20 af
856 977 38 21 sitt

69 1005 57 22 förra
142 1005 76 26 beslut,
235 1006 95 21 förkasta
342 1006 319 27 sammanjemkningsförslaget
672 1006 38 21 och
720 1012 75 20 genom
807 1006 87 26 deputa-

67 1034 45 21 tion
136 1034 87 27 inbjuda
247 1035 25 20 de
289 1035 67 26 öfriga
372 1035 95 21 Stånden
484 1037 32 19 att
531 1041 34 15 om
579 1035 58 20 detta
653 1034 190 27 Borgareståndets
858 1033 36 22 be-

66 1063 43 21 slut
124 1063 31 26 sig
171 1063 79 21 förena.

138 1115 75 20 Denna
235 1115 131 27 proposition
383 1115 129 21 besvarades
527 1115 48 21 med
591 1115 154 26 öfvervägande
760 1115 45 26 nej;
820 1115 6 20 i
842 1115 52 26 följd

68 1143 75 21 hvaraf
164 1143 180 27 Borgareståndet
361 1144 53 20 hade
431 1143 88 22 beslutit
535 1146 38 24 att,
589 1144 48 21 med
652 1143 136 22 förkastande
804 1143 21 21 af
841 1149 53 15 sam-

67 1172 277 27 manjemkningsförslaget,
360 1172 93 21 vidhålla
469 1173 38 20 sitt
522 1172 57 21 förra
590 1172 69 21 beslut
670 1173 39 20 och
720 1178 76 21 genom
807 1172 87 26 deputa-

68 1201 44 20 tion
128 1201 88 26 inbjuda
232 1201 139 21 Medstånden
387 1203 33 19 att
435 1202 74 20 derom
525 1201 74 21 förena
615 1202 37 25 sig.

136 1252 39 21 Till
192 1252 137 22 medlemmar
344 1252 7 21 i
367 1254 40 20 den
424 1253 133 27 deputation,
573 1259 45 15 som
635 1252 32 21 till
678 1252 139 22 Medstånden
828 1252 68 22 skulle

67 1280 103 22 framföra
194 1282 68 20 denna
277 1281 193 26 Borgareståndets
486 1282 131 26 inbjudning,
633 1282 23 20 så
672 1284 58 18 snart
745 1280 151 28 protokollsut-

67 1310 52 32 drag
142 1310 6 20 i
169 1312 71 19 ämnet
263 1294 75 47 hunnit
360 1310 66 21 blifva
448 1313 95 24 uppsatt,
567 1310 87 26 utsågos
676 1311 28 25 på
719 1310 78 26 förslag
811 1309 22 21 af
847 1310 49 20 herr

67 1338 44 21 vice
153 1338 138 22 Talmannen
329 1338 107 22 herrar
416 1334 27 37 E.
447 1339 94 27 Bergh,
552 1338 123 26 Ignatius
687 1338 39 22 och
736 1338 159 27 Chydenius.

135 1396 33 20 De
190 1396 66 26 öfriga
278 1396 121 26 punkterna
414 1396 31 21 uti
461 1396 162 28 ifrågavarande
639 1394 258 28 sammanjemkningsför-

67 1424 46 26 slag
129 1424 68 22 blefvo
213 1424 95 22 härefter
323 1424 22 22 af
359 1425 182 27 Borgareståndet
557 1424 102 27 enhälligt
674 1426 99 24 antagna.

807 1532 22 18 34
