1078 1781
265 120 179 22 Borgareståndet
457 122 54 16 1877.
535 121 25 17 27
573 120 63 22 April.
837 115 39 21 591

123 189 81 22 Härvid
219 189 103 27 begärdes
338 189 62 22 ordet
415 189 22 22 af

122 246 56 21 Herr
191 246 149 26 Molander,
355 252 46 15 som
410 247 94 26 yttrade:
527 246 41 27 Jag
583 245 96 22 anhåller
689 247 32 20 att
734 246 60 21 detta
803 246 76 22 betän-

53 275 70 22 kande
139 275 66 21 måtte
220 274 128 27 bordläggas
363 275 31 20 till
412 275 47 21 dess
475 274 156 22 underrättelse
647 274 95 22 erhållits
759 275 54 21 huru
829 275 51 22 Pre-

50 303 120 22 steståndet
190 303 76 27 afgjort
286 303 80 27 frågan,
388 304 27 26 på
430 303 37 22 det
481 304 20 20 vi
517 303 46 22 icke
578 303 31 21 uti
625 305 31 19 ett
671 303 85 24 ärende,
771 309 45 16 som
832 306 48 19 ute-

52 332 99 22 slutande
173 332 63 21 berör
258 332 60 21 detta
340 331 73 26 Stånd,
429 331 69 22 skulle
514 332 85 21 komma
615 333 31 20 att
662 333 76 20 stanna
752 332 31 21 uti
799 334 31 20 ett
845 333 35 20 för

51 361 118 22 detsamma
184 361 45 21 icke
245 360 104 27 antagligt
364 360 79 22 beslut.

122 417 56 22 Herr
200 417 20 22 S.
244 417 156 27 Björkstén:
430 417 41 26 Jag
493 417 32 21 för
546 418 42 21 min
609 417 33 21 del
658 423 62 16 anser
736 417 68 22 denna
819 418 59 27 fråga

49 453 28 15 nu
93 447 66 21 redan
183 446 52 21 böra
257 446 99 27 slutligen
375 445 123 26 behandlas,
515 446 27 21 då
558 446 145 21 betänkandet
718 446 72 21 stöder
804 447 32 26 sig
850 447 28 26 på

50 475 39 22 och
105 477 24 19 är
144 475 127 26 fullkomligt
287 475 228 21 öfverensstämmande
527 475 48 21 med
585 475 56 21 hvad
651 474 160 22 Presteståndet
821 475 57 22 förut

50 504 138 27 petitionerat
203 509 41 15 om.
274 503 152 27 Lagutskottet
441 502 38 22 har
495 503 109 27 föreslagit
619 505 32 19 att
666 503 36 21 det
717 503 162 26 ifrågavarande

50 532 120 27 privilegiet
191 533 65 20 måtte
280 531 116 28 upphäfvas
420 531 75 22 endast
511 531 48 22 med
574 532 39 21 den
629 531 152 27 inskränkning
796 535 33 19 att
844 533 33 25 de,

50 567 45 15 som
119 561 35 20 vid
177 560 57 21 tiden
257 561 32 20 för
312 560 161 27 privilegiernas
494 560 147 27 upphäfvande
661 562 37 19 äro
715 560 58 21 deraf
787 560 6 21 i
808 561 70 26 åtnju-

49 589 71 26 tande,
137 589 68 21 skulle
219 589 123 27 ytterligare
357 589 7 21 i
380 589 41 21 fem
437 589 24 21 år
474 588 117 22 bibehållas
599 589 78 21 dervid.
700 589 40 26 Jag
751 595 60 16 anser
823 589 54 21 dock

49 618 33 21 för
97 618 44 21 min
157 617 33 21 del
207 619 32 19 att
254 618 68 21 denna
338 617 135 27 bestämning
489 617 7 21 i
511 617 42 26 hög
568 617 51 27 grad
635 617 119 22 förnärmar
768 618 26 21 de
804 617 74 27 gårds-

50 647 80 26 egande
146 648 119 25 presternas
281 646 39 21 och
335 646 157 21 skollärarenas
507 648 50 24 rätt,
573 649 22 24 ty
610 652 48 15 man
674 647 67 20 måste
756 646 34 21 väl
800 648 78 25 antaga

49 677 32 19 att
97 675 26 21 de
138 675 36 21 vid
188 675 64 27 köpet
268 674 23 21 af
304 675 31 20 sin
352 675 52 26 gård
420 675 75 21 trodde
506 674 31 27 sig
545 675 21 21 få
577 675 81 26 åtnjuta
670 675 35 20 det
717 675 161 26 ifrågavarande

49 703 120 27 privilegiet
190 704 24 21 så
237 703 61 26 länge
322 703 26 21 de
366 709 50 15 voro
432 703 137 22 innehafvare
585 703 32 21 till
633 703 39 21 den
687 703 89 26 inköpta
790 703 88 26 gården.

49 732 40 27 Jag
105 734 60 25 tager
179 732 43 26 mig
237 731 83 22 derföre
335 731 91 22 friheten
441 731 114 28 tillstyrka,
571 734 32 19 att
619 732 39 21 den
675 731 143 22 betänkandet
833 732 45 21 vid-

51 760 76 27 fogade
143 761 157 20 reservationen
317 761 66 20 måtte
398 762 90 25 antagas
508 760 39 21 och
563 762 38 25 gör
617 760 35 21 det
667 761 23 20 så
706 761 83 26 mycket
803 760 73 25 hellre,

51 795 45 16 som
112 789 180 26 Borgareståndet
312 789 46 21 helt
372 789 85 26 nyligen
473 789 6 21 i
495 789 60 27 fråga
570 795 34 15 om
619 789 125 26 giftorätten
759 789 71 22 visade
845 789 33 26 sig

49 818 58 27 hylla
123 817 39 22 den
179 817 79 28 princip
280 819 31 20 att
330 823 25 16 en
375 817 35 26 lag
425 817 47 22 icke
487 817 40 22 bör
542 817 63 22 hafva
621 817 117 22 retroaktiv
754 817 78 22 verkan
850 817 28 22 då

51 847 40 20 den
107 846 97 21 kommer
218 847 6 20 i
240 846 99 21 kollision
362 847 48 20 med
426 847 39 20 den
482 846 106 21 enskildes
603 848 50 24 rätt,
669 847 69 20 såsom
754 846 40 21 här
808 845 70 22 blefve

50 875 65 22 fallet.

119 932 80 21 Herrar
213 931 32 22 W.
262 931 95 28 Nystén
377 931 40 22 och
433 931 118 22 Höckert
572 931 143 22 understödde
730 931 50 22 herr
794 931 84 22 Molan-

51 960 47 22 Gers
114 960 79 27 förslag
209 967 32 14 om
258 960 155 21 betänkandets
429 959 161 28 bordläggning.

121 1017 71 21 Sedan
215 1017 146 21 diskussionen
384 1017 89 21 härmed
495 1017 97 21 afslutats
612 1017 122 21 framstälde
756 1016 49 22 herr
820 1017 57 21 vice

50 1045 171 26 Talmannen,
236 1046 26 21 dä
279 1045 39 22 den
334 1045 119 27 föreslagna
469 1045 179 28 bordläggningen
665 1045 69 22 kunde
749 1045 85 22 komma
845 1047 33 20 att

49 1074 86 21 sträcka
149 1074 32 26 sig
200 1074 82 21 utöfver
305 1075 61 20 nästa
388 1074 165 24 sammanträde,
576 1074 31 21 till
623 1074 90 21 Ständet
730 1073 148 28 proposition,

50 1109 34 15 om
100 1104 32 19 att
147 1102 44 21 låta
206 1103 48 21 med
269 1103 71 21 vidare
355 1103 76 26 åtgärd
446 1102 6 21 i
468 1103 89 21 ärendet
573 1102 50 22 bero
640 1103 32 21 till
685 1103 47 21 dess
744 1103 131 21 Prestestän-

50 1132 46 21 dets
112 1131 70 21 beslut
197 1131 68 21 blifvit
280 1131 67 21 kändt
363 1131 39 21 och
418 1131 127 25 förklarade,
562 1131 27 21 dä
599 1131 158 27 propositionen
768 1131 110 21 besvarats

48 1161 75 20 nästan
147 1159 101 27 enhälligt
268 1159 126 28 jakande,
418 1160 146 21 betänkandet
582 1159 112 28 bordlagdt
709 1159 54 22 intill
778 1159 47 22 dess
841 1159 36 22 be-

49 1187 70 22 mälda
135 1187 78 22 Ständs
228 1189 70 20 beslut
312 1189 7 20 i
336 1188 65 21 saken
416 1188 70 22 blifvit
501 1189 181 26 Borgareständet
698 1188 104 27 delgifvet.

121 1320 38 21 Till
177 1319 127 28 behandling
327 1320 93 28 företogs
440 1320 95 22 härefter
550 1320 178 22 Bankutskottets
743 1319 134 22 betänkande

49 1348 40 22 N:o
107 1350 9 19 1
134 1348 109 26 angäende
259 1348 101 22 Finlands
376 1349 71 21 Banks
469 1349 155 27 odisponerade
639 1348 125 22 vinstmedel
778 1348 33 22 för
825 1348 52 21 ären

50 1378 147 20 1872—1876.

123 1428 10 21 I
148 1428 73 27 frägan
237 1429 91 27 uppstod
344 1428 92 28 följande
453 1429 130 22 diskussion:

105 1480 56 21 Herr
184 1480 168 27 Borgström:
384 1480 42 22 Det
444 1482 25 20 är
492 1480 121 27 visserligen
629 1483 48 19 sant
700 1482 32 20 att
754 1480 124 22 affärsställ-

47 1508 77 27 ningen
140 1508 6 21 i
162 1508 72 22 landet
255 1509 33 21 för
310 1509 132 22 närvarande
460 1509 43 22 kan
521 1516 62 15 anses
603 1516 50 15 vara
671 1509 80 27 ganska
773 1508 103 28 allvarlig.
