1078 1781
305 124 179 22 Borgareståndet
497 124 56 18 1877.
578 125 27 16 24
617 124 48 21 Maj.
857 119 42 21 809

70 193 55 22 dock
139 194 48 21 vida
203 193 154 26 långsammare
374 195 26 20 än
416 193 176 27 förändringarne
609 193 5 21 i
631 193 39 21 den
694 193 147 22 motsvarande
857 200 42 15 me-

71 222 76 21 tallens
163 222 71 21 värde.

139 251 43 21 För
197 250 42 21 min
255 250 33 21 del
304 250 42 21 kan
360 250 38 27 jag
413 250 17 27 ej
447 251 66 20 annat
534 252 40 25 tro,
590 252 26 19 än
633 251 32 20 att
680 250 40 21 den
735 257 29 14 nu
780 249 119 28 föreslagna

71 279 142 28 öfvergången
228 281 24 18 är
268 279 40 20 den
324 281 54 19 mest
400 279 112 26 praktiska
528 279 39 21 och
583 279 90 20 rättvisa
688 285 48 15 man
752 279 42 21 kan
809 279 88 22 utfinna.

70 309 40 26 Jag
125 311 45 19 tror
191 310 32 19 att
246 307 71 27 hvarje
340 307 72 22 försök
428 307 6 21 i
450 313 71 15 annan
536 307 94 27 riktning
645 307 54 22 skall
714 307 128 27 misslyckas,
858 308 40 21 och

69 337 36 27 jag
120 337 39 22 har
174 336 107 27 verkligen
304 338 56 19 ännu
376 336 19 26 ej
411 336 50 21 hört
485 336 70 27 någon
578 336 68 21 talare
669 335 77 22 föreslå
762 336 67 26 någon
845 339 53 18 rätt-

71 366 67 21 visare
155 366 51 21 eller
229 365 107 26 praktiskt
358 365 134 21 utförbarare
515 365 157 26 konvertering,
688 366 26 19 än
731 365 40 20 den
787 365 39 21 här
841 365 57 21 före-

71 395 80 26 slagna.
182 395 55 20 Herr
252 393 168 22 Nordenskiölds
435 393 80 27 förslag
530 396 33 19 att
578 393 69 21 införa
658 399 25 16 en
694 399 69 15 annan
774 393 124 27 myntenhet

71 425 26 20 än
112 423 138 27 guldfrancen
259 422 74 25 skulle,
344 422 70 21 derest
430 422 37 21 det
481 422 72 21 kunde
568 422 86 21 baseras
670 423 27 26 på
708 423 30 20 ett
749 422 73 21 stabilt
832 423 66 20 värde

71 451 89 22 emellan
176 451 50 26 guld
243 450 39 21 och
298 450 76 26 silfver,
391 451 27 21 ha
433 451 78 26 många
526 451 47 20 skäl
589 450 34 21 för
634 451 40 26 sig;
685 457 47 14 men
746 451 35 21 det
792 451 39 21 har
841 453 57 19 emot

71 481 31 26 sig
117 482 32 19 att
165 480 40 21 den
220 479 23 20 af
257 479 77 21 honom
358 479 119 26 föreslagna
501 479 151 27 myntenheten
675 479 68 21 blefve
766 480 81 21 mindre
870 481 26 19 än

72 509 25 21 de
112 508 61 21 flesta
196 508 66 21 andra
285 507 90 27 länders,
399 507 39 22 och
457 507 37 27 jag
510 509 45 20 tror
571 508 36 21 det
623 508 67 26 ligger
704 507 19 27 ej
739 509 24 20 så
777 508 61 27 ringa
853 508 45 26 vigt

71 537 72 27 derpå,
167 538 32 20 att
221 537 150 26 myntenheten
394 537 30 20 uti
447 539 32 18 ett
501 536 49 21 land
566 537 18 26 ej
601 539 24 18 är
640 536 63 21 altför
718 536 56 21 liten.
803 537 40 26 Jag
859 537 37 20 ber

72 566 83 21 derföre
178 567 31 20 att
232 565 124 26 obetingadt
377 565 22 21 få
421 565 108 27 tillstyrka
551 565 131 26 antagandet
704 565 22 21 af
739 565 157 27 propositionen

72 595 39 20 och
126 594 116 21 utskottets
258 594 141 21 betänkande.

140 651 55 21 Herr
211 651 23 21 E.
251 651 101 26 Bergh:
382 651 11 21 I
409 651 107 27 egenskap
532 651 22 20 af
568 650 94 22 ledamot
678 651 5 20 i
699 651 36 21 det
751 651 89 26 utskott,
851 657 45 14 som

71 679 102 27 handlagt
188 679 160 28 ifrågavarande
363 680 84 23 ärende,
463 686 64 15 anser
539 680 38 27 jag
592 679 43 27 mig
650 679 52 21 böra
717 679 48 22 med
780 680 65 25 några
858 680 38 20 ord

71 708 85 22 bemöta
171 708 26 21 de
211 708 163 27 anmärkningar
398 715 44 14 som
459 708 23 21 af
497 715 25 14 en
539 709 33 20 del
588 708 68 21 talare
672 708 68 21 blifvit
750 708 75 27 gjorda
839 711 57 18 emot

71 737 40 21 den
127 737 131 27 ståndpunkt
272 737 112 26 utskottet,
401 743 44 15 mer
461 737 52 21 eller
529 737 82 21 mindre
622 739 93 24 tvunget,
725 737 80 26 intagit.
830 737 66 21 Dessa

71 766 164 26 anmärkningar
257 765 61 22 hafva
341 765 150 27 förnämligast
514 765 77 22 riktats
613 768 57 19 emot
686 765 160 28 bestämningen
862 772 33 15 om

71 794 175 27 konverteringen
270 794 38 21 och
332 794 161 27 bestämningen
517 800 34 15 om
575 794 95 21 bankens
692 794 119 21 metalliska
827 795 68 20 kassa.

72 823 169 21 Vidkommande
256 823 53 20 först
324 823 178 26 konverteringen
518 823 68 21 måste
602 829 48 14 man
661 823 121 26 visserligen
794 823 45 20 från
851 825 45 18 teo-

71 852 66 21 retisk
153 851 106 28 synpunkt
274 851 85 21 komma
374 851 32 21 till
422 853 30 19 ett
468 853 66 19 annat
550 851 95 24 resultat,
661 853 26 19 än
704 852 41 23 det,
762 851 85 21 hvartill
863 853 33 19 ut-

71 880 80 21 skottet
166 880 95 27 kommit,
283 880 38 21 och
343 880 56 21 inom
419 880 108 21 utskottet
542 880 39 21 har
596 880 60 21 äfven
672 880 46 21 från
733 879 50 22 flere
796 879 43 22 håll
854 882 42 24 ytt-

71 911 44 19 rats
137 909 169 26 betänkligheter
321 909 6 20 i
343 909 114 26 anledning
479 909 24 20 af
523 909 36 21 det
577 910 44 20 sätt
641 910 31 19 att
692 909 46 20 lösa
754 909 80 26 frågan,
850 915 45 14 som

71 937 152 27 myntkomitén
244 937 38 21 och
305 937 91 21 derefter
416 938 40 20 den
479 937 119 27 Kejserliga
623 937 159 27 propositionen
804 937 90 26 inslagit.

70 966 41 26 Jag
126 969 45 18 tror
187 965 53 22 dock
256 968 32 19 att
304 966 38 21 den
358 966 111 27 praktiska
486 966 122 27 betydelsen
619 965 23 22 af
652 966 60 21 dessa
727 965 169 27 betänkligheter

71 995 68 20 blifvit
155 995 102 26 betydligt
273 994 141 21 öfverdrifven
430 995 21 20 af
467 995 26 20 de
509 995 74 25 talare,
597 1001 46 14 som
659 995 39 20 här
713 994 61 21 hafva
790 994 106 21 framstält

72 1023 115 21 desamma.
217 1023 33 21 Då
266 1029 46 15 man
329 1023 48 21 fällt
392 1024 37 20 det
443 1023 100 27 yttrande
559 1026 32 18 att
607 1023 118 26 penningen
740 1025 24 18 är
775 1029 25 14 en
811 1022 85 26 chimér,

71 1051 22 21 så
109 1053 24 20 är
149 1052 59 21 detta
229 1052 99 27 yttrande
351 1052 122 26 visserligen
495 1051 143 28 grundfalskt,
660 1053 22 25 ty
697 1051 117 27 penningen
831 1053 23 19 är
870 1057 24 15 en

70 1087 57 14 vara.
158 1081 48 20 Men
224 1087 33 14 om
281 1086 49 15 man
353 1080 65 27 något
440 1080 123 21 modifierar
586 1080 59 21 detta
667 1080 98 27 yttrande
781 1080 39 21 och
835 1081 62 24 säger

69 1111 33 18 att
117 1109 76 21 värdet
208 1111 24 19 är
247 1115 25 14 en
290 1109 86 26 chimer,
400 1109 24 21 så
442 1112 46 18 tror
507 1109 36 26 jag
564 1111 33 18 att
612 1115 48 15 man
677 1109 130 26 någorlunda
823 1108 74 21 träffar

71 1137 35 21 det
121 1139 68 23 rätta;
206 1140 22 24 ty
244 1144 33 15 om
294 1137 80 22 värdet,
391 1137 66 22 ehuru
474 1144 26 15 en
517 1137 92 26 produkt
625 1137 23 22 af
662 1137 71 21 anbud
749 1137 39 21 och
801 1137 95 21 efterfrå-

71 1171 48 22 gan,
135 1167 25 20 är
175 1167 54 20 dock
244 1167 46 20 icke
306 1172 25 15 en
348 1167 64 20 exakt
433 1167 102 26 produkt,
559 1169 50 18 utan
626 1166 48 21 dess
688 1166 84 27 uttryck
788 1166 6 21 i
810 1165 87 27 pennin-

70 1200 39 19 gar
123 1196 24 19 är
163 1195 45 20 ofta
223 1201 45 15 mer
283 1194 51 21 eller
350 1195 81 20 mindre
447 1195 130 21 chimöriskt.
607 1195 43 21 Det
672 1195 61 25 enda,
756 1201 44 14 som
817 1195 80 20 motvä-

71 1229 37 20 ger
123 1223 60 21 detta
203 1223 131 26 chimeriska,
354 1225 24 19 är
394 1223 36 21 det
445 1223 82 21 faktum
547 1226 32 19 att
595 1223 36 21 det
650 1223 60 21 alltid
726 1223 107 26 uttryckes
849 1223 6 20 i
871 1229 25 14 en

71 1252 42 21 viss
129 1258 81 15 summa
226 1254 64 25 mynt.
320 1252 186 27 Penningevärdet
521 1254 24 19 är
561 1252 122 26 visserligen
698 1252 105 21 beroende
819 1251 21 21 af
855 1258 42 14 me-

71 1280 77 22 tallens
163 1281 71 25 värde,
258 1287 46 15 men
328 1281 82 21 metall-
434 1281 39 21 och
491 1281 181 27 penningevärdet
686 1281 68 26 vexla,
770 1280 44 22 dels
830 1280 12 21 &
857 1286 41 15 ena

71 1309 60 21 sidan
154 1310 47 20 med
225 1310 80 26 hänsyn
329 1310 32 20 till
385 1310 117 26 tillgången
524 1310 27 26 pä
571 1309 79 27 metall,
668 1310 44 21 dels
727 1310 13 20 &
756 1309 66 21 andra
837 1308 60 21 sidan

71 1338 48 21 med
135 1337 98 22 afseende
248 1338 13 21 å
277 1338 115 26 tillgången
415 1339 27 26 pä
465 1338 68 21 andra
555 1344 67 16 varor.
653 1338 45 21 Och
714 1338 61 21 dessa
791 1336 107 27 vexlingar

70 1366 7 21 i
92 1367 180 26 penningevärdet
288 1368 37 20 äro
340 1366 105 27 ständiga,
467 1368 106 25 genomgä
594 1366 43 22 alla
656 1366 56 22 tider
726 1366 39 22 och
781 1366 72 21 kunna
868 1366 30 20 al-

71 1395 46 27 drig
133 1395 109 21 undvikas.
278 1396 32 20 En
334 1401 83 21 person,
441 1401 46 15 som
503 1396 7 20 i
527 1396 41 26 dag
590 1396 84 20 utlänar
696 1401 25 15 en
744 1401 88 19 summa,
856 1394 42 21 kan

71 1424 122 26 visserligen
208 1424 21 21 fä
245 1424 108 26 betalning
368 1424 8 21 i
392 1430 81 15 samma
495 1424 157 27 penningeslag,
675 1430 46 15 men
737 1430 81 15 samma
833 1423 65 21 värde

69 1452 33 21 får
124 1452 43 21 han
190 1452 53 22 dock
258 1452 26 27 ej,
300 1454 22 25 ty
338 1453 131 26 penningens
492 1452 121 27 köpevärde
636 1455 23 19 är
681 1452 93 26 ständigt
797 1451 101 22 vexlande

70 1480 39 22 och
125 1482 32 20 att
173 1480 117 28 förebygga
305 1483 33 19 att
353 1481 78 21 honom
448 1481 6 21 i
471 1481 77 21 sädant
564 1480 99 22 afseende
678 1480 53 22 skall
748 1481 37 21 ske
796 1487 24 14 en
831 1482 67 19 orätt-

70 1509 51 27 visa,
145 1511 23 19 är
191 1509 87 22 alldeles
301 1509 102 27 omöjligt.
434 1510 42 21 Det
499 1512 24 19 är
544 1509 89 27 säledes,
652 1509 66 27 enligt
733 1510 41 20 min
791 1509 60 26 äsigt,
868 1511 31 19 ett
