1078 1781
320 117 179 22 Borgareståndet
515 118 53 17 1877.
593 118 28 17 30
633 118 47 18 Mai.
872 113 38 19 911

317 305 152 34 Onsdagen
488 305 55 26 den
563 305 37 26 30
619 305 63 34 Maj.

155 387 95 21 Klockan
278 388 24 20 12
328 387 27 26 pä
378 387 68 26 dagen
471 386 172 21 sammanträdde
673 386 180 27 Borgareständet
880 385 32 22 till

85 416 92 27 plenum.
207 415 39 22 Vid
262 415 94 22 anstäldt
371 421 82 20 upprop
470 415 103 21 befunnos
589 415 93 27 följande
698 415 100 21 Ständets
813 414 100 22 medlem-

85 451 45 14 mar
153 443 63 22 hafva
238 444 112 26 uteblifvit,
373 443 104 27 nemligen
501 443 80 21 Herrar
597 443 112 27 Öhrnberg
724 443 40 22 och
780 443 70 25 Forss,
866 449 46 15 som

84 472 109 28 anmäldes
208 479 49 14 vara
272 473 66 26 sjuke,
354 472 80 21 Herrar
450 472 20 21 S.
487 472 120 27 Björkstén,
621 472 32 21 W.
665 472 89 27 Nystön,
764 471 99 28 Dunajeff
872 472 40 21 och

86 501 93 27 Öhberg,
202 501 22 21 ät
247 501 71 21 hvilka
342 501 33 21 för
394 501 97 21 enskilda
506 501 177 26 angelägenheter
698 500 94 27 ledighet
807 500 104 27 beviljats.

85 530 56 21 Herr
156 530 100 26 Procop6,
272 529 23 22 ät
310 529 85 22 hvilken
410 530 28 26 pä
453 529 181 22 Talmannens
650 529 156 26 framställning
817 529 95 26 medgafs

86 558 97 22 tillständ
205 560 32 19 att
260 558 34 21 för
309 558 97 21 enskilda
422 557 178 26 angelägenheter
616 557 47 22 frän
680 558 59 21 detta
754 558 158 21 sammanträde

84 587 102 21 uteblifva
209 587 39 21 och
264 587 55 21 Herr
335 587 100 27 Krogius,
451 586 33 21 för
500 587 84 20 hvilken
601 587 71 20 förfall
688 587 18 26 ej
722 586 70 22 blifvit
806 586 103 22 anmäldt.

153 747 55 21 Herr
223 747 163 21 Talmannen
402 747 142 27 tillkännagaf
557 749 33 19 att
605 747 247 25 Talmanskonferensen,
862 747 46 20 med

83 776 128 27 frängäende
233 776 22 21 af
270 775 37 22 sitt
323 775 59 22 förra
398 775 69 22 beslut
484 776 72 21 derom
572 778 32 19 att
620 776 74 21 endast
710 777 30 19 ett
756 775 83 27 plenum
855 775 54 21 skall

83 805 68 20 hällas
174 805 6 20 i
203 805 41 26 dag
267 805 39 20 och
328 805 8 20 i
358 811 95 20 morgon,
477 805 87 21 beslutit
586 806 33 19 att
638 804 124 27 ytterligare
778 806 30 19 ett
823 804 85 26 plenum

83 833 69 21 skulle
172 833 66 21 hållas
254 833 6 20 i
276 833 42 27 dag
333 833 53 21 efter
402 833 86 26 middag
503 833 91 21 klockan
611 834 12 20 7
639 833 39 21 och
693 833 6 20 i
715 839 86 20 morgon
818 832 90 22 klockan

83 862 49 27 1/29
149 862 44 21 före
209 861 111 27 middagen
336 861 39 22 och
391 861 92 22 klockan
500 862 48 27 '/,8
564 861 55 22 efter
634 861 118 27 middagen.

152 1010 40 21 Till
205 1010 104 27 justering
324 1010 109 27 upplästes
450 1011 77 26 utdrag
543 1010 22 21 af
579 1010 101 21 Ständets
696 1010 107 27 protokoll
819 1009 32 22 för
860 1009 48 27 gär-

84 1038 79 27 dagens
178 1039 161 21 sammanträde.

151 1187 56 20 Herr
227 1187 176 21 Talmannen
423 1187 99 26 föredrog
537 1193 25 15 en
579 1187 46 21 frän
641 1187 164 21 Statsutskottet
819 1186 88 21 ankom-

82 1221 47 15 men
152 1215 109 22 skrifvelse
278 1215 32 21 för
326 1215 68 22 denna
410 1216 41 26 dag
467 1216 45 21 deri
528 1215 105 22 utskottet
648 1215 99 22 förmäler
762 1217 32 19 att
809 1215 48 21 dess
872 1215 36 20 be-

81 1243 107 22 tänkande
211 1243 6 22 i
240 1244 114 27 anledning
369 1244 23 21 af
406 1244 35 22 det
458 1245 6 20 i
481 1244 162 22 Presteständet
657 1243 125 22 framstälda
798 1243 109 27 petitions-

81 1272 134 22 memorialet
230 1279 33 15 om
280 1272 119 28 beviljande
415 1273 23 21 af
452 1275 32 19 ett
499 1273 74 27 anslag
588 1272 33 22 för
637 1272 60 28 sjuka
712 1273 40 21 och
767 1272 74 22 sårade
852 1272 7 21 i
871 1272 37 21 det

81 1307 27 15 nu
132 1301 102 21 utbrutna
256 1301 70 27 kriget
342 1301 70 21 blifvit
427 1302 23 21 af
464 1301 85 22 Preste-
565 1301 39 22 och
619 1301 163 21 Bondeständen
798 1301 110 27 godkändt

81 1329 110 22 hvaremot
209 1330 156 27 Ridderskapet
381 1330 39 22 och
436 1330 69 21 Adeln
522 1330 100 21 omfattat
637 1330 40 21 den
694 1330 144 21 betänkandet
853 1329 54 21 bifo-

81 1358 54 26 gade
158 1359 164 26 reservationen,
338 1359 54 21 dock
408 1359 48 21 med
472 1359 67 21 sädan
555 1359 122 27 förändring
692 1360 32 20 att
740 1359 36 21 det
791 1359 6 20 i
813 1364 93 15 reserva-

81 1387 72 21 tionen
169 1387 139 21 omförmälda
323 1387 92 21 kreditiv
430 1388 13 20 &
460 1387 188 22 femhundratusen
664 1387 108 27 (500,000)
789 1386 60 22 mark
863 1387 44 21 för-

81 1415 56 27 höjts
153 1416 54 21 ända
223 1416 32 20 till
271 1422 25 15 en
313 1416 72 26 miljon
401 1417 134 26 (1,000,000)
551 1418 55 19 samt
622 1416 179 27 Borgareständet
812 1415 44 21 helt
867 1415 39 21 och

80 1444 67 21 hället
169 1444 104 22 förkastat
297 1444 153 27 betänkandet;
474 1445 41 21 och
538 1444 89 22 föreslär
650 1445 104 21 utskottet
777 1444 62 26 förty,
855 1444 6 20 i
877 1444 30 20 af-

80 1472 77 22 seende
179 1473 12 21 &
214 1473 206 27 sammanjemkning
441 1473 24 21 af
479 1474 26 21 de
521 1474 122 26 skiljaktiga
658 1474 96 20 besluten
770 1475 31 19 att
816 1472 91 22 Ridder-

80 1501 76 27 skapet
177 1501 39 22 och
238 1501 68 22 Adeln
329 1504 56 19 samt
408 1502 187 27 Borgareständet,
617 1502 48 21 med
681 1501 128 27 frängäende
824 1501 24 21 af
861 1500 47 22 sina
