1078 1781
166 122 44 22 664
409 129 178 21 Borgareståndet
600 130 55 17 1877.
679 131 14 16 4
705 130 49 20 Maj.

238 197 57 22 Herr
318 197 129 22 Jansson:
470 198 43 21 För
535 198 44 21 min
602 198 33 21 del
655 198 38 21 ber
706 199 38 26 jag
759 200 32 19 att
806 198 21 21 få
843 197 107 28 tillstyrka
964 200 32 20 att

168 225 11 28 8
203 225 12 22 3
238 225 36 22 må
296 225 124 23 bibehållas.
451 227 42 20 Det
514 233 61 20 synes
596 227 43 26 mig
657 227 45 21 icke
718 227 97 26 lämpligt
831 229 33 19 att
878 227 119 27 kringstry-

167 254 72 21 kande
260 255 53 20 barn
332 255 62 21 skola
409 255 102 21 hemfalla
527 255 67 21 under
609 261 82 16 samma
706 256 36 27 lag
757 255 39 22 och
812 255 65 22 blifva
892 255 106 22 underka-

169 282 60 22 stade
250 289 82 15 samma
351 283 182 32 behandlingssätt
553 290 44 15 som
615 284 40 21 den
671 284 96 27 verkliga
782 283 144 22 lösdrifvaren.
955 284 43 21 För

169 311 43 21 min
236 311 33 21 del
293 311 68 22 finner
381 312 38 27 jag
436 312 47 21 icke
499 312 67 21 heller
581 312 153 27 hänvisningen
740 301 111 38 "olämplig
867 312 51 21 eller
933 313 66 26 något

168 339 47 22 skäl
237 339 34 22 för
294 341 57 25 $:ens
374 341 167 26 utmönstrande,
565 341 27 21 då
614 341 20 21 vi
650 341 64 21 hafva
729 347 26 15 en
771 341 161 26 fattigvårdslag
948 341 50 21 obe-

168 368 79 22 roende
263 369 61 21 deraf
338 375 35 15 om
388 369 37 21 det
439 375 42 21 nya
495 369 103 27 förslaget
613 369 42 22 blir
670 372 88 24 antaget
773 369 51 22 eller
839 369 47 22 icke
896 369 40 22 och
946 369 52 22 hän-

169 397 109 26 visningen
301 397 90 27 således,
415 404 33 15 om
471 398 102 26 förslaget
594 397 32 22 till
651 399 39 20 den
707 405 42 20 nya
765 398 60 27 lagen
841 398 46 21 icke
902 401 94 24 antages,

169 425 85 22 komme
270 427 32 20 att
317 426 57 27 gälla
390 427 40 20 den
445 433 29 14 nu
489 427 116 21 bestående
621 427 196 27 fattigvårdslagen.

237 483 63 21 Efter
323 483 35 22 det
381 483 146 22 diskussionen
552 483 89 22 härmed
667 483 117 22 förklarats
806 483 99 27 afslutad,
932 483 65 22 fram-

169 511 77 22 ställde
262 511 49 22 herr
326 512 59 21 vice
400 512 154 21 Talmannen
570 512 92 27 följande

238 569 190 27 Proposition:
445 569 32 21 De
492 575 44 15 som
552 569 114 26 godkänna
681 569 118 21 utskottets
814 569 134 21 betänkande
964 569 34 20 så-

169 597 46 21 vidt
237 598 67 26 angår
326 597 12 28 $
362 599 11 19 3
397 599 58 20 rösta
476 597 31 27 ja;
523 598 73 21 vinner
611 598 34 27 nej
661 604 61 15 anses
738 597 180 27 Borgareståndet
934 597 63 22 hafva

169 625 89 22 beslutit
273 628 31 19 att
320 627 70 20 denna
405 626 13 29 $
433 627 54 20 skall
504 627 55 26 utgå.

239 683 165 27 Propositionen
428 683 125 22 besvarades
577 683 47 21 med
648 683 156 27 öfvervägande
817 684 29 26 ja,
863 683 39 22 och
918 683 79 22 förkla-

169 711 51 21 rade
231 711 49 21 herr
292 712 56 21 vice
359 711 163 22 Talmannen
533 712 90 21 sälunda
633 712 85 21 ständet
729 712 64 21 hafva
805 711 87 22 beslutit
902 714 32 19 att
944 712 54 27 god-

169 739 72 22 känna
257 741 13 26 $
287 741 12 20 3
316 740 65 27 enligt
397 741 113 21 utskottets
525 740 84 27 förslag.

238 792 10 25 8
266 792 19 20 4.

239 843 56 20 Herr
319 843 162 21 Fabritius:
505 843 48 22 Med
571 843 115 27 anledning
701 843 23 22 af
738 843 55 21 hvad
809 843 84 21 ständet
909 843 89 21 beslutit

169 871 133 22 beträffande
327 872 11 27 $
363 873 11 19 2
398 873 61 20 torde
481 878 25 15 en
523 872 156 27 omredigering
694 872 23 21 af
732 872 12 26 $
761 872 13 20 4
790 871 65 22 blifva
870 872 126 26 nödvändig.

168 899 42 28 Jag
226 900 69 21 skulle
311 900 83 21 derföre
411 900 76 22 föreslå
505 902 32 19 att
552 900 47 28 S:en
616 900 68 21 blefve
699 900 173 21 äterremitterad
888 901 33 20 till
936 900 61 22 Sam-

169 931 110 18 mansatta
302 929 54 26 Lag-
373 929 39 21 och
428 929 210 21 Ekonomiutskottet
653 929 33 21 för
700 929 151 26 undergäende
867 929 23 20 af
904 929 39 21 den
958 931 39 19 än-

169 957 64 27 dring
257 963 45 16 som
326 957 189 28 Borgareständets
538 957 71 22 beslut
624 958 5 20 i
646 958 100 21 afseende
763 958 11 20 ä
791 957 12 27 $
819 958 12 20 2
847 957 41 21 kan
904 957 92 27 päkalla.

239 1009 55 21 Herr
317 1009 139 21 Boström:
480 1009 41 21 För
543 1009 42 21 min
603 1009 33 21 del
652 1009 40 21 kan
706 1009 38 27 jag
760 1009 47 21 icke
822 1008 57 22 finna
894 1009 7 20 i
916 1009 82 21 hvilket

169 1037 101 21 afseende
293 1037 93 22 beslutet
406 1038 107 26 angående
529 1039 12 26 $
557 1039 12 20 2
585 1038 69 21 skulle
669 1038 90 21 inverka
774 1038 27 26 pä
817 1037 137 22 förevarande
970 1038 25 27 $;

169 1065 40 22 och
225 1066 27 21 dä
268 1067 46 20 icke
330 1067 67 20 heller
412 1067 69 27 nägon
497 1067 123 26 förändring
637 1067 101 26 vidtagits
754 1065 131 22 beträffande
901 1066 11 27 $
930 1069 16 23 1,
959 1067 39 20 der

167 1095 36 20 det
226 1094 98 21 hänvisas
346 1095 32 21 till
394 1095 71 22 denna
481 1095 17 28 8,
513 1101 62 16 anser
589 1095 37 27 jag
641 1096 45 25 $:en
702 1095 74 21 kunna
792 1097 50 18 utan
858 1095 72 21 vidare
944 1095 52 27 god-

168 1123 88 21 kännas.

237 1174 57 22 Herr
308 1175 145 21 Törnroth:
477 1175 32 21 Dä
522 1175 36 26 jag
573 1181 64 15 anser
652 1175 36 21 det
704 1181 52 15 vara
771 1175 128 26 fullkomligt
914 1175 81 26 olämp-

167 1202 40 27 ligt
222 1205 34 19 att
272 1204 228 24 ,kommunalnämnds
515 1204 38 21 och
571 1203 228 28 fattigvärdsstyrelses
815 1203 127 22 ordförande
955 1204 40 21 och

167 1231 121 22 ledamöter
316 1232 107 22 äfvensom
447 1232 274 27 fattigvärdsföreständare
746 1232 38 21 och
815 1232 179 26 tillsyningsmän*

166 1260 112 21 ähvälfvas
302 1261 147 33 skyldigheten
465 1264 30 18 att
511 1261 63 21 hafva
589 1261 71 27 tillsyn
676 1261 61 21 öfver
753 1261 178 27 kringstrykande
946 1267 50 21 per-

167 1294 63 16 soner
254 1290 24 20 sä
293 1290 48 20 ville
354 1290 37 26 jag
406 1290 77 21 föreslå
499 1290 92 26 följande
607 1290 79 26 lydelse
702 1290 34 21 för
752 1290 13 27 &
781 1290 19 20 4.
831 1289 165 27 ,Polismyndig-

166 1317 90 21 heterna
271 1319 7 20 i
293 1318 48 22 stad
357 1319 39 21 och
412 1319 27 26 pä
454 1318 71 22 landet
540 1319 80 26 äligger
635 1320 33 19 att
682 1318 65 22 hafva
762 1302 77 47 tillsyn
851 1318 57 21 öfver
924 1318 71 26 kring-

167 1346 117 27 strykande
305 1353 109 20 personer,
437 1351 54 17 samt
513 1350 32 18 att
568 1347 123 26 allvarligen
710 1346 54 22 söka
780 1346 61 27 stäfja
857 1335 138 32 lösdrifveri”.

166 1374 10 21 I
201 1375 94 26 enlighet
318 1376 49 21 med
390 1376 68 21 denna
480 1376 126 21 förändrade
630 1364 113 32 redaktion
759 1375 85 22 komme
860 1381 74 15 senare
949 1381 47 15 mo-

167 1406 82 18 mentet
265 1404 7 20 i
288 1404 70 21 denna
374 1404 12 22 &
402 1407 31 19 att
449 1405 44 21 helt
508 1405 38 21 och
563 1404 66 21 hållet
644 1404 108 22 bortfalla.

234 1455 57 21 Herr
308 1456 129 21 Masalin:
459 1456 40 27 Jag
515 1456 77 21 önskar
608 1456 55 21 blott
678 1456 76 21 förena
770 1455 41 26 mig
828 1455 46 21 med
890 1454 49 22 herr
954 1455 40 21 Fa-

158 1483 84 22 britius
266 1490 34 15 om
323 1490 26 15 en
371 1484 74 22 remiss
468 1484 5 21 i
486 1473 45 32 "det
553 1484 23 21 af
596 1484 78 21 honom
690 1471 120 41 päyrkade.
815 1484 63 26 syfte;
895 1483 39 21 och
950 1485 45 34 sär-

165 1512 67 21 skildt
248 1519 62 15 anser
324 1513 38 27 jag
379 1519 74 15 senare
468 1515 116 19 momentet
601 1513 85 26 päkalla
701 1513 68 21 sädan
784 1512 82 26 ätgärd.
