1078 1781
313 123 180 22 Borgareståndet
506 124 55 16 1877.
585 125 13 15 4
611 124 48 21 Maj.
845 118 45 21 655

60 192 135 27 stadgandet,
218 194 32 19 att
273 192 64 21 också
360 198 26 15 en
409 198 84 20 person,
517 198 46 15 som
585 192 46 21 icke
651 191 68 22 blifvit
735 191 89 22 beträdd
840 191 49 21 med

60 221 92 26 osedligt
173 220 38 21 och
231 221 105 26 vanartigt
352 220 131 31 lefnadssätt,
499 227 48 14 men
563 227 45 15 som
625 220 95 22 befinner
735 220 31 27 sig
782 222 58 19 utom
857 221 33 20 sin

60 250 102 21 kommun
186 249 53 21 skall
261 249 99 21 insändas
376 249 32 20 till
423 251 143 24 guvernörens
582 249 128 26 behandling
726 249 56 21 blott
797 249 92 25 derföre,

60 280 33 19 att
115 277 42 22 han
180 277 46 22 icke
247 284 75 20 genom
344 277 64 27 betyg
423 277 41 22 kan
481 278 82 25 utreda,
579 280 32 19 att
626 277 40 22 han
682 277 62 22 stadd
760 279 24 19 är
799 277 6 21 i
821 277 67 27 lofligt

61 306 84 21 ärende.
176 306 49 21 Man
249 306 39 21 har
307 306 88 21 sålunda
411 306 122 27 visserligen
549 306 94 27 frångått
658 307 39 20 den
714 305 123 22 restriktiva
852 306 34 21 be-

60 335 134 26 stämningen.
217 335 6 20 i
246 335 48 26 laga
314 335 195 26 försvarssystemet
524 337 33 18 att
573 335 39 21 den
629 341 38 15 ene
682 335 55 21 skall
752 341 51 14 vara
817 334 72 25 herre,

61 364 40 21 den
125 363 66 22 andre
215 363 91 26 tjenare;
322 369 48 16 men
393 369 48 15 man
463 363 40 21 har
517 363 6 21 i
540 363 71 22 stället
626 363 50 22 sökt
690 365 52 25 göra
757 363 26 21 de
798 363 89 21 anförda

59 398 131 21 personerna
211 391 31 22 till
263 391 74 28 glebae
353 391 113 28 adscripti,
490 391 77 28 lifegna
583 392 86 21 bundna
684 392 34 21 vid
734 391 89 22 torfvan.
854 391 34 21 En

59 427 77 20 person
159 420 24 21 af
204 420 39 21 den
266 420 152 26 beskaffenhet,
441 420 89 21 hvarom
553 420 36 21 det
611 421 6 20 i
637 421 46 26 &:en
698 423 24 18 är
738 420 64 27 fråga,
819 420 69 21 måste

61 449 138 26 ovilkorligen
222 448 46 22 från
290 449 32 21 sin
346 449 85 21 hemort
451 449 64 21 hafva
534 455 25 15 en
576 455 45 15 mer
636 449 52 21 eller
702 449 82 21 mindre
799 449 88 26 utförlig

60 477 114 26 utredning
197 483 33 16 om
254 477 126 26 ändamålet,
403 477 99 22 hvarföre
524 477 42 22 han
589 478 64 21 vistas
676 479 58 20 utom
758 477 129 26 densamma,

60 507 32 20 för
109 508 33 19 att
157 505 46 22 icke
218 506 55 21 blott
288 506 83 21 derföre
386 506 21 21 få
422 506 118 21 vidkännas
555 513 82 14 samma
651 506 111 27 påföljder,
778 512 44 15 som
839 507 49 24 den,

59 534 86 22 hvilken
172 534 68 21 blifvit
260 534 88 21 beträdd
364 535 48 20 med
428 535 91 26 osedligt
535 535 39 21 och
591 535 105 26 vanartigt
711 535 132 21 lefnadssätt.
860 547 25 2 —

59 564 66 21 Detta
141 565 24 19 är
180 563 106 21 bestämdt
301 563 33 21 för
349 563 90 27 mycket.

129 592 10 21 I
155 591 151 27 sammanhang
322 591 87 22 härmed
425 591 96 22 anhåller
534 592 37 27 jag
586 593 32 20 att
633 592 21 21 få
669 592 102 27 anmärka
786 591 35 21 det
832 593 55 20 tem-

60 621 91 26 meligen
175 620 144 27 egendomliga
342 621 51 23 deri,
416 622 32 19 att
467 621 65 26 enligt
548 620 136 27 lagförslaget
699 627 25 14 en
740 626 83 21 person,
839 626 47 15 som

60 649 47 22 icke
130 651 25 19 är
175 649 105 21 arbetsför
294 649 52 22 eller
361 649 46 21 icke
423 651 24 19 är
463 649 54 21 finsk
533 649 146 26 medborgare,
696 649 18 26 ej
730 649 54 21 skall
800 649 85 21 komma

60 680 33 19 att
115 677 84 22 straffas
215 677 51 22 eller
281 677 140 22 öfverlemnas
436 677 32 21 till
485 679 142 25 guvernörens
643 677 134 27 behandling,
794 683 33 15 om
843 677 42 21 han

60 709 27 18 än
109 706 68 27 aldrig
199 707 23 20 så
245 707 83 26 mycket
343 706 98 21 beträdes
457 707 49 20 med
521 708 75 19 vanart
612 706 38 21 och
667 706 90 27 osedligt
772 705 27 22 lif.
831 705 55 22 Hela

60 735 59 21 detta
143 735 212 26 författningsförslag
377 735 89 21 handlar
489 735 104 26 nemligen
619 735 55 21 blott
697 741 33 15 om
754 751 5 8 ,
760 734 125 25 arbetsföra

59 763 68 22 finska
149 763 158 27 medborgare."
338 763 41 27 Jag
400 763 69 22 skulle
493 763 54 22 dock
569 769 49 16 anse
641 763 35 22 det
699 769 49 16 vara
764 763 123 26 någonting,

59 799 46 14 som
128 792 46 21 icke
197 791 39 22 hör
258 792 31 21 till
312 792 72 25 saken,
404 798 33 15 om
455 792 40 21 den
511 792 146 26 ifrågakomne
672 798 103 21 personen
792 793 23 20 är
831 791 54 22 finsk

59 820 140 27 medborgare
222 821 52 20 eller
294 821 52 20 icke.
378 820 38 22 Om
439 820 42 21 han
504 821 33 20 för
560 821 105 26 vanartigt
687 821 38 21 och
748 820 91 27 osedligt
860 820 28 20 lif

59 849 52 22 eller
133 849 53 26 icke,
210 849 38 21 bör
270 855 51 15 vara
336 849 161 27 hufvudfrågan.
528 849 78 22 Likaså
622 851 24 19 är
661 849 35 21 det
712 855 25 15 en
753 848 133 27 egendomlig

59 878 44 23 sak,
127 880 32 19 att
181 877 56 22 inom
262 884 51 20 egen
335 878 101 21 kommun
459 884 26 15 en
509 884 84 21 person,
609 884 45 15 som
670 878 33 21 för
718 879 30 20 ett
764 878 75 21 sådant
854 877 31 26 lif,

58 906 54 22 skall
135 906 99 21 hänvisas
256 906 32 21 till
307 908 142 25 guvernörens
465 906 135 27 behandling,
616 906 76 21 endast
706 906 6 21 i
728 906 36 21 fall
780 906 41 21 han
836 905 48 22 sak-

59 941 38 15 nar
119 941 53 20 egen
193 935 112 26 bergning;
321 941 48 15 men
385 935 41 21 kan
442 935 43 21 han
501 935 124 21 underhålla
641 935 31 26 sig
687 935 53 26 sjelf,
755 941 61 15 anses
831 934 54 21 hans

59 963 118 27 osedlighet
192 963 46 21 icke
253 963 89 22 behöfva
357 964 79 26 stäfjas.

127 992 44 21 För
187 991 63 28 öfrigt
266 994 62 25 utgör
344 992 46 21 hela
406 998 28 15 nu
449 992 162 27 ifrågavarande
626 991 118 27 föreslagna
753 991 133 27 lagstiftning

58 1027 26 15 en
107 1020 101 21 afvikelse
230 1021 45 20 från
299 1021 26 21 de
348 1021 83 26 vanliga
453 1021 168 26 grundsatserna
643 1021 6 20 i
669 1021 47 20 vårt
730 1020 154 21 rättsväsende.

57 1049 30 28 Ty
110 1049 108 27 principen
240 1049 33 21 för
295 1049 47 22 hela
360 1050 48 20 vårt
431 1049 130 22 samhällslif
579 1051 24 19 är
616 1049 25 26 ju
656 1049 47 25 den,
719 1051 32 19 att
766 1055 25 15 en
808 1055 75 20 person

57 1078 46 21 icke
120 1078 32 21 fär
167 1079 67 20 sättas
254 1078 7 21 i
277 1077 92 27 fängelse
385 1078 51 21 eller
452 1077 44 22 lida
508 1078 86 26 inträng
609 1078 7 21 i
631 1078 32 21 sin
679 1078 63 21 frihet
758 1083 83 20 annars,
857 1079 28 19 än

57 1109 39 18 när
111 1106 41 21 han
169 1112 74 21 genom
260 1106 57 21 bevis
332 1106 55 21 inför
402 1106 93 21 domstol
505 1106 68 21 blifvit
585 1106 122 27 öfvertygad
718 1113 34 14 om
763 1107 31 20 sin
806 1106 78 21 brotts-

57 1135 73 28 lighet.
162 1135 49 20 Men
234 1135 40 20 den
296 1135 120 26 föreslagna
431 1135 154 26 författningen
601 1137 39 24 gör
655 1137 31 19 ett
701 1135 66 26 afsteg
784 1134 98 23 derifrän,

57 1165 6 20 i
87 1164 36 21 det
146 1163 41 21 den
209 1163 79 22 tilläter
308 1170 25 15 en
355 1169 76 21 person
451 1165 34 20 att
501 1164 90 21 insättas
607 1163 6 21 i
629 1163 99 27 fängelse,
744 1163 46 21 icke
805 1162 33 21 för
853 1165 31 18 ett

57 1192 107 21 bestämdt
187 1191 64 27 brott,
274 1194 51 19 utan
348 1192 33 21 för
404 1193 65 25 nägot
493 1192 24 21 sä
538 1192 120 21 obestämdt
673 1198 45 15 som
735 1192 36 21 det
786 1193 33 20 att
833 1197 51 15 vara

57 1220 90 22 heträdd
162 1220 47 21 med
226 1220 118 27 osedlighet
358 1221 54 21 eller
426 1223 83 23 vanart,
525 1221 39 20 och
580 1221 40 21 den
635 1222 39 25 gör
688 1220 124 27 pröfningen
823 1219 64 22 häraf

57 1249 114 25 beroende,
194 1249 45 21 icke
262 1249 22 21 af
305 1256 25 15 en
354 1249 97 21 bestämd
483 1249 127 27 bevisföring
633 1249 54 21 inför
712 1249 97 24 domstol,
833 1252 52 18 utan

57 1278 141 22 Ofverlemnar
218 1278 39 21 den
273 1279 23 21 ät
311 1280 143 25 guvernörens
471 1278 156 21 diskretionära
643 1278 58 21 makt
716 1278 39 21 och
771 1277 111 27 godtycke.

57 1307 36 21 Mä
115 1306 54 22 dock
190 1306 23 22 sä
228 1306 63 22 vara!
322 1306 36 22 Mä
370 1307 19 20 vi
405 1308 52 25 göra
473 1308 33 20 ett
521 1307 76 21 sädant
612 1306 74 27 afsteg,
702 1307 6 20 i
724 1306 99 21 händelse
839 1312 45 14 om-

56 1341 77 21 sorgen
158 1335 33 21 för
210 1335 131 27 sedligheten
360 1335 39 21 och
415 1335 125 21 samhällets
555 1335 100 22 säkerhet
670 1335 23 21 sä
708 1334 94 22 fordrar!
833 1334 52 20 Men

55 1364 68 21 lätom
139 1370 35 15 oss
190 1363 45 22 icke
251 1366 52 24 göra
318 1364 70 21 denna
403 1364 104 21 afvikelse
522 1364 32 20 för
569 1364 70 26 nägot,
654 1370 45 14 som
715 1364 39 20 har
768 1365 33 19 att
816 1362 68 22 skaffa

55 1393 95 21 hvarken
167 1392 47 21 med
230 1392 118 27 osedlighet
362 1392 40 22 och
417 1394 82 24 vanart,
515 1392 51 22 eller
581 1392 56 22 blott
652 1392 83 21 derföre
750 1394 32 19 att
798 1398 24 14 en
837 1398 47 20 per-

55 1428 39 14 son
110 1422 65 20 vistas
192 1423 56 19 utom
264 1421 33 21 sin
313 1422 107 25 kommun,
435 1422 53 20 utan
500 1423 32 19 att
544 1427 75 20 genom
631 1420 97 27 behörigt
739 1420 64 28 betyg
813 1420 72 21 kunna

56 1450 81 24 utreda,
155 1451 32 20 att
202 1449 41 21 han
259 1452 25 19 är
298 1450 62 21 stadd
376 1450 6 20 i
399 1449 68 27 lofligt
483 1450 90 21 ärende!

123 1479 43 26 Jag
189 1478 78 21 önskar
287 1478 83 22 derföre
385 1478 22 21 få
422 1478 86 26 föreslå,
525 1480 32 19 att
573 1478 61 22 ordet
650 1477 150 25 ,lösdrifvare*
815 1476 71 22 skulle

55 1507 52 26 utgå
130 1506 59 22 såväl
209 1506 46 22 från
273 1506 107 27 rubriken,
397 1512 45 16 som
459 1506 48 22 från
523 1506 41 22 alla
580 1507 26 21 de
621 1506 82 27 ställen,
720 1506 37 22 der
772 1506 35 21 det
823 1505 61 27 eljest
