1078 1781
187 113 41 21 836
423 117 178 22 Borgareståndet
614 118 53 17 1877.
692 118 26 18 25
730 118 49 21 Maj.

425 323 149 34 Fredagen
593 323 56 26 den
668 322 38 27 25
724 322 64 35 Maj.

258 392 36 21 Kl.
312 393 24 20 11
354 391 46 22 före
415 391 113 27 middagen
544 392 174 27 sammanträdde
733 391 182 28 Borgareståndet
931 391 32 22 till
975 391 43 28 ple-

190 427 56 15 num.
258 433 28 2 —
297 420 100 22 Ständets
410 420 52 22 vice
470 420 104 21 Talman
583 421 49 21 herr
640 420 134 27 Öhrnberg
782 421 60 26 intog
850 421 168 25 talmansstolen,

191 449 89 21 emedan
296 449 50 21 herr
361 449 159 21 Talmannen
536 449 32 21 till
585 449 52 26 följd
652 449 24 21 af
688 449 100 21 läkarens
803 449 108 21 föreskrift
921 455 38 15 var
969 449 50 20 nöd-

191 477 67 22 sakad
278 479 32 20 att
331 477 81 22 afhälla
427 478 31 26 sig
473 477 47 22 frän
535 477 174 22 sammanträdet.
726 490 28 3 —
770 477 42 22 Vid
827 477 94 22 anstäldt
936 483 82 21 upprop

190 505 106 22 befunnos
311 506 101 22 Ständets
427 506 97 27 samtlige
539 506 118 22 ledamöter
671 506 63 21 hafva
750 506 91 21 infunnit
855 506 32 27 sig
898 508 59 19 utom
970 506 48 21 herr

190 534 72 26 Forss,
279 541 45 15 som
341 535 129 21 fortfarande
489 541 36 15 var
541 535 24 21 af
578 535 98 26 sjukdom
692 535 90 22 hindrad
799 535 39 21 och
853 535 51 21 herr
919 535 98 26 Krogius,

191 563 33 21 för
240 563 86 22 hvilken
342 563 54 22 intet
411 563 69 22 förfall
495 563 116 22 anmäldes.

260 729 41 21 Till
322 729 104 27 justering
448 729 108 27 upplästes
579 729 105 22 särskilda
700 729 77 28 utdrag
793 729 21 22 af
828 729 101 22 Ständets
944 731 74 25 proto-

190 757 44 22 koll
249 757 34 22 för
298 757 41 22 den
356 758 26 21 24
397 758 6 21 i
420 758 67 21 denna
503 758 82 21 mänad.

261 928 180 28 Borgareständet
459 928 31 21 till
513 928 119 21 kännedom
651 928 110 27 upplästes
778 928 105 21 särskilda
898 929 46 20 frän
960 929 57 20 med-

192 957 92 22 ständen
302 957 106 22 ankomna
426 957 202 27 protokollsutdrag,
645 957 71 21 hvilka
732 957 46 22 icke
794 957 123 22 föranledde
932 957 34 21 till
980 957 38 21 nä-

191 992 42 21 gon
248 986 77 27 ätgärd
341 985 45 22 frän
401 985 189 27 Borgareständets
605 985 52 22 sida.

262 1157 31 22 På
308 1158 98 21 anmälan
417 1157 120 22 företrädde
548 1157 50 22 herr
608 1157 104 22 Senatorn
723 1157 17 21 F
748 1163 106 20 orsman,
865 1157 86 21 hvilken
962 1157 58 21 med-

191 1186 77 21 delade
291 1187 32 20 att
346 1186 59 21 Hans
427 1186 118 27 Kejserliga
567 1185 107 28 Majestät,
694 1186 66 27 enligt
774 1185 56 22 hvad
845 1186 59 21 Hans
920 1186 100 21 Exellens

192 1214 226 27 Generalguvernören
440 1215 30 20 uti
489 1215 31 21 till
539 1215 120 26 Kejserliga
674 1214 93 22 Senaten
784 1214 63 21 ställd
862 1214 109 21 skrifvelse
987 1215 33 20 för

192 1243 40 21 den
248 1243 47 27 29/,,
311 1243 43 27 Maj
374 1243 172 27 tillkännagifvit,
566 1243 3 21 i
584 1243 72 22 Nåder
679 1243 77 21 bifallit
772 1243 131 22 Ständernas
918 1243 102 21 anhållan

192 1272 81 26 derom,
296 1274 33 19 att
352 1272 58 21 tiden
426 1272 31 21 för
473 1272 152 26 Landtdagens
640 1272 174 21 sammanträden
830 1272 66 21 måtte
912 1272 108 26 förlängas

192 1301 48 21 med
257 1301 65 21 minst
337 1300 36 22 två
388 1300 100 22 månader
500 1301 67 27 jemte
583 1301 36 21 det
634 1300 130 22 Ständernas
781 1300 87 22 arbeten
888 1300 68 22 skulle
972 1301 48 21 med

192 1330 108 26 utgången
321 1329 22 21 af
357 1329 142 21 innevarande
514 1328 43 28 Maj
573 1330 78 21 månad
666 1328 96 28 afbrytas
778 1329 32 21 för
825 1331 32 19 att
872 1330 47 20 åter
934 1329 86 27 vidtaga

193 1358 41 21 den
254 1360 9 19 1
280 1358 190 22 nästinstundande
487 1358 102 21 Oktober.

262 1414 40 22 Till
314 1421 49 15 svar
374 1414 12 22 å
397 1416 59 20 detta
466 1414 139 22 meddelande
617 1415 85 27 yttrade
714 1415 51 21 herr
774 1414 55 22 vice
845 1414 175 22 Talmannen:

191 1444 43 26 Jag
249 1445 36 19 vet
300 1445 32 20 att
345 1443 39 28 jag
398 1444 38 26 går
450 1444 193 26 Borgareståndets
659 1444 130 26 önskningar
805 1444 32 20 till
853 1445 74 25 mötes,
944 1444 27 21 då
984 1444 37 27 jag

192 1472 13 21 å
220 1472 102 22 Ståndets
338 1474 80 25 vägnar
433 1472 88 28 betygar
537 1472 48 21 dess
600 1472 136 22 tacksamhet
750 1473 34 20 för
799 1472 36 21 det
850 1479 42 21 nya
901 1472 119 22 vedermäle

191 1500 24 22 af
229 1500 61 22 Hans
306 1500 110 28 Majestäts
432 1500 106 27 välvilliga
553 1500 88 28 afsigter
656 1500 33 22 för
704 1501 48 21 vårt
762 1501 50 21 land
823 1507 45 15 som
885 1501 60 22 Hans
955 1502 66 27 Maje-
