1078 1781
291 124 178 22 Borgareståndet
483 125 64 22 1877.
563 125 25 17 27
601 125 63 21 April.
849 120 41 20 625

60 194 87 22 ståndet
161 194 51 21 ville
227 200 76 21 genom
319 194 38 21 sitt
372 194 68 21 kansli
456 194 45 21 låta
516 195 101 26 upprätta
630 194 39 21 och
680 193 32 22 till
725 193 167 22 Statsutskottet

61 223 130 22 öfverlemna
213 229 26 14 en
262 222 134 27 förteckning
418 222 59 22 öfver
500 223 25 21 de
544 223 33 21 för
593 222 101 22 Ståndets
710 222 64 22 behof
788 223 48 21 med
853 222 39 21 all-

61 253 79 20 männa
155 251 69 22 medel
238 251 110 27 uppköpta
363 251 136 26 inventarier,
513 257 45 16 som
569 251 34 22 för
613 251 128 22 kommande
751 251 140 28 landtdagars

61 280 68 21 behof
149 280 67 21 borde
238 280 107 24 förvaras;
368 280 40 21 och
431 279 46 22 blef
499 280 68 21 denna
591 279 156 27 framställning
762 279 24 22 af
799 280 93 22 Ståndet

61 311 52 19 utan
129 309 120 21 diskussion
265 308 93 25 bifallen,
373 308 88 22 hvarom
478 309 165 21 Statsutskottet
656 308 68 22 skulle
736 309 32 21 uti
779 308 113 22 skrifvelse

61 338 144 22 underrättas.

131 441 11 20 I
163 439 99 22 afseende
278 439 13 21 å
306 439 120 22 kännedom
441 440 110 27 upplästes
567 439 107 22 särskilda
689 439 47 21 från
752 439 138 22 medstånden

63 469 101 21 inkomna
178 468 204 27 protokollsutdrag,
399 468 25 21 de
440 469 39 20 der
494 469 46 21 icke
556 468 32 21 till
604 468 76 27 åtgärd
696 468 127 21 föranledde.

133 583 61 22 Efter
213 583 67 22 skedd
302 582 149 27 föredragning
473 582 114 22 bordlades
607 582 33 21 till
660 584 61 19 nästa
736 581 84 28 plenum
836 588 56 15 sam-

63 614 107 19 mansatta
193 612 54 26 Lag-
268 611 39 22 och
330 611 223 22 Ekonomiutskottets
566 611 66 26 jemte
647 611 110 21 skrifvelse
772 610 22 21 af
807 610 41 21 den
866 611 26 21 14

63 641 144 20 innevarande
226 640 60 27 April
302 639 32 22 till
357 640 90 21 Ståndet
462 640 127 21 öfversända
604 639 134 22 betänkande
754 639 39 21 N:o
810 640 10 19 1
837 639 6 20 i
855 645 37 14 an-

64 669 85 27 ledning
171 669 22 21 af
207 669 59 21 Hans
281 668 119 27 Kejserliga
415 668 112 27 Majestäts
543 669 77 26 nådiga
635 668 132 27 proposition
783 667 110 27 angående

65 697 163 27 tingsgästning.
258 697 80 21 Likaså
353 697 114 21 bordlades
483 697 32 21 till
531 699 61 19 nästa
607 697 85 27 plenum
704 702 80 16 samma
797 696 95 21 utskotts

65 726 134 21 betänkande
216 726 39 22 N:o
273 727 11 19 2
300 726 6 20 i
322 725 113 28 anledning
450 726 23 21 af
487 726 60 21 Hans
563 725 117 28 Kejserliga
696 725 109 27 Majestäts
815 725 77 27 nådiga

64 755 133 26 proposition
213 754 110 27 angående
338 754 125 22 lösdrifvare
479 755 40 21 och
535 755 62 20 deras
613 754 133 27 behandling.

136 868 104 27 Slutligen
263 869 135 21 meddelades
421 871 32 19 att
475 869 102 22 Ståndets
598 868 106 22 elektorer
724 868 64 26 enligt
803 867 91 22 erhållet

66 897 98 27 uppdrag
185 897 111 22 verkställt
316 898 33 21 val
371 897 22 22 af
410 897 119 22 ledamöter
545 897 39 22 och
600 897 136 27 suppleanter
751 896 32 22 till
799 897 35 20 det
849 898 46 19 sär-

66 926 70 21 skilda
151 926 89 25 utskott,
256 932 44 15 som
317 926 95 21 nedsatts
428 926 32 21 för
476 926 131 21 beredandet
618 926 23 21 af
649 926 76 27 nådiga
736 925 159 27 propositionen

67 961 35 14 om
120 955 110 21 införande
245 954 22 22 af
281 954 142 28 guldmyntfot
437 955 6 20 i
459 955 102 26 Finland;
578 954 80 21 hvilket
672 955 34 20 val
722 954 72 27 aflupit
809 954 28 27 pä
852 955 43 20 sätt

67 983 149 27 efterföljande
231 983 73 21 dervid
320 983 61 22 förda
396 983 109 27 protokoll
521 983 89 22 utvisar:

343 1063 31 26 Är
391 1069 54 21 1877
465 1069 40 21 den
522 1069 27 20 27
565 1069 60 26 April
641 1069 27 21 kl.
684 1069 12 21 5
713 1075 17 15 e.
747 1075 26 14 m.
790 1074 106 15 samman-

275 1097 75 21 trädde
366 1097 191 28 Borgareständets
572 1097 106 22 elektorer
694 1097 47 22 med
757 1097 108 26 undantag
876 1096 22 22 af

275 1125 75 22 herrar
365 1125 118 28 Ohrnberg,
499 1126 96 27 Ignatius
611 1125 39 22 och
665 1126 101 27 Procop6.

460 1195 47 28 81.

139 1252 121 22 Anställdes
278 1252 34 21 val
334 1253 23 21 af
377 1252 120 22 ledamöter
512 1252 39 22 och
567 1253 136 27 suppleanter
718 1253 6 21 i
741 1252 37 22 det
793 1252 106 22 särskilda

69 1281 84 21 utskott
167 1280 33 22 för
216 1280 118 22 beredande
349 1282 23 20 af
385 1282 90 21 ärendet
485 1282 109 26 angäende
604 1281 110 22 införande
724 1281 23 21 af
756 1280 144 28 guldmyntfot

69 1310 7 20 i
91 1309 98 25 Finland,
204 1309 33 21 till
259 1309 63 22 hvars
344 1310 132 22 tillsättande
494 1310 182 28 Borgareständet
691 1310 34 21 vid
740 1308 159 24 sammanträde

69 1338 7 21 i
92 1338 42 28 dag
149 1338 32 21 för
197 1338 47 22 dess
260 1338 34 22 del
310 1338 98 22 beslutat.

139 1395 65 22 Valet
218 1395 61 22 utföll
294 1396 28 26 pä
337 1396 93 27 följande
444 1398 55 20 sätt:

71 1452 161 22 Ledamöter:
262 1453 56 21 Herr
338 1453 24 21 A.
381 1453 115 27 Björkstön
512 1454 48 21 med
577 1454 32 26 14,
625 1454 50 21 herr
690 1452 98 23 Lindelöf
801 1453 48 21 med
868 1454 32 23 12,

209 1482 50 20 herr
278 1481 114 22 Lindblom
407 1482 49 21 med
473 1483 12 20 9
501 1482 40 21 och
556 1482 49 22 herr
620 1482 23 21 E.
659 1482 55 27 Berg
730 1482 47 21 med
794 1484 12 19 8
822 1483 75 19 röster.

209 1510 32 21 De
256 1510 68 27 öfriga
334 1512 97 20 rösterna
440 1516 53 16 voro
505 1510 89 22 sålunda
601 1510 107 23 fördelade
718 1512 32 20 att
759 1510 49 22 herr
817 1510 83 22 Kurtén

833 1549 23 18 40
