1078 1781
178 110 42 21 484
396 116 178 21 Borgareståndet
588 117 55 17 1877.
668 117 24 17 10
705 117 63 21 April.

179 185 32 20 vis
235 185 49 21 kort
308 185 32 21 tid
364 184 6 20 i
394 185 141 26 verksamhet,
559 185 103 27 tillstyrkt
685 186 40 21 den
741 185 23 22 af
778 185 49 21 herr
842 185 33 22 Ek
891 185 119 28 föreslagna

179 213 118 27 petitionen
313 220 34 15 om
364 212 123 28 förändring
502 213 22 22 af
538 214 81 21 antalet
635 214 201 27 stadsfullmäktige.
866 215 42 26 Jag
922 215 37 21 vill
974 221 36 15 en-

180 242 48 21 dast
243 241 91 28 tillägga
349 244 33 19 att
398 242 39 21 den
453 242 23 21 af
490 248 34 15 oss
540 242 89 21 afsedda
644 243 118 26 petitionen
779 243 47 21 icke
841 243 117 22 innehåller
973 244 37 21 nå-

179 277 41 20 gon
236 271 94 26 egentlig
343 271 124 27 förändring
482 271 25 20 af
519 271 187 27 kommunallagen
722 274 53 19 utan
792 271 76 22 endast
878 271 90 22 föreslår
979 274 31 19 ett

179 299 120 26 obetydligt
318 299 75 27 tillägg
409 305 45 16 som
470 299 38 28 går
523 301 24 20 ut
563 299 65 28 derpå
643 302 39 23 att,
695 300 71 21 såsom
784 300 80 27 vanligt
879 302 24 19 är
918 301 34 21 vid
968 301 42 21 alla

179 327 133 22 direktioner
330 327 40 22 och
386 329 128 26 bestyrelser
530 329 136 26 suppleanter
681 328 35 21 för
731 328 195 27 stadsfullmäktige
942 329 67 22 skulle

178 357 73 20 kunna
274 356 109 21 tillsättas.
414 357 101 21 Deremot
537 357 73 27 tyckes
625 357 43 27 mig
683 358 40 20 den
740 357 24 21 af
778 357 49 22 herr
843 357 33 22 Ek
891 357 119 27 föreslagna

178 385 119 27 petitionen
313 385 149 22 åstadkomma
477 392 25 15 en
518 385 54 22 total
588 385 106 28 rubbning
709 387 6 20 i
731 386 110 27 principen
858 386 33 21 för
901 386 108 22 stadsfull-

179 414 105 27 mäktiges
308 414 198 27 sammansättning.
537 415 60 20 Efter
613 415 41 20 min
670 415 139 26 uppfattning
824 414 38 21 har
877 415 132 27 lagstiftaren

179 442 45 21 haft
240 449 25 14 en
282 443 82 26 ganska
379 443 65 26 riktig
459 443 62 27 åsigt,
537 443 27 21 då
579 443 49 25 han,
644 445 39 19 när
698 450 26 15 en
740 443 24 21 så
780 446 45 18 stor
841 443 168 22 beslutanderätt

178 471 72 21 blifvit
264 471 93 27 nedlagd
372 471 7 21 i
395 471 204 28 stadsfullmäktiges
615 472 88 27 händer,
720 472 58 21 velat
794 474 31 19 att
841 473 168 26 stadsrepresen-

179 500 96 21 tationen
299 499 68 22 skulle
390 506 51 15 vara
455 502 142 20 sammansatt
612 501 23 20 af
649 501 23 21 så
688 501 59 21 olika
763 501 185 21 samhällsklasser
963 507 45 16 som

179 528 83 27 möjligt
286 529 39 20 och
346 529 72 20 derför
433 531 71 19 ansett
519 531 32 19 ett
565 529 24 21 så
605 532 53 18 stort
674 529 58 21 antal
750 529 136 28 fullmäktige
901 529 107 28 behöfligt.

179 557 41 26 Jag
242 561 46 17 tror
311 557 60 21 detta
393 557 59 21 antal
473 558 46 21 icke
542 564 51 15 vara
616 558 66 27 högre
698 560 26 19 än
740 558 77 21 inalles
833 559 36 20 två
884 561 87 24 procent
986 559 24 21 af

179 585 185 22 invånareantalet
385 586 7 21 i
415 586 100 21 städerna
537 586 39 21 och
600 587 82 21 således
705 587 47 20 icke
768 587 33 20 för
817 587 58 21 svårt
890 590 32 18 att
937 587 72 21 åstad-

178 615 94 20 komma.
302 615 42 20 Det
367 616 24 19 är
410 615 123 26 visserligen
549 615 83 27 möjligt
647 617 33 19 att
694 615 47 22 icke
758 615 41 21 alle
814 615 194 28 stadsfullmäktige

178 643 64 21 hafva
257 643 110 26 förmågan
384 645 32 19 att
431 643 45 21 vidt
491 644 40 21 och
546 644 62 21 bredt
622 645 73 20 kunna
710 644 70 21 uttala
796 644 31 26 sig
843 645 6 20 i
864 645 43 20 alla
922 645 86 27 möjliga

179 671 85 28 frågor;
286 678 48 15 men
353 672 38 27 jag
410 672 36 21 vill
467 673 54 20 dock
537 675 32 19 tro
586 675 32 18 att
633 673 62 21 äfven
712 673 74 20 dessas
801 674 90 20 närvaro
908 673 45 21 ofta
968 679 41 21 nog

178 700 43 21 kan
237 707 52 14 vara
304 700 24 21 af
341 701 44 26 vigt
402 700 33 21 för
449 701 126 27 afgörandet
590 701 23 21 af
626 702 77 26 många
718 701 85 27 frågor;
819 701 26 21 de
860 702 68 21 beslut
938 702 71 21 hvilka

179 729 24 20 af
224 729 194 26 stadsfullmäktige
438 729 73 22 kunna
531 730 66 21 fattas
611 732 37 19 äro
664 730 24 21 af
702 730 23 21 så
742 730 59 21 olika
816 729 145 22 beskaffenhet
976 733 32 19 att

179 757 89 27 insigter
288 757 47 22 från
358 758 58 21 olika
438 758 184 21 samhällsklasser
642 761 37 18 äro
695 759 144 26 nödvändiga.
869 759 41 27 Jag
924 759 85 22 förenar

179 786 44 27 mig
246 786 71 22 derför
336 793 34 14 om
386 787 41 20 den
442 787 24 20 af
480 787 49 21 herr
544 787 104 21 Rissanen
663 787 82 26 afgifna
761 787 165 26 reservationen,
943 788 65 27 enligt

178 815 86 21 hvilken
280 815 140 22 förevarande
435 815 182 28 petitionsförslag
633 816 65 21 borde
714 815 95 22 förfalla.

247 873 57 20 Herr
327 873 121 21 Kurtén:
479 868 68 26 Äfven
561 873 36 27 jag
612 873 39 22 har
666 873 76 27 begärt
758 873 63 21 ordet
837 873 32 21 för
885 875 31 20 att
932 873 75 22 förena

179 901 43 27 mig
244 907 35 15 om
303 901 40 21 den
364 901 24 20 af
402 901 49 21 herr
466 902 104 21 Rissanen
586 902 32 21 till
635 903 97 20 enskilda
748 902 208 21 Besvärsutskottets
972 901 36 22 be-

179 930 108 21 tänkande
309 930 77 27 fogade
406 931 165 21 reservationen.
602 931 31 21 De
649 931 45 21 skäl
711 937 45 15 som
770 931 37 26 jag
823 931 34 20 till
872 931 136 27 afstyrkande

179 958 24 21 af
222 959 74 20 herrar
317 959 70 20 Bades
407 959 40 20 och
467 959 110 22 Törnudds
593 959 183 27 petitionsförslag
792 959 54 22 hade
862 961 51 20 äran
929 962 31 19 att
976 959 32 22 för

182 987 90 21 Ståndet
288 987 119 26 framhålla,
422 994 63 21 synas
500 989 44 26 mig
559 989 7 20 i
582 988 130 27 fullkomligt
727 988 47 21 lika
789 988 43 27 hög
847 989 51 26 grad
915 989 44 20 tala
976 988 33 21 för

178 1015 149 28 afstyrkandet
352 1015 23 22 af
399 1015 60 22 äfven
485 1017 138 21 förevarande
647 1017 197 26 petitionsförslag;
868 1023 46 15 men
938 1017 71 21 dertill

179 1045 98 21 kommer
298 1046 56 19 ännu
370 1046 33 19 att
418 1045 27 21 då
460 1045 275 27 kommunalförordningen
752 1046 7 20 i
775 1045 110 21 händerna
900 1046 26 26 på
941 1046 67 21 stads-

178 1073 134 27 fullmäktige
332 1073 44 27 lagt
396 1080 26 14 en
444 1074 23 21 så
484 1077 44 18 stor
541 1075 59 20 makt
615 1075 48 20 med
679 1074 101 21 afseende
796 1074 13 21 å
824 1075 85 20 stadens
924 1075 85 26 angelä-

180 1102 110 26 genheter,
312 1101 38 22 bör
370 1102 36 21 det
428 1102 62 22 äfven
507 1109 49 15 vara
571 1103 28 26 på
615 1103 35 21 det
664 1103 78 26 högsta
758 1103 115 27 angeläget
888 1105 32 19 att
936 1103 72 21 dessas

178 1131 59 20 antal
258 1131 48 21 icke
325 1131 67 20 måtte
413 1137 52 15 vara
481 1131 72 22 alltför
569 1132 66 25 ringa.
666 1132 66 21 Detta
747 1132 69 26 gäller
831 1131 7 21 i
854 1131 113 28 synnerhet
983 1132 26 21 de

179 1159 83 22 mindre
284 1159 72 22 städer
378 1159 38 21 der
437 1160 57 21 valet
510 1161 31 20 till
557 1160 195 27 stadsfullmäktige
768 1160 66 21 oftast
849 1159 73 22 träffar
937 1167 72 20 perso-

179 1194 38 15 ner
232 1188 50 21 med
298 1195 25 14 en
340 1190 44 19 stor
400 1187 74 22 affärs-
490 1189 51 21 eller
552 1189 208 26 yrkesverksamhet,
773 1189 85 21 hvilkas
868 1195 54 21 egna
934 1189 74 22 intres-

179 1222 37 15 sen
226 1217 92 27 mången
333 1217 56 26 gång
405 1217 33 21 stå
453 1217 7 21 i
477 1218 52 21 strid
545 1218 48 21 med
609 1218 36 21 det
660 1218 127 21 allmännas.
817 1218 43 26 Jag
875 1220 45 19 tror
930 1218 18 26 ej
962 1218 45 21 hel-

179 1245 37 26 ler,
240 1248 33 19 att
294 1245 70 28 någon
386 1245 55 22 finsk
462 1247 48 20 stad
530 1247 47 21 med
599 1253 45 15 mer
666 1248 26 20 än
714 1247 101 21 tvåtusen
831 1246 100 22 invånare
946 1248 24 20 är
986 1246 23 22 så

177 1280 79 15 renons
277 1274 27 27 på
319 1274 34 21 till
369 1275 194 27 stadsfullmäktige
579 1276 99 26 lämplige
694 1276 40 21 och
751 1275 87 21 valbare
853 1281 107 21 personer,
976 1277 32 19 att

177 1303 48 21 icke
246 1305 32 19 ett
299 1303 59 21 antal
379 1303 23 21 af
421 1304 87 26 tjuguen
531 1304 81 27 ganska
627 1304 41 21 lätt
684 1304 55 21 skall
755 1304 74 21 kunna
844 1304 164 27 åstadkommas,

177 1338 35 14 om
236 1338 49 15 man
300 1332 48 21 icke
362 1332 37 20 vill
414 1332 57 27 välja
486 1333 47 21 med
549 1332 99 22 afseende
663 1334 13 20 å
691 1332 207 27 samhällsställning
913 1332 39 22 och
968 1332 41 22 för-

177 1361 203 25 mögenhetsvilkor,
402 1363 51 19 utan
475 1362 74 20 endast
570 1362 48 21 med
637 1361 100 21 afseende
760 1361 12 21 å
795 1361 97 21 förstånd
907 1362 40 20 och
962 1362 47 20 red-

177 1389 84 21 barhet.
284 1390 41 26 Jag
340 1395 62 15 anser
418 1389 151 27 förordningen
581 1397 34 14 om
626 1390 273 27 kommunalförvaltning
890 1385 12 36 i
910 1390 100 21 städerna

177 1418 117 27 genomgäs
315 1418 23 22 af
358 1424 26 15 en
400 1418 146 22 demokratisk
562 1419 60 26 anda,
638 1419 86 21 hvilken
737 1419 39 27 jag
792 1418 69 22 skulle
876 1419 133 21 rekommen-

178 1446 52 21 dera
250 1449 33 19 att
301 1446 101 22 omfattas
424 1447 23 21 af
466 1448 53 25 dem,
538 1454 45 14 som
599 1448 56 26 välja
670 1447 205 26 stadsfullmäktige.
905 1448 49 20 Man
970 1448 39 20 har

177 1474 77 22 hittills
276 1476 45 21 valt
343 1475 55 21 blott
421 1476 65 21 bland
509 1476 48 21 dem
580 1482 45 15 som
643 1476 52 27 flyta
710 1477 94 23 öfverst;
822 1476 36 20 det
872 1476 70 21 kunde
959 1482 50 15 vara

177 1503 53 27 skäl,
254 1506 33 20 att
310 1504 114 22 framdeles
447 1508 50 23 taga
520 1505 134 27 fullmäktige
676 1505 46 21 frän
745 1507 33 19 ett
794 1505 59 27 lager
869 1505 87 27 djupare
971 1511 38 16 ner
