1078 1781
181 106 42 22 816
421 111 178 21 Borgareståndet
615 111 53 17 1877.
693 112 27 16 24
732 110 49 22 Maj.

181 180 39 27 sig,
237 180 27 21 då
280 180 26 21 de
321 180 55 21 hade
392 182 32 19 att
439 180 57 21 inom
512 180 105 21 utskottet
633 179 106 22 behandla
755 180 70 21 denna
841 179 66 28 fråga.
933 180 33 21 Då
974 180 36 27 jag

182 209 46 21 haft
243 211 51 18 äran
310 211 33 18 att
359 215 50 15 vara
424 215 25 15 en
465 208 23 21 af
501 209 48 20 dem
565 210 25 19 är
604 209 37 21 det
656 209 33 20 för
704 209 44 26 mig
764 211 32 19 ett
811 208 66 21 behof
891 211 33 19 att
939 209 39 21 här
989 209 22 20 få

182 237 115 22 framhålla
313 237 39 21 den
368 237 101 27 ställning
482 237 37 26 jag
533 237 8 21 i
556 237 75 26 frågan
648 237 82 27 intagit,
747 237 88 21 emedan
847 238 60 21 detta
918 237 18 27 ej
948 237 62 22 fram-

181 267 39 25 går
235 272 25 15 ur
276 265 150 22 betänkandet.
457 266 74 21 Denna
547 265 100 27 ställning
662 267 24 20 är
702 265 130 26 densamma,
848 272 45 15 som
910 266 26 21 de
949 265 62 22 flesta

182 295 65 21 ärade
263 294 68 21 talare
347 295 39 21 här
401 295 82 26 intagit.
513 295 32 20 De
561 294 64 21 hafva
640 294 108 21 framstält
758 295 77 27 många
846 295 165 26 anmärkningar

183 325 57 20 emot
264 323 36 21 det
322 325 50 24 sätt,
394 323 80 27 hvarpå
496 323 69 21 denna
587 323 60 26 fråga
670 323 69 21 blifvit
762 323 114 21 förberedd
892 323 40 22 och
948 323 63 21 hafva

183 352 100 26 temligen
307 352 136 26 enstämmigt
465 353 70 19 ansett
559 353 32 19 att
612 358 25 15 en
658 357 70 16 annan
751 351 84 28 lösning
853 351 23 22 af
888 352 81 26 frågan,
984 353 26 19 än

183 381 40 20 den
239 387 29 14 nu
283 380 126 33 föreslagna,
431 380 56 21 hade
508 380 55 21 varit
585 380 114 24 önskvärd,
722 386 48 15 men
795 380 65 21 likväl
882 381 43 20 alla
945 380 66 21 slutat

183 409 88 22 dermed
293 411 33 19 att
348 409 33 25 de,
396 409 8 20 i
419 409 100 21 sakernas
543 409 121 21 nuvarande
688 409 53 26 läge,
765 411 71 19 ansett
851 409 47 21 skäl
913 415 51 15 vara
978 410 33 19 att

183 438 86 21 förorda
292 440 31 19 ett
346 437 137 22 oförändradt
505 437 120 27 antagande
648 437 22 21 af
691 437 150 22 betänkandet.
872 438 40 21 Om
933 437 36 27 jag
992 437 18 26 ej

183 466 135 21 missminner
333 467 48 26 mig,
395 467 84 26 yttrade
495 466 55 21 Herr
556 454 92 33 "Kurtén
664 466 34 21 vid
717 467 100 20 ärendets
841 467 74 20 remiss
930 466 34 21 till
979 468 31 19 ut-

183 495 82 21 skottet
280 497 34 19 att
330 495 40 21 han
386 495 18 26 ej
421 495 36 26 såg
473 495 69 27 någon
561 501 69 14 annan
649 496 65 25 utväg
729 497 27 18 än
769 497 38 25 att,
823 495 57 21 nödd
896 495 39 21 och
951 497 60 18 tvun-

183 530 47 20 gen,
246 523 114 28 godkänna
375 523 108 26 förslaget.
513 523 34 21 Nu
563 523 39 21 har
617 523 56 21 Herr
689 523 81 21 Kurtén
781 523 123 28 visserligen
916 523 95 21 förordat

184 552 66 27 några
266 552 153 27 förändringar,
435 552 34 21 för
483 552 71 21 hvilka
571 551 41 22 han
634 551 70 22 anfört
726 553 83 26 ganska
823 553 56 26 goda
895 551 52 26 skäl,
963 557 47 15 men

181 581 37 26 jag
233 587 63 15 anser
311 583 33 19 att
359 581 61 21 äfven
435 581 26 20 de
477 581 52 20 böra
552 580 85 21 förfalla
658 582 110 25 gentemot
788 581 40 21 den
843 583 59 19 stora
917 580 44 27 vigt
974 580 36 27 jag

184 610 72 26 lägger
272 609 65 27 derpå
352 611 32 20 att
400 615 25 15 en
441 609 114 26 öfvergång
576 609 33 21 till
631 609 145 27 guldmyntfot
796 609 24 21 så
839 609 43 22 fort
898 615 44 15 som
958 609 52 26 möj-

185 638 38 26 ligt
238 638 98 21 kommer
351 637 33 22 till
400 638 68 21 stånd.
498 638 42 26 Jag
555 637 38 22 ber
609 639 33 20 att
656 637 62 22 äfven
735 637 22 22 få
772 640 58 25 yttra
845 638 66 26 några
926 637 39 22 ord
976 643 33 15 om

184 667 41 20 den
240 667 66 21 redan
322 666 23 21 af
359 666 50 22 flere
424 667 67 20 talare
507 666 92 21 berörda
614 666 151 27 förändringen
782 667 22 20 af
817 666 13 28 &
847 668 19 19 7.
890 667 55 20 Herr
956 666 54 27 Chy-

185 695 74 21 denius
275 695 116 21 förvånade
406 695 32 27 sig
453 695 58 21 öfver
526 697 38 22 att,
581 695 89 27 oaktagt
685 695 117 21 utskottets
823 695 187 26 uppmärksamhet

185 724 84 21 länkats
284 725 28 26 på
328 724 68 21 denna
410 724 74 27 punkt,
499 724 36 21 det
550 723 19 27 ej
585 723 111 22 inkommit
719 724 48 21 med
790 725 31 20 ett
844 723 78 27 förslag
937 723 32 21 till
985 729 25 15 en

185 759 69 14 annan
271 753 90 26 ändring
376 752 23 21 af
412 753 69 20 denna
495 753 20 25 $.
539 752 55 21 Herr
609 752 82 21 Kurtén
706 752 85 21 slutade
813 752 52 21 dock
881 752 48 21 med
944 754 33 19 att
992 752 18 26 ej

185 781 33 20 för
233 781 32 21 sin
282 781 34 21 del
331 781 49 27 vilja
396 781 117 21 framställa
528 781 65 26 något
608 783 46 25 nytt
670 780 87 27 förslag.
788 781 94 21 Alldeles
893 781 118 21 detsamma

185 816 37 15 var
236 809 143 22 förhållandet
396 810 46 21 med
458 810 48 26 mig,
522 809 27 21 då
562 810 37 26 jag
614 810 56 21 inom
687 809 106 22 utskottet
808 809 100 21 förenade
924 809 42 26 mig
977 815 33 15 om

185 840 33 19 att
233 838 70 21 lemna
318 839 35 26 8:n
370 838 133 25 oförändrad,
519 837 66 22 sådan
608 838 126 27 regeringen
756 838 110 26 föreslagit
878 838 47 21 den.
956 838 55 21 Fun-

186 873 36 15 nes
238 867 19 26 ej
276 867 37 21 det
334 867 90 21 anförda
446 867 75 24 skälet,
545 869 38 23 att,
607 867 70 21 såvidt
700 867 84 26 möjligt
799 869 30 23 är,
845 867 109 26 ingenting
977 867 34 20 må

185 895 74 27 läggas
274 896 6 21 i
296 897 66 26 vägen
387 895 33 22 för
441 895 134 27 uppnåendet
597 895 23 21 af
642 895 35 22 det
699 895 97 26 resultat,
820 895 86 21 hvartill
928 895 19 20 vi
962 895 50 26 vilja

185 924 93 26 komma,
294 925 24 20 så
333 924 67 22 skulle
416 924 89 27 troligen
521 923 61 22 äfven
598 924 56 21 Herr
670 923 121 28 Chydenius
807 924 8 20 i
831 924 40 26 dag
882 923 64 22 hafva
958 923 54 21 före-

186 953 64 26 slagit
266 953 39 21 den
321 953 123 26 förändring
459 953 41 20 han
515 953 66 25 ansåg
596 959 51 15 vara
663 953 70 26 nödig.
764 953 41 25 Jag
821 953 37 20 ber
873 954 33 19 att
918 952 94 27 uttryck-

186 981 56 26 ligen
258 981 21 21 få
294 983 83 22 nämna,
393 983 33 20 att
438 982 36 26 jag
492 981 57 21 inom
571 981 111 25 utskottet,
704 981 76 22 liksom
796 981 62 21 äfven
874 981 66 20 delvis
955 981 56 20 inom

185 1009 175 27 Bankutskottet,
376 1010 19 27 ej
411 1010 80 21 kunnat
506 1009 114 28 godkänna
635 1010 25 21 de
677 1010 155 21 förberedande
847 1009 106 26 åtgärder,
966 1015 46 16 som

187 1038 68 21 blifvit
277 1039 100 26 vidtagna
399 1039 32 20 för
453 1038 180 27 guldmyntfotens
655 1038 117 25 införande,
794 1038 40 21 och
849 1045 76 20 genom
942 1037 71 22 hvilka

186 1067 26 25 vi,
228 1067 35 21 vid
278 1067 86 28 frågans
379 1067 86 26 slutliga
480 1067 128 26 behandling
623 1067 57 21 inom
696 1067 102 26 Stånden,
816 1067 70 21 blifvit
902 1066 89 22 försatta
1007 1067 4 19 i

186 1101 25 16 en
227 1097 93 26 tvungen
337 1096 106 26 ställning,
466 1098 55 19 samt
536 1097 33 20 att
581 1096 38 26 jag
634 1096 56 21 inom
713 1096 106 21 utskottet
840 1097 42 19 sett
898 1095 74 27 frågan
988 1101 26 15 ur

186 1131 82 14 samma
284 1125 113 26 synpunkt,
412 1131 45 15 som
473 1125 56 20 Herr
544 1123 119 28 Chydenius
687 1125 39 20 här
749 1123 123 26 framhållit,
896 1124 118 27 hvarjemte

184 1153 36 26 jag
235 1153 34 21 för
284 1153 62 27 ingen
363 1153 33 22 del
412 1153 80 21 kunnat
505 1153 108 26 öfvertyga
629 1153 43 26 mig
687 1159 33 15 om
737 1153 129 26 riktigheten
882 1152 24 21 af
914 1153 56 20 Herr
980 1152 34 27 Ig-

186 1181 52 21 natii
262 1182 123 26 påstående,
408 1182 35 21 det
467 1181 147 22 erfarenheten
637 1181 69 22 skulle
730 1181 32 22 till
785 1181 52 21 fullo
860 1181 100 27 bestyrka
982 1183 32 18 att

187 1211 135 26 myntvärdet
337 1211 56 20 inom
409 1211 72 21 landet
497 1210 46 21 icke
558 1211 49 20 rönt
623 1210 65 27 något
702 1210 117 27 inflytande
835 1210 22 21 af
869 1209 79 22 silfrets
960 1209 53 27 pris-

187 1238 37 22 fall
239 1239 69 21 under
324 1239 25 21 de
364 1242 84 19 senaste
463 1239 89 21 tiderna.
583 1239 42 27 Jag
640 1239 38 21 har
694 1239 83 21 således
792 1239 56 21 varit
864 1238 48 22 fullt
923 1238 91 27 öfverty-

187 1268 41 26 gad
244 1274 35 15 om
294 1270 33 19 att
342 1268 90 21 rättvisa
452 1268 38 21 och
513 1267 98 27 billighet
627 1268 54 21 hade
696 1268 57 21 kräft
769 1274 26 14 en
809 1274 69 14 annan
894 1267 84 27 lösning
994 1266 22 21 af

187 1296 85 28 frågan;
289 1303 47 15 men
352 1297 28 21 då
395 1303 25 15 en
436 1296 137 28 myntreform
597 1296 105 27 svårligen
718 1296 42 21 kan
776 1296 134 26 genomföras
926 1295 88 22 sålunda

187 1327 32 19 att
234 1325 40 21 full
290 1325 90 21 rättvisa
395 1325 7 21 i
418 1325 72 27 hvarje
505 1324 100 22 afseende
629 1325 120 21 vederfares
772 1325 86 24 enhvar,
874 1324 39 22 har
928 1324 35 28 jag
978 1330 36 15 an-

187 1355 41 19 sett
245 1354 96 21 fördelen
357 1354 23 20 af
394 1360 26 15 en
435 1354 62 22 säker
517 1353 120 27 öfvergång,
658 1354 60 21 äfven
739 1354 27 26 på
782 1354 35 20 det
833 1355 43 19 sätt
892 1353 39 21 den
948 1359 28 15 nu
991 1354 24 19 är

187 1382 126 27 föreslagen,
336 1382 49 22 vida
407 1385 79 24 vägnar
508 1384 97 25 uppväga
625 1383 25 21 de
667 1388 33 16 om
716 1382 66 22 också
797 1382 18 25 ej
832 1382 122 26 obetydliga
970 1382 44 20 olä-

187 1396 109 46 genheter,
312 1417 46 15 som
374 1412 48 21 med
437 1412 36 20 det
488 1410 120 28 föreslagna
629 1410 193 28 öfvergångssättet
837 1412 37 20 äro
890 1410 124 27 oåtskiljak-

187 1426 42 40 tigt
244 1424 108 48 förenade.
382 1440 42 27 Jag
446 1440 117 27 tillstyrker
586 1440 82 21 derföre
691 1439 156 28 godkännande
862 1438 22 22 af
898 1439 116 21 utskottets

187 1468 141 26 betänkande,
352 1469 55 21 dock
430 1468 66 22 under
517 1468 112 22 uttalande
648 1468 22 22 af
684 1470 32 20 att
730 1469 43 27 jag,
790 1468 6 21 i
812 1468 68 21 likhet
896 1468 47 21 med
959 1467 56 22 Herr

188 1496 89 28 Kurtén,
293 1499 39 25 gör
348 1497 36 21 det
399 1498 56 21 nödd
471 1497 39 22 och
526 1499 99 24 tvungen.
