1078 1781
318 116 180 21 Borgareständet
511 116 54 18 1877.
590 118 13 15 8
616 116 47 21 Maj.
858 111 42 21 683

73 185 75 28 pröfva
170 185 104 21 huruvida
296 185 157 27 Ridderskapet
475 185 40 22 och
530 186 69 21 Adeln
615 185 73 22 afstått
703 185 33 21 för
750 185 85 27 mycket
850 185 52 21 eller

73 214 34 21 för
129 214 54 26 litet,
206 216 51 19 utan
280 214 76 21 endast
378 214 104 21 huruvida
505 215 68 20 denna
595 214 103 27 afsägelse
720 214 28 27 på
770 214 65 27 något
858 215 43 20 sätt

72 242 71 21 skulle
158 242 75 21 beröra
251 243 67 20 andra
333 242 78 22 Stånds
426 245 50 18 rätt.

143 271 45 21 Den
205 271 21 21 af
240 273 162 19 reservanterne
416 271 129 21 framhållna
560 271 121 26 grundsats,
704 273 32 19 att
752 271 25 21 de
792 277 108 20 personer,

73 306 45 15 som
142 299 35 22 vid
199 305 25 15 en
247 300 46 26 lags
316 299 104 22 tillkomst
441 300 84 27 åtnjuta
548 299 234 27 undantagsförmåner,
798 300 53 21 böra
865 300 36 21 vid

73 329 109 21 desamma
205 328 125 26 bibehållas,
346 328 78 21 saknar
439 329 28 20 all
484 328 93 27 egentlig
594 328 148 27 tillämplighet
757 328 7 21 i
780 328 71 27 frågor
866 335 35 14 om

72 357 107 28 afsägelse
202 357 24 20 af
247 357 127 26 privilegier,
397 359 22 24 ty
443 357 74 27 frågan
540 357 66 27 gäller
627 357 44 26 just
688 359 32 19 att
734 357 96 26 frivilligt
845 357 56 21 afstå

73 385 47 22 från
144 386 60 21 dessa
220 385 118 26 förmåner;
355 385 25 21 de
397 385 138 22 medlemmar
549 385 24 22 af
586 385 165 28 presterskapet,
768 385 71 22 hvilka
855 385 46 21 icke

73 414 64 21 hafva
159 414 118 26 stadsgård,
302 414 56 21 afstå
377 413 25 28 ju
420 414 60 21 äfven
499 414 47 21 från
563 414 129 27 rättigheten
707 416 32 19 att
754 420 34 15 om
805 415 25 20 de
845 415 56 26 köpa

73 449 27 15 en
116 443 111 26 stadsgård
247 443 64 20 hafva
326 443 40 20 den
383 443 81 21 befriad
481 443 46 21 från
543 443 43 21 alla
601 443 115 26 utskylder.
746 443 112 21 Dessutom
874 443 27 21 då

74 478 49 15 man
139 471 66 21 afstår
220 471 46 21 från
282 477 25 15 en
323 471 103 27 rättighet
443 471 18 27 ej
479 471 32 22 för
526 472 31 26 sig
573 471 49 27 sjelf
636 474 50 19 utan
702 471 33 21 för
750 472 73 25 andra,
839 477 63 16 anser

72 501 37 26 jag
132 506 25 15 en
180 500 66 21 sådan
269 500 122 27 uppoffring
413 500 46 21 icke
482 507 51 14 vara
548 500 85 27 mycket
648 500 57 21 värd.
735 500 33 21 Då
784 500 117 22 emellertid

75 528 158 27 presterskapet
255 529 95 26 godkänt
372 530 40 19 den
435 529 152 26 inskränkning
609 535 45 15 som
670 530 159 19 reservanterne
845 529 56 20 före-

72 557 66 26 slagit
153 557 68 21 skulle
234 557 37 27 jag
286 557 34 21 för
334 558 43 21 min
388 557 33 21 del
434 557 79 22 föreslå
524 560 31 18 att
567 557 90 22 Ståndet
667 557 66 21 måtte
744 560 78 23 antaga
833 558 68 20 denna

74 586 136 21 reservation.
240 585 62 22 Hvad
318 586 46 21 åter
379 585 102 22 beträffar
496 586 50 21 herr
558 586 136 27 Tengströms
705 585 139 28 anmärkning
854 586 47 21 der-

73 616 65 22 emot,
161 617 32 18 att
215 614 148 27 upphäfvande
386 614 24 21 af
431 615 25 21 de
472 615 234 26 undantagsförmåner,
722 621 45 14 som
784 615 117 20 tillkomma

73 643 161 26 grekisk-ryska
258 643 165 26 presterskapet,
445 643 68 27 gjorts
529 643 33 21 till
578 647 31 18 ett
624 643 68 21 vilkor
707 643 32 21 för
754 643 110 21 afstående
880 643 23 20 af

74 671 110 22 lutherska
206 672 169 27 presterskapets
398 671 161 27 ifrågavarande
577 672 227 26 undantagsförmåner
819 671 39 22 och
875 671 26 21 de

74 700 102 26 farhågor
198 700 90 21 rörande
303 700 138 27 lagförslaget
462 701 41 20 han
520 701 27 26 på
562 701 69 26 grund
646 701 61 20 deraf
721 701 69 26 hyser,
805 703 46 18 tror
864 700 37 27 jag

74 732 33 18 att
129 729 36 21 det
187 729 47 21 icke
256 731 24 19 är
296 731 32 18 att
346 729 74 21 befara
438 731 32 19 att
487 730 36 20 det
538 729 71 22 beslut
623 729 7 21 i
646 729 80 21 hvilket
741 729 160 21 Presteståndet

74 764 29 14 nu
125 760 86 18 stannat
234 757 46 22 icke
304 757 68 21 skulle
395 758 124 26 godkännas
543 758 20 21 af
579 758 131 27 regeringen,
726 758 88 21 emedan
830 758 70 21 man
884 753 19 36 i

73 787 42 20 den
131 786 76 26 nådiga
222 786 160 27 propositionen
398 787 88 20 emellan
503 787 91 20 raderna
610 787 40 20 kan
668 787 44 20 läsa
726 789 32 18 att
774 787 59 20 detta
849 792 52 21 upp-

74 814 105 21 häfvande
201 815 67 21 skulle
290 815 51 26 följa
357 815 132 21 omedelbart
504 816 65 20 sedan
585 815 119 22 Ständerna
719 815 86 21 beslutit
821 815 32 26 sig
868 815 34 20 för

73 843 132 21 afskaffande
227 843 22 22 af
270 843 110 21 lutherska
402 844 169 27 presterskapets
594 843 132 26 rättigheter.
763 844 46 21 Men
833 843 68 21 skulle

75 872 64 21 också
162 878 25 15 en
210 872 65 21 sådan
297 872 81 27 utgång
392 872 72 21 kunna
480 873 84 20 befaras
580 875 45 18 tror
638 873 39 26 jag
692 875 32 18 att
738 879 48 14 man
802 872 64 21 likväl
882 872 18 27 ej

72 901 43 20 kan
137 900 72 21 afvika
231 900 47 21 från
302 901 26 20 de
350 901 69 20 vilkor
440 901 158 27 presterskapet
613 901 100 27 uppstält,
728 901 104 26 nemligen
848 907 52 20 upp-

74 929 116 21 häfvandet
205 929 23 21 af
244 930 54 21 1858
314 929 34 21 års
364 929 132 27 kungörelse.

143 986 66 21 Herr
230 986 140 27 Wallgrén:
400 987 41 26 Jag
461 993 62 15 anser
544 987 115 20 utskottets
675 986 140 23 betänkande,
831 986 69 21 såsom

74 1014 34 21 väl
132 1015 133 24 motiveradt,
288 1015 63 21 hafva
375 1017 30 19 ett
428 1017 55 19 stort
507 1015 107 22 företräde
629 1015 87 21 framför
731 1017 170 19 reservanternes

74 1043 89 26 förslag;
185 1043 35 26 jag
243 1049 62 15 anser
328 1043 72 21 vidare
420 1043 173 22 Presteståndets
616 1043 109 27 pluralitet
746 1043 33 21 vid
798 1044 53 21 1872
867 1043 34 21 års

74 1071 102 27 landtdag
199 1072 62 21 hafva
282 1072 55 21 varit
360 1073 5 20 i
382 1073 31 20 sin
429 1072 51 21 fulla
496 1074 48 24 rätt,
561 1072 27 21 då
604 1073 25 20 de
645 1072 75 21 afstått
735 1072 45 21 från
796 1072 106 21 förmåner

74 1099 55 22 både
152 1100 33 21 för
208 1100 30 27 sig
260 1100 76 27 sjelfva
351 1101 38 20 och
406 1101 33 20 för
455 1101 190 25 efterkommande,
662 1101 68 21 såsom
747 1101 25 21 de
788 1101 35 20 det
837 1101 63 26 gjort.

73 1128 104 22 Deremot
195 1129 41 21 kan
256 1129 36 26 jag
308 1129 46 21 icke
369 1129 51 26 gilla
435 1132 172 19 reservanternes
623 1129 135 27 uppfattning
773 1135 43 15 som
833 1129 69 21 skulle

74 1157 48 21 leda
138 1157 80 21 derhän
234 1160 32 19 att
280 1158 36 26 jag
332 1158 96 21 beröfvat
444 1158 57 21 mina
516 1159 180 20 efterkommande
713 1165 24 14 en
751 1158 89 25 förmån,
854 1164 47 15 men

74 1185 119 22 bibehåller
208 1187 123 20 densamma
346 1187 32 20 för
393 1187 42 26 mig
450 1187 55 26 sjelf.
537 1187 42 20 Det
595 1193 50 15 vore
660 1193 25 14 en
702 1187 113 20 liberalism
828 1186 27 27 på
866 1193 35 14 an-

74 1214 49 21 dras
147 1221 47 14 men
215 1215 47 21 icke
284 1215 27 26 på
331 1221 53 21 egen
400 1215 125 26 bekostnad,
542 1215 84 21 hvilken
640 1215 37 27 jag
692 1215 18 26 ej
726 1215 41 21 kan
783 1215 117 27 godkänna.

74 1243 96 21 Oaktadt
193 1243 38 21 allt
254 1244 59 21 detta
336 1250 62 15 anser
412 1244 35 26 jag
464 1244 64 21 likväl
544 1247 33 18 att
593 1244 40 21 den
649 1244 110 27 praktiska
774 1243 128 27 nödvändig-

73 1272 64 21 heten
159 1272 120 22 föranleder
295 1278 34 16 oss
344 1274 33 20 att
392 1272 74 22 förena
482 1280 35 14 oss
533 1273 47 21 med
595 1273 172 21 Presteståndets
783 1273 70 21 beslut
867 1272 34 21 så-

73 1300 52 22 dant
149 1301 36 21 det
206 1308 28 14 nu
257 1301 38 21 har
318 1301 101 27 gestaltat
441 1302 32 26 sig
490 1302 38 21 och
545 1302 38 21 ber
597 1302 28 26 på
641 1302 40 20 den
696 1302 68 26 grund
780 1301 21 21 få
816 1301 85 21 förorda

73 1329 119 21 detsamma
207 1330 31 21 till
254 1330 127 27 antagande.

142 1387 67 21 Herr
230 1387 127 21 Jansson:
388 1387 163 27 Presterskapet
574 1387 39 21 har
637 1387 75 21 afstätt
734 1387 44 21 från
798 1387 25 21 de
839 1387 62 26 privi-

73 1415 66 27 legier
160 1416 51 20 eller
234 1416 25 21 de
282 1416 111 26 förmåner,
416 1422 45 15 som
481 1416 47 21 dem
544 1422 75 20 genom
639 1416 24 21 10
678 1416 95 26 punkten
788 1416 7 20 i
810 1418 91 24 prester-

73 1444 86 27 skapets
182 1444 120 27 privilegier
326 1446 37 20 äro
387 1444 127 22 tillerkända
538 1445 39 21 och
601 1445 70 21 denna
693 1445 67 26 punkt
775 1444 56 21 afser
847 1444 54 21 blott

72 1472 63 22 deras
158 1472 96 22 enskilda
277 1473 112 27 lagfångna
404 1472 67 28 köpta
487 1474 39 21 och
543 1474 69 26 bygda
627 1473 77 27 gårdar
719 1473 45 21 icke
780 1473 61 21 deras
857 1479 44 14 em-

72 1500 132 28 betsgårdar.
234 1502 10 20 I
266 1502 68 21 första
354 1502 95 26 punkten
465 1501 23 21 af
502 1504 173 19 reservanternas
690 1501 78 27 förslag
784 1502 30 20 till
831 1501 71 21 beslut
