1078 1781
173 122 45 21 874
415 127 180 21 Borgareståndet
607 128 55 18 1877.
686 128 26 18 26
725 128 48 21 Maj.

175 197 69 21 måtte
258 197 99 26 upphöra
372 196 40 22 och
428 196 84 22 derföre
527 198 70 20 röstar
610 197 44 27 jag,
668 197 41 22 och
725 196 54 23 efter
794 197 42 21 min
851 196 55 27 åsigt
922 197 42 21 alla
978 196 26 22 de

174 231 48 16 som
246 225 68 21 önska
336 225 60 22 såväl
418 225 40 21 den
474 225 69 22 finska
557 225 66 22 saken
638 232 45 15 som
699 225 102 22 Finlands
815 225 69 27 öfriga
899 225 105 28 bildnings

175 253 42 22 och
232 253 221 22 kulturförhållanden
468 253 112 28 framgång
595 254 49 21 med
659 255 55 21 Herr
730 254 127 27 Chydenius.

245 316 62 22 Efter
322 318 34 20 att
370 316 148 22 diskussionen
533 316 89 22 härmed
638 316 104 26 afslutats,
754 316 120 21 förklarade
884 315 56 22 Herr
952 316 52 21 vice

174 345 157 22 Talmannen
356 345 49 22 med
420 345 115 27 anledning
549 345 24 22 af
585 345 56 22 Herr
656 345 137 27 Tengströms
808 345 68 21 under
890 344 114 22 diskussio-

175 380 42 15 nen
232 374 98 21 uttalade
345 374 140 26 anmärkning
500 380 34 15 om
551 374 35 21 det
601 373 199 28 grundlagsvidriga
814 374 7 21 i
837 374 55 21 Herr
902 373 102 27 Chydenii

175 403 176 20 reservationsvis
372 402 134 22 framställda
529 402 78 27 förslag
631 403 31 20 till
685 403 91 26 petition
798 408 33 15 om
847 408 25 15 en
888 401 22 22 af
924 401 81 27 Regent

176 431 42 21 och
241 431 93 21 Ständer
356 433 132 24 gemensamt
511 433 90 24 antagen
625 431 125 26 författning
765 430 132 22 beträffande
912 430 93 21 finskans

177 459 142 26 likställighet
341 460 49 21 med
412 459 111 26 svenskan,
547 462 33 19 att
602 459 43 22 han
667 461 66 26 ansåg
749 459 41 22 den
805 461 59 20 stora
879 459 65 27 makt,
959 465 45 15 som

175 494 77 21 genom
268 488 241 27 Landtdagsordningen
525 494 38 15 var
578 490 43 19 satt
641 489 3 20 i
658 488 169 22 Talmännens
843 487 56 22 hand
914 487 48 22 med
974 487 30 21 af-

175 517 79 20 seende
273 517 13 20 å
301 519 79 24 vägran
396 516 22 21 af
432 517 120 21 diskussion
568 517 39 21 och
623 517 145 27 propositions
782 516 162 21 framställande
959 517 46 21 icke

177 545 53 22 böra
244 545 85 22 utöfvas
344 545 7 21 i
366 547 65 20 annat
447 545 37 22 fall
499 547 27 19 än
543 545 37 22 der
595 547 32 20 ett
641 545 127 27 påståendes
784 545 53 22 strid
849 545 47 21 med
906 544 99 28 gällande

175 573 107 28 grundlag
304 580 50 15 vore
378 574 129 27 fullkomligt
529 574 147 27 otvifvelaktig
699 573 39 22 och
761 574 120 27 uppenbar;
902 573 39 22 och
956 573 48 22 ville

177 602 57 21 Herr
249 603 53 21 vice
317 602 162 27 Talmannen,
495 604 51 19 utan
562 605 32 19 att
609 603 33 21 för
657 603 64 26 öfrigt
736 608 52 15 anse
800 603 32 26 sig
843 602 89 21 behöfva
942 603 62 20 redo-

176 632 53 25 göra
252 631 33 21 för
307 631 32 22 sin
362 631 95 22 enskilda
480 631 55 27 åsigt
557 631 132 22 beträffande
705 630 158 28 lagstiftningen
879 631 31 21 uti
926 631 36 21 det
977 637 28 14 nu

177 659 164 27 ifrågavarande
364 661 77 25 ämnet,
462 661 78 20 nämna
559 661 32 20 att
607 660 41 21 han
664 660 47 21 icke
726 660 68 27 ansåg
808 660 32 26 sig
855 659 71 21 kunna
941 661 64 24 vägra

177 688 133 26 proposition
332 689 28 26 på
382 689 65 26 något
469 688 22 21 af
513 689 25 20 de
558 689 68 21 under
641 688 147 22 diskussionen
803 687 143 22 framkastade
961 689 44 20 sär-

175 716 72 21 skilda
262 717 87 27 förslag.
375 717 56 21 Herr
440 717 53 21 vice
504 717 153 21 Talmannen
672 717 127 22 framstälde
814 716 93 22 härefter
922 716 31 21 till
969 716 35 21 be-

175 745 105 22 svarande
296 745 94 27 följande
403 746 164 27 propositioner:

246 808 180 27 Proposition
441 808 46 21 N:o
505 810 18 19 1.
554 809 32 20 De
608 815 45 15 som
675 808 84 22 direkte
779 808 50 27 vilja
843 808 113 27 godkänna
970 810 35 19 ut-

175 836 95 22 skottets
285 836 135 22 betänkande
435 839 59 20 rösta
506 837 37 27 ja;
560 837 73 21 vinner
648 837 50 27 nej,
714 837 97 21 kommer
827 839 32 19 att
873 843 75 20 genom
962 839 43 19 sär-

176 865 57 21 skild
256 865 133 27 omröstning
404 865 85 27 afgöras
504 865 85 22 hvilken
604 865 212 28 kontraproposition
831 865 54 22 skall
901 867 57 20 emot
972 867 33 20 ut-

176 893 93 22 skottets
285 894 135 21 betänkande
435 894 123 27 uppställas.

246 956 76 23 Svaret
338 957 52 22 härå
405 957 68 27 afgafs
488 957 47 22 med
551 957 103 27 enhälligt
668 957 52 28 nej.

246 1019 179 27 Proposition
441 1020 46 21 N:o
504 1021 18 20 2.
552 1020 32 21 De
605 1026 46 15 som
672 1019 33 23 till
720 1019 210 28 kontraproposition
946 1021 57 20 emot

175 1048 121 22 utskottets
311 1049 135 21 betänkande
461 1049 50 27 vilja
525 1049 107 26 uppställa
646 1049 56 21 Herr
717 1049 138 26 Tengströms
864 1049 95 26 yrkande
969 1050 33 19 att

176 1077 28 26 på
226 1077 27 21 de
276 1077 45 21 skäl
338 1077 82 22 Herrar
435 1077 158 27 Pippingsköld,
608 1077 72 22 Antell
694 1084 28 15 m.
738 1076 20 22 fl.
775 1077 7 21 i
797 1077 62 21 deras
874 1077 129 22 reservation

175 1105 74 22 anfört
264 1106 181 26 Borgareståndet
460 1107 67 20 måtte
543 1105 94 22 förklara
652 1107 32 20 att
699 1106 29 21 all
744 1105 73 22 vidare
831 1106 75 26 åtgärd
922 1106 6 20 i
944 1106 60 21 detta

174 1134 82 21 ärende
276 1134 54 21 skall
352 1134 91 27 förfalla,
459 1136 58 20 rösta
544 1141 22 20 ja;
583 1135 26 21 de
624 1141 46 15 som
685 1135 101 26 fördraga
801 1136 32 19 att
848 1134 27 27 på
890 1136 44 20 sätt
948 1134 56 22 Herr

175 1162 85 22 Kurtén
275 1169 29 15 nu
318 1163 64 28 yrkat
396 1163 157 22 återremittera
568 1163 88 22 ärendet
671 1163 33 21 till
719 1163 107 21 utskottet
841 1163 47 21 med
900 1163 103 22 anmodan

175 1191 34 21 till
232 1191 60 22 detta
314 1194 32 19 att
368 1191 108 22 inkomma
498 1193 48 20 med
568 1193 51 32 nytt
639 1191 135 22 betänkande
796 1191 23 27 på
828 1191 139 27 grundvalen
982 1191 24 22 af

175 1219 57 22 Herr
248 1220 102 27 Chydenii
367 1221 129 21 reservation
512 1222 59 20 rösta
585 1221 41 26 nej.

246 1249 34 21 Då
302 1249 160 27 propositionen
486 1248 126 23 besvarades
627 1250 51 20 utan
694 1251 34 20 att
744 1248 97 22 bestämd
856 1245 149 30 röstöfvervigt

175 1277 72 21 kunde
263 1278 99 26 urskiljas
378 1278 93 21 hvarken
487 1278 33 21 för
532 1278 23 27 ja
571 1278 51 22 eller
637 1278 39 32 nej
686 1278 110 22 anstäldes
811 1278 96 26 votering
917 1277 87 22 hvarvid

177 1306 24 21 17
218 1307 70 21 röster
303 1306 96 28 afgåfvos
414 1306 32 22 för
458 1306 24 28 ja
497 1306 39 22 och
552 1307 27 21 23
595 1306 32 22 för
643 1306 40 28 nej.

244 1369 182 27 Proposition
446 1369 46 21 N:o
509 1370 20 20 3.
551 1369 33 21 De
608 1369 72 21 hvilka
704 1369 72 21 såsom
796 1368 209 27 kontraproposition

174 1400 59 18 emot
253 1398 117 21 utskottets
396 1398 134 22 betänkande
551 1398 50 26 vilja
623 1397 108 33 uppställa
749 1398 56 21 Herr
819 1393 95 43 Kurténs
928 1396 78 28 förslag

174 1427 34 20 att
218 1426 160 22 återremittera
392 1428 89 20 ärendet
496 1428 33 20 till
543 1429 106 19 utskottet
664 1427 47 21 med
728 1426 123 22 anmodan
846 1425 31 22 till
887 1426 119 21 detsamma

174 1456 34 19 att
222 1455 110 22 inkomma
347 1455 49 22 med
412 1458 47 25 nytt
474 1455 134 22 betänkande
624 1455 100 22 affattadt
740 1456 27 26 på
778 1454 130 33 grundvalen
919 1454 23 22 af
950 1454 56 22 Herr

175 1482 104 28 Chydenii
301 1484 131 21 reservation
455 1490 64 15 svara
538 1484 37 26 ja;
598 1484 26 21 de
639 1483 71 22 hvilka
726 1485 60 20 rösta
802 1483 50 27 nej,
868 1488 61 16 anses
944 1482 62 23 hafva

174 1511 33 21 till
229 1512 210 28 kontraproposition
463 1514 57 20 emot
542 1512 116 22 utskottets
680 1512 138 22 betänkande
844 1511 81 27 antagit
950 1511 57 23 Herr
