1078 1781
297 128 182 22 Borgareståndet
491 128 55 18 1877.
569 128 30 17 28
610 128 48 21 Maj.
855 123 41 22 877

136 198 102 22 Härefter
259 199 92 26 upptogs
373 197 33 22 till
427 197 130 28 behandling
573 197 175 22 Statsutskottets
763 197 135 22 betänkande

67 228 41 21 N:o
125 229 12 20 9
153 227 7 22 i
176 226 112 28 anledning
304 226 22 22 af
340 227 32 20 ett
387 226 6 21 i
409 225 164 22 Presteståndet
585 225 122 22 framstäldt
717 225 181 28 petitionsförslag

68 262 35 15 om
126 255 118 28 beviljande
266 255 23 21 af
304 257 31 20 ett
350 254 74 27 anslag
439 254 34 22 för
488 255 79 22 vården
582 254 23 22 af
618 255 62 26 sjuka
695 254 40 22 och
750 255 75 22 sårade
840 256 7 21 i
862 255 36 22 det

68 291 29 15 nu
112 285 103 21 utbrutna
229 284 76 27 kriget.

137 341 154 22 Diskussionen
305 340 97 22 inleddes
417 341 23 21 af

138 398 57 21 Herr
216 397 88 27 Julin,
326 403 46 16 som
387 397 95 28 yttrade:
512 397 35 22 Då
566 397 171 22 Presteståndets
752 397 124 28 inbjudning
892 398 6 21 i

70 427 140 22 förevarande
232 426 78 21 ärende
332 426 68 21 första
421 426 83 27 gången
526 426 81 27 förelåg
626 426 32 21 till
674 425 128 28 behandling
817 427 6 20 i
839 427 60 21 detta

69 455 74 26 Stånd,
166 457 37 24 tog
224 455 36 26 jag
280 455 43 26 mig
348 454 92 22 friheten
470 455 78 21 föreslå
573 457 33 19 att
633 455 122 21 densamma
779 455 68 22 skulle
867 455 32 22 af-

70 484 59 27 böjas
157 483 39 22 och
218 483 99 22 framhöll
340 483 28 22 då
390 483 62 22 äfven
474 484 67 26 några
563 484 96 25 motiver,
683 483 46 22 dem
750 483 37 27 jag
802 484 18 27 ej
837 490 62 15 anser

62 513 51 26 -mig
129 511 90 22 behöfva
233 519 29 14 nu
277 518 102 21 upprepa,
396 512 90 21 emedan
503 513 26 20 de
543 512 115 21 återfinnas
674 512 6 21 i
695 511 67 22 första
778 513 38 21 och
831 513 68 21 andra

71 541 83 27 stycket
169 541 24 21 af
205 543 173 19 reservanternas
392 541 34 21 till
441 541 60 21 detta
517 541 135 21 betänkande
667 540 162 28 framställning.
858 541 42 27 Jag

70 569 124 22 hemställer
209 569 83 22 derföre
308 569 61 28 ånyo,
384 569 107 22 huruvida
507 569 18 27 ej
541 569 181 26 Borgareståndet
737 569 36 22 må
782 569 57 22 finna
850 569 48 22 skä-

70 598 40 27 ligt
128 599 32 20 att
175 598 95 21 förkasta
284 598 117 27 petitionen
418 598 39 21 och
473 598 117 21 utskottets
605 597 141 22 betänkande.
777 598 38 21 Om
832 604 67 16 reser-

70 627 99 21 vationen
193 627 42 21 kan
258 627 36 26 jag
315 627 18 26 ej
355 627 68 21 heller
443 627 76 21 förena
534 627 48 26 mig,
599 627 88 21 emedan
703 627 40 21 den
758 627 28 27 på
801 629 43 19 sätt
859 627 40 22 och

70 655 31 21 vis
123 655 117 22 innehåller
261 655 89 27 ungefär
365 655 126 26 detsamma,
507 661 44 16 som
568 655 127 27 petitionen;
712 655 105 22 hvardera
831 655 28 27 gå
874 658 24 19 ut

70 685 28 26 på
112 683 118 28 beviljande
246 684 22 21 af
282 683 80 28 anslag,
378 684 103 28 ehuruväl
496 684 7 21 i
519 684 158 21 reservationen
698 684 61 21 heter
781 686 32 19 att
829 683 70 22 ansla-

70 715 36 24 get
125 713 55 21 skall
198 713 135 22 återbetalas.
363 713 69 21 Åfven
448 713 40 20 här
503 713 112 27 föreligger
631 713 17 26 ej
665 713 70 27 någon
751 713 99 21 säkerhet
865 712 34 22 för

71 743 32 20 att
125 742 36 21 det
183 741 83 28 belopp,
285 741 53 21 röda
354 741 83 22 korsets
453 741 97 26 förening
565 742 85 21 komme
666 744 32 19 att
712 741 101 27 uppbära,
829 741 69 22 blefve

71 769 86 22 betäckt
179 776 76 21 genom
276 770 164 21 subskriberade
463 770 79 26 medel;
565 772 22 25 ty
609 770 25 21 så
656 771 58 20 snart
729 770 67 21 kändt
810 770 41 21 blir
866 771 33 20 att

71 798 120 22 Ständerna
212 799 115 21 försträckt
350 799 26 21 de
396 799 80 26 nödiga
498 799 90 25 medlen,
611 798 61 21 skola
691 799 166 26 insamlingarna
871 799 28 26 på

71 827 82 21 enskild
168 829 41 25 väg
223 827 105 28 betydligt
343 827 129 22 förminskas
488 827 40 22 och
542 827 82 22 kanske
639 827 88 22 alldeles
739 827 102 27 upphöra.
865 827 33 21 Då

69 855 36 27 jag
128 856 101 27 derjemte
250 856 69 21 funnit
334 858 33 19 att
382 858 173 19 reservanternes
571 855 79 27 förslag
666 858 24 19 är
704 857 7 20 i
726 856 66 27 några
806 855 92 28 punkter

71 884 110 22 stridande
199 886 44 20 mot
258 885 101 21 Finlands
374 885 72 21 Banks
463 885 134 26 reglemente,
615 885 123 20 hemställer
750 884 37 27 jag
801 886 33 19 att
846 885 52 20 Bor-

71 913 137 26 gareståndet
222 913 49 22 ville
286 913 98 21 förkasta
399 913 62 21 äfven
472 913 165 22 reservationen.
660 913 98 22 Nämnde
768 913 130 27 reglemente

72 941 132 27 specificerar
219 942 7 21 i
241 942 31 21 sin
292 942 27 21 20
335 943 12 26 &
366 942 27 21 de
408 941 95 27 effekter,
519 948 45 15 som
580 942 72 21 kunna
666 941 70 22 såsom
752 941 99 22 säkerhet
866 941 33 22 för

71 970 35 21 lån
121 970 135 27 godkännas;
272 970 68 22 likaså
355 970 137 22 föreskrifver
507 970 139 27 reglementet
661 973 33 18 att
710 971 36 20 det
761 972 24 19 är
799 970 99 21 Bankens

72 999 105 21 direktion
197 1001 88 24 ensamt,
304 1005 46 15 som
366 1005 50 20 eger
431 1001 44 20 rätt
490 1001 33 20 att
537 999 74 27 pröfva
627 999 39 21 och
682 999 73 26 afgöra
770 999 127 26 lånefrågor,

71 1030 52 18 utan
139 1029 32 20 att
192 1027 40 22 den
248 1027 132 22 lånsökande
395 1034 50 21 eger
461 1028 70 27 någon
547 1027 70 28 appell
632 1027 94 22 hvarken
742 1027 33 22 till
790 1027 109 22 Bankfull-

73 1056 95 27 mäktige
183 1056 52 21 eller
250 1057 69 26 någon
334 1063 70 14 annan
420 1056 131 27 myndighet.
581 1056 99 21 Bankens
696 1057 127 26 reglemente
839 1058 25 19 är
878 1055 23 22 af

72 1084 56 22 båda
151 1085 166 21 statsmakterna
339 1085 163 22 sanktioneradt
523 1085 40 21 och
587 1085 47 21 dess
654 1085 159 22 bestämmelser
828 1084 72 21 kunna

72 1113 83 22 derföre
171 1113 18 27 ej
205 1113 23 22 så
244 1115 51 20 utan
310 1114 73 21 vidare
399 1114 131 25 kullvräkas,
546 1119 45 16 som
607 1113 39 21 här
662 1115 24 20 är
701 1113 120 27 föreslaget.

140 1170 57 21 Herr
219 1170 20 21 S.
259 1170 172 27 Björkstén:
461 1171 42 27 Jag
518 1170 128 27 uppskattar
658 1170 32 22 till
706 1170 48 22 dess
769 1170 52 21 fulla
835 1170 65 21 värde

71 1199 41 21 den
133 1199 213 21 menniskoälskande
362 1199 40 22 och
419 1199 139 22 kärleksfulla
573 1199 71 26 tanke,
660 1205 46 16 som
722 1199 95 21 dikterat
833 1199 68 21 denna

72 1227 97 27 petition,
193 1227 39 22 och
254 1228 69 21 ehuru
342 1228 38 26 jag
398 1228 19 27 ej
433 1229 24 20 är
472 1228 50 21 fullt
538 1227 122 28 öfvertygad
677 1234 34 15 om
727 1227 120 22 Ständerna
862 1233 39 21 ega

71 1258 45 20 rätt
137 1258 32 20 att
191 1256 89 28 pålägga
303 1256 73 22 landet
398 1256 116 28 bevillning
535 1256 34 22 för
584 1258 31 20 ett
630 1257 105 26 ändamål,
750 1263 46 15 som
811 1256 20 27 ej
847 1256 55 22 afser

71 1287 82 19 statens
169 1287 47 25 eget
231 1285 71 26 behof,
318 1285 69 21 skulle
400 1285 37 27 jag
452 1286 55 21 dock
523 1286 19 26 ej
559 1285 64 21 tveka
638 1287 31 19 att
684 1286 49 20 med
748 1286 43 20 min
806 1286 46 20 röst
864 1291 38 15 un-

72 1313 101 21 derstöda
188 1314 124 26 petitionen,
329 1314 72 21 derest
416 1314 47 22 icke
479 1314 33 22 för
527 1314 139 26 närvarande,
678 1315 71 21 såsom
761 1314 20 21 vi
792 1314 42 21 alla
845 1315 56 25 veta,

72 1348 26 15 en
113 1342 112 27 insamling
240 1342 59 22 öfver
314 1342 48 22 hela
378 1342 74 22 landet
467 1342 67 28 pågår
549 1342 33 22 för
597 1342 112 22 enahanda
724 1342 105 26 ändamål,
844 1348 58 15 nem-

72 1370 56 27 ligen
150 1370 33 22 för
204 1371 40 21 den
260 1370 68 22 finska
344 1371 125 27 föreningen
485 1371 34 21 för
534 1371 53 21 röda
603 1372 78 20 korset.
712 1371 58 22 Våra
784 1370 81 22 krafter
880 1370 22 22 få

72 1399 19 27 ej
107 1399 96 27 splittras
218 1400 38 21 och
273 1400 84 21 derföre
372 1400 69 21 måste
456 1400 21 22 vi
493 1400 98 21 använda
606 1400 48 21 dem
669 1400 57 21 blott
740 1400 33 21 till
788 1400 59 21 detta
862 1406 41 15 ena

71 1428 107 21 ändamål.
207 1428 41 26 Jag
267 1428 40 22 har
322 1428 29 22 all
366 1428 115 28 anledning
496 1430 33 20 att
543 1428 98 22 förmoda
656 1428 36 22 det
706 1428 140 26 insamlingen
861 1428 42 21 blir

71 1462 112 21 gynnsam;
199 1457 129 21 åtminstone
343 1457 40 21 har
398 1457 31 21 uti
445 1459 32 19 ett
493 1459 66 19 annat
574 1456 67 22 Stånd
654 1456 105 28 offentligt
769 1457 91 21 uttalats
871 1458 33 19 att

71 1484 102 22 särskildt
195 1486 40 21 den
258 1485 68 22 finska
342 1485 87 22 talande
444 1485 62 23 delen
521 1486 23 21 af
558 1486 150 26 befolkningen
724 1486 54 22 visat
793 1486 31 21 ett
841 1484 63 28 lifligt
