1078 1781
197 98 41 20 530
429 102 179 21 Borgareståndet
620 104 54 16 1877.
697 104 27 16 20
736 102 62 22 April.

268 170 100 22 Härefter
391 173 90 25 upptogs
501 171 32 21 till
557 171 127 27 behandling
704 172 41 21 den
768 172 32 21 till
821 172 6 20 i
850 172 40 26 dag
906 171 118 28 bordlagda

197 199 77 28 frågan
297 206 33 15 om
347 199 156 27 Ridderskapet
519 200 39 21 och
575 201 79 21 Adelns
669 201 131 26 inbjudning,
817 202 32 19 att
871 200 153 27 Borgarestån-

198 229 37 20 det
258 228 66 21 måtte
348 228 74 21 förena
444 228 31 26 sig
497 235 34 15 om
554 229 157 27 Ridderskapet
734 229 39 22 och
798 229 78 21 Adelns
902 229 69 22 beslut
992 231 32 20 att

197 257 111 21 remittera
330 257 108 21 allmänna
460 257 209 22 Besvärsutskottets
690 258 134 21 betänkande
847 258 6 21 i
876 258 114 27 anledning
1004 258 22 21 af

197 286 40 20 den
253 285 57 21 inom
326 285 161 22 Presteståndet
510 286 77 21 väckta
608 287 116 26 petitionen
748 293 34 14 om
805 286 131 22 tillsättande
960 287 22 20 af
999 293 25 15 en

196 313 162 27 Statsarkeolog
381 314 32 21 till
437 314 165 22 Statsutskottet
621 315 33 21 för
670 315 120 27 afgifvande
805 314 23 22 af
841 315 133 21 betänkande
990 322 33 15 om

199 343 40 20 den
263 341 112 23 financiela
391 343 60 21 delen
468 343 23 21 af
504 344 88 21 ärendet
607 343 7 21 i
630 344 154 26 sammanhang
799 344 47 21 med
862 344 110 21 utlåtande
988 350 36 15 an-

196 371 82 27 gående
294 371 68 26 öfriga
378 371 259 27 petitionsbetänkanden.

266 429 81 20 Härom
362 429 85 26 yttrade
462 429 43 26 sig:

266 485 56 21 Herr
346 485 187 27 Chydenius:
563 486 42 27 Jag
623 487 96 21 anhåller
742 489 32 19 att
795 486 21 21 få
839 487 107 26 tillstyrka
964 486 60 22 bifall

195 513 33 22 till
251 513 167 28 Ridderskapets
439 514 130 27 inbjudning.
600 516 40 25 Jag
661 516 67 21 måste
752 515 94 22 erkänna
861 515 36 21 det
912 515 69 21 såsom
998 521 25 15 en

196 542 149 27 försumlighet
368 543 23 20 af
411 543 42 26 mig
473 545 32 19 att
527 543 53 26 icke,
603 546 39 19 när
662 544 89 21 ärendet
773 544 89 26 tidigare
886 544 82 21 förevar
984 544 38 21 hos

196 571 188 27 Borgareståndet,
401 572 64 21 redan
481 572 28 21 då
523 572 62 21 hafva
601 573 62 26 yrkat
678 573 27 26 på
721 579 26 14 en
764 572 64 21 sådan
843 573 110 26 procedur.
983 572 41 27 Jag

196 599 40 22 har
256 600 6 21 i
280 599 51 22 flere
352 601 67 20 andra
434 600 36 21 fall
485 601 62 26 yrkat
563 601 27 26 på
606 601 110 21 enahanda
731 601 121 22 förfarande
868 601 40 21 och
922 601 102 21 behöfver

196 628 72 21 derför
291 629 47 20 icke
358 635 29 14 nu
402 629 134 27 vidlyftigare
552 629 112 22 framhälla
680 630 74 21 skälen
770 629 76 22 derför.
877 630 42 21 Det
934 629 88 22 hufvud-

196 657 115 26 sakligaste
334 657 69 22 skälet
419 659 23 19 är
458 658 38 21 och
512 658 75 21 förblir
603 659 54 20 dock
672 659 43 24 det,
731 660 33 19 att
780 658 19 21 vi
815 658 46 21 icke
876 658 52 21 böra
944 659 78 26 begära

195 685 90 27 utgifter
305 686 47 21 från
374 686 131 21 statskassan
530 689 51 18 utan
604 689 33 19 att
658 693 76 20 genom
758 687 36 20 det
818 687 88 25 utskott,
923 693 45 15 som
984 687 38 20 har

195 714 32 26 sig
250 714 123 21 ombetrodt
396 717 32 18 att
453 715 93 26 granska
568 716 144 21 statskassans
735 715 102 26 tillstånd,
860 715 62 22 hafva
938 715 84 22 erhållit

195 743 119 26 utredning,
336 743 105 21 huruvida
465 744 36 21 det
523 744 42 21 kan
589 751 50 14 vara
659 744 97 27 lämpligt
779 746 33 19 att
835 745 78 25 begära
936 751 26 14 en
989 744 34 21 så-

195 771 41 21 dan
252 771 72 27 utgift.

264 829 56 20 Herr
343 829 150 26 Ignatius:
525 829 73 22 Sävidt
619 830 36 26 jag
675 830 110 27 uppfattat
806 829 166 27 Ridderskapets
992 830 30 20 in-

196 857 109 26 bjudning,
328 857 38 26 gär
389 857 40 21 den
449 861 24 18 ut
491 857 71 28 derpä,
576 860 33 19 att
624 859 181 26 Borgareständet
820 858 68 21 skulle
904 858 72 21 förena
991 859 31 26 sig

194 891 34 16 om
244 892 26 14 en
286 886 75 21 remiss
376 886 24 21 af
413 886 69 21 denna
497 886 59 27 fråga
571 887 33 20 till
620 887 178 25 Statsutskottet;
813 893 48 15 men
872 887 150 26 inbjudningen

193 914 119 21 innehäller
334 914 109 27 ingenting
467 921 40 19 om,
526 917 33 19 att
579 915 183 27 Borgareständet
783 915 61 21 äfven
866 915 67 21 skulle
949 915 73 22 förena

193 943 32 26 sig
246 943 7 20 i
277 943 39 20 den
340 943 23 21 af
383 943 156 27 Ridderskapet
555 944 39 21 och
610 944 67 21 Adeln
693 947 95 23 antagna
803 943 126 22 förändrade
944 945 78 20 formu-

193 971 96 26 leringen
311 971 23 21 af
356 972 54 26 3:dje
433 974 120 19 momentet.
585 973 44 21 För
649 973 43 21 min
716 973 35 21 del
774 973 42 20 kan
837 973 35 26 jag
888 973 133 26 naturligtvis

192 999 46 22 icke
259 1000 63 21 hafva
345 1000 65 26 nägot
431 1004 57 18 emot
511 1002 98 20 ärendets
630 1002 74 21 remiss
727 1002 33 21 till
784 1001 174 26 Statsutskottet;
974 1007 48 15 men

193 1029 69 20 mäste
282 1029 54 20 dock
357 1029 102 26 bekänna,
476 1031 32 19 att
521 1029 36 27 jag
573 1030 6 21 i
595 1031 72 25 sjelfva
684 1031 75 20 verket
777 1030 45 21 icke
839 1030 83 24 förstär,
938 1030 84 21 hvartill

193 1057 60 21 detta
270 1058 75 25 tjenar.
376 1058 45 21 Här
437 1060 23 19 är
475 1058 60 27 fräga
551 1065 32 14 om
601 1059 131 21 inrättandet
742 1059 24 20 af
776 1065 25 14 en
813 1065 27 20 ny
854 1059 70 26 tjenst.
944 1059 78 26 Sjelfva

192 1085 186 22 löneförmänerna
399 1086 37 21 och
453 1087 42 20 alla
512 1087 87 21 dermed
615 1087 210 27 sammanhängande
841 1087 62 21 saker
918 1089 36 19 äro
970 1087 50 21 lem-

192 1114 55 21 nade
265 1115 131 26 obestämda,
412 1115 19 26 ej
447 1115 66 22 heller
528 1119 35 18 vet
579 1122 48 15 man
641 1122 43 19 ens,
695 1123 34 14 om
741 1117 132 26 Regeringen
884 1116 95 21 kommer
990 1119 32 18 att

192 1142 56 21 fästa
272 1143 98 21 afseende
391 1144 33 21 vid
439 1145 68 20 denna
522 1145 95 26 petition.
647 1145 62 21 Hvad
726 1145 166 21 Statsutskottet
908 1145 66 20 under
989 1145 33 21 sä-

192 1171 56 21 dana
272 1172 147 21 förhällanden
441 1172 54 21 skall
518 1173 70 21 kunna
611 1174 6 20 i
639 1173 65 21 saken
724 1175 87 24 uträtta,
827 1173 77 21 förstär
918 1174 35 25 jag
968 1174 52 21 icke.

191 1199 45 22 Allt
253 1201 59 20 detta
328 1201 6 20 i
350 1201 144 26 förbigäende.
525 1201 49 22 Men
590 1202 36 21 det
641 1204 23 19 är
680 1204 58 19 ännu
755 1208 26 15 en
798 1202 162 26 omständighet,
975 1208 45 15 som

189 1228 39 27 jag
249 1229 38 21 ber
310 1231 33 19 att
364 1229 21 21 fä
407 1230 54 21 fästa
477 1231 190 26 uppmärksamhet
682 1231 40 21 vid.
755 1231 41 26 Jag
811 1231 73 27 tycker
900 1231 42 27 mig
958 1230 62 22 hafva

190 1258 78 26 funnit,
292 1260 32 19 att
348 1265 48 14 man
419 1259 27 26 pä
469 1258 165 22 Statsutskottet
656 1260 64 20 redan
738 1260 67 26 hopat
821 1266 25 14 en
862 1260 65 20 sådan
943 1260 77 25 mängd

193 1286 95 26 arbeten,
312 1289 32 19 att
360 1287 94 21 hvarken
470 1288 69 20 denna
560 1288 102 26 landtdag
678 1288 39 22 och
733 1288 48 21 icke
797 1288 73 26 heller,
886 1294 34 15 om
936 1288 40 21 den
992 1294 28 14 nu

192 1314 123 28 föreslagna
339 1318 113 19 coutumen
475 1316 96 22 kommer
592 1319 32 19 att
644 1317 115 21 framdeles
782 1316 67 27 följas,
866 1316 70 26 nägon
952 1322 68 16 annan

191 1344 129 21 kommande
336 1345 101 26 landtdag
453 1345 53 21 skall
522 1345 71 21 kunna
609 1346 113 21 medhinna
737 1346 48 21 sina
801 1346 87 20 arbeten
904 1345 66 21 under
981 1346 40 20 den

193 1372 127 22 föreskrifna
343 1373 65 26 tiden,
432 1374 88 20 emedan
544 1374 164 21 Statsutskottet
733 1374 114 27 omöjligen
863 1374 32 21 fär
910 1374 63 26 nödig
989 1374 31 20 tid

192 1403 32 19 att
247 1402 79 26 afgiiva
349 1402 134 22 belönkunde
504 1402 7 21 i
533 1402 42 22 alla
591 1403 26 20 de
633 1403 99 27 ärenden,
748 1409 46 15 som
810 1409 45 15 mer
870 1403 52 21 eller
937 1402 83 22 mindre

192 1429 70 22 direkt
284 1431 33 20 stä
340 1430 6 21 i
370 1431 101 21 samband
495 1431 47 21 med
561 1431 87 27 möjliga
662 1432 81 27 anslag,
761 1432 19 20 d.
796 1438 17 14 v.
831 1438 16 14 s.
862 1431 7 21 i
885 1433 58 19 snart
959 1431 62 27 sagdt

191 1458 44 20 alla
259 1459 34 21 vid
316 1459 128 27 landtdagen
468 1460 173 21 förekommande
663 1461 101 20 ärenden.
802 1460 33 21 Dä
855 1460 117 21 emellertid
986 1460 32 20 sä-

192 1486 56 22 dana
270 1488 122 27 obetydliga
416 1488 62 21 saker
503 1494 44 16 som
571 1489 68 21 denna
661 1489 47 21 icke
728 1490 6 20 i
759 1488 104 28 väsentlig
884 1488 48 22 män
948 1488 71 22 kunna
