1078 1781
175 118 41 20 736
420 122 178 22 Borgareståndet
611 122 53 17 1877.
690 123 23 16 18
726 122 48 21 Maj.

174 191 217 28 uppmärksamheten
412 192 27 26 på
463 191 110 21 skilnaden
596 191 89 21 emellan
708 191 26 21 de
750 191 165 26 uppbördsmän,
932 192 72 21 hvilka

175 221 128 20 kommunen
327 222 89 25 antager
438 220 38 21 och
500 219 178 27 kronofogdarne.
710 220 33 21 Då
759 226 25 15 en
800 220 101 21 kommun
917 223 87 24 antager

175 249 71 26 någon
262 249 31 20 till
310 249 32 20 sin
358 249 165 27 uppbördsman,
539 249 40 20 har
595 249 40 20 den
650 248 104 27 rättighet
769 250 32 19 att
817 248 94 22 affordra
926 249 77 21 honom

175 278 42 21 den
241 277 101 21 säkerhet
366 279 39 19 den
422 283 62 15 anser
499 283 50 15 vara
565 277 120 26 nödvändig
698 277 32 21 för
746 279 33 19 att
794 277 136 27 redogörelse
945 277 59 22 öfver

174 306 28 21 de
224 306 69 21 medel
316 305 42 22 han
381 306 39 21 har
443 306 116 21 omhänder
575 305 54 22 skall
645 305 98 27 afgifvas,
760 312 48 14 men
825 313 34 14 om
875 307 128 20 kommunen

175 336 90 25 antager
288 334 146 27 kronofogden
457 334 34 21 till
513 335 166 26 uppbördsman,
702 334 39 21 har
757 335 40 20 den
813 334 48 22 icke
876 335 69 27 någon
961 337 43 18 rätt

174 365 34 19 att
230 363 93 21 affordra
346 363 78 21 honom
447 363 79 26 borgen
550 363 33 20 för
598 363 131 26 uppbörden.
760 363 42 21 Det
818 365 24 19 är
859 363 84 21 derföre
959 369 43 15 som

172 392 39 27 jag
226 391 48 22 ville
291 392 87 21 förorda
394 393 32 20 ett
440 392 156 27 godkännande
611 391 23 21 af
648 392 326 27 sammanjemkningsförslaget.

246 449 56 21 Herr
318 449 140 21 Ahlström:
475 449 56 20 Herr
546 449 108 26 Lindberg
670 449 92 21 nämnde
778 455 33 14 om
828 449 41 21 den
884 449 44 21 risk
944 449 60 21 kom-

176 483 78 15 munen
279 477 60 27 löper
362 477 120 26 derigenom
498 479 32 19 att
545 478 48 21 dess
609 477 159 27 uppbördsmän
785 478 47 21 icke
847 477 71 22 kunna
934 478 69 21 lemna

176 506 117 26 tillräcklig
308 506 83 27 garanti
408 506 33 21 för
457 507 26 20 de
497 506 70 21 medel
583 506 26 21 de
624 506 103 27 uppbära.
750 507 43 26 Jag
809 507 37 20 ber
861 508 32 19 att
908 506 7 21 i
930 506 74 21 anled-

177 535 51 26 ning
252 535 63 20 häraf
336 534 21 21 få
379 535 70 20 erinra
471 536 38 24 att,
524 541 34 14 om
575 535 56 20 valet
646 535 22 20 af
683 535 158 26 uppbördsman
857 537 24 18 är
894 534 110 21 öfverlem-

177 563 52 21 nadt
245 563 22 21 åt
284 564 140 20 kommunens
439 569 52 21 egen
507 563 41 20 fria
563 563 56 27 vilja,
636 563 142 21 underkastar
794 563 40 21 den
850 563 32 26 sig
896 569 66 20 gerna
978 563 25 20 de

176 591 180 28 påföljder,
303 587 11 37 .
320 587 40 37 som
378 592 71 21 kunna
465 591 85 22 inträffa
565 598 34 15 om
617 592 39 21 den
672 592 107 26 misstagit
794 592 33 27 sig
842 599 34 14 om
892 598 110 21 personen.

175 621 43 20 Det
242 623 24 18 är
288 621 118 26 egentligen
428 620 53 21 först
504 621 26 20 då
553 626 45 15 som
612 620 37 27 jag
664 627 62 14 anser
743 621 128 20 kommunen
886 620 50 27 löpa
952 620 51 23 risk,

176 651 39 18 när
238 655 55 20 man,
310 649 5 20 i
336 649 40 21 den
392 652 47 18 tron
456 651 33 18 att
499 649 44 21 -den
560 649 19 26 ej
595 655 50 15 vore
660 649 93 26 kapabel
768 651 33 19 att
816 649 50 27 sjelf
880 650 62 20 sköta
958 649 46 21 sina

175 683 55 21 egna
246 677 185 28 angelägenheter,
447 678 84 26 tvingar
547 677 40 21 den
603 679 33 19 att
652 677 131 22 öfverlemna
799 678 124 27 uppbörden
940 679 22 20 åt
977 684 25 14 en

175 707 74 25 sådan,
266 706 86 21 hvilken
368 707 40 20 den
424 706 46 21 icke
486 706 55 21 velat
556 708 86 25 antaga.

246 764 57 21 Herr
325 763 142 21 Molander:
490 763 42 21 För
547 763 50 21 min.
607 763 34 21 del
657 765 45 19 tror
715 763 38 27 jag
768 765 33 19 att
816 763 55 22 både
886 763 49 22 herr
951 763 50 22 Ahl-

176 793 74 26 ström,
266 792 50 21 herr
331 792 99 21 Boström
446 792 39 21 och
501 791 49 22 herr
565 792 107 26 Lindberg
691 793 71 26 grälat
778 792 119 27 egentligen
914 799 40 20 om,
970 792 33 21 så-

176 827 46 14 som
239 827 49 14 man
304 823 69 24 säger,
389 821 88 26 päfvens
493 821 72 26 skägg.
596 820 73 27 Enligt
691 821 55 20 hvad
762 821 66 21 redan
845 821 49 21 herr
909 821 95 26 Procopé

176 849 95 27 antydde
294 849 42 21 kan
353 855 48 15 man
417 849 32 21 till
465 849 47 21 stöd
528 849 33 21 för
576 849 320 28 sammanjemkningsförslaget
912 849 92 27 åberopa

177 878 227 27 häradspostföringen
420 878 68 21 såsom
506 879 30 20 ett
551 878 24 21 af
589 878 26 21 de
629 877 45 26 fall,
691 879 6 20 i
713 878 73 21 hvilka
801 878 133 27 Regeringen
946 878 58 21 med-

176 906 64 26 gifvit
263 907 129 20 kommunen
415 908 43 19 rätt
481 906 31 21 till
531 906 104 27 uppbörd,
651 906 68 21 ehuru
734 907 120 21 kostnaden
870 907 86 26 belöper
972 907 32 26 sig

176 935 28 26 på
219 934 53 22 flere
287 935 131 21 kommuner.
449 935 64 21 Detta
529 935 96 21 kommer
641 937 30 19 att
687 935 62 28 tillgå
765 935 89 22 sålunda
869 937 32 19 att
917 935 87 21 härads-

177 963 120 22 skrifvaren
321 963 94 22 fördelar
437 963 118 22 kostnaden
578 964 58 21 inom
652 963 96 25 häradet,
765 964 73 27 hvarje
854 964 101 21 kommun
970 964 34 21 får

177 992 98 26 uppbära
296 993 31 20 sin
351 992 61 21 andel
431 992 62 21 deraf
507 992 33 21 för
555 994 32 19 att
603 992 122 21 sedermera
740 993 95 21 leverera
851 992 25 21 de
892 993 112 26 uppburna

177 1021 85 20 medlen
285 1021 33 21 till
341 1021 152 26 kronofogden,
516 1021 85 21 hvilken
621 1021 67 26 derpå
703 1021 107 21 utlemnar
825 1021 48 21 dem
889 1021 23 21 åt
927 1021 26 21 de
968 1027 36 15 en-

176 1049 70 21 skilde
268 1055 136 21 personerne.
435 1049 117 21 Enahanda
575 1049 74 27 tyckes
672 1050 112 26 meningen
806 1056 51 15 vara
878 1050 65 21 också
958 1049 45 26 här,

177 1077 37 22 det
237 1077 36 22 vill
297 1080 52 25 säga
370 1078 145 26 kronofogden
530 1078 33 21 får
578 1079 26 20 de
619 1078 23 21 af
655 1078 156 21 kommunerna
827 1078 112 27 uppburna
954 1084 51 21 pen-

177 1106 105 27 ningarna
296 1107 8 20 i
319 1107 51 20 sista
387 1107 54 20 hand
459 1107 38 21 och
512 1107 128 21 kommunen
656 1107 34 21 får
705 1107 32 21 lof
751 1109 31 19 att
799 1107 57 20 hålla
871 1107 32 27 sig
918 1107 33 21 till
967 1107 37 21 ho-

177 1141 57 15 nom.
265 1135 11 21 I
300 1135 73 27 sjelfva
396 1135 73 22 verket
491 1135 98 21 inverkar
613 1135 36 21 det
671 1135 84 22 således
770 1136 110 27 ingenting
896 1135 27 27 på
938 1136 66 21 saken

176 1170 37 14 om
229 1163 318 28 sammanjemkningsförslaget
563 1167 89 24 antages
668 1164 52 21 eller
736 1164 54 21 icke.

248 1221 56 21 Herr
326 1221 146 21 Ahlström:
489 1221 112 26 Meningen
617 1223 24 19 är
656 1221 26 26 på
698 1221 60 26 långt
773 1223 38 19 när
825 1221 47 22 icke
884 1221 66 22 sådan
960 1227 45 15 som

178 1249 50 21 herr
251 1249 112 22 Molander
384 1249 114 22 framställt
520 1249 47 26 den,
589 1253 22 24 ty
634 1250 46 22 icke
703 1250 69 22 skulle
792 1250 25 22 de
833 1250 75 25 medel,
924 1256 45 16 som
986 1249 20 22 af

178 1278 155 22 kommunerne
354 1279 113 26 uppbäras,
489 1279 86 21 komma
593 1280 32 20 att
640 1278 26 27 gå
681 1279 85 26 igenom
782 1278 157 27 kronofogdens
954 1279 52 21 hän-

179 1307 37 21 der
232 1309 52 19 utan
300 1307 128 21 kommunen
443 1307 55 27 finge
513 1306 103 28 rättighet
632 1309 32 19 att
678 1309 133 25 gemensamt
827 1309 51 19 utan
889 1307 83 21 biträde
984 1307 23 21 af

178 1335 70 27 någon
272 1336 132 26 kronofogde
420 1338 95 24 uppgöra
529 1336 48 21 sina
592 1336 84 21 affärer.
706 1336 96 21 Behöfva
818 1336 26 21 de
859 1336 74 21 härvid
949 1336 56 26 hjelp

177 1364 24 20 af
222 1370 27 14 en
274 1364 74 27 sådan,
364 1365 24 21 så
402 1365 96 21 kommer
513 1364 36 21 det
564 1367 33 18 att
612 1364 34 21 stå
661 1365 47 21 dem
722 1364 46 22 fritt
784 1371 33 15 om
834 1365 26 21 de
875 1364 50 28 vilja
940 1365 66 21 anlita

179 1394 79 19 honom
281 1392 52 22 elier
355 1392 53 22 icke.
439 1392 44 22 Och
507 1393 68 21 denna
597 1392 64 22 frihet
684 1393 32 21 för
732 1394 153 22 kommunerne
901 1394 67 26 ligger
984 1393 22 21 sä

178 1420 87 28 mycket
280 1428 59 14 mera
354 1421 6 21 i
377 1422 60 21 deras
453 1422 90 21 intresse
558 1428 45 14 som
619 1421 27 22 de
662 1421 122 27 derigenom
798 1422 68 26 slippa
881 1424 32 18 att
921 1422 85 26 erlägga

178 1450 28 20 de
227 1456 43 21 nog
291 1450 134 27 betungande
447 1452 146 25 procenterna,
616 1450 36 21 två
673 1451 23 21 åt
715 1450 147 28 kronofogden
878 1450 40 22 och
934 1450 35 21 två
985 1450 22 22 åt

179 1478 207 22 häradsskrifvaren.
