1078 1781
185 120 41 20 626
407 155 11 1 —
428 118 176 43 Borgareständet
611 126 60 31 1877.
695 126 27 16 28
734 126 17 16 A;

323 193 86 22 erhällit
424 195 19 25 5,
460 193 49 22 herr
525 193 90 22 Masalin
630 195 20 25 4,
666 194 49 22 herr
726 194 121 27 Chydenius
857 195 19 24 3,
887 193 49 22 herr
946 194 69 27 Borg-

324 224 66 19 ström
414 223 12 20 2
449 225 55 18 samt
527 223 75 21 herrar
622 223 89 27 Nybom,
728 222 107 22 Snellman
852 222 39 22 och
906 222 108 22 Fabritius

324 251 79 21 enhvar
417 251 11 20 1
445 253 51 19 röst.

184 307 183 28 Suppleanter:
398 308 55 21 Herr
475 308 124 27 Borgström
623 309 47 21 med
695 310 22 19 11
739 309 39 21 och
794 308 49 21 herr
858 308 90 21 Masalin
964 309 48 21 med

324 337 12 20 9
352 338 74 19 röster.
449 337 113 21 Dessutom
579 337 54 21 hade
649 338 12 19 5
677 339 70 19 röster
762 337 87 21 tillfallit
865 337 49 21 herr
930 337 83 28 Chyde-

322 365 53 26 nius,
392 366 13 19 4
420 365 49 21 herr
484 365 82 22 Kurtén
583 366 38 21 och
639 368 9 19 1
666 366 49 21 herr
730 366 110 21 Rissanen.

755 416 21 18 In
788 417 61 17 fidem:

714 451 39 20 Th.
773 451 113 28 Wegelius.

251 507 171 22 Sammanträdet
437 507 51 22 slöts
504 508 27 21 kl.
549 508 27 27 !/,
592 509 12 20 9.

400 747 146 34 Lördagen
565 747 55 26 den
639 747 38 26 28
696 747 90 34 April.

247 822 35 21 KI.
299 822 27 26 1/,
342 822 12 21 3
370 829 18 14 e.
405 828 26 15 m.
443 822 182 21 sammankommo
637 822 32 21 till
680 822 93 21 enskildt
784 822 156 21 sammanträde
951 821 56 22 inför

177 849 72 22 slutna
265 851 75 20 dörrar
356 851 25 20 de
397 850 59 22 fleste
471 851 22 21 af
506 851 193 27 Borgareständets
714 850 123 22 ledamöter.

244 907 56 22 Herr
324 907 53 22 vice
399 908 152 21 Talmannen
572 909 98 21 anmälde
685 910 38 23 att,
739 914 45 15 som
801 907 99 22 Ständets
916 907 87 22 Talman

174 938 58 19 ännu
255 937 46 20 icke
325 943 50 14 vore
398 937 6 20 i
427 937 62 21 stånd
510 939 32 19 att
557 937 46 21 åter
619 937 85 26 vidtaga
718 937 48 21 med
783 936 124 22 utöfvandet
922 937 22 21 af
958 937 46 20 sina

174 965 124 21 funktioner
318 965 69 21 säsom
408 965 94 26 Talman,
521 966 177 26 Vicetalmannen,
712 965 86 28 jemlikt
813 965 191 27 Borgareständets

173 993 36 21 vid
224 993 120 32 gärdagens
359 994 84 26 plenum
459 994 95 21 uttalade
571 995 87 24 önskan,
674 979 88 46 uppsatt
777 994 80 27 förslag
872 993 32 22 till
919 994 26 21 de
957 994 46 25 ord,

173 1027 47 16 som
236 1022 6 20 i
259 1028 88 20 morgon
364 1023 33 20 vid
413 1023 172 27 uppvaktningen
601 1023 38 21 hos
652 1023 52 21 hans
716 1023 51 21 Exc.
778 1010 225 39 Generalguvernören

174 1050 67 21 borde
257 1051 13 20 å
286 1051 96 21 ståndets
397 1053 78 25 vägnar
490 1053 77 26 yttras;
583 1051 93 22 varande
692 1051 60 22 detta
767 1051 86 27 förslag,
863 1050 80 22 hvilket
953 1050 50 21 herr

171 1079 69 21 vice
264 1067 185 34 Talmannen
466 1087 28 14 nu
509 1080 155 21 öfverlemnade
680 1081 32 20 till
728 1080 27 21 de
770 1079 133 22 närvarande
918 1079 80 22 stånds-

173 1107 177 22 medlemmarnes
365 1108 135 27 granskning,
516 1109 23 20 af
552 1109 93 27 följande
661 1109 91 26 lydelse:

507 1172 56 21 Herr
578 1171 86 22 Grefve!

241 1222 103 22 Finlands
367 1223 31 21 till
428 1223 101 27 landtdag
557 1223 94 22 samlade
678 1223 158 27 Borgarestånd
865 1222 81 21 känner
968 1225 33 18 ett

169 1250 61 28 lifligt
255 1251 65 21 behof
339 1254 39 24 att,
398 1252 27 26 på
448 1252 68 21 denna
531 1252 24 21 sä
570 1252 156 27 betydelserika
742 1252 47 26 dag,
805 1251 57 27 gifva
877 1251 84 27 uttryck
976 1252 25 20 ät

168 1280 41 20 den
232 1280 114 26 orubbliga
369 1280 76 26 trohet,
467 1281 39 21 den
528 1281 136 32 oskrymtade
683 1280 75 22 kärlek
774 1280 39 22 och
829 1280 39 21 den
885 1279 115 22 tillitsfulla

167 1308 104 32 vördnad,
288 1315 46 15 som
350 1293 185 48 Borgareständet,
552 1310 6 20 i
575 1310 66 20 likhet
656 1309 48 21 med
720 1309 83 21 landets
820 1309 66 27 öfrige
898 1308 101 21 invänare

166 1336 7 21 i
194 1337 42 21 alla
260 1326 56 32 tider
331 1333 48 36 hyst
393 1326 40 33 och
449 1338 67 21 under
531 1326 42 32 alla
589 1338 147 21 förhällanden
753 1337 54 22 skall
823 1325 52 39 hysa
890 1336 33 23 för
938 1336 62 22 Hans

168 1365 102 27 Majestät
286 1366 109 26 Kejsaren,
412 1366 45 21 vårt
473 1366 60 22 lands
549 1366 51 26 högt
615 1366 87 22 älskade
718 1366 125 21 Storfurste.
874 1366 33 20 En
922 1365 77 21 trofast

166 1394 116 26 hågkomst
305 1394 23 20 af
350 1394 36 19 det
409 1395 88 27 myckna
521 1396 59 20 Hans
598 1395 100 27 Majestät
714 1396 68 20 redan
797 1396 75 20 verkat
888 1400 39 16 och
942 1394 58 26 gjort

165 1417 42 26 för
221 1422 48 22 vårt
292 1423 87 21 älskade
400 1414 149 31 fädernesland
565 1424 39 21 och
621 1426 30 19 ett
668 1424 43 20 lika
726 1424 44 20 fast
785 1423 57 27 hopp
858 1425 32 19 att
905 1429 26 15 en
947 1422 51 21 huld

164 1451 73 26 försyn
262 1451 55 21 skall
340 1451 70 21 tillåta
434 1452 59 21 Hans
516 1452 99 26 Majestät
637 1455 32 19 att
690 1454 57 19 ännu
764 1458 25 14 en
806 1452 48 26 lång
870 1451 52 27 följd
938 1450 22 22 af
974 1451 26 21 år

164 1479 94 27 fullfölja
281 1480 51 22 Sina
355 1480 76 27 nådiga
455 1487 109 21 omsorger
587 1481 60 21 äfven
667 1480 31 22 för
715 1481 60 21 detta
790 1480 45 22 land
847 1468 6 10 -
855 1480 59 28 fylla,
930 1480 27 26 på
972 1486 25 15 en

164 1508 43 27 dag
223 1508 67 22 sådan
307 1515 45 15 som
368 1510 75 25 denna,
459 1510 72 26 hvarje
547 1509 125 22 undersåtes
688 1510 62 20 bröst
764 1510 47 21 med
822 1508 89 28 innerlig
921 1508 75 27 glädje.
