1078 1781
320 122 179 20 Borgareståndet
512 122 55 17 1877.
590 122 13 16 8
616 122 49 21 Maj.
851 118 42 20 687

63 197 45 15 som
125 190 165 27 petitionärerne
305 190 121 26 framställt,
442 190 88 21 hvarvid
546 190 106 21 utskottet
667 191 27 26 på
710 197 51 20 egen
777 190 64 26 hand,
857 191 36 26 jag

62 221 36 19 vet
121 219 46 21 icke
185 219 47 21 med
247 219 56 21 hvad
318 221 50 23 rätt,
384 218 101 27 företagit
500 219 31 26 sig
544 221 32 19 att
591 219 119 21 framställa
726 219 74 26 frågan
815 226 35 15 om
866 226 26 15 en

63 248 78 21 allmän
164 247 170 27 löneförhöjning
357 247 34 21 för
411 247 125 26 skollärare,
559 248 6 20 i
581 247 72 22 stället
669 247 32 22 för
716 247 73 26 frågan
805 254 34 15 om
856 255 36 14 an-

63 276 229 27 ciennitetsberäkning
307 277 6 20 i
330 278 30 19 ett
376 276 103 21 särskildt
496 275 43 22 fall.
570 276 75 21 Redan
656 276 40 21 den
708 277 184 26 omständigheten

63 305 76 24 skulle,
155 305 73 26 tycker
240 305 43 26 jag,
300 306 76 25 utgöra
390 304 48 22 fullt
454 305 46 20 skäl
516 305 32 20 till
564 307 32 19 att
611 305 79 21 föreslå
705 305 39 21 och
759 305 86 22 förorda
861 308 32 19 att

64 334 57 21 förra
144 333 79 22 hälften
246 333 23 21 af
288 333 117 21 utskottets
430 333 139 27 formulering
585 333 67 21 måtte
667 333 57 28 utgå.
756 333 48 22 Men
821 334 72 21 dertill

63 363 98 21 kommer
176 362 59 21 äfven
251 364 31 18 ett
297 363 65 20 annat
378 362 53 25 skäl,
447 368 46 15 som
509 362 65 21 redan
590 362 57 21 förut
660 364 24 19 är
695 362 128 25 omnämndt,
835 369 58 15 nem-

63 391 56 27 ligen
135 393 32 19 att
183 397 24 14 en
223 390 79 21 komité
317 391 33 20 för
365 390 156 27 lönereglering
531 391 39 20 och
582 390 170 27 löneförhöjning
762 391 34 20 för
805 391 88 27 tjenste-

65 422 90 19 männen
178 419 6 21 i
207 418 122 27 allmänhet,
352 419 145 21 skollärarene
520 419 115 26 ingalunda
658 419 32 21 till
708 419 185 27 förglömmandes,

64 449 65 20 redan
145 450 24 19 är
184 447 76 22 tillsatt
276 447 39 22 och
331 450 59 19 snart
406 447 38 22 har
460 447 97 28 fullgjort
567 447 38 22 sitt
614 447 118 28 åliggande.
762 448 74 21 Denna
848 454 45 15 om-

63 477 123 26 ständighet
202 477 64 20 borde
283 476 48 21 leda
347 476 86 26 derhän,
450 478 33 19 att
498 477 69 26 någon
579 476 124 27 ytterligare
714 477 121 27 påstötning
845 477 48 21 icke

64 506 69 21 skulle
156 505 106 21 behöfvas.
292 505 78 21 Vidare
392 504 150 27 förekommer,
559 507 32 19 att
607 505 105 21 utskottet
728 507 70 20 ansett
814 506 31 26 sig
861 505 33 23 för

64 533 131 22 närvarande
218 534 47 21 icke
287 533 60 26 böra,
366 533 71 22 såsom
452 534 28 26 på
495 533 66 22 femte
577 533 60 22 sidan
653 533 65 28 lyder,
735 533 106 28 tillstyrka
856 534 37 21 nå-

63 569 42 20 gon
121 562 99 21 anhållan
236 568 33 15 om
286 561 99 22 förökadt
400 562 264 27 löneförhöjningsanslag,
688 568 46 15 men
751 564 50 19 utan
819 563 74 26 anslag

65 591 68 21 skulle
149 591 53 21 dock
218 591 98 26 samtliga
331 590 128 21 skollärares
475 591 60 21 löner
550 591 92 21 förökas.
672 591 66 21 Detta
753 593 24 19 är
792 591 57 21 svårt
860 593 34 19 att

65 619 74 27 förstå,
162 622 23 25 ty
207 621 49 19 utan
280 619 100 22 förökadt
400 619 74 27 anslag
489 619 46 22 lära
550 619 34 21 väl
600 619 155 22 skollärarenes
770 619 61 22 löner
845 619 48 22 icke

65 649 72 20 kunna
152 648 92 21 förökas.
274 648 31 21 På
321 648 61 21 dessa
397 647 52 27 skäl,
465 648 48 21 med
529 647 50 22 flere
594 654 46 15 som
655 648 71 21 kunde
739 648 102 27 tilläggas,
855 648 38 21 ber

62 677 37 26 jag
123 679 32 19 att
173 676 32 21 för
220 677 43 20 min
280 677 33 20 del
329 676 21 21 få
366 677 86 20 förorda
467 679 34 19 att
515 676 59 21 förra
589 676 80 22 hälften
685 677 23 21 af
721 677 114 21 utskottets
851 677 41 21 for-

65 706 104 26 mulering
184 705 68 22 skulle
267 705 57 26 utgå,
341 706 6 19 i
362 705 82 21 hvilket
460 705 35 21 fall
512 705 36 21 det
559 705 134 22 återstående
706 705 83 22 komme
799 708 33 19 att
843 705 49 28 lyda

65 734 98 21 sålunda:
179 736 33 19 att
226 733 120 22 Ständerna
360 733 69 22 skulle
444 733 63 22 aflåta
524 740 25 15 en
561 734 131 27 underdånig
702 734 99 21 anhållan
813 734 79 26 derom,

65 765 31 19 att
113 763 103 20 successiv
240 762 169 26 löneförhöjning
424 762 35 21 må
475 763 49 26 ingå
539 763 6 20 i
561 763 132 21 skolverkets
710 765 48 23 stat,
775 763 117 26 hvarjemte

65 791 79 21 lärares
160 793 43 19 rätt
218 790 32 21 till
267 791 168 26 löneförhöjning
450 791 67 21 borde
533 793 63 26 göras
612 791 105 22 beroende
732 791 22 21 af
768 791 40 21 den
824 791 31 22 tid
865 791 26 21 de

65 820 55 21 varit
142 820 35 21 vid
199 819 120 22 skolverket
342 819 123 21 anställde".
496 820 65 21 Detta
583 821 24 20 är
623 820 47 21 mitt
686 819 84 28 förslag.
800 820 49 21 Men
865 820 28 21 dä

61 849 38 26 jag
114 848 46 22 icke
176 849 40 20 kan
232 848 81 21 förutse
329 850 32 19 att
377 848 40 21 den
432 854 29 15 nu
477 848 119 27 föreslagna
613 849 155 26 uteslutningen
784 849 41 20 blir
839 849 53 26 god-

65 878 62 23 känd,
151 877 66 21 mäste
238 877 36 26 jag
296 877 86 21 anhälla
396 879 32 18 att
443 877 7 20 i
466 879 65 19 annat
547 877 37 21 fall
600 878 35 20 tvä
650 877 39 21 ord
705 877 115 21 förändras.
850 877 43 21 Det

64 906 45 21 står
131 906 111 26 nemligen,
265 908 32 19 att
317 905 156 22 skollärarenes
488 906 7 21 i
511 905 72 22 landet
599 906 138 27 ,,betryckta
754 905 138 22 ekonomiska

65 934 100 27 ställning
189 934 66 21 måtte
277 934 93 26 ,lättas*.
401 933 67 22 Ordet
491 934 134 28 ,betryckta*
648 935 94 20 önskade
764 934 36 27 jag
823 934 68 21 blefve

65 963 102 21 uteslutet
189 963 39 20 och
251 963 69 20 säsom
344 969 25 14 en
392 962 53 27 följd
468 963 22 21 af
510 963 69 21 denna
602 963 130 26 uteslutning
747 963 67 21 skulle
831 963 62 21 ordet

64 991 87 27 ylättas*
173 991 77 21 ändras
266 991 31 21 till
314 991 151 28 ,förbättras'.
497 991 174 25 ,Skollärarenes
687 992 110 26 betryckta
812 992 80 21 ekono-

65 1020 68 21 miska
155 1020 113 27 ställning"
286 1022 24 19 är
326 1019 53 22 efter
395 1020 42 20 min
453 1019 52 22 fulla
521 1020 141 27 öfvertygelse
676 1020 46 21 icke
738 1021 65 20 annat
819 1022 26 19 än
861 1022 32 19 ett

65 1049 134 21 traditionelt
220 1050 43 19 sätt
281 1051 33 18 att
329 1048 50 26 tala,
396 1055 25 14 en
437 1048 124 21 traditionel
579 1049 115 27 klagovisa,
708 1055 45 15 som
770 1048 122 21 bibehållits

64 1077 46 22 frän
133 1077 25 21 de
181 1077 55 21 tider
257 1077 27 21 dä
299 1077 66 21 sädan
381 1077 77 26 klagan
475 1077 55 21 hade
545 1077 47 21 skäl
607 1078 33 20 för
655 1077 38 28 sig,
709 1077 80 22 hvilket
804 1083 89 16 numera

64 1106 47 21 icke
133 1107 24 19 är
181 1105 64 22 fallet.
276 1105 48 22 Men
349 1106 35 21 det
401 1105 146 22 traditionella
563 1106 74 27 plägar
653 1106 61 26 länge
731 1105 107 22 bibehälla
853 1106 39 26 sig,

65 1141 57 14 mera
145 1134 7 21 i
175 1134 89 21 Finland
284 1136 26 19 än
326 1134 7 21 i
349 1134 67 21 andra
431 1133 86 27 länder;
533 1135 40 20 och
589 1134 55 21 hvad
660 1141 45 15 som
721 1136 23 19 är
760 1134 133 22 traditionelt

64 1169 61 15 anses
141 1169 45 14 som
203 1165 31 18 ett
250 1163 75 26 axiom,
341 1163 91 20 hvilkets
448 1162 103 27 riktighet
567 1163 46 21 icke
629 1163 41 21 kan
686 1163 141 26 ifrägasättas.
847 1163 46 21 Allt

64 1193 24 19 är
109 1191 87 22 relativt
218 1191 39 21 här
279 1192 7 21 i
304 1191 92 27 verlden,
414 1191 39 21 och
469 1198 49 15 man
532 1192 89 27 jemföre
637 1191 72 22 derför
724 1198 26 15 en
765 1192 127 21 skollärares

64 1219 68 22 vilkor
155 1220 48 21 med
224 1220 67 21 andra
312 1221 145 26 tjenstemäns.
489 1220 28 21 Sä
531 1223 60 18 snart
606 1220 41 21 han
663 1220 128 27 legitimerat
806 1220 38 27 sig,
859 1221 33 20 fär

64 1248 42 22 han
129 1249 66 27 några
218 1249 65 27 dagar
306 1248 94 22 derefter
422 1248 43 22 fast
488 1249 135 27 anställning.
654 1249 33 21 Tn
703 1249 47 22 civil
765 1249 126 27 tjensteman

64 1277 40 21 har
126 1280 32 19 att
179 1278 105 26 genomgä
301 1278 51 20 tlere
368 1279 60 19 extra
443 1278 108 21 ordinarie
566 1278 108 26 tjensteär,
690 1280 52 19 utan
757 1278 69 26 nägon
842 1278 50 20 aflö-

65 1306 56 27 ning.
151 1306 44 22 När
211 1306 41 21 han
268 1306 65 21 sedan
349 1306 96 21 kommer
461 1306 32 21 till
509 1312 25 15 en
550 1306 58 27 lägre
625 1307 105 21 ordinarie
745 1307 58 26 grad,
819 1307 24 20 sä
858 1312 34 15 er-

64 1334 68 22 häller
154 1334 41 22 han
218 1341 26 15 en
265 1335 43 25 lön,
331 1335 48 21 med
402 1334 85 22 hvilken
504 1341 26 15 en
545 1335 111 21 människa
672 1335 92 21 hvarken
780 1335 41 21 kan
837 1334 57 22 lefva

65 1362 51 22 eller
138 1363 34 27 dö,
195 1363 39 21 och
251 1363 27 21 dä
294 1366 23 18 är
332 1363 42 21 han
390 1363 84 27 skyldig
489 1365 33 19 att
537 1363 34 21 för
586 1364 69 21 denna
670 1364 35 20 lön
721 1364 116 26 tjenstgöra
852 1363 42 21 tolf

65 1392 100 21 mänader
181 1404 27 3 —
223 1392 131 22 skolläraren
370 1392 96 21 deremot
481 1392 47 21 ätta
543 1392 102 22 mänader
660 1392 22 22 af
696 1392 52 22 äret.
778 1392 77 22 Detär
864 1392 29 26 pä

64 1420 79 22 sådana
158 1420 92 27 grunder
263 1422 39 25 jag
316 1420 96 22 anhåller
428 1422 32 20 att
476 1421 62 21 ordet
552 1421 136 27 ,betryckta*
705 1422 65 20 måtte
786 1422 50 25 utgå
852 1420 40 22 och

65 1448 60 22 ordet
140 1450 88 26 ,lättas*
244 1449 87 27 utbytas
346 1451 58 20 emot
420 1448 151 26 ,förbättras*.
